3972 6440
154 370 214 435 l3
1329 386 1509 450 νιτΑ
1551 385 1612 444 5.
1655 385 2173 448 THEOPIIANIS.
3341 391 3407 457 Μ

149 492 436 557 ὁμωνυμος
477 491 651 562 αὐτῷ,
701 494 844 548 πάνυ
885 494 1162 566 βάρϐαρος
1199 499 1294 551 καὶ
1337 498 1610 570 θηριώδης
1640 503 1719 553 τὸη

1838 501 1998 556 minis
2029 500 2149 566 fuit,
2179 499 2442 558 barbarus
2470 502 2694 558 omnino
2727 511 2886 573 alque
2927 504 3108 561 elfcris
3143 504 3405 568 moribus.

147 579 361 646 τρόπον,
397 581 615 634 καὶτοῦ
650 584 750 652 τῆς
789 585 1058 655 αἱρέσεως
1085 590 1328 658 σμήνους
1371 589 1642 660 σύμφρων
1672 607 1729 644 τε

145 673 230 722 καὶ
277 672 664 746 ἀντιλήπτωρ·
710 675 769 737 ὃς
817 677 906 730 διὰ
957 679 1056 748 τὴν
1094 681 1356 752 τοιαύτην
1406 677 1729 737 δυσσέϐειαν

144 763 520 832 ὁμοτράπεζος
567 765 646 834 τῷ
698 767 913 837 βασιλεῖ
966 771 1314 844 καθεκάστην
1374 774 1584 846 ὑπῆρχε
1637 777 1731 829 καὶ

143 851 286 916 φίλος
325 855 654 924 περιδέξιος.
684 860 796 912 Καὶ
832 860 898 932 δὴ
933 861 1123 932 μαθὼν
1149 864 1219 917 τὰ
1256 865 1384 934 περὶ
1413 867 1509 936 τῆς
1545 867 1731 930 οὐσίας

139 944 226 996 τοῦ
263 950 558 1015 μακαρίου,
609 951 860 1006 κελεύσει
931 954 1181 1025 βασιλικῇ
1231 957 1477 1028 συνεργῴ
1519 960 1729 1030 χρησά-

142 1051 321 1100 μενος,
357 1038 614 1105 ζευγνύει
659 1043 736 1113 τῷ
776 1044 1045 1115 Θεοφάνει
1080 1049 1181 1118 τὴν
1224 1050 1388 1102 αὐτοῦ
1418 1050 1725 1122 θυγατέρα’

138 1127 272 1197 ὅπερ
305 1127 398 1198 βίᾳ⁵
438 1131 531 1182 καὶ
564 1133 722 1202 μόλις
763 1137 902 1206 τάχα
929 1154 992 1206 γε
1035 1138 1124 1192 διὰ
1157 1139 1247 1191 τὸν
1270 1139 1365 1192 τοῦ
1400 1141 1730 1210 κρατοῦντος

141 1218 302 1284 φιὸδον
342 1220 586 1286 εἴξαντος
614 1227 709 1278 τοῦ
764 1226 1095 1297 Θεοφάνους,
1131 1229 1397 1299 ἐξήρτυτο
1441 1233 1508 1286 τά
1541 1233 1730 1302 ἐπιτή-

135 1307 251 1360 δεια
284 1310 362 1379 τῷ
397 1314 624 1386 γαμικῷ
661 1317 912 1388 θαλάμῳ.
941 1319 1064 1374 Τῶν
1096 1319 1188 1374 οὖν
1215 1322 1408 1375 αἰσίων
1443 1323 1729 1377 τελεσθέν-

135 1415 260 1463 ρων,
319 1403 564 1477 ἑσπέρας
623 1409 1078 1482 καταλαϐούσης,
1140 1414 1334 1483 μόνους
1387 1417 1442 1466 ἐν
1501 1416 1730 1493 οἰκίσκῳ

134 1493 476 1562 τερπνῷ·τόν
510 1514 566 1550 τε
605 1501 806 1571 εὐσεδῆ
834 1504 1049 1557 νεανίαν
1071 1507 1165 1559 καὶ
1198 1506 1295 1576 τὴν
1326 1507 1524 1560 εὐκλεᾶ
1561 1501 1728 1579 κόρην

135 1587 469 1654 εἰσάγουσιν,
504 1593 581 1656 ὡς
618 1595 687 1647 ἂν
713 1597 901 1659 αὐτοῖς
929 1597 1252 1666 ἐπιτηδείως
1287 1599 1401 1667 ἔχοι
1434 1600 1568 1668 πρὸς
1603 1601 1726 1670 ἡδο·

136 1675 229 1742 νῆς
261 1681 492 1748 τρόπον.
546 1684 710 1751 Σιγῆς
739 1686 796 1738 δὲ
845 1689 1168 1759 γενομένης,
1210 1691 1304 1744 καὶ
1336 1692 1554 1744 πάντων
1590 1691 1728 1757 ἀφυ-

140 1771 498 1838 πνωσάντων,
533 1777 729 1840 νυκτός
774 1795 836 1831 τε
891 1778 1115 1848 βαθείας
1147 1781 1517 1851 διαχυθείσης,
1561 1798 1725 1851 στρα-

133 1862 250 1926 φεὶς
274 1864 304 1915 ὁ
349 1867 649 1937 μακάριος,
690 1870 826 1940 φησὶ
855 1869 933 1940 τῷ
965 1874 1205 1941 κορασίῳ
1236 1873 1361 1926 τάδε
1384 1888 1398 1904 ·

1836 593 2186 662 litereticique
2212 594 2444 662 agminis
2491 594 2810 651 inﬁdelitate
2845 597 3044 664 socius,
3078 601 3409 654 auctoritate

1836 682 2133 738 defensor:
2174 698 2294 753 quae
2327 699 2449 740 eum
2495 685 2746 756 impietas
2790 687 2862 741 ita
2912 688 3224 757 imperatori
3274 703 3410 744 con—

1835 773 2058 838 ciliavit,
2093 784 2148 828 ut
2183 783 2239 827 et
2283 776 2564 830 convivam
2617 777 2992 846 quotidianum
3025 779 3090 833 ad
3140 795 3408 847 mensam,

1834 875 1889 918 et
1929 865 2162 919 amicum
2215 867 2267 919 in
2308 867 2558 923 omnibus
2604 868 3110 940 conjunctissimum
3162 873 3406 928 haberet.

1839 953 1960 1017 Hic.
1988 957 2076 1012 ubi
2121 967 2319 1027 quanta
2354 968 2500 1014 esset
2529 960 2671 1015 beati
2702 960 2916 1028 juvenis
2962 963 3235 1030 opulentia
3269 965 3409 1018 didi-

1835 1048 1930 1110 cit,
1990 1049 2149 1100 tiliani
2208 1063 2362 1104 suam
2413 1050 2730 1121 Theophani
2776 1054 2975 1120 junxit,
3048 1055 3412 1123 imperatoria

1826 1137 2090 1205 jnssionis
2121 1151 2328 1195 terrore
2363 1157 2494 1197 usus
2534 1145 2600 1198 ad
2635 1159 2728 1200 eas
2761 1148 2975 1213 nuptias
3003 1148 3372 1203 conciliandas
3394 1190 3408 1210 ,

1833 1228 2030 1296 quibus
2064 1243 2161 1299 pro
2200 1232 2480 1301 utriusque
2510 1233 2775 1304 dignitate
2805 1235 3099 1291 instructus
3125 1248 3207 1292 est
3236 1239 3411 1292 thala-

1834 1335 1954 1376 mus
1985 1321 2232 1391 genialis,
2265 1320 2595 1392 TheOphane
2638 1339 2778 1394 agre
2807 1326 3026 1395 quidem
3069 1337 3234 1397 atque
3271 1331 3408 1382 relu-

1832 1412 2066 1476 ctanter,
2098 1428 2162 1469 ex
2221 1425 2367 1468 metu
2413 1427 2592 1471 tamen
2637 1417 2980 1485 potentioris,
3017 1433 3080 1473 ea
3118 1430 3178 1472 ut
3223 1421 3414 1473 licreut

1833 1506 2200 1574 permittente.
2239 1505 2379 1576 Ergo
2411 1509 2725 1576 nuptiarum
2753 1510 3052 1564 'solemniis
3101 1511 3204 1565 rite
3235 1513 3415 1579 auspi-

1831 1605 2062 1663 catoque
2113 1596 2421 1662 celebratis,
2458 1613 2578 1651 cum
2623 1613 2820 1667 vesper
2871 1601 3232 1666 incubuisset,
3265 1604 3412 1670 pien-

1833 1685 2099 1739 tissimum
2133 1686 2386 1756 juvenem
2445 1699 2610 1759 atque
2669 1690 3094 1747 illustrissimam
3146 1695 3410 1762 virginem

1833 1781 1976 1835 solos
2028 1782 2290 1839 inducunt
2347 1784 2398 1837 in
2460 1785 2738 1848 conclave.
2782 1787 2848 1844 ad
2903 1789 3126 1845 delicias
3170 1791 3414 1859 voluptaa

1758 1861 1805 1920 B
1839 1883 2049 1943 temque
2087 1889 2151 1929 eo
2181 1892 2290 1946 quo
2326 1876 2575 1944 decebat,
2605 1888 2866 1949 apparatu
2920 1880 3264 1936 instructum.
3309 1883 3410 1940 Ubi

133 1950 252 2004 dum
283 1968 478 2010 omnes
505 1973 664 2026 snpor
694 1959 838 2015 altus
861 1971 914 2015 et
945 1978 1046 2016 nox
1080 1964 1346 2032 profunda
1386 1966 1490 2019 late
1521 1966 1712 2020 dill‘usa
1757 1974 1927 2033 tenet,
1963 1983 2061 2036 per
2130 1968 2220 2023 illa
2278 1971 2522 2026 consiliis
2571 1975 2684 2028 suis
2729 1987 3032 2046 Opportuna
3075 1974 3289 2030 silentia
3343 1979 3410 2029 ad

131 2042 356 2109 puellam
411 2061 707 2105 conversus
746 2051 1082 2118 adolescens,
1137 2069 1261 2110 eam
1320 2067 1404 2112 est
1456 2058 1507 2112 in
1569 2060 1711 2113 hunc
1753 2059 1968 2114 modum
2007 2061 2329 2115 allocutus:

196 2136 272 2190 θ’.
318 2138 378 2190 '0
440 2139 542 2208 μὲν
592 2141 787 2215 παρὼν
842 2145 976 2216 βίος,
1034 2143 1079 2202 ῶ
1137 2150 1316 2218 γύναι.
1369 2151 1597 2224 βραχὺς,
1647 2155 1722 2219 ὡς

134 2229 294 2282 πᾶσιν
326 2229 580 2301 εὔδηλον,
623 2235 720 2288 καὶ
751 2236 948 2308 άδηλίᾳ
976 2239 1070 2293 τοῦ
1107 2243 1399 2311 μέλλοντος
1430 2245 1594 2299 πλέον
1628 2264 1720 2300 κε-

132 2321 502 2390 κρατημένος,
537 2325 634 2378 καὶ
665 2327 850 2396 κρίσις
881 2329 1180 2394 ἀδέκαστος
1215 2334 1342 2396 τοὺς
1378 2336 1435 2386 ὲν
1478 2335 1614 2415 τῷηδε
1645 2335 1723 2406 τῷ

133 2407 226 2479 βίῳ
263 2410 584 2476 διαδέξεται
627 2416 1018 2488 εὖθηνοῦντας.
1073 2421 1380 2494 Τοιγαροῦν
1413 2424 1508 2478 καὶ
1554 2407 1590 2478 ’ὁ
1623 2427 1722 2494 γά-

132 2517 225 2569 μος
255 2504 358 2555 οὐκ
391 2504 706 2577 ἀπόϐλητος
736 2510 891 2580 παρὰ
916 2511 1033 2583 Θεῷ
1054 2528 1069 2542 ’
1101 2514 1215 2567 ἀλλ’
1239 2517 1296 2570 αι
1321 2511 1602 2587 φροντίδες
1627 2519 1720 2572 τοῦ

133 2591 264 2660 βίου,
300 2595 623 2652 άλλοιοῦσαι
657 2602 750 2654 τὸν
781 2603 966 2658 ἔνθεον
995 2606 1278 2677 λογισμὸν,
1310 2610 1410 2664 οὐκ
1459 2612 1589 2664 ἐῶσι
1619 2629 1721 2665 κα-

133 2683 309 2753 θαρῶς
348 2689 764 2762 ἀντοφθαλμεῖν
813 2695 949 2765 πρὸς
988 2697 1056 2749 τά
1106 2698 1386 2766 μέλλοντα.
1431 2702 1618 2770 Ἰσμεν
1662 2703 1721 2756 δὲ

131 2778 215 2828 καὶ
260 2780 354 2831 τὸν
409 2782 468 2833 ἐν
501 2783 861 2852 Εααγγελίοις
904 2789 1174 2859 Λάζαρον,
1230 2791 1318 2844 διὰ
1359 2793 1720 2862 στενοχωρίας

129 2866 224 2935 τῆς
262 2872 484 2925 ἐνθένδε
529 2874 622 2927 τοῦ
677 2878 935 2949 Ἀϐραὰμ
979 2882 1106 2944 τοὺς
1141 2883 1376 2945 κόλπους
1438 2883 1723 2954 κληρωσά-

131 2975 307 3024 μενον,
367 2966 594 3017 καὶτὸν
645 2970 702 3019 ἐν
743 2971 938 3039 γεέννῃ
991 2973 1388 3044 φλογιζόμενον
1440 2979 1718 3044 πλούσιον,

132 3051 261 3120 μηδὲ
288 3054 393 3123 τῆς
430 3057 569 3126 πρὸς
595 3059 759 3114 αὐτὸν
788 3062 882 3113 τοῦ
909 3065 1159 3134 Λαζάρου
1190 3067 1428 3134 ἀφίξεως
1462 3070 1721 3140 (ἔιξιούμεε⁵

133 3158 242 3206 νον,
297 3149 396 3198 καὶ
458 3151 721 3217 σταγόνος
783 3153 975 3221 ὕδατος
1026 3159 1430 3228 ἐστερημένον,
1487 3163 1583 3214 καὶ
1637 3165 1715 3227 τὸ,

136 3253 152 3284 t
216 3240 510 3304 Απέλαῦες
550 3243 620 3297 τὰ
660 3246 842 3313 ἀγαθά
881 3266 975 3301 σου
1004 3251 1061 3303 ὲν
1086 3253 1148 3321 τῇ
1182 3251 1296 3322 ζωῇ
1334 3271 1451 3319 σου,
1493 3275 1510 3308 ι
1554 3258 1721 3325 ἐγκα-

132 3326 411 3396 ὶούμενον.
450 3333 560 3387 Καὶ
602 3337 630 3386 ὁ
657 3338 1030 3410 Μακαρισμὸς
1074 3342 1370 3413 ὑπόσχεσιν
1411 3347 1629 3413 ἀγαθῶν
1657 3349 1718 3401 ού

1905 2153 1971 2212 ν.
2035 2155 2283 2212 Praesens
2343 2158 2564 2228 quidem
2621 2161 2752 2225 vita.
2805 2162 3003 2233 conjux
3059 2163 3408 2234 charissima,

1825 2247 2007 2303 brevis
2043 2259 2143 2313 cst,
2177 2256 2231 2303 ut
2283 2260 2468 2304 notum
2502 2251 2777 2318 omnibus,
2823 2263 2880 2309 et
2933 2270 3127 2324 magna
3176 2255 3412 2326 plerum-

1826 2353 1933 2406 que
1987 2337 2153 2392 l'uturi
2198 2340 2584 2395 iucertitudine
2619 2351 2864 2410 tenetur;
2910 2345 3176 2414 judicium
3226 2360 3408 2403 autem

1827 2442 2074 2484 severum
2106 2437 2289 2484 manet
2323 2445 2419 2485 eos
2449 2431 2539 2500 qui
2581 2432 2635 2486 in
2669 2432 2772 2488 hac
2806 2434 2915 2489 vita
2958 2435 3116 2501 bonis
3156 2447 3212 2493 et
3258 2442 3410 2494 volu-

1825 2520 2067 2588 ptatibus
2097 2516 2343 2576 afﬂuunt.
2397 2523 2545 2588 Ideo,
2586 2528 2837 2592 quamvis
2881 2530 3112 2600 coiijugii
3145 2547 3273 2586 usus
3304 2535 3409 2588 nti-

1828 2609 1973 2664 nime
2013 2611 2287 2680 rcjiciatur
2320 2628 2348 2666 a
2387 2612 2517 2676 Deo,
2568 2615 2698 2685 ipsa;
2732 2628 2936 2685 tamen,
2968 2637 3089 2691 qua:
3141 2638 3267 2679 eum
3312 2641 3409 2680 co-

1827 2700 2088 2754 mirantur
2114 2705 2293 2758 saeculi
2325 2719 2492 2771 cura,
2525 2707 2740 2776 plenam
2787 2710 2973 2766 divino
3019 2715 3211 2782 spiritu
3257 2733 3407 2772 meu-

1827 2797 1932 2844 tom
1966 2804 2230 2847 cvacuant
2257 2797 2628 2864 alienamque,
2663 2815 2760 2854 nec
2788 2803 2975 2857 sinunt
3028 2808 3177 2874 puris
3231 2810 3407 2866 oculis

1826 2883 2020 2939 intueri
2057 2885 2256 2941 l'ulttru.
2283 2887 2546 2945 Novitnus
2571 2891 2841 2948 Lazarum
2879 2897 2930 2950 in
2968 2896 3275 2969 Evangeliis
3311 2919 3407 2972 per

1824 2992 1940 3043 eas,
1970 2994 2105 3049 quas
2134 2980 2220 3034 hic
2252 2981 2501 3037 toleravit
2550 2986 2819 3053 miserias,
2863 2989 2914 3042 in
2946 2989 3182 3046 Abrahae
3225 2995 3405 3048 sinum

1825 3069 1991 3124 luisse
2042 3072 2309 3138 delatum;
2359 3085 2410 3128 et
2461 3076 2513 3129 in
2560 3078 2804 3146 gebenna
2865 3082 3146 3136 ardentem
3180 3084 3400 3140 divitem

1825 3175 1891 3214 ne
1923 3161 2022 3216 hoc
2055 3162 2274 3233 quidem
2307 3167 2558 3223 obtinere
2587 3170 2850 3238 potuisse,
2885 3183 2942 3227 ut
2980 3175 3047 3228 ad
3079 3189 3138 3230 se
3165 3176 3402 3232 dimitte-

1825 3263 1976 3305 retur
2010 3252 2249 3312 Lazarus
2284 3274 2296 3308 :
2332 3259 2442 3323 cui,
2478 3275 2600 3312 cum
2648 3262 2812 3314 etiam
2857 3278 3013 3331 aqua!
3051 3274 3201 3334 gutta
3241 3282 3408 3336 nega-

1831 3355 1998 3409 retur,
2027 3347 2154 3401 illud
2191 3347 2462 3406 funestum
2492 3352 2726 3409 insonuit
2759 3373 2771 3408 :
2803 3374 2821 3407 ι
2859 3356 3131 3428 Recepisti
3176 3361 3315 3416 bona
3352 3364 3408 3419 in

128 3425 234 3484 τοῖς
261 3427 322 3476 ἑν
345 3425 568 3495 πλούτῳ
596 3429 840 3498 κομῶσιν
868 3433 1229 3502 ὑπισχνεῖται,
1258 3436 1393 3490 ἀλλὰ
1419 3441 1529 3501 τοῖς
1559 3440 1720 3492 κλαύ-
1747 3419 1932 3492 ε’νῑιει
1963 3445 2048 3487 W3
2091 3439 2156 3488 ¹’·
2193 3457 2210 3489 ³
2247 3439 2435 3508 Νοτιυε
2472 3454 2598 3495 vero
2630 3458 2694 3497 ει
2743 3447 3072 3516 θνθηκειίοίε
3119 3452 3409 3508 bealill’di‘

132 3531 249 3568 σασι
278 3516 376 3569 νῦν
402 3518 488 3570 ὅτι
518 3521 633 3571 ἐκεῖ
659 3521 1008 3586 γελάσουσιν,
1036 3527 1146 3587 τοῖς
1183 3530 1418 3594 πτωχοῖς
1447 3529 1524 3598 τῷ
1558 3531 1720 3582 πνεύ-

132 3625 280 3674 ματι,
313 3611 429 3671 τοῖς
479 3609 865 3681 δεδιωγμένοις
896 3612 983 3666 διὰ
1025 3614 1400 3686 δικαιοσύνην,
1431 3622 1543 3681 τοῖς
1579 3623 1719 3673 ὀνει-

129 3701 433 3769 διζομένοις
461 3703 548 3756 διὰ
580 3705 850 3774 Χριστόν·
883 3709 978 3761 καὶ
1010 3711 1158 3777 ἆπαξ
1187 3711 1395 3774 ἁπλῶς,
1427 3713 1590 3782 στενὴ
1623 3716 1717 3768 καὶ

132 3794 466 3865 τεθλιμμένη
499 3798 532 3866 ἡ
564 3797 682 3861 ὁδὸς
709 3802 740 3868 ἠ
777 3802 1073 3870 ἀπάγουσα
1121 3804 1200 3865 εἰς
1233 3803 1333 3873 τῆν
1367 3802 1535 3875 ζωὴν,
1575 3805 1716 3858 πλαι-

131 3887 240 3938 τεία
260 3887 321 3939 δὲ
350 3888 447 3940 καὶ
479 3889 793 3958 εὐρύχωρος
822 3893 854 3960 ἡ
878 3894 1168 3961 ἀπάγουσα
1192 3897 1270 3957 είς
1293 3895 1389 3964 τὴν
1413 3895 1710 3950 ἀπώλειαν.

133 3978 239 4032 Οὐκ
274 3980 427 4033 ἔστιν
472 3979 568 4034 οὖν
609 3981 743 4034 ἄνευ
797 3982 1031 4050 θλίψεως
1082 3985 1401 4050 ὑπεξελθεῖν
1451 3990 1629 4057 ἡμᾶς·
1665 3991 1714 4042 εί

135 4071 225 4137 μὲν
252 4074 364 4142 γάρ
393 4073 454 4125 ὲν
484 4072 622 4144 τῷδε
663 4071 742 4143 τῷ
777 4071 878 4143 βίῳ
908 4077 1260 4144 χαρμονικῶς
1297 4077 1565 4146 διέξομεν,
1601 4078 1716 4131 θλί-

132 4162 216 4229 ιιις
245 4168 305 4217 ἐν
336 4166 416 4235 τῷ
459 4166 710 4237 μέλλοντι
756 4168 1060 4234 διαδέξεται
1104 4170 1274 4240 ἡμᾶς.
1317 4169 1459 4222 Ἀλλ’
1502 4173 1550 4224 εἰ
1589 4171 1714 4239 βού-

133 4254 227 4318 ὶ.ε.,
257 4257 446 4324 γύναι,
485 4261 685 4331 μικρὸν
724 4262 789 4330 τῇ
827 4260 988 4329 φύσει
1019 4262 1456 4331 κοινωνήσαντες
1488 4261 1575 4315 διὰ
1615 4263 1714 4333 τὴν

133 4348 218 4399 τοῦ
252 4348 350 4401 σοῦ
405 4352 615 4420 πατρὸς
653 4351 968 4418 αὐθάδειαν,
1015 4353 1323 4424 άπάρωμεν
1354 4354 1583 4417 ἑαυτοὺς
1612 4355 1712 4424 τῆς

135 4438 498 4512 βορϐορώδους
533 4442 741 4510 ταύτης
789 4446 886 4495 καὶ
935 4446 1215 4516 συρφετῆς
1263 4447 1562 4515 διαγωγῆς,
1617 4448 1711 4498 καὶ

132 4532 217 4585 τὸν
271 4533 491 4604 μονήρη
547 4532 662 4604 βίον
711 4535 1224 4604 κατασπασώμεθα,
1279 4537 1428 4598 ὅπως
1487 4536 1709 4588 αἰωνίου

132 4626 556 4698 εὐμοιρήσωμεν
586 4626 964 4692 ἀπολαύσεως.

1823 3525 1981 3579 nibus
2017 3524 2119 3577 ulla
2159 3529 2402 3581 continet
2451 3529 2717 3587 honorum
2767 3538 3185 3604 promissionem
3221 3543 3408 3599 diviti-

1824 3618 1922 3670 bus
1955 3618 2188 3684 factam;
2222 3621 2314 3672 sed
2343 3618 2595 3677 ﬂentibus
2625 3639 2788 3692 nunc,
2815 3628 2938 3696 quia
2967 3628 3092 3685 istic
3117 3634 3405 3705 ridebunt,

1823 3714 1916 3759 aut
1969 3710 2296 3776 pauperibus
2351 3713 2564 3781 spiritu,
2619 3726 2713 3770 aut
2764 3722 3196 3788 persecutionem
3243 3732 3410 3784 susti-

1823 3798 2082 3852 nentibus
2113 3802 2645 3870 proptcrjustitiam,
2679 3808 2763 3862 vel
2811 3814 3135 3867 contumelia
3185 3832 3409 3888 propter

1820 3887 2095 3943 Christum
2130 3888 2360 3946 allectis.
2397 3893 2572 3962 Atque
2603 3907 2660 3949 ut
2697 3914 2804 3952 uno
2827 3904 2997 3956 semel
3031 3907 3196 3962 verbo
3227 3887 3408 3966 absol-

1821 3999 1940 4038 vam
1972 4002 1986 4040 :
2028 4004 2046 4037 ι
2084 3987 2324 4057 Angusm
2371 4000 2614 4058 porta-et
2645 4005 2793 4048 arcta
2825 4006 2910 4051 est
2944 3998 3053 4064 via,
3083 4015 3202 4070 qua:
3255 4006 3407 4062 ducit

1820 4077 1885 4128 ad
1916 4078 2078 4132 vitam
2107 4096 2120 4132 :
2157 4079 2261 4133 lata
2312 4093 2438 4135 vero
2467 4092 2519 4136 et
2551 4085 2812 4152 spatiosa,
2847 4103 2968 4156 qua
3001 4093 3149 4146 ducit
3188 4095 3255 4150 ad
3279 4112 3406 4165 per-

1820 4169 2079 4223 ditionem
2105 4171 2144 4234 ³,
2184 4188 2201 4220 ι
2237 4172 2372 4226 adeo
2407 4184 2463 4228 ut
2512 4176 2849 4245 impossibile
2888 4184 3110 4238 omnino
3141 4187 3211 4239 sit
3246 4189 3405 4245 nobis

1822 4259 2222 4318 tribulationem
2265 4267 2515 4320 evadere.
2559 4265 2616 4321 Si
2658 4284 2894 4340 namque
2948 4274 2999 4342 in
3040 4275 3144 4332 hac
3179 4280 3287 4333 vita
3314 4280 3406 4348 ju-

1823 4354 1996 4408 cunde
2025 4355 2337 4420 vixerimus,
2374 4357 2430 4411 in
2475 4357 2653 4413 futura
2691 4377 2787 4416 nos
2831 4366 3107 4421 tribulatio
3140 4372 3399 4440 excipiet.

1821 4444 2186 4517 Quapropter,
2223 4450 2266 4503 si
2318 4450 2514 4518 placet,
2563 4453 2910 4520 charissima,
2961 4462 3284 4528 corporibus
3334 4469 3404 4519 ad

1823 4537 2091 4590 modicum
2124 4547 2335 4604 tempus
2373 4542 2642 4610 conjuncti
2670 4555 2889 4614 propter
2916 4552 3086 4616 patris
3131 4553 3206 4606 tui
3258 4554 3406 4609 inso-

1818 4628 2020 4682 lentem
2051 4629 2334 4696 ferociam,
2365 4633 2732 4692 subducemus
2781 4654 2882 4695 nos
2929 4641 3075 4710 ipsos
3107 4647 3404 4704 salebrosa

134 4719 248 4771 huic
323 4729 492 4788 atque
546 4717 844 4786 inquinata:
895 4720 1264 4786 conversioni,
1309 4724 1585 4791 vitamque
1634 4723 1994 4777 monasticam
2067 4723 2482 4795 amplectemur,
2551 4740 2608 4784 ut
2652 4742 2856 4786 aeterna
2909 4729 3137 4806 requie‘
3156 4740 3404 4808 perfrua-

130 4823 263 4862 mur.

197 4908 287 4972 ς’.
324 4907 391 4958 Τί
421 4903 516 4960 οὖν
549 4907 609 4960 τὸ
637 4907 860 4972 εὐσεϐὲς
883 4909 1141 4978 γύναιον;
1173 4909 1274 4962 οὐκ
1300 4909 1555 4964 ἀνένευσε
1581 4913 1715 4982 πρὸς

1895 4913 1982 4970 Vl.
2018 4915 2156 4981 Quid
2189 4919 2253 4971 ad
2307 4918 2419 4971 haec
2468 4918 2552 4988 pia
2589 4920 2822 4975 mulier?
2857 4939 2983 4979 num
3031 4929 3245 4983 renuit?
3273 4948 3399 4986 num

127 4997 291 5050 ταῦτα
314 5017 328 5062 ;
364 5000 466 5051 οὐκ
498 4995 618 5052 εἷπε
642 5001 709 5053 τά
740 5002 817 5071 μὴ
845 5001 1156 5073 καθήκοντα
1175 5018 1189 5034 ο
1216 5001 1282 5055 Τί
1311 5003 1370 5055 τὸ
1398 5002 1592 5066 κάλλος
1612 5004 1712 5073 τῆς

129 5090 260 5157 ἐμῆς
299 5091 562 5161 νεότητος
596 5094 971 5162 ἡμαύρωσαςς
1002 5094 1056 5145 τί
1107 5111 1211 5163 μου
1245 5094 1346 5163 τὴν
1380 5095 1549 5165 τύχην
1578 5094 1712 5148 ἀπέ-

130 5183 341 5246 κὶεισας
369 5200 383 5248 ;
417 5183 475 5235 τί
503 5185 603 5254 τὴν
633 5187 773 5255 ἐμὴν
797 5187 971 5256 χαρὰν
1001 5187 1076 5249 είς
1103 5185 1300 5255 θρῆνον
1326 5185 1667 5256 μετήλλαξας
1693 5205 1709 5255 ;

132 5274 186 5323 Ei
212 5277 383 5339 οὕτως
414 5279 656 5347 ηρετίσω
689 5278 756 5330 τὰ
795 5280 936 5331 κατὰ
975 5279 1192 5344 σαυτὸν,
1233 5281 1334 5333 οὐκ
1367 5276 1418 5332 εἴ
1461 5280 1622 5348 μόνος
1651 5283 1709 5332 ὲν

129 5369 370 5434 εἱγενέσι
431 5371 726 5439 νεώτεροςο
765 5369 872 5422 ἔδει
931 5371 1063 5436 γοῦν
1118 5388 1198 5436 σε,
1250 5372 1358 5442 πρὸ
1399 5373 1493 5423 τοῦ
1525 5371 1705 5440 γάμου

130 5462 519 5532 ἀπαγορεῦσαι,
587 5464 683 5514 καὶ
739 5464 815 5533 μὴ
868 5463 1112 5533 μαρᾶναί
1172 5481 1275 5533 μου
1327 5465 1387 5517 τὸ
1437 5463 1707 5518 ὲιανοσύν

135 5554 332 5617 καλλος.
371 5555 542 5608 υὺδεν
580 5553 830 5608 τοιοῦτον
850 5570 863 5583 ·
892 5553 1030 5607 ἀλλὰ
1054 5554 1140 5620 τί;
1181 5555 1392 5625 Ὥσπερ
1417 5573 1500 5618 τις
1527 5556 1707 5627 ἀγαθὴ

135 5650 196 5714 γῆ
235 5649 322 5701 τὸν
371 5647 579 5718 σπόρον
629 5645 908 5718 δεξαμένη
956 5645 1225 5716 πολύχουν
1279 5647 1566 5716 βλαστάνει
1617 5651 1707 5703 τὸν

153 5770 175 5808 ³⁵
223 5788 236 5801 ⁸
265 5782 395 5841 Luc.
427 5801 549 5851 ιη,
578 5782 680 5838 ‘25.
760 5782 780 5813 ³
821 5781 1009 5836 Matth.
1047 5797 1144 5846 vtt,
1176 5780 1260 5835 Η.

1817 5008 2019 5076 aliquid
2073 5018 2267 5076 prwtcr
2317 5011 2567 5065 decorem
2620 5012 2797 5069 locuta
2835 5018 2990 5071 :Cur
3042 5022 3279 5088 speciem
3309 5025 3400 5094 jn-

1819 5100 2062 5153 ventutis
2113 5115 2242 5152 ιιιριε
2291 5103 2574 5163 obscuras,
2603 5103 2770 5169 dixit;
2809 5121 3003 5175 tneque
3031 5120 3246 5177 sperata
3279 5111 3402 5169 mi-

1816 5197 1981 5246 citate
2007 5191 2325 5255 excludeus,
2359 5195 2614 5260 gaudium
2667 5212 2842 5252 meum
2889 5198 2945 5254 in
2991 5200 3226 5258 lamenta
3267 5223 3401 5262 con-

1815 5285 2022 5339 vertis?
2057 5283 2110 5336 Si
2143 5294 2196 5336 tu
2227 5287 2346 5350 hac,
2381 5301 2498 5355 qua:
2529 5289 2669 5343 dicta
2711 5298 2813 5352 est,
2858 5293 3068 5347 ratione
3109 5297 3267 5352 saluti
3319 5299 3398 5353 tui

1816 5377 2097 5431 consulere
2151 5378 2508 5446 decreveras,
2562 5397 2668 5434 non
2728 5391 2783 5435 tu
2837 5385 2983 5440 solus
3014 5387 3156 5443 inter
3186 5393 3399 5447 nobilcs

1818 5470 2221 5524 adolesceus'es
2242 5487 2254 5522 :
2278 5472 2563 5538 oportebat
2593 5487 2745 5542 ergo,
2771 5486 3056 5546 antequam
3086 5478 3396 5552 conjugiuin

1819 5563 2066 5626 iniretur,
2105 5563 2417 5616 renuntiare
2467 5567 2770 5633 sponsioni,
2821 5582 2919 5624 nec
2971 5584 3147 5626 meam
3207 5587 3394 5628 recent

1819 5649 2241 5706 eﬂlorescentem
2323 5653 2803 5720 pulchritudinem,
2885 5659 3030 5716 velut
3099 5663 3394 5720 marcidum
