3972 6428
565 363 624 422 l9
1826 368 2108 428 MENSIS
2143 369 2506 428 MARTlUS.
3759 376 3840 437 20

555 476 703 529 venit
737 475 936 528 ostium
977 493 988 528 :
1023 491 1084 530 ac
1135 477 1370 546 denique
1405 479 1452 530 ei
1486 495 1605 547 qua:
1632 482 1750 536 istic
1804 491 1888 537 est
1937 481 2139 552 regioni

2250 498 2372 550 μιον
2399 499 2410 511 ·
2444 483 2537 534 καὶ
2561 481 2787 552 πλησίον
2811 483 2996 536 λοιπὸν
3019 483 3119 553 τῆς
3141 483 3353 537 ἐκεῖθεν
3376 500 3667 557 γενομενος
3701 489 3840 558 γῆς,

555 566 1025 634 appropinquans,
1084 570 1378 638 tranquillo
1441 586 1602 627 cursu
1664 577 1767 630 iter
1824 575 2144 632 conﬁciebat

555 673 739 719 suum,
775 657 990 727 quando
1038 659 1277 714 lustrans
1328 673 1597 733 praerupta
1653 667 1789 732 eius,
1824 667 1916 736 qui
1963 667 2014 722 in
2053 667 2141 721 Si-

557 751 705 817 grina
738 759 839 813 est,
875 753 1072 806 montis
1098 751 1301 816 littora,
1330 753 1509 809 divina
1538 759 1768 826 quadam
1795 759 2138 828 providentia

556 839 804 906 profundi
861 842 1142 910 cujusdam
1200 844 1478 915 precipitii
1532 847 1711 902 lucum
1766 853 1993 917 invenit,
2036 850 2133 904 sil-

558 941 789 986 vestrein
819 934 976 1002 plane
1019 948 1080 987 ac
1105 951 1503 1002 cavernosum;
1551 939 1619 994 ad
1668 956 1827 1009 quem
1868 959 1896 995 e
1929 941 2144 1012 navigio

559 1023 921 1090 descendens,
955 1037 1116 1095 atque
1170 1031 1529 1083 exscensione
1585 1029 1748 1098 facta,
1781 1032 1928 1087 solus
1983 1035 2142 1090 taedio

559 1107 774 1168 itineris
801 1117 1109 1186 compulsus
1136 1120 1288 1182 abiit,
1322 1122 1539 1176 caeteris
1573 1122 1625 1176 in
1679 1126 1800 1178 navi
1845 1126 2139 1194 imperans,

557 1224 677 1260 sese
708 1218 762 1262 ut
795 1209 988 1262 ibidem
1021 1211 1186 1279 quieti
1219 1218 1620 1281 exspectarent.

632 1297 696 1353 Χ.
730 1297 1142 1370 Recognoscens
1178 1317 1302 1357 vero
1332 1305 1619 1374 diligenter
1650 1307 1846 1371 locum,
1881 1321 2042 1380 atque
2075 1316 2140 1366 ait

559 1391 981 1446 exercitationes
1009 1393 1233 1460 spiritus
1267 1395 1615 1463 peridoneum
1665 1397 1958 1470 utilemque
1991 1404 2140 1458 iuve-

558 1483 701 1540 nisse
763 1483 1000 1552 gavisus,
1052 1485 1102 1538 iu
1166 1497 1373 1554 partem
1425 1503 1545 1543 sese
1599 1501 1852 1548 oraturus
1914 1499 2138 1565 recepit,

562 1572 726 1626 Deum
779 1575 1093 1642 deprecans,
1133 1587 1207 1640 ut,
1241 1578 1380 1648 quod
1424 1582 1713 1649 expediens
1767 1596 1910 1638 esset
1951 1586 2001 1639 id
2038 1589 2141 1642 sibi

559 1663 843 1720 revelaret.
881 1665 1145 1721 Diuturna
1191 1680 1372 1725 autem
1410 1673 1700 1726 multarunt
1751 1677 2003 1731 horarum
2050 1694 2142 1745 ge-

556 1754 861 1811 nullexione
891 1758 1150 1814 deficiens
1178 1775 1300 1816 cum
1335 1763 1610 1829 paululum
1648 1767 1963 1832 resedisset,
1995 1770 2138 1823 velut

558 1846 612 1899 in
666 1851 863 1903 exstasi
925 1849 1098 1904 tactus
1154 1864 1255 1912 est.
1286 1857 1562 1923 oculisque
1613 1857 1958 1926 vigilantibus
2004 1861 2140 1914 vidit

556 1951 705 2002 eum,
738 1939 828 2005 qui
861 1939 1010 2005 prius
1052 1941 1103 1994 in
1144 1943 1382 1998 thalamo
1431 1945 1530 2000 sibi
1561 1959 1912 2015 apparuerat,
1961 1951 2139 2019 splen-

557 2027 899 2082 didissimum
941 2031 1143 2098 virum;
1180 2035 1270 2103 qui
1320 2049 1510 2092 manus
1557 2047 1792 2093 extenta:
1851 2042 2018 2110 digito
2060 2044 2141 2098 lo-

556 2137 677 2176 cum
718 2124 1008 2196 designans
1041 2144 1055 2181 :
1092 2128 1237 2184 Tuus
1260 2130 1500 2201 quidem,
1529 2133 1724 2202 inquit,
1781 2150 1956 2196 socer,
1995 2135 2136 2202 ejus-

557 2213 786 2282 demque
820 2230 944 2271 cum
1001 2235 1066 2273 eo
1103 2223 1300 2276 mentis
1341 2223 1638 2291 imperator
1687 2226 1826 2276 intra
1881 2229 2136 2294 exiguum

557 2312 769 2375 tempus
801 2320 866 2362 ex
912 2309 1012 2366 bac
1060 2311 1167 2364 vita
1211 2311 1539 2368 discedent:
1576 2322 1701 2367 tunc
1747 2321 1926 2369 autem
1985 2315 2140 2370 bonis

558 2395 687 2458 tuis.
737 2398 952 2456 nemine
981 2415 1038 2456 se
1061 2412 1386 2472 opponente,
1430 2403 1482 2456 in
1519 2418 1782 2475 pauperes
1821 2403 1989 2460 libere
2020 2407 2134 2460 dis-

561 2487 798 2554 tributis,
855 2493 963 2546 huc
1017 2493 1314 2549 adveniens
1367 2506 1640 2565 acceptam
1697 2498 1803 2552 Deo
1845 2499 2008 2554 vitam
2058 2499 2141 2554 iu-

559 2579 776 2637 stitues.
809 2581 922 2638 Hac
956 2583 1122 2656 igitur
1153 2587 1490 2658 apparitione
1536 2590 1758 2646 edoctus
1803 2591 1995 2650 beatus
2021 2609 2140 2661 quze

558 2673 626 2728 ad
649 2688 800 2728 suam
827 2677 1202 2735 conducebant
1229 2681 1537 2744 utilitatem,
1571 2691 1730 2751 atque
1755 2685 1819 2734 ad
1843 2682 2138 2750 Cyzicenas

556 2773 738 2834 partes
769 2767 929 2836 paulo
980 2778 1101 2839 post
1155 2770 1433 2838 appulsus,
1478 2771 1722 2840 injuncto
1773 2772 1873 2827 sibi
1925 2775 2139 2845 negotio

559 2858 720 2927 quam
756 2860 1019 2915 citissime
1066 2859 1336 2927 confecto,
1373 2873 1575 2918 rectum
1611 2863 2134 2938 Constantinopolim

559 2961 780 3005 cursum
815 2951 986 3008 tenuit
1019 2971 1031 3008 :
1065 2963 1120 3008 et
1150 2955 1502 3024 quaesitorum
1530 2969 1559 3009 a
1600 2972 1658 3011 se
1691 2971 1983 3026 congruam
2023 2958 2140 3013 red-

559 3039 695 3097 dens
741 3043 1056 3113 imperatori
1103 3046 1394 3112 rationem,
1427 3048 1604 3102 altiori
1653 3049 1815 3104 etiam
1853 3053 2019 3120 gradu
2059 3060 2143 3105 est

2247 573 2651 645 γαληνοδρομίᾳ
2684 575 2783 644 τὴν
2825 573 3054 645 πορείαν
3085 577 3344 643 ἐποιεῖτο,
3392 579 3838 648 καταμανθάνων

2244 665 2310 716 τα
2363 666 2688 734 κρημνώδεα
2731 665 2824 719 τοῦ
2873 668 2972 736 τῆς
3016 668 3310 738 Σιγριανῆς
3345 668 3505 738 ὅρους
3555 671 3835 741 παράλια.

2245 760 2403 812 Κατὰ
2438 757 2530 810 οὖν
2577 757 2728 811 θείαν
2769 759 2892 812 τινά
2925 760 3190 828 πρόνοιαν
3240 761 3652 832 καταλαμϐάνει
3707 766 3839 819 τινὰ

2249 848 2636 918 βαθύκρημνον
2666 850 2894 920 λόχμην.
2927 852 3145 921 ἀλσώδη
3177 869 3236 906 τε
3285 855 3379 906 καὶ
3412 855 3662 926 ἀντρὼδη
3685 873 3698 887 ·
3734 858 3840 911 καὶ

2247 937 2457 1000 ἀποσάς
2490 941 2545 989 ἐν
2573 937 2723 1006 αὐτῷ
2754 937 2861 990 ἀπὸ
2888 938 2981 991 τοῦ
3013 939 3221 1004 πλοίου,
3253 942 3412 1009 μόνος
3443 944 3508 1011 τῇ
3536 943 3837 1014 δυσχερείᾳ

2249 1027 2605 1097 βεὸιασμένος
2652 1027 2873 1097 ἀνῆλθε,
2924 1029 3037 1090 τοῖς
3076 1027 3256 1091 ἄλλοις
3299 1032 3598 1102 ἐπιτρέψας
3653 1035 3710 1085 ἐν
3751 1034 3838 1103 τῷ

2247 1119 2418 1188 πλοίῳ
2451 1121 2628 1190 ἡσυχῆ
2659 1120 2866 1190 μένειν.

2319 1302 2374 1355 ι’.
2409 1303 2698 1371 Διαμαθὼν
2746 1303 2801 1355 δέ
2832 1305 2919 1357 τὸν
2970 1307 3133 1359 τόπον
3183 1308 3448 1378 ἀκριϐῶς,
3494 1312 3587 1364 καὶ
3639 1311 3833 1376 ἡσθεὶς

2246 1394 2554 1462 ἐπιτήδειον
2587 1388 2728 1447 εῖναι
2771 1396 2905 1464 πρὸς
2943 1395 3181 1465 ψυχικὴν
3211 1399 3502 1468 ὠφέλειαν,
3529 1400 3837 1469 εὐξάμενος

2244 1487 2298 1537 δὲ
2333 1486 2452 1538 κατ’
2485 1487 2644 1551 ἰδίαν,
2683 1489 2774 1540 καὶ
2815 1489 2905 1540 τὸν
2940 1488 3072 1541 Θεὸν
3112 1489 3173 1542 τὸ
3221 1491 3505 1563 συμφέρον
3539 1494 3835 1559 ἱκετεύσας

2245 1579 2615 1647 ἀποκαλύψαι,
2642 1579 2938 1648 κεκμηκὼς
2964 1581 3017 1633 δέ
3052 1582 3116 1633 ἐκ
3146 1584 3242 1650 τῆς
3267 1583 3358 1634 ἐπὶ
3390 1584 3648 1644 πλείστας
3677 1584 3835 1654 ὧρας

2247 1672 2554 1740 γενομένης
2586 1673 2677 1724 ὑπ’
2706 1672 2872 1724 αὑτοῦ
2905 1674 3274 1740 γονυκ).ισίας,
3319 1675 3412 1726 καὶ
3442 1681 3634 1744 μικρὸν
3666 1679 3838 1737 καθε-

2247 1764 2420 1822 σθεὶς,
2457 1764 2530 1824 ὡς
2571 1765 2627 1813 ἐν
2693 1765 2945 1817 ἐκστάσει
2984 1767 3195 1832 γέγονε,
3251 1767 3343 1818 καὶ
3382 1769 3483 1838 ὁρᾷ
3520 1771 3837 1846 γρηγοροῦ-

2249 1874 2330 1908 σιν
2366 1856 2662 1924 ὀφθαλμοῖς
2693 1857 2784 1908 τὸν
2829 1857 3178 1924 προφανέντα
3211 1859 3360 1928 αὐτῷ
3400 1863 3457 1912 ἐν
3485 1863 3550 1928 τῇ
3593 1863 3835 1915 παστάδι

2245 1949 2508 2017 φωτοειδῆ
2536 1947 2728 2015 ἄνδρα,
2758 1949 2856 2016 τὴν
2887 1950 3041 2018 χεῖρα
3084 1949 3457 2017 ἐκτεταμένην
3484 1948 3700 2019 εχοντα.
3731 1957 3834 2006 καὶ⁵

2243 2039 2320 2108 τῷ
2354 2037 2604 2106 δακτύλῳ
2633 2038 2722 2090 τὸν
2743 2038 2910 2090 τόπον
2948 2035 3345 2092 ὑποδεικνύντα
3375 2041 3466 2091 καὶ
3493 2041 3628 2110 πρὸς
3661 2043 3836 2096 αὑτὸν

2243 2129 2470 2198 λέγοντα
2497 2147 2508 2158 ο
2551 2130 2610 2182 ’0
2645 2129 2743 2198 μὲν
2772 2129 2861 2186 σὸς
2887 2128 3178 2199 κηδεστὴς,
3205 2130 3342 2183 ἀλλά
3370 2132 3466 2184 καὶ
3499 2135 3524 2185 ὁ
3556 2132 3836 2201 σύμφρων

2244 2221 2412 2273 αὑτοῦ
2454 2221 2728 2290 βασιλεὺς,
2763 2223 2820 2272 ἐν
2847 2223 3055 2287 ὀλίγαις
3089 2222 3324 2290 ἡμέραις
3351 2222 3460 2274 τῶν
3492 2222 3614 2291 τῇδε
3639 2223 3834 2276 τελευ-

2245 2313 2511 2379 τήσαντες
2546 2309 2962 2379 ἀναχωροῦσιν
3015 2309 3109 2362 καὶ
3154 2310 3342 2364 λοιπὸν
3389 2313 3668 2384 παρρησίᾳ
3714 2316 3839 2377 τοῖς

2247 2402 2566 2471 πενομένοις
2614 2400 2724 2453 τῶν
2764 2401 3118 2471 ὑπαρχόντων
3151 2418 3233 2454 σοι
3267 2403 3366 2472 τὴν
3413 2403 3674 2473 διανομὴν
3707 2421 3840 2457 ποι-

2244 2493 2540 2564 ησάμενος,
2573 2491 2808 2544 ἐνταῦθα
2861 2491 3339 2560 παραγεινάμενος
3377 2490 3496 2559 Θεῷ
3525 2491 3837 2561 εὐαρεστή-

2246 2601 2378 2647 σεις.
2432 2582 2537 2635 Τοῦ
2564 2581 2657 2634 οὖν
2697 2581 2972 2652 μακαρίου
3008 2580 3096 2633 διά
3122 2583 3215 2650 τῆς
3251 2580 3548 2650 ἐμφανείας
3583 2581 3648 2633 τά
3679 2580 3837 2650 ἀίδτῷ

2247 2675 2589 2728 συντείνοντα
2637 2674 2775 2744 πρὸς
2802 2672 3074 2742 ὠφέλειαν
3111 2673 3405 2736 συνιέντος,
3445 2673 3538 2726 καὶ
3580 2672 3648 2724 τά
3679 2673 3828 2742 μέρη

2248 2768 2490 2832 Κυζίκου
2531 2765 2956 2833 καταλαϐόντος,
2989 2766 3064 2830 ὡς
3092 2767 3323 2835 τάχιστα
3361 2765 3416 2817 δέ
3448 2766 3507 2816 τὺ
3541 2763 3691 2832 αὑτῷ
3729 2781 3832 2814 κε-

2244 2861 2470 2915 λευσθὲν
2521 2857 2966 2930 περατώσαντος,
3017 2858 3202 2912 εὐθεῖά
3233 2875 3317 2919 τις
3369 2857 3714 2925 συνήργησεν
3766 2857 3831 2909 ἐν

2246 2953 2819 3010 Κωνσταντινουπόλει
2862 2949 3244 3020 παλινδρομία.
3274 2949 3384 3002 Καὶ
3411 2948 3475 3018 δὴ
3503 2947 3830 3015 πρεπόντως

2245 3043 2732 3112 ἀπολογησάμενος
2766 3040 2843 3111 τῷ
2887 3039 3097 3110 βασιλεῖ
3124 3039 3253 3110 περὶ
3283 3037 3392 3092 τῶν
3429 3036 3576 3107 αὐτῷ
3605 3038 3830 3105 ἐρωτωο

559 3134 626 3187 sb
661 3148 727 3189 eo
755 3134 1076 3203 honoratus,
1109 3147 1269 3207 atque
1295 3139 1432 3192 inter
1467 3139 1774 3208 spatliarios
1799 3140 1873 3209 (7)
1895 3141 2138 3206 allectus,

2251 3135 2448 3204 μένων,
2494 3131 2809 3202 ὑψηλοτέρῳ
2841 3131 2898 3184 δὲ
2952 3129 3147 3200 βαθμῷ
3190 3131 3308 3200 ἦτοι
3348 3130 3456 3184 τῶν
3505 3126 3831 3197 σπαθαρίων

562 3223 760 3279 ibidem
796 3226 996 3282 deinde
1026 3226 1178 3292 vixit,
1223 3242 1345 3282 cum
1369 3244 1567 3299 sponsa
1600 3231 1916 3297 praestolans
1933 3231 2145 3286 exitum-

562 3314 807 3385 sisionis,
836 3333 998 3390 quem
1025 3328 1080 3374 et
1105 3320 1451 3382 subsecutum
1488 3323 1639 3379 vidit.

2246 3226 2324 3296 τῷ
2355 3226 2643 3294 καταλόγῳ
2673 3225 2777 3277 ὑπ’)
2805 3222 2900 3274 τοῦ
2937 3222 3200 3291 βασιλέως
3249 3222 3524 3290 τιμηθεὶς,
3553 3219 3700 3287 διῆγε
3731 3219 3831 3272 τὸν

2241 3319 2428 3372 λοιπὸν
2456 3315 2692 3387 (χρόνον)
2728 3314 3056 3387 προσμένων
3088 3314 3157 3366 τὰ
3183 3313 3283 3383 τῆς
3313 3312 3581 3375 ὀπτασίας
3615 3313 3691 3374 είς
3724 3313 3828 3364 πέο

2245 3430 2342 3484 ρας
2373 3410 2721 3475 ἐληλακέναι,
2765 3407 2793 3461 ὃ
2818 3409 2912 3463 καὶ
2940 3408 3148 3478 γέγονε.

2061 3573 2285 3629 CAPUT
2323 3573 2383 3626 ΙΙ.

1319 3711 1647 3778 Theophanis
1674 3713 2023 3764 monac/talus
2054 3721 2101 3762 et
2130 3725 2223 3778 pro
2263 3709 2553 3778 imaginum
2597 3709 2742 3760 cultu
2783 3710 3070 3761 certamina

638 3851 728 3907 XI.
755 3851 940 3918 Neque
986 3847 1130 3902 enim
1184 3847 1408 3901 multum
1448 3845 1655 3900 ellluxit
1705 3848 1984 3916 temporis,
2013 3849 2142 3917 quin

566 3945 724 3998 ﬁnem
769 3948 994 4009 uterque
1041 3935 1254 3993 vivendi
1291 3937 1512 4002 faciens,
1552 3937 1766 4008 plenam
1815 3938 1943 4007 ipsis
1978 3939 2143 3991 relin-

562 4045 753 4109 queret
787 4034 1114 4095 libertatem,
1153 4031 1265 4086 suis
1317 4047 1415 4100 pro
1449 4032 1676 4086 arbitrio
1725 4033 1886 4086 rebus
1918 4031 2137 4096 utendi;

561 4143 699 4200 quas
731 4126 989 4181 continuo
1043 4122 1184 4176 inter
1239 4135 1500 4190 pauperes
1553 4121 1872 4185 diviserunt,
1922 4119 2140 4173 i‘anmlis

561 4221 724 4276 etiam
765 4215 1078 4272 domesticis
1124 4213 1375 4270 libertate
1409 4213 1627 4269 donatis
1657 4233 1667 4266 ς
1698 4212 1802 4283 ipsi
1833 4223 1957 4268 vero
2007 4228 2136 4282 pan-

565 4328 694 4368 noso
725 4309 901 4366 induti
942 4309 1131 4364 habitu
1173 4307 1278 4363 sibi
1325 4309 1556 4361 invicem
1603 4306 1945 4371 valedixere;
1981 4310 2139 4362 beato

565 4405 681 4462 viro
726 4405 1008 4462 mulierem
1050 4403 1195 4475 piam
1241 4401 1598 4458 confirmante
1630 4400 1848 4456 monitis
1883 4399 2135 4454 salutari-

566 4505 684 4565 bus,
747 4507 806 4552 ut
853 4496 1032 4551 divina
1084 4498 1400 4550 observaret
1458 4493 1730 4556 mandata,
1789 4491 2134 4562 spiritualem

2321 3847 2420 3899 IA'.
2467 3847 2684 3900 Μετ’οὑ
2731 3845 2864 3900 πολὺ
2910 3847 3019 3914 γὰρ
3062 3844 3286 3914 ἡμερῶν
3331 3845 3632 3910 διάστημα,
3677 3843 3831 3898 τέλει

2248 3937 2339 3988 τοῦ
2373 3935 2489 4004 βίον
2526 3938 2891 4005 χρησαμένων
2925 3936 3274 4003 ἀμφοτέρων,
3313 3933 3412 4006 ήδη
3438 3934 3623 3986 λοιπὸν
3651 3934 3828 3998 ἀδεῶς

2247 4032 2315 4083 τὰ
2356 4030 2673 4099 ὑπάρχοντα
2713 4027 2895 4090 αὐτοῖς
2938 4028 3049 4090 τοῖς
3081 4027 3404 4096 πενομένοις
3437 4027 3833 4096 διανενεμηκὸ-

2247 4139 2358 4186 τες,
2397 4119 2682 4191 ἐλευθερίᾳ
2712 4118 2768 4173 δὲ
2803 4120 2923 4182 τοὺς
2960 4120 3177 4182 οίκέτας
3210 4118 3694 4188 ἀποπεμψάμενοι,
3741 4121 3833 4172 tv-

2247 4213 2467 4267 δύονται
2517 4213 2703 4267 λοιπὸν
2753 4212 2971 4283 ρακώδη
3021 4213 3223 4282 ἀμφια,
3287 4214 3379 4265 καὶ
3434 4211 3833 4281 συνταξάμενοι

2247 4306 2531 4375 ἀλλήλοις..
2573 4303 2876 4364 νουθεσίαις
2908 4318 2964 4354 τε
3009 4302 3104 4354 τοῦ
3167 4303 3438 4373 μακαρίου
3487 4303 3851 4370 καταστηρί-,

2251 4378 2438 4460 gms;
2460 4397 2558 4467 τὴν
2589 4395 2786 4466 εὐσεϐῆ
2818 4395 3068 4463 γυναῖκα,
3093 4399 3282 4466 τηρεῖν
3309 4396 3405 4458 τὰς
3433 4395 3582 4460 θείας
3605 4396 3832 4461 ἐντολὰς

2250 4490 2342 4544 καὶ
2374 4491 2597 4562 ἀγάπην
2631 4491 3006 4562 πνευματικὴν
3028 4491 3086 4543 ἐν
3113 4493 3222 4553 τοῖς
3251 4489 3477 4560 πλησίον
3502 4489 3825 4561 κεκτῆσθαι,

565 4601 691 4656 erga
723 4585 1026 4657 proximum
1057 4592 1335 4638 exerceret
1375 4581 1720 4646 charitatem,
1757 4581 1988 4635 orationi
2023 4581 2136 4636 siu-

2250 4585 2560 4655 προσευχήν
2609 4600 2667 4637 τε
2703 4581 2972 4654 εἱλικρινῆ
3022 4584 3116 4636 καὶ
3161 4582 3536 4652 ἀρέμσαστον,
3577 4585 3670 4636 καὶ
3711 4583 3831 4653 βίον

562 4694 705 4736 ceras
764 4687 928 4746 atque
999 4673 1400 4745 imperturbata
1461 4682 1675 4728 vacaret
1752 4687 1850 4742 pro
1909 4672 2138 4739 viribus,

564 4771 730 4824 vitam
765 4767 1319 4840 irrepreltensibilem,
1351 4781 1726 4834 summamque
1781 4775 1991 4820 teneret
2037 4767 2138 4820 ltu-

567 4864 872 4927 militatem,
925 4861 1087 4932 eique
1138 4859 1192 4915 in
1252 4873 1464 4915 recessu
1516 4857 1731 4915 dicente
1773 4876 1787 4912 :
1837 4876 1856 4910 ι
1914 4857 2143 4914 Salvans

564 4954 709 5008 salva
761 4953 1002 5007 animam
1063 4961 1230 5006 tuam.
1277 4967 1296 5002 ι
1347 4949 1424 5005 lta
1459 4949 1533 5004 illi
1590 4951 1841 5005 convictu
1900 4959 2027 5005 sunt
2077 4949 2146 5004 ab

568 5047 796 5101 invicem
855 5044 1091 5116 separati
1147 5061 1160 5097 :
1213 5043 1427 5111 qualem
1486 5052 1665 5099 autem
1710 5044 1874 5098 vitam
1926 5045 2145 5098 duxerit

567 5139 904 5202 pientissima
957 5138 1045 5191 illa
1100 5135 1295 5191 mulier
1355 5145 1552 5191 norunt
1603 5152 1812 5200 omnes,
1879 5147 2143 5208 quotquot

641 5279 718 5348 (7)
750 5280 830 5333 ita
861 5279 988 5349 dicti
1039 5295 1068 5334 a
1117 5279 1350 5346 spathis,
1383 5279 1436 5334 id
1469 5287 1552 5333 est
1598 5279 1876 5336 latioribus
1935 5284 2148 5349 gladiis,

568 5364 703 5418 quos
753 5348 1072 5421 gestabant,
1093 5349 1405 5421 imperatori
1460 5351 1524 5404 ad
1569 5353 1866 5421 custodiam
1908 5348 2151 5421 corporis

567 5420 936 5494 circumpositi
991 5420 1200 5474 nobiles
1244 5438 1257 5473 :
1292 5435 1520 5494 quorum
1558 5420 2150 5494 praefectiprotOSpa-

568 5489 730 5574 tbarji
779 5488 1123 5574 noritinaontnlt
1209 5501 1286 5574 et.
1311 5488 1490 5560 plures
1550 5488 1717 5574 fuisse
1762 5488 1963 5574 colligit
2007 5488 2150 5574 οδω-

568 5574 638 5631 ex
668 5558 944 5614 Eustratio
992 5557 1044 5614 in
1079 5557 1212 5614 lure
1244 5557 1547 5616 Gr'wcorum
1581 5570 1814 5631 quatuor
1858 5557 2148 5631 simulato-

569 5629 954 5701 Ininantezex
1010 5643 1119 5701 quo
1182 5641 1357 5686 tamen
1416 5646 1520 5686 nou
1585 5629 1714 5701 puto
1769 5644 1911 5687 recte
1958 5629 2146 5688 deduci

569 5712 761 5752 omnes
808 5699 1132 5770 spatbarios
1168 5699 1601 5770 urotospatharii‘
1645 5701 1800 5756 titulo
1849 5703 2144 5758 liouestiori

574 5769 918 5824 consuevisse
967 5768 1225 5839 appellari
1265 5787 1278 5823 :
1323 5768 1507 5840 quidni
1541 5772 1684 5826 enim
1736 5775 1998 5842 Spalhat‘ll
2032 5790 2146 5829 ma-

2250 4677 2719 4744 ἀκαταίσχυντον,
2773 4679 2867 4728 καὶ
2911 4675 3088 4742 ἄκραν
3149 4673 3499 4739 ταπείνωσιν,
3550 4676 3829 4729 ἀπέλυσεν

2252 4767 2422 4836 αὐτὴν
2452 4769 2510 4817 ἐν
2543 4767 2736 4837 εἰρήνῃ
2761 4766 2930 4819 είπών
2952 4781 2966 4796 ·
3002 4782 3020 4816 ι
3049 4765 3304 4830 Σὼζουσα
3327 4766 3467 4830 σῶζε
3500 4767 3597 4837 τὴν
3621 4768 3830 4835 ἑαυτῆς

2249 4859 2448 4931 ψυχήν.
2489 4877 2508 4911 s
2543 4857 2977 4929 ’Δλλοτριοῦνται
3009 4858 3189 4912 τοίνυν
3235 4859 3332 4927 τῆς
3366 4858 3504 4926 πρὸς
3560 4859 3828 4930 ἀλλήλους

2250 4951 2620 5022 ἀναστροφῆς.
2666 4950 2884 5004 Ὀποϊον
2924 4950 2980 5002 δὲ
3018 4951 3131 5020 βίον
3173 4949 3474 5021 ἐξήσκησεν
3519 4953 3552 5021 ἡ
3593 4950 3828 5022 εὐσεϐὴς

2251 5042 2393 5112 αὕτη
2422 5043 2583 5112 γυνὴ,
2620 5042 2772 5095 ῐσασι
2821 5043 3021 5105 πάντες
3057 5043 3106 5094 oi
3137 5042 3234 5112 τὴν
3276 5041 3518 5095 Βιθυνῶν
3549 5042 3829 5106 οῗκοῢντες

2250 5137 2458 5208 χώραν,
2481 5134 2628 5199 ὅπως
2651 5133 2913 5197 ἑκουσίως
2937 5134 3172 5207 ἐπράθη,
3200 5135 3293 5187 καὶ
3315 5134 3564 5206 δουλικὴν
3593 5137 3828 5207 μετῆλθε

2253 5282 2357 5352 jori
2390 5297 2614 5336 numero
2650 5279 2882 5346 fuerint;
2915 5280 3108 5349 quibus
3135 5281 3184 5334 in
3218 5282 3491 5335 centurias
3520 5279 3829 5352 distributis

2249 5350 2331 5405 Sui
2382 5356 2480 5405 sub
2523 5367 2634 5406 uno
2688 5354 2863 5414 capite
2912 5352 3260 5406 centuriones
3299 5362 3500 5413 essent,
3533 5350 3824 5419 etiamipsi

2252 5420 2332 5475 vel
2387 5422 2649 5491 spatltarii
2701 5422 2783 5474 vel
2833 5421 3254 5490 protospatliarii
3297 5421 3593 5476 nominati?
3638 5420 3824 5488 quidni

2248 5493 2430 5562 plures
2463 5509 2565 5546 non
2603 5492 2668 5546 ad
2703 5491 3083 5562 ministerium,
3111 5491 3213 5562 sed
3233 5493 3300 5544 ad
3350 5491 3669 5562 dignitatem
3717 5491 3826 5562 lue-

2251 5560 2355 5617 i'iut
2383 5562 2802 5639 protosputliarii
2833 5561 2999 5639 dicti;
3050 5575 3173 5639 cu_m
3206 5561 3288 5639 liis
3334 5576 3476 5639 saepe
3516 5560 3824 5639 provincias

2246 5629 2588 5688 commissas
2643 5631 2925 5701 legamus?
2963 5641 3031 5701 ut
3101 5631 3354 5701 Sergium
3406 5629 3554 5685 illum
3624 5629 3826 5686 Sicilia:

2246 5704 2435 5761 ducem
2469 5707 2567 5760 sub
2597 5700 2772 5759 Leone
2807 5700 3044 5758 Isaurico
3073 5704 3212 5772 apud
3245 5700 3651 5770 Theophanem.
