3972 6434
184 372 249 431 33
1448 366 1489 426 V
1506 364 1628 424 [ΤΑ
1671 365 1729 424 S.

1859 360 2125 424 lNGlNl.
3373 359 3446 426 34

184 484 490 546 καθίστατο,
533 483 950 553 συκοφαντῆσαι
994 479 1230 551 Χριστὸν
1274 478 1347 541 ώς
1372 476 1651 532 κλαπέντα
1682 476 1750 547 μὴ

1862 476 2093 531 tinuerit
2174 475 2496 533 calumniari
2575 477 2887 544 Christum,
2965 488 3223 550 tanquam
3302 478 3444 532 furto

180 581 569 649 ἀνασχόμενος·
608 576 909 647 ἐλευθερίῳ
941 576 999 628 δὲ
1030 574 1235 642 μᾶλλον
1269 573 1363 626 καὶ
1409 572 1626 641 γλώττῃ
1659 572 1754 624 καὶ

182 672 361 743 γνώμῃ
418 673 584 724 αὐτὸν
624 668 978 739 ἀνακηρύξας
1010 664 1265 736 ἀληῠινὺν
1313 664 1405 717 καὶ
1439 667 1502 716 ἐκ
1545 662 1754 733 νεκρῶν

180 766 468 836 ἐγηγέρθαι
528 764 1014 835 βεϐαιωσάμενος·
1067 761 1191 814 ὅθεν
1218 759 1381 820 αὑτός
1410 775 1468 810 τε
1522 757 1755 818 Πιλάτος

180 860 264 912 καὶ
316 860 367 910 oi
428 858 530 926 τῆς
588 855 921 923 συναγωγῆς
979 851 1251 906 Ἰουδαίων
1305 852 1631 918 ἐξάρχοντες
1662 848 1755 902 τὸν

181 950 383 1016 φθόνον,
438 948 498 1001 ὃν
547 948 819 1017 πρότερον
883 944 1029 1016 εἶχον
1078 946 1218 997 κατά
1267 941 1506 1015 Χριστοῦ
1555 943 1649 995 καὶ
1688 945 1754 1010 ῆν

178 1041 356 1095 ὤδινον
390 1040 508 1093 κατ’
540 1038 708 1092 αὐτοῦ
743 1039 962 1108 μανίαν,
1001 1037 1208 1105 ταύτην
1230 1038 1310 1098 εἰς
1341 1036 1607 1103 Λογγῖνον
1657 1031 1755 1085 νῦν

182 1132 599 1201 μεταφέρουσιν,
638 1130 814 1193 οὕτως
856 1129 1063 1198 ἀγρίως
1112 1128 1265 1197 αύτῷ
1306 1126 1751 1197 χαλεπαίνοντες,

176 1228 244 1287 ὡς
274 1225 399 1295 μηδ’
428 1225 492 1278 ἂν
513 1225 549 1294 ἢ
572 1241 621 1277 τι
647 1225 744 1277 καὶ
771 1222 933 1276 πάθοι
962 1222 1225 1289 Λογγῖνος
1261 1218 1417 1283 ἀξίαν
1452 1215 1614 1271 αὐτὸν
1638 1217 1752 1268 slo-

177 1316 484 1387 πράξασθαι
514 1316 792 1387 τιμωρίαν
816 1313 1154 1383 ποιούμενοι.
1175 1309 1459 1364 Ἐντεῦθεν
1484 1312 1561 1372 είς
1581 1308 1752 1373 ἀκοὰς

176 1409 290 1475 ﬁat
327 1406 583 1475 Λογγίνῳ
635 1407 697 1458 τὸ
731 1406 993 1473 πρᾶγμα,
1042 1404 1137 1455 καὶ
1170 1399 1310 1470 δῆλα
1338 1400 1410 1453 τὰ
1441 1398 1541 1468 τῆς
1582 1400 1754 1469 ὀργῆς

178 1504 429 1568 ἐγίνοντο,
487 1497 700 1552 καὶδιά
751 1497 915 1550 τοῦτο
981 1492 1492 1566 παραρῤιπτεῖσθαι
1550 1490 1754 1561 μᾶλλον

178 1593 390 1664 Χριστῷ
421 1593 457 1661 ἦ
494 1595 609 1653 τοῖς
637 1590 746 1642 τῶν
780 1588 1051 1642 Ἰουδαίων
1072 1587 1244 1639 οίκεῖν
1269 1584 1593 1655 σκηνώμασι
1617 1599 1752 1651 προ-

179 1684 536 1753 ῡυμούμενος,
555 1686 622 1751 τῇ
638 1681 735 1733 τοῦ
756 1679 1071 1748 ἀξιώματος
1100 1676 1335 1747 χλαμύδι
1373 1679 1465 1728 καὶ
1492 1675 1638 1746 ζώνῃ
1661 1675 1754 1727 καὶ

174 1777 264 1846 τὴν
313 1774 611 1845 στρατείαν
643 1774 839 1838 αὐτὴν,
873 1770 1034 1833 εὐθὺς
1060 1770 1138 1833 ώς
1185 1766 1298 1838 είχε
1329 1768 1750 1830 συναποδύεται,

174 1872 259 1921 καὶ
288 1868 380 1921 δύο
410 1870 568 1928 τινάς
592 1866 683 1919 τὸν
710 1866 900 1935 ὅμοιον
947 1862 1099 1933 αὐτῷ
1124 1862 1287 1932 ζῆλον
1322 1860 1465 1931 ὑπὲρ
1513 1858 1754 1930 Χριστοῦ

176 1964 259 2014 καὶ
286 1962 384 2029 τῆς
410 1960 680 2030 ἀληθείας
735 1957 960 2027 [κοντας
1028 1955 1366 2025 παραλαϐὼν
1392 1942 1754 2023 στρατιώτας,

174 2054 260 2112 τὰς
292 2051 437 2104 κατὰ
472 2050 679 2118 πλῆθος
706 2048 948 2100 ἐκκλίνει
971 2046 1279 2115 διατριϐὰς,
1314 2050 1407 2098 καὶ
1430 2046 1565 2099 Θεοῦ
1589 2046 1752 2115 μόνου

174 2143 259 2193 καὶ
296 2140 499 2194 ἑαυτοῦ
534 2140 769 2207 γίνεται.

238 2253 305 2306 Γ¹.
327 2253 404 2306 Οῦ
426 2254 567 2305 πολὺ
586 2253 643 2305 δὲ
663 2252 722 2303 τὸ
742 2253 802 2303 ἐν
824 2253 890 2319 μέ
902 2268 998 2321 σῳ,
1017 2250 1110 2303 καὶ
1130 2250 1229 2321 τὴν
1244 2250 1601 2321 Ἰερουσαλὴμ
1619 2250 1757 2303 ἀπο-

174 2345 353 2407 λιπὼν,
389 2348 474 2408 εἰς
506 2348 609 2414 τὴν
638 2343 1029 2397 Καππαδοκῶν
1053 2344 1385 2408 ἀφικνεῖται,
1420 2343 1595 2411 κῆρυξ
1617 2340 1753 2412 όμοῦ

172 2441 257 2491 καὶ
282 2436 587 2499 ἀπόστολος
618 2436 728 2488 τῶν
753 2435 850 2488 τοῦ
885 2435 1122 2505 Χριστοῦ
1158 2434 1481 2503 παραδόξων
1507 2435 1599 2486 καὶ
1623 2434 1755 2486 θαυ-

173 2532 383 2599 μαστῶν
415 2533 600 2603 ἔργων
634 2532 852 2600 συνάμα
882 2532 996 2593 τοῖς
1032 2530 1155 2583 δυσὶ
1200 2528 1569 2599 στρατιώταις
1601 2528 1753 2597 γινό-

174 2645 341 2697 μενος.
386 2630 481 2691 Ὠς
513 2624 610 2679 οῦν
637 2626 846 2679 τούτων
875 2627 1028 2680 οὐδὲν
1083 2621 1209 2688 τοὺς
1270 2625 1558 2688 ἰουδιίους
1598 2626 1755 2679 ἑλάν-

172 2721 339 2787 θανεν,
393 2721 494 2776 ἅτε
533 2722 633 2791 τῆς
689 2721 881 2790 φήμης
940 2721 1021 2782 είς
1062 2721 1273 2780 πάντας
1336 2719 1426 2771 τὸν
1488 2720 1754 2785 Λογγῖνον

172 2809 653 2880 παραπεμπούσης
714 2810 805 2861 καὶ¹
843 2801 933 2861 οἷά
989 2824 1134 2866 τινος
1199 2808 1513 2877 ὑποπτέρου
1572 2809 1753 2859 πᾶσαν

172 2902 345 2971 σχεδὸν
378 2900 786 2971 διατρεχούσης
813 2900 911 2970 τὴν
942 2900 1397 2970 οἰκουμένην,είς
1425 2898 1587 2951 ταὺτὸ
1624 2914 1753 2949 συν-

170 2994 430 3057 ελθόντες,
463 2994 724 3045 πείθουσι
768 2994 999 3047 Πιλᾶτον
1032 2996 1319 3049 κατειπεῖν
1353 2993 1621 3061 Λογγίνου
1658 2991 1754 3045 καὶ

170 3086 401 3153 σημᾶναι
462 3084 550 3153 τῷ
602 3084 868 3152 Καίσαρι,
903 3084 983 3137 ὅτι
1013 3100 1071 3137 τε
1116 3085 1374 3155 ἀλλότρια
1415 3084 1630 3155 φρονῶν
1664 3084 1751 3154 εἴη

167 3176 257 3245 τῆς
294 3177 594 3247 Ῥωμαίων
628 3175 927 3246 βασιλείας,
958 3176 1053 3229 καὶ
1089 3178 1172 3229 ὅτι
1199 3177 1307 3229 τῶν
1337 3177 1519 3229 ὃπλων
1546 3177 1754 3247 ἀμελή-
1779 3186 1824 3245 c

170 3285 277 3334 σας,
306 3269 553 3338 Χριστόν
599 3284 723 3320 τινα
781 3266 1052 3337 κηρύσσει
1109 3266 1337 3337 βασιλέα
1383 3268 1495 3330 τοῖς
1545 3266 1747 3329 ἔθνεσι,

169 3360 455 3413 κάντεῦθεν
480 3361 699 3421 πάντας
726 3358 1161 3430 ὑποποιούμενος
1198 3360 1335 3429 πρὸς
1364 3360 1464 3430 τὴν
1505 3360 1584 3421 είς
1609 3361 1753 3411 εκεί-

168 3470 246 3506 νον
272 3455 456 3509 πίστιν
480 3455 784 3521 ἐφέλκεται
808 3469 822 3483 ο
847 3456 1171 3525 τεκμήριον,
1206 3455 1362 3525 φασὶ,
1394 3454 1504 3506 τῶν
1522 3453 1751 3522 λεγομὲ-

170 3564 284 3609 νων,
308 3546 391 3598 ὅτι
446 3544 552 3598 καὶ
582 3544 687 3613 τὴν
727 3545 1117 3599 Καππαδοκῶν
1151 3549 1334 3599 πᾶσαν
1362 3546 1462 3616 τῆς
1492 3547 1750 3614 τοιαύτης

166 3635 508 3697 διδασκαλίας
545 3634 909 3703 πεπλήρωκε.
944 3634 1171 3698 Τούτοις
1196 3640 1307 3699 τοῖς
1327 3638 1622 3705 γράμμασι
1656 3637 1751 3689 καὶ

170 3731 414 3799 χρήματα
450 3728 933 3797 συνεκπέμπουσι,
990 3729 1189 3799 κλέψαι
1242 3733 1339 3794 τὰς
1368 3730 1535 3793 ἀκοὰς
1564 3728 1751 3800 βουλά.

170 3837 307 3887 μενοι
369 3822 683 3892 Καίσαρος,
740 3821 883 3874 ὥστε
938 3824 1031 3876 καὶ
1072 3824 1163 3876 τὸν
1197 3823 1464 3895 Λογγίνου
1519 3825 1748 3879 θάνατον

168 3914 393 3976 εὐκόλως
419 3913 775 3981 ὠνήσασθαι.
806 3916 871 3967 Ὀ
902 3914 966 3985 δὴ
998 3919 1091 3968 καὶ
1144 3918 1286 3969 κατὰ
1313 3920 1372 3968 τὸ
1410 3915 1602 3968 δοκοῦν
1638 3918 1750 3976 τοῖς

178 4002 443 4068 Ἰουδαίοις
478 4003 763 4073 ἐχώρησε,
790 4006 883 4056 καὶ
911 4008 1017 4057 ἀπὸ
1050 4007 1271 4077 Ῥώμης
1300 4008 1462 4071 εὐθὺς
1500 4008 1597 4079 τῆς
1619 4010 1751 4061 Ἰου-

165 4095 305 4160 δαίας
335 4099 476 4168 πρὸς
532 4097 771 4149 Πιλᾶτον
808 4095 1117 4150 στέλλονται
1140 4103 1446 4168 γράμματα
1483 4101 1748 4169 Λογγίνου

167 4188 379 4243 θάνατον
414 4189 945 4261 καταψηφιζόμενα.
979 4191 1295 4262 Δεξάμενος
1330 4191 1424 4245 οῦν
1457 4196 1483 4243 ό
1519 4195 1748 4256 Πιλᾶτος

168 4286 226 4334 τα
247 4286 586 4361 γράμματα,
606 4282 682 4346 ώς
703 4278 874 4354 εἶχεν,
898 4286 1103 4348 εὐθέως
1122 4285 1609 4356 ἐγχειρίζειταῦτα
1638 4290 1749 4351 τοῖς

179 4372 437 4436 Ἰουδαίοις
458 4377 562 4426 καὶ
590 4375 729 4442 πρὸς
754 4376 846 4427 τὸν
868 4376 963 4428 τοῦ
993 4379 1267 4449 μακαρίου
1290 4380 1451 4447 φόνον
1470 4382 1750 4451 πρόθυμος

168 4467 473 4537 προθύμους
527 4467 849 4537 ἐκπέμπει·
886 4470 934 4519 οί
974 4470 1029 4521 δὲ
1064 4473 1164 4541 τὴν
1190 4471 1397 4539 μεταξὺ
1428 4475 1610 4527 πᾶσαν
1644 4476 1749 4545 γῆν

168 4560 373 4629 ἁπτέρῳ
414 4559 582 4629 τάχει
636 4558 1030 4630 διαδραμόντες
1087 4563 1152 4631 τῇ
1208 4562 1593 4617 Καππαδοκῶν
1652 4566 1751 4633 ἑφ-

169 4651 400 4707 ίστανται
463 4654 568 4706 καὶ
603 4654 871 4722 Λογγῖνον
897 4654 955 4707 ιν
989 4671 1097 4708 τινι
1122 4656 1233 4708 τῶν
1262 4654 1535 4727 πατρῴων
1559 4656 1749 4725 ἀγρῶν

166 4741 244 4794 τὸν
262 4745 613 4816 ἀπράγμονα
650 4744 764 4814 βίον
792 4747 985 4799 ἀσκεῖν
1019 4747 1343 4818 πυθόμενοι,
1391 4748 1553 4811 εὐθὺς
1590 4765 1648 4802 εν
1672 4748 1750 4821 τῷ

166 4837 306 4907 ἀγρῷ
354 4841 637 4908 γίνονται,
695 4839 770 4909 μὴ
829 4839 1029 4904 εἰδότες
1085 4842 1294 4895 ἐκεῖνον
1334 4840 1498 4909 εἶναι,
1536 4847 1663 4915 περὶ
1688 4838 1749 4898 οὗ

166 4928 275 4992 τοὺς
314 4932 575 5001 μακροὺς
634 4929 950 5001 ὑπέστησαν
1014 4932 1211 4999 πόνους
1246 4935 1342 4987 καὶ
1372 4934 1471 5004 τὴν
1524 4938 1751 5006 πορείαν

166 5019 384 5092 διήνυον,
446 5025 581 5078 ὅθεν
635 5023 730 5076 καὶ
769 5024 934 5080 αὑτὸν
970 5028 1179 5079 ἐκεῖνον
1238 5026 1501 5099 ἠρώτων,
1534 5028 1618 5091 τίς
1645 5030 1752 5100 ἄρα

168 5112 411 5181 Λογγῖνος
445 5118 538 5187 εῖη
578 5118 679 5169 καὶ
704 5119 857 5178 ποῖος
886 5118 914 5169 ό
939 5117 1202 5186 Λογγῖνον
1226 5118 1366 5189 ἔχων
1405 5119 1574 5190 ἀγρός
1594 5135 1607 5149 ⁸
1636 5124 1748 5184 τοῖς

173 5204 260 5268 μὲν
282 5210 387 5280 γὰρ
422 5204 496 5279 ἦν
549 5212 584 5278 ἡ
624 5208 849 5280 σπουδὴ,
905 5210 1157 5283 Λογγίνῳ
1183 5212 1407 5281 ἀφανῶς
1434 5214 1745 5279 ἐπιθέσθαι,

168 5295 366 5365 δεδιόσι,
406 5302 486 5371 μὴ
552 5302 661 5369 τὴν
719 5304 1000 5373 σωτηρίαν
1036 5309 1181 5375 φυγῇ
1219 5307 1741 5377 πραγματεύσηται.

178 5383 419 5453 Ἥγνόουν
469 5395 529 5447 δὲ
569 5394 658 5445 ὅτι
692 5393 897 5462 μᾶλλον
929 5393 1133 5466 αὑτῷή
1174 5398 1378 5467 σπουδὴ
1408 5398 1679 5468 ληφθῆναι
1713 5400 1744 5468 ἢ

171 5481 379 5547 lubeat;
437 5484 675 5538 λαϐεῖν’
738 5483 936 5554 ἐζήλου
979 5488 1089 5557 γὰρ
1128 5490 1341 5541 ἐκείνου
1376 5491 1467 5543 τὸν
1498 5490 1745 5552 ἑκούσιον

174 5570 402 5641 θάνατον,
437 5580 499 5631 δν
567 5576 704 5631 ἰδὼν
732 5580 791 5629 ἐν
832 5582 1044 5651 σταυρῷ
1078 5582 1210 5635 Θεὸν
1239 5582 1617 5654 ὡμολόγησεν,
1649 5587 1743 5639 καὶ

172 5664 334 5739 ὥσπερ
357 5671 604 5739 Χριστὸς
637 5671 706 5723 δι’
740 5672 911 5741 ἡμᾶς,
935 5673 1077 5728 οὔτω
1106 5675 1193 5728 διὰ
1224 5676 1459 5744 Χριστὸν
1484 5680 1743 5746 Λογγῖνος

170 5757 251 5818 τὴν
277 5768 490 5837 σφαγὴν
517 5764 708 5829 ἑδίψα.

1864 578 2172 636 surreptum
2209 586 2220 620 :
2257 571 2350 623 sed
2396 570 2574 639 lingua
2601 582 2656 625 et
2688 580 2865 627 mente
2896 571 3061 627 libera
3092 587 3217 627 eum
3258 584 3446 626 verum

1863 672 1982 714 esse
2036 658 2203 713 Deum
2253 662 2581 729 prmdicarit,
2613 673 2665 717 et
2695 679 2726 717 e
2755 666 2983 720 mortuis
3010 680 3129 719 esse
3154 666 3448 720 excitatum

1864 749 2232 805 aﬂirmaverit.
2274 752 2392 817 Quo
2436 754 2634 807 factum
2666 764 2769 820 est,
2817 762 2875 808 ιιι
2907 763 2960 810 et
2992 755 3105 824 ipse
3133 754 3359 822 Pilatus,
3394 763 3449 810 et

1862 840 2170 897 Judteorum
2219 857 2505 915 synagoga:
2536 843 2835 915 principes,
2870 840 3130 902 invidiam
3167 862 3270 916 qua
3299 847 3449 916 prius

1864 935 2223 989 movebantur
2268 936 2322 990 in
2376 936 2677 1001 Christum,
2703 946 2758 992 et
2804 953 2966 1007 quem
3007 940 3059 993 in
3099 954 3222 993 eum
3268 939 3449 993 animo

1862 1025 2248 1095 concipiebant
2304 1027 2582 1093 furorem,
2643 1043 2768 1083 eum
2820 1044 2969 1084 nunc
3033 1031 3085 1083 in
3148 1030 3445 1097 Longinum

1865 1112 2245 1180 transferrent,
2272 1115 2320 1169 ei
2359 1116 2497 1171 adeo
2537 1116 2858 1182 irascentes,
2894 1126 2952 1171 ut
2996 1118 3252 1187 quidquid
3282 1127 3449 1187 pate-

1863 1213 2014 1259 retur
2058 1203 2362 1273 Longinus,
2395 1206 2781 1261 existimarent
2825 1220 2949 1263 eum
2986 1222 3093 1261 non
3121 1208 3257 1261 satis
3290 1209 3447 1261 datu-

1862 1308 1983 1348 rum
2027 1308 2149 1350 esse
2198 1309 2508 1367 pinnarum.
2556 1295 2694 1352 Hinc
2738 1312 2799 1352 ea
2853 1312 2942 1353 res
2981 1298 3126 1352 venit
3179 1299 3245 1353 ad
3288 1312 3449 1354 aures

1864 1383 2113 1457 Longini.
2138 1394 2191 1441 et
2217 1401 2409 1442 eorum
2444 1388 2525 1441 ira
2556 1385 2725 1442 fuitei
2758 1388 3084 1456 signiﬁcata.
3110 1389 3453 1457 Quapropter

1864 1478 2036 1547 magis
2065 1476 2253 1532 volens
2282 1477 2441 1546 abjici
2476 1494 2602 1533 cum
2630 1478 2873 1540 Christo,
2911 1494 3069 1549 quam
3103 1479 3352 1534 habitare
3392 1480 3447 1533 in

1865 1573 2231 1629 tabernaculis
2258 1573 2590 1643 Judzeorum,
2619 1590 2742 1630 cum
2774 1584 2925 1632 veste
2955 1586 3010 1631 et
3035 1576 3252 1645 cingulo
3274 1577 3453 1647 digni-

1867 1665 2018 1729 tatis,
2051 1665 2221 1732 ipsam
2250 1679 2465 1733 quoque
2493 1666 2655 1719 simul
2688 1667 3090 1736 quamprimum
3121 1667 3271 1722 exuit
3305 1668 3447 1721 mili-

1864 1757 2015 1812 tiam.
2061 1756 2128 1811 Et
2171 1762 2412 1828 acceptis
2459 1760 2671 1814 duobus
2718 1759 3005 1820 militibus.
3055 1762 3146 1831 qui
3176 1758 3449 1817 habebant

1793 1841 1832 1895 Β
1860 1852 2112 1906 eumdem
2160 1850 2335 1906 zelum
2379 1866 2478 1921 pro
2531 1850 2755 1907 Christo
2805 1862 2859 1907 et
2906 1854 3158 1918 veritate,
3217 1854 3449 1909 declinat

1860 1955 1981 1996 cum
2030 1943 2228 2012 populo
2273 1943 2739 2014 congressionem,
2795 1955 2847 1999 et
2902 1960 3023 1999 cum
3081 1946 3190 2000 Deo
3241 1946 3356 2001 solo
3392 1954 3449 1999 et

1858 2046 2042 2087 secum
2073 2043 2349 2089 versatur.

1931 2231 2017 2287 lll.
2046 2231 2157 2287 Nec
2189 2232 2417 2288 multum
2454 2232 2757 2288 intercessit
2808 2233 3089 2303 temporis.
3138 2243 3193 2287 et
3241 2235 3448 2290 reliclis

1862 2324 2276 2394 Hierosolymis,
2319 2324 2468 2379 venit
2517 2324 2571 2378 in
2617 2323 3040 2394 Cappadociam,
3084 2340 3260 2393 pratco
3291 2328 3448 2381 simul

1858 2429 1911 2472 et
1941 2417 2217 2484 apostolus
2252 2415 2456 2471 Christi
2513 2417 2914 2475 admirabilium
2950 2432 3195 2485 operum,
3239 2430 3293 2471 et
3329 2435 3450 2487 qua

1857 2515 1984 2558 sunt
2025 2513 2223 2574 praeter
2262 2506 2573 2574 opiniOuem
2616 2519 2741 2559 cum
2786 2504 2893 2559 illis
2930 2506 3139 2561 duobus
3184 2508 3447 2561 militibus

1857 2594 2105 2651 ell'ectus.
2153 2595 2291 2649 Cum
2337 2606 2519 2649 autem
2570 2611 2761 2651 eorum
2810 2597 2943 2651 nihil
2978 2600 3169 2653 lateret
3209 2598 3445 2665 luctans,

1860 2692 2043 2755 utpote
2064 2687 2205 2752 quod
2235 2686 2379 2741 fama
2404 2688 2470 2741 ad
2492 2702 2683 2741 omnes
2701 2687 3005 2758 Longinum
3031 2689 3444 2752 transmitteret.

1858 2783 1912 2827 et
1957 2777 2178 2845 perinde
2215 2792 2279 2831 ac
2331 2778 2471 2830 alata
2525 2778 2820 2847 perniciter
2864 2794 3079 2833 omnem
3111 2791 3452 2849 percurreret

1862 2866 2165 2933 regionem,
2201 2868 2236 2920 li
2269 2868 2430 2922 simul
2469 2869 2858 2923 convenientes
2891 2870 3217 2938 persuadent
3248 2868 3445 2932 Pilato.

1860 2963 1916 3007 ut
1966 2955 2034 3010 de
2090 2953 2341 3028 Longino
2385 2959 2525 3013 male
2580 2961 2747 3023 dicat,
2792 2970 2849 3014 et
2901 2961 3173 3031 signiticet
3222 2960 3444 3025 Casari,

1859 3048 2004 3118 quod
2048 3047 2222 3103 aliena
2266 3050 2498 3105 sentiret
2549 3050 2618 3105 ab
2672 3051 2902 3119 imperio
2953 3050 3346 3118 Romanorum,
3392 3064 3447 3107 ct

1859 3139 2005 3209 quod
2037 3140 2297 3207 neglectis
2326 3142 2513 3206 armis,
2556 3139 2835 3198 Christum
2864 3143 3121 3212 pradicet
3153 3144 3442 3212 quemdam

1859 3243 2041 3298 regem
2080 3231 2369 3299 gentibus,
2429 3242 2483 3285 et
2529 3232 2609 3287 sic
2650 3247 2841 3288 omnes
2899 3234 2951 3287 in
2998 3247 3150 3287 suam
3200 3236 3448 3305 rcdigens

1859 3326 2209 3386 potestatem,
2242 3324 2485 3377 attrahat
2520 3326 2584 3375 ad
2617 3322 2760 3376 illius
2793 3322 2973 3377 ﬁdem.
3010 3322 3210 3379 Eorum
3240 3336 3444 3389 autem,

1854 3409 2095 3477 aiebant,
2127 3426 2248 3481 qua
2281 3412 2558 3478 dicuntur,
2582 3414 2800 3484 signum
2826 3423 2929 3482 est,
2962 3416 3106 3485 quod
3134 3417 3445 3471 universam

1853 3496 2251 3568 Cappadociam
2285 3518 2347 3557 ea
2385 3504 2627 3573 implevit
2656 3504 2925 3559 doctrina.
2959 3504 3096 3561 Cum
3131 3506 3213 3561 his
3250 3506 3447 3561 litteris

1854 3590 2015 3644 simul
2061 3591 2225 3645 etiam
2275 3593 2531 3646 emittunt
2577 3595 2858 3663 pecunias,
2908 3596 2961 3650 in
3007 3612 3169 3651 aures
3213 3597 3447 3653 Caesaris

1854 3682 2099 3739 volentes
2135 3684 2398 3755 irrepere,
2436 3692 2496 3740 ut
2526 3683 2758 3756 Longini
2803 3696 3034 3741 mortem
3084 3685 3247 3741 facile
3291 3704 3439 3743 etne-

1854 3783 1996 3826 rent.
2037 3773 2190 3839 Quod
2243 3779 2458 3844 quidem
2508 3779 2779 3846 processit
2817 3779 3005 3844 etiam,
3044 3790 3101 3833 ut
3134 3780 3438 3843 videbatur,

1858 3861 2078 3919 Judmis.
2136 3863 2203 3919 Ει
2257 3865 2425 3921 ROma
2476 3868 2655 3919 statim
2705 3868 2760 3920 in
2814 3868 3057 3924 Judmam
3108 3873 3174 3926 ad
3212 3870 3443 3929 Pilatum

1864 3957 2152 4011 mittuntur
2182 3956 2396 4024 litterae,
2418 3972 2537 4027 qua:
2567 3957 2869 4029 Longinum
2895 3971 3067 4016 morte
3090 3964 3439 4019 damnabunt.

1853 4044 2058 4101 Pilatus
2103 4061 2233 4118 ergo
2272 4048 2509 4117 acceptis
2544 4047 2765 4114 litteris,
2798 4065 2893 4107 eas
2930 4031 3113 4107 statim
3148 4056 3313 4108 tradit
3345 4054 3444 4109 Jn~

1855 4137 2005 4205 deis,
2035 4146 2089 4193 et
2114 4139 2180 4192 ad
2212 4137 2353 4193 beati
2388 4140 2490 4192 viri
2524 4140 2723 4195 cadem
2755 4142 2954 4197 alacris
2986 4145 3195 4199 alacres
3224 4149 3443 4201 emittit.

1856 4226 1937 4282 Illi
1968 4238 2147 4282 autem
2187 4244 2310 4282 cum
2347 4238 2515 4284 totam
2572 4247 2694 4300 quae
2732 4234 3125 4301 intercedebat,
3163 4240 3438 4307 regiOnem

1854 4318 2088 4372 maxima
2126 4320 2493 4389 perrasissent
2529 4322 2834 4389 celeritate,
2878 4328 3102 4381 veniunt
3143 4331 3194 4383 in
3228 4331 3441 4400 Cappa-

1854 4410 2051 4464 docum
2089 4411 2363 4481 regionem
2404 4432 2416 4467 :
2451 4424 2505 4468 et
2538 4431 2660 4470 cum
2696 4418 2999 4473 audiissent
3050 4420 3348 4492 Longinum
3388 4427 3438 4479 in

1775 4520 1829 4581 Ι)
1856 4501 2092 4569 quodam
2122 4518 2251 4573 agro
2286 4514 2514 4573 paterno
2544 4520 2704 4573 agere
2737 4508 2901 4561 vitam
2940 4510 3008 4562 ab
3049 4514 3195 4564 omni
3223 4519 3438 4583 negotio

1858 4601 2141 4656 remotam,
2179 4596 2360 4647 statim
2406 4600 2627 4651 veniunt
2666 4598 2722 4652 in
2774 4612 2987 4671 agrum,
3039 4612 3089 4658 et
3136 4621 3257 4661 cum
3295 4609 3436 4663 Lon-

1851 4681 1976 4749 gino
2046 4696 2329 4739 sermones
2386 4686 2695 4755 conferunt,
2756 4695 3064 4749 nescientes
3119 4712 3240 4751 eum
3295 4713 3436 4766 esse,

1850 4783 2071 4843 propter
2104 4790 2263 4845 quem
2299 4788 2407 4831 tam
2445 4794 2670 4848 magnos
2713 4781 2926 4837 labores
2958 4788 3349 4853 suscepissent.
3383 4804 3437 4845 et

1852 4867 1956 4920 iter
1994 4867 2375 4925 confecissent.
2404 4869 2556 4926 Unde
2583 4873 2747 4927 etiam
2779 4875 2927 4930 illutn
2954 4876 3127 4947 ipsum
3150 4884 3434 4951 rogabunt,

1850 4958 2102 5025 quisnam
2152 4970 2296 5015 esset
2338 4962 2634 5034 Longinus,
2666 4976 2721 5021 et
2756 4968 2808 5022 in
2842 4985 3075 5038 quonam
3105 4974 3310 5039 praedio
3342 4975 3435 5027 hn-

1851 5048 2067 5105 bitaret.
2114 5050 2418 5123 Longinum
2462 5057 2609 5111 enim
2663 5059 2954 5113 studebant
2998 5061 3138 5115 clam
3190 5068 3431 5135 aggredi.

1852 5142 2105 5201 timentes
2132 5162 2200 5203 ne
2224 5147 2454 5205 salutem
2484 5151 2586 5206 sibi
2621 5150 2743 5221 fuga
2781 5167 3071 5222 quaereret.
3108 5154 3433 5227 lgnorabant

1849 5246 2027 5292 autem
2070 5254 2193 5294 eum
2236 5242 2408 5311 magis
2448 5246 2667 5297 studere
2696 5255 2754 5299 ut
2788 5255 3097 5316 caperetur,
3132 5265 3294 5319 quant
3334 5254 3430 5315 illi,

1852 5339 1911 5385 ut
1942 5341 2221 5403 caperent.
2258 5332 2579 5390 lmitabatur
2611 5337 2755 5391 enim
2798 5348 3028 5393 mortem
3063 5340 3203 5394 illius
3236 5342 3430 5397 volun-

1848 5421 2066 5485 tariam,
2119 5437 2279 5493 quem
2329 5441 2450 5480 cum
2504 5427 2726 5485 vidisset
2774 5429 2824 5483 in
2877 5431 3077 5498 cruce,’
3112 5431 3279 5488 Deum
3329 5433 3430 5489 fuit

1847 5513 2130 5571 confessus
2175 5536 2189 5573 :
2245 5527 2301 5573 et
2350 5522 2621 5589 quomodo
2665 5521 2914 5579 Christus
2941 5536 3159 5595 propter
3194 5542 3313 5593 nos,
3353 5528 3425 5583 ita

1847 5604 2123 5675 Longinus
2158 5620 2378 5680 propter
2405 5610 2679 5668 Christum
2714 5616 2914 5671 caedem
2949 5618 3191 5674 sitiebat.
