3972 6440
178 379 233 441 31
1422 375 1600 435 VtTA
1642 374 1701 431 s.
1750 373 2101 435 LONGtNt.
3374 384 3447 447 εδ

179 483 406 553 πονηρὰν
436 482 676 555 ἀμοιϐὴν
709 485 889 541 ποιεῖν
919 485 1238 555 μέλ).οντες;
1285 483 1353 537 Ὦ
1386 481 1605 536 δείπνου
1630 481 1758 536 δυσ-

1869 492 2046 538 ssseut
2098 485 2264 538 malas
2309 484 2571 539 reddituri
2614 483 2926 555 gratiale
2958 485 3259 554 infelicem,
3296 490 3447 549 dlce-

178 575 389 646 τυχοῦςι
422 576 698 658 λεγοντος.
732 572 779 629 ὣ
809 575 1054 646 χαλεπῆς
1083 574 1295 639 ξενίαςί
1322 578 1374 627 τί
1410 591 1516 639 σοι,
1554 567 1599 627 ὧ
1634 574 1756 643 φίλε

179 671 413 736 Λογγῖνε,
444 668 607 721 τοῦτο
634 667 855 732 ὲδὸξατο
896 668 1121 736 ὲγχείρη
1134 684 1232 735 μα,
1266 667 1355 720 ἵνα
1389 668 1515 729 τοὺς
1547 668 1638 719 ἐπὶ
1666 665 1757 719 σὺν

180 760 323 827 φόνον
352 743 609 821 ἐλθόντας
635 759 663 810 ὀ
697 758 791 821 σος
822 763 941 810 οἱκο
996 758 1247 827 ὲδέχετο;
1279 756 1325 809 ὼ
1353 757 1546 817 ἀθλίας
1586 773 1758 809 κατα-

180 852 379 920 γωγῆςι
421 851 469 904 ὦ
502 852 706 919 πικρᾶς
741 851 1043 911 ἑστιάσεως
1073 851 1086 903 l
1138 850 1371 911 Θάνατος
1422 852 1455 916 ἡ
1493 850 1642 913 ξενία
1677 864 1758 901 σοι

180 944 377 1009 γίνεται
418 942 512 994 καὶ
545 942 775 993 σεαυτὸν
807 941 1091 1003 ὲπιθύσεις
1138 944 1205 1011 τῇ
1231 939 1487 1010 τραπέζῃ
1511 980 1525 999 ,
1555 938 1759 1009 λῃστὰς

181 1036 489 1103 πιραδόξως
522 1035 648 1095 τοὺς
683 1032 791 1085 ὑπὸ
822 1032 918 1084 σοῦ
953 1032 1304 1096 ξενισθέντας
1355 1031 1557 1099 εὑρὼν.
1599 1030 1661 1081 ’ίί
1694 1030 1759 1083 ἂν

182 1124 332 1173 ποιῶν
364 1122 541 1183 οὕτως
571 1122 793 1183 ἑλύπεις
838 1123 964 1184 τοὺς
998 1120 1259 1191 ἐπιθῆναί
1293 1137 1376 1173 σοι
1408 1122 1510 1189 τὴν
1542 1120 1758 1188 σφαγὴν

183 1211 503 1280 μέλλονταςς
562 1212 757 1265 ’Δπιθι
813 1214 1130 1282 τοιγαροῦν,
1198 1214 1394 1281 μισθδιν
1441 1213 1540 1280 τῆς
1579 1212 1759 1277 ξενίας

180 1301 342 1353 λαϐὼν
376 1303 471 1354 τού
508 1304 746 1357 θανάτου
781 1304 881 1371 τὴν
917 1305 1114 1372 ἄφεσιν
1140 1318 1158 1337 ο
1183 1304 1246 1355 οὐ
1283 1304 1587 1372 στέργομεν
1637 1305 1762 1354 ὲπι-

182 1392 333 1447 θεῖναξ
366 1411 450 1447 σοι
486 1396 545 1448 τὸ
604 1396 779 1464 ξίφος,
811 1400 968 1466 χεῖρα
1020 1396 1312 1465 μιαιφόνον
1347 1398 1667 1461 ἐπενεγκεῖν
1692 1398 1759 1465 τῇ

181 1490 237 1555 σῇ
261 1486 410 1557 δεξιᾷ
441 1487 765 1558 δεδοίκαμεν
789 1504 801 1518 ·
854 1487 1149 1557 αἰδούμεθα
1197 1490 1325 1548 τοὺς
1360 1489 1573 1548 κοινοὺς
1600 1486 1756 1548 ἃλας·

179 1578 512 1649 ίρυθριῶμεν
561 1582 660 1651 τὴν
696 1579 1005 1650 τράπεζαν,
1057 1579 1150 1631 τὸν
1184 1577 1282 1647 τῆς
1322 1576 1505 1640 ξενίας
1559 1567 1759 1647 ἔφορον

182 1672 569 1741 αῖσκυνάμεθα·
608 1674 789 1743 ναρκᾷ
834 1672 966 1741 πρὸς
999 1670 1089 1735 τὸν
1123 1670 1341 1740 φόνονή
1378 1669 1530 1740 χείρ·
1563 1671 1592 1720 ὁ
1637 1668 1760 1731 νοῦς

180 1761 314 1814 ὀκνεῖ
344 1763 437 1814 τοῦ
468 1763 767 1832 εὐεργέτου
797 1762 887 1814 τὸν
924 1760 1157 1815 θάνατον
1180 1778 1192 1791 ·
1233 1761 1380 1831 ῥᾴων
1409 1763 1435 1813 ὁ
1466 1760 1616 1829 παρὰ
1665 1760 1763 1812 Πι-

1861 575 2011 641 bant,
2039 572 2286 635 (:(eiiaml
2314 593 2347 629 o
2368 592 2530 645 grave
2569 576 2895 647 hospitium!
2919 578 3184 648 Curnam,
3215 596 3249 636 ο
3284 584 3451 640 chara

1864 665 2127 736 Longine,
2162 669 2261 722 hoc
2296 668 2387 723 lilii
2419 678 2658 737 carptum
2694 670 2840 723 venit
2869 671 2920 723 in
2956 682 3217 737 mentem,
3250 683 3308 728 ut
3331 689 3450 742 eos,

1861 760 1951 827 qui
1991 773 2248 815 venerant
2280 763 2347 815 ad
2387 764 2461 816 tui
2502 767 2731 827 cedem,
2777 765 2968 822 domus
3004 776 3093 819 tua
3135 767 3451 835 acciperet?

1861 849 1905 905 Ο
1944 852 2199 906 miserum
2258 857 2645 920 habitaculum,
2713 870 2746 909 0
2795 860 3049 911 acerbum
3094 860 3443 913 convivtuiu!

1860 944 2005 998 Mors
2049 947 2141 999 tibi
2196 949 2375 1000 evadit
2418 948 2732 1016 hospitium,
2762 959 2817 1003 et
2855 954 3087 1016 reipsmn
3127 967 3326 1005 mensa:
3354 966 3449 1021 ap-

1862 1051 2051 1104 pones,
2098 1054 2193 1091 eos
2242 1050 2442 1107 praeter
2488 1042 2801 1107 opinionem
2855 1043 3140 1099 inveniens
3186 1045 3446 1108 latrones.

1862 1129 1950 1194 qui
1982 1130 2215 1198 hospitio
2254 1148 2281 1183 a
2330 1144 2380 1186 te
2415 1131 2636 1187 fuerunt
2678 1135 2908 1204 accepti.
2942 1134 3081 1201 Quid
3134 1138 3338 1192 faciens
3371 1138 3452 1192 sic

1864 1221 2105 1274 molestia
2134 1221 2361 1276 alieeisti
2388 1239 2503 1286 eos,
2534 1226 2624 1292 qui
2651 1234 2701 1277 te
2728 1234 2853 1279 sunt
2875 1228 3147 1283 occisuri?
3171 1228 3269 1282 Abi
3295 1244 3447 1299 ergo,

1862 1322 2083 1381 acet-pta
2118 1316 2362 1368 mercede
2390 1317 2633 1383 hospitii,
2666 1332 2859 1384 nempe
2892 1318 3081 1369 mortis
3113 1318 3449 1373 remissione.

1865 1404 1980 1460 Non
2015 1410 2351 1463 sustinemus
2373 1426 2556 1464 ensem
2589 1413 2679 1463 tibi
2712 1412 2915 1467 inferre
2946 1430 2959 1465 :
2992 1412 3193 1466 eaedem
3222 1414 3449 1466 molien-

1865 1506 1970 1549 tem
1998 1514 2213 1551 manum
2246 1510 2337 1553 tuo
2377 1502 2538 1570 cupiti
2576 1500 2768 1555 afferre
2791 1502 3175 1569 formidamus,
3202 1517 3453 1557 commu-

1862 1602 1985 1641 nem
2033 1590 2197 1642 salem
2244 1605 2559 1644 reveremur
2595 1610 2608 1646 :
2643 1609 2740 1647 nos
2782 1592 2987 1660 pudore
3018 1593 3182 1648 allii-it
3218 1611 3400 1649 mensa
3432 1612 3447 1648 :

1860 1684 1929 1734 ad
1960 1684 2160 1736 (1|!de
2215 1692 2389 1750 torpet
2436 1701 2672 1741 manus:
2720 1686 2978 1739 abhorret
3024 1686 3240 1739 animus
3276 1697 3452 1739 morte

1866 1775 2080 1829 allicere
2116 1777 2543 1829 benefactorum
2578 1776 2817 1832 Facilius
2842 1785 2925 1831 est
2956 1776 3279 1845 periculum,
3306 1779 3450 1844 quod

182 1853 587 1923 λαῖφκίνδυνος
620 1856 754 1924 ἡμῖν
786 1854 896 1906 τῶν
920 1856 983 1905 ὲκ
1010 1853 1103 1905 τοῦ
1142 1854 1446 1915 συνειδότος
1492 1852 1719 1921 πληγῶν
1741 1869 1754 1881 ·

2058 1824 2077 1829 _
2118 1824 2543 1829 --.φ----ηπ
2579 1824 2595 1830 ,
2622 1824 2816 1832 _-.-__-
2846 1824 2924 1831 -__
2959 1824 3279 1845 ,._-__.._--.--,
3310 1824 3450 1844 τ---

1869 1868 2025 1920 nobis
2058 1876 2135 1920 est
2165 1883 2192 1919 a
2217 1866 2394 1921 Pilato
2425 1879 2693 1937 paratum,
2718 1885 2882 1937 quam
2920 1868 3141 1922 vulnera
3171 1869 3453 1922 conscien-

182 1945 341 1997 πάντα
398 1944 601 1997 παθεῖν
668 1948 840 2013 ἐσμεν
897 1944 1107 2012 ἕτοιμοι
1142 1944 1175 2013 ἢ
1207 1944 1461 2011 Λογγίνῳ
1497 1942 1755 2005 τοιαύτας

180 2037 476 2088 ἀντιδοῦναι
514 2037 614 2099 τάς
648 2038 904 2105 χάριτας.

241 2127 326 2194 ς’.
357 2128 523 2181 Οὕτω
547 2128 732 2181 τοίνυν
767 2129 817 2180 ot
849 2124 1185 2197 στρατιῶται
1216 2124 1355 2197 πρὸς
1390 2124 1481 2178 τὸν
1501 2122 1596 2177 τοῦ
1625 2124 1759 2194 Χρι-

180 2221 291 2274 στοῦ
320 2224 581 2292 μάρτυρα
611 2221 709 2275 καὶ
738 2220 861 2273 λίαν
883 2218 1204 2290 περιπαθῶς
1233 2218 1441 2287 ἔλεγον.
1477 2218 1618 2271 Ἀλλ’
1636 2217 1760 2289 οὐχὶ

180 2312 264 2363 καὶ
286 2314 557 2380 Λογγῖνον
612 2310 881 2380 ἠδύναντο
940 2310 1174 2373 πείθειν,
1220 2309 1357 2363 ἀλλὰ
1394 2309 1531 2379 πρὸς
1562 2310 1758 2373 αὐτοὺς

178 2402 426 2468 γενναίως
483 2404 515 2453 ὁ
562 2403 814 2470 γενναῖος
866 2400 1086 2469 ἀληθῶς
1139 2399 1536 2467 ἀποκρίνεται·
1577 2400 1641 2452 Τί
1668 2418 1759 2470 μοι

179 2493 405 2562 φθονεῖτε
454 2494 717 2565 μεγάλων
778 2492 1024 2559 ἀγαθῶν,
1098 2486 1174 2544 ὧν
1207 2492 1303 2544 καὶ
1339 2491 1564 2554 ἄκοντες
1624 2493 1760 2559 ἡμῖν

180 2583 476 2637 ἀντιδοῦναι
510 2584 736 2653 μέλλετε
760 2598 776 2648 ;
802 2582 855 2633 τί
887 2598 987 2651 μου
1014 2581 1107 2634 τὸν
1159 2582 1395 2635 θάνατον
1429 2577 1573 2633 οὕτω
1598 2580 1761 2633 πολυ-

182 2678 351 2736 nubili;
380 2674 647 2727 ἁνακλαίε
662 2672 790 2727 σθε;
827 2672 912 2724 ἵνα
940 2671 991 2724 τί
1024 2675 1331 2743 κατηφιᾶτε
1368 2671 1445 2741 τῷ
1470 2671 1667 2734 adflet;
1698 2671 1759 2724 οὐ

183 2766 395 2827 θάνατος
435 2764 570 2832 ἐμοὶ
593 2765 653 2815 τὸ
685 2764 886 2833 παρὸν,
912 2764 1048 2817 ἀλλὰ
1072 2764 1217 2832 ζωῆς
1246 2766 1469 2832 ἀπαρχὴ
1496 2781 1507 2792 '
1538 2766 1659 2832 ἐμοὶ
1685 2762 1761 2833 τῷ

177 2860 277 2911 but:
305 2860 540 2920 θάνατοῖ
598 2857 803 2927 μᾶλλον
834 2856 1124 2926 ἡὲνταῦθα
1172 2856 1438 2924 διαγωγὴ,
1472 2857 1551 2908 ὅτι
1583 2856 1658 2925 μὴ
1683 2854 1761 2923 τῷ

178 2954 281 3021 εμμῇ
302 2948 571 3021 Δεσπὸτῃ
587 2950 961 3018 παρίσταμαι,
1003 2950 1218 3017 καὶτῆς
1263 2947 1472 3001 ἐκεῖθεν
1502 2947 1762 3000 ἀπολαύω

180 3047 579 3113 μακαριότητος
615 3058 629 3072 ο
663 3042 725 3093 τὸ
759 3040 915 3102 τέλος
957 3040 1062 3091 τῶν
1108 3040 1296 3091 κακῶν
1344 3040 1465 3109 οὐχὶ
1497 3040 1590 3092 καὶ
1611 3039 1762 3103 τέλος

1864 1958 1970 2009 tiae.
1995 1956 2180 2016 Parati
2220 1976 2404 2013 simius
2434 1963 2614 2014 ontnia
2648 1962 2757 2030 pati
2784 1962 2981 2030 potius,
3013 1977 3172 2029 quam
3206 1963 3452 2032 Longino

1861 2048 1993 2101 tales
2027 2049 2231 2103 referre
2259 2052 2487 2119 gratias.

1934 2138 2020 2192 VI.
2046 2138 2137 2193 Sic
2164 2140 2383 2208 quidem
2423 2140 2626 2197 milites
2659 2142 2915 2197 dicebant
2963 2141 3166 2197 Christi
3219 2143 3447 2214 martyri

1860 2230 2020 2283 valde
2054 2230 2457 2287 miserabiliter.
2491 2230 2763 2287 Caeterum
2797 2248 2899 2286 non
2927 2244 3177 2301 poterant
3211 2234 3452 2302 Longino

1861 2325 2187 2392 persuadere
2238 2342 2252 2379 :
2315 2324 2410 2378 sed
2460 2325 2541 2379 eis
2590 2324 2804 2379 fortiter
2857 2328 3148 2395 respondet
3193 2328 3275 2380 vir
3326 2342 3453 2382 vero

1860 2428 2161 2482 generosus
2192 2429 2207 2467 :
2239 2413 2351 2469 Cur
2386 2428 2579 2484 magna
2615 2414 2745 2467 mihi
2777 2414 2916 2467 bona
2951 2416 3225 2478 invidetis,
3250 2418 3451 2484 quibus

1861 2518 1957 2558 vos
1991 2504 2138 2557 inviti
2184 2518 2271 2556 me
2300 2505 2431 2559 estis
2482 2505 2923 2559 remuneraturi?
2952 2504 3062 2560 Cur
3094 2521 3268 2561 meam
3304 2523 3450 2561 inor-

1864 2605 1970 2651 tem
2018 2594 2226 2649 delictis
2278 2606 2384 2648 tam
2429 2597 2860 2650 miserabiliter?
2913 2598 3025 2651 Cur
3081 2600 3267 2653 tristes
3318 2601 3453 2655 estis

1863 2692 2083 2755 propter
2131 2699 2305 2740 meam
2348 2686 2799 2756 perpessionem?
2843 2686 2960 2741 Non
3003 2700 3084 2743 est
3145 2690 3251 2744 hoc
3313 2692 3450 2744 mihi

1866 2793 2034 2843 mors,
2070 2779 2163 2832 sed
2207 2778 2333 2834 vita:
2384 2780 2657 2847 primitiae.
2719 2778 2848 2834 Mihi
2904 2796 3089 2835 revera
3139 2781 3321 2851 potiris
3367 2793 3452 2837 est

1865 2883 2032 2933 mors,
2060 2885 2181 2938 qua:
2207 2870 2295 2924 hic
2322 2867 2410 2924 est
2435 2870 2803 2934 conversatio,
2833 2876 3089 2940 quoniam
3116 2864 3451 2929 non'assislo

1864 2973 1988 3013 meo
2024 2959 2273 3022 Domino,
2323 2975 2421 3014 nec
2468 2960 2619 3013 fruor
2662 2978 2747 3025 ea,
2778 2979 2901 3031 qua:
2931 2974 3012 3016 est
3042 2965 3170 3031 illic,
3216 2967 3451 3020 beatitu-

1865 3052 2009 3107 dine.
2062 3052 2211 3107 Finis
2251 3051 2410 3106 linem
2460 3052 2747 3118 malorum,
2786 3068 2892 3107 non
2925 3056 3089 3108 etiam
3128 3055 3288 3110 linem
3325 3058 3453 3113 vita

175 3138 259 3207 τῆς
286 3137 426 3203 ζωῆς
460 3132 804 3202 προξενήσει
860 3146 976 3200 μοι,
1023 3129 1158 3183 ἀλλὰ
1202 3130 1339 3198 πρὸς
1368 3130 1469 3197 τὴν
1490 3130 1758 3199 ἀληθινὴν

1869 3145 1998 3198 mihi
2034 3145 2347 3199 conciliabit
2387 3163 2400 3199 :
2453 3145 2545 3199 scd
2586 3145 2651 3198 ad
2692 3159 2875 3199 veram
2909 3147 3241 3202 trausmittet
3271 3148 3451 3204 beati-

178 3232 474 3287 διαῦιὸἁσει
531 3228 827 3296 ἀῖδιόιητα
882 3223 978 3277 καὶ
1026 3222 1321 3292 μετασχεῖν
1397 3224 1496 3293 τῆς
1547 3221 1760 3274 ἐκεῖθεν

176 3327 588 3397 παρασκευάσει
611 3318 1007 3389 λαμπρότητος
1029 3331 1042 3342 ·
1075 3313 1232 3383 ἔχετε
1255 3313 1355 3383 τὴν
1383 3313 1761 3381 παραμυθίαν,

175 3413 213 3470 ὦ
234 3421 393 3486 φίλοι,
428 3415 571 3487 παρ’
604 3413 821 3470 ἑαυτοῖς
859 3409 1014 3479 ἔχετε
1038 3423 1049 3435 ·
1083 3406 1255 3471 ἐγγὺς
1285 3405 1357 3457 τὰ
1391 3406 1489 3472 τῆς
1518 3422 1766 3476 παρηγο-

175 3513 283 3582 ρίας
318 3513 470 3579 ὑμῖν,
501 3510 563 3561 ὃν
598 3505 689 3557 διὰ
716 3501 777 3554 τδ
805 3500 959 3562 τέλος
990 3498 1267 3569 θρηνεῖτε,
1303 3496 1499 3550 τοῦτον
1535 3499 1676 3568 μετὰ
1705 3498 1764 3550 τὸ

177 3606 309 3665 τέλος
344 3605 547 3671 ἣδιστα
588 3592 932 3667 μακαρίσετε
957 3608 969 3621 ·
1028 3589 1235 3662 ἀρκοῦν
1262 3590 1319 3643 δὲ
1351 3589 1511 3643 τοῦτο
1547 3590 1764 3652 πάντως

175 3696 295 3763 πρὸς
325 3696 454 3747 εύθυ
466 3692 605 3761 μίαν
644 3686 977 3757 μεταϐαλεῖν
1000 3683 1060 3737 τὸ
1086 3684 1178 3736 τὸν
1204 3683 1358 3751 φίλον
1387 3682 1592 3735 εἰδέναι
1631 3681 1762 3734 πολ-

175 3788 267 3839 λῶν
299 3784 521 3854 ἀγαθῶν
557 3780 833 3854 μέλλοντα
858 3778 1163 3841 κοινωνεῖν,
1195 3774 1344 3826 ῶσπε
1357 3792 1387 3843 ρ
1423 3774 1763 3843 φθονούντων

177 3882 358 3948 μὶὶὶον
394 3879 428 3944 ἦ
482 3878 587 3929 καὶ
643 3872 951 3943 μισούντων
1010 3868 1070 3921 τὸ
1135 3866 1393 3920 σπεύδειν
1434 3867 1764 3936 ἀποστερεῖν

176 3973 322 4025 αὑτὸν
373 3972 475 4039 τῆς
518 3965 941 4036 λαμπρότητος.
1008 3960 1100 4030 Μὴ
1132 3956 1225 4014 οὖν
1265 3958 1526 4029 ὀδύρεσθε
1561 3959 1650 4010 τὸν
1670 3960 1763 4011 ὲκ-

176 4066 433 4125 λείποντα,
507 4059 634 4115 ἀλλ’
670 4056 1051 4126 εὐχαριστεῖτε
1098 4053 1177 4122 τῷ
1228 4052 1507 4123 δεχομένῳ
1564 4052 1665 4104 οὐκ
1697 4050 1763 4108 ἂν

174 4157 484 4226 ζημιώςητέ
515 4168 589 4223 με
617 4150 720 4219 τὴν
741 4148 900 4212 δόξαν
933 4144 1169 4213 ἐκείνην,
1207 4144 1273 4211 ἢν
1313 4141 1453 4195 εἶδον
1486 4141 1598 4210 ἐγὼ
1624 4159 1766 4195 στοι-

174 4253 279 4319 χεῖα
303 4248 657 4303 σαλεύουσαν
680 4256 694 4271 ⁸
748 4239 853 4293 οὐκ
882 4237 946 4296 ἂν
982 4234 1283 4308 ἀρνηθείην
1320 4233 1380 4286 ὃν
1442 4232 1593 4295 ἅπαξ
1626 4232 1762 4284 Θεοῦ

178 4342 289 4393 Υίδν
332 4339 686 4410 ὡμολόγησα
706 4349 719 4361 ·
770 4331 989 4385 δέδοικα
1022 4327 1098 4398 μὴ
1142 4325 1455 4396 κατήγορον
1487 4322 1634 4395 εὖρω
1664 4324 1762 4395 τὴν

176 4436 369 4505 κτῆσιν,
415 4433 665 4486 ἄπιστος
704 4422 837 4493 περὶ
874 4419 1070 4473 τοῦτον
1107 4418 1297 4487 φανείς
1323 4433 1337 4447 ο
1376 4414 1438 4473 οὗ
1496 4418 1574 4487 τῷ
1601 4419 1761 4472 πάθει

1870 3236 2130 3299 tudinem,
2167 3245 2220 3291 et
2248 3235 2462 3299 efﬁciet,
2506 3248 2563 3289 ut
2603 3239 2705 3291 sim
2750 3237 3020 3307 particeps
3057 3238 3203 3295 illius
3250 3242 3447 3297 mterni

1866 3328 2190 3397 splendoris.
2226 3326 2470 3394 llabetis,
2513 3344 2546 3383 ο
2577 3329 2759 3395 amici,
2815 3331 3025 3385 habetis
3071 3336 3209 3402 apud
3242 3350 3332 3389 vos
3361 3351 3453 3390 so-

1866 3419 2089 3487 latium,
2140 3435 2303 3489 prope
2352 3429 2437 3473 est
2488 3420 2643 3474 vobis
2699 3421 3022 3477 consolatio.
3073 3422 3246 3489 Quem
3302 3428 3449 3480 enim

1867 3524 2086 3580 propter
2128 3510 2289 3563 linem
2338 3512 2551 3577 lugetis,
2605 3526 2728 3565 eum
2761 3527 2856 3565 vos
2889 3523 3009 3583 post
3036 3514 3194 3569 finem
3228 3514 3448 3570 beatum

1868 3601 2205 3669 reputabitis.
2243 3600 2451 3656 Suﬂicit
2486 3611 2669 3655 autem
2699 3604 2801 3658 hoc
2825 3607 2892 3657 ad
2924 3605 3254 3661 adferendam
3282 3608 3448 3660 animi

1869 3688 2337 3763 tranquillitatem,
2372 3695 2513 3750 scire
2542 3694 2779 3750 amicum
2805 3696 2922 3752 fore
2960 3699 3250 3753 multorum
3281 3703 3453 3755 bono-

1868 3804 1983 3840 rum
2023 3787 2337 3856 participem
2372 3806 2385 3839 :
2422 3789 2699 3856 quomodo
2728 3798 2812 3845 est
2848 3790 3176 3856 invidorum,
3212 3794 3292 3847 vel
3324 3796 3453 3849 odio

1868 3880 2046 3948 petitis
2087 3880 2401 3934 habentium
2447 3881 2755 3945 hominum,
2812 3884 3033 3938 studere
3066 3899 3187 3937 cum
3238 3886 3452 3954 privare

1866 3970 2177 4033 splendore.
2235 3968 2411 4022 Nolite
2470 3968 2671 4023 deflere
2744 3984 2867 4023 eum
2939 3975 3031 4040 qui
3084 3970 3269 4025 deficit
3304 3991 3319 4025 :
3355 3977 3452 4028 sed

1865 4061 2069 4132 gratias
2095 4060 2238 4132 agite
2268 4061 2317 4116 ei
2361 4061 2453 4131 qui
2514 4061 2746 4140 accipit.
2778 4059 2893 4116 Non
2932 4063 3062 4116 mihi
3089 4064 3233 4119 illius
3265 4066 3451 4134 gloriae

1868 4153 2251 4208 detrimentum
2304 4152 2573 4219 alieratis,
2630 4168 2792 4223 quam
2846 4168 2947 4221 ego
3008 4154 3117 4208 vidi
3180 4157 3461 4210 elementa.

1866 4254 2196 4299 moventem.
2253 4244 2369 4297 Non
2421 4244 2732 4313 negaverim
2777 4257 2924 4307 eum,
2968 4258 3129 4313 quem
3162 4245 3255 4298 Dei
3285 4247 3452 4299 semel

1869 4335 2061 4391 Filium
2093 4350 2211 4391 sum
2260 4334 2568 4393 cenfessus.
2604 4333 2795 4392 Timeo
2835 4351 2907 4391 ne
2936 4345 3171 4391 creatam
3200 4350 3452 4391 naturam

1870 4428 2140 4483 inveniam
2172 4430 2589 4492 accusntricem,
2624 4428 2669 4483 si
2699 4429 2752 4480 in
2787 4441 2910 4484 eum
2938 4442 3222 4497 appaream
3257 4430 3453 4483 inlide-

176 4493 265 4579 καί
308 4529 335 4581 δ
358 4493 602 4597 οὐρανὸς
671 4511 1076 4582 ιπεστύγνασε,
1128 4512 1221 4562 καὶ
1251 4508 1349 4571 τὰς
1376 4510 1601 4571 ἀκτῖνας
1638 4526 1760 4562 συν-

1871 4520 1959 4586 lis,
2004 4528 2224 4591 prepter
2260 4519 2419 4590 cuius
2455 4520 2763 4591 passionem
2791 4493 3233 4590 cteluni'quoque
3272 4520 3450 4590 ipsum

176 4618 397 4674 ἐπειλεν
449 4618 642 4687 ηλιος,
687 4608 784 4663 καὶ
839 4606 902 4660 τὸ
939 4605 1065 4674 ’τῆς
1108 4601 1317 4673 ἡμέρας
1356 4601 1764 4671 ἐκαινοτομεῖτο

178 4716 385 4781 φέγγος,
428 4710 530 4762 καὶ
560 4708 649 4766 είς
676 4701 850 4755 νύκτα
886 4695 1208 4769 περιπαθῶς
1244 4694 1478 4748 εἵλκετο.

237 4803 306 4861 Ζ’.
343 4804 467 4858 Ἔτι
509 4798 611 4853 τοῦ
665 4791 934 4860 Λογγίνου
981 4787 1164 4842 ταῦτα
1184 4786 1475 4849 διεξιόντος
1509 4786 1602 4839 καὶ
1636 4786 1762 4850 τοὺς

179 4899 312 4965 παρὰ
336 4897 584 4951 Πιλάτου
615 4885 975 4959 πεμφθέντας
1009 4884 1185 4936 ποιεῖν
1225 4883 1286 4934 τὸ
1317 4880 1611 4934 κελευσθὲν
1640 4879 1761 4932 πεί-

178 4990 376 5055 θοντος,
440 4989 493 5041 οί
560 4975 1112 5048 συγκατακριθέντες
1183 4972 1334 5044 αύτῷ
1383 4973 1475 5025 τὸν
1528 4972 1762 5026 θάνατον

179 5081 493 5152 στρατιιῖιται
540 5066 1174 5140 καταλαμϐάνουσιν.’0
1197 5067 1277 5131 δὲ,
1320 5064 1651 5135 γαννυμένῳ
1684 5064 1763 5135 τῷ

178 5173 438 5253 προσφπῳ
484 5169 590 5224 καὶ
644 5163 859 5234 φαιδρῷ
886 5162 1012 5221 τοὺς
1038 5158 1243 5229 ἄνδρας
1291 5157 1436 5220 ἰδὼν,
1494 5158 1676 5224 δεξιάν
1703 5176 1761 5212 τε

179 5252 345 5335 αὑτοῖς
392 5261 703 5336 ἐμϐάλλει,
731 5256 827 5309 καὶ
859 5252 1180 5325 περιὸἁλλει
1214 5253 1304 5306 τὸν
1334 5252 1630 5323 τράχηλον,
1669 5253 1762 5305 καὶ

180 5360 478 5430 “Birino;
503 5395 521 5421 ,
555 5352 739 5424 ἡδέως
773 5348 939 5417 φιλεῖ,
975 5346 1070 5399 καί
1123 5365 1135 5377 ·
1166 5345 1424 5415 Χαίρετε,
1451 5338 1497 5397 ὦ
1529 5361 1765 5414 συστρα-

180 5452 348 5504 τιῶται
384 5445 641 5519 Χριστοῦ
675 5447 769 5496 καὶ
798 5438 1129 5510 κληρονόμοι
1158 5438 1258 5508 τῆς
1279 5438 1583 5507 βασιλείας,
1605 5438 1760 5507 φησι,

179 5545 407 5615 χαίρετε·
447 5542 558 5615 ἤδη
596 5537 715 5607 γὰρ
741 5536 774 5603 ἠ
800 5535 857 5586 ὲν
882 5532 1135 5602 οὐρανοῖς
1159 5530 1303 5597 πύλη
1336 5530 1635 5598 ἀνέῳκται,
1670 5529 1762 5582 καὶ

180 5634 383 5701 ἄγγελοι
469 5634 577 5692 τὰς
650 5624 934 5697 ἡμετέρας
993 5620 1249 5692 μέλλουσι
1308 5620 1763 5691 παραλαμϐάνειν

179 5724 337 5797 ψυχὰς
388 5728 486 5780 καὶ
548 5720 634 5788 τῷ
685 5717 970 5788 μονογενεῖ
1019 5712 1319 5781 προσάγειν
1352 5712 1502 5782 Υἱῴ⁸
1534 5713 1643 5765 ἰδοὺ
1670 5716 1761 5764 καὶ

181 5818 263 5882 τὰς
298 5818 590 5888 λαμπάδας
620 5810 763 5881 ὁρῶ,
792 5810 887 5861 καὶ
907 5808 973 5861 τὰ
997 5806 1230 5875 βραὸεῖόι
1251 5826 1339 5875 μοι
1377 5809 1758 5876 ὑποφαίνεται,

1872 4620 1956 4667 est
1982 4611 2231 4667 affectum
2266 4612 2508 4676 tristitia,
2542 4619 2596 4665 et
2619 4610 2699 4665 sol
2730 4608 3005 4667 contraxit
3038 4609 3236 4675 radios,
3266 4621 3322 4666 et
3361 4611 3451 4665 lux

1872 4704 1978 4759 diei
2008 4700 2391 4757 miserabiliter
2416 4699 2645 4755 deducta
2678 4698 2781 4755 fuit
2810 4702 2877 4755 ad
2909 4708 3146 4755 noctein.

1942 4793 2056 4851 VII.
2094 4792 2221 4850 Haec
2246 4794 2423 4850 adhuc
2449 4794 2660 4849 dicente
2681 4791 2950 4863 Longino,
2983 4802 3039 4848 et
3057 4794 3158 4856 eis,
3186 4794 3276 4859 qui
3301 4794 3453 4848 missi

1872 4886 2091 4941 fuerunt
2133 4900 2163 4940 a
2208 4884 2376 4939 Pilato
2428 4885 2786 4952 persuadente
2826 4892 2883 4938 ut
2920 4881 3165 4938 facerent
3197 4884 3340 4952 quod
3370 4884 3453 4946 eis

1873 4978 2050 5031 fuerat
2066 4978 2412 5045 imperatum,
2438 4976 2666 5031 veniunt
2687 4976 2905 5041 milites,
2930 4978 3020 5044 qui
3047 4990 3169 5029 cum
3192 4990 3257 5030 eo
3278 4987 3453 5031 morte

1874 5068 2110 5125 damnati
2143 5069 2375 5123 fuerant.
2404 5066 2496 5122 Ille
2528 5076 2733 5127 autem,
2755 5065 2873 5119 laeto
2900 5076 2958 5121 et
2985 5067 3146 5120 alacri
3176 5066 3322 5120 vultu
3358 5082 3455 5121 eos

1872 5163 2108 5223 intuens,
2139 5171 2191 5216 et
2218 5162 2499 5217 dexteram
2524 5158 2604 5213 eis
2636 5158 2835 5229 injicit,
2867 5166 2921 5213 et
2949 5158 3141 5213 collum
3168 5159 3452 5227 amplecti-

1874 5265 1979 5319 tur,
2026 5262 2081 5309 et
2130 5254 2316 5309 oculos
2374 5251 2616 5306 suaviter
2677 5248 3041 5313 deosculatur,
3084 5259 3159 5313 et,
3212 5246 3447 5313 Salvete,

1871 5344 2066 5415 inquit,
2116 5359 2150 5400 ο
2191 5342 2391 5398 Christi
2438 5341 2864 5407 commilitones,
2914 5350 2968 5395 et
3001 5341 3241 5395 heredes
3280 5345 3450 5411 regni,

1872 5438 2097 5495 salvete.
2119 5435 2239 5491 Jam
2265 5437 2408 5491 enim
2439 5444 2624 5505 aperta
2646 5443 2727 5489 est
2753 5442 2929 5503 ports,
2953 5448 3071 5501 qua:
3097 5432 3252 5487 estin
3276 5433 3453 5497 uelis,

1871 5542 1923 5586 et
1950 5529 2123 5597 angeli
2151 5538 2277 5583 sunt
2309 5535 2527 5583 nostras
2558 5526 2835 5595 accepturi
2872 5524 3103 5586 animas,
3134 5531 3188 5577 et
3218 5523 3452 5578 obtaturi

1874 5622 2007 5676 Filio
2053 5622 2354 5693 unigenito.
2391 5620 2552 5685 Ecce,
2580 5630 2635 5674 et
2679 5616 2955 5687 lampades
2995 5617 3170 5682 video,
3198 5625 3254 5671 et
3284 5630 3449 5685 appa-

1873 5728 1989 5769 rent
2039 5717 2169 5769 mihi
2216 5715 2421 5779 bravia,
2456 5729 2577 5769 cum
2627 5710 2825 5782 quibus
2874 5710 3098 5765 sistendi
3149 5723 3339 5764 sumus
3384 5707 3455 5761 ad

1869 5807 2075 5862 Judicis
2124 5807 2381 5861 tribunal.
2424 5807 2529 5861 Sed
2572 5805 2713 5861 enim
2756 5805 2798 5857 si
2833 5802 2961 5874 quid
2992 5801 3142 5859 vobis
3171 5810 3255 5858 est
3286 5802 3454 5871 impeo
