3972 6428
485 366 557 428 39
1754 354 2042 415 MENSIS
2080 353 2091 412 l

2199 352 2460 414 RTIUS.

3714 355 3797 420 όθ

486 496 695 542 ratum.
734 478 945 535 dicebat
987 476 1067 531 eis
1099 475 1190 545 qui
1240 472 1389 528 missi
1452 473 1686 535 fuerant,
1731 471 1783 526 id
1842 471 2077 540 implete.

2199 469 2309 538 μεθ’
2336 463 2411 523 ὧν
2438 468 2516 539 τῷ
2541 468 2635 522 τοῦ
2661 469 2998 537 ἀγωνοθέτου
3028 470 3501 541 παραστησόμεθα
3533 472 3747 543 βήματι
3771 496 3786 509 ο

486 576 691 632 Deinde
739 572 900 627 etiam
950 582 1247 624 conversus
1277 566 1341 619 ad
1371 567 1560 619 domus
1589 574 1896 619 curatorem
1928 564 2082 632 jubet

488 679 690 723 vestem
747 664 1005 719 mundam
1055 661 1120 714 ad
1172 675 1229 715 se
1274 659 1491 723 delerri,
1549 668 1605 712 ut
1656 660 1743 725 qui
1783 658 1896 728 jam
1936 665 2081 711 esset

486 772 711 815 vocatus
746 758 812 812 ad
866 754 1085 822 nuptias
1118 762 1172 806 et
1206 752 1525 812 thalamum,
1561 760 1610 805 et
1653 765 1717 803 eo
1768 748 2074 804 festinaret.

490 852 661 907 Porro
688 859 868 903 autem
900 862 1021 900 cum
1057 844 1313 898 induisset
1346 854 1572 902 vestem.
1609 850 1664 894 et
1699 856 1858 893 manu
1889 851 2077 893 osten-

485 944 654 998 dissel
709 938 1001 1004 tumulum,
1048 936 1100 989 iu
1154 950 1261 1003 quo
1314 935 1525 986 volebat
1581 934 1707 1002 poni
1759 946 1979 1000 corpus,
2022 931 2077 984 in

490 1048 666 1103 genua
698 1046 819 1085 cum
856 1032 919 1082 iis
948 1028 1179 1090 duobus,
1212 1027 1301 1093 qui
1334 1034 1489 1079 erant
1517 1040 1639 1077 cum
1676 1026 1812 1092 ipso,
1846 1022 2077 1076 inclina-

489 1136 576 1178 rus
604 1126 658 1194 (ο
688 1124 900 1176 beatum
930 1123 1087 1173 tinem
1112 1120 1181 1185 ί),
1207 1118 1414 1187 peregit
1452 1126 1728 1171 certamen
1759 1132 1773 1169 :
1806 1126 1858 1168 et
1890 1129 2080 1181 ampu-

492 1218 621 1270 tatis
672 1230 858 1269 eorum
916 1213 1206 1280 capitibus,
1258 1209 1330 1261 illi
1382 1210 1729 1261 ascribuntur
1783 1208 1835 1259 in
1877 1208 2077 1260 clioros

497 1320 796 1379 martyrum
831 1317 886 1359 et
915 1304 1305 1373 apostolorum,
1356 1303 1569 1355 illorum
1614 1301 1829 1368 quidem
1862 1298 2077 1352 fortitu-

493 1403 698 1467 dinem,
730 1402 921 1454 borum
960 1412 1086 1451 vero
1118 1396 1292 1449 zelum
1327 1410 1422 1463 pro
1448 1394 1668 1447 Christo
1699 1391 2077 1447 ostendentes.

574 1672 703 1727 VIII.
743 1672 881 1738 Quid
931 1686 1056 1723 vero
1096 1677 1219 1739 post
1253 1668 1365 1723 haec
1396 1677 1474 1722 est
1517 1664 1910 1719 consecutum?
1938 1661 2078 1717 Mar—

500 1766 729 1836 tyricum
764 1764 905 1815 illius
930 1762 1154 1827 Longini
1183 1769 1343 1827 caput
1370 1776 1491 1811 cum
1520 1760 1702 1811 statim
1738 1758 2077 1825 accepissent

500 1859 559 1918 ii,
597 1854 686 1922 qtti
735 1868 851 1906 cum
904 1853 1308 1911 interfecerant.
1342 1851 1406 1902 ad
1464 1850 1620 1902 ﬁdem
1673 1850 1827 1917 plene
1874 1848 2081 1901 facien-

501 1950 625 1999 dam
680 1946 824 2013 quod
861 1944 1131 2010 Longinus
1170 1950 1316 1994 esset
1360 1950 1624 2001 mortuus,
1661 1940 1709 1991 id
1754 1946 1971 2023 portant
2019 1939 2083 1990 ad

504 2037 761 2097 Pilatum,
799 2046 854 2087 nt
895 2034 982 2102 qui
1018 2034 1223 2086 scirent
1255 2046 1311 2085 se
1347 2030 1489 2083 nullo
1516 2030 1622 2084 alio
1649 2031 1811 2109 dono,
1838 2044 1995 2098 quam
2021 2042 2086 2081 eo

505 2128 678 2197 magis
716 2127 787 2179 illi
836 2126 1259 2196 gratiﬁcaturos.
1298 2121 1418 2191 Ipse
1460 2131 1637 2173 autem
1670 2121 1852 2174 statim
1886 2134 2087 2171 cenvo-

503 2222 647 2274 cavit
678 2217 911 2279 Iudaeos,
964 2232 1155 2283 magna
1190 2231 1373 2267 secum
1428 2216 1702 2280 voluptate
1753 2210 2084 2277 alliciendos,

506 2322 566 2365 ut
598 2314 686 2378 qui
725 2308 953 2376 Longini
982 2308 1135 2359 valde
1160 2315 1389 2360 mortem
1429 2304 1665 2368 sitirent,
1698 2314 1751 2356 et
1787 2319 1902 2355 eam
1926 2306 2089 2357 emis-

506 2407 629 2455 seut
677 2398 941 2467 pecuniis.
995 2394 1149 2461 Quod
1198 2395 1413 2463 quidem
1468 2409 1587 2447 cum
1642 2394 1837 2449 factum
1875 2393 2085 2461 fuisset,

510 2502 567 2543 ut
605 2491 687 2544 eis
738 2489 1001 2556 placebat,
1048 2486 1199 2554 jubet
1252 2498 1439 2539 rursus
1488 2484 1705 2552 indigna
1750 2485 1991 2540 Pilatus:
2032 2496 2087 2541 ct

506 2588 632 2633 ante
678 2586 887 2646 portam
940 2575 1176 2629 civitatis
1221 2589 1315 2642 per
1361 2573 1709 2642 ignominiam
1767 2572 1869 2625 fuit
1909 2574 2091 2641 proje-

505 2683 653 2726 ctum
710 2667 1005 2738 pretiosum
1068 2666 1186 2733 ejus
1238 2673 1417 2734 caput.
1484 2664 1589 2716 Sed
1654 2664 1720 2723 is.
1772 2665 1857 2715 cui
1910 2663 2084 2717 visum

509 2762 689 2815 fuerat
720 2761 828 2828 pati
862 2772 959 2825 pro
990 2757 1165 2816 nobis,
1206 2758 1342 2821 ejus.
1375 2755 1464 2821 qui
1499 2761 1719 2821 prapter
1750 2753 1930 2822 ipsum
1971 2751 2088 2807 lue-

511 2862 599 2906 rat
626 2864 838 2921 passus,
872 2864 938 2901 ne
975 2863 1114 2900 nunc
1152 2843 1365 2914 quidem
1399 2854 1481 2898 est
1518 2844 1718 2898 oblitus
1747 2861 1759 2896 :
1794 2846 1888 2899 sed
1923 2845 2086 2899 velutl

511 2956 769 3013 perpetuo
808 2950 1161 3011 apparentem
1195 2940 1482 3008 quamdam
1509 2936 1680 2991 facem
1712 2938 1797 2999 iis,
1829 2937 1922 3007 qui
1964 2938 2091 2992 ade-

512 3046 658 3099 rant,
707 3034 1035 3088 cernendum
1089 3034 1361 3099 praebebat
1404 3039 1529 3083 ante
1573 3029 1870 3094 civitatem,
1926 3036 1981 3082 et
2033 3029 2085 3081 in

515 3125 855 3193 sterquilinio
917 3122 1210 3215 jaceuteut.
1265 3123 1517 3188 tanquam
1580 3120 1631 3171 in
1703 3120 1862 3173 domo
1942 3121 2165 3215 regiac

516 3226 920 3277 conservatam,
952 3206 1070 3265 tuto
1112 3211 1448 3281 protegebat,
1485 3227 1588 3265 non
1627 3213 1800 3267 solum
1832 3226 1938 3265 non
1967 3225 2091 3280 per-

518 3311 757 3372 mittens,
810 3320 868 3360 ιιι
924 3304 1128 3376 aliquid
1174 3313 1450 3374 pateretur
1503 3320 1530 3357 a
1584 3306 1730 3372 limo,
1770 3305 1866 3360 sed
1924 3296 2087 3359 etiam

518 3404 754 3456 liberans
786 3399 943 3462 alios,
997 3413 1066 3452 ne
1119 3397 1321 3465 aliquid
1377 3406 1597 3465 propter
1653 3400 1703 3450 id
1754 3407 2090 3465 paterentur.

516 3494 769 3560 Quaedam
805 3496 951 3544 enim
987 3490 1177 3540 mulier
1228 3487 1409 3550 vidua,
1458 3502 1576 3555 qua:
1620 3498 1792 3540 morte
1841 3488 2091 3542 maritum

518 3589 801 3651 amiserat,
834 3599 956 3637 cum
986 3581 1096 3635 lilio
1142 3589 1319 3633 autem
1362 3579 1522 3634 unico
1570 3575 2001 3646 conﬂictabatur‘,
2040 3588 2095 3634 et

519 3682 716 3750 praeter
750 3678 1063 3730 viduitatem
1111 3675 1448 3727 sustinuerat
1490 3674 1653 3725 etiam
1687 3674 1962 3727 oculorum
2000 3692 2093 3729 or-

520 3774 767 3833 bitatem,
800 3770 941 3821 malo
981 3768 1081 3819 ﬁde
1116 3774 1394 3832 snperato,
1431 3778 1552 3815 cum
1604 3763 1711 3817 (Ilio
1760 3767 1903 3819 vadit
1940 3764 2097 3819 Jeru-

522 3862 715 3919 salem,
738 3866 1073 3917 sanctorum,
1105 3870 1221 3923 qua:
1252 3854 1320 3906 ibi
1347 3867 1524 3918 erant,
1552 3853 1791 3907 locorum
1846 3865 2096 3909 contactu

521 3963 578 4007 et
609 3951 950 4013 adoratioue,
984 3962 1119 4016 quos
1166 3948 1422 4000 amiserat
1475 3948 1724 4016 corporis
1760 3949 1941 4013 duces,
1974 3964 2097 4017 spe-

524 4061 654 4099 rans
686 4057 744 4096 se
770 4042 1240 4107 recuperaturum.
1269 4039 1403 4091 Cum
1447 4049 1624 4091 autem
1656 4056 1686 4091 a
1730 4038 1838 4093 lilio
1874 4041 2098 4094 deducta

526 4140 727 4193 terram
765 4143 989 4206 caperet
1025 4143 1085 4186 et
1134 4131 1430 4201 pulverem.
1478 4142 1533 4186 et
1580 4132 1882 4201 imponeret
1908 4134 2099 4196 oculis,

524 4234 777 4302 adjicitur
812 4228 1054 4282 viduitati
1082 4237 1135 4281 et
1168 4226 1443 4281 oculorum
1472 4227 1692 4281 orbitati
1738 4227 1936 4297 (qualia
1973 4241 2103 4283 sunt

528 4326 621 4378 Dci
653 4324 871 4393 judicia)
926 4322 1031 4375 alia
1065 4336 1277 4388 quoque
1310 4320 1489 4387 gravis
1535 4320 1835 4375 calamitas.
1884 4321 2103 4375 Morbus

526 4418 675 4473 enim
725 4416 943 4484 quidam
996 4412 1258 4467 iuudens
1312 4425 1563 4480 puerum,
1605 4412 1697 4481 qui
1743 4426 1841 4480 pro
1887 4413 2103 4465 amissis

526 4514 702 4567 oculis
733 4512 909 4564 fuerat
950 4510 997 4563 ei
1040 4508 1177 4562 alius
1213 4508 1427 4567 oculus,
1454 4517 1673 4576 repente
1699 4506 1857 4576 (prob
1882 4505 2031 4561 dolor
2062 4506 2101 4576 ε)
2129 4482 2182 4542 Ῑ)

528 4607 729 4673 abripit
758 4619 786 4657 a
822 4606 940 4657 sinu
977 4602 1188 4654 matris.

600 4694 695 4749 IX.
724 4693 915 4746 Statim
950 4704 1077 4758 ergo
1110 4687 1355 4756 duplices
1388 4688 1454 4739 ad
1489 4701 1611 4739 eum
1650 4690 1913 4740 accedunt
1945 4696 2099 4741 tene-

529 4789 663 4850 brae,
694 4794 749 4839 et
774 4786 895 4836 vita?
919 4783 1003 4835 lux
1036 4779 1193 4834 simul
1232 4778 1592 4849 exstinguitur
1622 4794 1741 4832 cum
1774 4778 1889 4832 luce
1920 4778 2104 4832 oculo-

530 4896 693 4935 rum:
731 4885 951 4943 eratque
981 4874 1203 4927 omnino
1242 4872 1426 4925 infelix
1476 4872 1565 4925 illa
1622 4872 1936 4937 immobilis,
1984 4882 2103 4926 tan—

532 4984 693 5041 quam
738 4968 919 5035 aliquo
977 4964 1223 5030 fulmine,
1277 4964 1523 5033 perculsa
1578 4964 1908 5020 calamitate.
1965 4965 2104 5020 Cum

534 5071 712 5118 autem
745 5059 903 5129 paulo
944 5067 1065 5129 post
1108 5074 1137 5111 a
1191 5058 1330 5111 malo
1362 5057 1430 5110 ad
1474 5071 1532 5111 se
1569 5058 1844 5119 rediisset,
1879 5054 2109 5110 deﬂebat

536 5152 943 5215 miserabiliter,
994 5160 1049 5204 et
1095 5150 1430 5204 miserandas
1485 5162 1644 5202 voces
1702 5150 1986 5203 euuttebat
2040 5148 2107 5204 ad

540 5244 827 5302 Dominum
855 5261 869 5294 :
898 5240 943 5296 0
972 5237 1220 5306 Domine,
1256 5239 1463 5302 dicens,
1511 5253 1609 5291 cur
1651 5240 1728 5293 sic
1773 5248 1995 5307 gravata
2026 5250 2109 5294 est

541 5351 735 5393 manus
784 5344 874 5387 tua
916 5347 1077 5403 super
1128 5348 1233 5397 me,
1268 5338 1321 5385 et
1356 5344 1517 5398 supra
1552 5330 1791 5383 dolorem
1829 5328 2106 5383 vulnerum

539 5442 788 5483 meorum
856 5422 1199 5478 addidisti“?
1258 5420 1322 5475 Et
1380 5435 1526 5474 nunc
1584 5418 1770 5473 lumen
1829 5420 2107 5475 oculorum

542 5531 788 5573 meorum
836 5523 891 5567 et
940 5513 1113 5583 ipsum
1173 5526 1277 5565 non
1330 5519 1413 5565 est
1464 5508 1737 5563 mecum“.
1780 5509 1915 5565 Nunt
1969 5511 2113 5565 vires

545 5600 783 5666 lapidum
820 5600 974 5665 ‘vires
1032 5598 1199 5653 mea?
1260 5596 1378 5664 Ipsa
1432 5611 1649 5665 quoque
1698 5598 1905 5661 dicam,
1967 5602 2114 5669 quod

552 5683 687 5738 Job'
720 5704 735 5738 ι
768 5703 787 5735 ι
817 5684 1045 5738 Posuisti
1071 5698 1154 5736 me
1186 5684 1519 5751 parabolam,
1550 5685 1794 5752 Domine,
1828 5698 1879 5741 et
1913 5700 2115 5743 motum

630 5796 651 5829 ³
684 5794 823 5848 Psal.
852 5809 1039 5853 ιιι-ιιι,
1067 5796 1157 5846 ‘27.
1234 5795 1253 5825 '
1280 5794 1422 5848 Psal.
1445 5811 1650 5861 xxxvu,
1681 5798 1769 5851 ll.

2187 563 2323 616 ἀλλά
2358 563 2466 631 γὰρ
2514 563 2568 615 εἴ
2612 580 2663 615 τι
2694 563 2791 615 καὶ
2836 563 3275 631 προσετάχθητε,
3310 564 3447 633 πρὸς
3474 568 3603 629 τοὺς
3638 584 3792 636 πεμ-

2187 653 2664 721 φθένταςελεγεν,
2691 652 3059 721 ἐκπληροῦτε.
3091 648 3223 704 Εἶτα
3264 653 3359 704 καὶ
3390 653 3525 720 πρὸς
3554 654 3646 706 τὸν
3682 656 3792 723 τῆς

2183 744 2362 806 οἰκίας
2386 746 2748 816 ἐπιστραφεὶς
2771 742 3097 810 ἐπίτροπον,
3126 740 3321 808 στολὴν
3354 739 3505 808 αὑτῷ
3531 741 3791 810 καθαρὰν

2186 836 2516 905 κομισθῆναι
2547 834 2786 899 κελεύει,
2828 834 2903 895 ὡς
2929 834 3021 885 ἐπὶ
3055 834 3233 901 γάμον
3262 832 3363 902 ήδη
3398 834 3490 884 καὶ
3512 834 3791 899 νυμφῶνα

2184 927 2440 996 κληθέντι
2476 927 2573 979 καὶ
2622 928 2760 997 πρὸς
2816 926 2984 979 αὑτὸν
3013 927 3323 978 σπεύδοντι.
3387 925 3587 994 Καὶδὴ
3620 941 3794 993 κομι-

2186 1019 2407 1072 σθεῖσαν
2432 1011 2596 1083 ’ἐνδὺς
2628 1020 2723 1072 καὶ
2782 1022 2847 1087 τῇ
2880 1020 3025 1088 χειρὶ
3060 1019 3239 1083 δείξας
3290 1020 3381 1072 τὸν
3431 1019 3617 1087 λόφον,
3649 1019 3789 1073 ἔνθα

2181 1112 2408 1180 τεθῆναι
2442 1112 2501 1164 τὸ
2529 1112 2689 1180 σῶμα
2720 1112 3009 1180 ἠϐούλετο,
3046 1113 3126 1174 είς
3160 1113 3290 1178 γόνυ
3335 1112 3473 1179 μετά
3529 1114 3638 1165 τῶν
3686 1115 3792 1166 σίιν

2184 1204 2333 1274 σὺτῷ
2394 1202 2719 1271 κλιθε“ις(ῶ
2780 1204 3059 1272 μακαρίου
3118 1203 3381 1272 τέλονςί)
3441 1204 3532 1259 τὸν
3590 1204 3791 1272 ἀγῶνα

2181 1294 2434 1363 διήνυσε·
2489 1292 2584 1344 καὶ
2632 1294 2731 1354 τὰς
2786 1294 3029 1360 κεφαλὰς
3089 1294 3531 1362 ἀποτμηθέντες,
3594 1297 3790 1364 χοροῖς

2186 1386 2491 1457 μαρτύρων
2549 1386 2643 1437 καὶ
2690 1386 3017 1438 ἀποστόλων
3067 1387 3475 1456 ἐγγράφονται,
3532 1388 3643 1439 τῶν
3676 1388 3785 1456 μὲν

2181 1478 2280 1547 τὴν
2330 1476 2609 1547 ἀνδρείαν,
2650 1477 2759 1529 τῶν
2789 1476 2845 1529 δὲ
2874 1478 2966 1529 τὸν
3006 1478 3147 1547 ὑπὲρ
3176 1480 3417 1547 Χριστοῦ
3454 1478 3620 1546 ζῆλον
3656 1482 3790 1532 ἑπι-

2186 1569 2527 1639 δειξάμενοι.

2255 1666 2337 1718 Il’.
2375 1664 2446 1717 Τὺ
2474 1665 2531 1716 δὲ
2560 1664 2700 1733 μετὰ
2732 1661 2930 1723 ταῦτα,
2962 1660 3016 1712 τί
3045 1677 3058 1725 ;
3091 1660 3205 1730 Τὴν
3254 1664 3599 1733 μαρτυρικὴν
3636 1666 3791 1716 ὲκεί-

2187 1775 2282 1825 νην
2310 1757 2580 1823 Λογγίνου
2613 1754 2857 1822 κεφαλὴν
2890 1757 2969 1816 είς
2992 1754 3261 1806 πίστωσιν
3284 1755 3489 1824 ἀκριϐῆ
3522 1755 3794 1818 λαϐόντες

2189 1850 2392 1902 αὐτίκα
2451 1850 2497 1899 οἱ
2545 1848 2829 1909 ἀνελόντες
2887 1848 2967 1900 ὅτι
3003 1850 3269 1914 Λογγῖνος
3320 1848 3575 1919 τέθνηκε.
3625 1850 3795 1917 κομί-

2192 1940 2345 2003 ζουσι
2371 1939 2448 2007 τῷ
2482 1938 2721 2006 Πιλάτῳ,
2750 1937 2957 2000 εἰδότες
2986 1938 3067 1989 ὅτι
3102 1937 3297 2007 μηδενὶ
3325 1938 3470 2006 ἄλλῳ
3496 1940 3793 2009 δωρήματι

2189 2026 2465 2092 τοσοῦτον,
2490 2026 2565 2088 ὡς
2604 2026 2823 2095 ἐκείνῳ,
2866 2026 2944 2095 τῷ
3008 2027 3158 2096 αὺτῷ
3214 2026 3563 2097 χαριοῦνται·
3602 2028 3697 2081 καὶ
3726 2029 3791 2089 ὃς

2191 2119 2478 2171 συνεκάλει
2504 2118 2854 2186 παραχρῆμα
2874 2122 2967 2170 καὶ
3004 2119 3282 2181 Ἰουδαίοις
3300 2120 3368 2171 τὰ
3396 2120 3606 2189 μεγάλα
3628 2120 3790 2189 αὐτῷ

2192 2209 2721 2279 συνησθησομένοις,
2757 2210 2853 2262 am
2881 2208 2978 2260 καὶ
3008 2210 3196 2271 αὐτοῖς
3230 2210 3351 2263 λίαν
3394 2211 3486 2262 τὸν
3515 2213 3791 2279 Λογγίνου

2193 2301 2425 2354 θάνατον
2465 2299 2661 2367 διψῶσι
2703 2300 2799 2353 καὶ⁵
2828 2300 3129 2369 χρημάτων
3157 2298 3319 2353 ῶνιον
3373 2299 3564 2353 τοῦτον
3626 2320 3761 2369 ποιη

2194 2392 2487 2461 σαμένοις·
2538 2384 2600 2443 οὗ
2658 2391 2721 2461 δὴ
2773 2392 2866 2443 καὶ
2901 2391 2976 2454 ὼς
3018 2391 3205 2453 αὐτοῖς
3266 2391 3421 2459 φίλον
3483 2394 3792 2462 γενομένου

2194 2489 2526 2559 προστάττει
2573 2489 2669 2541 κα)⁸
2726 2486 2882 2549 αὖθις
2910 2488 3168 2550 Πιλάτος,
3202 2487 3297 2540 καὶ
3335 2487 3443 2561 πρὸ
3475 2488 3573 2556 τῆς
3610 2487 3792 2557 πύλης

2190 2576 2405 2643 ἀτίμως
2433 2577 2465 2643 ἡ
2506 2574 2665 2643 τιμία
2691 2576 2905 2644 κεφαλὴ
2931 2579 3029 2643 τῆς
3060 2577 3272 2638 πόλεως
3313 2575 3545 2646 ἔρριπτο
3565 2595 3579 2608 ⁸
3612 2576 3732 2630 ἀλλ’
3761 2583 3793 2631 ὁ

2191 2667 2331 2737 ὑπὲρ
2362 2666 2518 2736 ἡμῶν
2538 2668 2736 2721 παθεῖν
2763 2669 3067 2737 εὐδοκήσας
3098 2670 3189 2721 τοῦ
3213 2670 3280 2721 δι’
3302 2672 3465 2723 αὐτὸν
3522 2672 3791 2734 παθοντος

2191 2759 2312 2813 οὐδὲ
2359 2759 2453 2812 νῦν
2505 2760 2825 2823 ἐπελάθετο,
2859 2761 2974 2813 ἀλλ’
3006 2757 3118 2813 οἷον
3136 2762 3381 2829 ἀειφανῆ
3416 2780 3537 2813 τινα
3575 2763 3789 2830 πυρσὸν

2190 2855 2304 2914 τοῖς
2362 2850 2623 2922 παριοῦσι
2675 2854 2938 2920 παρεῖχεν
2980 2854 3111 2921 όρᾷν
3176 2852 3281 2921 πρὸ
3321 2852 3419 2920 τῆς
3450 2852 3656 2915 πόλεως
3686 2853 3789 2906 καὶ

2190 2941 2257 3007 τῇ
2289 2937 2495 3009 κοπρίᾳ
2524 2936 2815 3005 κειμένην,
2856 2936 2929 2998 ὡς
2954 2937 3019 2988 ὲν
3056 2936 3323 3006 βασιλικῷ
3354 2940 3488 3006 οῐκῳ
3510 2938 3789 3005 φυλαττο-

2196 3028 2365 3100 μένην
2428 3030 2653 3098 ἀφανῶς
2716 3030 2950 3082 ἐσκεττεν
2976 3071 2990 3094 ,
3044 3031 3103 3082 οὑ
3139 3031 3304 3100 μόνον
3355 3031 3508 3084 οὐδὲν
3540 3030 3649 3083 ἀπὸ
3682 3033 3788 3100 τῆς

2194 3123 2427 3194 κοπρίας
2452 3124 2621 3185 ἐάσας
2650 3122 2862 3187 παθεῖν,
2894 3122 3030 3175 ἀλλὰ
3053 3123 3261 3176 καὶτοῦ
3305 3125 3536 3191 πάσχειν
3562 3124 3790 3189 ἑτέρους

2193 3214 2283 3267 διὰ
2330 3212 2534 3281 ταύτης
2590 3211 2993 3281 ἐλευθερώσας.
3058 3214 3217 3281 Χήρα
3249 3214 3357 3281 γάρ
3391 3230 3473 3276 τις
3527 3213 3660 3284 γυνὴ
3691 3195 3791 3266 καί

2195 3305 2409 3374 θανάτῳ
2444 3306 2541 3374 μὲν
2572 3305 2661 3357 τὸν
2688 3304 2853 3374 ἄνδρα
2882 3305 3241 3374 ζημιωθείσα,
3277 3305 3377 3373 υἱῷ
3398 3305 3455 3357 δέ
3484 3323 3587 3359 τινι
3625 3323 3787 3373 μονο-

2196 3399 2341 3464 γενεῖ
2371 3399 2463 3448 καὶ
2497 3396 2644 3466 μόνῳ
2690 3396 2994 3449 σαλεύοντα
3028 3398 3121 3449 καὶ
3159 3396 3294 3465 πρὸς
3326 3398 3390 3466 τῇ
3439 3398 3641 3467 χηρείᾳ
3689 3403 3793 3453 καὶ

2195 3496 2301 3547 τῶν
2339 3493 2635 3561 ὀφθαλμῶν
2669 3494 2917 3562 πήρωσιν
2974 3493 3274 3553 ὑποστᾶσα,
3302 3494 3483 3545 πίστει
3522 3492 3580 3545 τὸ
3611 3493 3790 3556 πάθος

2195 3590 2470 3655 νικήσασα
2528 3583 2665 3653 μετά
2722 3582 2817 3634 τοῦ
2869 3583 3059 3635 τέκνου
3120 3583 3256 3652 πρὸς
3286 3584 3384 3654 τὴν
3422 3584 3788 3654 Ἰερουσαλὴμ

2197 3680 2404 3741 ἄπεισι,
2461 3679 2525 3747 τῇ
2557 3675 2666 3728 τῶν
2693 3674 2863 3743 ἁγίων
2916 3677 2973 3727 έν
3007 3676 3144 3747 αὐτῇ
3172 3678 3354 3730 τόπων
3384 3680 3568 3748 ἐπαφῇ
3603 3695 3661 3730 τε
3686 3684 3788 3731 καὶ

2198 3772 2595 3843 προσκυνήσει,
2627 3768 2721 3831 οὓς
2746 3768 3089 3835 ἀποϐέϐληκε
3113 3769 3205 3821 τοῦ
3234 3771 3485 3839 σώματος
3514 3788 3790 3841 φωταγω-

2198 3862 2350 3926 γοὺς,
2391 3859 2686 3911 ἀπολαϐεῖν
2703 3857 2992 3910 ἐλπίσασα.
3061 3857 3150 3920 Ὠς
3208 3856 3301 3911 οὖν
3331 3861 3434 3912 ὑπὸ
3463 3863 3560 3916 τοῦ
3596 3864 3790 3927 παιδῦς

2200 3950 2691 4023 χειραγωγουμένη
2727 3948 2820 4001 τοῦ
2850 3948 2969 4018 χοὸς
2997 3948 3268 4018 έλάμόανε
3302 3952 3397 4003 καὶ
3425 3951 3523 4022 τῆς
3561 3952 3791 4017 κόνεως,

2202 4044 2296 4095 καὶ
2319 4043 2432 4103 τοῖς
2457 4040 2759 4110 ὀφθαλμοῖς
2793 4040 3055 4106 ἐπετίθει,
3102 4043 3455 4112 προστίθεται
3494 4048 3559 4114 τῇ
3588 4047 3791 4116 χηρείᾳ

2202 4134 2300 4187 καὶ
2350 4134 2415 4202 τῇ
2459 4132 2706 4204 πηρώσει
2750 4132 2859 4186 τῶν
2910 4133 3231 4203 ὀφθαλμῶν,
3292 4128 3380 4187 οἷα
3414 4136 3483 4187 τὰ
3520 4136 3617 4188 τοῦ
3647 4138 3792 4189 Θεοῦ

2204 4228 2470 4299 κρίματα,
2495 4230 2589 4280 καὶ
2616 4227 2752 4296 ἄλλη
2789 4227 3003 4296 χαλεπὴ
3028 4233 3284 4297 συμφορά
3308 4242 3321 4257 ⁶
3348 4230 3502 4288 νόσος
3545 4232 3653 4299 γάρ
3705 4248 3794 4296 τις

2205 4318 2593 4372 καταλαόοὖσα
2632 4319 2724 4369 τὸν
2780 4319 2970 4381 παῖδα,
3024 4318 3117 4369 τὸν
3154 4320 3275 4370 ἀντὶ
3323 4319 3420 4388 τῆς
3452 4314 3655 4390 ζημίας
3679 4324 3797 4375 τῶν

2207 4409 2500 4479 ὀφθαλμῶν
2525 4408 2806 4478 ὀφθαλμὸν
2840 4409 2998 4462 ἄλλον
3040 4412 3178 4481 αὐτῇ
3216 4412 3527 4481 γενόμενον,
3566 4390 3794 4485 ἅθ’ρὸον,

2207 4502 2373 4573 οἶμοι,
2416 4503 2521 4557 τῶν
2544 4502 2801 4572 ἀγκαλῶν
2827 4504 2925 4573 τῆς
2964 4504 3170 4573 μητρὸς
3195 4505 3433 4573 ἁρπάζει

2277 4680 2354 4732 0'.
2390 4680 2561 4740 Εὐθὺς
2594 4679 2687 4732 οὖν
2732 4678 2953 4732 διπλοῦν
2994 4682 3131 4754 αὐτῇ
3182 4683 3242 4737 τὸ
3285 4686 3478 4751 σκότος
3504 4689 3793 4761 ἐπιφοιτᾷ,

2211 4770 2303 4822 καὶ
2337 4770 2397 4821 τὸ
2420 4770 2511 4823 τοῦ
2539 4769 2655 4840 βίου
2689 4771 2805 4840 φῶς
2837 4772 2913 4842 τῷ
2958 4774 3066 4826 τῶν
3115 4775 3385 4845 ὀμμάτων
3417 4782 3784 4835 συναποσσέν·

2211 4881 2384 4930 νυται,
2418 4864 2512 4917 καὶ
2536 4861 2603 4933 ἦν
2624 4865 2760 4927 ὅλως
2793 4866 3046 4936 ἀκίνητος
3074 4869 3105 4937 ἡ
3136 4867 3315 4934 ἀθλία,
3338 4869 3527 4943 ῶσπερ
3560 4876 3797 4944 σκηπτῷ

2211 4973 2315 5009 τινι
2342 4956 2602 5024 βληθεῖσα
2651 4958 2717 5024 τῇ
2760 4960 3038 5029 συμφορᾷ.
3082 4960 3235 5012 Μετά
3281 4961 3453 5031 βραχὺ
3482 4963 3538 5015 δὲ
3569 4966 3796 5033 νήψασα

2218 5048 2414 5115 μικρὸν
2435 5047 2526 5097 τοῦ
2560 5045 2754 5111 κακοῦ,
2797 5046 3029 5101 ἐλεεινὸν
3077 5051 3410 5119 ἁποὸύρεται
3441 5055 3533 5104 καὶ
3561 5055 3795 5125 οἰκτρὰς

2211 5139 2363 5207 ὴφίει
2392 5137 2525 5210 πρὸς
2543 5138 2634 5191 τὸν
2655 5140 2932 5209 Δεσπότην
2956 5141 3141 5209 φωνάς
3164 5160 3175 5171 ·
3206 5139 3278 5195 Ὦ
3305 5143 3495 5213 Κύριε,
3528 5146 3793 5213 λέγουσα,

2218 5230 2356 5282 ίνατί
2390 5229 2560 5291 οὔτως
2588 5229 2860 5301 ἐϐαρύνθη
2884 5231 2972 5286 ἱπ⁹
3002 5234 3100 5300 ἐμὲ
3134 5234 3165 5302 ἠ
3192 5233 3313 5303 χείρ
3346 5252 3462 5297 σου,
3496 5238 3589 5288 καὶ
3610 5239 3705 5289 ἐπὶ
3732 5241 3797 5290 τὸ

2218 5323 2380 5391 ἄλγος
2412 5322 2517 5374 τῶν
2553 5322 2882 5391 τραυμάτων
2933 5342 3033 5394 μου
3076 5326 3443 5394 προσέθηκας,
3476 5329 3570 5381 καὶ
3605 5328 3700 5384 νῦν
3731 5332 3798 5383 τὸ

2221 5417 2335 5485 φῶς
2359 5414 2464 5466 τῶν
2494 5413 2788 5485 ὀφθαλμῶν
2814 5434 2917 5485 μου
2944 5417 3035 5468 καὶ
3064 5416 3313 5471 αὐτδ.οὺκ
3338 5419 3454 5472 ἔστι
3482 5421 3597 5489 μετ’
3629 5422 3794 5491 ὲμοῦς

2221 5508 2315 5578 Μὴ
2352 5508 2741 5578 ίσχὺςλίθωνή
2784 5509 2934 5578 ἰσχύς
2972 5526 3109 5577 μου;
3139 5510 3211 5563 Τὸ
3235 5512 3327 5563 τοῦ
3381 5513 3499 5564 Ἰὼϐ
3531 5516 3622 5567 καὶ
3654 5517 3801 5583 αὐτὴ

2223 5600 2331 5669 ἐρῶ
2352 5618 2364 5630 υ
2393 5600 2635 5670 Ἐθηκάς
2672 5617 2736 5669 με
2791 5600 3124 5672 παραὸολὴν,
3155 5602 3418 5672 Δέσποτα,
3458 5607 3553 5661 καὶ
3579 5606 3802 5675 κίνησιν

2225 5692 2467 5760 κεφαλῆς
2501 5695 2557 5744 έν
2582 5695 2734 5756 πᾶσι,
2768 5697 2858 5746 καὶ
2891 5694 3219 5769 ίσχύνθησαν
3248 5700 3331 5749 ἐπ’
3360 5699 3457 5768 έμδ
3507 5701 3555 5749 οἱ
3591 5699 3802 5765 ὑπομέ-

1856 5801 1873 5829 ⁷
1904 5799 2026 5853 Job.
2062 5819 2134 5867 γι,
2172 5805 2262 5856 22.
