3972 6428
549 337 620 400 43
1831 334 2118 394 MENSIS
2153 335 2523 395 MARTIUS.
3725 342 3802 402 ﬂ

545 454 728 511 oculos
758 455 962 518 carnis,
993 467 1090 523 ego
1119 461 1296 507 autem
1329 453 1508 520 accepi
1535 453 1695 506 etlam
1722 451 1911 507 oculos
1954 453 2111 521 spiri-
2142 467 2159 514 Α

2220 450 2356 520 πρὸς
2411 451 2608 520 ἑαυτὴν
2666 450 2970 520 ἐπεφώνειυ
3036 452 3150 505 Νῦν
3191 453 3324 517 οἶδα,
3385 455 3639 522 λέγουσα,
3680 461 3800 520 τοῖς

543 559 651 603 tns.
691 547 773 601 Me
803 545 1064 599 alliciebat
1089 545 1304 598 tristitia
1330 543 1547 612 jactura
1583 544 1699 608 lilii,
1723 544 1814 599 sed
1842 560 1969 600 ecce
1994 560 2116 599 eum

2217 541 2473 609 ἀγαπῶσι
2507 541 2599 593 τδν
2625 542 2756 594 Θεὸν
2790 543 2968 596 πάντα
2994 545 3129 614 πρὸς
3153 545 3212 596 τὸ
3245 545 3446 612 ἀγαθὸν
3479 549 3802 618 συλλαμσὰ-

543 642 719 694 habeo
763 638 1052 701 heredem,
1092 637 1196 692 Dec
1254 653 1375 691 cum
1431 637 1598 706 gloria
1667 638 1809 708 regia
1859 640 2116 693 assisten-

2216 647 2400 686 νεται⁶
2434 632 2746 701 ὀφθαλμοὺς
2787 634 3016 702 ἐζήτουν
3053 635 3278 704 σαρκὸς,
3309 635 3420 703 ἐγὼ
3461 637 3518 690 δέ
3543 639 3638 690 καὶ
3667 643 3802 703 τοῦς

542 740 672 793 ιειη,
708 739 760 783 et
801 743 946 781 nunc
981 737 1142 780 noctu
1177 737 1232 780 et
1286 727 1517 781 interdiu
1545 725 1672 779 mihi
1708 728 1865 782 matri
1921 728 2114 782 blande

2211 722 2306 774 τοῦ
2366 723 2679 792 πνεύματος
2731 723 2959 777 ιλιαὸονο
3021 725 3212 778 ἐλύπει
3268 745 3335 796 με
3373 726 3546 797 ζημία
3575 731 3800 794 τέκνου,

541 820 787 886 arridet,
900 819 1341 889 conglorilicatus
1429 821 1728 875 honoribus
1822 822 2110 889 propheta-

2212 815 2326 867 ἀλλ’
2364 816 2470 885 ἔχω
2498 817 2588 868 τὸν
2614 817 2971 886 κληρονόμον,
3024 817 3152 882 ἰδοὺ,
3191 820 3328 887 μετὰ
3377 820 3660 891 βασιλικῆς
3691 823 3801 889 τῆς

539 928 656 966 rum
696 923 750 968 et
785 923 1104 982 martyrum,
1165 921 1218 966 et
1253 925 1371 964 cum
1428 912 1508 964 eis
1541 911 1837 975 exsultans,
1886 920 1940 965 et
1983 927 2106 964 cum

2211 908 2368 975 δόξης
2403 907 2480 976 τῷ
2507 909 2624 976 Θεῷ
2656 910 3060 978 παριστάμενον
3092 911 3184 960 καὶ
3215 910 3309 961 νῦν
3333 913 3545 981 ἥμερόν
3577 931 3692 982 μοι,
3729 919 3797 982 τῇ

535 1001 775 1073 Longino
809 1016 1023 1057 crucem
1058 1003 1252 1066 ferens,
1292 1010 1346 1055 et
1379 1002 1528 1068 regni
1571 1000 1830 1055 cmlorum
1885 1001 2107 1069 praecla-

2214 1001 2405 1068 μητρὶ,
2460 1001 2738 1078 προσγελᾷ
2773 1001 2990 1068 νύκτωρ
3031 1002 3127 1054 καὶ
3155 1001 3273 1070 μεθ’
3306 1004 3541 1072 ἡμέραν,
3576 1023 3801 1074 προφη-

534 1111 654 1148 rum
686 1094 867 1148 ferens
912 1102 1167 1163 trOpazum
1199 1094 1340 1147 inter
1374 1094 1598 1162 angelos
1634 1111 1647 1146 :
1683 1093 1819 1147 adeo
1871 1102 1930 1147 ut
1959 1093 2104 1147 Lnn-

2211 1089 2316 1139 τῶν
2366 1091 2556 1156 τιμαῖς
2614 1092 2707 1142 καὶ
2757 1091 3052 1160 μαρτύρων
3108 1093 3610 1162 συνδοξαζόμενοςο
3651 1099 3801 1166 μετὰ

534 1184 642 1253 gini
681 1183 852 1238 lactus
883 1184 1205 1254 discipulus,
1237 1186 1351 1252 ipse
1383 1199 1596 1254 quoque
1641 1200 1850 1238 sacram
1890 1187 2104 1239 emittat

2211 1184 2472 1250 Λογγίνου
2501 1202 2559 1238 τε
2607 1189 2996 1257 στανροφορῶν
3027 1188 3121 1241 καὶ
3175 1190 3235 1242 τὸ
3267 1190 3520 1260 λαμπρὸν
3551 1195 3648 1262 τῆς
3679 1197 3800 1247 τῶν

533 1288 741 1337 vocem,
782 1275 1202 1343 hymnicamque
1234 1284 1286 1326 et
1329 1275 1636 1344 mysticam,
1677 1285 1730 1328 et
1761 1275 1980 1343 epinicii
2016 1277 2098 1329 in-

2211 1276 2452 1344 οὐρανῶν
2487 1276 2766 1345 βασιλείας
2821 1281 3221 1350 ἐπιφερόμενος
3271 1284 3532 1352 τρόπαιον
3583 1287 3800 1353 μεταξὺ

530 1374 646 1419 star
679 1367 966 1419 habentem
1007 1383 1021 1418 :
1061 1365 1196 1419 Vere
1215 1363 1305 1419 Dei
1330 1365 1500 1419 Filius
1531 1375 1648 1418 erat
1677 1365 1800 1429 iste,
1835 1377 1887 1418 et
1918 1375 2018 1426 est,
2056 1377 2110 1420 et

2211 1366 2310 1418 τῶν
2362 1369 2631 1433 ἀγγέλων,
2691 1370 2765 1431 ὡς
2832 1372 3097 1438 Λογγίνου
3164 1374 3460 1443 φθέγγεται
3515 1378 3799 1446 μαθητὴς,

527 1456 655 1510 erit.
692 1455 936 1527 Regnum
967 1456 1107 1526 ejus,
1147 1473 1367 1526 regnum
1413 1461 1657 1512 omnium
1701 1457 2027 1520 secnlorum,
2058 1466 2111 1509 et

2211 1457 2400 1524 ἀφίησι
2434 1460 2526 1509 καὶ
2563 1460 2727 1519 αὐτὸς
2750 1462 2932 1529 φωνὴν
2963 1462 3116 1530 ἱερὰν
3145 1465 3462 1532 ὑμνολόγον,
3492 1469 3798 1538 μυστικὴν,

529 1547 648 1616 ejus
679 1548 976 1602 dominatio
1001 1549 1340 1616 permanebit
1373 1548 1426 1603 in
1457 1558 1728 1603 aeternum
1749 1550 1792 1601 ³.
1825 1547 1891 1603 Et
1937 1548 2106 1616 gloria

2211 1549 2507 1600 ἐπινίκιον·
2551 1549 2766 1618 ἀληθῶς
2824 1551 2960 1602 Θεοῦ
3033 1553 3157 1616 Υἱὸς
3207 1548 3274 1624 ἦν
3313 1550 3490 1618 οὗτος,
3522 1560 3610 1609 καὶ
3645 1557 3794 1620 ἐστι,

531 1646 586 1691 ει
608 1640 847 1705 potentia
881 1640 932 1693 in
958 1639 1154 1695 saecula
1189 1641 1512 1696 saeculorum
1547 1641 1612 1693 ¹⁶.
1649 1641 1841 1695 Amen.

601 1935 624 1969 ’
646 1935 790 1988 Psal.
821 1949 999 1999 cxuv,
1035 1937 1122 1990 l3.
1203 1937 1245 1966 "
1279 1935 1416 1990 Dan.
1443 1951 1545 2000 vn,
1573 1935 1664 1989 27.

2209 1641 2300 1692 καὶ
2352 1640 2536 1692 ἔσται·
2577 1644 2605 1709 ἡ
2639 1641 2885 1710 βασιλεία
2938 1644 3104 1696 αὑτοῦ
3140 1645 3390 1714 βασιλεία
3422 1649 3660 1712 αἰώνιος,
3697 1653 3797 1700 καὶ

2209 1736 2242 1801 ἡ
2264 1731 2550 1784 δεσποτεία
2603 1735 2766 1786 αὑτοῦ
2796 1738 2875 1798 είς
2914 1737 3005 1788 τὸν
3056 1738 3228 1791 αἰῶνα
3261 1741 3569 1809 παραμένει
3595 1756 3607 1768 ·
3636 1739 3798 1808 αὑτῷ

2212 1821 2244 1888 ἡ
2279 1820 2401 1883 δόξα
2438 1825 2528 1873 καὶ
2562 1823 2621 1875 τὸ
2651 1826 2848 1895 κράτος
2887 1827 2965 1888 είς
2994 1829 3119 1890 τοὺς
3156 1829 3378 1892 αίῶνας.
3425 1830 3615 1900 ’Δμήν.

538 2090 3756 2118 m

1381 2263 1741 2378 ΒΙΟΣ
1818 2264 2096 2376 ΚΑΙ
2190 2259 2942 2380 ΠΟΛΙΤΕΙΑ

1688 2478 1828 2530 ΤΟΥ
1865 2477 2071 2531 ΟΣῘΟΥ
2113 2477 2386 2531 ΠΑΤΡΟΣ
2427 2478 2625 2532 ΗΜΩΝ

1574 2645 2733 2819 ΑΒΡΑΜΙΟΥ

1453 3084 1738 3174 VlTA
1816 3087 1962 3171 ET
2037 3083 2877 3178 CONVERSATIO

2006 3281 2066 3337 S.
2124 3284 2187 3338 P.
2245 3278 2311 3335 Ν.

1063 3465 1428 3618 ABR
1458 3467 1863 3616 AMll
1955 3459 3251 3618 CONFESSORIS

1672 3740 1774 3798 ET
1824 3739 2098 3798 MARUE
2141 3736 2424 3798 NEPTIS
2474 3732 2660 3793 EJUS

898 3881 1097 3955 Quam
1126 3883 1390 3960 Symeon
1421 3881 1883 3958 Melaphrastes
1918 3898 1997 3940 ex
2028 3880 2090 3938 .S'.
2124 3879 2411 3955 Ephrem
2445 3877 2696 3936 videtur
2723 3877 2932 3952 fusius
2965 3875 3395 3950 descripsisse.

687 4034 880 4095 (Latine
901 4033 1030 4090 apud
1050 4033 1248 4085 Surlom
1274 4035 1332 4084 ad
1355 4035 1489 4083 diem
1522 4034 1582 4082 16
1609 4031 1788 4092 Martii,
1815 4033 1981 4082 Graece
2009 4046 2069 4081 ex
2111 4045 2159 4079 co

2211 4033 2249 4080 3.
2283 4033 2407 4094 Reg.
2433 4029 2540 4091 ΤΗ,
2571 4041 2685 4079 saec.
2711 4041 2807 4089 xxv,
2837 4027 2976 4090 ιιει,
3002 4041 3114 4079 sec.
3149 4039 3232 4076 ιιι.
3261 4026 3396 4079 Eorr.
3425 4026 3602 4089 Pan.)

599 4359 638 4413 Ι.
673 4357 926 4413 Virorum
953 4357 1168 4410 virtutis
1225 4354 1594 4408 studiosorum
1628 4353 1757 4418 vita,
1802 4362 1856 4407 et
1907 4367 2094 4408 eorum
2135 4363 2159 4417 ε

2276 4353 2354 4406 A'.
2401 4352 2635 4422 Ἀνδρῶν
2657 4352 2965 4421 φιλαρέτων
3000 4350 3116 4420 βίος
3142 4351 3237 4404 καὶ
3280 4354 3311 4420 ἡ
3341 4352 3442 4420 τῆς
3475 4351 3654 4405 αὐτῶν
3686 4371 3794 4407 πο-

529 4463 650 4519 qua)!
673 4449 739 4502 ab
770 4449 850 4502 eis
875 4456 1024 4517 gesta
1049 4445 1291 4510 fuerunt,
1315 4445 1578 4506 narratio,
1601 4444 1851 4497 omnibus
1889 4443 2106 4512 quidem

535 4541 622 4611 qui
647 4541 736 4612 pie
759 4541 939 4595 vivere
957 4539 1305 4602 studuerunt,
1330 4549 1586 4606 tanquam
1608 4536 1752 4590 utilis
1777 4535 2106 4604 etjucunda,

532 4645 747 4684 summo
777 4629 955 4682 stndio
984 4639 1067 4682 est
1097 4628 1395 4694 expetenda
1435 4645 1446 4679 :
1483 4624 1718 4679 maxime
1778 4635 1958 4679 autem
2021 4625 2104 4689 iis,

533 4722 624 4792 qui
657 4720 910 4774 virtutem
944 4729 1223 4784 exercent,
1276 4727 1328 4771 et
1380 4719 1469 4786 qui
1531 4717 1742 4769 beatam
1804 4717 1950 4770 illam
2017 4719 2106 4771 Dei

535 4817 910 4869 mandatorum
952 4811 1201 4865 semitam
1257 4811 1461 4878 ingredi
1516 4803 1891 4863 decrei'erunt.
1948 4807 2108 4861 Fiunt

533 4909 676 4961 enim
709 4903 787 4959 eis
819 4901 982 4954 veluti
1027 4903 1243 4968 quidam
1276 4903 1435 4954 duces
1465 4901 1696 4960 itineris,
1728 4909 1786 4953 ut
1821 4901 1964 4969 quod
2001 4899 2106 4969 ipsi

535 4997 686 5064 prius
723 4993 1078 5056 confecerint,
1113 4997 1167 5043 et
1201 4989 1374 5059 reipsa
1428 4989 1764 5057 experientia
1823 4991 2108 5044 ostendere

534 5087 743 5158 possint
761 5085 825 5137 iis
838 5084 926 5152 qui
946 5091 1245 5150 sequuntur
1268 5099 1280 5134 τ
1300 5082 1388 5134 ubi
1405 5081 1620 5149 quidem
1641 5092 1888 5149 oporteat
1907 5081 2106 5147 aliquid

535 5179 811 5233 remittere
840 5177 907 5229 de
939 5175 1212 5242 ingressus
1240 5174 1601 5238 vehementia,
1633 5174 1720 5226 ubi
1759 5184 1937 5227 autem
1993 5190 2104 5226 rur-

536 5283 632 5323 sus
666 5266 892 5337 gradum
924 5263 1230 5318 accelerare
1259 5273 1311 5316 et
1343 5263 1641 5318 intendere.
1681 5265 1880 5333 Sicqnc
1905 5274 2107 5319 certam

535 5357 750 5413 virtutis
781 5355 922 5411 viam
952 5363 1006 5408 et
1037 5354 1248 5410 facilem
1282 5353 1386 5409 illis
1405 5354 1631 5418 faciunt,
1658 5358 1748 5425 qni
1775 5372 1893 5410 eam
1917 5371 2109 5424 aggre-

536 5451 779 5504 diuntur.
819 5447 1085 5512 Quoniam
1113 5457 1294 5502 antem
1353 5462 1418 5502 ex
1475 5448 1543 5503 iis
1589 5452 1820 5501 maxime
1878 5448 2108 5517 insignis

537 5539 849 5603 Abramius,
885 5553 990 5593 non
1025 5539 1197 5593 solum
1221 5553 1345 5591 cum
1373 5549 1514 5593 esset
1573 5538 1755 5592 adhuc
1810 5551 2106 5607 superstes,

537 5633 634 5688 sed
663 5645 805 5685 nunc
833 5645 1045 5701 quoque
1074 5631 1318 5685 oratione
1367 5628 1529 5684 veluti
1559 5632 1790 5695 quadam
1819 5644 2108 5697 expressus

543 5722 804 5793 imagine,
843 5722 893 5776 id
928 5721 1082 5792 plene
1119 5730 1374 5792 praestare
1408 5729 1580 5790 potest
1614 5738 1626 5776 :
1658 5735 1745 5777 res
1803 5723 1918 5792 ejus
1967 5717 2111 5776 'nunc

2215 4443 2417 4506 λιτείας
2446 4443 2700 4516 διήγησις
2751 4442 2846 4495 καὶ
2895 4443 3028 4494 πᾶσι
3091 4443 3188 4512 μέν
3227 4446 3341 4506 τοῖς
3393 4445 3631 4507 εὐσεϐῶς
3689 4445 3805 4516 ζῇν

2213 4513 2616 4604 προῃρημένοις
2665 4533 2911 4587 ποΟειναί
2947 4527 3004 4585 τε
3035 4534 3128 4585 καὶ
3158 4533 3644 4602 περισπούδαστοι,
3682 4513 3788 4602 μά-

2210 4625 2365 4680 λιστα
2413 4626 2470 4678 δέ
2519 4632 2629 4688 τοῖς
2656 4625 2858 4694 ἀρετῆς
2894 4625 3380 4693 μεταποιουμένοις
3411 4624 3504 4676 καὶ
3535 4624 3646 4676 ὅσοι
3689 4624 3798 4694 τὴν

2215 4715 2492 4785 μακαρίαν
2523 4715 2737 4782 ἐκείνην
2760 4713 2945 4781 τρίϐον
2972 4713 3083 4765 τῶν
3103 4714 3193 4766 τοῦ
3228 4713 3364 4766 Θεοῦ
3387 4714 3616 4767 ἐντολῶν
3641 4715 3800 4767 ὁδεῦ-

2213 4823 2300 4856 σαι
2341 4805 2688 4874 προείλοντο·
2747 4804 3024 4869 γίγνονται
3083 4807 3191 4875 γὰρ
3228 4807 3412 4867 αὐτοῖς
3460 4807 3796 4868 οἱονιέτινες

2210 4894 2394 4966 ὁδηγοὶ
2426 4896 2524 4964 τῆς
2583 4912 2840 4963 tomum;
2911 4899 3159 4965 πορείας,
3199 4893 3284 4946 οἷα
3333 4897 3798 4966 προδιανὺσαντες

2210 4988 2415 5058 ταύτην
2453 4990 2548 5041 καὶ
2583 4989 2720 5055 αὐτῇ
2763 4988 2929 5054 πείρᾳ
2974 4990 3066 5038 καὶ
3102 4989 3390 5056 πράγμασι
3419 4993 3528 5051 τοῖς
3585 4992 3799 5060 ἐπομι-

2210 5098 2319 5141 νοις
2376 5079 2753 5132 ὑποδεικνύειν
2803 5080 3060 5150 ἔχοντες,
3114 5083 3245 5133 ὅπου
3311 5083 3408 5151 μὲν
3461 5084 3799 5150 γενομένους

2213 5172 2406 5243 μικρόν
2435 5186 2488 5222 τι
2514 5172 2876 5224 διαναπαῦσαι
2907 5175 3014 5243 χρὴ
3051 5173 3150 5240 τῆς
3182 5173 3522 5241 ὁδοιπορείας
3566 5174 3627 5226 τὸ
3669 5175 3800 5226 σύν-

2209 5281 2381 5326 τονον,
2447 5267 2581 5318 ὁποὺ
2640 5266 2694 5318 δὲ
2729 5266 2890 5317 πάλιν
2923 5264 3278 5327 ἐπισπεῦσαι,
3331 5268 3424 5318 καὶ
3457 5269 3800 5330 κατατεῖναι,

2211 5355 2308 5406 καὶ
2362 5355 2768 5424 συντονωτέραν
2823 5355 3178 5426 ποιήσασθαι,
3211 5357 3306 5408 καὶ
3355 5355 3528 5417 οὕτως
3575 5356 3799 5427 ἀπλανῆ

2211 5449 2308 5519 τὴν
2337 5448 2453 5501 ὁδὸν
2480 5452 2592 5511 τοῖς
2626 5447 2874 5518 μετιοῦσι
2909 5452 3004 5502 καὶ
3039 5447 3228 5517 ῥᾳδίαν
3261 5446 3608 5526 ἐργάζονται.
3637 5448 3802 5502 Ἐπεὶ

2210 5536 2303 5593 οῦν
2334 5542 2736 5610 ἐπισημότατος
2770 5540 2975 5593 τούτων
3041 5539 3366 5610 ’Λὸρὰμιος.
3416 5542 3476 5591 οὐ
3517 5540 3677 5608 μόνον
3717 5541 3805 5596 [τι

2212 5630 2440 5701 περιὼν,
2470 5633 2606 5685 ἀλλὰ
2634 5634 2724 5685 καὶ
2757 5633 2852 5687 νῦν
2883 5633 3074 5701 ῶσπερ
3105 5634 3162 5683 ἐν
3194 5631 3364 5682 εἰκόνι
3393 5630 3469 5699 τῷ
3501 5629 3642 5702 λόγῳ
3677 5632 3801 5684 δια-

2223 5724 2579 5795 τυπούμενος,
2616 5725 2901 5796 διηγητέον
2940 5725 3013 5789 ὡς
3039 5718 3148 5777 οἶόν
3171 5740 3226 5775 τε
3267 5721 3331 5776 τὰ
3362 5723 3454 5776 τοῦ
3483 5724 3673 5793 ἀνδρὸς
3705 5727 3805 5777 καὶ
