3972 6448
583 347 653 407 51
1857 348 2146 407 MENSIS

2254 349 2426 407 ARTI
2443 348 2555 410 US.
3785 348 3860 415 52

578 458 631 514 in
656 464 888 530 quodam
915 471 1095 517 monte
1125 477 1305 517 rerum
1336 462 1693 515 maximarum
1723 469 1776 515 et
1799 461 2147 531 pulcherrimt

2266 460 2357 511 ἐπί
2386 463 2527 525 τινος
2558 462 2716 534 ὅρους
2750 465 2857 516 τῶν
2878 464 3149 532 μεγίστων
3174 464 3621 536 κατορθωμάτων
3649 467 3850 535 κείμε-

579 559 869 623 gestarum,
900 555 1107 623 positus
1129 564 1268 617 erat,
1293 554 1738 609 absconderetur.
1771 552 1882 609 Nec
1907 567 2039 622 ergo
2067 552 2164 605 fuit

579 644 899 699 absconsus.
938 647 1046 701 Sed
1086 646 1353 715 quomodo
1375 662 1542 715 nuper
1564 647 1681 715 ipse
1711 645 1966 700 Dominus
1996 644 2160 697 disci-

576 736 741 801 pulis,
770 739 838 791 ita
868 740 1033 793 etiam
1068 752 1213 793 nunc
1244 738 1456 791 illorum
1489 737 1745 791 imitatori
1772 736 2004 804 desuper
2032 748 2162 803 apo-

575 827 825 882 stolicum
848 829 1136 884 committit
1158 830 1539 892 ministerium,
1575 839 1627 881 et
1657 829 1772 896 ejus
1801 826 2161 882 honuratvir-

576 928 745 973 tutem
770 920 1064 975 chrismate
1095 922 1408 983 sacerdotii,
1444 930 1497 975 et
1522 919 1811 974 sudoribus
1846 919 2158 976 monasticae

576 1012 984 1066 exercitationis
1030 1013 1287 1067 athletica
1328 1013 1488 1066 etiam
1513 1011 1807 1065 certamina
1834 1012 2073 1081 adjungit
2102 1018 2158 1063 et

576 1101 857 1158 laboribus
890 1102 1233 1159 abstinentiae
1256 1114 1455 1173 praeter
1484 1104 1791 1173 opinionem
1816 1112 1872 1157 et
1921 1102 2157 1155 admira-

573 1189 756 1246 biliter
807 1195 1049 1249 adnectit
1096 1209 1324 1250 coronas
1376 1195 1640 1267 martyrii.
1712 1194 1954 1262 Quonam
1996 1193 2155 1248 modo

576 1290 780 1348 autem,
811 1285 1068 1357 deinceps
1093 1301 1379 1355 exponam.

654 1370 765 1427 Vll.
797 1374 1102 1445 Lampsaci,
1132 1378 1273 1446 quod
1304 1388 1392 1431 est
1441 1376 1696 1446 oppidum
1729 1377 1794 1430 ad
1830 1374 2149 1445 Hellespon-

577 1473 713 1528 tum,
777 1474 895 1519 erat
931 1467 1147 1534 quidam
1184 1482 1407 1537 magnus
1442 1468 1615 1531 vicus,
1648 1477 1703 1521 et
1737 1466 1994 1535 frequens
2055 1482 2150 1536 po-

574 1554 724 1622 pulo,
757 1556 848 1621 qui
881 1568 1104 1612 vocatur
1130 1556 1333 1613 Tatnia.
1373 1558 1639 1623 Quoniam
1673 1570 1850 1613 autem
1882 1559 1971 1629 qui
2005 1560 2055 1611 in
2082 1572 2147 1613 eo

573 1645 697 1700 vico
716 1646 1056 1715 habitabant,
1080 1650 1401 1703 tenebantur
1423 1666 1449 1701 a
1471 1652 1617 1718 gravi
1640 1664 1825 1703 errore
1842 1648 2144 1718 gentilium,

573 1752 769 1807 magna
794 1741 1009 1809 quidem
1050 1740 1333 1795 multitudo
1384 1742 1730 1797 sacerdotum
1785 1750 1837 1795 et
1893 1741 2147 1795 diacono-

2271 569 2359 605 νον
2386 552 2488 605 ὑπὸ
2526 554 2690 624 μοδίῳ
2717 556 2809 608 καὶ
2837 554 2991 626 κλίνη
3034 554 3428 612 καλύπτεσθαι.
3463 554 3673 609 Οὔκουν
3717 556 3856 608 ούδέ

2270 644 2639 697 κεκάλυπται·
2710 645 2823 698 ἀλλ’
2872 645 3063 717 ὥσπερ
3116 647 3307 717 πρώην
3364 649 3477 710 τοῖς
3542 646 3855 716 μαθηταῐς,

2269 730 2441 797 οὕτως
2476 734 2571 787 καὶ
2601 734 2696 788 νῦν
2745 736 2824 805 τῷ
2857 737 3080 789 ἐκείνων
3123 739 3334 807 μιμητῇ
3365 738 3601 806 Χριστὸς
3634 736 3859 789 ἀνωθεν

2267 822 2631 895 ἀποστολικὴν
2656 827 2952 895 ἐγχειρίζει
2989 826 3270 879 διακονίαν
3301 827 3402 897 τήν
3433 844 3493 880 τε
3522 826 3617 880 τοῦ
3646 826 3857 898 ἀνδρὸς

2264 912 2466 984 ἀρετὴν
2501 917 2799 987 ἱερωσύνης
2830 920 2965 987 τιμᾷ
3014 918 3279 988 χρίσματι
3316 920 3409 970 καὶ
3439 919 3631 981 κόποις
3659 919 3854 987 ἀσκη-

2263 1007 2435 1065 τικοίς
2472 1006 2798 1075 ἀθλητικοὺς
2832 1008 3058 1070 εἰκότως
3091 1010 3285 1070 πόνους
3321 1009 3680 1061 ἐπισυνάπτει
3746 1008 3855 1061 καὶ

2265 1095 2552 1161 στεφάνοις
2603 1098 2929 1167 ἐγκρατείας
2969 1100 3269 1167 στεφάνους
3298 1100 3620 1169 παραδόξως
3664 1099 3859 1153 ἐπιτί-

2262 1184 2387 1253 θησι
2426 1189 2766 1257 μαρτυρίας·
2804 1190 2953 1252 ὅπως
2986 1190 3042 1242 δὲ
3096 1191 3203 1262 ἀρα
3240 1191 3332 1243 καὶ
3369 1191 3492 1244 τίνα
3516 1191 3605 1244 τὸν
3628 1192 3854 1263 τρόπον

2258 1278 2327 1329 τά
2351 1278 2443 1330 τοῦ
2476 1279 2633 1347 λόγου
2662 1280 2892 1351 δηλώσει
2926 1300 3037 1353 μοι.

2328 1366 2400 1423 Z'.
2451 1372 2539 1423 Ἐν
2568 1375 2634 1442 τῇ
2659 1374 2967 1444 Λαμψάκῳ,
2998 1377 3063 1445 τῇ
3092 1374 3225 1446 πρὸς
3248 1374 3639 1445 Ἑλλήσποντον
3669 1376 3849 1447 κώμη

2255 1476 2338 1521 τις
2360 1454 2427 1531 ἦν
2451 1461 2663 1531 μεγάλη
2694 1464 2788 1516 καὶ
2815 1466 3240 1535 πολυάνθρωπος
3269 1466 3583 1535 καλουμένη
3615 1466 3847 1520 Ταινία·

2254 1550 2378 1603 ἐπεὶ
2406 1551 2463 1604 δέ
2498 1553 2547 1604 οί
2580 1554 2679 1622 τὴν
2703 1555 2961 1625 τοιαύτην
2989 1556 3187 1627 κώμην
3218 1558 3496 1621 οἰκοῦντες
3529 1560 3595 1628 τῇ
3620 1558 3846 1629 χαλεπῇ

2252 1642 2360 1695 τῶν
2401 1644 2671 1713 Ἐλλήνων
2702 1644 2841 1717 ἦσαν
2870 1650 3054 1719 ἀπάτῃ
3081 1650 3531 1720 κατειλημμένοι,
3564 1650 3698 1704 πολὺ
3732 1651 3848 1720 μὲν

2254 1732 2516 1787 ἑκάστοτε
2548 1736 2751 1801 πλῆθος
2773 1741 2954 1802 αὐτοῖς
2980 1741 3169 1810 ἰερέων
3196 1742 3288 1793 καὶ
3315 1742 3580 1794 διακόνων
3606 1742 3710 1793 ὑπο
3733 1742 3843 1794 τοῦ

576 1844 699 1883 rum
730 1831 797 1884 ab
840 1833 1093 1901 episcopo
1124 1832 1188 1885 ad
1250 1847 1345 1889 eos
1380 1832 1696 1887 mittebatur
1733 1848 1747 1885 :
1780 1831 1992 1902 plurimi
2014 1846 2133 1900 quo

2254 1825 2350 1894 τῆς
2384 1827 2692 1899 ἐπισκοπῆς
2747 1834 3089 1899 προεστῶτος
3152 1837 3468 1904 ἐπέμπετο·
3536 1835 3722 1889 πολλοὶ
3780 1836 3845 1889 δὲ

573 1935 681 1989 que
711 1937 774 1976 ex
802 1923 870 1977 iis
894 1926 989 1993 qui
1022 1924 1191 1979 vitam
1230 1934 1587 1994 susceperant
1642 1926 2018 1988 monasticam,
2078 1923 2146 1977 ab

574 2026 641 2065 eo
670 2013 949 2066 constituti
979 2020 1139 2069 erant
1167 2014 1267 2068 vici
1302 2015 1571 2082 magistri.
1607 2011 1714 2066 Sed
1748 2027 1907 2067 nemo
1935 2028 2028 2065 eos
2055 2028 2147 2080 po-

574 2112 715 2157 terat
744 2113 1060 2158 convertere
1076 2107 1143 2159 ab
1173 2119 1360 2159 errore
1392 2122 1405 2157 :
1437 2106 1545 2157 imo
1574 2105 1677 2172 piis
1700 2104 1878 2171 potius
1903 2102 1977 2156 illi
2013 2103 2147 2159 infe-

575 2195 1062 2249 rebanttormenta
1112 2202 1167 2249 et.
1223 2195 1511 2264 supplicia,
1571 2208 1743 2263 neque
1807 2204 1925 2249 erat
1978 2194 2146 2249 ullum

573 2298 750 2353 ptume
773 2299 962 2356 genus,
984 2287 1128 2356 quod
1169 2302 1275 2341 non
1306 2286 1621 2340 terribiliter
1650 2288 1729 2341 eis
1755 2287 2144 2343 intentaretur.

574 2374 712 2431 Cum
742 2392 872 2446 ergo
895 2378 1172 2432 dubitaret
1225 2377 1511 2448 episcopus
1562 2378 1819 2447 quidnam
1872 2386 2146 2448 oporteret

574 2470 778 2532 facere,
811 2478 869 2524 ut
899 2469 992 2538 qui
1024 2469 1303 2535 errabant,
1351 2485 1593 2525 errorem
1655 2482 2033 2538 agnoscerent,
2092 2479 2149 2525 et

575 2574 691 2613 rem
724 2560 1009 2630 aliquando
1039 2577 1160 2617 cum
1193 2562 1306 2617 suis
1354 2562 1805 2627 communicaret,
1865 2562 2012 2615 venit
2068 2562 2146 2615 eis

533 2651 538 2654 ’
575 2651 793 2704 interim
829 2653 880 2705 in
912 2663 1145 2709 mentem
1170 2652 1461 2709 Abramius
1489 2652 1845 2707 admirabilis.
1867 2652 2001 2705 Tum
2036 2668 2142 2708 non

575 2753 899 2811 exspectans
924 2745 1035 2814 ipse
1064 2744 1297 2798 aliorum
1328 2745 1394 2799 de
1416 2760 1481 2799 eo
1512 2744 1836 2809 testimonia,
1860 2744 1939 2799 eis
1960 2744 2143 2799 statim

574 2833 830 2898 ostendit,
867 2836 998 2906 quid
1027 2834 1095 2889 de
1116 2836 1205 2889 illo
1231 2837 1496 2890 essetsibi
1532 2851 1873 2909 persuasum,
1909 2836 2092 2891 dicens
2125 2854 2139 2892 :

574 2923 795 2980 Credite
824 2927 978 2993 mihi,
1005 2928 1121 2993 lilii,
1157 2928 1369 2983 dicturo
1404 2939 1541 2984 teste
1590 2932 1841 2993 veritate,
1888 2932 2032 2999 quod
2090 2929 2143 2981 in

576 3019 686 3066 tota
721 3012 827 3069 ﬁde
858 3030 1131 3083 nunquam
1168 3017 1297 3069 mihi
1322 3018 1553 3087 contigit
1574 3018 1753 3071 videre
1787 3018 1945 3071 talem
1968 3018 2143 3070 virum

2248 1916 2354 1969 τῶν
2386 1918 2477 1971 τὸν
2509 1922 2718 1992 μονήρη
2777 1923 2891 1992 βίον
2935 1927 3304 1996 ἀνῃρημένων
3348 1926 3662 1980 διδάσκαλοι
3692 1930 3839 1998 παρ’

2248 2009 2413 2061 αὑτοῦ
2441 2014 2505 2080 τῇ
2535 2011 2696 2083 κώμῃ
2726 2015 3054 2068 καθίσταντο
3075 2033 3087 2045 ·
3122 2017 3328 2068 τούτων
3358 2017 3413 2069 δὲ
3452 2018 3605 2086 ὅμως
3651 2018 3843 2078 οὐδεὶς

2252 2098 2581 2166 μεταϐαλεῖν
2615 2103 2813 2165 αὐτοὺς
2845 2104 2941 2173 τῆς
2970 2105 3187 2175 ἀπάτης
3235 2105 3473 2173 ἠδύνατο
3494 2117 3509 2133 ⁸
3568 2104 3705 2157 ἀλλὰ
3740 2106 3843 2157 καὶ

2250 2189 2471 2259 βάσανοι
2528 2196 2729 2264 μᾶλλον
2788 2198 2931 2250 κατὰ
2986 2200 3094 2251 τῶν
3132 2199 3373 2253 εὐσεϐῶν
3424 2200 3519 2253 καὶ
3563 2200 3840 2269 τιμωρίαι

2248 2283 2378 2349 παρ’
2410 2283 2633 2337 ἐκείνων
2664 2286 2961 2356 ἡπείληντο
3022 2288 3117 2341 καὶ
3166 2289 3441 2351 κολάσεως
3481 2284 3619 2350 εἶδος
3674 2289 3839 2341 οὐδὲν

2246 2370 2383 2437 ὅλως
2406 2369 2493 2444 ἧν,
2529 2375 2554 2427 δ
2588 2376 2662 2445 μὴ
2693 2378 2901 2439 τούτοις
2925 2380 3170 2448 φοϐερῶς
3212 2380 3517 2433 ἐπεσείετο.
3558 2380 3837 2447 Ἀπορου-

2251 2465 2412 2533 μένου
2448 2468 2627 2519 τοίνυν
2652 2469 2745 2520 τού
2784 2472 2879 2539 τῆς
2913 2471 3219 2539 ἐπισκοπῆς
3261 2472 3625 2541 προεστῶτος,
3658 2471 3713 2522 τί
3764 2472 3842 2524 ἂν

2245 2556 2353 2609 δέοι
2386 2562 2557 2610 ποιεῖν
2591 2560 2726 2631 πρὸς
2754 2561 2851 2631 τὴν
2882 2562 2991 2613 τῶν
3034 2563 3471 2633 πεπλανημένων
3502 2566 3836 2631 ἐπίγνωσιν,

2248 2648 2342 2699 καὶ
2380 2647 2575 2719 δήποτε
2603 2651 2661 2702 τὸ
2686 2653 2916 2721 πρᾶγμα
2954 2656 3065 2715 τοῖς
3098 2655 3223 2723 περὶ
3257 2655 3416 2705 αὑτὸν
3446 2655 3836 2722 κοινουμένου,

2250 2740 2439 2810 μνήμη
2500 2759 2581 2804 τις
2638 2743 3020 2811 παρεμπίπτει
3069 2744 3271 2811 μεταξὺ
3337 2746 3431 2796 τοῦ
3506 2745 3837 2813 θαυμαστοῦ

2259 2831 2559 2901 Ἀϐραμίου
2587 2853 2599 2864 ·
2633 2835 2725 2886 καὶ
2749 2834 2846 2896 τὰς
2876 2835 3028 2905 παρά
3057 2835 3165 2888 τῶν
3198 2836 3373 2889 ἄλλων
3420 2836 3581 2898 αὐτὸς
3615 2852 3838 2905 μαρτυ⁹

2252 2922 2373 2992 ρίας
2406 2923 2506 2975 οὐκ
2536 2924 2857 2991 ἀναμείνας,
2884 2922 3100 2995 πρῶτος
3132 2924 3295 2987 εὐθὺς
3321 2924 3418 2987 τὰς
3450 2924 3660 2986 οἰκείας
3697 2926 3837 2995 περὶ

2249 3015 2414 3070 αὐτοῦ
2470 3017 2682 3079 πίστεις
2741 3018 3082 3087 παρέσχετο·
3120 3017 3455 3069 Πιστεύσατέ
3490 3033 3603 3084 μοι,
3636 3016 3837 3082 τέκνα,

577 3112 637 3158 et
660 3105 750 3174 qui
780 3106 831 3159 in
862 3114 1009 3160 tanta
1036 3106 1235 3160 virtute
1289 3109 1495 3161 viveret
1523 3118 1578 3161 et
1629 3109 1875 3175 pietate.-
1906 3107 2040 3163 Cum
2108 3108 2141 3163 ii

2254 3110 2439 3173 εἰπὼν,
2470 3108 2574 3160 ὑπὸ
2608 3108 2847 3176 μάρτυρι
2874 3106 3120 3176 μέλλοντι
3148 3107 3327 3173 λέγειν
3359 3110 3424 3174 τῇ
3468 3106 3718 3176 ἀληθείᾳ,
3752 3106 3836 3169 ὡς

575 3206 781 3261 autem,
820 3211 939 3266 quae
958 3199 1025 3253 ab
1053 3199 1171 3269 ipso
1198 3199 1337 3254 dicta
1374 3200 1610 3268 fuerant,
1639 3217 1744 3256 una
1772 3216 1901 3257 voce
1946 3201 2147 3257 contir-

578 3296 845 3354 massent,
878 3290 994 3363 ipse
1027 3306 1214 3344 rursus
1242 3311 1255 3345 :
1291 3290 1473 3355 Venit,
1510 3294 1707 3361 inquit,
1738 3295 1870 3347 mihi
1906 3295 1956 3347 in
1991 3308 2146 3347 men-

578 3386 686 3430 tem
726 3381 971 3447 quedam
996 3380 1297 3460 cogitatio:
1332 3397 1394 3437 ea
1434 3393 1517 3438 est
1546 3394 1750 3450 autem,
1777 3392 1836 3438 υι
1886 3386 2145 3448 arbitror,

575 3466 857 3523 divinioris
887 3470 1164 3539 cujusdam
1188 3473 1559 3541 providentia,
1584 3489 1706 3528 eum
1736 3474 1947 3528 initiare
1977 3474 2149 3527 chris-

577 3564 723 3611 mate
754 3561 1069 3621 sacerdotii.
1102 3570 1155 3613 et
1182 3561 1231 3613 ei
1274 3563 1487 3614 tradere
1534 3564 1734 3623 vicum,
1791 3562 1883 3630 qui
1940 3570 2025 3614 est
2080 3560 2145 3612 ad

578 3646 1007 3718 Hellespontum.
1038 3648 1201 3704 Forte
1251 3652 1470 3719 poterit,
1504 3665 1659 3720 opem
1692 3666 1922 3721 superna
1956 3649 2005 3704 ei
2068 3649 2146 3701 l'e-

579 3750 736 3795 rente
769 3740 979 3812 gratia,
1038 3741 1237 3798 multos
1288 3742 1549 3797 deducere
1574 3742 1641 3797 ad
1674 3742 2003 3813 agnitionem
2054 3753 2147 3795 ve-

576 3838 779 3893 ritatis.
808 3837 932 3892 Haec
974 3838 1130 3905 dixit,
1164 3848 1222 3893 et
1275 3854 1306 3895 ο
1374 3829 1633 3894 οοιίιοάιέι
1695 3840 1874 3893 statim
1922 3849 2147 3906 surgens

576 3928 887 3999 episcopus,
916 3930 1060 3983 vadit
1088 3930 1157 3981 ad
1183 3928 1496 3981 Abramium
1518 3944 1641 3981 cum
1684 3930 1937 3981 universo
1974 3926 2143 3979 clero.

577 4016 647 4075 Et
671 4018 781 4087 jam
805 4018 981 4076 solitis
1008 4018 1169 4074 dictis
1191 4018 1442 4088 precibus
1471 4026 1753 4088 postquam
1774 4031 1895 4071 eum
1921 4016 1972 4071 ln
1990 4016 2149 4070 Chri-

576 4118 663 4163 sto
695 4110 999 4173 salutasset,
1033 4109 1341 4164 etosculum
1368 4111 1621 4175 dedisset,
1655 4110 1720 4165 de
1769 4110 1887 4164 vico
1952 4108 2003 4163 ei
2052 4122 2148 4162 ex-

577 4200 951 4268 ponitomnia.
996 4198 1260 4254 Praeterea
1294 4209 1473 4254 autem
1525 4214 1650 4253 eum
1724 4214 1938 4269 quoque
1992 4200 2148 4252 valde

576 4288 811 4359 rogavit,
842 4299 898 4343 ut
926 4288 1449 4359 illorumsusciperet
1472 4288 1872 4358 praefecturam.
1906 4286 1997 4344 ille
2019 4303 2147 4343 vero

577 4397 700 4436 cum
735 4383 967 4450 primum
1020 4382 1236 4451 quidem
1291 4381 1607 4456 episcopum
1671 4381 1955 4437 advenisse
2005 4396 2147 4453 agre

2248 3199 2503 3251 οὐδέποτέ
2539 3208 2627 3267 μοι
2658 3196 2744 3250 διὰ
2781 3198 2962 3267 πάσης
2992 3196 3209 3265 ἐγένετο
3260 3197 3357 3265 τῆς
3393 3197 3536 3267 ζωῆς
3583 3198 3837 3251 τοιοῦτον

2248 3288 2417 3358 ἄνδρα
2451 3288 2577 3340 ἰδεῖν
2612 3288 2704 3340 καὶ
2742 3285 2915 3350 οὕτως
2952 3290 3007 3340 ἐν
3038 3290 3209 3358 αρετῇ
3247 3286 3487 3357 τοσαύτῃ
3527 3287 3704 3350 ζῶντα
3736 3292 3837 3342 καὶ

2248 3380 2527 3449 εύλαὸείᾳ.
2551 3380 2673 3432 Τῶν
2699 3380 2755 3433 δὲ
2778 3380 2845 3432 τά
2867 3382 3000 3450 παρ’
3034 3380 3200 3431 αὑτοῦ
3231 3383 3500 3451 εἰρημένα
3542 3383 3692 3447 φωνῇ
3726 3382 3834 3453 μία

2248 3472 2781 3541 ἐπισφραγισάντων,
2809 3472 2972 3523 πάλιν
3003 3472 3193 3534 αὐτός·
3228 3472 3445 3525 Ἕννοιά
3468 3472 3536 3541 με
3564 3488 3647 3533 τις
3667 3466 3833 3541 ἦλθε,

2249 3561 2415 3630 φησί·
2466 3561 2747 3633 θειοτέρας
2791 3561 2848 3614 δὲ
2873 3556 3027 3632 οἶμαι
3070 3562 3166 3613 καὶ
3220 3562 3477 3628 προνοίας
3543 3561 3681 3631 αὕτη
3730 3564 3835 3617 καὶ

2248 3652 2581 3718 οἰκονομίας,
2620 3651 2697 3718 τῷ
2749 3652 2845 3720 τῆς
2873 3652 3174 3721 ίερωσὺνης
3230 3651 3393 3703 αύτδν
3442 3651 3707 3718 χρίσματι
3737 3668 3835 3705 τε·

2248 3740 2471 3794 λειῶσαι
2498 3741 2590 3793 καὶ
2612 3741 2710 3810 την
2739 3739 2934 3811 κώμην
2958 3740 3105 3808 αύτῷ
3132 3739 3229 3808 τὴν
3255 3740 3391 3806 πρὸς
3429 3740 3837 3812 Ἑλλήσποντον

2246 3835 2557 3905 ἐγχειρίσαι
2577 3851 2589 3865 ·
2621 3835 2749 3897 ἴσως
2776 3832 3085 3902 δυνήσεται,
3120 3820 3523 3903 συναιρομένης
3555 3832 3705 3907 αὑτῷ
3734 3835 3837 3887 καὶ

2245 3928 2343 3994 τῆς
2365 3926 2569 3979 ἀνωθεν
2590 3927 2829 3994 χάριτος,
2866 3928 2945 3988 εἰς
2984 3926 3280 3993 ἐπίγνωσιν
3301 3925 3399 3994 τῆς
3422 3923 3677 3994 ἀληθείας
3700 3926 3831 3989 τοὺς

2250 4017 2477 4078 πολλοὺς
2500 4015 2789 4085 ὁδηγῆσαι.
2820 4016 3008 4068 Ταῦτα
3042 4016 3172 4085 ἔφη,
3204 4017 3301 4069 καὶ
3331 4017 3405 4080 ὡς
3441 4011 3587 4087 εἶχεν
3611 4016 3772 4078 εὐθὺς
3794 4020 3825 4072 ὁ

2245 4108 2540 4171 ἐπίσκοπος
2567 4108 2664 4177 τῆς
2694 4107 2965 4177 καθέδρας
2996 4108 3321 4172 ἐξαναστὰς,
3348 4108 3464 4175 ἅμα
3492 4109 3568 4175 τῷ
3618 4108 3821 4179 κλήρῳ

2248 4202 2409 4252 παντὶ
2432 4200 2564 4267 πρὸς
2594 4200 2685 4249 τὸν
2719 4200 2993 4266 μακάριον
3030 4198 3218 4249 άπεισι
3287 4197 3382 4249 καὶ
3423 4198 3522 4267 τῆς
3553 4198 3829 4269 συνήθους

2246 4290 2413 4359 εὐχῆς
2443 4288 2542 4358 ήδη
2570 4288 2945 4361 γεγενημένης
2978 4288 3116 4357 μετά
3150 4287 3239 4339 τὸν
3274 4289 3333 4341 ἐν
3373 4289 3595 4359 Χριστῷ
3645 4293 3836 4346 ἀσπα-

2251 4380 2408 4449 σμὸν,
2427 4380 2646 4449 τάσπερί
2668 4379 2766 4448 τῆς
2795 4378 2988 4448 κώμης
3012 4378 3231 4432 ἅπαντα
3257 4378 3391 4450 πρὸς
3411 4380 3574 4435 αὑτὸν
3600 4380 3831 4453 διεξῄει·

579 4474 815 4534 tulisset,
840 4484 897 4527 ut
920 4475 1011 4544 qui
1040 4482 1259 4541 putaret
1283 4489 1343 4528 se
1372 4488 1492 4529 esse
1537 4475 1836 4545 indignum,
1874 4475 1939 4529 ad
1984 4489 2142 4542 quem

2254 4472 2386 4546 πρὸς
2413 4473 2467 4526 δὲ
2497 4473 2592 4525 καὶ
2618 4470 2767 4541 ἠξίου
2797 4471 2941 4537 μάλα
2967 4471 3184 4537 θερμῶς
3209 4471 3301 4522 τοῦ
3323 4470 3421 4540 τὴν
3447 4472 3669 4524 ἐκείνων
3690 4474 3834 4528 ἀνα-

578 4574 764 4619 tantus
801 4566 883 4619 vir
912 4565 1197 4620 accederet
1228 4582 1243 4620 :
1281 4565 1474 4621 deinde
1531 4568 1694 4618 etiam
1740 4580 1860 4635 quae
1913 4566 2143 4629 dixerat,

580 4658 819 4726 graviter
843 4658 1161 4725 accepisset,
1201 4667 1418 4726 propter
1468 4670 1718 4725 magnam
1776 4657 1921 4711 illam
1968 4660 2147 4713 cordis

578 4750 962 4805 contritionem
996 4758 1050 4802 et
1080 4750 1528 4817 moderationem,
1561 4759 1619 4804 et
1674 4749 1817 4819 quod
1869 4764 1929 4803 se
1999 4752 2146 4807 nullo

578 4849 861 4911 reputaret
886 4854 1009 4894 esse
1032 4842 1271 4911 dignum,
1326 4856 1389 4894 ea
1444 4843 1737 4910 respondit,
1765 4858 1885 4912 quae
1935 4853 1988 4895 et
2054 4845 2143 4900 tali

576 4934 701 4987 vitae
729 4932 1220 4996 conveniebant,et
1267 4942 1429 4989 tantae
1476 4934 1804 4988 humilitati:
1857 4936 1989 5000 Quis
2048 4951 2148 5003 ego

579 5037 721 5088 sum,
754 5024 970 5078 domine
1017 5024 1113 5088 mi,
1152 5023 1359 5087 dicens,
1391 5032 1446 5080 ut
1478 5024 1763 5078 sacerdotii
1791 5033 1997 5077 tantam
2019 5028 2145 5079 sub-

581 5130 699 5175 eam
725 5114 1173 5183 magnitudinem,
1193 5124 1249 5170 et
1279 5115 1459 5183 gravis
1483 5117 1709 5185 populus
1742 5116 1873 5171 mihi
1895 5118 2143 5171 commit-

581 5213 723 5257 tatur
744 5204 1057 5261 docendus?
1089 5205 1216 5259 Sine
1246 5221 1340 5275 per
1374 5205 1669 5273 Christum,
1700 5208 1815 5263 sine
1840 5224 1925 5263 me
1953 5210 2149 5264 acerbe

582 5310 703 5349 mea
729 5296 924 5350 deﬂere
957 5305 1207 5367 peccata.

2245 4558 2945 4631 δέξασθαιπροστασίαν·.ὀ
2970 4558 3025 4610 δὲ
3048 4558 3239 4629 πρῶτα
3270 4558 3367 4626 μὲν
3394 4559 3491 4630 τὴν
3524 4562 3834 4618 ἐπισκόπου

2248 4653 2581 4719 δυσχεράνας
2642 4648 2958 4721 ἐπιδημίαν,
2991 4650 3242 4718 καθάπερ
3275 4650 3373 4719 οὐχ
3408 4651 3593 4703 ἱκανὸν
3634 4654 3837 4706 ἐαυτὸν

2249 4746 2439 4815 ἀνδρὸς
2478 4743 2801 4813 τηλικούτου
2839 4742 3144 4811 παρουσίας
3194 4744 3477 4811 οἰόμενος,
3522 4742 3716 4798 ἔπειτα
3772 4746 3833 4799 δὲ

2250 4836 2342 4890 καὶ
2370 4836 2578 4907 βαρέως
2611 4837 2734 4896 τοὺς
2759 4834 2889 4903 παρ’
2947 4833 3111 4885 αὐτοῦ
3164 4832 3456 4901 δεξάμενος
3511 4835 3701 4902 λόγους
3736 4837 3831 4889 διὰ

2248 4931 2347 5000 τὴν
2373 4930 2571 4997 πολλὴν
2607 4928 2822 4996 ἐκείνην
2852 4925 3144 4997 ωντριὸὴν
3183 4928 3283 4995 τῆς
3311 4928 3561 4996 καρδίας,
3594 4931 3688 4980 καὶ
3726 4946 3831 4996 με.

2244 5024 2525 5092 τριότητα,
2559 5022 2652 5073 καὶ
2676 5020 2735 5071 τὸ
2770 5019 2864 5071 τοῦ
2894 5018 3123 5087 μηδενὸς
3153 5018 3303 5083 ἀξιον
3326 5020 3518 5073 ἐαυτὸν
3544 5022 3827 5089 ἡγεῖσθαι,

2248 5114 2317 5169 τὰ
2356 5114 2449 5165 καὶ
2482 5113 2581 5182 βίῳ
2606 5110 2834 5181 τοιούτῳ
2869 5112 2962 5162 καὶ
2994 5111 3323 5163 ταπεινώσει
3376 5112 3615 5181 τοσαύτη
3645 5129 3826 5177 προσ-

2247 5208 2469 5275 ήκοντα,
2502 5206 2637 5272 πρὸς
2675 5204 2837 5257 αὑτὸν
2874 5203 3241 5271 ἀπεκρίνατο·
3269 5204 3364 5267 Τίς
3397 5205 3515 5273 εἰμί
3545 5205 3674 5271 ἐγὼ,
3712 5207 3827 5260 κύ-

2252 5300 2333 5369 ριέ
2362 5316 2485 5367 μου,
2529 5296 2722 5365 Κύριε,
2777 5295 2971 5362 λέγων,
2998 5294 3137 5347 ὥστε
3163 5296 3484 5365 τηλικοῦτον
3521 5296 3823 5369 ἱερωσύνης

584 5392 815 5465 μέγεθος
850 5392 1103 5451 ὑπελθεῖν
1169 5392 1263 5445 καὶ
1316 5391 1443 5445 λαοῦ
1510 5393 1719 5467 βαρέως
1782 5383 2133 5448 διδασκαλίαν
2186 5394 2632 5467 ἐγχειρισθῆναι;
2695 5394 2894 5446 Ἐασον
2952 5393 3040 5449 διὰ
3089 5394 3343 5463 Χριστὸν,
3406 5394 3567 5445 ἔασον
3612 5398 3825 5466 πικρῶς

579 5485 1026 5539 ἁποκλαύσασθαι
1052 5486 1149 5551 τὰς
1176 5487 1416 5555 ἐμαυτοῦ
1444 5488 1840 5559 πλημμελείας.

652 5576 785 5630 Vill.
813 5578 911 5631 Cui
980 5595 1170 5635 rursus
1225 5581 1510 5649 episcopus
1558 5586 1885 5653 respondens
1922 5605 1932 5639 :
1972 5586 2137 5643 Recte

584 5664 720 5727 scio,
764 5665 954 5733 inquit,
991 5680 1022 5721 ο
1053 5668 1215 5720 cbare
1251 5668 1321 5720 liii
1350 5669 1591 5731 Abrami,
1623 5674 1761 5737 quod
1796 5675 1987 5741 gratia,
2021 5690 2139 5741 qua:

586 5750 681 5809 tibi
709 5753 829 5807 data
866 5762 945 5807 est
975 5770 1002 5807 a
1022 5755 1241 5819 Spiritu,
1267 5765 1457 5828 potens
1518 5774 1574 5813 es
1605 5771 1659 5814 et
1679 5764 1857 5817 verbis
1887 5772 1938 5817 et
1962 5765 2136 5821 lactis.

2319 5584 2396 5635 H'.
2433 5580 2575 5650 Πρὸς
2608 5580 2665 5633 ὃν
2716 5581 2743 5632 ὁ
2772 5580 3069 5644 ἐπίσκοπος
3130 5577 3285 5645 αὖθις
3315 5580 3403 5633 τὸν
3434 5581 3592 5649 λόγον
3623 5580 3824 5635 ἀναλα-

2250 5676 2391 5727 ϐών·
2432 5672 2563 5728 Οἶδα
2602 5675 2810 5742 σαφῶς,
2846 5671 2985 5736 οἶδα,
3007 5676 3197 5728 τέκνον
3230 5674 3503 5735 ποθεινὸν,
3530 5675 3819 5744 Ἀὁράμιε,

2250 5761 2424 5831 εἶπεν,
2463 5766 2625 5841 ὡςῖῇ
2656 5765 2912 5837 δεδομένῃ
2953 5783 3031 5819 σοι
3060 5767 3210 5834 παρὰ
3253 5766 3340 5819 τοῦ
3374 5766 3693 5841 Πνεύματος
3726 5769 3820 5839 χά-
