3972 6494
158 410 226 470 53
1435 407 1613 468 VITA
1654 407 1712 468 S.
1754 438 1767 473 Α

1872 409 2108 472 RAMII.
3343 407 3415 472 54

163 538 265 589 pm
327 515 557 582 δυνατὸς
589 513 641 570 εἴ
672 517 766 571 καὶ
793 517 972 585 λόγοις
1024 517 1118 571 καὶ
1172 518 1499 589 πράγμασιυ
1540 519 1615 588 μὴ
1648 512 1743 571 οῦν

1872 521 1924 576 ie
1946 537 2075 591 ergo
2107 520 2441 577 dubitaveris
2497 523 2562 577 ad
2596 535 2796 579 munus
2835 521 3114 588 accedere,
3139 521 3281 591 quod
3311 523 3421 576 erit

160 610 479 681 ἀποκνήσης
535 609 686 679 ἔργῳ
733 607 983 664 καθεῖναι
1036 610 1257 671 σαυτὸν,
1305 609 1575 679 τοσαύτης
1641 610 1740 681 μὲν

1872 613 2056 681 [υἰιίεηι
2087 628 2248 670 causa
2297 622 2463 669 tanta:
2515 614 2817 668 animarum
2872 613 3140 677 utilitatis,
3200 629 3424 682 magnas

160 703 346 774 ψυχῶν
388 699 664 771 ὠφελείας
693 699 878 772 αἰτίῳ,
924 701 1172 772 μεγάλας
1219 702 1277 757 δὲ
1313 702 1409 757 καί
1462 719 1546 756 σοι
1591 703 1743 771 παρά

159 797 293 852 Θεοῦ
326 792 689 868 προξενοῦντι
735 796 837 857 τὰς
872 794 1190 855 ἀντιδόσεις.
1231 793 1293 851 '0
1322 795 1380 849 δὲ
1405 798 1518 858 τοῖς
1545 794 1743 865 προτέ-

166 907 297 960 ροις,
316 887 599 957 ιπιμὲνων
619 887 716 941 καὶ
736 885 817 940 ἔτι
839 902 853 918 ⁸
875 888 1095 949 Ἔασον,
1119 880 1275 949 αὖθις
1292 886 1621 957 παρακαλῶ,
1650 889 1745 940 εα-

164 998 271 1045 σον,
294 980 477 1047 ἔλεγε,
495 978 564 1032 τά
580 979 761 1032 οίκεῖα
779 976 1048 1048 θρηνῆσαι
1065 978 1231 1033 κακά.
1254 979 1365 1031 Καὶ
1380 978 1436 1040 ὃς
1451 976 1744 1031 ὑπολασὼν

160 1074 516 1144 δριμυτέροις
534 1071 698 1123 αὑτὸν
721 1069 986 1139 ἡμείΰετο
1014 1069 1198 1137 λόγοις
1222 1085 1235 1099 ·
1272 1068 1403 1122 ’ἰδοὺ
1434 1069 1497 1139 δὴ
1518 1070 1743 1139 κόσμον,

162 1167 357 1233 λέγων,
416 1164 515 1217 καὶ
568 1165 637 1217 τὰ
671 1160 766 1215 τοῦ
794 1162 1006 1230 κόσμου
1064 1160 1405 1223 καταλιπὼν,
1439 1161 1533 1213 καὶ
1559 1162 1608 1213 τί
1646 1161 1745 1230 μὲν

162 1259 260 1312 οὑκ
291 1257 553 1326 ἀσκήσας
583 1254 903 1319 ἐπαινετὸν,
938 1254 1098 1317 ποίας
1133 1252 1190 1306 δὲ
1225 1251 1333 1305 τῶν
1370 1251 1466 1305 τοῦ
1498 1251 1633 1305 Θεοῦ
1663 1254 1747 1305 ὲν-

161 1348 329 1402 τολῶν
360 1348 439 1418 μὴ
470 1346 650 1416 φύλαξ
689 1344 992 1414 ἀναφανεὶς
1019 1344 1439 1413 ἀκριϐέστατος,
1476 1344 1538 1397 τὸ
1575 1343 1748 1412 κεφά-

163 1443 310 1495 λαιον
334 1441 439 1495 οὑκ
461 1436 562 1493 οἶδ’
586 1440 738 1503 ὅπως
773 1436 966 1502 ἔλαθες
981 1436 1311 1507 παραλιπὼν
1338 1436 1438 1508 τὴν
1473 1436 1746 1506 ὑπακοήν.

162 1534 381 1588 Τούτων
398 1532 642 1596 ἀκούσας
663 1534 692 1585 6
713 1529 1147 1602 μακάριος,τοὺς
1169 1528 1485 1599 ὀφθαλμοὺς
1501 1528 1752 1607 δακρύων

163 1627 539 1698 ὑποπλησθεὶς
569 1626 664 1679 καὶ
696 1624 759 1695 δή
808 1641 862 1677 τι
888 1622 1154 1686 στενάξας
1188 1621 1327 1690 βαθὺ
1387 1619 1482 1674 καὶ
1516 1619 1749 1692 ὑπόθερ-

163 1735 297 1788 μον·
324 1718 440 1771 Καὶ
473 1716 557 1777 τίς
590 1716 708 1783 ειμι
730 1713 866 1782 ἐγὼ,
903 1712 1062 1783 κύριε
1090 1728 1215 1782 μου,
1243 1711 1423 1782 κύριε,
1454 1711 1611 1781 φησὶ,
1664 1711 1753 1766 ἴνα

161 1812 257 1864 καὶ
285 1805 447 1871 αὖθις
465 1805 728 1863 ἀναλάϐω
750 1806 822 1859 τὰ
847 1804 1144 1875 εἰρημένα,
1174 1805 1260 1857 δτι
1292 1803 1563 1867 τοιούτοις
1593 1801 1755 1874 ισχες

164 1905 291 1973 περὶ
321 1900 463 1972 ιμοῦ
498 1899 801 1971 λογισμοὺς
825 1899 922 1951 καὶ
970 1896 1146 1960 οὑτως
1177 1896 1331 1961 δλαις
1373 1896 1563 1967 γερσὶν
1591 1896 1752 1951 ἀνελ-

163 1996 328 2048 κὺσαι
388 2010 458 2063 με
490 1990 822 2060 φιλονεικεις
863 1989 1002 2059 πρὸς
1043 1988 1364 2058 τηλικοῦτον
1392 1987 1524 2057 ῦψος
1550 1988 1752 2059 ἀρχῆς,

164 2088 257 2138 τὸν
275 2084 474 2153 εὐτελῆ
506 2082 601 2135 καὶ
625 2080 1045 2151 ἀπερῤιμένονς
1071 2079 1182 2131 Καὶ
1213 2078 1242 2131 6
1271 2076 1576 2141 ἐπίσκοπος
1601 2093 1615 2109 °
1674 2078 1756 2131 At‘

162 2180 267 2241 ὅτι,
303 2176 497 2247 φησιν,
530 2175 558 2228 6
588 2174 692 2244 μὲν
723 2171 903 2240 ἐαυτῷ
939 2170 1087 2241 μόνῳ
1123 2170 1231 2235 ζῶν
1264 2171 1359 2224 καὶ
1410 2170 1549 2239 μόνα
1574 2169 1757 2234 καλῶς

162 2274 312 2334 ὅπως
345 2272 461 2339 ἔχοι
505 2268 574 2322 τά
618 2267 744 2322 καθ’
782 2267 978 2321 ιαυτδν
1016 2266 1329 2337 μεριμνῶν,
1391 2266 1569 2336 ἑαυτῷ
1608 2266 1758 2337 μόνῳ

164 2364 446 2435 περιποιεῖ
480 2360 582 2433 τὴν
640 2360 952 2428 ὠφέλειανς
1012 2358 1112 2410 Τὸ·
1138 2357 1198 2411 δὲ
1230 2358 1325 2411 καὶ
1353 2358 1421 2411 τὰ
1451 2358 1559 2412 τῶν
1584 2358 1759 2413 ἀλλων

162 2452 507 2525 ιπανορθοῦν
534 2453 630 2507 καὶ
647 2451 839 2521 ψυχῶν
854 2448 1177 2517 ἐπιμέλειαν
1195 2447 1613 2511 πεπιστεῦσθαι,
1635 2449 1762 2502 ὅσον

158 2538 278 2617 εχει
317 2549 377 2599 τὸ
407 2545 600 2615 κέρδος
646 2544 741 2596 καὶ
786 2542 973 2595 ὁποῖον
998 2540 1223 2610 ἀγάπης
1264 2540 1465 2611 δεῖγμα
1488 2539 1587 2610 τῆς
1622 2540 1760 2613 πρὸς

164 2642 325 2705 Θεὸν,
361 2638 457 2693 καὶ
479 2640 629 2695 ὅπως
668 2637 893 2706 ἀπάσης
926 2637 1045 2690 ἐστὶ
1086 2635 1270 2704 μεῖζον
1300 2634 1403 2703 τῆς
1433 2633 1570 2702 πρὸς
1598 2635 1761 2689 αὑτὸν

165 2730 494 2803 θεραπείας,
518 2729 923 2785 αὑτὸνὲκεῖνόν
946 2720 1032 2781 σοι
1057 2728 1249 2779 τούτου
1273 2727 1591 2797 παρέξομαι
1618 2728 1762 2798 μάρ-

165 2841 338 2895 τυρα·
378 2843 398 2875 ε
442 2822 504 2875 Εἰ
539 2821 649 2894 γὰρ
679 2821 857 2891 φιλεῖς
914 2836 1006 2890 με,
1071 2818 1269 2891 Πέτρε,
1306 2816 1464 2886 φησὶ,
1504 2818 1762 2886 ποίμαινε

169 2922 235 2968 τα
286 2915 541 2985 πρόϐατά
574 2932 701 2984 μου.
739 2932 757 2965 ι
812 2914 978 2965 Ὥστε
1010 2911 1274 2965 τοσοῦτον
1308 2910 1468 2981 μέλει
1510 2910 1632 2981 Θεῷ
1664 2912 1764 2981 τῆς

165 3006 277 3057 τῶν
332 3006 608 3071 ποιμνίων
635 3002 980 3071 ἐπιμελείας,
1016 3001 1091 3064 ὼς
1128 3003 1222 3053 καὶ
1266 3003 1525 3071 μέγιστον
1555 3002 1654 3073 τῆς
1685 3003 1764 3066 είς

168 3097 335 3149 αὑτὸν
365 3095 591 3165 ἀγᾶτιης
623 3096 855 3164 σημεῖον
877 3094 973 3162 τὴν
1001 3093 1130 3164 περὶ
1161 3093 1337 3147 ταῦτα
1363 3094 1574 3148 τιθέναι
1603 3095 1767 3161 κηδε-

1845 714 2025 759 autem
2056 707 2195 774 apud
2225 704 2390 761 Deum
2446 705 2540 761 tibi
2593 704 2900 762 conciliabit
2933 706 3421 761 remunerationes.

1846 795 1939 849 llle
1974 811 2100 851 vero
2129 812 2481 866 perseverans
2514 798 2565 852 in
2594 798 2865 869 prioribus
2898 814 2912 852 :
2952 797 3081 853 Siue
3104 814 3256 866 rogo,
3293 814 3419 852 rur-

1846 903 1939 944 sus
1966 888 2198 955 dicebat,
2223 889 2342 944 sine
2374 904 2459 943 me
2476 888 2612 943 mala
2644 890 2861 961 propria
2895 890 3112 944 deﬂere.
3146 889 3239 943 llle
3271 904 3421 955 vero,

1849 979 2201 1049 respondens,
2235 980 2539 1036 acrioribus
2595 994 2718 1035 eum
2754 980 2935 1036 verbis
2985 980 3224 1051 excepit,
3257 980 3401 1035 Ecce

1847 1070 2054 1136 dicens,
2091 1080 2281 1125 cumet
2310 1072 2592 1137 mundum,
2626 1080 2678 1127 et
2702 1086 2822 1141 qua:
2853 1071 3040 1125 mundi
3081 1080 3210 1125 sunt
3238 1069 3422 1125 omnia

1849 1161 2157 1231 reliqueris,
2191 1172 2245 1217 et
2282 1162 2414 1233 quid
2447 1178 2554 1218 non
2594 1163 2864 1220 laudabile
2905 1164 3126 1234 quidem
3162 1178 3425 1219 exercue-

1851 1254 1946 1319 ris,
1971 1255 2244 1325 quodnam
2293 1265 2474 1310 autem
2527 1255 2621 1311 Dei
2671 1265 2998 1327 praeceptum
3038 1270 3143 1310 non
3176 1264 3429 1310 accurate

1851 1348 2175 1413 servaveris,
2208 1349 2260 1404 id
2284 1350 2427 1420 quod
2454 1359 2535 1405 est
2556 1351 2907 1421 pracipuum,
2940 1350 3125 1405 nescio
3158 1348 3431 1419 quomodo

1852 1442 2167 1513 impmdens
2196 1443 2614 1513 praetermisisti,
2650 1457 2845 1514 nempe
2886 1442 3271 1497 obedientiam.
3302 1432 3431 1495 Hac

1853 1548 1977 1589 cum
2013 1533 2100 1590 ille
2129 1534 2389 1591 audiisset
2420 1535 2481 1592 Β.
2509 1535 2833 1600 Abramius,
2864 1536 3053 1590 oculos
3087 1531 3327 1589 suffusus
3354 1532 3435 1586 la-

1852 1614 2076 1696 crymis,
2131 1633 2186 1680 et
2229 1640 2297 1681 ex
2341 1626 2455 1681 iino
2502 1628 2739 1697 graviter
2794 1625 3115 1693 suspirans:
3152 1623 3284 1691 Quis
3333 1636 3434 1691 ego

1854 1728 1996 1778 sum,
2040 1713 2280 1780 domine,
2322 1715 2541 1773 domine
2577 1716 2672 1783 mi,
2704 1718 2879 1788 inquit
2930 1718 3016 1788 (ut
3054 1730 3245 1770 rursus
3274 1729 3435 1784 repe-

1861 1814 1968 1858 tam
2029 1820 2118 1871 ea,
2155 1821 2277 1877 quae
2328 1807 2472 1863 dicta
2535 1808 2705 1878 sunt),
2753 1816 2815 1863 ut
2844 1808 2912 1862 de
2948 1822 3033 1862 me
3062 1805 3221 1861 talem
3251 1818 3438 1861 susce—

1857 1895 2002 1965 peris
2020 1896 2427 1968 cogitationem,
2465 1906 2521 1954 et
2540 1913 2645 1962 me,
2680 1899 2773 1969 qui
2805 1914 2925 1953 sum
2949 1898 3072 1954 vilis
3098 1906 3151 1953 et
3166 1895 3435 1964 abiectas,

1856 1986 1937 2041 sic
1969 1996 2079 2041 tnta
2111 2002 2279 2043 manu
2304 1990 2606 2046 contendas
2628 1990 2905 2045 attrahere
2928 1992 2996 2044 ad
3030 1998 3233 2044 tantam
3268 1988 3441 2043 virtu-

1860 2081 1929 2135 tis
1982 2080 2694 2154 altitudinemiEpiscopus
2747 2095 2930 2139 autem
2963 2082 3296 2150 :Quouiam,
3356 2081 3442 2135 in-

1858 2173 1997 2243 quit,
2029 2173 2121 2243 qui
2151 2173 2255 2229 sibi
2296 2174 2521 2245 quidem
2547 2175 2650 2232 soli
2690 2175 2842 2241 vivit,
2881 2186 2941 2231 et
2966 2176 3137 2231 solum
3171 2183 3349 2238 curat,
3382 2182 3444 2227 ut

1860 2281 1949 2320 res
1978 2282 2092 2321 sua:
2127 2277 2276 2324 recte
2306 2283 2369 2324 se
2395 2269 2660 2335 habeant,
2692 2269 2795 2325 sibi
2825 2268 2922 2325 soli
2946 2274 3101 2338 parat
3126 2268 3439 2323 utilitatem.

1860 2356 2009 2410 Alios
2061 2365 2242 2412 autem
2298 2359 2575 2427 corrigere
2622 2369 2678 2413 et
2707 2359 3014 2413 animarum
3058 2357 3164 2411 sibi
3203 2355 3444 2411 credita-

1864 2465 1980 2504 rum
2015 2464 2205 2506 curam
2235 2466 2446 2522 gerere,
2479 2460 2743 2522 quantum
2785 2452 2947 2506 habet
2988 2449 3441 2514 emolumentum,

1860 2551 1916 2597 et
1949 2553 2214 2611 quantum
2264 2544 2551 2598 cbaritatis
2600 2544 2651 2597 in
2698 2542 2862 2598 Deum
2896 2544 3179 2607 indicium,
3211 2549 3266 2597 et
3302 2542 3447 2611 quod

1864 2634 1916 2689 id
1945 2634 2015 2689 sit
2047 2633 2221 2704 majus
2253 2635 2448 2705 quovis
2497 2635 2603 2691 alio
2641 2634 2786 2691 cultu
2820 2634 3101 2690 Creatoris
3128 2644 3182 2690 et
3204 2632 3443 2695 Domini,

1864 2726 2129 2780 adducam
2164 2727 2261 2782 tibi
2296 2728 2440 2784 illius
2486 2727 2654 2798 ipsius
2702 2726 3070 2782 testimonium
3106 2742 3119 2780 :
3162 2742 3182 2777 ι
3215 2722 3272 2779 Si
3298 2724 3444 2779 enim

1865 2820 2045 2889 diligis
2099 2836 2208 2888 me,
2267 2821 2446 2889 Petre,
2485 2823 2683 2891 inquit,
2742 2837 2903 2892 pasce
2961 2835 3094 2876 oves
3126 2832 3275 2873 meas
3313 2818 3376 2870 “.
3420 2835 3439 2867 ο

1864 2911 2232 2979 Quamobrem
2258 2912 2364 2969 Deo
2388 2923 2552 2969 tanta
2583 2924 2711 2969 sunt
2759 2930 2904 2970 cura:
2950 2927 3161 2985 greges,
3197 2908 3452 2965 utmaxi-

1868 3021 2015 3061 mum
2052 3006 2268 3078 signum
2335 3006 2391 3062 in
2447 3008 2625 3077 ipsum
2666 3006 2995 3071 dilectionis,
3042 3020 3229 3060 eorum
3258 3017 3449 3058 curam

1868 3112 1995 3153 esse
2020 3108 2244 3154 statuat.
2273 3099 2496 3155 Talibus
2512 3099 2779 3166 consiliis,
2819 3099 3041 3155 monitis
3069 3109 3126 3153 et
3187 3093 3454 3153 sermoni-

175 3190 388 3260 μονίαν.
449 3187 746 3251 Τοιαὺταις
802 3185 1137 3258 συμὸουλαῖς
1203 3202 1262 3237 τε
1306 3186 1401 3238 καὶ
1434 3183 1762 3254 ὑποθήκαις,

1872 3190 1971 3244 bus
2003 3206 2300 3260 persuasus
2351 3192 2662 3256 Abramius,
2698 3192 3010 3261 episcopum
3056 3189 3123 3245 ad
3156 3188 3340 3243 urbem
3370 3194 3454 3239 est

167 3284 438 3347 τοιούτοις
469 3282 901 3352 ὑποφωνήμασι,
934 3277 1178 3342 πεισθεὶς
1209 3280 1237 3331 6
1272 3277 1595 3349 Ἀδράμιος,
1639 3279 1773 3348 ηκο-

172 3376 354 3428 λούθει
384 3375 521 3443 πρὸς
550 3376 651 3442 τὴν
683 3372 840 3426 πόλιν
878 3372 955 3441 τῷ
980 3371 1293 3441 ὲπισκόπῳ,
1330 3371 1589 3424 κάκείνου
1618 3371 1771 3425 τελέ-

176 3482 371 3527 σαντος
407 3464 496 3517 ἐπ’
531 3463 685 3533 αὑτῷ
723 3465 791 3515 τὰ
840 3464 1027 3515 εἰκότα
1061 3463 1155 3515 καὶ
1179 3461 1327 3515 οὕτω
1377 3462 1583 3514 τέλειον
1611 3463 1774 3515 αὑτὸν

176 3558 563 3622 ἀναδείξαντος
615 3556 791 3624 ίερέα,
855 3549 973 3605 εἶτα
1015 3554 1108 3605 καὶ
1160 3555 1259 3607 σὺν
1319 3555 1437 3623 ἅμα
1470 3555 1548 3622 τῷ
1584 3555 1775 3625 κλήρῳ

179 3653 345 3703 παντὶ
388 3651 483 3703 καὶ
516 3648 597 3719 τῷ
635 3646 752 3717 λαῷ
788 3646 979 3699 τοῦτον
1027 3644 1482 3715 προπέμψαντος,
1519 3644 1619 3715 τὴν
1646 3661 1777 3715 προ-

1870 3291 2108 3335 secutus.
2128 3280 2397 3351 Cumque,
2426 3283 2513 3337 ille
2533 3283 2586 3336 in
2609 3284 2747 3351 ipso,
2792 3296 2911 3351 qua
2933 3296 3031 3351 par
3047 3289 3185 3343 erat,
3212 3277 3455 3348 peregis-

1873 3385 1976 3439 set,
2003 3382 2057 3427 et
2091 3373 2171 3429 sic
2196 3389 2322 3429 eum
2354 3373 2655 3444 perfectum
2705 3383 2947 3435 creasset
3002 3371 3369 3434 sacerdotem,
3402 3378 3457 3425 et

1876 3462 2071 3521 deinde
2119 3482 2242 3523 cum
2295 3478 2407 3523 toto
2433 3468 2582 3523 clero
2607 3477 2665 3524 et
2692 3468 2892 3539 popqu
2937 3480 3060 3522 eum
3115 3465 3456 3526 deduxisset,

1878 3558 2210 3624 propositam
2242 3559 2389 3612 illinc
2422 3559 2563 3611 viam
2599 3558 2740 3621 iniit,
2767 3558 2964 3616 multas
2987 3558 3202 3612 interim
3224 3555 3459 3611 fundens

1878 3647 2175 3721 lacrymas,
2211 3660 2266 3705 et
2297 3664 2593 3719 supernum
2617 3651 2879 3706 invocans
2910 3649 3193 3705 auxilium.

180 3750 446 3818 κειμένην
480 3745 695 3800 ἐκεῖθεν
721 3745 837 3799 666v
873 3746 1091 3818 ἤρχετο,
1124 3744 1297 3798 πολλά
1325 3745 1529 3815 μεταξὺ
1587 3744 1801 3818 δάκρυα
1843 3745 1984 3819 χέων
2020 3746 2115 3801 καὶ
2164 3746 2264 3816 τὴν
2290 3746 2495 3801 ἄνωθεν
2527 3747 2705 3818 ῥοπήν
2730 3762 2789 3797 τε
2822 3744 2916 3797 καὶ
2948 3738 3269 3813 συμμαχίαν
3335 3738 3457 3792 im-

181 3846 549 3914 καλούμενος.

249 3937 330 3993 θ’.
367 3938 671 4005 Γενόμενος
702 3935 760 3989 δὲ
784 3934 926 3989 κατὰ
958 3933 1059 4004 τὴν
1082 3933 1280 4006 κώμην
1316 3933 1414 3988 καὶ
1444 3934 1650 4005 ταύτην
1670 3934 1776 3988 ὑπὸ

187 4034 341 4105 βαθεῖ
372 4028 562 4099 σκότῳ
594 4027 695 4096 τῆς
726 4026 985 4090 ἀσεϐείας
1012 4027 1276 4098 κειμένην
1303 4026 1650 4091 καταλαϐὼν,
1680 4029 1777 4082 καὶ

186 4133 211 4181 ξ
234 4142 369 4205 φησι
403 4125 435 4177 6
475 4121 620 4184 θεῖος
644 4118 878 4185 Παῦλος,
917 4135 937 4169 ε
971 4117 1085 4187 Τὴν
1112 4117 1207 4170 τοῦ
1238 4120 1581 4187 Μονογενοῦς
1616 4119 1775 4184 δόξαν

189 4210 251 4273 ἐν’
273 4218 592 4291 ὁμοιώματι
640 4214 882 4285 γλυπτοῦ
918 4212 1320 4284 ἀλλαξαμὲνην,
1380 4229 1399 4263 ι
1442 4209 1779 4281 τοιαῦτατῷ

189 4314 305 4383 Θεῷ
367 4315 427 4366 ιν
496 4309 757 4380 συντριϐῇ
810 4310 1041 4379 καρδίας
1087 4306 1471 4378 προσηύχετο’
1531 4306 1776 4359 Δέσποτα

1952 3931 2040 3990 lX.
2070 3933 2207 3990 Cum
2239 3942 2422 3989 autem
2456 3930 2694 3988 venisset
2728 3933 2781 3987 in
2815 3930 3023 3996 vicum,
3069 3938 3123 3987 et
3161 3944 3284 3986 eum
3309 3937 3462 3985 inve-

1885 4026 2350 4095 nissetjacenlem
2389 4027 2442 4081 in
2502 4025 2788 4096 profundis
2850 4023 3092 4080 tenebris
3142 4022 3460 4093 impietatis,

1882 4131 1939 4174 et
1953 4130 2016 4174 ut
2031 4118 2163 4173 dicit
2182 4118 2394 4173 divinus
2415 4116 2611 4173 Paulus
2641 4116 2709 4180 “,
2738 4134 2755 4167 ι
2778 4115 3017 4170 Gloriam
3049 4112 3322 4185 Unigeniti
3348 4130 3464 4169 mu-

1883 4218 2049 4262 tatam
2075 4208 2128 4262 iu
2159 4206 2569 4263 similitudinem
2610 4204 2941 4275 sculptilis,»
2972 4204 3053 4259 sic
3084 4205 3247 4259 Deum
3278 4220 3466 4275 preca-

1886 4302 2045 4357 batur
2097 4300 2151 4355 in
2205 4298 2535 4354 contritione
2584 4294 3075 4366 cordistlienigne
3123 4305 3177 4351 et
3229 4295 3468 4353 clemens

192 4405 570 4476 φιλάνθρωπε,
595 4402 803 4471 Χριστὲ
849 4402 877 4452 6
917 4400 1072 4467 Θεὸς,
1113 4402 1143 4455 6
1184 4400 1343 4471 μόνος
1375 4399 1600 4466 ἀγαθὸς,
1630 4401 1657 4453 6
1684 4398 1767 4468 μό·

1889 4396 2111 4453 Domine
2139 4392 2360 4449 Christe
2394 4392 2554 4455 Deus.
2591 4392 2681 4462 qui
2727 4404 2788 4446 ea
2843 4389 2993 4447 solus
3034 4392 3228 4452 bonus,
3270 4390 3362 4460 qui
3410 4405 3471 4445 es

193 4518 278 4559 νος
325 4496 664 4561 ἀνεξίκακος
703 4491 732 4544 6
787 4494 952 4563 μόνος
995 4491 1270 4563 ὶλεήμων,
1306 4494 1335 4544 6
1371 4491 1463 4543 τὸν
1494 4490 1783 4563 ἄνθρωπον

196 4592 387 4661 ἀφάτῳ
430 4585 815 4658 εὐσπλαγχνίᾳ
858 4585 1300 4659 δημιουργήσας,
1358 4584 1386 4635 6
1438 4586 1641 4646 συνιεὶς
1703 4587 1783 4645 εἰς

199 4685 374 4737 πάντα
407 4681 481 4735 τὰ
518 4679 660 4750 ἔργα
696 4678 862 4732 αὑτοῦ
890 4681 984 4732 καὶ
1017 4680 1245 4750 καρδίας
1275 4679 1365 4732 καὶ
1396 4680 1626 4747 νεφροὺς
1658 4678 1783 4731 61d-

202 4778 304 4839 ζων
335 4777 432 4831 καὶ
454 4772 747 4843 γινώσκων
774 4774 900 4837 τοὺς
921 4772 1306 4844 διαλογισμοὺς
1326 4772 1515 4835 αὑτοῦ.
1542 4774 1615 4845 μὴ
1648 4790 1789 4845 παρ-

204 4873 313 4942 ἰᾶης
345 4872 409 4923 τὸ
442 4870 537 4924 σὸν
562 4868 814 4935 πλάσμα,
842 4866 904 4919 τὸ
931 4866 1030 4935 τῆς
1062 4868 1161 4937 σῆς
1183 4865 1364 4935 χειρὸς
1392 4865 1787 4937 δημιούργημα

207 4963 389 5027 κακῶς
442 4961 553 5016 ὑπὸ
608 4957 705 5012 τοῦ
737 4958 929 5030 νοητοῦ
968 4959 1138 5031 θηρὸς
1191 4956 1612 5027 ἀπολλύμενον·
1674 4958 1789 5012 ἀλλ’

208 5054 385 5122 ἐξελοῦ
415 5052 625 5116 αὐτοὺς
669 5048 768 5117 τῆς
800 5050 895 5103 τοῦ
938 5048 1139 5119 ἐχθροῦ
1191 5048 1513 5119 τυραννίδος
1558 5050 1653 5102 καὶ
1703 5048 1791 5112 δὸς

210 5148 382 5208 αὐτοῖς
421 5145 527 5212 τὴν
564 5142 669 5209 τῆς
707 5139 808 5208 σῆς
859 5139 1121 5209 ἀληθείας
1186 5138 1519 5206 ίπίγνωσινο
1576 5140 1642 5192 σὺ
1682 5139 1792 5211 γὰρ

210 5236 371 5305 οἶδας.
402 5238 490 5291 ὅτι
535 5235 602 5289 οὗ
631 5231 791 5303 δόξης
821 5231 1012 5285 ἕνεκεν
1047 5230 1419 5302 ἀνθρωπίνης,
1444 5229 1583 5285 ἀλλά
1617 5249 1793 5303 σωτη-

216 5333 328 5397 ρίας
356 5328 576 5399 ψυχῶν,
616 5325 717 5393 τὴν
738 5322 997 5393 φροντίδα
1025 5323 1233 5393 ταύτην
1261 5324 1355 5376 καὶ
1385 5323 1486 5392 τὴν
1513 5322 1794 5377 διακονίαν

215 5421 568 5492 ἀνεδεξάμην.
630 5414 821 5470 Ταῦτα
880 5412 1175 5487 τοιγαροῦν
1212 5415 1661 5486 προσευξάμενος
1700 5418 1795 5470 καί

216 5534 330 5571 τινα
355 5515 464 5570 τῶν
500 5508 951 5579 ὑπολειφθέντων
976 5507 1139 5565 αὑτοῦ
1168 5508 1469 5579 χρημάτων
1503 5508 1654 5578 παρὰ
1699 5510 1795 5563 τοῦ

220 5610 382 5685 φὶλου,
414 5605 459 5675 ᾧ
500 5609 595 5679 τὴν
624 5605 835 5658 τοὶτων
867 5602 1087 5656 ἀνέθετο
1122 5602 1380 5673 πρόνοιαν
1402 5602 1794 5671 κομισάμενος,

223 5700 354 5758 δίκον
383 5703 449 5757 δι’
479 5698 670 5756 αὐτῶν
696 5696 993 5766 εὐκτήριον
1020 5694 1295 5765 ἀνεγείρει
1329 5696 1794 5765 ἒπετερπέστατόν

295 5869 327 5897 "
366 5867 495 5921 Jnan
559 5880 678 5927 χιι,
719 5862 807 5913 Π.
894 5861 935 5890 ¹¹
971 5860 1123 5917 Rom.
1157 5877 1194 5928 t,
1228 5861 1315 5915 ‘25.

1889 4488 2039 4541 solus
2070 4488 2301 4555 patiens,
2332 4487 2423 4553 qui
2456 4500 2517 4539 es
2557 4485 2706 4538 solus
2739 4482 3072 4547 misericors,
3126 4484 3220 4552 qui
3266 4482 3468 4536 creasti

1892 4580 2171 4635 hominem
2200 4577 2540 4650 benignitate
2573 4574 2856 4641 iueli‘abili,
2882 4576 2976 4647 qui
2999 4574 3257 4647 intelligis
3288 4574 3470 4629 omnia

1891 4689 2053 4743 Opera
2086 4674 2223 4744 ejus,
2256 4682 2314 4728 et
2342 4674 2507 4728 corda
2536 4682 2591 4727 et
2622 4684 2782 4727 renes
2805 4670 3107 4735 esaminas,
3134 4681 3193 4724 et
3215 4667 3472 4738 intelligis

1893 4769 2011 4835 ejus
2065 4766 2425 4838 cogitationes
2458 4778 2472 4818 :
2503 4780 2577 4819 ne
2621 4764 2892 4833 despicias
2941 4771 3091 4817 tuum
3135 4762 3472 4832 ﬁgmentum,

1892 4876 2028 4929 opus
2059 4870 2267 4918 tuarum
2294 4873 2581 4925 manuum,
2609 4857 2752 4927 quod
2780 4856 2917 4911 male
2949 4863 3174 4912 necatur
3209 4871 3238 4910 a
3273 4854 3472 4917 bellua,

1894 4968 2015 5021 qua:
2045 4952 2343 5023 percipitur
2376 4951 2735 5022 intelligentia
2768 4969 2782 5005 :
2820 4949 2916 5005 sed
2949 4949 3117 5004 libera
3171 4963 3266 5003 eos
3312 4964 3342 5001 a
3392 4958 3474 5019 ty-

1897 5046 2122 5099 rannide
2146 5042 2373 5107 inimici,
2406 5052 2460 5097 et
2492 5042 2558 5096 da
2584 5042 2663 5095 eis
2690 5040 2935 5093 veritatis
2967 5049 3073 5091 tua:
3116 5036 3472 5108 agnitionem.

1895 5134 1975 5190 Tu
2002 5139 2147 5192 enim
2173 5137 2301 5198 scis.
2339 5136 2481 5205 quod
2512 5146 2616 5187 non
2657 5140 2877 5203 propter
2902 5130 3190 5185 humanam
3220 5128 3477 5198 gloriam,

1897 5219 1989 5286 sed
2015 5240 2236 5302 propter
2270 5230 2573 5283 animarum
2611 5226 2843 5283 salutem
2874 5223 3087 5292 suscepi
3120 5224 3262 5277 hanc
3285 5239 3473 5277 curam

1898 5332 1957 5377 et
1990 5325 2093 5376 hoc
2124 5320 2505 5376 ministerium.
2532 5319 2670 5375 Cum
2703 5319 2782 5372 sic
2844 5329 2973 5385 ergo
2999 5325 3148 5371 esset
3197 5324 3474 5385 precatus,

1898 5426 1957 5469 et
1980 5416 2189 5482 aliquas
2233 5414 2531 5485 accepisset
2592 5410 2874 5481 pecunias,
2927 5423 3047 5480 qua
3102 5417 3471 5465 retunserant

1900 5509 2040 5578 apud
2065 5509 2323 5565 amicum.
2363 5507 2451 5562 cui
2504 5520 2697 5560 curam
2728 5504 3087 5559 commiserat
3135 5488 3479 5567 facultatum,

1900 5620 1963 5659 ex
1996 5604 2125 5673 ipsis
2150 5604 2319 5658 aedem
2343 5602 2579 5656 exstruit
2616 5599 2912 5653 oratoriam
2938 5596 3097 5666 longe
3128 5593 3475 5665 elegantissi-

1904 5711 2063 5755 mam.
2104 5694 2391 5765 Postquam
2424 5704 2602 5749 autem
2632 5692 2838 5747 [initum
2892 5689 2993 5747 fuit
3050 5688 3357 5752 cdiiiclum,
3394 5686 3483 5741 in-
