3972 6442
175 363 228 427 5⁸1
1433 358 1629 420 VITA’
1656 357 1716 415 S.
1756 355 2117 421 ABRAMU.
3351 349 3420 411 58

228 480 331 535 lA'.
364 480 462 541 Είς
498 478 557 532 δὲ
589 478 691 549 τὴν
719 475 979 531 imo-361v
1012 472 1109 527 καὶ
1154 472 1203 525 oi
1241 473 1602 542 χριστομάχοι
1635 469 1733 538 θῆ-

1909 471 2001 526 ΧΙ.
2038 472 2129 527 Die
2162 482 2339 526 autem
2382 472 2629 541 sequenti
2679 468 2871 525 bellum
2920 468 3023 521 illa:
3073 464 3274 520 Christi
3320 464 3423 517 ini-

175 591 258 645 ρες
307 573 507 624 ἐκεῖνοι
558 570 727 622 πάλιν
779 571 838 621 ἐν
867 565 1018 635 αύτῷ
1061 564 1371 635 γενόμενοι,
1410 566 1508 618 καὶ
1554 561 1744 617 τοῦτον

174 665 325 735 εὐχῆς
354 663 607 733 εὑρόντες
642 663 761 714 ἐκεῖ
812 662 905 713 καὶ
934 659 1119 727 ὕμνων
1150 660 1468 728 εὐχόμενον,
1522 658 1623 710 ούκ
1664 656 1745 709 ἐτι

177 758 352 827 πράως
386 757 637 823 ἐνεγκεῖν
694 755 1062 823 ἠδυνήθησαν,
1091 753 1229 807 ἀλλὰ
1260 753 1476 821 πληγάς
1504 768 1562 804 τε
1595 750 1746 821 αύτῷ

174 850 261 911 τὰς
280 846 610 918 προτέραςῆ
659 844 841 913 πολλῷ
869 848 963 896 καὶ
1020 844 1274 913 μείζονας
1314 843 1618 905 ἐπιθέντες,
1658 842 1744 893 δε-

177 941 322 1006 σμοῖς
350 955 408 989 τε
432 940 547 997 τοῖς
577 937 789 1005 ὁμοίοις
818 935 1209 998 ὑποϐαλόντες,
1262 935 1453 1005 σιτόρρω
1486 950 1589 985 που
1646 933 1745 1001 τῆς

176 1030 354 1099 κώμης
375 1030 636 1098 φέροντες
686 1027 940 1097 ἔρριψαν.
974 1026 1200 1088 Τούτοις
1251 1020 1346 1077 οῦν
1377 1026 1559 1093 τρίτον
1615 1023 1745 1091 ἐξῆς

175 1122 512 1189 ἐνεκαρτέρει
539 1124 732 1189 χρόνον
768 1120 1083 1189 Ἀϐράμιος,
1107 1119 1206 1174 οὐκ
1232 1117 1492 1179 ὀκλάσας,
1523 1116 1581 1168 οὺ
1616 1115 1747 1168 καθ-

176 1215 337 1282 υἶρεὶς,
362 1215 422 1265 οὐ
451 1213 856 1282 καθευξάμενος
881 1211 1270 1273 ούδενὺς,ἀλλά
1296 1209 1374 1280 τῷ
1402 1210 1550 1276 μίσει
1574 1224 1747 1277 προσ-

176 1302 330 1365 τιθεὶς
378 1302 476 1373 τὴν
526 1304 773 1371 ἀγάπην,
827 1303 905 1372 τῷ
938 1301 1096 1371 θυμῷ
1154 1301 1253 1371 τὴν
1294 1300 1598 1373 πραότητα,
1630 1300 1749 1359 ταῖς

176 1393 454 1463 λοιδορίαις
510 1395 610 1456 τὰς
671 1394 947 1461 εὐλογίας,
999 1391 1293 1456 νουθετῶν,
1340 1389 1747 1461 συμϐουλεύων,

176 1485 503 1554 παρακαλῶν
552 1485 681 1548 τοὺς
738 1485 1076 1555 πρεσϐύτας,
1131 1485 1261 1545 τοὺς
1315 1483 1504 1547 νέους,
1567 1482 1750 1534 πᾶσαν

175 1576 350 1638 ἁπλῶς
382 1576 623 1645 ἡλικίαν,
654 1576 731 1637 ὡς
756 1577 1025 1646 πατέρας,
1056 1574 1131 1636 ὡς
1154 1576 1340 1636 τέκνα,
1362 1575 1438 1634 ὡς
1463 1572 1745 1640 ἀδελφοὺς,

175 1663 314 1716 ούδὶν
332 1665 476 1726 ὅλως
506 1666 733 1733 ἀγεννὲς
762 1666 884 1718 οὐδὲ
913 1665 1255 1735 μικρόψυχον
1308 1662 1744 1730 ἐνδεικνύμενος,

1849 570 2021 631 micas,
2057 582 2180 621 cum
2222 565 2329 619 illic
2394 579 2582 619 rursus
2620 564 2915 626 venissent,
2947 567 3000 613 et
3023 574 3144 613 eum
3175 565 3420 611 orantem

1851 664 2199 723 invenissent,
2231 675 2297 715 ne
2356 668 2482 711 tunc
2537 656 2750 723 quidem
2808 660 3100 723 potuerunt
3163 649 3213 702 id
3283 646 3424 699 ferre

1849 754 2291 810 moderate:sed
2346 766 2466 804 cum
2520 750 2566 802 ei
2622 750 2808 817 plagas
2868 744 3097 813 priores,
3133 750 3223 793 aut
3256 738 3421 791 etiam

1851 849 2019 903 multo
2044 847 2280 915 majores
2313 842 2723 911 imposuissent,
2756 848 2812 892 et
2840 852 2962 891 eum
2994 834 3258 889 similibus
3304 832 3422 882 vin—

1850 942 1985 997 culis
2016 940 2325 1008 alligassent
2356 947 2410 990 et
2441 935 2757 993 traxissent,
2796 929 3034 999 procula
3089 927 3206 979 vico
3242 923 3421 993 proje-

1850 1042 2060 1090 cerunt.
2094 1032 2151 1085 In
2181 1031 2262 1083 liis
2293 1044 2421 1098 ergo
2465 1042 2522 1079 se
2567 1035 2676 1077 tres
2708 1037 2878 1074 annos
2928 1021 3186 1083 deinceps
3212 1015 3425 1069 fortiter

1850 1127 2016 1197 gessit
2049 1123 2359 1184 Abrauiius,
2394 1135 2496 1172 non
2523 1117 2748 1181 fractus,
2795 1128 2902 1166 non
2941 1110 3161 1171 cedens,
3200 1122 3299 1159 nee
3329 1104 3424 1156 ulli

1853 1218 1993 1273 male
2030 1205 2374 1284 imprecatis:
2414 1210 2508 1264 sed
2542 1209 2668 1263 odio
2715 1205 3038 1260 cliaritatein
3102 1201 3421 1267 adiungens,

1852 1310 1948 1364 iras
1980 1303 2471 1365 mansuetudinem,
2501 1297 2803 1352 maledictis
2846 1290 3273 1349 benedictioncs,
3326 1284 3424 1337 ad-

1854 1414 2098 1462 monens,
2123 1395 2429 1457 consulens,
2460 1392 2779 1451 adhortans,
2803 1398 2983 1447 senes,
3030 1380 3422 1437 adolescentes,

1853 1507 2099 1555 omnem,
2149 1502 2207 1543 ut
2252 1486 2417 1542 semel
2451 1485 2653 1545 dicam,
2686 1488 2925 1542 atatem,
2960 1486 3015 1528 nt
3050 1485 3251 1541 patres,
3284 1480 3338 1522 ut
3368 1466 3429 1519 ii-

1853 1586 1973 1651 lios,
1997 1582 2309 1641 ut‘fratres,
2340 1576 2580 1643 nihilque
2611 1572 2837 1625 omnino
2858 1566 3166 1625 ostendens,
3188 1562 3331 1629 quod
3356 1560 3428 1611 sit

1854 1679 2032 1750 pusilli
2082 1686 2136 1732 et
2190 1673 2383 1742 abiecti
2440 1670 2646 1723 animi:
2681 1666 2775 1719 sed
2819 1664 2993 1731 reipsa
3027 1658 3279 1728 implens,
3310 1668 3429 1729 quas

176 1755 276 1855 ἀλλ’
299 1756 453 1827 ιργῳ
484 1756 546 1809 τὸ
578 1757 673 1809 τοῦ
715 1756 863 1809 θείου
904 1754 1067 1809 Δαυῒδ
1097 1754 1415 1824 ἐκπληρῶν,
1450 1754 1545 1806 καὶ
1575 1755 1749 1820 ἀναγ-

1857 1782 1984 1828 sunt
2033 1768 2198 1823 divini
2256 1763 2494 1824 Davidis,
2538 1771 2593 1813 et
2649 1759 2788 1811 inter
2819 1752 3172 1809 neCessitates
3204 1756 3258 1801 et
3289 1744 3427 1800 allii-

176 1848 275 1900 κῶν
306 1849 519 1918 μεταξὺ
559 1849 653 1901 καὶ
683 1849 917 1917 θλίψεων
944 1850 1044 1910 τὰς
1069 1847 1292 1909 ἐντολὰς
1342 1846 1551 1915 Κυρίου
1588 1844 1749 1915 μελέ-

173 1956 262 2007 την
312 1940 683 2009 ποιούμενος’
745 1942 835 1993 διὰ
892 1940 1065 1994 ταῦτα
1099 1940 1164 2011 δὴ
1196 1941 1293 1993 καὶ
1328 1939 1628 2007 ἐξήνθησεν
1658 1938 1746 1991 ἐπ’

175 2033 321 2086 αὑτὸν
340 2034 405 2087 τὸ
438 2035 695 2103 ἀγίασμα
724 2032 895 2086 αὐτοῦ
930 2033 1026 2086 καὶ
1079 2032 1507 2101 συνεληλυθότες
1550 2030 1749 2099 ἀθρόον

175 2127 217 2177 οἱ
245 2127 433 2197 πρώην
461 2128 684 2191 ἀσεϐεῖς
712 2129 910 2183 ἐκεῖνοι
940 2126 1033 2181 καὶ
1064 2126 1311 2181 ἀπιστοιο
1337 2124 1473 2178 Θεοῦ
1502 2123 1559 2177 δὲ
1592 2125 1751 2177 τοῦτο

177 2222 375 2282 πάντως
434 2218 537 2272 τοῦ
573 2220 923 2283 παιδεύοντος
958 2220 1249 2289 ἄνθρωπον
1297 2218 1501 2286 γνῶσιν
1528 2220 1622 2271 καὶ
1652 2219 1750 2287 τῆς

174 2311 365 2364 ἐκείνου
406 2330 479 2365 πε
493 2313 545 2382 pi
601 2314 693 2365 τὸν
762 2312 1059 2381 Ἀόράμιον
1098 2312 1358 2379 χάριτος·
1392 2309 1751 2379 συναχθέντες

175 2402 256 2458 οὗν
284 2406 495 2467 πάντες
518 2408 568 2456 οἱ
600 2404 696 2473 τὴν
719 2405 914 2472 κώμην
945 2404 1163 2471 ἐκείνην
1192 2402 1492 2466 οἰκοῦντες,
1538 2403 1633 2455 καὶ
1662 2397 1750 2454 οἷα

175 2496 303 2559 ιξκδς
332 2500 387 2548 ἐν
421 2498 723 2565 συναγωγῇ
758 2495 998 2563 πλήθους
1048 2496 1268 2565 ὁμιλίας
1303 2513 1361 2547 τε
1398 2494 1599 2565 πολλῆς
1652 2496 1753 2547 καὶ

174 2588 332 2656 λογων
362 2587 636 2641 πάντοθεν
667 2590 1001 2657 κινουμένων
1026 2589 1092 2638 τὰ
1128 2587 1220 2638 τοῦ
1256 2587 1448 2655 ἀνδρὸς
1474 2588 1553 2647 είς
1589 2590 1752 2654 μέσον

176 2683 463 2750 παρήγετο,
504 2682 598 2733 καὶ
620 2680 809 2747 θαῦμα
859 2680 954 2741 τὰς
989 2680 1244 2731 ἁπάντων
1281 2678 1522 2746 ἐπλήρου
1552 2677 1748 2744 ψυχὰς,

174 2775 256 2825 καὶ
288 2774 482 2836 δεινῶς
509 2772 729 2840 ὑπὸτῆς
761 2771 1072 2838 ἐκπλήξεως
1097 2768 1466 2840 ἀπορούμενοι
1493 2782 1506 2797 °
1534 2766 1749 2837 Ὁρᾶτε,

176 2865 295 2933 πρὸς
327 2866 601 2932 ἀλλήλους
626 2865 836 2928 ἔλεγον,
855 2858 955 2914 -οἶα
988 2864 1129 2914 κατά
1160 2862 1252 2913 τοῦ
1292 2862 1591 2930 Ἀὔραμίου
1622 2861 1752 2930 ἡμῖν

175 2959 443 3023 εῖργασται
477 2958 491 3007 3
523 2959 548 3007 ὁ
578 2955 633 3006 δὲ
670 2955 809 3023 πρὸς
859 2956 1007 3019 ἡμᾶς
1036 2954 1184 3014 ὅπως
1235 2953 1490 3021 χρηστῶς
1519 2950 1751 3023 ἔχεικαὶ

174 3049 589 3121 φιλανθρώπως,
618 3049 716 3099 καὶ
751 3047 869 3115 μεθ’
896 3048 1026 3116 ὅσης
1055 3045 1320 3115 εὐψυχίας
1358 3044 1453 3096 καὶ
1507 3045 1751 3109 γενναιό-

1856 1864 2067 1922 ctiones
2099 1860 2366 1914 meditans
2396 1861 2661 1925 praecepta
2711 1847 2922 1904 Domini
2962 1844 3027 1896 “.
3062 1841 3287 1909 Propter
3316 1841 3429 1890 haec

1852 1956 1908 2009 in
1965 1955 2134 2021 ipsum
2191 1947 2372 2003 ﬂoruit
2436 1947 2553 2011 ejus
2602 1938 2979 1999 sanctiﬁcatio.
3016 1934 3148 1988 Nam
3186 1945 3307 1985 eum
3340 1942 3429 1981 re-

1853 2052 2015 2113 pente
2046 2040 2432 2095 convenissem
2461 2034 2557 2096 illi,
2591 2030 2680 2099 qui
2706 2040 2879 2093 nuper
2901 2030 3057 2079 erant
3086 2019 3232 2085 impii
3263 2025 3316 2068 et
3346 2015 3430 2065 in-

1854 2134 2170 2197 11όε1ιιε(οει
2198 2140 2376 2182 autem
2400 2127 2501 2179 hoc
2523 2120 2616 2174 Dei
2645 2117 2888 2178 omnino,
2916 2112 3007 2180 Qui
3053 2112 3202 2165 docet
3248 2104 3429 2159 homi-

1852 2242 1980 2282 nem
2050 2222 2359 2279 scientinin,
2400 2223 2454 2269 et
2514 2212 2660 2266 illius
2713 2207 2898 2277 gratize
2954 2205 3008 2257 in
3064 2194 3426 2263 Abramium),

1854 2329 2152 2382 omnesque
2182 2311 2272 2379 qui
2312 2309 2461 2364 illum
2495 2305 2672 2358 vicum
2732 2299 3071 2358 habitabant,
3117 2285 3428 2359 congregati

1853 2420 2060 2475 essent,
2091 2417 2167 2470 et,
2188 2415 2249 2459 ut
2265 2414 2357 2458 est
2374 2401 2798 2455 consentaneum
2819 2392 2871 2445 in
2886 2397 3025 2443 cmtu
3043 2382 3423 2444 multitudinis,

1854 2515 2134 2559 sermones
2176 2495 2321 2552 omni
2373 2508 2437 2546 ex
2473 2500 2626 2560 parte
2675 2489 3023 2545 haberentur,
3056 2494 3143 2533 res
3186 2472 3431 2530 Abrainii

1857 2595 1909 2647 in
1960 2592 2192 2643 medium
2250 2584 2641 2640 adducebatur,
2681 2586 2737 2630 et
2767 2574 3009 2629 omnium
3043 2567 3207 2621 animi
3241 2563 3435 2632 imple-

1857 2687 2053 2739 bantur
2084 2678 2462 2732 admiratione.
2495 2672 2682 2741 Itaque
2708 2684 2832 2722 cutn
2855 2679 2963 2732 prze
2986 2670 3207 2729 stupore
3234 2658 3287 2710 iu
3318 2670 3434 2707 ma-

1857 2790 2014 2845 gnam
2047 2775 2264 2828 addueti
2303 2775 2491 2822 essent
2544 2760 2934 2818 dubitationem
2972 2772 2987 2808 :
3027 2750 3255 2813 Videtis,
3290 2750 3431 2803 dice-

1857 2868 1984 2921 bant
2035 2866 2172 2916 inter
2226 2876 2285 2914 se
2339 2859 2591 2919 invicem,
2653 2852 2831 2917 qualia
2868 2864 2897 2902 a
2943 2846 3100 2900 nobis
3139 2845 3277 2893 facta
3306 2844 3437 2893 sunt

1858 2960 2116 3013 adversus
2148 2950 2459 3007 Abramiuni
2489 2966 2500 3001 :
2532 2947 2620 3000 ille
2667 2952 2845 2996 autem
2900 2951 3061 3006 quam
3097 2933 3325 3001 benigne
3380 2937 3436 2981 et

1857 3054 2153 3107 Clementer
2188 3051 2241 3102 in
2272 3064 2368 3102 nos
2396 3060 2454 3100 se
2493 3044 2651 3114 gerit,
2683 3051 2956 3110 quamque
2999 3031 3214 3085 fortiter
3245 3040 3307 3079 ac
3338 3037 3436 3091 ge-

174 3159 320 3209 τητος
359 3144 456 3211 τὴν
511 3140 790 3208 τοσαύτην
845 3139 1157 3206 ὑπήνεγκεν
1198 3136 1467 3205 ἐπιφορὰν
1511 3135 1617 3185 τῶν
1649 3134 1754 3185 δει-

1860 3156 2053 3195 ncrose
2080 3140 2199 3191 tulit
2238 3138 2397 3201 mala,
2431 3150 2551 3204 quae
2583 3142 2704 3187 sunt
2740 3130 2790 3183 ei
2824 3125 3013 3180 illata?
3044 3121 3274 3177 Omnino
3331 3112 3436 3168 nisi

175 3235 306 3301 νὼνς
340 3238 579 3298 Πάντως
633 3234 681 3286 εἰ
727 3235 801 3303 μή
836 3250 919 3295 τις
950 3228 1018 3302 ἦν
1049 3232 1181 3293 Θεὸς
1214 3232 1384 3292 ἀΐδιος
1412 3229 1631 3295 ἀληθῶς
1663 3229 1757 3280 καὶ

176 3331 427 3391 ἀθάνατος
455 3330 624 3392 ἀξίας
650 3328 759 3379 τῶν
816 3329 991 3379 πήνων
1028 3327 1122 3380 καὶ
1177 3324 1412 3395 ἀμοιϐὰς
1449 3322 1755 3376 ἀποδιδόναι

176 3423 478 3485 δυνάμενος,
522 3421 631 3471 of”.
679 3418 745 3485 ᾷν
806 3415 1140 3485 mnsam;
1187 3414 1253 3468 δι’
1286 3416 1450 3467 αὐτὸν
1478 3415 1756 3481 ὑπομονὴν

179 3515 501 3578 ἐπεδείξατο.
541 3510 659 3563 Καὶ
707 3508 775 3558 τὰ
801 3569 806 3577 1
832 3508 970 3559 θεῶν
1034 3508 1090 3558 δὲ
1120 3506 1407 3573 ἡμετέρων
1458 3505 1755 3570 ἀγάλματα

177 3607 328 3658 εἴδετε
368 3607 441 3667 ὡς
482 3600 727 3670 ἀπονητὶ
785 3602 959 3651 πάντα
1010 3600 1106 3664 κα).
1154 3597 1357 3667 ῥᾳδίως
1415 3595 1752 3663 κατέστρεψε

178 3703 260 3755 καὶ
288 3702 461 3765 οὐδεὶς
497 3696 755 3769 ἠδυνήθη
790 3695 900 3748 τῶν
924 3694 1184 3748 τοιούτων
1210 3692 1345 3747 θεῶν
1376 3692 1497 3745 οὐδὲ
1523 3691 1625 3745 κᾶν
1655 3692 1751 3744 αύ-

178 3793 256 3852 τὺς
286 3793 463 3859 ἐαυτῷ
497 3788 797 3856 ἐπαμῦναι
826 3786 923 3856 τὴν
953 3785 1155 3849 ῦθρινς

238 3885 332 3938 IB'.
377 3885 573 3936 Ταῦτα
634 3882 837 3931 ἐκεῖνοι
907 3882 1005 3946 μέν
1064 3877 1201 3948 πρὸς
1248 3875 1510 3943 ἀλλήλους
1548 3873 1755 3939 ελεγον.

180 3980 296 4043 Θιδς
326 3980 379 4033 δέ
410 3979 574 4039 τέλος
620 3976 732 4036 τοῖς
764 3973 1008 4043 ῥήμασιν
1049 3973 1287 4040 ἐπέθηκε
1305 3970 1501 4035 δεξιὸν,
1540 3968 1634 4022 καὶ
1661 3967 1756 4027 τὰς

178 4072 338 4143 ψυχὰς
402 4072 576 4133 εὐθὺς
644 4064 1173 4136 διαθερμανθέντεςο
1234 4062 1398 4115 Δεῦτε
1428 4057 1761 4128 πάντες,τῷ

178 4166 384 4237 χρηστῷ
406 4165 571 4235 ἀνδρὶ
596 4161 779 4230 τούτῳ
817 4158 1238 4231 προσπέσωμεν,
1290 4150 1463 4213 εἷπον,
1498 4150 1762 4220 συνθέμε-

180 4275 249 4311 νοι
279 4258 354 4327 τῷ
379 4259 474 4311 ὑπ’
506 4253 689 4309 αὑτοῦ
728 4250 1127 4322 κηρυσσομὲνῳ
1181 4247 1322 4318 Θεῷ.
1382 4248 1493 4300 Καὶ
1544 4244 1659 4314 ἅμα
1682 4242 1762 4313 τῷ

179 4350 307 4418 λόγῳ
336 4350 746 4419 συντρέχουσιν
777 4342 977 4395 αὐτίκα
1026 4342 1161 4411 πρὸς
1195 4342 1285 4393 τὸν
1317 4343 1468 4400 ναὸν,
1509 4336 1761 4405 καθάπερ

182 4444 275 4497 ὑπὸ
322 4445 421 4515 μιᾷ
462 4444 533 4511 τῇ
583 4435 811 4507 γλώττῃ
849 4435 942 4487 καὶ
974 4435 1038 4503 τῇ
1072 4433 1217 4504 ψυχῇ
1254 4431 1586 4500 κράζοντες’
1624 4428 1763 4494 Δόξα

184 4554 273 4601 σοι,
298 4538 373 4607 τῷ
414 4534 713 4604 πέμψαντι
740 4530 831 4581 τὸν
880 4526 1067 4581 δοῦλον
1096 4525 1262 4582 αὑτοῦ
1306 4522 1607 4594 Ἀὁράμιον
1641 4520 1763 4589 Θεῷ

184 4628 265 4683 τοῦ
291 4624 526 4700 ούρανοῦ
554 4641 571 4657 ·
617 4622 830 4687 ἐξελεῖν
860 4621 1005 4685 ἡμᾶς
1026 4620 1125 4686 τὴν
1148 4617 1255 4670 τῶν
1279 4615 1513 4669 εἰδώλων
1542 4611 1760 4681 ἀχλύος.

187 4720 346 4791 Ὅπερ
368 4724 396 4772 ὁ
430 4716 721 4789 μακάριος
768 4711 976 4771 ἐκεῖνος
1010 4708 1145 4775 παρ’
1173 4707 1369 4760 ἐλπίδα
1400 4707 1579 4758 πᾶσαν
1614 4702 1760 4766 ἰδὼν,

185 4814 265 4866 καί
285 4831 422 4876 τινος
445 4812 675 4881 ἀφάτου
699 4806 797 4875 τὴν
818 4802 1045 4873 καρδίαν
1064 4798 1372 4871 πληρωθεὶς
1397 4797 1761 4867 εὐφροσύνης,

185 4907 405 4974 ἁρπάζει
482 4899 849 4972 παραχρῆμα.
896 4896 992 4949 τὸν
1053 4892 1244 4964 καιρὸν
1286 4890 1381 4944 καί
1424 4905 1438 4921 ⁸
1476 4885 1547 4940 Ὦ
1597 4889 1761 4941 πατέ-

188 5008 264 5055 ps;
295 4995 350 5044 tv
384 4990 609 5060 Κυρίῳ,
656 4985 752 5039 καὶ
783 4983 967 5046 τέκνα,
998 4982 1093 5035 καὶ
1114 4980 1353 5049 ἀδελφοὶ,
1381 4978 1547 5049 φησι,
1578 4977 1760 5040 δεῦτε,

189 5086 324 5153 κοινῇ
366 5081 678 5148 ἀποδῶμεν
740 5075 900 5138 δόξαν
956 5072 1075 5141 Θεῷ
1120 5072 1199 5141 τῷ
1232 5069 1566 5143 θαυμαστῶς
1620 5070 1762 5121 οὕτω

188 5180 269 5231 καὶ
294 5181 637 5251 ἀπορρήτως
684 5172 754 5226 τὰ
795 5171 894 5241 τῆς
935 5168 1113 5237 ψυχῆς
1143 5167 1300 5237 ὑμῶν
1331 5164 1626 5234 φωτίσαντι
1660 5163 1764 5233 δμ-

190 5287 334 5337 μιτα.
390 5274 491 5323 καὶ
553 5265 763 5320 λάϐετε
806 5262 905 5333 τὴν
954 5260 1227 5329 σφραγῖδα
1270 5258 1365 5311 τοῦ
1405 5257 1759 5324 Πνεύματος·

194 5361 501 5430 προσέλθετε
569 5356 722 5428 πρὸς
779 5354 963 5417 αὐτον,
1007 5352 1099 5406 καὶ
1149 5349 1502 5417 φωτίσθητε,
1554 5348 1648 5399 καὶ
1698 5346 1767 5399 τὰ

195 5456 447 5525 πρόσωπα
492 5451 663 5523 ὑμῶν
726 5447 788 5499 οὐ
833 5446 909 5517 μὴ
956 5443 1351 5513 καταισχυνθῇ.
1388 5442 1613 5502 Τούτοις
1660 5442 1772 5503 τοῖς

194 5546 354 5616 λόγοις
384 5548 483 5602 καὶ
534 5547 645 5615 τὴν
682 5541 788 5612 τῆς
843 5538 1079 5602 πίστεως
1131 5536 1371 5607 συνείρει
1394 5534 1768 5596 διδασκαλίαν,

198 5642 277 5695 καὶ
305 5643 449 5705 ὅπως
478 5637 593 5711 χρὴ
623 5632 920 5688 πιστεύειν
952 5630 1262 5696 διεξελθὼν,
1294 5630 1392 5698 τῆς
1426 5630 1514 5683 διὰ
1541 5627 1635 5682 τοῦ
1671 5628 1767 5697 βα-

257 5806 295 5837 “
326 5803 465 5864 Psal.
505 5817 709 5869 cxvm,
751 5796 841 5864 77,
870 5806 921 5853 et
954 5795 1082 5851 alibi
1134 5794 1355 5863 passim.

1858 3241 2001 3287 esset
2044 3244 2170 3283 vere
2218 3228 2361 3284 Deus
2409 3226 2602 3293 aliquis
2627 3232 2858 3275 aiterst
2886 3225 2939 3270 et
2977 3210 3314 3271 immortalis,
3344 3204 3437 3275 qui

1858 3340 2034 3402 potest
2067 3342 2163 3397 pro
2188 3325 2431 3379 labormn
2466 3316 2674 3372 meritis
2700 3312 2926 3366 reddere
2948 3304 3436 3361 remunerationcs,

1858 3422 1964 3479 non
1988 3419 2314 3477 ostendisset
2342 3422 2543 3467 tantam
2591 3422 2689 3476 pro
2722 3406 2838 3472 ipso
2886 3398 3243 3455 tolerantiam.
3271 3391 3440 3444 Porro

1859 3526 2036 3572 autem
2073 3514 2295 3564 deorum
2328 3513 2631 3558 nostrorum
2657 3496 2921 3563 imagines
2947 3489 3139 3543 videtis
3160 3498 3320 3553 quam
3354 3479 3438 3533 ia-

1859 3609 1960 3675 ciie
2000 3616 2054 3661 et
2084 3604 2216 3657 citra
2250 3598 2413 3652 ullum
2444 3594 2682 3649 laborem
2735 3585 2951 3644 evertit,
2982 3595 3160 3647 neque
3203 3578 3342 3631 ullus
3372 3588 3436 3627 ex

1861 3703 1929 3757 iis
1954 3701 2057 3755 diis
2091 3694 2275 3768 potuit
2297 3708 2326 3745 a
2352 3705 2409 3745 se
2437 3682 2755 3759 propulsare
2786 3677 3037 3746 iniuriam
3062 3673 3086 3726 2

1864 4059 2111 4132 protinus
2146 4051 2354 4109 incitati
2389 4044 2606 4107 animis,
2653 4040 2905 4095 dixerunt
2934 4051 2948 4088 :
2981 4034 3183 4086 Adeste
3228 4039 3444 4090 omnes,

1864 4121 1931 4206 La
1953 4148 2111 4217 huius
2143 4143 2266 4197 boni
2302 4140 2401 4193 viri
2428 4150 2599 4206 genua
2631 4131 2997 4201 procidamus,
3026 4121 3437 4177 consentientes

1863 4240 1994 4303 Deo,
2026 4209 2117 4307 qui
2148 4235 2213 4288 ab
2242 4235 2355 4300 ipso
2382 4228 2727 4299 praedicatur.
2766 4219 2897 4287 Qua
2952 4213 3110 4271 simul
3147 4222 3311 4280 atque
3362 4209 3446 4263 di—

1868 4334 2090 4393 xissent,
2122 4331 2452 4381 concurrunt
2482 4317 2727 4389 protinus
2756 4314 2821 4366 ad
2852 4309 3136 4377 templum,
3185 4313 3441 4370 tanquam

1866 4439 1970 4478 una
2013 4422 2197 4486 lingua
2254 4426 2309 4468 et
2368 4414 2550 4465 anima
2604 4409 2903 4462 clamantes
2936 4417 2951 4455 :
2980 4398 3162 4452 Gloria
3201 4394 3295 4449 tibi
3335 4394 3446 4447 Deo

1798 4491 1838 4543 υ
1868 4516 2013 4581 coeli,
2071 4514 2162 4583 qui
2215 4507 2410 4564 misisti
2438 4516 2654 4559 servum
2696 4509 2845 4553 tuum
2882 4490 3219 4556 Abramium,
3254 4496 3310 4539 ut
3344 4497 3445 4539 nos

1868 4625 1896 4663 a
1926 4577 2341 4664 simulacrorum
2399 4600 2659 4652 liberaret
2721 4590 2972 4657 caligine.
3021 4582 3173 4651 Quod
3222 4577 3444 4648 quidem

1867 4716 1986 4756 cum
2017 4700 2103 4752 ille
2131 4698 2319 4751 beatus
2349 4691 2569 4744 vidisset
2589 4694 2783 4753 praeter
2811 4692 3026 4733 omnem
3054 4690 3226 4743 spem,
3254 4667 3444 4724 ineﬂa-

1870 4793 1961 4847 bili
1988 4791 2040 4844 in
2070 4790 2236 4842 corde
2285 4782 2525 4852 repletus
2557 4772 2764 4839 laetitia,
2810 4780 3029 4840 repente
3074 4776 3285 4832 tempus
3314 4774 3449 4830 quo-

1867 4900 1973 4955 que
2020 4884 2233 4949 arripit,
2282 4871 2452 4930 et:0
2503 4882 2687 4942 patres
2739 4868 2791 4920 in
2848 4862 3110 4921 Domino,
3151 4866 3205 4912 et
3244 4852 3361 4917 ﬁlii,
3392 4859 3449 4906 et

1859 4944 2074 5039 fratres,
2107 4944 2296 5042 inquit,
2332 4970 2537 5031 adeste,
2564 4975 2618 5018 et
2650 4961 2763 5015 Deo
2792 4957 2955 5014 simul
3004 4953 3295 5009 reddamus
3327 4944 3445 5017 glo-

1862 5071 2022 5133 riam,
2082 5067 2174 5136 quj
2202 5074 2311 5117 tam
2342 5057 2735 5116 admirabiliter
2772 5065 2823 5109 et
2872 5063 3070 5105 arcane
3122 5037 3448 5099 illuminavit

1866 5172 2077 5218 vestros
2104 5162 2298 5213 animae
2327 5154 2516 5211 oculos
2550 5168 2563 5204 :
2598 5158 2657 5205 et
2677 5148 2907 5216 accipite
2965 5137 3304 5210 signaculum
3336 5133 3447 5202 spi-

1866 5257 2023 5310 ritus.
2048 5251 2300 5306 Accedite
2331 5249 2398 5299 ad
2428 5246 2624 5313 ipsum,
2658 5251 2712 5295 et
2738 5230 3119 5293 illuminamini
3143 5247 3156 5283 :
3176 5239 3231 5282 et
3279 5222 3447 5277 vestri

1866 5347 2048 5402 vultus
2072 5345 2271 5413 pudore
2318 5351 2655 5407 nequaquam
2690 5330 2987 5385 afficientur
3020 5327 3085 5376 ".
3115 5321 3211 5375 His
3265 5316 3445 5374 verbis

1870 5439 2149 5506 coniungit
2182 5437 2343 5490 etiam
2380 5430 2681 5485 doctrinam
2720 5422 2982 5478 veritatis.
3016 5417 3083 5471 Et
3123 5429 3268 5477 cum,
3314 5422 3448 5479 quo-

1872 5534 2031 5587 modo
2062 5529 2285 5584 credere
2317 5531 2584 5596 Oporteat,
2610 5517 2793 5573 verbis
2816 5521 2959 5570 esset
2984 5516 3325 5583 persecutus,
3352 5515 3446 5557 eos

1869 5626 1922 5678 in
1952 5624 2183 5676 filiorum
2214 5616 2552 5686 adoptionem
2574 5608 2791 5666 asciscit
2819 5621 2912 5675 per
2940 5601 3290 5673 baptismum,
3320 5607 3443 5647 cum

1437 5793 1480 5826 "
1532 5790 1670 5848 Psal.
1722 5804 1909 5853 χχχιιι,
1944 5787 1997 5841 6.
