3972 6438
545 339 617 400 59
1816 350 2103 409 MENSIS
2146 349 2514 412 MARTIUS.
3727 354 3801 415 60

543 461 721 504 essent
753 467 978 506 numero
1008 454 1150 508 circa
1199 458 1360 510 mille.
1394 457 1456 512 Et
1497 460 1747 530 deinceps
1770 473 1886 517 erat
1919 463 2106 517 multus

2225 464 2527 533 πτίσματος
2573 464 2771 528 αὐτοὺς
2801 465 3076 528 υἱοθεσίας
3136 467 3386 534 καταξιοῐ
3416 467 3541 537 περί
3577 487 3680 521 που
3713 491 3804 539 χι-

545 547 594 596 in
622 544 704 597 eis
731 545 970 612 quotidie
997 547 1348 603 admonendis
1388 559 1441 604 et
1479 553 1758 608 docendis.
1797 554 1874 610 Illi
1931 572 2112 614 autem

545 644 798 699 tanquam
855 635 992 687 bona
1031 645 1278 702 Ierra,,_et
1328 641 1564 709 pinguis,
1599 655 1652 698 et
1682 649 1837 714 aquis
1887 651 2113 719 irrigua,

541 728 890 781 reddiderunt
944 729 1150 783 fructus
1195 733 1580 800 multiplicatos
1618 737 1918 792 divinorum
1951 745 2116 796 semi-

542 832 693 868 num.
755 819 932 886 Atque
982 836 1156 876 annus
1212 823 1428 892 quidem
1481 827 1642 882 iubis
1669 845 2017 902 consumptus
2048 834 2116 887 ab

539 909 815 962 Abramio.

613 1087 754 1145 XIII.
783 1091 984 1145 Deinde
1015 1095 1231 1158 timens,
1267 1112 1354 1158 ne.
1386 1099 1512 1152 dum
1553 1100 1603 1152 in
1627 1101 1726 1154 vici
1763 1104 1910 1155 cutis
1938 1119 2116 1160 versa-

542 1184 697 1229 retur
719 1187 773 1230 et
804 1181 1142 1246 tumultibus,
1170 1185 1276 1244 sibl
1328 1187 1508 1256 aliqua
1542 1204 1600 1242 re
1627 1190 1929 1257 indulgeret
1952 1209 2017 1246 ex
2050 1196 2114 1249 iis

535 1279 656 1333 quae
684 1269 750 1320 ad
787 1269 985 1324 victum
1013 1273 1285 1341 pertinent
1314 1291 1330 1329 :
1363 1292 1596 1345 cumque
1625 1280 1735 1348 jam
1767 1282 1971 1337 videret
1993 1301 2114 1353 gre-

543 1371 662 1422 gem
698 1357 998 1425 perlectum
1033 1371 1085 1414 et
1134 1366 1435 1419 absolutum
1467 1367 1518 1419 in
1574 1369 1772 1423 divinis
1825 1376 2110 1441 mandatis,

537 1445 724 1496 statuit
755 1448 818 1498 ad
854 1448 1086 1514 priorem
1119 1453 1320 1505 reverti
1376 1454 1748 1513 solitudinem.
1780 1460 1916 1514 Cum
1949 1475 2110 1518 noctu

539 1536 720 1602 itaque.
779 1541 1133 1603 surrexisset,
1167 1543 1418 1600 dicebat:
1457 1544 1703 1610 Domine,
1734 1553 1824 1617 qui
1874 1567 1933 1606 es
1965 1555 2113 1610 solus

540 1628 735 1688 bonus,
764 1630 857 1694 qui
896 1632 1044 1684 solus
1074 1649 1132 1686 es
1159 1635 1444 1689 immemor
1476 1651 1708 1706 acceptze
1760 1642 1986 1710 injuria,
2021 1649 2111 1714 qui

538 1717 676 1770 hanc
705 1733 890 1772 recens
915 1722 1194 1776 collectam
1220 1725 1617 1781 multitudinem
1646 1732 1851 1788 solvisti
1878 1749 1906 1787 a
1926 1736 2108 1790 vincu-

2217 553 2364 615 λίους
2396 553 2486 607 τὸν
2510 554 2742 622 ἀριθμὸν
2787 557 3133 626 ὑπάρχοντας
3155 575 3169 588 ·
3207 560 3305 610 καὶ
3348 560 3408 610 τὸ
3454 561 3550 610 ἀπ’
3582 561 3803 615 ἐκείνου

2219 643 2383 705 πολὺς
2399 639 2465 712 ἦν
2490 645 2782 713 παραινῶν
2818 645 2940 697 καθ’
2982 647 3242 712 ἑκάστην,
3275 649 3369 698 καὶ
3399 648 3667 700 διδάσκων
3694 651 3802 702 αὐ·-

2217 734 2363 796 τοὺς,
2395 735 2486 786 καὶ
2516 735 2916 804 διαλεγόμενος.
2946 736 3007 788 Oi
3041 736 3118 798 δὲ,
3156 737 3350 806 ῶσπερ
3381 738 3560 805 ἀγαθή
3588 755 3671 799 τις
3701 741 3802 806 γῆ,

2218 826 2310 877 καὶ
2348 826 2506 891 πίων,
2565 829 2658 880 καὶ
2691 826 2937 896 εὔυδρος,
2991 828 3434 890 πολλαπλασίους
3491 829 3600 880 τῶν
3633 829 3805 881 Οείων

2217 921 2551 987 σπερμάτων
2572 920 2697 980 τοὺς
2726 921 2974 988 καρποὺς
3004 918 3350 972 ἀπεδίδοσαν.
3389 918 3671 970 Ἐνιαυτὸν
3698 921 3806 988 μὲν

2214 1005 2308 1060 οὗν
2338 1010 2395 1060 ἀν
2423 1007 2632 1070 τούτοις
2654 1008 2729 1075 τῷ
2770 1008 3054 1077 Ἀϐραμίῳ
3084 1007 3300 1077 ἠνύετο.

2285 1101 2384 1152 1Γ’.
2423 1099 2654 1151 Ἔπειτα
2686 1099 2867 1161 δείσας
2904 1099 2979 1169 μὴ
3011 1100 3068 1150 ἐν
3120 1099 3264 1169 μέσῃ
3298 1099 3459 1169 κώμῃ
3487 1087 3582 1152 sici.
3623 1117 3802 1167 φρον-

2214 1190 2325 1242 τίσι
2357 1191 2451 1242 καὶ
2483 1189 2736 1258 θορύϐοις
2769 1190 3142 1258 στρεφόμενος
3173 1189 3500 1260 προσηλωθῇ
3544 1207 3651 1242 τινι
3683 1192 3800 1241 τῶν

2217 1281 2508 1350 βιωτικῶν,
2542 1281 2717 1343 ἄλλως
2743 1281 2800 1332 δὲ
2833 1281 2926 1333 καὶ
2955 1279 3055 1349 τὴν
3087 1280 3325 1348 ποίμνην
3350 1279 3450 1348 ἥδη
3477 1284 3592 1340 ταῖς
3619 1280 3805 1340 οείαις

2216 1370 2458 1432 ἐντολαῖς
2520 1371 2967 1440 κατηρτισμένην
3021 1369 3165 1432 ίδὼν,
3221 1372 3299 1432 εἰς
3355 1369 3454 1435 τὴν
3514 1371 3803 1439 προτέραν

2215 1462 2358 1528 ἔγνω
2389 1464 2481 1514 καὶ
2546 1461 2708 1514 πάλιν
2763 1461 3080 1513 ἐπανελθεῖν
3137 1461 3394 1529 ἐρημίαν.
3439 1460 3649 1520 Νυκτὸς
3681 1477 3805 1512 τοι·

2215 1551 2423 1621 γαροῦν
2476 1552 2756 1611 ἀναστάς·
2823 1552 2997 1618 Κύριε
3049 1552 3076 1600 ό
3123 1553 3281 1618 μόνος
3307 1551 3532 1616 ἀγαθὸς,
3573 1552 3600 1601 ό
3632 1551 3802 1617 μόνος

2217 1642 2621 1710 ἁμνησίκακος,
2647 1641 2857 1707 ἔλεγεν,
2890 1644 2916 1693 ὁ
2955 1642 3051 1710 τὴν
3089 1642 3370 1693 νεόλεκτον
3406 1642 3612 1706 ταύτην
3650 1641 3801 1710 πλη-

2217 1730 2315 1782 Θὺν
2336 1731 2445 1782 τῶν
2474 1730 2567 1782 τοῦ
2592 1731 2975 1796 ἀντικειμένου
3004 1730 3168 1792 λύσας
3193 1731 3432 1796 δεσμῶν,
3460 1730 3554 1780 καὶ
3584 1731 3671 1780 δια
3689 1733 3800 1797 τῆς

540 1804 606 1856 lis
638 1809 955 1872 adversarii,
993 1824 1042 1863 et
1069 1829 1166 1880 per
1192 1829 1334 1879 eam,
1356 1832 1516 1884 quam
1551 1821 1601 1872 in
1627 1831 1676 1874 te
1701 1823 1920 1888 habent,
1949 1828 2106 1882 lldem

2214 1823 2294 1885 εις
2332 1825 2390 1874 σὲ
2423 1824 2658 1884 πίστεως
2683 1823 2832 1891 πόθῳ
2860 1821 3142 1885 συνδεέσας
3167 1823 3243 1891 τῷ
3275 1822 3352 1891 σῷ
3381 1823 3542 1886 αὐτὸς
3569 1825 3800 1874 ἐπιϐου-

540 1906 628 1949 tuo
658 1898 922 1967 colligasti
960 1901 1172 1954 vinculo
1206 1922 1220 1957 :
1251 1921 1508 1961 conserva
1546 1911 1683 1964 ltunc
1713 1930 1932 1981 parvum
1960 1928 2107 1974 tuum

539 2001 755 2054 gregem
785 1989 1044 2044 iuvimum
1072 1993 1138 2045 ab
1163 1995 1373 2051 insidiis
1393 2000 1718 2064 dmmonum,
1741 2021 1834 2059 eos
1855 2018 2107 2077 tanquam

540 2077 705 2130 armis
761 2082 907 2132 muni
945 2089 1031 2132 tua
1070 2088 1423 2150 protectione,
1459 2100 1512 2142 et
1551 2107 1672 2144 eum
1718 2097 1939 2162 accinge
1988 2099 2110 2154 forti

541 2177 629 2217 tua
658 2171 892 2233 p0tentia
922 2189 937 2224 :
968 2179 1020 2226 te
1056 2183 1234 2227 autem
1261 2179 1548 2246 propitium
1579 2197 1676 2250 ego
1703 2198 1916 2253 quoque
1951 2195 2113 2242 miser

541 2256 838 2322 inveniam,
872 2263 1087 2328 quando
1109 2265 1371 2330 judicium
1396 2285 1563 2338 pones
1597 2273 1647 2326 in
1680 2289 1850 2342 spem,
1878 2287 1930 2331 et
1950 2282 2110 2336 mise.

541 2349 832 2402 ricurdiatn
872 2363 1016 2406 tuam
1079 2357 1132 2410 in
1183 2361 1419 2417 trutinis.
1454 2366 1534 2418 Ad
1592 2372 1798 2434 peccati
1848 2375 2107 2429 rationem

541 2439 674 2490 nihil
717 2441 846 2494 mibi
884 2445 1175 2513 imputetur
1218 2466 1247 2503 a
1292 2463 1376 2506 tua
1434 2457 1764 2527 benignitate
1824 2464 1909 2518 hic
1961 2482 2111 2522 meus

536 2542 806 2584 recessus.
865 2533 941 2585 Tu
975 2540 1117 2590 enim
1151 2557 1209 2594 es
1248 2546 1579 2600 occultorum
1607 2555 1882 2619 cognitor,
1908 2567 1962 2608 et
1993 2574 2112 2610 ror-

522 2621 685 2672 ‘dium
721 2624 1084 2690 examinator,
1118 2641 1174 2682 et
1197 2642 1251 2682 tu
1279 2647 1308 2684 e
1340 2635 1632 2704 longinquo
1665 2646 1960 2710 cognovisti
2016 2664 2110 2702 co-

542 2709 833 2775 girationes
887 2727 1056 2775 meas,
1110 2720 1250 2783 quod
1318 2735 1536 2792 propter
1592 2738 1643 2782 te
1682 2709 2106 2794 etitnivamurem

542 2804 758 2869 suscepi
791 2803 926 2857 lianc
964 2810 1452 2876 peregrinationem
1487 2836 1499 2869 :
1532 2827 1585 2872 et
1609 2835 1734 2876 ecce
1758 2840 1839 2878 me
1869 2829 2109 2884 subduco

539 2891 697 2946 abiis
727 2896 998 2960 omnibus,
1026 2914 1147 2966 qua:
1184 2901 1251 2953 ad
1292 2904 1489 2957 victum
1533 2911 1822 2976 pertinent,
1868 2928 1931 2966 ne
1968 2920 2010 2969 si
2044 2919 2108 2971 ad

537 2982 736 3061 aliquid
771 2985 985 3048 horum,
1026 2998 1277 3056 tanquam
1317 2994 1381 3045 ad
1417 2998 1691 3063 scapulum
1723 3001 2014 3074 impegero,
2056 3010 2107 3063 in

2213 1911 2327 1973 λαϊς
2349 1911 2619 1980 δαιμόνων
2644 1911 2942 1974 ἀνάλωτον,
2970 1912 3032 1963 τὸ
3063 1913 3259 1980 μικρόν
3289 1929 3382 1963 σου
3408 1915 3559 1964 τουτὶ
3591 1913 3798 1980 συντὴο

2216 2019 2379 2073 ρησον
2411 2003 2662 2069 ποίμνιον
2682 2019 2693 2031 ·
2729 2001 2968 2068 τείχισον
2997 2003 3198 2063 αὐτοὺς
3233 2002 3307 2061 ὡς
3338 2003 3488 2069 ὅπλῳ
3515 2005 3580 2070 τῇ
3609 2008 3800 2070 σκέπῃ

2216 2110 2333 2155 σου,
2365 2094 2458 2143 καὶ
2490 2095 2554 2160 τῇ
2589 2093 2828 2160 κραταιᾷ
2867 2109 2958 2142 σου
2995 2092 3288 2161 δυναστείᾳ
3323 2092 3632 2160 περίζωσον
3659 2109 3670 2122 ·
3700 2094 3801 2142 εὖ-

2216 2186 2353 2255 μενῆ
2388 2183 2444 2235 δέ
2474 2199 2532 2234 σε
2566 2183 2660 2234 καὶ
2695 2186 2723 2236 ὁ
2754 2182 3102 2249 ταλαίπωρος
3131 2183 3240 2246 ἐγὼ
3280 2182 3521 2249 εὕροιμι,
3569 2185 3658 2234 ὅτε
3692 2182 3801 2252 Θή-

2214 2293 2326 2338 σεις
2349 2275 2529 2343 κρίσιν
2559 2276 2638 2334 είς
2675 2273 2866 2325 ἐλπίδα
2903 2275 2995 2324 καὶ
3025 2273 3125 2341 τὴν
3173 2267 3548 2341 ἐλεημοσύνην
3578 2289 3672 2323 σου
3709 2276 3799 2335 είς

2215 2364 2485 2432 σταθμούς
2508 2383 2520 2395 ·
2552 2363 2718 2430 μηδὲν
2752 2364 3149 2433 ἁμαρτήματος
3173 2363 3314 2430 λόγῳ
3344 2362 3419 2434 τῷ
3446 2363 3542 2431 τῆς
3576 2365 3802 2431 ὕποχωο

2216 2459 2425 2536 ρήσεως
2479 2455 2683 2523 ταύτης
2741 2456 2890 2520 παρὰ
2920 2459 2984 2523 τῇ
3024 2458 3087 2525 σῇ
3131 2457 3460 2525 χρηστότητι
3515 2455 3800 2523 λογισθείη

2217 2565 2306 2615 μοι
2329 2563 2341 2574 ·
2369 2547 2431 2599 σὺ
2453 2547 2561 2616 γὰρ
2587 2541 2636 2598 εί
2667 2545 2915 2616 γνώστης
2941 2549 3188 2615 κρυφίων
3213 2549 3306 2598 καὶ
3330 2547 3571 2614 καρδιῶν
3608 2548 3802 2610 ἐξετα-

2216 2641 2364 2710 στὴς,
2417 2643 2510 2693 καὶ
2563 2642 2626 2691 σὺ
2663 2639 2903 2704 συνῆκας
2938 2640 3066 2700 τοὺς
3102 2639 3488 2705 διαλογισμούς
3543 2656 3644 2705 μου
3685 2641 3800 2692 ἀπὸ

2216 2733 2508 2802 μακρόθεν,
2536 2730 2722 2782 ὅτιδιὰ
2752 2729 2812 2780 σὲ
2848 2731 2942 2780 καὶ
2974 2729 3033 2780 τὸ
3068 2730 3160 2780 σὺν
3187 2728 3407 2796 φίλτρον
3448 2731 3546 2798 τὴν
3582 2731 3795 2798 ἀποδη-

2216 2825 2343 2893 μίαν
2377 2824 2581 2892 ταύτην
2607 2824 2829 2891 εἱλόμην
2853 2839 2864 2851 ·
2929 2822 3024 2874 καὶ
3059 2821 3169 2874 τῶν
3206 2821 3480 2890 βιωτικῶν
3516 2822 3624 2873 ίδοὺ
3659 2824 3801 2875 πάν-

2211 2934 2319 2969 των
2343 2918 2576 2984 ἐμαυτὸν
2602 2914 2878 2980 ὑπεξάγω,
2929 2914 3002 2984 μή
3036 2913 3136 2965 πού
3169 2931 3272 2966 τινι
3314 2913 3514 2965 τούτων
3538 2908 3625 2964 οἷα
3660 2930 3797 2966 σκο-

2216 3011 2361 3078 πέλῳ
2393 3007 2731 3078 προσράξας,
2770 3008 2825 3056 ὲν
2861 3006 3090 3070 πελάγει
3132 3007 3283 3072 μέσῳ
3337 3006 3445 3055 τῶν
3507 3005 3798 3072 κοσμικῶ.ν

539 3073 720 3127 medio
744 3077 877 3128 mari
906 3093 1156 3132 curarunt
1186 3083 1573 3139 inundanarum
1622 3091 1840 3144 subeam
1875 3073 2097 3152 naufra-

2214 3101 2502 3171 φροντίδων
2536 3098 2753 3149 ὑποστῶ
2778 3098 2869 3148 τὸν
2889 3098 3172 3162 ναυάγιον.
3215 3092 3341 3162 Εἶχε
3388 3097 3485 3165 μὲν
3515 3097 3609 3148 οὖν
3640 3097 3798 3164 αύτῷ

535 3165 702 3234 gium.
727 3168 903 3238 Atque
927 3173 1005 3226 sic
1034 3175 1248 3241 quidem
1286 3175 1443 3230 linem
1481 3195 1810 3248 acceperunt
1845 3186 1959 3251 ejus
1987 3204 2106 3254 pre-

535 3269 667 3308 ces:
702 3267 754 3309 et
815 3273 937 3312 cum
995 3263 1270 3317 Domittico
1304 3268 1456 3334 signo
1505 3271 1681 3322 vicum
1717 3276 2020 3339 muttiissel,
2057 3292 2110 3332 et

537 3358 660 3397 eum
690 3345 801 3400 Deo
847 3353 1304 3422 commendasset,
1339 3371 1396 3409 se
1427 3357 1725 3415 clanculum
1779 3369 2004 3435 proripit
2042 3373 2106 3423 ad

537 3452 836 3492 secessum.

610 3525 746 3584 XIV.
781 3531 933 3587 Mane
974 3552 1102 3605 ergo
1148 3554 1270 3593 cum
1309 3541 1374 3594 de
1421 3560 1570 3598 more
1619 3551 1892 3603 venissent
1933 3554 2106 3606 vicani

540 3619 606 3672 nd
634 3621 888 3686 templum
922 3625 1283 3690 Dominicum,
1318 3639 1376 3680 ut
1409 3631 1839 3688 benedictionem
1874 3637 2110 3694 Pastoris

542 3723 985 3778 assequereutur,
1019 3731 1249 3784 cumque
1300 3734 1420 3772 eum
1481 3723 1553 3776 ibi
1603 3739 1706 3777 non
1757 3726 2106 3798 invenissent,

541 3799 661 3856 illos
691 3803 887 3859 invasit
917 3808 1186 3875 conlusio,
1224 3826 1530 3883 mcerorque
1559 3829 1609 3870 et
1634 3819 1796 3873 animi
1825 3825 2106 3892 aegritudo.

538 3891 675 3946 Eum
712 3898 874 3962 igitur
922 3901 1204 3968 diligenter
1256 3917 1524 3969 quaerunt,
1563 3923 1666 3960 non
1704 3891 1922 3976 parvam
1954 3924 2109 3972 terra:

541 3995 749 4050 partem
783 3987 1064 4044 obeuntes.
1101 3991 1203 4045 Sed
1235 3997 1434 4048 reversi
1480 3999 1658 4051 vacuis
1690 4000 1959 4067 manibus,
1986 4019 2108 4059 cum

537 4075 730 4130 calidis
771 4077 1024 4150 lacrymis
1071 4088 1334 4140 accedunt
1382 4087 1445 4141 ad
1509 4090 1842 4161 episcopum,
1875 4105 1928 4148 et
1967 4098 2108 4166 apud

537 4186 658 4223 eum
691 4172 907 4236 dellent,
941 4189 998 4226 se
1034 4191 1153 4228 esse
1193 4178 1431 4244 privatos
1458 4196 1557 4234 suo
1615 4195 1847 4247 pastore.
1881 4185 1975 4242 Ille
2008 4206 2107 4242 au-

541 4269 644 4312 tem
671 4260 942 4314 sauciatus
975 4265 1193 4330 paribus
1220 4266 1336 4319 telis
1359 4269 1714 4335 aegritudinis,
1741 4286 1865 4324 eum
1894 4289 2109 4346 quoque

534 4351 730 4419 quaerit
758 4351 1025 4407 similiter.
1055 4353 1342 4424 Postquam
1377 4372 1502 4412 vero
1539 4368 1593 4412 et
1628 4360 1742 4429 ipse
1773 4369 2021 4432 cognovit
2048 4385 2106 4425 se

2208 3197 2358 3254 τέλος
2381 3193 2446 3242 τὰ
2469 3192 2565 3258 τῆς
2593 3189 2779 3257 εὐχῆς,
2822 3189 2914 3239 καὶ
2945 3190 3062 3257 τρὶς
3095 3187 3171 3257 τῷ
3223 3189 3540 3256 Δεσποτικῴ
3576 3191 3796 3258 σημείῳ

2210 3282 2307 3349 τὴν
2335 3280 2525 3347 κώμην
2562 3277 2967 3345 διασφραγίσας
3003 3278 3096 3328 καὶ
3119 3277 3324 3345 ταύτην
3351 3277 3468 3347 Θεῴ
3499 3281 3794 3347 παραθεὶς,

2212 3373 2374 3442 ἐξόδῳ
2413 3373 2517 3424 τινὶ
2543 3369 2779 3440 λαθραία
2812 3369 3034 3420 κλέπτει
3066 3371 3163 3437 τὴν
3197 3371 3569 3439 ὑποχώρησιν.

2284 3553 2382 3609 1Δ’.
2411 3553 2619 3606 Ἐωθεν
2647 3553 2740 3605 οὖν
2775 3554 2898 3614 τοὺς
2950 3551 3050 3621 τῆς
3079 3549 3271 3618 κώμης
3298 3550 3355 3599 τὸ
3391 3557 3677 3618 κυριακὸν,
3715 3551 3794 3610 ὡς

2210 3647 2350 3706 ἔθος,
2379 3645 2807 3706 καταλαϐόντας,
2849 3643 2989 3695 ὥστε
3041 3646 3139 3710 τῆς
3195 3642 3345 3709 παρὰ
3397 3641 3490 3691 τοῦ
3535 3643 3796 3708 ποιμένος

2211 3735 2459 3800 εὐλογίας
2490 3733 2814 3799 ἀξιωθῆναι,
2845 3734 2937 3784 καὶ
2963 3731 3153 3783 τοῦτον
3195 3733 3252 3782 ὲν
3302 3731 3450 3799 αὐτῷ
3485 3733 3555 3800 μὴ
3605 3733 3796 3800 εὑρόν-

2209 3842 2330 3887 τας,
2369 3822 2630 3890 σύγχυσις
2653 3817 2788 3891 εἶχε,
2827 3821 2920 3874 καὶ
2950 3820 3119 3889 λύπη,
3148 3824 3240 3874 καὶ
3272 3821 3483 3888 ἀθυμία
3512 3839 3523 3851 ⁸
3558 3822 3794 3890 ἔρευναν

2209 3914 2387 3966 τοίνυν
2426 3911 2520 3967 τοῦ
2569 3913 2762 3983 ἀνδρὸς
2830 3913 3035 3983 ἀκριϐῆ
3087 3915 3468 3982 ποιησάμενοι,
3522 3915 3684 3983 μέρος
3727 3931 3789 3966 τε

2210 4007 2310 4071 γῆς
2341 4006 2441 4057 οὐκ
2475 4005 2658 4073 ὀλίγον
2690 4006 2834 4057 κατὰ
2882 4007 3114 4075 ζήτησιν
3145 4007 3356 4057 ἐκείνου
3408 4005 3792 4073 περιελθόντες

2211 4099 2304 4149 καὶ
2359 4101 2542 4158 κεναῖς
2595 4102 2785 4166 χερσὶν
2841 4098 3329 4165 ὑποστρέψαντες,
3386 4098 3790 4166 προσέρχονται

2213 4186 2352 4251 μετὰ
2385 4187 2603 4253 θερμῶν
2624 4187 2878 4251 δακρύων
2905 4186 2981 4253 τῷ
3007 4188 3103 4256 τῆς
3139 4187 3447 4256 ἐπισκοπῆς
3479 4191 3790 4258 προεστῶτι

2210 4277 2305 4327 καὶ
2357 4274 2456 4344 τὴν
2504 4274 2598 4330 τοῦ
2661 4276 2793 4329 ίδίου
2853 4278 3110 4346 ποιμένος
3169 4279 3426 4348 στέρησιν
3453 4281 3587 4348 πρὸς
3625 4280 3793 4334 αὐτὸν

2210 4366 2591 4437 ἀποδύρονται.
2637 4370 2694 4422 '0
2730 4370 2783 4422 δὲ
2815 4373 2926 4432 τοῖς
2961 4372 3094 4433 ῖσοις
3127 4372 3226 4439 τῆς
3252 4372 3488 4441 ἀθυμίας
3516 4373 3608 4425 καὶ
3625 4375 3791 4436 αὐτὸς

535 4455 595 4492 ea
657 4440 856 4504 facere,
900 4459 1019 4508 quae
1068 4457 1224 4499 erant
1278 4450 1486 4502 inutilia
1539 4452 1678 4517 (tuto
1710 4453 1852 4506 enim
1886 4471 2102 4526 ιιι-ορκον

2214 4456 2439 4526 τρωθεὶς
2476 4457 2707 4527 βέλεσιν.
2743 4460 2865 4527 ῐσην
2899 4460 3067 4511 αὑτοῦ
3114 4464 3346 4512 ποιεῖται
3384 4462 3479 4514 καὶ
3531 4462 3786 4530 ζήτησιν.

535 4531 733 4595 quietis
778 4545 839 4585 ac
883 4534 1079 4588 silentii
1117 4539 1463 4603 cupiditatem
1517 4540 1717 4598 latebat
1762 4545 2095 4620 Abramius),

537 4630 681 4682 tunc,
719 4625 801 4678 sui
835 4624 962 4678 cleri
994 4639 1211 4696 accepta
1252 4640 1403 4696 parte
1447 4631 1647 4698 aliqua,
1700 4650 1819 4688 cum
1869 4641 2103 4694 venisset

535 4708 603 4760 ad
637 4709 833 4776 vicum,
877 4714 1110 4780 primum
1157 4719 1369 4783 quidem
1424 4721 1634 4772 illorum
1701 4727 1908 4783 animos
1968 4731 2102 4784 satis

534 4800 866 4865 consolatur,
896 4805 986 4869 qui
1022 4821 1164 4875 aegre
1193 4808 1440 4862 ferebant
1487 4814 1720 4881 pastoris
1766 4819 2090 4877 absentiam.

538 4890 740 4946 Deinde
763 4909 883 4946 cum
909 4910 1002 4948 eos
1026 4899 1296 4963 elegisset,
1318 4903 1408 4967 qui
1445 4917 1597 4959 erant
1624 4908 1819 4963 vit-tute
1839 4911 2099 4982 insignio-

536 4978 622 5036 i'cs
647 5001 659 5038 :
684 4988 884 5043 etalios
912 4991 1129 5057 quidem
1154 4996 1518 5064 presbyteros,
1557 4999 1686 5054 alios
1711 5012 1886 5056 autem
1916 5006 2103 5062 diaco-

538 5091 637 5130 nos
677 5080 1074 5148 constituisset,
1100 5093 1153 5136 et
1188 5085 1320 5138 alios
1351 5098 1657 5156 coolitasset
1688 5097 1737 5146 iu
1761 5095 1890 5147 alios
1916 5112 2101 5154 sacros

536 5170 736 5234 gradus
766 5187 780 5223 :
820 5180 872 5223 et
901 5171 967 5224 iis
997 5176 1160 5228 veluti
1195 5181 1478 5239 quamdam
1505 5183 1813 5240 tradidisset
1842 5189 2098 5256 regulam,

539 5271 591 5312 et
625 5259 851 5315 fortnam
890 5263 1326 5334 gloriﬁcationis,
1351 5286 1469 5339 qua:
1498 5272 1554 5326 lit
1583 5274 1632 5325 in
1664 5273 1923 5341 Ecclesia,
1943 5291 1996 5332 et
2024 5285 2102 5338 eis

540 5362 790 5418 precatus
824 5368 966 5409 esset
983 5357 1143 5411 vitam
1169 5371 1409 5427 pacatam
1438 5374 1488 5414 et
1524 5381 1552 5415 a
1589 5366 1827 5420 molestia
1853 5371 2096 5437 liberam,

543 5445 762 5500 recedit.
796 5448 926 5513 Quae
954 5450 1166 5514 quidem
1203 5465 1298 5505 nec,
1322 5455 1560 5510 divinum
1591 5458 1805 5527 quidem
1829 5462 2101 5518 latuerunt

542 5537 877 5593 Abramium.
900 5541 1004 5596 Sed
1029 5541 1142 5613 ipse
1175 5561 1412 5612 quoque,
1443 5565 1563 5602 cum
1599 5551 1650 5603 in
1688 5567 1772 5618 eo,
1806 5554 1855 5606 in
1890 5571 1993 5623 quo
2030 5558 2104 5611 la-

542 5629 706 5689 tebat,
743 5628 857 5685 loco
883 5633 994 5688 lta2c
1044 5650 1139 5702 per
1174 5635 1429 5704 Spiritum
1464 5645 1823 5708 cognovissel,
1855 5649 1921 5700 ab
1956 5649 2096 5706 illius

547 5719 643 5773 vici
693 5721 837 5776 curis
895 5726 1131 5786 animum
1187 5727 1452 5784 liberavit.
1487 5732 1621 5787 Nam
1657 5738 1756 5790 etsi
1793 5740 2103 5795 trahebatur

2217 4551 2371 4603 Ἐπεὶ
2405 4549 2462 4601 δὲ
2485 4553 2578 4601 καὶ
2605 4543 2760 4612 οὗτος
2787 4551 3035 4620 ἀνήνυτα
3062 4549 3203 4617 ἔγνω
3230 4552 3408 4604 πονῶν
3439 4555 3456 4621 (
3482 4554 3793 4622 ἐκρύπτετο

2201 4641 2309 4708 γὰρ
2361 4639 2620 4704 ἀσφαλῶς
2679 4642 2948 4714 ἐπιθυμίᾳ
3007 4641 3102 4694 τοῦ
3151 4643 3249 4709 τῆς
3284 4643 3515 4713 ἡσυχίας
3563 4643 3791 4698 καλοῦὸ

2212 4731 2555 4801 ’Λόρὰμιος),
2590 4732 2753 4802 μέρος
2785 4735 2878 4786 τού
2912 4734 3006 4786 ὑπ’
3043 4734 3207 4786 αὑτδν
3232 4733 3436 4803 κλήρου
3483 4735 3789 4802 τηνικαῦτα

2203 4823 2539 4892 παραλαϐὼν
2570 4825 2662 4876 καὶ
2723 4825 2803 4885 είς
2851 4826 2950 4893 τὴν
2980 4827 3176 4896 κώμην
3231 4829 3546 4896 γενόμενος,
3593 4827 3790 4895 πρῶτα

2204 4917 2302 4982 μὲν
2356 4913 2557 4976 ἱκανῶς
2595 4914 3007 4984 παραμυθεῖται
3052 4917 3150 4978 τὰς
3188 4918 3412 4968 ἐκείνων
3446 4916 3622 4985 ψυχας
3661 4919 3788 4970 ὀδυ-

2202 4989 2383 5075 νηρῶς
2440 5006 2581 5073 ἆ-γαν
2633 5008 2865 5076 ἐχούσας
2923 5012 2988 5078 τῇ
3042 5009 3135 5062 τοῦ
3163 5013 3420 5079 ποιμένος
3477 5011 3783 5082 ἀποδημίᾳ,

2203 5097 2272 5148 ἐπ
2306 5115 2396 5150 ιτα
2431 5099 2558 5160 τοὺς
2592 5100 2660 5150 δι’
2694 5101 2895 5168 ἀρετὴν
2941 5103 3402 5169 ἑπιφανεστέρους
3436 5102 3785 5170 ἀπολεξάμε-

2203 5208 2312 5251 νος,
2366 5192 2494 5252 τοὺς
2536 5194 2634 5259 μὲν
2667 5193 3094 5261 πρεσϐυτέρους,
3134 5196 3255 5252 τοὺς
3280 5193 3334 5245 δὲ
3380 5195 3658 5258 διακόνους
3685 5198 3787 5248 καὶ

2203 5282 2393 5342 ἄλλους
2435 5283 2615 5345 ἄλλοις
2655 5283 2761 5335 τῶν
2791 5285 2954 5354 ἱερῶν
2981 5284 3352 5350 ἐγκαταλέξας
3381 5286 3608 5354 βαθμῶν
3636 5329 3649 5351 ,
3685 5290 3785 5340 καὶ

2202 5375 2407 5436 τούτοις
2439 5375 2604 5427 οἱονεί
2633 5394 2753 5429 τινα
2803 5377 3081 5446 παραδοὺς
3113 5378 3313 5430 κανόνα
3345 5380 3439 5430 καὶ
3473 5379 3644 5431 τύπον
3681 5379 3807 5447 τῆς,

2207 5468 2348 5520 κατὰ
2388 5467 2486 5536 τῆν
2546 5467 2875 5537 Ἐκκλησίαν
2930 5468 3238 5536 δοξολογίας
3295 5472 3388 5522 καὶ
3418 5469 3562 5541 ζωὴν
3595 5472 3784 5536 αὐτοῖς

2206 5555 2488 5629 εἰρηνικήν
2536 5578 2592 5612 τε
2650 5561 2743 5612 καὶ
2772 5560 2972 5613 ἄλυπον
3015 5560 3407 5628 ἐπευξάμενος,
3440 5561 3785 5614 ἀπαλλάττε-

2206 5669 2316 5706 ται.
2373 5653 2546 5720 Ἂπερ
2590 5648 2681 5703 οὖν
2731 5652 2846 5704 οὐδὲ
2881 5654 2969 5703 τὸν
3003 5653 3144 5704 Θεῖον
3187 5653 3485 5722 ’Δῦράμεον
3513 5654 3778 5723 ἐλελήθει.

2211 5743 2341 5797 ἀλλὰ
2391 5745 2480 5797 καὶ
2537 5745 2694 5808 αὐτὸς
2758 5745 2812 5796 ὲν
2851 5738 2892 5811 ᾧ
2948 5745 3222 5815 κέκρυπτο
3249 5747 3395 5813 τόπῳ
3457 5748 3523 5798 τὰ
3556 5749 3782 5799 τοιαῦτα
