3972 6448
190 373 250 433 61
1461 369 1645 430 VITA
1687 369 1747 429 S.
1793 367 2153 430 ABRAMII.
3382 369 3452 431 62

195 482 379 552 μαθὼν
406 481 500 534 καὶ
540 480 648 532 τῶν
676 494 745 531 πε
755 478 808 546 pi.
833 478 930 546 τῆς
983 477 1175 546 κώμης
1233 477 1450 548 ὶκείνης
1481 478 1779 548 φροντίδων

1888 493 2074 532 amore
2115 476 2442 541 solitudinis,
2487 475 2634 531 curis
2687 482 2866 531 tamen
2920 476 3098 546 gregis
3125 491 3312 533 rursus
3335 492 3455 536 erat

192 579 288 645 τὴν
325 573 510 644 ψυχὴν
536 571 820 633 ἀπολύσας
877 570 946 640 (τί
986 568 1094 639 γὰρ
1133 568 1212 638 τῷ
1246 568 1345 639 τῆς
1404 571 1639 639 ἐρημίας
1668 570 1778 623 εἴλ-

191 683 317 720 κιτο
347 667 542 735 ἔρωτι,
579 663 716 717 ἀλλὰ
751 663 847 716 καὶ
892 665 1014 723 ταῖς
1041 662 1170 731 περὶ
1200 660 1296 714 τοῦ
1337 661 1592 731 ποιμνίου
1617 679 1779 728 φρον-

190 758 297 812 τίσι
328 757 496 810 πάλιν
528 755 749 823 δεσμοῖς
777 772 921 807 τισιν
955 754 1175 817 ἀλύτοις
1229 755 1481 823 ἐδέδετο),
1543 754 1644 824 τὴν
1671 754 1778 824 ψυ-

191 851 291 920 χὴν
351 851 534 903 τοίνυν
592 850 683 901 ἐπὶ
742 848 957 911 τούτοις
999 847 1395 914 διαναπαύσας,
1454 847 1574 916 Θεῷ
1603 865 1661 901 τε
1709 847 1780 900 τὰ

197 943 385 995 είκότα
456 941 896 1009 εὐχαριστήσας,
956 941 1034 1001 είς
1075 941 1138 992 τὸ
1184 939 1415 992 παλαιὸν
1470 942 1650 992 ἐκεῖνο
1683 941 1780 993 καὶ

194 1036 362 1088 πάλιν
401 1035 682 1087 ιπάνεισιν
707 1034 1027 1102 οἰκητήριον
1076 1031 1314 1102 ἐχόμενά
1345 1049 1403 1085 τε
1435 1031 1602 1085 αὑτοῦ
1637 1034 1780 1084 οἰκί-

195 1145 321 1180 σκον
346 1127 539 1197 ἓτερον
583 1126 1022 1194 ἐποικοδομήσας
1049 1126 1140 1178 καὶ
1166 1125 1265 1192 τὴν
1295 1126 1502 1177 εῐσοδον
1529 1125 1779 1193 ἀποφρά-

195 1222 312 1283 ξας,
368 1222 433 1287 τῇ
472 1217 719 1288 προτέρᾳ⁴
775 1217 962 1269 δίδωσι
993 1216 1086 1270 καὶ
1137 1216 1294 1278 αὖθις
1323 1217 1514 1269 ἑαυτὸν
1548 1217 1774 1286 ἐρημίᾳ,

195 1311 326 1363 Τίνα
362 1311 418 1362 δὲ
444 1310 513 1361 τὰ
541 1309 796 1360 ἐντεῦθεν
831 1306 928 1359 καὶ
951 1306 1140 1368 ὁποίας
1161 1304 1309 1372 αύτῷ
1335 1304 1519 1373 τίθησι
1543 1303 1779 1371 παγίδας

189 1405 219 1455 ὁ
255 1405 369 1465 τοῖς
399 1401 666 1462 τοιούτοις
703 1401 790 1451 ἀεὶ
833 1397 1146 1468 βασκαίνων
1174 1395 1394 1464 ἐχθρὸς,
1436 1396 1509 1466 μὴ
1543 1397 1778 1465 παραλι-

193 1496 314 1546 πεῖν
339 1493 511 1558 ἄξιον.
550 1492 731 1546 Meam.
763 1490 863 1560 μὲν
889 1486 953 1558 δὴ
985 1488 1180 1550 νύκτες
1208 1484 1352 1558 ἦσαν
1380 1487 1478 1549 τὰς
1529 1486 1779 1556 συνήθεις

195 1583 360 1651 εὐχὰς
408 1581 720 1651 ποιουμένῳ
750 1579 826 1649 τῷ
890 1577 1184 1648 Ἀϐραμίῳ
1224 1578 1318 1631 καὶ
1354 1579 1382 1630 ὁ
1427 1575 1522 1630 τοῦ
1555 1577 1779 1640 σκότους

1882 573 2096 626 vinctus
2151 569 2379 624 vinculis
2436 569 2836 625 insolubilibus.
2876 568 3008 624 Cum
3031 585 3181 640 ergo,
3205 570 3349 638 quod
3386 574 3454 627 ad

1883 662 1995 717 haec
2033 661 2317 727 attinebat,
2347 660 2531 732 quieto
2579 669 2723 714 esset
2757 660 2962 724 animo,
2995 672 3049 716 et
3098 662 3221 728 Deo,
3251 673 3310 716 ut
3358 679 3457 730 par

1881 768 2020 820 erat,
2071 758 2269 827 egisset
2289 757 2519 825 gratias,
2555 771 2745 810 rursus
2781 757 3074 810 revertitur
3111 759 3176 811 ad
3205 769 3360 812 vetus
3386 757 3454 811 il-

1881 847 1970 901 lud
2002 848 2390 902 habitaculum.
2427 847 2634 903 Etcum
2666 848 2715 900 ei
2770 849 3080 917 contiguam
3131 848 3456 906 ediﬂcasset

1881 939 2289 1003 domunculam,
2315 952 2369 994 et
2400 941 2762 995 obstrinxisset
2793 941 3020 1004 aditum,
3053 943 3221 1010 priori
3253 957 3311 996 se
3342 952 3454 996 tra-

1883 1030 1960 1083 dit
1978 1030 2278 1085 solitudini.
2305 1033 2562 1097 Quaenam
2586 1041 2766 1084 autem
2788 1041 2913 1085 sunt
2934 1031 3126 1084 deinde
3139 1041 3452 1099 consecuta,

1881 1129 1936 1175 et
1969 1134 2230 1187 quosnam
2271 1123 2318 1174 ei
2355 1121 2524 1174 tendit
2569 1121 2794 1189 laqueos
2823 1121 2914 1190 qui
2971 1121 3131 1175 rebus
3188 1120 3456 1191 ejusmodi

1884 1211 2088 1266 invidet
2114 1212 2386 1271 inimicus.
2429 1228 2534 1266 non
2588 1221 2674 1266 est
2727 1213 3272 1282 pmtermittendum.
3314 1214 3448 1270 Erat

1881 1303 2099 1371 quidem
2142 1319 2247 1357 uox
2283 1303 2481 1368 media,
2513 1317 2636 1357 cum
2666 1314 2955 1358 consuetas
2982 1320 3172 1373 preces
3204 1303 3459 1361 fenderet

1880 1394 2177 1447 Abramius
2205 1411 2216 1446 :
2246 1409 2449 1463 praeses
2469 1403 2650 1448 autem
2678 1396 3045 1458 tenebrarum.
3069 1407 3317 1464 suscepta
3339 1412 3462 1466 per-

1879 1501 2012 1541 sona
2032 1486 2274 1548 luminis,
2310 1496 2363 1537 et
2385 1501 2503 1539 eam
2533 1489 2700 1553 ipsam
2734 1490 2910 1541 lucem
2931 1503 3052 1541 esse
3077 1488 3363 1551 simulans,
3390 1489 3457 1543 ad

1881 1592 2005 1632 eum
2037 1577 2237 1631 emittit
2268 1591 2486 1640 vocem,
2509 1587 2766 1648 tanquam
2790 1593 2856 1632 ex
2881 1593 3076 1649 magna
3106 1579 3457 1634 multitudine

194 1675 510 1744 προστάτης
535 1674 880 1740 προσωπεῖον
903 1671 1079 1739 φωτὸς
1104 1671 1309 1734 ὑποδὺς
1343 1672 1437 1724 καὶ
1465 1670 1596 1723 αὐτὸ
1624 1669 1779 1723 τοῦτο

1884 1668 2148 1723 dicentem
2175 1686 2189 1722 :
2213 1667 2409 1724 Beatus
2427 1684 2510 1732 es,
2541 1686 2704 1725 senex
2732 1669 2975 1737 Abrami,
3001 1686 3128 1726 vere
3149 1687 3209 1725 es
3229 1671 3458 1738 beatus;

194 1767 304 1832 φῶς
331 1760 475 1816 εἶναι
513 1764 974 1833 ὑποκρινάμενος,
1007 1765 1192 1832 φωνὴν
1225 1763 1362 1830 πρὸς
1385 1762 1545 1814 αὐτὸν
1575 1762 1650 1824 ὼς
1676 1761 1779 1813 ἀπὸ

1885 1771 1940 1814 et
1969 1778 2127 1816 nemo
2167 1763 2220 1816 in
2273 1765 2434 1818 rebus
2478 1763 2676 1819 divinis
2715 1765 2816 1818 fuit
2852 1776 2966 1819 tam
2995 1764 3286 1835 perfectus,
3318 1765 3460 1821 sicut

194 1830 435 1920 πλήθους
489 1830 672 1924 δῆθενν
711 1830 864 1922 ἠφίει
897 1853 1097 1905 πολλοῦ
1118 1830 1158 1884 ⁸-
1186 1854 1478 1924 Μακάριος
1511 1850 1577 1917 εί,
1617 1854 1779 1922 γέρον

1888 1863 1960 1906 tu.
2001 1853 2094 1906 Ille
2121 1863 2302 1908 autem
2337 1870 2457 1909 cum
2496 1871 2610 1910 rem
2639 1856 2862 1912 minime
2888 1857 3184 1926 ignoraret,
3209 1860 3303 1910 sed
3334 1871 3458 1910 eum

204 1947 492 2016 Ἀὅράμιεη
537 1947 827 2011 λέγουσαν,
863 1944 1033 2006 δντως
1068 1943 1343 2017 μακάριος
1379 1939 1449 2004 εἴ,
1485 1945 1577 1995 καὶ
1607 1943 1779 2004 οὐδεὶς

1884 1945 2030 1996 illum
2059 1958 2181 1997 esse
2207 1956 2581 2014 cognosceret,
2617 1949 2710 2015 qui
2761 1949 2974 2017 decepit
3009 1949 3241 2014 primum
3281 1948 3459 2002 homi-

190 2039 330 2091 οὕτω
356 2038 425 2088 τὰ
450 2036 570 2089 θεῖα
610 2035 817 2098 τέλειος
849 2035 1066 2102 ἐγένετο
1090 2033 1233 2088 κατὰ
1256 2033 1336 2088 σέ.
1379 2034 1436 2086 '0
1467 2034 1522 2086 δὲ
1547 2033 1607 2084 τὸ
1634 2033 1778 2101 «pa-

1879 2044 2021 2092 nem,
2052 2030 2100 2083 ei
2127 2031 2485 2100 suggerendo,
2517 2035 2661 2102 quod
2693 2036 2903 2089 futurus
2923 2045 3066 2089 esset
3101 2037 3208 2088 Deo
3239 2036 3456 2099 similis,

193 2150 302 2199 γμα
341 2132 414 2198 μὴ
478 2131 779 2198 ἀγνοήσας,
835 2127 972 2181 ἀλλὰ
1010 2128 1202 2179 τοῦτον
1233 2129 1445 2180 ἐκεῖνον
1475 2121 1616 2178 εἶναι
1652 2126 1779 2178 ὑπο-

1884 2129 1930 2175 et
1964 2121 2129 2176 sciret
2167 2122 2306 2178 hanc
2336 2123 2509 2178 lucem
2537 2141 2658 2180 esse
2709 2125 2871 2180 veluti
2925 2127 3215 2196 quamdam
3275 2140 3458 2182 escam

191 2222 411 2287 νοήσας,
438 2219 528 2269 τὸν
557 2219 650 2269 καὶ
682 2216 876 2286 πρώην
909 2217 1144 2280 ίσοθετας
1177 2217 1415 2286 ὑποϐολῇ
1443 2216 1535 2267 τὸν
1564 2217 1779 2286 ἄνθρω-

193 2328 292 2363 πον
327 2311 694 2378 ἀπατήσαντα
753 2310 848 2361 καὶ
879 2311 937 2360 τὸ
965 2309 1082 2374 φῶς
1112 2310 1273 2361 τοῦτο
1331 2308 1494 2360 πάλιν
1524 2307 1689 2358 οἱονεί
1727 2324 1778 2358 τι

189 2401 379 2471 δέλεαρ
409 2397 549 2452 εἶναι
587 2399 896 2462 κενοδοξίας
946 2398 1235 2450 ὑπολαϐών
1258 2415 1272 2430 ·
1313 2398 1632 2464 Πεφίμωσο,
1665 2397 1779 2447 ελε-

190 2510 284 2558 γεν
309 2511 320 2521 ·
358 2493 590 2560 ἐπιτιμᾷ
613 2507 696 2542 σοι
717 2489 956 2558 Χριστὸς
986 2490 1012 2540 δ
1045 2489 1200 2552 Θεὸς,
1231 2490 1471 2558 πονηρέ·
1509 2490 1780 2553 ἀφίστασο

191 2585 381 2636 θᾶττον
417 2584 511 2634 ἀπ’
546 2582 705 2648 ἐμοῦ,
745 2581 1025 2651 ὑποχώρει
1060 2598 1154 2652 μοι
1183 2583 1196 2636 '.
1237 2581 1392 2636 οὐδὲν
1423 2581 1533 2650 γὰρ
1564 2580 1629 2633 ἂν
1662 2580 1785 2632 tte:

194 2693 282 2743 ρον
309 2677 549 2743 ἐμαυτὸν
573 2676 752 2743 ἔγωγε
785 2675 1050 2744 οἰηθεῐην,
1081 2676 1163 2727 ὅτι
1193 2674 1268 2744 μὴ
1295 2673 1400 2742 γῆν
1433 2674 1525 2724 καὶ
1560 2671 1780 2725 σποδόν.

192 2768 374 2820 Ταῦτα
431 2763 576 2830 εἶπε,
637 2769 734 2820 καλ⁸
765 2768 844 2828 είς
877 2767 1085 2818 καπνὸν
1118 2766 1278 2827 εὐθὺς
1305 2767 1339 2834 ἠ
1386 2762 1658 2831 φαντασία
1691 2763 1783 2814 τοῦ

192 2861 366 2927 φωτὸς
395 2860 643 2928 διελύθη,
697 2861 790 2910 καὶ
824 2860 884 2910 τδ
927 2859 1112 2925 δρᾶμα
1143 2856 1370 2926 ὴλέχθη,
1420 2857 1571 2926 καὶὴ
1611 2856 1782 2927 σκηνὴ

191 2953 247 3000 τὸ
279 2951 625 3018 προσωπεῖον
659 2946 988 3017 ἀπέρριψεν.
1033 2945 1192 2998 Οὕτω
1231 2931 1528 3015 τοίγαροῦν
1557 2947 1783 3015 αίσχυν-

1878 2228 2033 2268 vanas
2107 2213 2292 2292 gloriae
2332 2232 2346 2269 :
2383 2215 2745 2286 Compescere
2774 2259 2790 2282 ,
2843 2219 2980 2272 dixit
3025 2235 3039 2271 :
3088 2227 3143 2274 te
3209 2220 3461 2286 increpat

1881 2305 2136 2360 Christus
2199 2308 2364 2372 Deus,
2397 2323 2430 2362 ο
2466 2310 2720 2380 maligne.
2751 2312 2796 2364 Α
2837 2327 2922 2365 me
2953 2312 3062 2365 cito
3095 2309 3286 2364 recede
3319 2325 3336 2364 :
3369 2308 3465 2364 ab-

1885 2397 1953 2450 sit
1985 2398 2151 2461 enim,
2187 2405 2243 2450 ut
2280 2413 2366 2451 me
2401 2400 2607 2466 aliquid
2657 2402 2804 2462 aliud
2837 2417 2959 2458 esse
3008 2412 3186 2471 putem
3219 2402 3318 2458 nisi
3352 2407 3464 2455 ter-

1888 2503 2003 2539 ram
2033 2495 2089 2540 et
2116 2486 2376 2542 cinerem.
2415 2487 2538 2544 Haec
2567 2491 2720 2556 dixit,
2751 2502 2803 2546 et
2832 2493 2884 2545 in
2919 2495 3124 2544 fumum
3162 2494 3342 2546 statim
3364 2491 3467 2548 fuit

1883 2577 2142 2633 dissoluta
2183 2579 2466 2648 phantasia
2493 2580 2735 2643 luminis,
2759 2589 2812 2634 et
2842 2580 3160 2635 manifestus
3185 2580 3283 2634 fuit
3307 2592 3464 2636 actus

1883 2672 2174 2726 simulatus
2233 2683 2288 2727 et
2315 2687 2477 2727 scena
2507 2672 2707 2741 abjecit
2743 2687 3054 2740 personam.
3089 2672 3182 2727 Sic
3212 2686 3342 2742 ergo
3367 2688 3465 2744 pu-

1882 2762 2014 2816 dore
2043 2763 2287 2828 aﬂ‘ectus,
2321 2781 2445 2817 eum
2496 2769 2768 2818 contraria
2825 2767 3039 2819 ratione
3099 2766 3411 2835 aggreditur
3445 2782 3460 2819 :

1881 2854 2024 2909 sicut
2078 2855 2189 2907 illic
2236 2869 2331 2922 per
2386 2855 2775 2919 adulationem,
2824 2856 2896 2908 ita
2947 2857 3035 2910 hic
3087 2872 3180 2925 per
3206 2858 3456 2911 timorem

1887 2961 2010 3001 eum
2040 2960 2247 3002 conans
2277 2947 2648 3018 supplantare.

193 3042 321 3100 Θεὶς,
357 3039 447 3090 διὰ
479 3039 590 3091 τῶν
622 3040 884 3090 ἐναντίων
926 3038 1283 3108 προσϐάλλει,
1350 3037 1540 3108 ὥσπερ
1575 3040 1692 3089 ἐκεῖ
1754 3037 1843 3090 διὰ
1883 3040 2200 3107 κολακείας,
2259 3041 2434 3105 οὕτως
2489 3041 2728 3096 ἐνταῦθα
2771 3043 2861 3097 διὰ
2898 3042 3054 3106 δέους
3109 3041 3466 3100 ὕποσκιλίσαι

194 3132 558 3200 πειρώμενος.

259 3222 359 3276 lE'.
396 3224 472 3276 Οὐ
508 3223 642 3276 πολὺ
667 3224 774 3293 γὰρ
827 3223 881 3276 τὺ
920 3226 976 3276 ὲν
1019 3224 1172 3294 μέσῳ
1195 3226 1291 3279 καὶ
1331 3226 1526 3296 δρᾶται
1553 3223 1771 3294 νύκτωρ

1948 3219 2064 3276 XV.
2087 3217 2202 3274 Non
2224 3223 2448 3274 multum
2462 3222 2606 3276 enim
2631 3222 2937 3277 intercessit
2963 3222 3238 3293 temporis,
3270 3233 3322 3277 et
3343 3240 3466 3277 rur-

192 3317 340 3385 αὑτῷ
373 3315 536 3368 πάλιν
565 3315 755 3383 ἀξίνην
782 3316 1035 3385 κατέχων
1065 3320 1132 3386 τῇ
1158 3317 1310 3386 δεξιᾷ
1344 3320 1440 3368 κα)⁸
1471 3319 1648 3387 μέσην
1683 3318 1781 3384 μὲν

191 3406 382 3466 ἐοικὼς
426 3405 524 3473 τὴν
566 3404 663 3472 τῆς
700 3405 900 3474 στέγης
933 3405 1092 3460 δοκὸν
1137 3408 1475 3478 διατέμνειν,
1511 3407 1780 3461 συσσείων

191 3497 244 3547 δὲ
276 3495 465 3558 δεινῶς
496 3496 592 3549 καὶ
638 3496 846 3548 κλονῶν
873 3498 964 3550 τὸν
1013 3497 1286 3563 οίκίσκον,
1327 3499 1511 3570 πλήθη
1541 3515 1602 3551 τε
1638 3499 1781 3552 κατὰ

193 3590 286 3640 τοῦ
328 3589 636 3659 Ἀεραμίου
688 3591 824 3658 μετά
878 3589 1120 3657 σπουδῆς
1167 3590 1333 3642 οἱονεὶ
1364 3590 1653 3657 συγκαλῶν
1688 3589 1779 3642 καὶ

197 3683 326 3745 ὅλως
381 3681 632 3750 θορυϐῶν
681 3681 770 3734 τὸν
832 3681 1001 3751 ἄνδρα
1059 3682 1152 3734 καὶ
1186 3683 1559 3750 ἐκταράττων.
1635 3681 1693 3734 Ὀ
1723 3682 1779 3735 δὲ

198 3774 483 3827 κάνταῦθα
537 3773 704 3826 πάλιν
735 3775 763 3825 ὁ
793 3774 950 3835 αὐτὸς
985 3769 1076 3843 ἦν,
1108 3773 1209 3826 οὐκ
1256 3774 1469 3841 ἀγνοῶν
1495 3775 1587 3826 τὸν
1621 3774 1780 3828 πολέ-

201 3881 350 3932 μιον·
389 3865 589 3932 ἀμέλει
629 3866 723 3914 καὶ
754 3865 887 3931 πρὸς
912 3865 1009 3932 τὴν
1041 3863 1165 3932 ὅφιν
1193 3865 1346 3917 οὐδὲν
1371 3863 1780 3934 διαταραχθείςο

205 3978 220 4008 ι
251 3957 433 4010 Πάντα
454 3955 524 4008 τὰ
553 3955 679 4023 ἔθνη
707 3952 1026 4007 ἐκύκλωσαν
1057 3971 1144 4024 με,
1179 3973 1195 4004 ι
1228 3956 1413 4024 ἡρέμα
1437 3955 1562 4009 καθ’
1593 3954 1783 4008 ἑαυτὸν

197 4049 496 4116 ύπεφὼνει,
535 4065 553 4096 ι
591 4049 683 4098 καί
717 4044 794 4114 τῷ
816 4045 1046 4112 ὀνόματι
1103 4045 1312 4114 Κυρίου
1345 4044 1650 4113 ἠμυνάμην
1683 4043 1784 4096 αύο

195 4143 336 4202 τούς.
368 4162 386 4194 ι
432 4139 730 4202 Τοιαύταις
753 4139 873 4190 κατ’
909 4135 1110 4208 ἐχθροῦ
1136 4137 1378 4205 ἐπῳδαῖς
1401 4139 1427 4190 ὁ
1458 4135 1780 4206 Ἀδράμιος,

196 4233 455 4294 τοιούτοις
520 4232 708 4294 ὅπλοις
769 4233 1058 4300 ἐκέχρητο.
1105 4230 1171 4283 Τί
1204 4227 1297 4282 οὖν
1342 4230 1587 4294 ὲκεῖνοςς
1629 4227 1782 4280 Ἐπι-

199 4325 482 4393 στρατεύει
512 4323 607 4375 καὶ
638 4321 792 4384 αὖθις
826 4321 975 4390 αὐτῷ
999 4323 1139 4388 μετὰ
1166 4321 1361 4388 ταῦτα,
1388 4320 1609 4390 σφοδρῷ
1642 4321 1783 4372 πάνυ

1887 3330 1979 3370 sus
2026 3315 2092 3368 ab
2125 3330 2190 3369 eo
2227 3323 2385 3369 noctu
2424 3315 2668 3370 cernitur
2696 3331 2855 3370 manu
2893 3326 3079 3371 tenens
3099 3316 3335 3371 securim
3375 3323 3470 3373 :et

1887 3407 2173 3460 videbatur
2202 3407 2418 3476 quidem
2464 3407 2698 3463 mediam
2737 3409 2863 3464 tecti
2907 3410 3114 3463 trabem
3171 3409 3467 3475 dissecare,

1891 3499 2137 3569 graviter
2169 3507 2349 3551 autem
2382 3509 2676 3554 concutere
2702 3511 2759 3553 et
2792 3515 3010 3554 movere
3060 3501 3465 3566 domunculam,

1886 3601 1946 3644 et
1967 3591 2362 3645 multitudinem
2394 3591 2446 3645 in
2471 3591 2787 3646 Abramium
2812 3593 2967 3661 quasi
3011 3609 3206 3662 magno
3237 3595 3468 3661 quodam

1889 3685 2069 3741 studio
2104 3700 2435 3749 convocare,
2469 3697 2529 3740 et
2549 3690 2615 3741 ad
2648 3703 2911 3740 summam
2934 3702 3053 3741 eum
3075 3687 3309 3756 graviter
3339 3701 3467 3756 per-

1891 3779 2128 3833 turbare.
2165 3778 2257 3833 llle
2289 3788 2466 3832 autem
2505 3779 2594 3832 hic
2627 3794 2843 3847 quoque
2883 3795 3071 3833 rursus
3141 3781 3280 3834 idem
3325 3789 3468 3843 erat,

1888 3870 2096 3923 hostem
2117 3870 2339 3924 minime
2355 3869 2856 3940 ignoransNisione
2875 3871 3057 3939 itaque
3073 3870 3200 3924 nihil
3220 3873 3466 3926 territus:

1892 3979 1910 4013 ι
1941 3959 2146 4015 Omnes
2179 3972 2368 4034 gentes
2390 3979 2474 4018 me
2503 3963 3001 4026 circumdederunt.
3044 3983 3062 4016 ι
3099 3963 3299 4018 sensim
3324 3961 3467 4029 apud

1887 4068 1945 4106 se
1968 4054 2203 4118 dicebat,
2241 4075 2259 4107 ι
2298 4065 2351 4109 et
2373 4056 2423 4109 in
2448 4055 2665 4110 nomine
2694 4055 2899 4108 Domini
2928 4056 3070 4107 ultus
3089 4071 3207 4106 sum
3230 4070 3325 4110 eos
3349 4055 3413 4107 “.
3441 4073 3462 4108 ι

1887 4143 2113 4198 Talibus
2174 4145 2430 4197 adversus
2466 4146 2746 4198 inimicum
2788 4144 3123 4198 carminibus
3156 4143 3466 4211 Ahrantius,

1890 4235 2087 4289 talibus
2120 4233 2288 4289 armis
2315 4244 2397 4289 est
2435 4246 2582 4288 usus.
2617 4233 2756 4300 Quid
2794 4233 2883 4287 ille
2923 4249 3052 4304 ergo
3076 4233 3101 4288 τ
3127 4233 3181 4288 In
3209 4249 3330 4288 eum
3351 4250 3468 4288 rur-

1887 4343 1980 4381 sus
2030 4328 2226 4384 bellum
2277 4327 2420 4396 gerit
2454 4338 2663 4396 postea,
2699 4338 2758 4380 ut
2784 4329 2875 4396 qui
2901 4328 3206 4382 vehementi
3233 4329 3355 4397 igne
3384 4328 3467 4383 vi-

199 4419 327 4486 πυρὶ
360 4416 770 4484 καταπιμπρᾷν
817 4412 992 4466 δοκῶν
1039 4412 1102 4466 τὸ
1133 4412 1353 4481 ψιάθιον
1375 4429 1387 4440 ·
1425 4412 1518 4463 καὶ
1545 4411 1604 4473 δς
1633 4410 1779 4463 οὐδὲν

1890 4422 2111 4475 deretur
2141 4421 2459 4473 comburere
2475 4430 2732 4472 stoream.
2761 4419 2852 4472 llle
2873 4431 3054 4472 autem
3081 4420 3212 4473 nihil
3245 4420 3469 4476 affectus

200 4510 327 4576 πρὸς
363 4508 463 4576 τὴν
528 4507 705 4572 φλόγα
738 4504 929 4559 παθὼν
983 4505 1225 4578 ἐκείνην,
1288 4506 1555 4574 ἀταράχφ
1604 4504 1779 4573 ψυχῆς

1889 4527 1950 4565 ea
2010 4511 2236 4575 visione,
2291 4509 2543 4565 interrito
2603 4510 2752 4565 vultu
2816 4526 2939 4565 eum
2991 4509 3211 4573 invasit,
3238 4511 3465 4565 dicens:

199 4563 483 4653 ἐπέδαινεν
520 4563 694 4664 ά-δτῆς
743 4563 1173 4664 καταστήι.ι.‹α.τιΞ
1285 4563 1416 4648 Ἐπί
1441 4563 1779 4658 ἀὲἑτίδὲι,

1897 4624 1914 4654 ι
1953 4603 2128 4672 Super
2151 4563 2391 4667 aspidem
2431 4612 2488 4657 et
2536 4602 2815 4657 basilicum
2857 4604 3205 4673 ingredieris,
3249 4614 3306 4657 et
3339 4617 3468 4657 con-

202 4709 324 4759 γων,
382 4695 478 4744 καὶ
520 4689 836 4760 βασιλίσκον
899 4688 1141 4758 ἑπιὸήσῃ
1213 4689 1310 4739 καὶ
1367 4689 1779 4758 καταπατήσας

1886 4696 2126 4750 culcabis
2187 4694 2396 4750 leonem
2459 4706 2512 4748 et
2569 4695 2860 4750 draconem
2894 4695 2962 4747 ".
3005 4714 3024 4746 ι
3064 4695 3265 4748 Deinde
3323 4694 3468 4750 venit

202 4787 382 4837 λέοντα
411 4784 508 4835 καὶ
542 4783 835 4850 δράκοντα.
873 4799 889 4831 ι
927 4775 1063 4833 Εἶτα
1091 4778 1510 4848 καταλαμϐάνει
1537 4779 1724 4831 λοιπὸν
1751 4779 1779 4848 ἡ

1889 4799 2098 4855 tempus
2122 4784 2438 4841 comedendi
2469 4805 2482 4841 :
2507 4795 2557 4840 et
2591 4785 2681 4839 ille
2706 4788 2924 4854 quidem
2951 4786 3120 4840 solam
3141 4784 3241 4839 sibi
3271 4799 3468 4856 aquam

201 4878 291 4944 τῆς
327 4878 541 4946 τροφῆς
568 4873 883 4942 προθεσμία
906 4872 1002 4925 καὶ⁵
1029 4875 1056 4925 ὁ
1089 4873 1188 4941 μὲν
1218 4872 1363 4942 ὕδωρ
1399 4871 1558 4942 μόνον
1607 4871 1779 4940 ἑαυτῷ

1888 4882 2111 4949 apponit
2143 4893 2158 4932 :
2185 4878 2451 4948 malignus
2484 4887 2662 4932 autem
2689 4890 2930 4934 mutatus
2956 4878 3010 4932 in
3041 4879 3467 4942 adolescentem,

203 4972 565 5041 παρατίθεται
591 4987 604 5000 ·
635 4966 956 5038 μεταὸαλὼν
978 4966 1034 5019 δὲ
1055 4969 1134 5029 είς
1158 4967 1445 5019 νεανίσκον
1469 4967 1495 5018 δ
1529 4966 1779 5034 πονηρ),ς.

1887 4987 2049 5025 manu
2103 4970 2270 5040 tangit
2317 4968 2590 5037 poculum,
2627 4969 2755 5022 illud
2819 4984 3026 5023 conans
3067 4982 3331 5024 evertere.
3372 4967 3470 5024 Dio

202 5070 260 5135 τῇ
293 5067 437 5134 χειρὶ
461 5062 630 5128 ψαύει
655 5061 748 5114 τοῦ
787 5061 1076 5130 ποτηρίου,
1121 5058 1425 5129 ἀνατρέψαι
1476 5057 1635 5110 τοῦτο
1664 5075 1779 5108 πει-

1884 5064 2043 5116 vinus
2075 5074 2255 5116 autem
2286 5061 2578 5115 Abramius
2637 5061 2770 5114 nihil
2823 5062 3168 5131 perterritus,
3196 5063 3468 5118 constanti

206 5161 466 5228 ρώμενος.
519 5153 826 5223 Ἀὂράμιος
854 5152 911 5206 δὲ
951 5155 980 5204 ὁ
1017 5153 1160 5215 θεῖος
1201 5151 1367 5222 μηδὲν
1400 5149 1779 5213 ὐποδειλιάσας

1884 5155 2038 5210 vultu
2066 5169 2262 5224 aquam
2297 5154 2527 5223 accepit.
2555 5151 2693 5206 Vide
2741 5163 2920 5207 autem
2954 5153 3084 5207 mihi
3120 5154 3338 5223 maligni
3366 5155 3468 5208 im-

207 5254 334 5320 μετὰ
385 5248 780 5309 καταστάσεως
829 5246 1016 5313 ὑγιοῦς
1061 5246 1122 5298 τὸ
1167 5245 1310 5314 ὕδωρ
1355 5242 1645 5312 προσίετο·
1688 5243 1779 5295 καὶ

1884 5248 2217 5318 pudentiam.
2239 5245 2398 5317 Saepe
2430 5247 2702 5315 repulsus,
2728 5259 2795 5298 ne
2818 5247 2899 5298 sic
2916 5245 3131 5312 quidem
3159 5243 3465 5308 recedebat.

1882 5340 1976 5395 sed
2011 5354 2196 5393 rursus
2223 5339 2275 5392 in
2305 5354 2471 5393 unum
2507 5355 2575 5393 ex
2607 5338 2693 5401 iis,
2726 5337 2817 5405 qui
2850 5347 3040 5391 sancto
3060 5337 3464 5403 ministrabant,

1889 5443 2035 5486 veste
2061 5441 2116 5484 et
2144 5430 2313 5486 forum
2357 5433 2593 5500 seipsum
2633 5441 2863 5493 mutans,
2921 5444 3042 5484 cum
3075 5440 3296 5485 sanctus
3343 5439 3469 5484 tunc

1888 5526 2219 5587 comederet,
2271 5525 2545 5580 lucernam
2578 5525 2626 5580 ei
2681 5525 3006 5591 apponebat.
3065 5523 3268 5578 Deinde
3304 5525 3465 5577 etiam

1892 5620 2174 5675 videbatur
2213 5617 2337 5672 talia
2375 5631 2572 5673 canere
2607 5635 2619 5671 :
2661 5634 2678 5667 ι
2725 5614 2873 5672 Beati
2905 5616 3235 5673 immaculati
3273 5617 3324 5670 in
3351 5616 3461 5679 via,

203 5350 291 5415 ὁρᾶ
319 5364 405 5413 μοι
427 5343 522 5396 τοῦ
562 5340 804 5408 πονηροῦ
836 5341 935 5407 τὴν
963 5339 1240 5392 ἀναίδειαν
1268 5341 1361 5390 καὶ
1403 5340 1552 5400 ὅπως
1580 5336 1782 5388 πολλά-

205 5460 278 5503 κι;
304 5435 709 5506 ἀποκρουσθεὶς
744 5433 864 5486 οὐδὲ
894 5431 1068 5494 οὕτως
1097 5436 1392 5501 ἀφίστατο·
1430 5432 1546 5484 ἀλλ’
1577 5433 1656 5492 είς
1682 5432 1779 5484 ἕνα

203 5538 296 5586 τῶν
330 5533 802 5600 ὑπηρετουμένων
832 5528 909 5596 τῷ
940 5527 1081 5596 ἁγίῳ
1130 5527 1224 5580 καὶ
1260 5527 1420 5595 στολῇ
1451 5529 1542 5579 καὶ
1591 5528 1776 5594 μορφῇ

204 5630 378 5680 ἑαυτὸν
411 5624 733 5696 δαμείψας,
763 5618 986 5691 λυχνίαν
1019 5638 1075 5673 τε
1102 5621 1385 5690 παρετίθει
1414 5640 1426 5653 ο
1464 5620 1654 5675 ἔπειτα
1685 5619 1778 5672 καὶ

271 5791 308 5820 ¹⁴
338 5787 480 5843 Ρωι.
525 5801 703 5851 ωινιι,
743 5784 828 5837 l0.
913 5785 1123 5840 "Psal.
1160 5798 1245 5845 xc,
1287 5782 1369 5835 15.
