3972 6428
513 354 582 411 63
1820 342 2096 404 MENSIS

2207 344 2481 405 ARTIUS
3703 337 3772 397 64

517 469 609 536 qui
667 464 945 517 ambulant
984 477 1034 514 in
1068 462 1183 528 lege
1212 458 1414 512 domini
1453 459 1517 513 ’⁸.
1560 477 1577 509 ι
1612 455 1709 512 Hic
1735 466 1938 516 autem,
1968 466 2092 507 vere

2207 451 2341 505 Ξδειν
2372 471 2438 505 τα
2468 451 2693 505 τοιαῦτα
2738 450 2941 503 ἐδόκειο
2989 475 3011 505 ι
3044 449 3323 517 Μακάριοι
3354 450 3402 501 oi
3457 450 3682 517 ἄμωμοι
3716 452 3777 499 εν

521 556 729 615 beatus,
760 559 878 607 erat
902 552 1062 620 plane
1106 550 1329 607 surdus.
1373 558 1429 601 ut
1463 548 1555 616 qui
1587 562 1744 602 aures
1767 548 1832 600 ad
1860 546 1972 599 lucc
1991 543 2089 598 ob-

519 652 774 705 strueret,
832 643 1006 697 donec
1057 641 1287 708 sumpsit
1338 640 1465 693 illud
1509 639 1776 692 modicum
1806 636 1933 691 cibi.
1967 635 2093 689 Post

520 738 661 792 hanc
690 745 870 789 autem
902 748 1124 804 parvam
1159 733 1403 803 corporis
1425 733 1785 794 curationem,
1810 729 1989 782 crucis
2020 728 2093 782 si-

518 845 625 899 gno
650 832 889 883 munitus
914 847 927 883 :
956 827 1011 883 Si
1046 829 1253 892 beatos,
1292 826 1485 895 inquit,
1525 824 1668 878 nosti
1721 838 1837 885 eos,
1871 821 1960 891 qui
2007 822 2089 875 dio

520 922 694 991 Iigunt
730 921 1035 982 Dominum,
1089 934 1186 973 cur
1215 935 1322 973 non
1381 932 1564 973 cessas
1592 916 1808 970 assidue
1832 914 1912 969 eis
1941 912 2096 967 exhi-

522 1014 655 1068 bere
684 1012 1020 1067 molestiam?
1048 1012 1141 1066 Ille
1177 1022 1358 1065 autem
1394 1010 1746 1079 respondens,
1780 1006 1864 1063 vel
1896 1007 2096 1060 invitus

525 1119 677 1161 suam
735 1104 1025 1159 conlitetur
1056 1102 1341 1167 malitiam,
1372 1111 1425 1156 et
1477 1101 1606 1154 dicit
1637 1118 1651 1153 :
1687 1100 1955 1165 Quoniam
2000 1111 2095 1152 eos

521 1198 721 1251 bonum
754 1211 1014 1251 exercere
1050 1195 1225 1257 video,
1260 1205 1358 1249 nec
1386 1208 1600 1262 possum
1632 1192 1742 1263 pati
1791 1191 1843 1245 id
1888 1190 2092 1245 videre.

522 1286 648 1343 Hec
675 1304 801 1346 cum
830 1288 1079 1351 dixisset,
1112 1289 1296 1341 statim
1320 1284 1478 1340 abiit.

593 1546 732 1601 XVI.
762 1545 1011 1601 Nondum
1039 1555 1220 1600 autem
1243 1546 1484 1613 quinque
1513 1544 1627 1599 dies
1651 1545 2091 1609 intercesserant,

522 1654 644 1693 cum
677 1638 855 1691 denuo
878 1652 1000 1691 eum
1034 1637 1346 1706 aggreditur
1394 1636 1479 1687 liic
1510 1649 1682 1690 saevus
1750 1635 1919 1689 hostis
1969 1649 2091 1690 cum

2193 548 2314 617 ὁδῷ,
2353 550 2403 601 oi
2431 548 2787 618 πορευόμενοι
2824 548 2877 599 ὲν
2900 546 3050 615 νόμῳ
3068 546 3298 615 Κυρίου.
3338 564 3356 596 t
3393 547 3500 597 Καὶ
3526 547 3554 595 ὀ
3588 545 3779 613 μακά-

2195 658 2309 709 ριος
2342 641 2507 703 ὅντως
2542 642 2749 702 ἐκεῖνος
2812 638 2993 706 κωφὸς
3039 634 3107 708 ἦν
3137 639 3272 707 πρὸς
3310 634 3482 690 ταῦτα
3519 636 3661 705 βὺων
3704 637 3779 690 τὰ

2193 724 2331 793 ὦτα,
2381 733 2484 793 ἕως
2515 734 2615 801 τῆς
2645 731 2904 800 βραχείας
2954 728 3170 797 ἑκείνης
3217 728 3512 798 μετείληφε
3536 728 3775 798 τροφῆς.

2194 824 2347 876 Μετὰ
2373 823 2428 875 δὲ
2460 824 2556 894 τὴν
2584 823 2784 891 μικρὰν
2816 822 3021 890 ταύτην
3050 821 3145 873 τοῦ
3178 821 3433 889 σώματος
3471 821 3777 888 Θεραπείαν

2197 915 2274 984 τῷ
2303 915 2394 968 τοῦ
2426 914 2661 983 σταυροῦ
2697 914 2909 983 σημείῳ
2937 913 3283 982 φραξάμενος
3304 928 3316 941 ·
3354 912 3414 963 El
3462 913 3779 982 μακαρίους

2196 1001 2365 1068 οἶδας,
2395 1006 2549 1075 φησὶ,
2579 1005 2705 1067 τοὺς
2732 1005 3067 1071 ἀγαπῶντας
3108 1004 3202 1056 τὸν
3234 1003 3460 1071 Κύριον,
3491 1003 3543 1057 τί
3567 1004 3779 1071 δήποτε

2200 1098 2457 1167 παρέχων
2482 1098 2540 1147 οὑ
2568 1096 2715 1165 παύῃ
2752 1096 2963 1155 τούτοις
2989 1094 3237 1163 ὀχλήσεις
3260 1094 3346 1145 ἀεὶ
3389 1096 3483 1147 καὶ
3509 1098 3781 1161 πραγμα-

2196 1203 2295 1250 τα;
2330 1188 2594 1246 Κάκεῖνος
2618 1184 2904 1238 ὑπολαϐὼν
2934 1185 3031 1251 τὴν
3051 1182 3245 1235 ἑαυτοῦ
3276 1183 3477 1235 κακίαν
3504 1185 3597 1235 καὶ
3621 1184 3782 1235 ἄκων

2196 1277 2449 1344 ὁμολογεῖ
2481 1277 2574 1327 καί
2602 1293 2765 1345 φησιν
2792 1294 2803 1306 ·
2836 1278 3069 1342 Ὀτιπερ
3101 1275 3299 1336 αὐτοὺς
3332 1275 3444 1342 6ρῶ
3476 1277 3535 1326 τὸ
3566 1275 3783 1340 ἀγαθὸν

2201 1370 2508 1437 μετιόντας,
2559 1370 2654 1420 καὶ
2714 1367 2857 1438 ὁρῶν
2892 1367 2992 1417 οὑκ
3038 1366 3323 1433 ἀνέχομαι.
3360 1367 3545 1418 Ταῦτα
3576 1366 3779 1429 είπὼν,

2196 1461 2357 1521 εὐθὺς
2390 1458 2581 1531 ᾤχετο.

2268 1550 2385 1619 ις’.
2420 1552 2578 1607 Οὕτω
2608 1551 2664 1604 δὲ
2702 1551 2929 1621 πέμπτη
2963 1552 3166 1621 μεταξὺ
3198 1552 3412 1620 διῆλθεν
3463 1551 3643 1619 ἡμέρα
3682 1552 3785 1601 καὶ

2199 1643 2527 1713 προσόάλλει
2559 1645 2719 1695 πάλιν
2749 1645 2777 1695 ὁ
2807 1646 3041 1713 χαλεπὸς
3067 1639 3223 1706 οὗτος
3249 1644 3322 1713 τῷ
3348 1644 3487 1709 ἁγίῳ
3514 1642 3785 1708 πολέμιος

524 1730 781 1799 maligna,
811 1743 930 1796 qua
951 1738 1072 1781 erat
1106 1727 1249 1781 circa
1279 1727 1476 1793 ipsum,
1510 1738 1750 1789 caterva,
1772 1734 1827 1779 et
1870 1741 2094 1779 consue-

2207 1736 2341 1803 μετά
2368 1736 2461 1787 τοὺ
2496 1736 2732 1805 πονηροῦ
2766 1738 2893 1797 περὶ
2926 1737 3089 1788 αὑτὸν
3135 1736 3359 1803 στίφους
3396 1734 3613 1799 καὶτῆς
3645 1750 3785 1783 συν-

523 1822 593 1874 tis
619 1821 733 1876 suis
755 1820 1025 1873 machinis
1058 1829 1114 1873 et
1151 1817 1582 1885 importunitate.
1623 1815 1956 1870 Videbantur
1994 1830 2094 1871 au-

523 1923 632 1966 tem
686 1913 907 1967 funibus
954 1911 1333 1966 domunculam
1389 1912 1535 1964 omni
1566 1926 1631 1965 ex
1668 1921 1823 1980 parte
1852 1926 2090 1979 compre-

523 2004 803 2067 hendisse,
830 2013 884 2057 et
905 2004 1032 2058 totis
1063 2004 1312 2060 manibus
1350 2018 1475 2057 eam
1517 2004 1756 2067 trahere,
1788 2013 1842 2055 et
1874 2018 1932 2057 se
1963 2005 2097 2055 invio

521 2112 641 2150 cem
672 2096 973 2161 adhortari,
1015 2106 1074 2150 ut
1096 2095 1212 2149 ﬁeri
1235 2097 1368 2149 solet
1394 2096 1446 2148 in
1470 2094 1814 2147 multitudine
1842 2110 1856 2147 :
1886 2092 2097 2158 Videte,

523 2189 794 2249 dicentes.
824 2200 879 2241 ut
905 2204 1027 2243 eum
1064 2189 1129 2241 de
1180 2188 1483 2254 propinquo
1519 2186 1873 2255 projiciamus
1900 2188 2100 2254 praci-

522 2282 675 2348 pitio.
720 2281 810 2332 Ille
845 2290 1026 2333 autem
1061 2278 1128 2343 (Ο
1158 2279 1464 2332 interritum
1492 2279 1752 2338 animum.
1792 2277 1836 2333 0
1867 2294 2099 2347 genero-

523 2385 643 2425 sum
676 2369 951 2438 spiritum)
986 2384 1053 2422 ne
1090 2372 1169 2426 sic
1196 2369 1410 2437 quidem
1438 2368 2095 2437 pertimuitimportunum

523 2464 803 2517 inventum
834 2479 851 2515 :
883 2463 978 2516 sed
1015 2462 1232 2517 dicebat
1262 2478 1275 2515 :
1306 2480 1324 2513 ι
1358 2462 1849 2517 Circumdederunt
1888 2476 1995 2523 me,
2027 2463 2101 2515 si-

522 2564 612 2613 cut
640 2572 767 2625 apes
788 2555 970 2609 favum
1000 2575 1013 2610 :
1041 2566 1096 2610 et
1118 2566 1443 2611 exarserunt
1467 2556 1607 2609 sicut
1635 2557 1777 2624 ignis
1800 2554 1853 2607 in
1877 2554 2047 2623 spinis
2084 2571 2097 2607 :

514 2641 577 2703 et
612 2648 663 2701 in
730 2648 945 2701 nomine
977 2648 1187 2701 Domini
1223 2649 1369 2701 ultus
1401 2663 1518 2701 sum
1560 2663 1656 2702 eos
1696 2649 1760 2701 ".
1801 2665 1819 2697 ι
1859 2645 1983 2699 Haec
2014 2646 2099 2700 ille

522 2738 739 2815 quidem
773 2738 911 2804 apud
946 2750 1005 2788 se
1038 2737 1274 2789 dicebat.
1308 2736 1389 2787 Illi
1434 2746 1612 2788 autem
1640 2749 1760 2787 cum
1793 2748 1989 2801 magno
2022 2732 2102 2785 fu.

527 2831 636 2899 gati
662 2838 788 2883 sunt
820 2831 1035 2890 timore,
1072 2838 1326 2896 tanquam
1354 2828 1558 2901 egregii
1604 2826 1836 2894 alicujus
1862 2827 2100 2895 impera-

526 2922 681 2981 toris,
718 2938 784 2975 ne
814 2921 987 2975 minas
1015 2921 1231 2988 quidem
1262 2920 1403 2973 solas
1441 2922 1791 2974 sustinentes.
1816 2920 1989 2985 Atque
2022 2918 2100 2971 sic

527 3014 744 3079 quidem
795 3021 1178 3067 sacrosanctus
1231 3010 1543 3073 Aliramins,
1583 3011 1673 3076 qui
1720 3011 1785 3061 ad
1842 3008 2101 3075 spiritalis

526 3103 886 3171 philosophiae
910 3112 1115 3155 tantam
1152 3105 1471 3156 ascenderat
1504 3102 1863 3154 altitudinem.

596 3278 761 3334 XVII.
789 3277 960 3333 Porro
992 3287 1171 3332 autem
1224 3279 1274 3332 in
1307 3278 1390 3341 iis,
1425 3294 1544 3347 qua:
1573 3281 1637 3335 de
1671 3279 1760 3333 illo
1789 3287 2095 3343 narrantur,

528 3371 641 3425 haec
672 3385 889 3440 quoque
924 3372 1123 3423 addere
1152 3378 1389 3438 oportet,
1457 3386 1597 3437 quae,
1639 3370 1779 3437 quod
1812 3372 2000 3423 attinet
2036 3371 2100 3422 ad

525 3464 964 3522 admirationem,
1001 3461 1131 3513 nulli
1171 3463 1369 3514 cedunt
1393 3476 1455 3514 ex
1493 3462 1787 3530 prioribus,
1824 3463 1961 3528 quod
1995 3463 2102 3516 sci-

528 3555 654 3608 licet
679 3570 785 3606 non
814 3555 987 3606 solum
1024 3553 1200 3605 licium
1226 3554 1434 3612 radium
1468 3569 1684 3619 semper
1710 3568 1738 3605 e
1763 3553 1907 3606 vultu
1942 3554 2100 3607 emit-

528 3654 685 3707 teret,
724 3644 826 3699 etsi
864 3660 970 3697 non
996 3655 1143 3700 esset
1167 3644 1391 3697 robusto
1427 3659 1673 3711 corpore,
1706 3647 1811 3698 imo
1846 3662 1873 3695 a
1910 3659 2097 3713 magna

528 3736 861 3789 abstinentia
922 3737 1198 3786 videretur
1226 3745 1603 3800 consumptus,
1636 3745 1688 3786 et
1726 3735 2050 3802 liquefactus
2084 3752 2097 3786 :

528 3828 623 3882 sed
648 3826 835 3890 etiam,
866 3826 1007 3893 quod
1038 3835 1279 3898 tempore
1322 3826 1523 3879 ultima:
1556 3826 1891 3894 migrationis
1925 3836 1979 3881 et
2013 3841 2101 3880 re-

528 3917 819 3970 solutionis
842 3917 889 3969 is
922 3917 1105 3981 rubor,
1130 3933 1290 3984 quem
1326 3917 1513 3969 habuit
1546 3917 1597 3967 in
1621 3918 1923 3983 juventutc,
1948 3932 2101 3972 suam

530 4024 641 4063 non
669 4010 944 4075 ignoraret
1001 4017 1273 4072 naturam,
1313 4022 1435 4061 cum
1467 4009 1644 4061 adhuc
1676 4010 1899 4075 vigeret,
1929 4022 1982 4063 et
2006 4010 2103 4064 ﬂo-

529 4102 683 4157 ridus
707 4102 757 4154 in
782 4104 936 4171 genis
970 4101 1230 4155 insideret
1263 4118 1277 4155 :
1304 4110 1358 4155 et
1388 4100 1529 4170 quod
1557 4110 1638 4155 est
1664 4102 1746 4156 his
1780 4101 1938 4172 longe
1987 4100 2105 4172 pul-

529 4193 739 4254 chrius,
796 4191 980 4261 panni,
1032 4194 1229 4260 quibus
1258 4203 1377 4249 erat
1425 4194 1666 4257 indutus,
1698 4204 1809 4248 tato
1841 4195 1932 4248 illo
1966 4204 2103 4247 tem-

529 4300 683 4354 pore,
716 4300 822 4353 quo
848 4300 905 4337 se
928 4286 1171 4341 exercuit
1207 4286 1283 4353 (in
1312 4287 1698 4339 exercitatione
1750 4294 1929 4339 autem
1972 4287 2108 4339 vixit

529 4378 825 4433 Abramius
856 4378 1243 4447 quinquaginta
1279 4381 1471 4447 annos)
1509 4392 1613 4431 non
1659 4389 1941 4433 cesserunt
1982 4394 2103 4446 pro-

531 4468 726 4521 lixitati
754 4470 1035 4533 temporis,
1068 4484 1167 4521 nec
1208 4467 1561 4532 emus-erunt,
1592 4470 1686 4523 sed
1721 4482 1977 4538 perpetuo
2003 4469 2102 4524 llo-

533 4560 636 4613 ridi
669 4574 735 4613 ac
782 4569 1027 4611 recentes
1061 4560 1312 4626 tegebant
1356 4562 1529 4612 sancti
1580 4572 1800 4629 COI‘pUS.
1836 4561 1986 4615 Nunc
2014 4579 2100 4614 au-

534 4656 643 4703 tem
678 4657 891 4716 tempus
934 4658 1019 4701 est
1078 4648 1391 4702 transeundi
1428 4650 1494 4704 ad
1530 4650 1901 4707 admirabilem
1958 4654 2103 4707 illam

535 4740 932 4804 narrationem,
958 4754 1077 4808 qua:
1106 4740 1223 4807 ejus
1258 4756 1326 4795 ex
1380 4742 1488 4797 Deo
1540 4743 1661 4806 zeli.
1695 4754 1749 4798 et
1783 4746 2106 4809 apostolico-

534 4844 655 4883 rum
681 4830 971 4893 viscerum,
994 4839 1047 4882 et
1074 4829 1227 4883 bona:
1257 4830 1557 4887 streetionis
1598 4844 1682 4887 est
1709 4835 1942 4889 maxime
1975 4838 2107 4891 insi-

535 4935 663 4990 gne.
693 4919 748 4974 Id
776 4929 955 4974 autem
999 4922 1271 4991 principio
1316 4924 1532 4993 quidem
1562 4928 1778 4983 tristitia
1823 4940 1878 4983 et
1922 4931 2108 4985 dolore

538 5012 736 5067 afﬁciet
766 5013 1081 5069 auditores:
1113 5026 1386 5082 postremo
1416 5028 1595 5075 autem
1622 5021 1788 5074 multa
1813 5022 2107 5093 voluptate,

539 5119 593 5162 et
613 5112 778 5165 animi
804 5113 1199 5182 tranquillitate
1222 5114 1435 5170 animas
1465 5114 1711 5187 implebit
1746 5137 1759 5173 :
1786 5128 1843 5173 et
1875 5136 2105 5189 persua-

540 5200 691 5255 debit
739 5218 805 5257 ne
840 5203 1135 5271 desperent
1179 5206 1443 5269 homines,
1485 5211 1693 5267 etiamsi
1725 5213 1791 5265 ad
1845 5229 2108 5270 summam

541 5292 761 5349 deducti
795 5292 997 5348 fuerint
1028 5295 1448 5363 improbitatem.
1478 5299 1549 5353 Ita
1582 5315 1759 5356 autem
1794 5304 1953 5360 habet
1988 5326 2000 5359 :

616 5465 803 5521 XVIII.
837 5466 1080 5523 Mortuus
1124 5481 1206 5527 est
1242 5472 1479 5529 Abramii
1543 5478 1840 5529 secundum
1888 5492 2105 5534 carnem

542 5557 750 5615 frater:
786 5570 1031 5616 mortuus
1076 5574 1159 5618 est
1210 5566 1411 5629 autem,
1445 5569 1604 5623 unica
1665 5568 1847 5623 relicta
1875 5572 2000 5627 ﬁlia.
2038 5573 2111 5626 Ea

617 5719 659 5748 "
702 5718 1059 5785 Psal.cxvni,
1100 5722 1146 5774 I.
1231 5724 1271 5754 "
1302 5722 1439 5777 Psal.
1469 5738 1676 5790 curn,
1717 5724 1799 5777 l2.

2202 1828 2365 1895 ήοους
2393 1828 2607 1895 ἐκείνης
2642 1828 2889 1895 μηχανῆς
2929 1827 3026 1879 καὶ
3060 1826 3414 1894 σκαιότητος·
3462 1823 3682 1875 ἐδόκουν
3719 1824 3782 1876 δὲ

2200 1918 2453 1985 σχοινίοις
2482 1915 2746 1967 παντοοεν
2777 1916 2869 1967 τὸν
2909 1915 3153 1968 οίκίσκον
3184 1914 3555 1976 διαλαϐόντες,
3592 1913 3788 1967 ἕλκειν

2197 2025 2256 2060 τε
2300 2009 2463 2062 αὑτὸν
2514 2008 2663 2069 ὅλαις
2717 2010 2873 2076 χερσὶ
2916 2008 3010 2058 καὶ
3042 2007 3293 2075 ἀλλήλοις
3336 2005 3785 2070 ἐπικελεύεσθαι,

2200 2098 2453 2167 καθάπερ
2490 2100 2547 2150 ὲν
2580 2099 2772 2167 πλήθει
2810 2097 2955 2165 φιλεῖ
3005 2097 3295 2163 γίνεσθαι’
3340 2098 3559 2164 Ὁρᾶτε,
3592 2098 3791 2164 λέγον-

2199 2207 2311 2253 τες,
2346 2190 2489 2241 κατὰ
2536 2189 2627 2243 τοῦ
2679 2190 3093 2257 παρακειμένου
3126 2187 3377 2257 κρημνοῦ
3408 2188 3655 2257 ῥίψωμεν
3686 2188 3789 2240 τὸν

2213 2279 2531 2349 Ἀϐράμου.
2578 2280 2635 2333 '0
2667 2279 2722 2332 δὲ
2760 2279 2841 2350 (ὼ
2885 2279 3062 2346 ψυχῆς
3092 2279 3399 2347 ἀπτοήτουὶ
3448 2278 3493 2329 ὣ
3524 2278 3785 2344 γενναίου

2200 2373 2545 2439 φρονήματος
2571 2372 2582 2422 l
2612 2371 2630 2441 )
2662 2371 2781 2423 οὐδὲ
2815 2368 2950 2437 πρὸς
2994 2368 3135 2421 οὕτω
3170 2370 3501 2436 σκαιοτάτην
3534 2371 3791 2421 ἐπένοιαν

2202 2460 2387 2512 ἐδεδίει
2421 2462 2513 2512 καὶ
2548 2462 2999 2529 καταπέπληκτο,
3029 2462 3145 2514 ἀλλ’
3169 2476 3182 2491 ο
3240 2484 3256 2510 ι
3343 2459 3680 2513 Εκύκλωαάν
3710 2476 3785 2529 με

2200 2551 2329 2604 ὡσεὶ
2379 2552 2629 2620 μέλισσαι
2699 2554 2914 2621 κηρίον,
2970 2574 2986 2603 ι
3055 2554 3239 2622 ἡρέμα
3283 2552 3579 2621 ὑπέψαλλε,
3638 2572 3657 2604 ι
3691 2554 3788 2606 καὶ

2202 2646 2573 2714 ἐξεκαύθησαν
2635 2647 2708 2706 ὼς
2740 2645 2850 2713 πῦρ
2884 2648 2939 2696 ὲν
2971 2645 3257 2707 ἀκάνθαις,
3310 2646 3404 2698 καὶ
3436 2644 3512 2712 τῷ
3550 2644 3791 2710 ὀνόματι

2204 2739 2409 2808 Κυρίου
2436 2738 2732 2807 ἠμυνάμην
2768 2737 2986 2797 αὑτούς.
3031 2758 3047 2786 υ
3089 2738 3271 2788 Ταῦτα
3310 2739 3336 2787 ὁ
3372 2736 3468 2804 μὲν
3491 2737 3614 2788 καθ’
3646 2738 3791 2788 ἑαυ-

2204 2832 2294 2884 τὶν
2332 2832 2639 2897 ὑπεφὼνειο
2689 2830 2737 2881 οἱ
2769 2830 2824 2881 δὲ
2860 2828 2998 2897 μετὰ
3052 2828 3251 2880 πολλοῦ
3288 2828 3381 2880 τοῦ
3420 2828 3572 2889 δέους
3610 2828 3789 2896 ἠλαύ-

2205 2938 2380 2984 νοντο,
2438 2922 2704 2988 καθάπερ·
2749 2921 2892 2982 τινὸς
2945 2920 3255 2989 στρατηγοῦ
3307 2920 3580 2987 γενναίου.
3643 2921 3787 2986 μηδὲ

2205 3014 2364 3082 ψιλὴν
2393 3013 2618 3083 ἀπειλὴν
2650 3015 3066 3081 ὑπομείναντες.
3115 3011 3299 3073 Οὖτως
3333 3014 3429 3077 μὲν
3456 3011 3548 3063 οὑν
3571 3014 3597 3063 ὀ
3637 3012 3786 3081 ἱερὸς

2128 3104 2172 3165 C
2206 3100 2359 3168 οὗτος
2398 3106 2695 3175 Ἀὀράμιος
2725 3107 2819 3157 καὶ
2854 3104 2989 3171 πρὸς
3028 3104 3281 3154 τοσοῦτον
3320 3102 3450 3169 ὑψος
3480 3104 3571 3171 τῆς
3612 3121 3785 3156 πνευ-

2206 3199 2438 3268 ματικῆς
2476 3198 2683 3263 ἀνέπτη
2725 3194 3071 3262 φιλοσοφίας.

2275 3287 2369 3339 ΙΖ’.
2400 3288 2640 3339 Κάκεῖνα
2670 3286 2723 3336 δὲ
2755 3301 2859 3354 χρη
2908 3284 3018 3343 τοῖς
3055 3280 3181 3350 περὶ
3236 3278 3401 3331 αὑτοῦ
3438 3280 3623 3331 λοιπὸν
3657 3283 3785 3335 ὲττι-

2205 3377 2549 3447 σημήνασθαι
2580 3376 2933 3443 διηγήμασιν,
2965 3371 3178 3432 οὐδενὸς
3213 3372 3291 3431 είς
3320 3370 3595 3437 θαύματος
3621 3371 3787 3431 λόγον

2206 3471 2317 3523 τῶν
2372 3468 2757 3538 προλαϐόντων
2792 3468 3111 3532 λειπόμενα,
3158 3462 3233 3523 ὡς
3269 3464 3328 3512 οὐ
3371 3462 3530 3529 μόνον
3584 3464 3788 3514 ἀκτῖνα

2204 3563 2412 3627 πέμποι
2458 3561 2545 3612 ἀεὶ
2593 3558 2827 3626 φαιδρὰν
2864 3557 2972 3609 ἀπὸ
3018 3556 3117 3608 τοῦ
3136 3554 3457 3625 προσώπου,
3490 3552 3670 3603 καίτοι
3704 3554 3785 3621 μὴ

2203 3652 2531 3723 ἐρρωμένως
2566 3650 2704 3721 ἔχων
2737 3649 2831 3702 τοῦ
2866 3648 3139 3718 σώματος,
3184 3647 3300 3699 ἀλλ’
3361 3645 3466 3699 ὑπὸ
3513 3648 3607 3715 τῆς
3640 3644 3791 3712 ἄγαν

2205 3744 2531 3809 ἐγκρατείας
2569 3742 2818 3808 τακερῶς
2882 3759 2940 3791 τε
2996 3744 3086 3792 καὶ
3143 3738 3532 3806 ταλαιπώρως,
3562 3738 3789 3791 ἀλλ’ὅτι

2205 3834 2307 3888 κάν
2333 3833 2409 3900 τῷ
2438 3832 2613 3901 καιρῷ
2651 3833 2748 3899 τῆς
2774 3831 3007 3901 ἐσχάτης
3031 3831 3304 3899 ἐκδημίας
3340 3833 3433 3883 καὶ
3466 3830 3793 3895 ἀναλύσεως

2206 3925 2264 3978 τὸ
2289 3924 2531 3977 τοιοῦτον
2556 3923 2808 3994 ἐρύθημα
2840 3925 2938 3993 τὴν
2968 3926 3178 3977 οἰκείαν
3205 3924 3307 3975 οὑκ
3332 3924 3567 3992 ἠγνόησε
3598 3923 3791 3991 φύσιν,

2203 4018 2320 4073 ἀλλ’
2347 4021 2583 4089 ἀκμαῖον
2606 4018 2685 4071 ἔτι
2721 4019 2813 4071 καὶ
2847 4017 3081 4087 ἀνθηρὸν
3111 4018 3233 4080 ταῖς
3270 4020 3530 4087 παρειαῖς
3580 4016 3791 4069 ἐπεκά-

2206 4108 2337 4180 θητο
2355 4127 2369 4142 ·
2396 4114 2489 4162 καὶ
2518 4111 2580 4162 τδ
2606 4110 2671 4179 δὴ
2692 4109 2899 4162 τούτων
2930 4108 3108 4178 πολλῴ
3134 4108 3511 4177 χαριέστερον,
3533 4108 3611 4159 ὅτι
3632 4106 3729 4159 καὶ
3753 4107 3793 4161 ἃ.

2205 4202 2567 4273 περιδέελητο
2626 4203 2769 4271 ῥάκη
2826 4202 2950 4269 παρ’
2991 4200 3111 4252 ὅλον
3153 4198 3303 4265 αὑτῷ
3341 4201 3435 4249 τὸν
3487 4198 3793 4267 ἀσκητικὸν

2205 4293 2411 4344 ἐκεῖνον
2447 4293 2868 4361 ὑπηρετήσαντα
2924 4291 3041 4362 βίον
3074 4291 3229 4361 (ἔτος
3276 4292 3333 4345 δὲ
3366 4291 3735 4367 πεντηκοστὸν
3761 4295 3791 4343 ὁ

2220 4384 2518 4454 Ἀσράμιος
2545 4385 2795 4456 ήσκητο)
2852 4387 2951 4438 οὑκ
2984 4383 3094 4449 εἶξε
3131 4385 3207 4455 τῷ
3246 4385 3341 4438 τοῦ
3376 4387 3570 4455 χρόνον
3616 4385 3791 4454 μήκει

2209 4477 2300 4527 καὶ
2326 4476 2707 4547 διερῤὑη,“ἀλλ’
2730 4478 2786 4529 ὲν
2813 4477 2901 4546 ἴση
2933 4477 3019 4527 διά
3043 4476 3241 4535 παντὸς
3270 4470 3339 4545 ἦν
3363 4478 3514 4544 ἀκμῇ
3547 4476 3642 4527 καὶ
3666 4476 3792 4526 νεό-

2201 4587 2346 4639 τητι,
2378 4570 2439 4623 τὸ
2472 4570 2631 4638 σῶμα
2668 4569 2746 4635 τῷ
2778 4568 2917 4637 ἁγίῳ
2951 4566 3452 4637 περικαλύπτοντα.
3498 4566 3702 4635 Καιρδς
3732 4566 3793 4619 δὲ

2202 4661 2392 4714 λοιπὸν
2429 4662 2521 4712 ἐπὶ
2548 4661 2609 4713 τὸ
2644 4660 2785 4730 μέγα
2815 4660 2908 4711 καὶ
2933 4658 3249 4728 Θαυμαστὸν
3273 4662 3450 4711 ἐκεῖνο
3482 4658 3793 4727 μεταϐῆναι

2202 4751 2469 4824 διήγημα,
2525 4751 2617 4803 καὶ
2661 4750 2688 4802 ὃ
2712 4750 2805 4803 τοῦ
2838 4749 2981 4803 κατὰ
3013 4750 3145 4800 Θεὸν
3172 4749 3359 4817 ζήλου,
3398 4751 3492 4802 καὶ
3525 4749 3631 4802 τῶν
3656 4750 3794 4802 ἀπο-

2205 4844 2469 4897 στολικῶν
2531 4841 2699 4893 αὑτοῦ
2735 4841 3085 4909 σπλάγχνων,
3148 4842 3365 4909 καὶτῆς
3402 4842 3791 4911 φιλοστοργίας

2207 4938 2300 4988 ἐπὶ
2358 4936 2421 4987 τδ
2466 4933 2909 5003 ἐπισημότατον·
2966 4933 3125 4983 τοῦτο
3155 4934 3211 4984 δὲ
3274 4934 3365 4983 καὶ
3402 4933 3562 5000 μόνον
3596 4931 3792 4999 λεχθὲν

2205 5026 2509 5096 κατηφείας
2542 5025 2639 5095 μὲν
2676 5025 2791 5093 ἅμα
2827 5024 2920 5076 καὶ
2952 5023 3160 5085 πάοους
3208 5024 3475 5094 πρότερον
3532 5023 3630 5087 τὰς
3663 5024 3789 5091 φιλ-

2207 5120 2531 5191 ανθρώπους
2569 5116 2852 5186 πληρώσει
2888 5115 3091 5185 ψυχὰς,
3128 5116 3320 5185 ἡδονῆς
3350 5115 3406 5168 at
3458 5117 3618 5168 πάλιν
3672 5115 3791 5168 ἀπὸ

2206 5212 2301 5264 τοῦ
2337 5210 2522 5271 τέλους
2554 5210 2645 5261 καὶ
2699 5206 2936 5275 εὑθυμία
2976 5246 2990 5267 ,
3026 5209 3118 5258 καὶ
3175 5206 3354 5257 πείσει
3402 5208 3474 5275 μὴ
3509 5206 3788 5270 ἀπογινώ-

2212 5318 2365 5353 σκειν
2390 5299 2596 5351 ἑαυτῶν
2630 5299 2734 5350 κᾶν
2766 5301 2846 5360 εἰς
2872 5297 3102 5365 ἔσχατον
3128 5297 3325 5355 κακίας
3360 5294 3787 5363 κατενεχθῶσιν.

2215 5393 2369 5459 Ἔχει
2394 5390 2449 5441 δὲ
2479 5388 2649 5451 οὑτως
2677 5406 2689 5419 ⁸

2287 5484 2394 5536 lH'.
2440 5481 2820 5549 Ἐτελεύτησεν
2850 5480 3075 5546 ἁδελφὸς
3108 5478 3247 5529 κατά
3283 5477 3459 5545 σάρκα
3482 5477 3557 5545 τῷ
3586 5475 3791 5542 Ἀϐρα-

2221 5576 2325 5645 μίῳ
2347 5592 2359 5606 ·
2389 5574 2707 5643 ἐτελεύτησε
2748 5573 2800 5625 δὲ
2827 5575 2917 5624 ὲπι
2950 5571 3181 5641 Θυγατρῖ
3215 5572 3305 5622 καὶ
3341 5572 3371 5639 ἡ
3404 5573 3523 5629 παῖς
3560 5567 3797 5637 κομιδὴν
