3972 6430
516 352 585 415 61
1795 359 2083 421 ΜΕΝὸῐὸ
2124 362 2481 424 MARTIUS
3720 380 3794 442 63

512 482 851 538 corporeque
902 467 1106 538 polluta
1160 480 1214 524 et
1272 471 1499 526 animo?
1529 470 1628 527 llei
1678 474 1832 541 mihi,
1869 476 1997 545 quid
2032 479 2090 531 de

2198 479 2417 550 ψυχήν;
2460 479 2642 550 Οτμοι,
2670 481 2751 543 τίς
2803 482 3082 554 γένωμαις
3112 490 3203 541 ποῖ
3253 492 3588 562 τράπωμαι;
3646 498 3794 550 ίνατί

514 575 602 615 me
637 558 767 614 ﬂet?
791 560 910 625 Quo
937 577 1023 615 me
1044 572 1251 615 venam
1274 562 1297 614 ἲ
1318 562 1427 615 Cur
1450 578 1569 616 sum
1590 564 1765 620 adhuc
1780 568 2095 635 superstes?

516 653 723 707 utinam
760 667 905 706 mors
933 655 998 705 ad
1023 669 1107 707 me
1135 655 1371 710 venisset
1392 668 1517 714 ante
1541 656 1839 713 libidinem.
1877 658 2093 715 Utinam

511 748 668 817 prius
729 754 878 815 rapta
912 746 1137 803 fuissem
1193 763 1259 801 ex
1296 764 1544 818 corpore,
1587 762 1644 804 ut
1673 753 1863 807 mortis
1892 754 2093 809 donum

512 837 768 893 haberem
806 838 1102 908 puritatem
1145 842 1412 908 corporis.
1444 840 1599 897 Nunc
1641 854 1822 899 autem
1870 847 2093 915 quinam

511 929 691 985 fontes
758 930 1123 1002 lacrymarum
1191 932 1320 985 mihi
1381 944 1638 1001 poterunt
1692 946 1869 991 tantas
1901 940 2093 993 sordes

508 1023 734 1078 abluere
758 1023 932 1077 lEam
965 1025 1044 1079 sic
1099 1025 1297 1079 acerbe
1326 1025 1633 1090 deﬂentem.
1664 1044 1761 1097 per
1795 1046 1920 1084 eum
1947 1033 2094 1087 dolo-

511 1127 625 1166 rem
673 1116 944 1185 malignus
990 1117 1185 1187 arripit
1230 1120 1296 1171 ad
1330 1122 1789 1190 desperationem,
1819 1125 1981 1177 veluti
2021 1126 2091 1180 tl-

508 1220 688 1267 mens,
720 1217 777 1259 ut
810 1202 1070 1272 arbitror,
1112 1224 1178 1261 ne
1215 1224 1311 1278 per
1340 1212 1715 1280 paenitentiam
1738 1213 1889 1268 fieret
1913 1230 2095 1283 prom-

508 1300 672 1368 ptiori
729 1309 779 1357 et
812 1299 1069 1355 alacriori
1118 1304 1324 1366 animo,
1354 1312 1409 1357 et
1445 1305 1605 1374 longe
1634 1306 1808 1375 magis
1837 1317 1892 1361 et
1926 1308 2092 1363 vehe-

508 1393 751 1448 mentius
809 1394 1102 1459 reluceret,
1166 1411 1329 1463 quam
1378 1398 1551 1464 prius.
1608 1396 1911 1468 Desperans
1964 1415 2093 1470 ergo

507 1499 663 1540 suam
691 1486 946 1549 salutem,
976 1488 1184 1555 aufugit
1216 1488 1268 1541 in
1289 1489 1567 1544 civitatem
1602 1492 1893 1560 quamdam
1921 1494 2091 1548 Asum

509 1576 748 1641 nomine,
776 1593 895 1645 quae
922 1580 1111 1632 aberat
1152 1581 1385 1635 duorum
1420 1583 1632 1636 dierum
1663 1584 1887 1638 itinere:
1922 1594 1976 1638 et
2012 1586 2093 1640 di-

508 1682 735 1723 versans
777 1670 828 1722 in
855 1672 1090 1736 quodam
1128 1672 1453 1735 diversorio,
1483 1688 1603 1727 cum
1638 1684 1907 1730 mutasset
1933 1677 2092 1733 habi-

510 1768 645 1825 tum,
680 1769 734 1815 et
785 1772 990 1817 vestem
1026 1763 1346 1831 sumpsisset
1403 1765 1743 1831 saecularem,
1772 1778 1889 1821 erat
1918 1770 2091 1825 cuivis

508 1854 711 1908 volenti
744 1858 992 1924 prompta
1019 1856 1265 1910 ministra
1300 1859 1512 1911 acerba:
1538 1858 1854 1928 voluptatis.

580 1942 699 2001 XX.
728 1946 863 2000 Cum
895 1946 984 2001 illa
1014 1962 1144 2015 ergo
1175 1947 1256 2001 sic
1285 1962 1343 2001 se
1367 1950 1611 2013 haberet,
1660 1952 1761 2003 etsi
1802 1960 1945 2006 esset
1969 1966 2092 2019 pro-

509 2038 683 2106 posita
736 2039 803 2091 ad
834 2038 1069 2091 lascivos
1100 2038 1404 2092 illiciendos
1442 2038 1653 2105 oculos,
1686 2041 1946 2097 Abramio
1968 2044 2093 2112 qui-

508 2128 723 2183 escent't
748 2130 802 2181 in
832 2128 1095 2183 interiore
1117 2129 1251 2184 cella
1285 2131 1505 2187 exsistit
1526 2131 1629 2185 tale
1658 2134 1931 2188 somnium
1962 2152 1975 2188 :
2001 2133 2091 2191 Vi-

512 2219 744 2275 debatur
764 2221 812 2274 ei
837 2221 1003 2276 draco
1056 2222 1291 2290 ingentis
1341 2226 1753 2294 magnitudinis,
1785 2238 1839 2281 et
1869 2239 2089 2297 aspectu

509 2310 806 2375 horribilis,
843 2325 872 2363 a
905 2328 999 2365 sua
1026 2328 1256 2367 caverna
1294 2316 1648 2385 prorepsisse,
1678 2327 1731 2372 et
1770 2320 1995 2373 veniens
2026 2321 2091 2373 ad

511 2403 633 2473 ejus
658 2405 1067 2471 domunculam,
1094 2420 1217 2473 qua:
1246 2407 1392 2460 intus
1420 2416 1561 2469 erat,
1582 2409 1893 2462 columbam
1928 2411 2091 2464 devo-

510 2510 664 2550 rasse
697 2513 712 2549 :
750 2497 946 2550 deinde
992 2514 1183 2551 rursus
1211 2509 1364 2551 suam
1420 2500 1707 2570 repetiisse
1754 2500 2088 2569 Speluncam.

511 2587 607 2643 ille
655 2602 787 2658 ergo
844 2587 1120 2643 excitatus
1153 2605 1263 2659 prae
1297 2590 1514 2656 timore,
1553 2590 1696 2647 tristi
1730 2592 1914 2647 animo
1954 2602 2090 2658 erat,

508 2690 569 2735 et
594 2682 919 2739 conturbato
954 2700 967 2736 :
1000 2694 1054 2736 et
1098 2685 1382 2751 snSpicans
1413 2684 1559 2737 illam
1596 2685 1858 2760 visionem
1888 2684 2096 2751 signiti-

510 2784 640 2829 care
697 2777 1135 2843 persecutionem
1193 2776 1431 2844 aliquam
1462 2776 1725 2830 adversus
1769 2776 2089 2841 Ecclesium,

511 2866 579 2920 de
607 2878 808 2920 caetero
851 2877 973 2920 erat
1031 2870 1407 2923 vehementius
1450 2868 1695 2923 intentus
1725 2865 1980 2939 orationi,
2007 2887 2094 2928 ro-

509 2972 647 3027 gans
697 2969 755 3013 ut
786 2958 835 3015 ei
875 2968 1061 3028 aperte
1087 2962 1423 3016 revelaretur
1442 2963 1599 3018 visio.
1621 2960 1737 3018 Non
1768 2966 1857 3018 diu
1907 2976 2089 3019 autem

511 3046 750 3106 tardavit
773 3064 1002 3108 eventus
1039 3072 1052 3109 :
1087 3057 1180 3109 sed
1226 3058 1389 3112 tertio
1433 3057 1520 3112 die
1582 3066 1770 3127 postea
1811 3059 2095 3111 videbatur

2200 574 2279 627 ἔτι
2302 574 2581 644 περίειμι;
2609 575 2801 643 ὄφελον
2827 576 3033 646 ἐπῆλθέ
3068 596 3157 647 μοι
3206 582 3308 651 πρὸ
3343 585 3441 654 τῆς
3486 588 3796 655 ἐπιθυμίας

2197 668 2225 719 ὁ
2264 668 2526 731 θάνατοςί
2560 668 2753 736 ὄφελον
2805 673 3277 745 προανηρπὰσθην
3337 676 3427 728 τοῦ
3461 680 3789 747 πτώματος,

2200 759 2288 811 ἵνα
2320 759 2420 813 κᾶν
2448 760 2676 814 θανάτου
2732 762 2904 831 δῶρον
2954 759 3122 833 εἶχον,
3164 767 3264 833 τὴν
3294 769 3517 834 ἁγνείαν
3554 772 3647 823 τοὺ
3677 774 3792 823 σω·

2201 854 2403 923 ματοςί
2440 852 2554 906 Νῦν
2584 853 2639 907 δὲ
2672 857 2821 907 ποῖαί
2874 874 2964 926 μοι
3013 860 3191 926 πηγαὶ
3240 859 3494 930 δακρύων
3530 864 3793 917 τοσοῦτον

2196 945 2506 998 ἀποπλῦναι
2561 946 2735 1015 ῥύπον
2776 948 3138 1017 δυνήσονταις
3195 951 3387 1003 Ταῦτα
3432 954 3526 1005 καὶ
3556 956 3790 1008 τοιαῦτα

2198 1041 2410 1110 πικρῶς
2446 1041 2859 1112 ἀποδυρομένην
2894 1045 3241 1113 προαρπάζει
3285 1045 3500 1099 oti-1:05
3536 1049 3791 1102 τοιούτου

2197 1133 2407 1195 πάθους
2465 1134 2636 1204 αὑτὴν
2688 1136 2715 1186 ὁ
2745 1137 2977 1205 πονηρὸς
3014 1139 3093 1197 είς
3131 1138 3472 1204 ἀπόγνωσιν,
3528 1143 3793 1212 καθάπερ

2196 1224 2351 1295 οἶμαι
2372 1229 2627 1290 δεδοικὼς
2659 1228 2733 1299 μὴ
2766 1232 3098 1299 σφοδροτέρᾳ
3125 1233 3398 1301 χρήσηται
3438 1233 3527 1285 διὰ
3558 1236 3654 1302 τῆς
3687 1252 3793 1303 μι-

2196 1319 2414 1382 τανοίας
2448 1324 2513 1388 τῇ
2552 1322 2832 1392 προθυμίᾳ
2872 1326 2965 1375 καὶ
3018 1326 3201 1391 μεῖζον
3236 1324 3425 1395 λάμψη
3456 1326 3547 1378 τοῦ
3582 1328 3791 1396 προτέ-

2198 1428 2295 1481 ρου
2331 1413 2481 1481 παρᾶ
2514 1414 2647 1465 πολὺ
2688 1416 2782 1466 καὶ
2821 1416 3207 1485 σφοδρότερον’
3241 1418 3556 1483 ἀπογνοῦσα
3602 1418 3795 1471 τοίνυν

2193 1504 2299 1574 τὴν
2329 1504 2533 1573 ἑαυτῆς
2569 1504 2867 1574 σωτηρίαν,
2894 1508 2973 1567 είς
3030 1506 3185 1558 ’Λσόν
3239 1523 3361 1558 τινα
3406 1507 3562 1559 πόλιν
3592 1508 3790 1560 ἀποδι-

2193 1597 2443 1667 δράσκει,
2492 1599 2639 1649 δυεῖν
2676 1598 2794 1650 όδὸν
2853 1599 3079 1668 ἡμερῶν
3132 1599 3453 1667 ἀπέχουσαν
3480 1616 3492 1630 ⁸
3522 1602 3617 1652 καὶ
3644 1601 3793 1669 πρός

2194 1707 2303 1742 τινι
2341 1690 2697 1744 καταλύσασα
2722 1691 3025 1761 πανδοκείῳ
3052 1693 3112 1743 τὸ
3135 1692 3323 1760 σχῆμα
3355 1710 3413 1743 τε
3442 1693 3796 1762 διαμείψασα

2195 1784 2291 1835 καὶ
2324 1785 2596 1854 κοσμικὴν
2655 1784 2862 1852 ἐσθῆτα
2917 1783 3326 1851 μεταϐαλοῦσα,
3385 1784 3678 1855 πρόχειρος
3719 1780 3798 1856 ἦν

2194 1873 2274 1943 τῷ
2309 1874 2618 1943 βουλομένῳ
2646 1878 2833 1937 παντὶ,
2868 1876 3074 1944 πικρᾶς
3108 1875 3303 1944 ἡδονῆς
3330 1876 3623 1944 ὑπηρέτις.

2268 1966 2354 2017 K'.
2386 1964 2576 2037 Ταύτῃ
2618 1966 2799 2020 τοίνυν
2848 1967 3069 2035 ἐκείνης
3104 1965 3338 2035 ἐχούσης
3373 1970 3469 2019 καὶ
3502 1966 3789 2036 θήρατρον

2196 2055 2339 2109 οὑτω
2368 2056 2569 2127 λίχνοις
2613 2058 2911 2127 ὀφθαλμοῖς
2947 2057 3345 2127 προκειμένης,
3406 2058 3619 2126 γίνεται
3647 2059 3792 2129 δναρ

2194 2150 2275 2210 εἰς
2327 2149 2419 2201 τὸν
2482 2149 2746 2219 ἐνδοτέρω
2808 2148 3052 2201 οἰκίσκον
3104 2148 3439 2219 ἡσυχάζοντι.
3491 2148 3789 2219 Ἀϐραμίῳ

2193 2239 2473 2292 τοιοῦτον·
2537 2241 2712 2292 ἐδόκει
2769 2240 2985 2308 δράκων
3018 2246 3167 2313 αὑτῷ
3236 2250 3460 2313 μεγέθει
3521 2250 3791 2317 μέγιστος

2198 2330 2291 2383 καὶ
2318 2330 2489 2382 δεινὸν
2522 2331 2844 2385 ὑποϐλέπων
2882 2334 2993 2385 τῶν
3036 2337 3253 2388 οἰκείων
3284 2339 3508 2406 φωλεῶν
3538 2342 3789 2412 ἀνερπύ-

2198 2437 2295 2484 σας
2330 2421 2424 2474 καὶ
2452 2422 2604 2493 παρὰ
2636 2424 2726 2474 τὸν
2757 2422 2924 2476 αὑτοῦ
2956 2423 3200 2477 οἰκίσκον
3225 2425 3399 2477 ἐλθὼν
3444 2431 3790 2498 περιστερὰν

2196 2512 2344 2567 ἔνδον
2378 2510 2546 2567 οὖσαν
2597 2520 2889 2568 καταπιεῖν
2912 2532 2923 2545 ’
2977 2512 3096 2568 εἶτα
3128 2518 3263 2587 πρὸς
3295 2521 3580 2589 χηραμοὺς
3621 2516 3790 2583 αὖθις

2193 2609 2323 2667 τοὺς
2348 2607 2545 2659 ἑαυτοῦ
2578 2608 2878 2661 καταδῦναι
2901 2626 2915 2640 ο
2951 2610 3291 2674 διυπνισθεὶς
3316 2607 3408 2665 οὑν
3442 2614 3647 2676 ἐκεῖνος
3676 2613 3789 2666 ὑπὸ

2198 2693 2292 2746 τοῦ
2348 2696 2661 2764 δείγματος,
2704 2698 2912 2765 ἄθυμος
2946 2696 3013 2768 ἧν
3076 2706 3167 2752 καὶ
3200 2705 3633 2772 τεταραγμένος,
3686 2706 3790 2757 καὶ

2197 2785 2295 2857 τὴν
2322 2788 2446 2857 δψιν
2476 2789 2715 2859 διωγμόν
2741 2807 2862 2843 τινα
2924 2796 3323 2862 προσημαίνειν
3360 2797 3498 2848 κατὰ
3519 2798 3615 2865 τῆς
3661 2797 3792 2850 Ἐκ-

2198 2877 2426 2947 κλησίας
2478 2878 2788 2945 ὑπολαϐὼν,
2820 2881 2954 2950 εὐχῇ
3004 2882 3098 2933 τοῦ
3156 2882 3348 2935 λοιποῦ
3402 2886 3789 2955 συντονωτέρᾳ

2197 2972 2540 3040 προσέκειτο,
2568 2974 2979 3044 ἑκκαλυφθῆναι
3031 2976 3218 3043 σαφῶς
3253 2976 3509 3043 δεόμενος
3534 2976 3682 3047 αὑτῷ
3715 2979 3789 3030 τὰ

2195 3062 2296 3132 τῆς
2314 3063 2487 3133 ὄψεως
2510 3080 2525 3093 ⁸
2552 3068 2696 3136 καὶὴ
2725 3068 2947 3131 ἔκϐασις
2978 3069 3076 3121 οὑκ
3109 3069 3399 3138 ἐϐράδυνεν
3422 3084 3434 3097 ·
3478 3070 3613 3123 ἀλλὰ
3641 3074 3790 3138 μετὰ

510 3158 700 3197 rursus
738 3145 923 3197 videre
954 3145 1100 3196 illum
1127 3148 1420 3199 draconem
1446 3149 1737 3201 emersisse
1766 3162 1829 3200 ex
1856 3162 1922 3200 eo
1950 3146 2089 3210 loco,

2195 3160 2384 3229 τρίτην
2432 3160 2491 3227 ἐξ
2538 3162 2745 3214 ἐκείνου
2805 3163 3022 3233 ἡμέραν
3072 3164 3247 3216 ἐδόκει
3305 3164 3576 3233 δράκοντα
3617 3164 3790 3216 πάλιν

510 3245 673 3300 quem
738 3231 981 3284 subierat
1022 3242 1122 3285 :et
1173 3249 1293 3287 cum
1345 3236 1411 3288 ad
1459 3250 1581 3288 eum
1633 3238 2093 3307 prorepsissel,et

509 3324 627 3393 ejus
658 3326 884 3393 pedibus
906 3336 1068 3395 caput
1100 3329 1467 3393 submisisset,
1504 3330 1652 3383 illum
1681 3333 1902 3401 quidem
1926 3332 2095 3401 proti-

509 3430 611 3469 nus
630 3431 749 3470 esse
777 3418 1083 3484 disruptum
1112 3436 1125 3472 :
1161 3418 1466 3473 columbam
1503 3432 1704 3485 autent,
1735 3439 1898 3493 quam
1922 3423 2092 3477 fuisse

507 3505 652 3559 abeo
682 3506 993 3561 devoratam
1017 3512 1328 3574 praecedens
1347 3511 1663 3564 ostenderat
1688 3515 1982 3572 somnium.
2012 3524 2092 3566 to-

508 3598 617 3653 iam
652 3612 842 3664 puram
897 3607 952 3650 et
999 3598 1400 3654 immaculatam
1458 3615 1489 3655 e
1525 3602 1702 3656 medio
1747 3603 1862 3670 ejus
1903 3615 2091 3658 ventre

507 3686 774 3741 evolasse.
798 3686 1056 3743 Hmcwm
1087 3690 1328 3758 vidisset,
1355 3694 1796 3749 etexistimasset
1825 3697 2085 3750 visionem

507 3778 821 3849 slgnilicare
846 3782 1081 3848 aliquem
1124 3782 1333 3849 lapsum
1377 3784 1571 3836 anima:
1611 3785 1733 3837 lilia:
1770 3786 1951 3839 fratris
1980 3788 2086 3851 sui,

506 3872 946 3931 conturbatus.et
974 3873 1142 3926 animi
1169 3874 1487 3942 aegritudine
1509 3875 1736 3929 allectus
1755 3878 2091 3945 prospiciens

507 3975 537 4014 e
568 3960 804 4017 fenestra
834 3980 849 4017 :
885 3960 1079 4030 Maria,
1134 3965 1300 4020 Maria
1342 3982 1486 4033 mea,
1536 3969 1730 4038 inquit,
1769 3972 1895 4039 quid
1923 3977 2026 4033 est,
2058 3983 2091 4024 ο

508 4052 642 4119 lilia,
675 4058 816 4122 quod
876 4058 970 4112 tibi
1027 4067 1233 4111 tantam
1287 4060 1473 4113 attulit
1498 4063 1826 4127 socordiam,
1860 4074 1918 4116 ut
1950 4073 2091 4118 totos

508 4146 609 4199 bos
649 4148 783 4202 duos
814 4148 929 4202 dies
955 4164 1059 4203 non
1090 4149 1322 4205 moveris
1347 4165 1407 4205 os
1432 4152 1497 4205 ad
1538 4150 1745 4216 laudes,
1774 4170 1878 4207 rion
1917 4156 2092 4209 reddi-

507 4234 654 4290 deris
680 4250 969 4293 consuetas
1011 4238 1459 4310 gloriﬁcationes,
1500 4258 1605 4296 non
1645 4244 1862 4311 petieris
1891 4245 2092 4301 doctri-

506 4342 657 4391 nam,
689 4344 796 4381 non
828 4329 1173 4399 eloquiorum
1205 4331 1417 4385 illorum
1442 4334 1797 4390 auditionem.
1820 4351 1939 4405 quae
1975 4337 2089 4391 fue-

506 4426 638 4469 runt
664 4417 823 4471 melle
856 4428 912 4471 et
944 4419 1066 4471 favo
1093 4420 1173 4472 ori
1206 4429 1298 4474 tuo
1325 4422 1609 4477 dulciora?

503 4510 857 4567 διδασκαλίαν
886 4516 1129 4587 αἰτῆσαι,
1181 4516 1257 4588 μὴ
1302 4516 1501 4587 λογίων
1534 4521 1764 4579 ἐκείνων
1796 4529 2086 4601 ἀκρόασιν,

506 4622 601 4661 σου
636 4607 963 4662 καθίσταντο
986 4628 1001 4675 ;

2196 3254 2403 3304 ἐκεῖνον
2459 3255 2613 3323 ὁρᾷν,
2675 3254 2882 3305 ἐκεῖθεν
2924 3256 3058 3306 ὅπου
3111 3256 3307 3305 κατέδυ
3348 3256 3615 3324 πρότερον
3650 3256 3791 3306 ἁνα-

2193 3344 2361 3398 δύντα
2397 3347 2489 3397 καὶ
2527 3345 2842 3413 παράὑτὸν
2874 3344 3189 3413 ἑρπύσαντα
3222 3350 3333 3406 τοῖς
3373 3344 3539 3397 αὑτοῦ
3570 3362 3629 3396 τε
3652 3348 3789 3396 ποσὶ

2195 3432 2438 3504 κεφαλὴν
2491 3433 2821 3503 ὑποσχόντα,
2853 3434 2944 3484 τὸν
3003 3433 3102 3502 μὲν
3136 3434 3340 3486 αὐτίκα
3376 3436 3522 3502 μάλα
3554 3436 3789 3506 διαρρα-

2195 3525 2380 3591 γῆναι,
2416 3523 2511 3593 τὴν
2562 3523 2618 3576 δὲ
2679 3524 3033 3595 περιστερὰν,
3092 3524 3158 3594 ἢν
3211 3528 3507 3577 καταπιεῖν
3555 3528 3720 3577 αὑτὺν
3755 3529 3788 3579 ὁ

2194 3617 2483 3685 προλαϐὼν
2547 3618 2826 3680 ὑπέδειξεν
2884 3619 3112 3687 ὄνειρος,
3176 3620 3423 3689 ἂρρυπον
3501 3620 3630 3689 ὅλην
3682 3621 3786 3671 καὶ⁴

2192 3708 2441 3775 καθαρὰν
2488 3711 2551 3759 ὲκ
2607 3710 2779 3775 μέσης
2816 3710 2979 3761 αὑτοῦ
3029 3711 3127 3778 τῆς
3160 3713 3401 3779 γαστρὸς
3428 3711 3736 3775 ἀναπτῆναι
3763 3728 3779 3745 ο

2190 3800 2366 3853 ταῦτα
2403 3798 2524 3852 ἰδὼν
2551 3800 2642 3850 καί
2674 3816 2792 3851 τινα
2826 3800 3021 3867 κρίνας
3054 3804 3150 3866 τῆς
3178 3802 3403 3867 ἀνεψιᾶς
3432 3800 3642 3850 ὄλισθον
3676 3801 3787 3870 ψυ-

2191 3893 2292 3961 χῆς
2315 3894 2639 3961 ὑποφαίνειν
2669 3894 2767 3965 τὴν
2822 3893 2975 3955 θέαν,
3024 3892 3255 3961 θορύϐου
3288 3908 3343 3943 τε
3389 3892 3482 3944 καὶ
3540 3892 3784 3964 ἀθυμίας

2193 3984 2395 4046 εὐθέως
2428 3987 2799 4055 ὑποπλησθεὶς
2840 3986 2935 4039 καὶ
2960 3983 3133 4048 οὕτως
3161 3985 3235 4048 ὡς
3272 3981 3385 4055 εἶχε
3422 3988 3780 4055 τεταραγμέ-

2193 4090 2298 4136 νως
2348 4075 2445 4142 τῆς
2495 4073 2710 4141 θυρίδος
2773 4076 3062 4146 προκύψας
3162 4076 3347 4145 Μαρία
3403 4094 3525 4146 μου,
3585 4076 3783 4144 Μαρία

2196 4180 2322 4234 μου,
2366 4166 2520 4237 φησὶ,
2548 4169 2599 4221 τί
2630 4185 2730 4233 σοι,
2759 4166 2804 4224 ὦ
2838 4170 3047 4237 τέκνον,
3108 4173 3223 4224 ἐστὶ
3255 4175 3313 4224 τὸ
3346 4170 3620 4241 ρᾳθυμίαν
3669 4172 3781 4240 ἑμ-

2193 4258 2431 4327 ποιῆσαν
2464 4261 2846 4331 τοσαύτην,ὼς
2883 4265 3011 4333 παρ’
3044 4264 3173 4324 ὅλας
3196 4263 3290 4315 δύο
3319 4262 3519 4322 ταύτας
3557 4261 3779 4331 ἡμέρας

2194 4353 2270 4422 μὴ
2309 4354 2483 4418 στόμα
2518 4355 2735 4422 κινῆσαι
2780 4355 2917 4424 πρὸς
2966 4355 3198 4419 αἴνεσιν,
3261 4354 3335 4426 μὴ
3385 4356 3483 4417 τὰς
3522 4356 3783 4425 συνήθεις

2192 4442 2485 4496 ἀποδοῦναι
2511 4444 2843 4513 δοξολογίας,
2877 4447 2951 4517 μὴ
2978 4446 3302 4519 προσελθεῖν
3342 4450 3408 4520 τῇ
3443 4446 3642 4518 θυρίδι,
3697 4446 3781 4517 μὴ

2126 4536 2162 4592 ἃ
2192 4540 2285 4593 καὶ
2350 4540 2661 4615 γλυκύτερα
2727 4546 2867 4616 ὑπὲρ
2895 4545 3021 4617 μέλι
3070 4547 3164 4601 καὶ
3197 4546 3389 4616 κηρίον
3431 4544 3508 4614 τῷ
3545 4544 3782 4613 στόματί

579 4698 723 4755 XXI.
749 4702 886 4755 Cum
922 4704 1035 4757 hinc
1089 4705 1319 4763 dixisset
1362 4709 1551 4767 fratris
1586 4713 1727 4782 filiae,
1767 4728 1819 4771 et
1852 4718 1986 4773 nihil
2018 4723 2086 4780 ab

2264 4728 2394 4781 ΚΜ.
2429 4726 2615 4780 Ταῦτα
2665 4726 2803 4797 πρὸς
2865 4728 2963 4797 τὴν
3019 4725 3247 4795 ἀνεψιὰν
3286 4725 3447 4795 δῆθεν
3476 4728 3645 4779 εἰπὼν
3676 4730 3780 4782 καὶ

504 4804 569 4845 ea
600 4792 899 4849 audivisset
931 4797 1224 4867 (quomodo
1261 4803 1429 4868 enim,
1457 4819 1580 4859 cum
1626 4807 1715 4861 illa
1759 4809 1812 4864 ln
1845 4813 2090 4869 diverso-

508 4880 592 4938 rio
647 4895 962 4940 versaretur
1018 4890 1069 4942 in
1126 4894 1405 4949 amoribus
1455 4903 1509 4949 et
1539 4903 2086 4978 comessationibus?)

505 4984 695 5045 aperte
723 4983 979 5046 cognovit
1002 4980 1267 5037 visionem
1297 4987 1362 5039 de
1394 5003 1456 5040 ea
1492 4990 1804 5059 signiﬁcare
1839 5014 1851 5051 :
1881 5010 1933 5051 et
1966 5014 2091 5069 pro-

505 5066 653 5123 tinus
700 5071 1027 5140 gravissimo
1085 5076 1273 5132 dolore
1328 5078 1576 5146 allectus,
1622 5094 1678 5141 et
1706 5086 1757 5138 in
1791 5066 2090 5147 visceribus

504 5172 666 5228 supra
731 5164 951 5217 modum
995 5168 1293 5235 cruciatus,
1346 5171 1581 5239 suspirio
1629 5178 1795 5231 veluti
1844 5183 2078 5247 quodam

507 5248 655 5308 fumo
678 5267 741 5307 es
807 5254 1020 5311 interna
1049 5257 1268 5315 ﬂamma
1299 5266 1520 5329 emisso,
1554 5266 1717 5322 Deum
1746 5273 1997 5341 rogabat,
2024 5286 2083 5330 ut

507 5357 570 5397 ca
623 5346 977 5414 resipisceret
997 5364 1055 5406 et
1076 5367 1411 5424 exsurgeret,
1444 5366 1499 5411 et
1519 5361 1720 5415 rediret
1751 5364 1817 5414 ad
1842 5365 2076 5432 priorem

503 5435 687 5501 proba:
717 5437 837 5491 vita:
861 5438 1276 5502 institutionem.
1316 5445 1450 5503 Nam
1490 5452 1592 5505 etsi
1628 5461 1757 5509 tunc
1783 5455 2084 5525 ignorabat,

504 5531 777 5610 quomodo
806 5533 1186 5603 abscessisset,
1211 5549 1265 5592 et
1298 5540 1497 5610 locum,
1531 5542 1583 5597 in
1621 5562 1728 5615 quo
1756 5548 1923 5603 Maria
1968 5568 2089 5607 vcr—

504 5623 938 5693 sabaturzquod
998 5637 1178 5685 tamen
1234 5629 1465 5690 latenter
1514 5640 1856 5704 recessisset.
1887 5654 1938 5697 et
1965 5659 2089 5712 pro-

503 5718 624 5781 pter
646 5715 908 5773 visionem
942 5718 1110 5787 illam,
1156 5740 1277 5794 quas
1330 5740 1687 5797 apparuerat,
1727 5748 1833 5787 non
1893 5735 2083 5791 bonam

501 5820 653 5881 spem
682 5810 747 5867 de
776 5826 839 5867 ca
881 5826 1225 5883 conceperat.
1258 5818 1401 5877 Duos
1458 5821 1643 5892 itaque
1688 5840 1856 5882 annos
1918 5827 2081 5884 Deum

2191 4818 2361 4889 μηδὲν
2421 4818 2554 4891 παρ’
2608 4819 2781 4890 αὑτῆς
2815 4820 3055 4881 ἀκούσας
3109 4818 3127 4889 (
3154 4818 3264 4882 πῶς
3295 4821 3437 4890 γὰρ;
3468 4820 3682 4889 ἐκείνης
3713 4821 3776 4872 ὲν

2188 4909 2267 4980 τῷ
2300 4912 2601 4981 πανδοκείῳ
2630 4911 2762 4980 περὶ
2794 4911 3005 4979 ἔρωτας
3032 4912 3124 4963 καὶ
3159 4910 3377 4981 κώμους
3419 4908 3775 4980 ἀσχαλουμέ-

2190 5002 2332 5075 νης),
2384 5004 2525 5072 ἔγνω
2564 5003 2774 5070 σαφῶς,
2800 5002 2899 5070 τὴν
2930 5003 3053 5072 δψιν
3083 5004 3214 5074 περὶ
3250 5004 3419 5074 αὑτῆς
3454 5003 3780 5056 ὑπαινίττε-

2190 5094 2314 5147 σθαι
2365 5096 2463 5147 καὶ
2527 5094 2900 5164 ὀδυνηρότατα
2960 5096 3304 5165 παραχρῆμα
3367 5093 3637 5155 διατεθεὶς
3700 5096 3777 5149 τὰ

2192 5186 2478 5255 σπλάγχνα
2542 5203 2600 5238 τε
2652 5186 3041 5257 ὑπεραλγήσας
3099 5190 3195 5243 καὶ
3246 5189 3570 5257 στεναγμὸν,
3603 5189 3776 5240 οἱονεί

2186 5294 2308 5334 τινα
2340 5280 2548 5333 καπνὸν
2582 5280 2679 5348 τῆς
2719 5279 2931 5333 ἔνδοθεν
2964 5280 3181 5349 φλογὸς,
3214 5282 3567 5350 ἀναπέμψας,
3598 5281 3776 5334 ἐδεῖτο

2184 5373 2278 5426 τοῦ
2312 5372 2447 5426 Θεοῦ
2482 5373 2541 5425 τὸ
2591 5373 2799 5439 λοιπὸν,
2839 5374 2978 5427 ὥστε
3041 5375 3314 5443 ἀνανῆψαι
3350 5375 3510 5427 πάλιν
3569 5374 3771 5442 αὑτὴν,

2182 5464 2280 5516 καὶ
2301 5463 2677 5532 διαναστῆναι,
2707 5467 2802 5517 καὶ
2855 5466 2934 5529 εἰς
2986 5465 3084 5537 τὴν
3121 5465 3393 5537 προτέραν
3446 5466 3774 5520 ἐπανελθεῖν

2184 5554 2540 5624 εὐδοκίμησιν
2562 5571 2574 5583 ·
2606 5558 2656 5607 si
2683 5560 2791 5625 γὰρ
2822 5559 2913 5609 καὶ
2963 5559 3053 5609 τὸν
3082 5559 3281 5627 τρόπον
3315 5560 3453 5617 τέως
3497 5562 3597 5628 τῆς
3627 5557 3773 5608 ἀκο-

2183 5646 2383 5715 δημίας
2410 5646 2619 5716 ἠγνόει,
2644 5652 2738 5700 καί
2764 5650 2853 5701 τὸν
2884 5649 3072 5715 τόπον,
3100 5652 3155 5702 ὲν
3176 5645 3218 5717 ᾧ
3244 5652 3545 5719 τηνικαῦτα
3574 5650 3773 5719 Μαρία

2182 5740 2477 5809 διέτριϐεν.
2512 5742 2647 5793 ἀλλὰ
2675 5742 2735 5793 τὸ
2781 5742 3007 5813 λεληθὸς
3041 5746 3137 5813 τῆς
3171 5745 3577 5816 ὑποχωρήσεως
3608 5748 3705 5803 καὶ
3736 5751 3772 5817 ἡ

2185 5834 2418 5898 φανεῖσα
2438 5830 2558 5901 bula;
2588 5832 2774 5903 ἐκείνη
2800 5835 2897 5885 οὑκ
2928 5834 3138 5903 ἀγαθὰς
3174 5839 3436 5907 παρεῖχεν
3458 5838 3607 5909 αὐτῷ
3639 5842 3773 5908 περὶ
