3972 6430
514 345 581 410 71
1804 348 2097 410 MENSIS
2133 348 2506 411 MARTIUS.
3728 356 3805 421 72

515 464 699 521 educit
755 463 1011 533 pttellam,
1051 477 1170 532 qua:
1212 463 1370 517 valde
1406 471 1525 517 erat
1554 462 1809 529 delicata,
1842 465 2020 520 mollis
2049 474 2102 520 et

2212 467 2497 536 τοιγαροῦν
2528 466 2586 518 τὸ
2609 466 2825 519 δεῖπνον
2846 467 2874 519 6
2901 467 3199 536 πανδοκεὺς
3231 466 3581 537 εὐτρεπίσας.
3607 472 3801 541 ἐξάγει

515 560 798 619 dissoluta.
836 556 1013 623 Quam
1048 573 1169 611 cum
1224 558 1449 611 vidisset
1475 559 1553 613 sic
1596 560 1901 615 meretricie
1932 573 2101 613 orna-

517 661 624 707 tam
676 653 989 712 Abramius.
1020 650 1185 704 corde
1212 651 1389 702 medio
1433 652 1710 705 sauciatur
1738 667 1752 705 :
1782 660 1837 706 et
1865 653 2100 706 conaba-

520 752 607 798 tur
632 743 849 808 quidem
877 741 1137 793 cohibere
1166 738 1455 809 iacrymas,
1482 755 1548 793 ne
1574 751 1755 794 actum
1787 747 2097 809 prodentes,

517 833 749 903 puellam
799 832 1124 901 eﬂiigareut,
1172 845 1359 885 earum
1395 842 1573 885 tamen
1630 833 1855 887 minime
1882 843 2099 899 poterat

518 928 713 981 sistere
740 924 1058 989 finitionem,
1084 925 1260 977 victus
1288 939 1317 977 a
1350 924 1553 980 doloris
1580 929 1924 993 necessitate,
1958 928 2100 983 unde

517 1021 684 1074 etiam
748 1019 1000 1086 guttatim
1054 1016 1478 1087 iacrymabatur,
1519 1018 1571 1071 in
1628 1018 1851 1073 alteram
1892 1032 2097 1089 partem

518 1122 843 1164 convertens
871 1108 1092 1175 faciem,
1123 1121 1177 1162 et
1230 1126 1256 1161 a
1303 1112 1456 1178 genis
1490 1112 1755 1177 repellens
1810 1112 2096 1180 laerymas.

519 1202 595 1257 Ut
639 1212 813 1255 autem
874 1204 1033 1271 hujus
1066 1203 1139 1255 rei
1187 1217 1399 1255 omnem
1433 1202 1671 1255 auferret
1705 1203 2086 1273 suspicionem,

517 1296 799 1349 amatoriis
834 1297 973 1363 apud
1006 1310 1126 1347 eam
1160 1298 1339 1349 verbis
1398 1296 1670 1358 utebatur,
1719 1296 2100 1362 aunnebatque

514 1396 571 1441 et
600 1390 841 1442 suaviter
889 1388 1188 1451 arridebat,
1220 1398 1272 1440 et
1318 1387 1424 1440 alia
1478 1388 1660 1439 omnia
1692 1387 1947 1453 faciebat,
1978 1401 2098 1455 qua:

515 1488 738 1547 possunt
804 1492 1120 1546 provocare,
1154 1488 1209 1530 et
1255 1478 1321 1530 ad
1371 1490 1611 1531 amorem
1641 1479 1962 1532 acoendere.
2002 1478 2096 1531 Illa

514 1581 696 1623 autem
739 1570 977 1624 vicissim
998 1568 1257 1623 Abramio
1300 1568 1557 1622 oﬂ’erebat
1589 1569 1923 1629 osculnm,er
1950 1579 2098 1623 arcte

515 1660 710 1716 collum
745 1664 860 1729 ejus
890 1661 1335 1727 amplectebatur.
1400 1662 1619 1715 Interim
1650 1676 1778 1715 vero
1811 1677 1933 1714 cum
1973 1678 2096 1715 sen-

513 1754 616 1809 sim
647 1755 977 1808 redolentem
1006 1767 1283 1809 castorum
1315 1765 1367 1807 et
1390 1752 1767 1807 exercitationi
1790 1754 2094 1805 deditorum

2212 558 2311 627 τὴν
2340 559 2509 628 κόρην
2534 560 2618 611 ἐπ’
2652 559 2805 624 αὐτὸ,
2836 558 3154 630 θρυπτικῶς
3199 559 3258 614 εὖ
3304 563 3451 630 μάλα
3481 565 3575 619 καὶ
3607 565 3803 638 ἀερὼς

2210 665 2268 701 τε
2300 651 2393 701 καὶ
2420 650 2725 719 ἀνειμένως
2752 649 3008 718 ἔχουσαν,
3040 652 3107 721 ἣν
3144 650 3268 704 ἰδὼν
3291 652 3465 716 οὕτως
3500 656 3803 725 ἑταιρικῶς

2210 741 2675 811 διεσκευασμένην
2719 742 3041 812 Ἀσράμιος,
3072 745 3248 813 μέσην
3290 746 3658 814 τιτρώσκεται
3698 748 3802 819 τὴν

2209 834 2439 904 καρδίαν
2471 836 2564 887 καὶ
2603 837 2729 905 σιγῇ
2763 841 2865 901 μὲν
2900 838 3119 905 ἐπέχειν
3168 838 3429 907 ἐπειρᾶτο
3462 838 3532 891 τὰ
3557 838 3801 909 δάκρυα,

2213 927 2285 996 μὴ
2320 926 2705 994 φυγαδεύσωσι
2752 927 2852 997 τὴν
2886 929 3056 998 κόρην
3096 928 3157 980 τὸ
3208 928 3393 998 δρᾶμα
3431 929 3756 999 μηνύσαντα
3783 949 3800 962 ο

2210 1019 2278 1068 τα
2300 1018 2357 1069 δὲ
2391 1020 2539 1087 ὅμως
2584 1020 2783 1086 στῆσαι
2814 1020 2912 1089 τὴν
2944 1022 3077 1090 ῥοὴν
3104 1021 3206 1074 οὐκ
3252 1023 3481 1091 ἠδύνατο
3515 1025 3804 1093 νικώμινα

2213 1110 2274 1177 τῇ
2314 1106 2409 1159 τοῦ
2466 1106 2673 1168 πάθους
2702 1107 2939 1179 ἀνάγκῃ,
2995 1108 3119 1160 ὅθεν
3143 1110 3415 1179 ἐδάκρυεν
3449 1110 3710 1171 ἁστακτὶ,
3741 1110 3806 1162 τὸ

2211 1201 2501 1269 πρόσωπον
2551 1200 2645 1251 ἐπὶ
2680 1200 2886 1271 θάτερα
2934 1204 3185 1270 στρέφων
3219 1203 3314 1254 καὶ
3350 1203 3417 1254 τὰ
3448 1204 3661 1273 δάκρυα
3684 1203 3801 1255 τῶν

2207 1290 2452 1360 παρειῶν
2506 1292 2920 1363 ἀπωθούμενος.
2980 1293 3098 1347 ἰνα
3161 1294 3216 1346 δέ
3258 1294 3433 1365 κλέψῃ
3481 1298 3663 1349 πᾶσαν
3700 1296 3804 1349 ἐπὶ

2207 1382 2417 1433 τούτων
2449 1382 2733 1446 ὑπόνοιαν,
2770 1385 2865 1438 καὶ
2894 1388 3088 1452 λόγους
3116 1386 3252 1456 αὐτῇ
3286 1389 3566 1455 προσῆγεν
3601 1390 3807 1457 ἔρωτι-

2208 1473 2357 1534 χοῦς,
2395 1472 2611 1525 ἐνένευέ
2643 1492 2723 1539 τε,
2758 1479 2853 1528 καὶ
2880 1477 2979 1546 ἡδὺ
3010 1478 3341 1545 προσεγέλα,
3394 1484 3489 1533 καὶ
3541 1481 3662 1533 λίαν
3699 1484 3807 1535 ἐπο

2207 1563 2424 1629 αγωγὸν
2463 1563 2704 1633 ἐμειδία,
2755 1567 2853 1616 καὶ
2909 1562 3081 1618 τᾶλλα
3135 1570 3314 1622 πάντα
3357 1571 3554 1635 ἐποίει,
3587 1573 3807 1641 ὅσαπερ

2206 1653 2498 1705 ὐποκνίσαι
2531 1657 2624 1706 καὶ
2653 1654 2955 1723 ἁναφλέξαι
2988 1656 3124 1725 πρῆς
3159 1658 3340 1725 ἔρωτα
3391 1659 3635 1713 δύναται.
3684 1664 3808 1715 Κά-

2207 1747 2359 1817 κείνη
2412 1747 2573 1800 πάλιν
2636 1749 2951 1818 ἀντεπῆγεν
3010 1748 3299 1819 Ἀδραμίῳ
3346 1751 3406 1801 τὸ
3459 1753 3672 1821 φίλημα
3704 1756 3807 1808 καὶ

518 1850 885 1899 membrorum
947 1846 1295 1914 fragrantiam
1348 1847 1624 1907 sensisset,
1660 1855 1714 1897 et
1746 1845 1865 1897 vita:
1899 1844 2095 1913 prioris

2212 1836 2609 1906 περιπλακεῖσα
2627 1839 2925 1906 προσφυῶς
2952 1841 3041 1890 τὸν
3073 1840 3352 1910 τράχηλον
3382 1843 3803 1912 κατησπάζετο*

514 1950 661 1993 esset
694 1940 979 1993 recordata
1003 1948 1062 1992 et
1101 1938 1229 1991 boni
1268 1939 1559 2002 castitatis,
1596 1949 1648 1989 et
1672 1954 1700 1989 a
1753 1940 1968 2004 quantis
2000 1939 2131 1990 bo--

510 2031 598 2083 nis
625 2031 918 2083 excidisset
949 2032 1166 2095 misera,
1202 2031 1355 2083 valde
1413 2029 1822 2098 iacryntabalur
1857 2039 1913 2083 et
1951 2029 2098 2098 inge-

512 2122 799 2184 miscebat,
860 2119 1069 2175 et:V;e
1119 2123 1249 2174 mihi
1300 2123 1532 2187 miserm,
1563 2122 1803 2184 dicebat,
1834 2137 1911 2175 va:
1940 2121 2096 2186 mihi,

513 2229 633 2281 quae
679 2230 798 2266 sunt
858 2213 1134 2281 implicata
1176 2223 1250 2267 tot
1313 2213 1534 2267 funibus
1596 2226 1968 2283 peccatorum.
2003 2212 2099 2266 Hei

516 2304 672 2365 milii,
707 2304 833 2371 quid
869 2303 1062 2373 agam?
1095 2304 1379 2369 Quomodo
1412 2319 1496 2355 me
1527 2318 1669 2355 nunc
1694 2313 1839 2356 terra
1874 2318 1980 2355 non
2010 2304 2099 2356 de-

514 2395 711 2448 vorat?
755 2396 982 2462 Propter
1009 2410 1127 2459 qua:
1162 2396 1215 2446 in
1248 2408 1497 2463 magnam
1524 2395 1785 2446 adductus
1809 2393 2102 2445 dubitatio-

511 2504 634 2542 nem
664 2489 920 2541 dominus
947 2487 1256 2551 diversorii,
1298 2495 1356 2538 ut
1402 2487 1493 2554 qni
1524 2485 1654 2539 nihil
1712 2486 1875 2539 sciret
1907 2499 2096 2538 eorum

498 2597 632 2651 qua:
676 2590 1066 2649 priet-esserem
1116 2597 1128 2633 :
1180 2581 1361 2644 Maria,
1391 2578 1607 2633 domina
1664 2593 1805 2642 mea,
1863 2577 2097 2644 dicebat,

513 2673 616 2725 hoc
648 2682 819 2725 totum
852 2670 1055 2723 biennii
1096 2679 1309 2739 tempus
1333 2668 1445 2737 jam
1476 2678 1656 2721 tecum
1708 2671 1929 2735 degens,
1956 2683 2099 2719 nun-

512 2779 677 2833 quam
708 2772 758 2815 te
794 2758 998 2815 vidi'ad
1032 2770 1236 2814 tantam
1267 2762 1553 2813 adductam
1584 2759 1861 2812 tristitiam
1887 2768 1941 2812 et
1974 2759 2097 2811 ani-

514 2855 585 2907 mi
611 2847 1153 2921 agritudiuem.Prte
1190 2850 1525 2904 dubitatione
1577 2850 1762 2919 itaque
1810 2848 2003 2904 deficio
2045 2858 2102 2904 et

514 2948 903 3009 contremisco,
944 2946 1211 3012 cogitans,
1242 2943 1514 2997 undenam
1570 2955 1624 2998 et
1652 2959 1887 3013 quonam
1941 2944 2099 2998 modo

514 3042 627 3094 lucc
656 3038 841 3092 dicere
876 3037 971 3090 tibi
1002 3040 1215 3090 venerit
1246 3037 1298 3089 in
1333 3046 1595 3093 mentem.
1628 3035 1719 3089 illa
1744 3047 1946 3099 autem,
1982 3047 2100 3089 tan—

512 3146 673 3201 quam
698 3132 747 3184 ei
774 3144 995 3183 causam
1022 3128 1373 3197 significans:
1403 3127 1642 3192 Utinam,
1676 3130 1867 3195 inquit,
1889 3128 2099 3181 duobus

516 3224 674 3277 annis
708 3232 835 3276 ante
868 3220 1250 3275 decessissem.
1286 3218 1376 3275 Sic
1426 3220 1571 3275 enim
1609 3219 1831 3274 fuissem
1880 3219 2101 3273 omnino

514 3317 659 3371 inter
693 3314 908 3369 beatos.
1524 3320 1527 3321 '

584 3489 777 3545 XXIV.
817 3490 1043 3558 Propter
1101 3490 1215 3543 haec
1266 3491 1469 3543 veritus
1528 3488 1745 3542 divinus
1786 3488 2102 3551 Abramius,

514 3598 583 3638 ne
615 3585 731 3653 ipse
758 3584 1019 3637 evaderet
1046 3580 1387 3644 manifestus,
1430 3580 1624 3635 deinde
1657 3579 1939 3650 aufugeret
1993 3576 2099 3634 ﬁlia

514 3677 639 3744 ejus
680 3675 892 3741 fratris,
924 3683 984 3730 ttt
1032 3689 1194 3743 quam
1256 3688 1447 3743 magna
1503 3674 1591 3729 illa
1626 3674 1898 3731 morderet
1929 3675 2103 3743 pani-

517 3772 710 3833 tentia,
736 3781 792 3824 et
854 3784 975 3836 qua:
1025 3784 1137 3821 non
1190 3769 1421 3834 amplius
1482 3767 1651 3821 ferret
1713 3783 1835 3821 eum
1884 3768 2102 3830 intueri.

516 3861 672 3925 cujus
724 3868 990 3927 praecepta
1050 3868 1159 3909 tam
1204 3868 1393 3924 aperte
1449 3857 1885 3924 contempsisset.
1941 3859 2106 3911 etsic

519 3950 808 4021 aufugeret
836 3950 1017 4019 praeda
1042 3964 1105 4003 ex
1134 3950 1326 4003 mediis
1344 3950 1462 4018 ejus
1491 3948 1760 4011 manibus,
1786 3951 2103 4019 priusquam

516 4053 687 4099 totam
727 4055 909 4098 escam
935 4048 1244 4106 devoraret;
1278 4053 1333 4095 et
1365 4047 1653 4109 propterea
1673 4043 1860 4095 volens
1886 4058 2103 4097 omnem

521 4135 737 4189 auferre
771 4134 1158 4201 suspicionem,
1194 4132 1586 4202 petulantiores
1621 4146 1803 4185 mores
1846 4133 2107 4186 amatoris

521 4227 826 4296 suscipiens
855 4243 869 4280 :
904 4226 1181 4295 Reprime,
1214 4226 1450 4288 dicebat,
1482 4238 1515 4277 ο
1548 4222 1760 4290 mulier,
1787 4224 1901 4281 inec
1930 4224 2105 4278 tristia

521 4317 709 4370 verba.
764 4313 881 4367 Non
912 4317 1057 4368 enim
1097 4316 1219 4367 ideo
1257 4316 1361 4366 huc
1403 4316 1779 4377 convenimus,
1825 4325 1883 4367 ut
1924 4329 2107 4369 recor-

520 4407 733 4462 dareris
768 4421 981 4473 eorum,
1013 4419 1133 4473 quae
1178 4404 1375 4460 fecisti.
1417 4404 1479 4459 Et
1509 4420 1803 4460 conversus
1842 4407 1908 4459 ad
1935 4408 2110 4461 domi-

522 4516 649 4554 num
677 4499 965 4553 diversorii
998 4516 1012 4552 :
1043 4499 1250 4560 Amice,
1281 4500 1479 4565 inquit,
1521 4499 1660 4551 affer
1688 4502 1845 4554 nobis
1860 4501 1969 4554 cito
1989 4514 2107 4567 qua:
2142 4538 2185 4592 υ

521 4592 750 4661 parasti,
788 4602 846 4645 ut
881 4590 1042 4643 ambo
1098 4588 1471 4658 collzetemur;
1507 4604 1539 4644 ο
1594 4590 1890 4659 longinquo
1937 4592 2107 4657 enim,

522 4694 583 4737 ut
619 4683 794 4745 vides,
821 4683 1025 4736 accessi
1056 4692 1279 4751 propter
1309 4683 1501 4748 ipsam.
1529 4681 1705 4737 Lauto
1744 4684 1926 4749 itaque
1954 4682 2110 4739 exiti-

522 4776 640 4831 bito
678 4774 953 4840 convivio,
980 4776 1072 4843 qui
1106 4784 1247 4827 totos
1279 4774 1666 4843 quinquaginta
1712 4789 1889 4829 annos
1926 4790 1993 4827 ne
2019 4790 2111 4829 su-

524 4867 797 4922 stinuerat
828 4867 1044 4933 quidem
1070 4866 1316 4933 aspicere
1360 4866 1667 4928 mulierem,
1698 4876 1753 4919 et
1782 4881 1878 4919 nec
1916 4883 2107 4933 punctu

524 4958 767 5026 quidem,
805 4972 903 5010 nec
931 4971 1151 5025 aquam,
1188 4972 1306 5023 qua:
1331 4966 1460 5009 sunt
1505 4958 1738 5009 maxime
1775 4960 2105 5021 necessaria,

523 5060 832 5118 sumpserat
860 5049 927 5102 ad
981 5048 1315 5113 satietatem,
1373 5049 1558 5103 vinum
1590 5051 1741 5112 bibit,
1768 5061 1821 5104 et
1870 5052 2109 5105 vescitur

524 5144 806 5204 carnibus,
832 5152 884 5193 et
917 5143 1236 5196 convivatur
1276 5157 1397 5194 cum
1452 5143 1756 5196 meretrice.
1803 5140 1934 5195 Nam
1982 5145 2109 5197 bea-

531 5244 643 5287 tum
699 5248 915 5302 quoque
963 5232 1442 5296 sciebatPaulum,
1478 5235 1543 5287 ad
1589 5250 1748 5302 quem
1780 5236 1893 5301 ipse
1935 5237 2111 5291 intue-

531 5326 712 5390 batur,
744 5333 799 5378 et
848 5324 1005 5393 cujus
1066 5325 1338 5379 viscerum
1372 5334 1425 5378 et
1478 5325 1573 5378 zeli
1607 5327 1970 5381 contendebat
1992 5341 2111 5381 esse

532 5420 797 5485 imitator,
849 5432 908 5471 se
968 5418 1261 5486 aliquando
1308 5418 1643 5487 puriﬁcasse,
1672 5429 1729 5473 et
1750 5428 1918 5487 eaput
1944 5423 2109 5474 etiam

537 5512 755 5578 rasisse,
783 5513 1129 5569 Timotheum
1160 5515 1324 5568 etiam
1375 5514 1805 5580 circumcidisse,
1837 5524 1892 5572 et
1944 5518 2015 5572 ita
2044 5532 2113 5573 ne

533 5605 815 5661 Judaismo
864 5606 1083 5675 quidem
1133 5608 1491 5677 perpercisse,
1527 5615 1586 5662 ut
1609 5609 1855 5665 inﬁdeles
1900 5611 2113 5667 animas

540 5700 844 5753 attraheret
866 5702 933 5754 ad
966 5702 1249 5769 pietatem.

615 5786 782 5842 XXV.
811 5788 946 5845 Cum
982 5792 1059 5846 sic
1081 5807 1211 5859 ergo
1236 5803 1419 5848 essent
1467 5794 1759 5861 convivati,
1785 5812 1843 5853 se
1876 5798 2111 5853 invicem

2203 1930 2259 1981 ἐν
2289 1929 2461 1997 τούτῳ
2483 1930 2539 1981 δὲ
2573 1931 2670 1996 τῆς
2699 1930 3013 1997 ὰποζούσης
3039 1934 3147 1986 τῶν
3172 1934 3351 1999 ἁγνῶν
3387 1952 3445 1986 τε
3494 1939 3586 1987 καὶ
3618 1938 3805 2005 ἀσκη-

2203 2023 2371 2073 τικῶν
2406 2021 2589 2090 μελῶν
2644 2022 2877 2084 εὐωδίας
2925 2025 3111 2092 ἡρέμα
3171 2025 3572 2096 ὑπαισθομένη,
3605 2026 3707 2095 τῆς
3742 2046 3809 2081 τε

2204 2117 2484 2187 προτέρας
2547 2118 2827 2179 πολιτείας
2904 2118 3323 2188 ἀναμνησθεῖσα
3388 2122 3483 2173 καὶ
3554 2121 3649 2175 τοῦ
3700 2123 3809 2191 τῆς

2204 2208 2425 2275 ἁγνείας
2453 2209 2619 2260 καλοῦ
2656 2209 2750 2260 καὶ
2779 2208 2910 2261 οἴων
2961 2212 2993 2278 ὴ
3024 2212 3296 2279 δυστυχὴς
3353 2210 3612 2276 ἐξέπεσεν
3660 2216 3810 2281 ἀγα-

2206 2296 2335 2359 θὼν,
2369 2298 2595 2366 ἐδάκρυε
2630 2297 2773 2366 μάλα
2808 2297 3038 2367 θερμὸν,
3071 2302 3165 2351 καὶ
3202 2302 3487 2365 ὑπέστενε..
3522 2303 3809 2367 κα“ι,οὑαί

2207 2406 2317 2457 μοι,
2349 2388 2524 2455 ἔλεγε,
2559 2392 2625 2457 τῇ
2651 2388 2853 2460 άθλίᾳί
2893 2391 3017 2442 οὐαί
3055 2409 3168 2459 μοι,
3205 2396 3269 2461 τῇ
3306 2394 3578 2445 τοσούτων
3614 2398 3808 2464 ἁμαρ-

2203 2484 2464 2551 τημάτων
2492 2484 2701 2552 σχοινία
2724 2484 3090 2557 περικειμένῃ
3112 2486 3123 2536 ι
3149 2484 3321 2553 οἴμοι,
3356 2487 3405 2537 τί
3430 2489 3613 2554 δράσω
3639 2506 3651 2549 ;
3680 2490 3808 2552 πῶς

2202 2576 2302 2627 οὐκ
2338 2576 2403 2627 ἄν
2434 2592 2500 2644 με
2532 2574 2628 2629 νῦν
2664 2578 2695 2644 ἡ
2746 2576 2816 2644 γῆ
2850 2578 3141 2639 καταπίοις
3178 2576 3293 2643 Ἐφ’
3325 2573 3405 2640 οἷς
3433 2581 3459 2629 6
3495 2580 3809 2649 πανδπχεὺς

2202 2667 2604 2735 ἀπορούμενος,
2640 2661 2727 2719 οἷα
2762 2668 2895 2735 μηδὲ
2933 2669 3090 2731 εἰδώς
3145 2687 3196 2721 τι
3228 2672 3336 2725 τὼν
3368 2671 3759 2738 προλαϐόντων
3789 2691 3803 2704 ·

2203 2762 2417 2831 Μαρία,
2456 2762 2666 2831 Μαρία,
2726 2762 2915 2829 κυρία,
2954 2762 3129 2829 ἔλεγε,
3163 2764 3311 2833 διετῆ
3347 2766 3407 2833 δὴ
3452 2765 3643 2817 τοῦτον
3669 2764 3805 2833 ἄρτι

2204 2853 2508 2919 συνδιαγων
2545 2870 2626 2904 σοι
2671 2852 2891 2921 χρόνον,
2930 2854 3187 2906 οὐδέποτέ
3223 2872 3278 2905 σε
3336 2856 3471 2925 πρὸς
3526 2856 3807 2925 τοσαύτην

2205 2945 2511 3013 κατήφειαν
2545 2944 2641 2995 καὶ
2670 2942 2910 3012 ἀθυμίαν
2945 2940 3081 2994 εἶδον
3113 2946 3531 3013 κατενεχθεῖσαν
3554 2960 3566 2972 ·
3602 2945 3804 2999 ἐκλύο-

2207 3053 2307 3104 μαι
2338 3034 2433 3087 οὖν
2472 3036 2573 3087 ὑπὸ
2614 3035 2711 3103 τῆς
2740 3035 2977 3103 ἀπορίας
3009 3037 3103 3089 καὶ
3126 3038 3337 3105 τρέμω,
3369 3038 3536 3088 πόθεν
3568 3038 3679 3108 ἄρα
3700 3040 3808 3091 καὶ

2204 3134 2352 3195 ὅπως
2382 3131 2604 3184 τοιαῦτα
2636 3130 2815 3197 λέγειν
2835 3130 3036 3199 ἐπῆ).θέ
3071 3147 3172 3182 σοι.
3217 3130 3279 3182 Ἢ
3310 3131 3387 3196 δὲ,
3421 3130 3612 3199 ὥσπερ
3644 3130 3805 3201 αὺτῷ

2205 3225 2548 3294 γνωρίζουσα
2604 3226 2703 3293 τὴν
2739 3223 2920 3274 αἰτίαν
2946 3237 2959 3251 ·
3010 3221 3154 3273 Διότι
3184 3220 3274 3291 [Τί
3301 3221 3469 3292 ὅτιη,
3508 3223 3666 3293 φησὶ,
3717 3226 3804 3293 μὴ

2208 3317 2315 3384 πρὸ
2352 3317 2491 3368 δύων
2534 3316 2740 3368 τούτων
2774 3314 3109 3382 ἑτελεύτησα
3140 3313 3383 3382 χρόνωνι
3417 3314 3561 3367 οὕτω
3588 3315 3692 3385 γὰρ
3724 3316 3801 3370 ἂν

2212 3410 2360 3477 ήμην
2386 3410 2602 3467 πάντως
2630 3408 2688 3458 ἐν
2725 3405 3051 3473 μακαρίαις.

2278 3501 2401 3553 KA'.
2444 3499 2585 3569 Πρὸς
2620 3498 2793 3550 ταῦτα
2829 3498 3025 3560 δείσας
3080 3499 3107 3551 6
3142 3497 3285 3569 ἱερὸς
3334 3497 3653 3570 ’Λόράμιος,
3719 3504 3806 3571 μὴ

2206 3593 2297 3644 καὶ
2324 3592 2486 3652 αὐτὸς
2515 3591 2727 3657 γένοιτο
2749 3590 2931 3656 δῆλος,
2954 3585 3073 3640 εἶτα
3098 3592 3279 3657 φυγὰς
3310 3593 3511 3659 οίιοιτο
3534 3594 3566 3661 ἡ
3597 3594 3806 3663 ἀνεψιὰ

2208 3684 2312 3734 ὑπὸ
2349 3683 2446 3750 τῆς
2473 3680 2675 3749 πολλῆς
2700 3680 2919 3748 ἐκείνης
2950 3680 3263 3751 δακνομένη
3300 3683 3672 3751 μεταμελείας
3700 3688 3807 3738 καὶ

2212 3775 2404 3843 μηκέτι
2430 3774 2671 3845 φέρουσα
2725 3773 2950 3844 βλέπειν
2995 3774 3182 3837 αὑτὸν,
3231 3770 3292 3828 οῦ
3316 3774 3414 3836 τὰς
3442 3774 3664 3838 ἐντολὰς
3687 3773 3808 3832 οἶδε

2209 3866 2456 3933 φανερῶς
2487 3866 2801 3934 ἀθετήσασα
2856 3868 2950 3917 καί
2974 3867 3149 3929 οὕτως
3178 3869 3241 3919 ἐκ
3276 3870 3458 3937 μέσων
3485 3870 3651 3923 αὑτὸν
3684 3890 3808 3942 χει-

2210 3955 2321 4023 ρῶν
2379 3956 2439 4007 τὸ
2494 3957 2717 4026 θήραμα
2770 3958 3025 4025 διαφύγοι
3068 3960 3198 4029 πρὶν
3247 3960 3368 4013 ὅλον
3409 3964 3671 4019 καταπίοι
3738 3968 3810 4019 τὸ

2208 4049 2432 4119 δέλεαρ,
2460 4051 2553 4101 καὶ
2580 4051 2763 4102 πᾶσαν
2792 4052 2881 4104 διὰ
2903 4051 3061 4106 τοῦτο
3084 4053 3409 4123 βουλόμενος
3430 4056 3640 4110 ἀνελεῖν
3662 4059 3811 4112 ὑπο-

2207 4140 2362 4208 ψίαν,
2386 4142 2467 4203 είς
2491 4140 2892 4215 αὐθαδέστερον
2925 4145 3167 4211 ἐραστοῦ
3210 4146 3412 4214 τρόπον
3437 4148 3767 4216 μεταϐαλών
3790 4167 3807 4182 ο

2213 4232 2435 4295 Ἔασον,
2494 4232 2701 4301 ἔλεγεν,
2757 4236 2983 4305 ἐπίσχες
3039 4237 3107 4289 τὰ
3146 4236 3451 4307 σκυθρωπὰ
3479 4241 3637 4291 ταυτὶ
3696 4243 3808 4311 ρή-

2212 4341 2379 4395 ματα,
2411 4324 2577 4392 γύναι
2596 4340 2612 4355 ο
2633 4325 2695 4376 οὐ
2750 4326 2858 4394 γὰρ
2888 4328 2981 4377 ἐπὶ
3011 4326 3188 4395 τούτῳ
3239 4327 3602 4397 συνήλθομεν,
3653 4329 3808 4385 ὥστε

2212 4432 2271 4467 σε
2302 4418 2544 4484 τήμερον
2583 4414 2995 4485 ἀναμνησθῆναι
3049 4418 3159 4470 τῶν
3214 4422 3647 4489 πεπραγμένων.
3686 4424 3808 4477 Καὶ

2214 4508 2349 4577 πρὸς
2396 4508 2495 4576 ,τὸν
2542 4511 2818 4581 πανδοχία
2876 4511 3067 4566 λοιπὸν
3116 4513 3489 4585 ἐπιστρέψας·
3556 4515 3807 4589 Ἑταῖρε,

2215 4600 2379 4651 πότον
2404 4601 2528 4655 τινὰ
2555 4603 2650 4655 καὶ
2679 4598 2839 4665 αὖθις
2868 4604 3004 4672 ἡμῖν
3047 4606 3448 4674 συγκρότησον,
3482 4608 3609 4678 ἐφη,
3646 4610 3808 4675 ὅπως

2214 4693 2531 4763 ἀμφότεροι.
2573 4695 2971 4763 συνησθείημεν
2993 4712 3007 4727 ’
3053 4697 3337 4768 πόρρωθεν
3374 4701 3502 4770 γὰρ,
3536 4702 3611 4763 ὡς
3639 4703 3805 4772 ὁρᾷς,

2214 4784 2448 4853 πάρειμι
2480 4782 2546 4834 δι’
2587 4784 2788 4854 αὐτὴν
2825 4786 2920 4836 τοῦ
2956 4786 3120 4840 πότου
3154 4790 3451 4861 τοιγαροῦν
3484 4793 3807 4859 πολυτελῶς

2215 4876 2587 4943 τελεσθέντος,
2636 4882 2664 4932 6
2721 4880 2851 4950 παρ’
2906 4881 3059 4944 ὅλους
3142 4885 3484 4952 πεντήκοντα
3571 4886 3808 4956 χρόνους

2220 4968 2357 5036 μηδέ
2439 4973 2698 5039 γυναικὸς
2759 4974 3137 5043 ἀνασχόμενος
3211 4975 3369 5045 ὄψιν,
3426 4978 3561 5046 μηδέ
3632 4979 3811 5049 ἄρτου

2216 5062 2345 5111 ποτὲ
2428 5064 2563 5129 μηδέ
2650 5064 2839 5125 ὓδατος
2906 5066 3014 5117 τῶν
3106 5068 3559 5135 ἀναγκαιοτάτων
3624 5086 3807 5139 μετα-

2217 5152 2360 5224 σχὼν
2384 5153 2508 5223 ἄχρι
2541 5156 2725 5225 κόρου,
2768 5156 2912 5208 οἴνου
2944 5159 3037 5210 καὶ
3073 5160 3252 5228 κρεῶν
3295 5163 3544 5213 κοινωνεῖ
3572 5165 3666 5215 καὶ
3701 5181 3809 5233 γυ-

2216 5248 2366 5299 ναικὶ
2385 5248 2558 5319 πόρνῃ
2578 5252 2945 5313 συνεστιᾶται,
2977 5253 3102 5304 ἐπεὶ
3144 5253 3236 5306 καὶ
3274 5254 3641 5323 ἁγνισάμενον
3679 5258 3805 5326 ᾔδει

2217 5343 2348 5392 ποτὲ
2364 5342 2457 5391 καὶ
2471 5344 2562 5391 τὸν
2584 5342 2854 5412 μακάριον
2878 5344 3115 5407 Παῦλον,
3138 5344 3275 5398 ἀλλά
3294 5349 3389 5396 καὶ
3408 5344 3555 5413 ξυρῷ
3576 5348 3713 5417 πρὸς
3730 5355 3799 5422 τῇ

2217 5433 2426 5502 κεφαλῇ
2450 5436 2814 5505 χρησάμενον,
2835 5438 2970 5508 πρδς
2991 5437 3049 5489 ὃν
3070 5432 3221 5501 οὗτος
3240 5438 3386 5509 ἐώρα
3410 5442 3504 5492 καὶ
3523 5434 3585 5494 οὗ
3621 5459 3805 5513 μιμη-

2218 5524 2314 5591 τὴς
2334 5525 2441 5577 τῶν
2460 5527 2782 5597 σπλάγχνων
2801 5532 2891 5582 καὶ
2914 5529 3004 5584 τοῦ
3020 5531 3181 5603 ζήλου
3206 5533 3621 5599 καθίστατο,καὶ
3639 5550 3807 5606 περι-

2217 5612 2450 5681 τεμόντα
2480 5614 2742 5683 Τιμόθεον
2767 5621 2857 5670 καὶ
2887 5618 3059 5683 οὕτως
3104 5622 3443 5693 Ἰουδαῖσμοῦ
3476 5624 3551 5695 μὴ
3601 5628 3806 5691 φεισά-

2221 5721 2401 5774 μενον,
2429 5706 2516 5758 ἵνα
2547 5706 2722 5777 ψυχὰς
2751 5710 3018 5776 ἀπίστους
3044 5712 3245 5785 ἐλκύσῃ
3281 5718 3418 5787 πρὸς
3461 5716 3803 5776 θεοσέϐειαν,

2290 5797 2417 5853 κε’.
2447 5797 2605 5852 Οῦτω
2658 5804 2951 5873 τοιγαροῦν
3004 5809 3470 5876 συνεστιαθέντες,
3504 5808 3805 5885 λαϐόμενοι
