3972 6444
158 337 219 396 73
1463 316 1643 379 vna
1684 315 1747 373 s.
1787 307 2137 370 ABRAMll.
3339 303 3412 367 τι

162 449 240 517 τῆς
258 445 428 519 χειρὸς
455 441 709 511 ἀλλήλων
739 439 820 502 είς
853 437 940 491 τὸν
967 435 1235 490 ἐνδοτάτω
1265 433 1512 488 οίκίσκον
1549 431 1731 502 εἰσέρ-

1839 441 2000 481 manu
2033 421 2389 492 accipientes.
2417 420 2470 474 in
2503 418 2748 473 intimam
2776 415 3152 484 ingrediuntur
3181 419 3413 472 domuu-

160 555 313 611 κονται
335 551 347 564 ·
384 534 610 604 ἐστήκει
643 533 698 584 δέ
735 549 819 592 τις
850 531 907 582 ἐν
941 526 1116 597 τούτῳ
1144 527 1322 598 κλίνη,
1371 527 1630 598 μαλακῶς
1661 523 1720 582 εὖ

161 633 279 699 pd}:
306 634 393 680 τον
425 625 834 681 κατακλιθέντα
865 622 1142 692 δυναμένη
1193 622 1568 676 διαναπαῦσαι
1590 641 1603 654 ·
1639 625 1726 694 ἐφ’

158 719 208 791 ἧς
231 722 547 782 καθίσαντος
569 717 752 788 ἁϐρῶς
790 715 1227 786 Ἀδραμίου,τοῦ
1257 720 1513 788 στρωμνῇ
1541 718 1628 770 ἀεὶ
1658 721 1723 789 τῇ

159 817 215 883 γῇ
263 815 601 882 κεχρημένου
631 827 646 840 ·
719 809 959 875 Ἐπίδος,
1013 811 1046 878 ἡ
1105 809 1240 879 κόρη
1280 810 1434 879 φησι,
1471 810 1728 865 ὑπολύσω

159 923 237 960 σου
261 909 319 957 τά
360 905 718 974 ὑποδήματα.
768 903 828 955 ’0
858 903 914 955 δέ
943 902 1040 969 τὴν
1083 900 1254 970 θύραν
1298 901 1520 970 μοχλοῖς
1551 904 1730 972 ἀσφα.

158 996 379 1050 λίσασθαι
401 997 675 1065 πρότερον
702 995 1002 1055 ἐπιτάττει,
1027 993 1286 1061 κάκείνης
1311 994 1380 1046 τά
1400 994 1428 1046 ύ
1442 994 1570 1064 ποδή
1582 1013 1728 1062 ματα

161 1091 331 1160 μᾶλλον
388 1088 664 1142 ὑπολῦσαι
699 1087 1060 1157 σφοδρότερον
1102 1086 1454 1157 ἐγκειμένης,
1487 1088 1514 1139 ὀ
1549 1088 1730 1157 μακά-

160 1197 252 1249 ριος
275 1179 374 1232 οὐκ
395 1181 670 1249 ἠνείχετο.
725 1179 1021 1231 Πεισθεῖσα
1069 1175 1253 1229 τοίνυν
1279 1178 1465 1246 ἐκείνη
1506 1179 1598 1230 καὶ
1631 1177 1730 1249 τὴν

158 1273 302 1342 θέρον
325 1273 595 1340 ἀσφαλῶς
626 1270 1086 1339 ἐπικλεισαμένη,
1120 1269 1519 1338 περιπλέκεται
1555 1286 1728 1340 προσ·

155 1362 285 1424 fuit;
313 1362 389 1432 τῷ
424 1364 594 1433 ἁγίῳ.
642 1362 799 1414 Ἐπεὶ
829 1361 888 1413 δὲ
912 1356 1054 1414 εἶδεν
1094 1362 1152 1412 ἐν
1188 1360 1420 1431 ἀφύκτῳ
1459 1362 1728 1432 ἐχομένην

163 1454 440 1525 ’Ᾱῦρὰμιος
483 1457 580 1508 καὶ
611 1453 788 1515 ούτως
820 1453 970 1515 ἐντὸς
994 1450 1220 1523 ἀρκύων
1243 1451 1304 1504 τὸ
1335 1451 1581 1525 Θήραμα,
1606 1455 1727 1506 τότε

155 1547 208 1616 δὴ
232 1552 286 1600 τὸ
317 1549 409 1600 τοῦ
445 1548 684 1618 ἐραστοῦ
719 1547 1066 1615 προσωπεῖον
1090 1545 1388 1600 ἀποδαλὼν
1421 1550 1514 1600 καὶ
1549 1549 1729 1602 πᾶσαν

155 1642 347 1711 ἐκείνην
405 1646 512 1712 τὴν
577 1642 786 1712 σκηνὴν
819 1643 912 1693 καὶ
947 1641 1046 1709 τὴν
1088 1640 1385 1713 ὑπόκρισιν
1419 1643 1606 1714 ῥίψας,
1636 1645 1731 1698 τον

155 1731 279 1781 ἔνδον
327 1732 471 1800 αὐτῇ
530 1732 917 1794 ἀνακαλύπτει⁴
953 1731 1386 1800 Ἀδράμιον,καὶ
1417 1733 1507 1786 τὸν
1547 1735 1636 1787 ἐπὶ
1661 1737 1727 1806 τῇ

1832 517 2030 572 cuiam.
2070 513 2130 569 In
2167 528 2227 570 ea
2266 523 2447 567 autem
2486 511 2666 567 stabat
2691 509 2909 580 quidam
2947 509 3145 572 lectus,
3180 509 3417 565 molliter

1831 617 2040 663 stratus
2067 607 2135 660 ad
2175 604 2454 674 quietem:
2498 604 2551 657 in
2595 615 2702 672 quo
2753 616 2874 656 cum
2917 600 3150 656 molliter
3185 602 3422 657 sedisset

1831 701 2148 764 Abramins,
2175 700 2265 769 qui
2301 711 2516 767 semper
2561 705 2706 751 terra
2758 710 2888 750 usus
2913 706 3028 749 erat
3062 710 3160 764 pro
3193 707 3368 752 strato
3401 717 3414 752 :

1833 792 1984 858 Sine,
2017 791 2192 861 inquit
2225 788 2424 860 puella,
2456 797 2513 842 ut
2543 787 2641 842 tibi
2675 789 2879 842 solvam
2932 787 3160 843 calceos.
3195 787 3287 843 Ille
3323 805 3421 842 au-

1837 894 1945 940 tem
2007 885 2166 954 jubet
2200 883 2352 952 prius
2399 892 2606 936 vectem
2637 881 2760 934 obdi
2796 880 3027 936 foribus.
3056 882 3301 952 Cumque
3332 883 3420 936 illa

1833 977 2064 1032 instaret
2087 976 2479 1037 vehementius.
2509 986 2570 1030 ut
2595 975 2742 1045 prius
2773 977 3011 1033 solveret
3031 981 3268 1045 calceos,
3291 982 3421 1036 bea-

1834 1080 1918 1126 tus
1946 1071 2236 1125 Abramius
2267 1084 2372 1125 non
2395 1071 2673 1127 sustinuit.
2704 1070 2942 1127 Tandem
2965 1087 3096 1144 ergo
3129 1089 3420 1145 persuasa.

1833 1180 1958 1220 cum
1985 1166 2183 1221 ostium
2219 1174 2334 1221 tuto
2383 1165 2693 1233 clausisset,
2750 1169 2816 1222 ad
2863 1179 3110 1224 sanetum
3162 1173 3422 1227 accessit.

1832 1259 2127 1331 PostQuam
2161 1275 2292 1316 vero
2322 1275 2440 1316 eam
2475 1277 2570 1333 per
2599 1277 2818 1317 manum
2859 1265 3003 1333 cepit
3041 1263 3332 1320 Abramius
3370 1273 3427 1319 et

1831 1350 1966 1404 vidit
1989 1366 2107 1405 eam
2131 1367 2240 1406 non
2269 1367 2428 1421 posse
2446 1352 2678 1422 amplius
2701 1353 2958 1424 ell'ngere,
2979 1364 3025 1411 et
3048 1355 3160 1425 jam
3186 1359 3423 1427 pra-dam

1829 1455 1950 1497 esse
1978 1443 2181 1497 retibus
2216 1444 2512 1512 irretitam,
2549 1455 2677 1502 tunc
2711 1449 2969 1502 amatoris
3006 1463 3294 1518 personam
3327 1450 3424 1504 de-

1832 1548 2064 1603 ponens,
2094 1543 2148 1589 et
2197 1535 2460 1606 abjiciens
2510 1552 2728 1594 omnem
2767 1554 2989 1596 scenam
3027 1550 3082 1596 et
3115 1542 3424 1598 simulatio-

1834 1644 1980 1693 nem,
2032 1629 2123 1700 qiti
2183 1631 2513 1689 intrinsecus
2563 1632 2786 1701 latebat,
2842 1635 3016 1706 aperit
3047 1635 3422 1692 Abramium:

1834 1731 1889 1775 et
1917 1720 2097 1777 ablato
2131 1723 2292 1793 pileo,
2323 1739 2483 1795 quem
2507 1725 2742 1781 habebat
2787 1727 2838 1781 in
2875 1730 3075 1797 capite,
3102 1740 3158 1785 et
3185 1733 3427 1802 graviter

156 1823 338 1892 κεφαλῇ
395 1827 502 1894 τῆς
541 1824 774 1894 ἀνεψιᾶς
810 1823 1016 1893 κόσμον
1058 1823 1330 1895 περιελὼν
1368 1825 1463 1878 καί
1499 1826 1726 1896 τι.βαρὺ

1839 1815 2156 1884 suspirans:
2194 1817 2300 1872 Cor
2347 1831 2550 1884 meum,
2597 1820 2795 1891 inquit,
2832 1819 3024 1889 Maria,
3062 1827 3244 1880 neseis
3277 1827 3427 1896 quis.

155 1917 231 1966 καὶ
260 1918 566 1984 περιπαθὲς
596 1915 912 1984 ἀνοιμώξας
934 1931 946 1944 ·
976 1915 1296 1983 Σπλάγχνον
1348 1934 1478 1984 μου,
1513 1918 1725 1988 Μαρία,

156 2008 286 2072 φησὶ,
344 2007 447 2056 οὐκ
508 2002 653 2064 οἶδας
690 2007 841 2066 ὅστις
871 2004 1016 2071 ἐγώ,
1072 2007 1172 2058 ούκ
1215 2007 1612 2073 ἐπιγινώσκεις
1637 2009 1729 2060 τὸν

156 2097 402 2165 συγ·;ενῆ;
450 2098 519 2149 Τί
553 2113 635 2150 σοι
673 2098 805 2167 ἀρα,
837 2097 985 2168 ψυχὴ
1016 2098 1148 2168 ἐμὴ,
1170 2098 1230 2150 τὸ
1280 2098 1497 2166 συμϐάν
1523 2116 1536 2163 ;
1565 2099 1647 2163 τίς
1701 2100 1730 2153 ὁ

155 2187 271 2256 πρὸς
298 2189 588 2242 ἀπώλειαν
625 2188 916 2258 ύποσύρας
948 2204 1045 2255 σε;
1083 2190 1191 2242 ποῦ
1221 2191 1314 2242 νῦν
1342 2192 1402 2242 τὸ
1437 2191 1732 2260 ἀγγελικδν

155 2281 306 2332 ἐκεῖνο
339 2282 536 2352 σχῆμα
587 2283 687 2348 τῆς
725 2281 1048 2351 παρθενίας,
1107 2282 1211 2335 ποῦ
1247 2285 1273 2336 ὀ
1310 2284 1733 2355 ἐσταυρωμένος

157 2371 285 2439 βίος;
337 2375 439 2426 ποῦ
492 2375 552 2426 τὸ
591 2376 689 2444 τῆς
727 2373 1078 2437 κατανύξεως
1129 2376 1407 2442 δάκρυον;
1447 2377 1567 2438 πῶς
1622 2379 1731 2429 ἀπὸ

153 2467 382 2518 τοσούτου
434 2467 554 2518 τῶν
617 2465 830 2534 ἀρετῶν
888 2465 1056 2532 ὕψους
1113 2465 1461 2534 είς-ἔσχατον
1512 2468 1731 2537 ἀπάτης

156 2552 400 2622 βαραθρυν
432 2552 792 2623 κατηνέχθης
820 2570 833 2618 ;
864 2552 1005 2606 διατί
1036 2554 1111 2624 μή
1147 2571 1237 2624 μοι
1270 2556 1370 2626 τὴν
1415 2557 1732 2627 ἀκήρυκτον

157 2648 346 2714 ἐκείνην
392 2647 492 2699 τοῦ
542 2647 745 2719 ἐχθροῦ
784 2648 962 2718 μάχην
995 2648 1337 2720 ἐγνώρισας;
1377 2652 1530 2704 Διατί
1564 2653 1638 2722 μὴ
1673 2651 1734 2705 τὺ

158 2739 366 2806 χαλεπὸν
423 2743 612 2793 ἐκεῖνο
649 2741 853 2811 πτῶμα
893 2741 1047 2812 παρά
1083 2743 1249 2804 πόδας
1280 2743 1442 2804 εὐθὺς
1498 2745 1731 2813 ἐθριάμ-

157 2832 368 2900 6ευσας;
413 2837 643 2897 πάντως
698 2835 765 2888 ἀν
795 2833 905 2902 ἐγώ
943 2852 1023 2887 σοι
1077 2835 1170 2887 καὶ
1230 2837 1258 2887 ὁ
1292 2835 1443 2903 φίλος
1492 2835 1733 2905 Ἐφραὶμ

156 2923 359 2996 δάκρυσι
386 2930 478 2979 καὶ
512 2928 739 2994 δεήσεσι
781 2927 848 2978 τά
881 2928 1017 2994 πρὸς
1047 2925 1139 2978 τὸν
1185 2927 1320 2980 Θεὸν
1375 2927 1731 2998 διεπρεσϐεύ-

158 3020 374 3085 σάμεθα·
407 3019 554 3071 ίνατξ
587 3016 845 3069 τοσοῦτον
882 3018 1209 3088 ἑμάκρυνας
1251 3019 1345 3086 ἀφ’
1399 3020 1615 3089 ἡμῶν;.
1643 3020 1735 3072 καὶ

159 3112 618 3184 ίνατίὲπελήσθην
651 3112 761 3163 ἀπο
802 3111 918 3174 σοῦ,
965 3112 1038 3173 ὡς
1074 3111 1183 3164 ἀπὸ
1225 3110 1452 3179 καρδίας
1504 3111 1731 3179 νεκρὸςς

157 3207 210 3257 Τί
233 3206 480 3260 τοσοῦτον
513 3206 695 3269 ἐάλως
746 3207 810 3273 τῇ
858 3204 1193 3272 ἀπογνώσει,
1229 3204 1350 3274 ἧτις
1389 3203 1506 3256 ἐστὶ
1544 3208 1606 3256 τὸ
1638 3203 1734 3256 τοῦ

156 3299 366 3368 πονηροῦ
431 3299 688 3364 ἄφυκτον
746 3295 1068 3364 ἄγκιστρον,
1129 3293 1206 3357 ὡς
1262 3293 1408 3367 μηδὲ,
1454 3291 1735 3361 φείδεσθαι

157 3388 318 3442 λοιπον
351 3391 584 3460 ἑαυτῆς,
620 3389 759 3441 ἀλλὰ
793 3387 860 3440 τά
895 3387 1006 3438 τῶν
1050 3386 1352 3455 αἰσχίστων
1387 3385 1583 3454 ἀνέδην
1613 3385 1736 3438 το).-

159 3482 247 3550 μᾷν
276 3483 364 3534 καὶ
423 3485 551 3543 ταῖς
610 3480 759 3548 παρά
797 3477 892 3529 τοῦ
944 3476 1143 3546 ἐχθροῦ
1181 3476 1420 3546 πληγαῖς
1459 3477 1558 3538 τὰς
1603 3479 1735 3546 παρ’

155 3571 301 3638 σιτῆς
359 3569 745 3638 προστιθέναι,
807 3565 927 3618 δέον
981 3566 1338 3630 διαναστῆναι
1399 3564 1601 3634 μᾶλλον
1641 3570 1738 3621 καὶ

157 3663 331 3734 πολλὴν
356 3663 450 3716 ἐπὶ
483 3664 605 3724 τοῖς
638 3658 957 3728 τολμηθεῖσι
994 3659 1094 3728 τὴν
1127 3660 1503 3730 μεταμέλειαν
1527 3660 1735 3714 ἐπιδεί-

157 3753 353 3820 ξασθαις
393 3756 511 3807 Οὐκ
541 3748 699 3816 οἶδας
729 3755 798 3805 τὰ
821 3750 916 3805 τοῦ
944 3751 1082 3805 Θεοῦ
1114 3753 1404 3822 σπλάγχνα
1438 3752 1567 3820 περὶ
1591 3754 1737 3820 ἡμᾶς

155 3849 230 3898 καὶ
254 3849 393 3910 ὅπως
415 3849 539 3900 ἐστὶ
574 3847 787 3918 μητρὸς
814 3847 1353 3918 κηδεμονικώτερος,
1379 3847 1556 3911 οὕτως
1586 3849 1736 3918 ἡμᾶς

155 3945 382 4008 συνάγειν
424 3941 639 3993 ἐθέλων
671 3938 802 4006 (καὶ
831 3939 1007 3990 ταῦτα
1041 3939 1564 4009 καταφρονούμενος
1600 3941 1733 3993 πολε

153 4028 284 4094 λάκις
316 4033 408 4084 καὶ
437 4027 849 4098 παρορώμενος
875 4028 965 4097 ὑφ’
1008 4029 1207 4099 ἡμῶν)
1243 4031 1498 4102 καθάπερ
1529 4033 1597 4086 τὰ
1619 4049 1736 4086 νοσ-

155 4123 229 4174 σία
256 4125 395 4194 δρνις
427 4123 538 4175 ὑπὸ
570 4121 676 4181 τὰς
703 4122 1020 4191 πτέρυγας;
1063 4120 1162 4171 Διὰ
1190 4118 1363 4174 ταῦτα
1404 4122 1536 4188 γοῦν
1597 4122 1734 4191 ἀψαι

155 4218 435 4286 παρακαλῶ
458 4215 566 4286 τῆς
608 4214 702 4265 ἐπὶ
731 4217 800 4266 si
834 4214 1073 4282 κρείττω
1101 4211 1399 4284 φερούσης,
1435 4214 1528 4267 καὶ
1590 4216 1730 4286 πρὸς

151 4308 231 4374 τῆς
251 4312 384 4381 ἐμῆς
411 4311 648 4374 πολιᾶς,
677 4308 765 4360 ναὶ
800 4306 934 4375 πρὸς
956 4307 1065 4358 τῶν
1086 4307 1176 4358 ἐπὶ
1205 4307 1289 4359 σοὶ
1317 4307 1496 4359 πόνων
1517 4307 1734 4362 καὶτῶν

152 4399 418 4471 ἀφορήτων
450 4406 556 4472 τῆς
587 4397 777 4467 ψυχῆς
809 4395 1014 4449 ὀδυνῶν
1045 4397 1272 4450 ἐκείνων
1294 4399 1389 4450 καὶ
1415 4400 1514 4469 τῆς
1535 4398 1735 4468 πολλῆς

1835 1921 1958 1958 nam
1991 1921 2091 1976 ego
2130 1908 2274 1962 sim?
2308 1908 2425 1964 Non
2479 1913 2728 1981 agnoscis
2784 1915 3118 1984 cognatum?
3153 1915 3292 1985 Quid
3323 1929 3427 1984 est,

1833 1998 2014 2050 anima
2043 2012 2185 2063 mea,
2221 2003 2363 2068 quod
2399 2003 2494 2056 tibi
2526 2005 2773 2061 accidit?
2809 2008 2943 2073 Quis
2979 2019 3084 2074 est,
3114 2012 3207 2080 qui
3235 2020 3288 2066 te
3317 2022 3426 2066 tra-

1834 2089 1913 2142 xit
1948 2089 2013 2143 ad
2047 2089 2372 2145 interitum?
2404 2091 2502 2147 Ubi
2536 2110 2684 2150 nunc
2716 2107 2800 2151 est
2825 2099 2914 2152 ille
2945 2102 3224 2170 angelicas
3264 2104 3423 2159 habi-

1839 2190 1923 2236 tus
1983 2182 2350 2252 virginitatis?
2393 2183 2491 2241 Ubi
2523 2197 2607 2244 est
2644 2190 2752 2243 vita
2786 2191 2935 2247 cruci
2979 2193 3178 2249 allisa?
3205 2194 3304 2250 Ubi
3337 2208 3424 2254 est

1838 2274 2074 2346 lacryma
2096 2281 2578 2349 compunctionis?
2614 2281 2898 2350 Quomodo
2929 2293 3206 2342 tantarum
3242 2295 3426 2347 virtu-

1839 2378 1949 2421 tum
2017 2371 2308 2429 altitudine
2348 2375 2674 2432 descendisti
2707 2379 2774 2432 ad
2828 2379 3074 2436 ultimum
3107 2383 3427 2442 barathrum

1835 2457 2344 2528 deccptionis?Cur
2393 2468 2524 2519 mihi
2558 2483 2662 2521 non
2697 2473 2884 2524 statim
2923 2473 3246 2542 slgnilicasti
3285 2488 3432 2533 atro-

1836 2551 1954 2606 cem
2001 2552 2145 2606 illam
2201 2570 2438 2625 pugnam
2500 2558 2748 2612 inimici?
2778 2561 2891 2614 Cur
2939 2579 3048 2618 nnn
3073 2568 3135 2619 de
3163 2570 3314 2635 gravi
3343 2569 3431 2623 illo

1839 2643 1992 2711 lapsu
2027 2659 2056 2698 e
2087 2644 2318 2715 vestigio
2370 2646 2721 2717 triumpltasti
2750 2650 2774 2704 ?
2800 2650 3039 2709 Omnino
3075 2671 3175 2727 ego
3215 2667 3270 2712 et
3296 2660 3430 2715 cha-

1840 2739 2090 2794 tissimus
2137 2738 2386 2808 Epltraem
2414 2740 2672 2813 lacrymis
2708 2754 2762 2801 et
2795 2748 3049 2817 precibus
3088 2767 3184 2821 pro
3214 2763 3264 2807 te
3288 2759 3429 2823 apud

1842 2827 2009 2881 Deum
2047 2831 2574 2888 intercessissemus.
2613 2834 2725 2890 Cur
2766 2846 2816 2892 te
2855 2848 3059 2894 tantum
3113 2843 3376 2916 elongasti
3402 2865 3430 2901 ιι

1842 2918 2020 2984 nubis,
2059 2927 2112 2973 et
2144 2913 2244 2974 cur
2275 2937 2302 2974 a
2343 2933 2395 2975 te
2444 2924 2703 2980 oblivioni
2753 2929 2913 2983 datus
2967 2947 3106 2995 sum,
3170 2913 3428 3006 tanquam

1839 3021 2089 3067 mortuus
2123 3027 2152 3066 a
2186 3013 2390 3069 corde?
2447 3013 2556 3070 Cur
2611 3027 2664 3073 te
2716 3021 2852 3077 adeo
2900 3023 3044 3093 cepit
3095 3025 3429 3097 desperatio,

1841 3120 1961 3174 qua:
1999 3116 2078 3162 cst
2113 3108 2333 3176 maligni
2369 3109 2562 3164 bamus
2596 3111 2950 3185 inevitabilis,
2988 3132 3042 3172 ut
3070 3137 3167 3175 nec
3192 3125 3285 3176 tibi
3308 3126 3429 3193 qui-

1843 3197 1965 3249 dem
2006 3200 2317 3266 peperceris
2353 3201 2627 3270 deinceps,
2673 3207 2767 3256 sed
2833 3205 3198 3265 inverecunde
3228 3212 3430 3270 feceris

1840 3301 1901 3342 ea
1931 3304 2050 3358 qua:
2073 3299 2200 3343 sunt
2227 3291 2562 3360 turpissima,
2598 3305 2651 3348 et
2680 3295 2884 3351 inimici
2917 3299 3091 3370 plagis
3121 3313 3244 3360 tuas
3273 3307 3428 3376 adje-

1842 3383 1983 3436 ceris
2016 3396 2030 3435 :
2069 3397 2189 3437 cum
2213 3394 2498 3453 Oporteret
2531 3387 2711 3456 potius
2776 3403 3093 3462 exsurgere,
3126 3404 3179 3449 et
3212 3409 3435 3468 propter

1839 3489 1904 3530 ea
1931 3491 2050 3544 qua:
2068 3475 2391 3542 admiseras,
2414 3493 2668 3549 magnam
2705 3484 2991 3540 ostendere
3007 3487 3386 3554 paenitentiam
3413 3493 3436 3546 ?

1840 3564 1958 3621 Non
2000 3567 2140 3620 nosti
2180 3567 2270 3621 Dei
2307 3569 2357 3620 in
2410 3585 2510 3622 nos
2571 3571 2802 3639 viscera,
2866 3586 2921 3629 et
2977 3582 3432 3646 quemadmodum

1841 3659 2011 3712 nostri
2077 3673 2261 3713 curam
2299 3661 2436 3730 gerit
2465 3661 2638 3728 magis
2667 3678 2828 3734 quam
2887 3679 3079 3735 mater,
3112 3681 3168 3725 ut
3213 3676 3307 3744 qui
3335 3693 3436 3733 nos

1842 3752 1971 3805 velit
2002 3768 2331 3822 congregare
2361 3755 2550 3823 (idque
2596 3773 2718 3812 cum
2753 3775 2897 3830 saepe
2931 3777 2958 3816 a
3011 3766 3169 3821 nobis
3245 3779 3433 3826 cnnte~

1844 3854 2088 3903 mnatnr.
2117 3854 2172 3896 et
2199 3845 2554 3917 despiciatur)
2588 3865 2695 3904 non
2755 3867 2914 3907 secus
2947 3870 3010 3909 ac
3033 3858 3230 3927 gallina
3263 3865 3438 3931 pullos

1841 3949 1970 3989 suos
2025 3936 2126 3990 sub
2161 3935 2622 4008 alis?Pr0pterea
2682 3955 2814 4014 ergo
2871 3961 3000 4016 rogo
3044 3959 3116 4018 te,
3161 3953 3234 4006 ini
3271 3957 3432 4023 viam,

1841 4044 1961 4097 qua:
2023 4028 2174 4083 ducit
2244 4031 2312 4087 ad
2374 4034 2626 4088 meliora.
2677 4033 2850 4108 Rogo,
2883 4042 3120 4111 inquam,
3158 4062 3254 4116 per
3286 4067 3435 4106 meos

1842 4133 2030 4184 canos,
2105 4133 2202 4188 per
2267 4122 2483 4177 labores
2528 4136 2750 4193 propter
2801 4138 2852 4182 te
2899 4145 3201 4202 susceptos,
3232 4150 3286 4192 et
3317 4141 3438 4197 illas

1843 4211 2215 4266 intolerabiles
2247 4215 2412 4269 animi
2442 4217 2818 4287 aegritudines,
2852 4230 2908 4276 et
2955 4224 3098 4282 hunc
3121 4243 3433 4298 maerorem.

1841 4313 1895 4359 et
1937 4305 2340 4369 confusionem,
2373 4308 2485 4361 redi
2519 4310 2582 4361 ad
2610 4312 2848 4380 priorem
2892 4313 3105 4373 vivendi
3143 4322 3434 4381 rationem.

1841 4395 2090 4451 COttcede
2142 4397 2298 4464 mihi,
2331 4407 2387 4450 ut
2451 4400 2727 4468 paululum
2787 4405 3072 4475 respirem,
3125 4417 3179 4463 et
3213 4426 3280 4466 ne
3308 4429 3431 4470 cum

151 4493 325 4562 ταύτης
343 4493 591 4563 ἀθυμίας
612 4506 672 4542 τε
697 4490 791 4542 καὶ
811 4489 1149 4560 συγχύσεως,
1174 4487 1308 4556 ἅψαι
1333 4492 1432 4561 τῆς
1459 4492 1731 4561 προτέρας

1843 4490 2028 4545 dolore
2094 4505 2266 4545 meam
2331 4503 2667 4549 senectutem
2714 4499 3060 4557 transmittas
3085 4505 3152 4558 ad
3200 4503 3429 4564 inferos.

153 4581 436 4654 διαγωγῆς·
486 4585 600 4640 καὶ
659 4582 750 4645 δός
797 4597 886 4652 μοι
914 4581 1111 4651 μικρὸν
1151 4578 1494 4633 ἀναπνεῦσαι
1526 4582 1618 4632 καὶ
1654 4582 1729 4653 μὴ

157 4683 273 4742 ptri
293 4676 469 4747 λύπης
497 4679 582 4737 εἰς
619 4674 751 4744 ᾅδου
780 4675 842 4725 τὸ
865 4674 1041 4744 γῆρας
1066 4672 1128 4726 τὸ
1158 4671 1292 4741 ἐμὸν
1323 4672 1728 4745 παραπέμψῃς.

210 4769 344 4837 κοτ’.
380 4767 579 4822 Ταῦτα
621 4763 759 4834 πρὸς
801 4765 898 4832 τὴν
935 4764 1164 4834 ἀνεψιὰν
1189 4763 1364 4833 λέγων
1406 4762 1729 4835 Ἁϐράμης,

153 4865 282 4932 παρὰ
311 4865 496 4934 κωφὸν
545 4862 705 4934 ᾅδειν
756 4855 969 4912 tam:-
1008 4858 1249 4910 νεύσασα
1303 4857 1412 4927 γὰρ
1459 4859 1610 4911 κάτω
1637 4859 1733 4911 καὶ

154 4955 233 5020 τὴν
253 4957 427 5027 φωνὴν
459 4956 570 5007 ὑπὸ
593 4955 695 5022 τῆς
731 4950 931 5019 πολλῆς
960 4951 1176 5020 ἐκείνης
1210 4950 1470 5020 αἰσχύνης
1506 4952 1732 5019 ἐπισχε-

156 5046 304 5115 latin,
351 5052 581 5117 ἑστήκει
619 5048 808 5118 ὁρῶσα
842 5048 923 5109 είς
968 5045 1072 5114 γῆν
1101 5048 1198 5098 καὶ
1233 5045 1404 5100 πο).λά
1428 5045 1523 5098 τοῦ
1561 5063 1734 5118 προσ-

155 5139 282 5192 ώπου
335 5144 568 5212 ἀφιεῖσα
601 5140 898 5208 χρώματα,
955 5138 1015 5204 ἐξ
1047 5132 1120 5191 ῶν
1160 5137 1194 5208 ἦ
1232 5155 1290 5188 τε
1327 5139 1539 5205 ἀγωνία
1572 5142 1666 5191 καὶ
1699 5141 1731 5210 ή

156 5235 340 5306 ταραχὴ
375 5235 472 5308 τῆς
527 5231 723 5302 ψυχῆς
787 5229 1078 5300 ἐδηλοῦτοο
1109 5230 1195 5300 ἐφ’
1238 5223 1317 5294 οἷς
1351 5233 1557 5296 ἐκεῖνος
1588 5231 1734 5286 οὕτω

159 5310 496 5394 nausiam
533 5327 715 5395 αὐτὴν
759 5324 1176 5392 ἀνακτώμενος,
1218 5326 1358 5394 μετά
1398 5325 1600 5395 πολλῆς
1635 5325 1734 5397 τῆς

158 5423 435 5490 πραότητος
492 5424 593 5476 καὶ
643 5418 749 5486 τῆς
813 5415 1152 5481 ἐπιεικείας·
1215 5418 1390 5482 Διατί,
1437 5411 1482 5471 ὧ
1519 5419 1731 5484 τέκνον,

158 5513 256 5567 sibi
286 5515 558 5584 ἀποκρίνῃ
603 5527 701 5582 μοι
729 5525 745 5574 ;
783 5509 920 5580 εφη*
950 5510 1052 5564 οὐκ
1103 5503 1276 5574 οἶδας,
1315 5511 1396 5564 ὅτι
1435 5509 1524 5564 διὰ
1553 5510 1612 5563 σε
1636 5514 1735 5582 τὴν

159 5609 395 5677 τοσαύτην
449 5606 576 5657 ὁδὸν
633 5599 974 5671 ἐστειλάμην
1002 5618 1017 5666 ;
1072 5601 1175 5656 οὐκ
1209 5598 1379 5668 οἶδας,
1413 5603 1495 5656 δτι
1523 5602 1612 5656 διὰ
1634 5603 1734 5674 τὴν

162 5693 241 5764 σὴν
266 5696 430 5749 ταῦτα
481 5695 678 5748 πάντα
710 5691 992 5761 σωτηρίαν
1025 5691 1440 5765 ὑπεκρινάμην,
1469 5695 1529 5748 τὸ
1563 5711 1732 5769 στρα-

163 5789 381 5840 τιωτικὸν
400 5790 500 5860 τῆς
533 5783 763 5850 στολῆς,
797 5782 890 5833 τὸν
923 5781 1122 5851 ἔρωτα,
1146 5784 1247 5852 τὴν
1271 5785 1650 5856 κρεωφαγίαν,
1675 5783 1733 5838 δν

538 5885 829 5942 ΡΑτιοῐ..
877 5878 997 5940 Gtt.
1039 5878 1222 5946 CXV.

1905 4749 2107 4810 XXVI.
2141 4752 2267 4810 ﬂare
2317 4754 2439 4811 lilia:
2473 4742 2660 4811 fratris
2705 4755 2894 4814 dicens
2932 4760 3243 4832 Abramius,
3283 4769 3434 4824 vide-

1841 4844 2000 4899 batur
2021 4847 2187 4900 surdo
2213 4861 2426 4901 canere.
2463 4845 2730 4904 Deorsum
2767 4852 2910 4904 enim
2947 4855 3000 4907 in
3039 4866 3244 4912 terram
3271 4860 3434 4916 incli-

1839 4949 1966 4993 nata
1989 4937 2151 5003 facie,
2188 4949 2240 4993 et
2265 4955 2373 5010 pra:
2410 4956 2608 5011 magno
2648 4943 2740 4998 illo
2788 4945 2994 5015 pudore
3032 4949 3151 5019 ejus
3183 4967 3313 5009 voce
3350 4970 3436 5010 re-

1841 5047 2053 5102 pressa,
2108 5033 2291 5087 stabat
2321 5042 2522 5086 terram
2577 5034 2841 5090 intuens:
2874 5053 2938 5091 ex
2989 5040 3186 5106 quibus
3230 5042 3434 5116 signili-

1841 5127 2070 5179 cabatur
2122 5140 2294 5196 angor
2347 5135 2402 5180 et
2454 5126 2622 5181 animi
2663 5129 3021 5198 perturbatio.
3067 5133 3434 5200 Quamobrem

1842 5218 1932 5273 ille
1951 5233 2071 5272 eam
2104 5219 2182 5271 sic
2210 5214 2494 5272 confusam
2528 5233 2806 5283 recreans,
2832 5235 2956 5275 cum
2988 5237 3179 5294 magna
3208 5225 3434 5285 lenitate

1841 5324 1901 5368 et
1932 5312 2306 5366 moderatione
2339 5329 2352 5366 :
2387 5311 2519 5379 Cur,
2576 5314 2770 5382 inquit,
2824 5329 2856 5369 o
2896 5314 3027 5377 lilia,
3071 5325 3127 5370 tu
3159 5320 3288 5372 mihi
3323 5336 3432 5376 non

1842 5406 2186 5477 respondes?
2237 5405 2424 5463 Nescis
2463 5421 2549 5461 me
2585 5421 2809 5479 propter
2842 5419 2892 5462 te
2924 5418 3132 5465 tantum
3169 5412 3270 5466 iter
3314 5429 3438 5472 esse

1842 5499 2204 5572 ingressum?
2244 5499 2434 5557 Nescis
2482 5517 2568 5556 me
2619 5512 2840 5572 propter
2893 5511 2962 5567 te,
3001 5510 3220 5572 propter
3281 5515 3435 5564 tuam

1843 5597 2074 5654 salutem
2120 5597 2237 5652 hac
2290 5596 2477 5650 omnia
2539 5596 2850 5663 simulasse,
2883 5609 3092 5654 vestem
3116 5599 3432 5666 militarem.

1845 5704 2112 5760 amorem,
2132 5704 2284 5743 esum
2310 5690 2581 5758 carnium,
2604 5703 2766 5762 quem
2805 5691 2915 5746 scis
2941 5690 3234 5748 nibilaliud
3256 5707 3434 5760 nosse,

1840 5793 2036 5856 prater
2087 5782 2277 5839 cellam
2310 5795 2367 5840 et
2423 5782 2746 5840 silentium?
2773 5783 2886 5840 Non
2920 5795 3008 5842 est
3035 5786 3198 5841 ullum
3238 5802 3432 5858 pecca-

3077 5877 3110 5938 3
