3972 6430
543 364 616 429 79
1873 357 2157 424 MENSJS
2198 361 2534 426 APRlLIS.
3756 369 3826 430 80

547 505 564 533 ι
606 482 761 537 Finis
783 478 1036 549 pracepti
1060 490 1140 531 est
1172 474 1414 531 cliaritas
1440 474 1501 540 δ;
1543 491 1560 524 i
1599 473 1794 528 merito
1818 474 2001 544 Agape
2029 490 2126 528 vo-
2155 483 2206 542 Α
2237 486 2310 541 tu,
2353 477 2638 549 Eutycliia,
2672 477 2823 546 quid,
2868 477 2995 533 ais?
3040 478 3209 545 idem,
3254 480 3428 550 inquit
3480 481 3591 545 illa,
3631 494 3683 536 et
3725 497 3827 551 ego

543 579 790 633 cabatur.
833 574 940 628 Hoc
964 573 1108 626 enim
1138 569 1354 623 nomine
1383 567 1557 622 Grreci
1590 567 1915 621 citaritutem
1948 568 2128 636 appel-

543 675 680 725 lant.
715 667 896 720 Altera
939 679 1132 733 purum
1172 677 1232 715 ac
1266 659 1607 729 splendidum
1645 660 1986 728 baptismatis
2047 659 2129 712 ni-

549 777 722 818 iorem
751 773 1000 817 servans,
1036 757 1106 809 ita
1138 766 1194 807 nt
1224 756 1287 808 de
1319 755 1431 823 ipsa
1467 754 1840 822 prolilieticum
1873 752 1995 804 illml
2023 753 2126 806 dici

542 867 728 926 posset
761 871 771 904 :
804 872 819 902 ι
847 851 1080 905 Lai-abis
1109 865 1214 910 ine,
1249 857 1302 900 et
1323 861 1484 914 super
1510 848 1685 898 nivem
1736 845 2026 898 dealbahnr
2048 845 2123 909 ',i

546 964 576 998 a
609 946 727 997 nive
787 957 982 995 nomen
1033 937 1276 1005 accepit;
1337 936 1565 989 Cliionia
1617 938 1760 988 enim
1826 935 2127 987 dicebatur.

545 1040 728 1093 Tertia
783 1033 1079 1088 Salvatoris
1105 1041 1157 1084 et
1190 1030 1280 1082 Dei
1309 1028 1481 1081 nostri
1516 1029 1737 1089 donum,
1774 1027 1875 1080 hoc
1905 1037 2007 1090 est,
2042 1042 2130 1094 pa-

543 1148 660 1187 rem
705 1131 754 1182 in
787 1144 843 1180 se
875 1126 1099 1186 habens,
1135 1133 1186 1173 et
1218 1122 1271 1174 in
1308 1134 1497 1172 omnes
1531 1134 1814 1180 exercens,
1865 1116 2129 1184 quemad-

543 1226 764 1280 modum
807 1217 1063 1272 Dominus
1088 1216 1216 1266 dixii
1252 1227 1264 1264 :
1301 1230 1318 1262 ι
1359 1210 1552 1265 Pacem
1592 1226 1767 1263 meam
1792 1212 1859 1261 do
1885 1209 2030 1261 vobis
2047 1207 2122 1272 ⁸,»

542 1324 700 1377 lrene
731 1323 797 1374 ab
835 1319 1087 1374 omnibus
1120 1316 1436 1378 vocabatur,
1483 1329 1511 1365 a
1562 1327 1693 1382 pace
1730 1325 1926 1363 nomen
1983 1308 2128 1361 acci-

542 1420 716 1487 piens.
754 1415 861 1470 llas
905 1427 1014 1468 tres
1047 1413 1278 1467 feminas
1319 1427 1440 1464 cum
1500 1411 1565 1462 ad
1615 1424 1671 1460 se
1704 1409 1912 1470 ductas,
1967 1417 2016 1459 et
2059 1408 2128 1458 ita

542 1515 768 1567 allectus
798 1510 1146 1578 magistratus
1167 1507 1412 1569 vidisset,
1449 1514 1506 1558 ut
1533 1503 1634 1559 diis
1652 1500 1915 1554 sacriﬁcia
1935 1497 2130 1552 olTerre

543 1603 772 1662 nollent,
810 1601 928 1667 igne
958 1597 1281 1652 cremandus
1309 1609 1428 1647 esse
1463 1591 1721 1651 decrevit,
1744 1600 1798 1641 ut
1823 1604 1918 1655 per
1952 1589 2128 1657 ignem

542 1695 722 1766 exigui
765 1691 1049 1758 temporis,
1085 1689 1193 1753 igni
1232 1687 1504 1756 subjectos
1557 1685 1830 1735 diabolum
1889 1695 2133 1734 omnem-

544 1803 648 1857 que
689 1789 992 1838 daemonum
1031 1791 1329 1841 catervam,
1378 1778 1544 1845 ipsius
1580 1774 1776 1826 diaboli
1805 1773 2128 1833 exercitum,

2239 572 2361 623 dico
2399 589 2411 623 ε
2454 571 2596 625 malo
2622 581 2674 623 et
2701 571 2815 640 ipsa
2848 573 3009 637 mori,
3041 588 3203 642 quam
3245 571 3425 626 facere
3453 573 3596 642 quod
3639 573 3822 640 jubes.

2237 664 2326 717 Ait
2363 663 2435 717 illi
2471 680 2708 731 praeses:
2740 664 2870 717 Num
2904 667 3077 718 virum
3117 664 3322 719 habes?
3345 664 3606 730 Mortuus,
3647 666 3829 735 inquit

2239 755 2522 824 Entycliia.
2559 757 2646 811 ille
2678 767 2780 812 est.
2816 756 3020 811 Przeses
3057 773 3182 811 vero
3216 773 3230 810 :
3271 758 3652 825 Quampridem
3679 771 3828 810 mor-

2239 857 2362 902 tuus
2390 850 2510 903 est?
2542 851 2679 904 Ante
2711 865 2924 904 menses
2952 850 3062 905 lere
3083 861 3312 918 septem,
3344 852 3515 918 inquit
3539 851 3826 919 Eutycliia.

2239 937 2389 991 Tunc
2420 940 2504 991 ille
2538 957 2549 991 :
2591 939 2655 992 Et
2687 942 2957 993 undenain
2992 942 3157 1009 igitur
3187 941 3404 1008 gravida
3434 942 3578 993 facta
3616 941 3716 993 es?
3746 941 3827 993 Ex

2238 1047 2322 1092 eo,
2366 1031 2534 1099 inquit
2570 1032 2676 1097 illa,
2712 1035 2849 1097 viro,
2879 1049 3040 1100 quem
3074 1033 3222 1086 dedit
3259 1033 3387 1085 milii
3422 1032 3584 1085 Dens.
3615 1032 3831 1086 Prwses

2239 1133 2418 1174 autem
2448 1138 2460 1173 :
2495 1119 2692 1175 llorior
2725 1134 2801 1185 te,
2833 1123 3114 1192 liniychia,
3145 1133 3202 1176 ut
3235 1123 3304 1176 ab
3352 1124 3452 1175 ista
3498 1125 3708 1176 insania
3735 1126 3834 1176 de-

2239 1217 2432 1269 sistere
2469 1217 2622 1280 velis,
2655 1227 2709 1270 et
2759 1219 2824 1269 ad
2866 1219 3131 1270 humanas
3189 1216 3547 1284 cogitationes
3613 1217 3830 1270 redeas.

2239 1307 2375 1372 Quid
2403 1306 2515 1359 ais?
2549 1311 2695 1359 visne
2725 1311 2886 1376 regali
2920 1310 3095 1361 edicto
3118 1307 3350 1376 parere?
3379 1306 3619 1372 Minime,
3653 1311 3835 1376 inquit

2242 1399 2530 1468 Eutycltia,
2561 1415 2659 1468 ego
2693 1415 2883 1466 parere
2930 1402 3070 1465 volo,
3133 1417 3250 1454 sum
3297 1403 3441 1454 enim
3494 1402 3831 1463 Christiana,

2239 1488 2334 1541 Dei
2360 1493 2744 1558 omnipotentis
2787 1505 2968 1542 serva.
2999 1489 3132 1542 Tum
3170 1491 3296 1544 ille:
3347 1495 3611 1556 Quoniam
3661 1490 3835 1558 Euty-

2239 1583 2358 1634 cliia
2396 1581 2616 1649 gravida
2649 1593 2753 1645 est,
2799 1582 3000 1634 interea
3043 1593 3289 1634 servetur
3344 1583 3395 1634 iii
3446 1596 3666 1634 earCere
3723 1583 3827 1647 (5).

2240 1674 2417 1740 Atque
2445 1675 2557 1726 haec
2590 1671 2798 1723 addidit
2828 1688 2841 1724 ε
2879 1669 2955 1722 Tit
2987 1687 3132 1733 vero,
3162 1672 3364 1740 Agape,
3401 1675 3627 1739 quiduis
3659 1672 3680 1723 ?
3719 1671 3838 1722 Vis-

2244 1779 2310 1818 ne
2336 1765 2518 1818 omnia
2550 1765 2638 1816 illa
2681 1763 2880 1825 facere,
2913 1779 3032 1832 qure
3061 1779 3160 1816 nos
3201 1767 3431 1817 dominis
3482 1763 3836 1830 imperatori-

543 1855 636 1949 qui
665 1880 764 1931 sub
799 1875 938 1935 ctylo
970 1882 1074 1937 est,
1127 1879 1472 1938 superantes,
1531 1867 1904 1932 incorruptam
1954 1860 2135 1931 gloria:
2167 1861 2210 1916 Β
2241 1857 2339 1910 bus
2367 1871 2428 1910 ac
2452 1856 2758 1910 Caesaribus
2808 1863 3010 1909 nosm‘s
3065 1858 3245 1908 devoti
3283 1855 3550 1907 iacimus?
3585 1855 3833 1916 Minime,

545 1986 800 2025 coronam
835 1964 1082 2034 adipisci,
1118 1977 1180 2014 ac
1216 1962 1380 2013 Deum
1425 1959 1621 2027 ipsum,
1647 1969 1676 2009 a
1714 1971 1819 2022 quo
1847 1955 2024 2022 gratia
2052 1952 2131 2006 eis

545 2064 735 2117 collata
770 2069 876 2123 est,
911 2073 1031 2110 cum
1066 2053 1273 2123 angelis
1330 2058 1591 2121 perpetuo
1651 2046 1964 2100 eollaudnre
2009 2059 2131 2112 pos-

545 2166 684 2207 sent.
718 2149 848 2215 Quae.
886 2161 1013 2200 vero
1047 2145 1113 2197 ab
1144 2144 1249 2196 illis
1273 2150 1422 2210 gesta
1453 2147 1598 2202 sunt,
1639 2153 1700 2191 ea
1733 2136 1972 2190 breviter
2006 2147 2133 2184 nar-

553 2246 820 2301 rabimus.

617 2337 702 2387 llt.
729 2336 862 2383 tium
893 2330 1208 2397 praesideret
1232 2328 1511 2381 Dnlcetius
1534 2326 1632 2385 ('2),
1653 2321 1993 2376 Artemensis
2028 2319 2127 2391 [aL

552 2422 900 2494 Artemisius]
949 2423 1128 2476 seriba
1169 2421 1303 2474 dixit
1333 2438 1344 2474 :
1374 2418 1752 2487 Cognitinnem
1793 2417 1858 2469 de
1884 2417 1987 2475 his,
2035 2413 2128 2482 qui

549 2530 840 2588 prmsenti-s
858 2528 1005 2574 sunt,
1023 2535 1047 2567 a
1069 2514 1386 2570 stationurio
1407 2516 1653 2574 miSsam,
1677 2513 1717 2562 si
1735 2510 1918 2582 jnbc's,
1939 2511 2136 2577 legam.

506 2627 509 2629 ·
549 2608 948 2676 Jubeu.inquit
987 2607 1261 2660 llnlcetius
1308 2620 1526 2674 pricses,
1551 2614 1599 2656 te
1642 2606 1838 2669 legere.
1878 2600 2028 2654 Tunc
2066 2600 2137 2652 ait

549 2703 730 2755 scriba
755 2718 768 2757 :
795 2700 1000 2753 Ordine
1027 2701 1121 2752 tibi
1152 2714 1268 2751 meo
1294 2697 1520 2750 domino
1548 2696 1756 2752 omnia,
1792 2707 1912 2758 quae.
1942 2689 2140 2756 scripta

549 2804 699 2852 sunt,
729 2796 991 2845 recitabo.
1019 2792 1325 2844 Cassander
1345 2785 1732 2840 beneficiarios
1755 2787 1866 2836 hzec
1887 2782 2140 2848 scripsit:

549 2883 720 2942 Scito,
752 2878 818 2930 mi
873 2878 1109 2936 domine,
1145 2875 1508 2940 Agathonem,
1548 2872 1785 2936 Agapen,
1821 2870 2133 2935 Chionium,

549 2976 767 3032 lrcnen,
799 2969 1042 3029 Casium,
1073 2964 1402 3033 Philippum,
1433 2977 1484 3017 et
1515 2962 1838 3032 Euiyi-lnam
1879 2962 2017 3015 nolle
2051 2962 2135 3016 liis

550 3068 722 3125 vesi-i,
753 3079 871 3128 qua:
903 3063 1008 3114 diis
1041 3071 1166 3110 sunt
1198 3057 1496 3109 immolata.
1533 3057 1633 3106 Eas
1658 3055 1821 3121 igitur
1867 3055 1931 3104 ad
1990 3065 2132 3105 tuam

551 3156 962 3229 amplitudinem
1019 3149 1366 3204 adducendas
1397 3160 1518 3199 esse
1572 3145 1780 3198 curavi.
1817 3142 1967 3197 Tune
2017 3143 2138 3196 Dul-

549 3264 723 3307 cetius
781 3262 981 3316 prteses
1022 3245 1093 3296 illi
1122 3244 1258 3296 dixit
1320 3256 1332 3292 :
1384 3237 1640 3304 Qmenam
1689 3249 1774 3292 est
1822 3238 1920 3291 ista
1959 3248 2132 3291 vestra

553 3356 702 3401 tanta
739 3341 945 3394 insania
970 3378 982 3401 ,
1019 3347 1075 3389 ut
1114 3336 1296 3388 nolitis
1357 3334 1778 3402 religiosissimis
1825 3341 2134 3386 uestrorum

551 3440 939 3506 imperatorum
974 3441 1025 3483 ct
1063 3430 1337 3480 Caesarum
1369 3427 1536 3490 jussis
1565 3423 1830 3475 obedire?
1864 3424 2136 3489 Agatlioni

552 3524 1004 3589 aiiteszuai'e,
1060 3521 1254 3588 inquit,
1315 3529 1366 3572 tu
1419 3517 1485 3569 ad
1539 3533 1694 3570 sai-ra
1757 3515 2134 3586 proficiscens,

549 3617 1010 3690 quemadmodum
1056 3621 1476 3668 consueverunt.
1513 3612 1603 3679 qni
1670 3611 1773 3663 diis
1823 3610 2134 3664 consecrati

550 3725 699 3772 sunt,
738 3726 842 3763 non
879 3710 963 3761 his
995 3707 1164 3759 sacris
1203 3720 1330 3754 usus
1359 3703 1457 3754 es?
1499 3703 1797 3768 lic-spondit
1850 3708 2062 3769 Agatho
2115 3717 2128 3752 :

550 3805 816 3868 Quoniam
837 3798 1183 3852 Christianus
1209 3812 1307 3861 ego
1334 3809 1472 3844 sum.
1503 3791 1635 3843 Tum
1660 3790 1932 3844 Diilcctms
1960 3809 1972 3844 :
1998 3790 2135 3845 Num

551 3907 605 3946 tu
667 3898 830 3946 etiam
893 3888 1160 3943 hodierno
1190 3887 1275 3937 die
1310 3886 1362 3937 in
1400 3899 1464 3937 eo
1497 3886 1772 3951 proposito
1809 3883 2138 3951 permanes?

552 3988 811 4046 Maxime,
849 3985 1021 4048 inquit
1057 3981 1293 4045 Agatho.
1333 3981 1400 4028 At
1437 3978 1520 4025 ille
1553 3991 1565 4026 :
1608 3975 1686 4026 Tn
1748 3991 1896 4035 vero,
1934 3979 2136 4044 Agape,

551 4082 678 4149 quid
709 4074 828 4128 uis?
862 4071 1158 4140 lteSpondit
1187 4085 1199 4121 :
1239 4071 1347 4138 ligo
1378 4067 1485 4118 lico
1521 4067 1716 4118 viventi
1745 4070 1928 4129 credo,
1963 4080 2138 4132 neque

549 4175 670 4225 volo
704 4179 846 4223 recte
881 4166 1148 4222 (actorum
1203 4163 1593 4213 Conscientium
1655 4173 1828 4213 meam
1887 4161 2134 4226 perdere.

551 4269 703 4320 Tunc.
733 4276 932 4326 praeses
964 4278 974 4306 :
1005 4256 1082 4308 Tu
1104 4270 1282 4308 aurern
1314 4255 1439 4322 quid
1464 4256 1527 4304 ad
1555 4255 1664 4304 lia-c
1684 4254 1842 4314 dicis,
1872 4252 2139 4305 Cliimtia?

549 4358 639 4410 Ait
673 4353 757 4404 illa
798 4366 808 4400 :
846 4348 980 4403 Cum
1018 4350 1122 4404 Deo
1152 4349 1274 4399 vivo
1305 4346 1546 4406 credam,
1579 4350 1646 4397 ob
1669 4344 1717 4396 id
1748 4346 1890 4396 nolui
1933 4342 2134 4408 facere,

548 4449 693 4514 quod
731 4446 887 4496 dicis.
925 4445 999 4493 Ad
1039 4441 1230 4498 irenen
1273 4454 1404 4489 vero
1431 4452 1730 4492 conversus
1771 4453 1989 4505 praeses,
2026 4444 2135 4490 ait:

2241 1949 2415 2018 inquit
2450 1951 2650 2018 Agape,
2686 1951 2838 2002 decet
2874 1949 3091 2000 Salaria:
3123 1953 3370 2002 devmam
3424 1964 3508 2001 me
3544 1962 3684 2001 esse.
3738 1947 3836 1999 llis

2238 2045 2420 2097 verbis
2454 2058 2602 2096 mens
2639 2055 2757 2095 mea
2811 2058 2914 2096 non
2970 2044 3257 2095 abducitur
3320 2060 3332 2094 :
3386 2041 3835 2110 inexpugnabilis

2241 2135 2381 2188 enim
2407 2133 2494 2184 illa
2523 2143 2626 2185 est.
2657 2131 2809 2184 Tunc
2839 2148 3036 2198 praeses
3073 2133 3148 2185 ait
3180 2150 3192 2184 :
3227 2133 3293 2184 Et
3322 2142 3398 2190 tu,
3424 2131 3678 2193 Chionia,
3700 2134 3836 2198 quid

2241 2224 2306 2276 ad
2338 2223 2449 2274 haec
2482 2222 2655 2275 dit-is?
2685 2221 2915 2274 Mentem
2941 2233 3204 2285 nostram,
3247 2223 3421 2288 inquit
3447 2221 3698 2282 Chi0nia,
3734 2236 3835 2274 nc—

2242 2329 2330 2368 mo
2357 2324 2535 2382 potest
2563 2322 2894 2384 pervertere.
2933 2313 3002 2365 At
3034 2328 3235 2380 piaases
3266 2330 3280 2366 :
3311 2310 3447 2365 Num
3477 2313 3655 2380 aliqua
3688 2314 3838 2379 apud

2242 2420 2336 2459 vos
2362 2417 2485 2458 sunt
2512 2408 2798 2473 impiorum
2838 2403 3272 2458 Christianorum
3306 2407 3720 2465 cumtnentariu,
3750 2402 3837 2455 vel

2241 2501 2572 2553 membrante
2603 2500 2818 2565 aliquae,
2862 2497 2942 2550 vel
2990 2496 3148 2550 libri?
3206 2496 3502 2564 Respondit
3545 2496 3774 2548 Chionia
3817 2511 3835 2548 :

2243 2589 2420 2655 Nulla,
2455 2605 2486 2641 ο
2519 2606 2740 2657 pra-ses,
2773 2590 2927 2642 nobis
2955 2599 3079 2643 sunt
3103 2607 3116 2654 ;
3141 2592 3321 2642 omnia
3351 2590 3434 2641 illa
3473 2590 3837 2656 imperatores

2244 2688 2333 2753 qui
2367 2700 2510 2737 nunc
2536 2694 2684 2745 sunt,
2707 2700 2732 2736 a
2766 2683 2922 2736 nobis
2962 2684 3324 2735 abstulerunt.
3362 2683 3571 2736 l’razses
3603 2693 3785 2734 autem
3815 2697 3830 2732 :

2243 2778 2505 2842 Quisnam
2572 2777 2707 2830 hanc
2769 2787 3004 2828 mentem
3064 2775 3216 2826 vobis
3255 2772 3838 2838 dedit?0mnipotens

2245 2871 2413 2932 Dens,
2448 2873 2619 2938 inquit
2649 2871 2758 2922 illa.
2789 2869 2929 2922 Dixit
2957 2879 3136 2921 autem
3160 2881 3360 2937 praeses
3387 2883 3399 2917 :
3429 2868 3656 2932 Quinam
3680 2876 3840 2931 sunt,

2242 2966 2331 3031 qui
2365 2963 2518 3016 vobis
2541 2971 2787 3016 auctores
2803 2961 3034 3024 fuerunt,
3059 2974 3114 3016 ut
3139 2964 3205 3016 ad
3233 2963 3388 3016 istam
3421 2960 3710 3014 stultitiam
3741 2975 3842 3016 vc-

2244 3057 2474 3109 niietis?
2502 3055 2663 3114 Deus.
2694 3057 2865 3124 inquit
2897 3056 3147 3120 Chionia,
3187 3058 3533 3124 omnipotens
3561 3067 3611 3108 et
3640 3055 3838 3123 unige-

2249 3150 2392 3202 nitus
2420 3150 2538 3218 ejus
2577 3149 2768 3214 Filius,
2801 3150 3058 3202 Dominus
3091 3159 3273 3200 noster
3325 3147 3487 3200 Jcsus
3548 3147 3833 3202 Christus.

2247 3241 2516 3295 Dnlceiius
2563 3241 2680 3292 ait:
2730 3238 3069 3292 Manifestum
3117 3239 3244 3290 illud
3295 3248 3397 3301 est,
3447 3243 3587 3306 quod
3643 3252 3840 3292 omnes

2242 3348 2340 3387 vos
2377 3334 2650 3387 devotioni
2704 3343 3013 3386 n0strorum
3081 3331 3379 3401 p0tentium
3438 3333 3840 3396 imperatorum

2244 3443 2307 3480 ac
2340 3426 2612 3481 Czesarum
2641 3427 2916 3496 subjectos
2953 3441 3076 3480 esse
3110 3435 3343 3494 oportet.
3382 3423 3651 3489 Quoniam
3705 3437 3846 3477 vero

2244 3532 2364 3592 post
2398 3533 2506 3575 tam
2557 3522 2780 3575 multum
2834 3533 3066 3590 tempus,
3115 3533 3236 3588 post
3287 3528 3368 3573 tot
3411 3518 3841 3581 admonitiones,

2245 3627 2428 3682 tuique
2455 3615 2628 3668 edicta
2656 3616 2952 3681 proposita,
2982 3625 3034 3667 et
3073 3616 3206 3666 tales
3239 3614 3415 3666 minas
3447 3613 3694 3678 injectus,
3733 3627 3838 3665 vos

2243 3710 2551 3763 temeritate
2579 3707 2808 3776 (laudum
2845 3718 2902 3759 et
2929 3709 3152 3760 audacia
3187 3707 3362 3767 elata},
3395 3707 3631 3774 ipsorum
3662 3707 3840 3772 impe-

2245 3813 2481 3856 ratorum
2512 3818 2572 3856 ac
2605 3803 3050 3872 Caesarnmjusta
3093 3801 3245 3868 jussa
3297 3801 3724 3868 centempsistis,
3783 3800 3837 3852 in

2241 3897 2675 3951 Christianorum
2707 3897 2870 3964 impio
2899 3895 3116 3948 nomine
3142 3906 3524 3963 permanentes
3555 3911 3567 3946 :
3597 3907 3842 3958 cumque

2243 3992 2308 4043 ad
2341 3993 2659 4042 hodiernum
2697 3990 2840 4040 diem
2873 3989 3036 4054 iussa:
3081 4003 3108 4040 a
3171 3989 3509 4041 stationariis
3541 4002 3602 4039 ac
3640 3989 3835 4054 primis

2246 4077 2525 4143 militibus,
2567 4080 2770 4133 CliriSti
2839 4080 3182 4145 negationem
3237 4081 3495 4145 scriptam
3561 4078 3830 4144 proliteri,

2241 4172 2421 4228 facere
2451 4176 2500 4227 id
2539 4175 2824 4238 recuselis,
2855 4184 3140 4240 proliterea
3168 4188 3383 4240 .poenas
3435 4173 3588 4223 vobis
3637 4174 3832 4236 dignas

2244 4269 2492 4335 accipite.
2535 4266 2586 4317 Id
2621 4279 2740 4315 eum
2774 4267 3019 4326 dixisset,
3072 4266 3401 4314 sententiam
3453 4262 3713 4328 scriptam
3756 4262 3832 4316 le-

2245 4362 2357 4428 git:
2396 4363 2612 4423 Agapen
2637 4365 2688 4407 et
2713 4353 3022 4414 Chionium,
3048 4353 3300 4422 qucuiam
3332 4355 3534 4423 iniquis
3557 4357 3834 4411 mentibus

2245 4462 2294 4506 et
2318 4451 2605 4504 contrariis
2641 4451 2923 4503 sententiis
2961 4451 3133 4510 elatae,
3165 4460 3352 4503 contra
3407 4448 3651 4501 divinum
3712 4449 3839 4502 edi-

550 4543 821 4606 Quidnam
856 4543 910 4588 tu
944 4535 1007 4584 ad
1040 4529 1198 4584 hinc?
1260 4545 1356 4582 cur
1397 4545 1506 4582 non
1547 4531 1789 4597 piissimo
1827 4544 2132 4582 nostrorum

2245 4552 2388 4595 ctum
2417 4543 2762 4594 dominorum
2793 4543 3160 4604 Augustorum
3185 4553 3236 4592 et
3259 4543 3532 4592 Caesarum
3561 4539 3838 4606 fecerunt,

549 4635 942 4699 imperaturum
995 4637 1047 4678 et
1090 4623 1368 4677 Casurum
1418 4624 1591 4688 jnssni
1654 4623 2139 4690 obtemperavisti?

552 4724 730 4777 Divini
763 4720 972 4771 timoris
994 4726 1177 4779 Causa,
1205 4715 1382 4781 inquit
1414 4715 1583 4769 lrene.
1619 4713 1749 4769 Dein
1777 4733 1975 4785 μι-ωερε
2005 4736 2018 4770 ε
2057 4717 2134 4771 Tu

550 4833 704 4882 vero,
731 4815 916 4876 Casia,
946 4812 1076 4880 quid
1112 4805 1230 4859 uis?
1261 4809 1510 4859 Animam
1541 4809 1932 4875 ineam,inqnit
1955 4810 2134 4871 Casia,

548 4923 772 4965 scrvare
830 4903 969 4957 volo.
1011 4902 1216 4954 Pru'ses
1265 4911 1445 4954 autem
1484 4916 1497 4952 :
1531 4898 1800 4969 Numquid
1849 4917 2132 4954 sacrorum

547 5009 631 5062 vis
662 5019 783 5059 esse
815 4997 1136 5073 particeps?
1167 4997 1406 5061 Minime,
1443 4997 1616 5066 inquit
1651 4995 1760 5048 illa.
1795 4994 1944 5051 Tunc
1999 5012 2133 5065 prae-

549 5114 637 5156 ses
665 5114 679 5150 :
714 5098 794 5150 Tu
827 5109 976 5158 vero,
1015 5091 1286 5159 Philippa,
1322 5087 1454 5156 quid
1473 5089 1650 5142 dicis?
1681 5089 1979 5159 Retipondit
2003 5091 2088 5143 illa
2119 5107 2132 5144 :

551 5191 700 5246 Idem
725 5201 780 5243 et
801 5203 898 5257 ego
923 5187 1065 5238 dico.
1096 5185 1388 5249 Quidnam,
1414 5181 1586 5250 inquit
1608 5197 1834 5251 praeses,
1863 5183 1962 5235 hoc
1994 5182 2136 5266 idem

548 5293 656 5348 eSI,
689 5282 830 5348 quod
861 5277 1039 5331 dii-is?
1096 5274 1172 5330 Illi
1233 5287 1414 5328 autem
1469 5274 1714 5344 Philippa
1755 5291 1768 5324 τ
1802 5274 1935 5328 Mori
1973 5276 2132 5342 malo,

555 5389 725 5443 quam
780 5371 978 5425 veSiris
1007 5368 1293 5422 sacriﬁciis
1327 5366 1494 5421 vesci.
1553 5365 1705 5421 Tune
1741 5382 1944 5436 priescs
1981 5386 1994 5423 ε
2034 5371 2141 5426 Sed

622 5529 692 5582 ⁵1
733 5530 874 5584 Titii.
913 5546 951 5592 ι,
980 5529 1032 5584 5.
1111 5530 1130 5560 ³
1168 5528 1308 5583 Psal.
1344 5529 1468 5593 t.,9.
1549 5531 1568 5561 '
1600 5530 1759 5585 Joan.
1795 5545 1903 5592 xiv,
1933 5526 2020 5580 27.

624 5688 700 5753 (‘2)
742 5691 897 5740 Anno
949 5687 1070 5740 30.5.
1117 5685 1244 5739 Vide
1269 5685 1584 5740 Baroninni.

625 5761 701 5826 t3}
738 5759 875 5825 Legi:
930 5763 1072 5810 enim
1138 5759 1470 5829 \‘EiiltlmIdC
1520 5758 1924 5826 praegnantibus
1991 5761 2127 5810 sumi

552 5833 873 5901 supplicium
903 5833 1060 5884 docet
1107 5830 1428 5882 Plutarchus
1456 5829 1517 5880 de
1550 5833 1628 5882 litt
1655 5832 1741 5900 qui
1785 5847 1898 5883 seru
1950 5849 1979 5883 (ι
2033 5842 2129 5882 nu-

2245 4643 2298 4687 et
2332 4649 2472 4686 nunc
2512 4636 2675 4684 etiam
2713 4635 3082 4696 temerariam,
3120 4648 3310 4688 vanam
3352 4642 3405 4686 et
3441 4634 3540 4699 piis
3576 4636 3840 4689 omnibus

2243 4726 2637 4779 exSet-rabilem
2659 4724 3092 4776 Christianorum
3130 4726 3443 4794 religionem
3475 4726 3688 4786 colunt,
3716 4725 3833 4792 igni

2248 4818 2534 4868 tradendus
2562 4817 2743 4884 jiibi-o.
2777 4815 2974 4883 Hisque
3011 4816 3191 4877 dictis,
3247 4818 3527 4883 snbjnnxit
3561 4831 3573 4866 :
3615 4816 3840 4881 Agatho

2243 4915 2448 4967 autem,
2486 4905 2669 4964 Casm,
2724 4902 2968 4972 Philippa
3019 4915 3073 4957 et
3127 4904 3300 4967 lreue,
3334 4903 3510 4971 quoad
3547 4904 3676 4955 inibi
3713 4904 3841 4972 pla-

2243 5000 2437 5059 cuerit,
2475 5008 2757 5052 serventur
2789 5001 2839 5050 in
2874 5012 3114 5052 carcere.

2313 5086 2400 5141 IV.
2435 5086 2628 5141 Postea
2659 5103 2804 5150 vero,
2839 5101 2999 5157 quam
3037 5087 3402 5141 sanctissima:
3437 5085 3700 5140 mulieres
3720 5087 3837 5156 igni

2240 5190 2631 5235 consuinmatce
2653 5191 2801 5241 sunt,
2826 5197 2947 5233 cum
2972 5196 3160 5234 rursus
3183 5189 3370 5235 Sancta
3397 5177 3549 5234 lrene
3586 5181 3650 5231 ad
3686 5195 3839 5246 prae-

2243 5275 2414 5326 sidein
2446 5274 2605 5325 ducta
2639 5274 2849 5338 luisset,
2887 5272 3160 5328 Dulcetius
3189 5275 3268 5327 sic
3296 5274 3443 5327 illam
3465 5271 3660 5325 allatus
3694 5281 3783 5326 est
3822 5291 3835 5326 :

2245 5363 2374 5419 Tua!
2409 5367 2633 5420 insanim
2668 5369 3002 5436 propositum
3051 5383 3115 5421 ex
3156 5351 3266 5436 liis,
3295 5383 3413 5436 quae
3448 5365 3605 5431 facis,
3651 5368 3841 5422 mani-

2247 5688 2384 5742 mi'nc
2416 5688 2725 5754 puniuntur.
2763 5687 2866 5741 Sed
2907 5701 3002 5737 nec
3034 5687 3099 5741 de
3129 5686 3207 5738 eis
3240 5686 3423 5739 haberi
3464 5684 3833 5753 qumstinnem

2244 5761 2473 5814 atlirmat
2505 5761 2766 5830 Ulpiaims
2802 5760 2840 5814 l.
2877 5759 3212 5829 l’rcegnmiiis
3245 5759 3299 5812 α’.
3347 5757 3419 5811 De
3449 5759 3648 5827 pinnis.
