3972 6448
169 381 237 445 8i
1227 376 1412 440 VITA
1447 377 1554 438 SS.
1595 369 1888 436 AGAPES
1929 373 2027 434 ΕΤ
2066 375 2486 438 SOCIARUM.
3399 369 3472 435 82

170 494 320 547 festo
347 497 612 560 apparet,
639 502 760 560 qua:
782 495 864 545 tot
893 489 1257 557 membranas,
1304 488 1496 556 libros,
1532 489 1780 557 tabellas,
1812 489 1860 547 Δ
1891 495 1986 542 cut
2043 502 2071 541 a
2097 487 2371 558 principio
2414 499 2871 543 consueveramus
2928 500 3102 556 usque
3160 488 3226 542 ad
3274 502 3474 544 annum

167 581 467 638 codicillos
527 589 583 636 et
626 582 852 652 paginas
887 581 1316 652 Scripturarum,
1348 597 1468 652 qute
1502 589 1631 636 sunt
1681 579 1784 634 im-
1894 579 2257 648 superiorem.
2313 595 2420 648 quo
2468 587 2524 634 et
2579 578 2673 632 illa
2728 578 3144 634 occultavimus.
3203 577 3480 634 Dulcetius

169 678 400 744 piorum
434 673 909 746 Christianorum,
934 674 1025 745 qui
1062 691 1300 746 unquam
1325 674 1564 736 ﬁlerunt,
1597 673 1664 726 ad
1690 671 1786 726 h0-

169 769 439 823 diernum
502 783 673 836 usque
719 769 860 823 diem
901 783 1123 823 servare
1188 767 1406 822 voluisti
1442 783 1456 820 :
1492 779 1620 833 quas
1661 777 1785 818 cum

169 863 396 933 prolata
429 871 646 926 essent,
681 876 744 915 ea
776 862 1102 929 cognovisti,
1138 859 1385 928 quamvis
1410 857 1655 929 quotidie
1683 870 1784 912 ne-

169 957 424 1026 gaveris.
462 969 563 1009 vos
599 955 865 1021 ejusmodi
900 956 1104 1024 scripta
1157 953 1458 1023 possidere,
1502 965 1609 1004 non
1653 963 1788 1004 con-

171 1059 333 1103 tenta
365 1062 551 1117 neque
583 1062 835 1101 sororum
870 1057 1084 1102 tuarum
1134 1061 1321 1116 pmna,
1379 1057 1558 1112 neque
1600 1041 1790 1096 mortis

171 1151 393 1193 metum
424 1153 540 1208 pra
561 1139 736 1194 oculis
761 1140 994 1194 habens.
1028 1137 1390 1206 Quamobrem
1420 1135 1517 1190 tibi
1571 1148 1788 1204 pmnam

172 1229 368 1286 aﬂerri
396 1245 630 1285 necesse
648 1241 754 1286 est.
788 1231 894 1286 Sed
927 1230 1162 1284 alienum
1192 1240 1375 1285 tamen
1410 1243 1517 1282 non
1546 1227 1788 1289 videtur,

170 1327 348 1379 etiam
402 1339 552 1377 nunc
583 1323 940 1389 benignitatis
979 1332 1186 1390 partem
1231 1321 1472 1389 aliquam
1523 1319 1619 1373 libi
1658 1333 1790 1373 con-

174 1417 411 1479 donari,
435 1428 496 1468 ut
524 1416 568 1469 si
600 1415 835 1468 volueris
869 1429 1012 1468 nunc
1041 1413 1232 1469 saltem
1279 1414 1407 1466 deos
1465 1427 1784 1483 agnoscere,

177 1509 436 1578 imponis
460 1518 513 1561 et
541 1507 610 1561 ab
638 1508 787 1561 omni
812 1507 1081 1575 supplicio
1105 1506 1455 1576 periculoque
1474 1506 1642 1560 libera
1668 1521 1792 1562 esse

172 1605 388 1670 possis.
426 1599 571 1667 Quid
605 1601 772 1671 igitur
802 1601 978 1655 dicis?
1039 1599 1264 1654 Facisne
1304 1601 1448 1668 quod
1498 1600 1794 1672 imperato-

174 1709 271 1748 res
309 1695 490 1748 nostri
529 1704 583 1747 et
635 1695 880 1749 Caesares
936 1692 1255 1764 jusserunt?
1306 1691 1444 1747 Num
1501 1702 1688 1762 parata
1736 1710 1797 1752 es

174 1787 485 1841 sacriﬁciis
519 1789 686 1848 vesci.
714 1797 767 1841 et
798 1788 903 1841 diis
947 1787 1268 1841 immolare?
1322 1786 1566 1853 Minime,
1621 1789 1793 1859 inquit

1894 670 2569 741 praeses.dicit:Sorores
2613 671 2830 739 quidem
2885 681 2988 725 tum
3044 685 3236 740 pomus
3293 681 3478 726 nostro

1889 761 2046 832 jussu
2087 763 2334 818 derretas
2381 762 2766 828 exsolverunt;
2821 772 2874 816 te
2911 777 3058 819 vero.
3117 762 3214 815 etsi
3287 775 3478 817 antea-

1895 875 2058 931 quam
2095 859 2422 930 aufugisses,
2461 871 2748 932 propterea
2777 861 2920 930 quod
2974 861 3172 925 scripta
3209 875 3270 912 ac
3309 875 3482 911 mem-

1897 951 2096 1006 branas
2120 953 2258 1006 istas
2286 951 2680 1013 occultaveras,
2713 951 2903 1004 mortis
2937 963 3097 1018 poma
3133 949 3226 1000 tibi
3256 948 3474 1002 decreta

1896 1043 2098 1105 fuerat.
2131 1059 2236 1098 non
2272 1053 2450 1097 tamen
2484 1044 2672 1097 eodem
2706 1041 2865 1096 modo
2894 1040 3061 1108 jnbeo
3091 1057 3121 1096 e
3143 1041 3250 1094 vita
3286 1041 3365 1094 sic
3394 1056 3478 1095 re-

1895 1148 2060 1207 pente
2091 1137 2371 1192 discedere
2405 1153 2418 1191 :
2456 1152 2646 1191 verum
2683 1149 2777 1205 per
2804 1134 3069 1194 satellites
3092 1135 3259 1204 ipsos,
3297 1145 3349 1188 et
3377 1131 3481 1186 Zo-

1899 1230 2096 1286 slmum
2125 1229 2396 1296 publicum
2429 1229 2745 1284 carnificem
2781 1227 2836 1283 in
2867 1228 3112 1294 lupanari
3139 1231 3334 1280 nudam
3370 1236 3482 1281 sta-

1902 1324 1978 1378 tui
2007 1323 2284 1394 principio,
2306 1337 2337 1377 e
2360 1321 2581 1390 pallatio
2617 1321 2842 1392 singulis
2869 1321 3060 1375 diebus
3085 1337 3275 1391 panem
3309 1336 3476 1374 unum

1899 1425 2225 1478 sumentem,
2257 1413 2582 1470 satellitibus
2613 1413 2746 1484 ipsis
2801 1428 2911 1469 non
2949 1415 3388 1484 permittentibus
3427 1421 3480 1466 te

1898 1504 2050 1560 illinc
2077 1507 2376 1561 discedere.

1973 1597 2060 1653 Vl.
2093 1598 2225 1654 Cum
2260 1599 2427 1674 igitur
2454 1599 2715 1655 satellites
2742 1611 2792 1654 et
2823 1598 3081 1653 Zosirnus
3116 1597 3359 1668 publicus
3378 1598 3481 1649 mi-

1903 1695 2072 1750 nister
2123 1704 2322 1766 prasto
2372 1703 2601 1750 essent:
2632 1694 2794 1756 lllud,
2833 1695 3011 1764 inquit
3048 1707 3273 1764 praeses,
3329 1691 3482 1744 vobis

1905 1799 2090 1842 nntum
2117 1789 2210 1856 sit,
2229 1790 2369 1857 quod
2397 1788 2442 1844 si
2469 1789 2598 1844 tnihi
2626 1789 2986 1859 significatum
3017 1787 3198 1852 fuerit,
3231 1787 3310 1838 vel
3337 1787 3482 1844 hora

176 1879 368 1942 Irene,
412 1879 642 1932 minime
678 1895 774 1947 per
805 1878 973 1933 Deum
1008 1881 1156 1934 illum
1195 1881 1645 1950 omnipotentem,
1698 1881 1788 1948 qui
1825 1850 1872 1910 Β
1903 1880 2132 1948 alicuius
2159 1894 2432 1937 momento
2463 1883 2620 1938 istam
2643 1897 2708 1937 ex
2739 1897 2804 1936 eo
2831 1881 2949 1936 loco
2977 1892 3176 1932 motam
3212 1877 3400 1942 fuisse,
3430 1879 3480 1930 iu

172 1970 398 2020 creavit
436 1967 639 2020 calum
667 1977 721 2020 et
750 1978 974 2027 terram.
1029 1981 1178 2019 mare
1229 1976 1284 2021 et
1337 1967 1541 2028 omnia,
1576 1981 1696 2034 qua:
1733 1967 1786 2020 in

173 2060 266 2112 eis
300 2069 454 2111 sunt.
495 2057 724 2112 Summa
751 2059 896 2112 enim
931 2057 1073 2112 illius
1101 2059 1240 2126 ignis
1277 2058 1594 2127 sempiterni
1626 2074 1787 2126 pinna

172 2153 468 2220 proposita
500 2151 588 2206 his
616 2164 721 2216 est,
757 2151 850 2218 qui
895 2149 1077 2205 Jesom
1124 2151 1218 2206 Dei
1267 2149 1504 2206 Verbum
1556 2166 1791 2224 negave-

173 2243 317 2294 rint.
360 2241 646 2296 Dulcetins
685 2257 860 2295 vero:
899 2241 1157 2308 Quisnam
1193 2241 1288 2298 tibi
1336 2254 1528 2298 auctor
1563 2243 1684 2310 fuit,
1733 2254 1793 2300 ut

177 2333 552 2387 membranas
589 2333 724 2389 istas
765 2345 928 2403 atque
966 2332 1278 2403 Scripturas
1341 2336 1407 2387 ad
1469 2335 1790 2392 hodiernum

175 2441 364 2496 usque
443 2429 590 2480 diem
635 2428 977 2482 custodiresl
1013 2426 1124 2489 Ille,
1184 2426 1360 2496 inquit
1412 2427 1587 2495 Irene,
1651 2431 1790 2486 Deus

170 2521 571 2587 omnipotens,
615 2520 705 2586 qui
728 2519 890 2587 jussit
915 2533 1015 2572 nos
1048 2519 1113 2572 ad
1140 2531 1368 2576 mortem
1404 2535 1576 2590 usque
1611 2523 1789 2593 ipsum

176 2612 418 2677 diligere
455 2629 469 2664 :
504 2628 611 2680 qua
656 2613 722 2665 de
755 2626 922 2666 causa
950 2627 1054 2666 non
1083 2629 1228 2668 ausa:
1254 2631 1441 2670 sumus
1474 2632 1596 2670 eum
1661 2633 1789 2689 pro-

174 2701 371 2756 dere:
413 2704 510 2757 sed
554 2703 848 2758 maluimus
914 2715 1009 2759 aut
1055 2708 1300 2762 viventes
1350 2709 1617 2773 comburi,
1672 2719 1787 2776 aut,

176 2809 535 2862 quaecunque
568 2795 672 2849 alia
703 2797 860 2851 nobis
885 2797 1207 2864 acciderint,
1244 2801 1473 2871 perpeti,
1507 2815 1670 2870 quam
1707 2811 1790 2855 ta-

177 2886 258 2940 lia
299 2889 509 2948 scripta
550 2890 802 2957 prodere.

267 2979 338 3036 γ.
375 2981 518 3034 Tum
549 2997 755 3047 pneses
786 2999 799 3035 :
829 2982 1110 3048 Quisnam,
1143 2984 1335 3051 inquit,
1370 2989 1618 3041 conscius
1671 2993 1790 3041 erat

183 3077 307 3127 haec
339 3074 392 3126 in
428 3075 586 3126 demo
618 3074 706 3126 illa
739 3087 859 3128 esse
910 3074 960 3127 in
997 3090 1103 3144 qua
1131 3077 1462 3132 habitabas?
1492 3077 1789 3146 Respondit

1893 1985 2001 2040 quo
2025 1971 2445 2039 essejussimus.
2480 1984 2605 2029 tunc
2666 1989 2760 2030 vos
2809 1986 3073 2042 suprema:
3118 1985 3293 2040 pmnm
3347 1971 3480 2026 sub-

1889 2061 2022 2130 jeCti
2057 2062 2236 2116 eritis.
2275 2060 2487 2129 Scripta
2522 2078 2652 2117 vero
2685 2065 2799 2132 ipsa
2844 2078 2874 2116 a
2910 2061 3132 2116 scriniis
3186 2071 3239 2114 et
3276 2058 3478 2113 arculis

1895 2151 2077 2207 lrenes
2109 2153 2478 2223 proferantur.
2532 2153 2667 2208 Cum
2718 2154 2881 2224 igitur
2924 2151 3386 2222 quemadmodum
3449 2165 3476 2203 a

1897 2249 2126 2316 praeside
2166 2247 2303 2316 jussi
2335 2246 2572 2311 fuerant,
2611 2261 2731 2302 eam
2766 2246 2842 2300 illi
2899 2248 2964 2300 ad
2999 2245 3270 2315 publicum
3322 2243 3478 2311 lupa-

1898 2355 1995 2391 nar
2021 2339 2328 2404 duxissent,
2365 2349 2420 2393 et
2450 2347 2665 2409 propter
2722 2337 2957 2406 Spiritus
3001 2335 3174 2390 sancti
3225 2334 3477 2404 gratiam,

1894 2445 2013 2498 quae
2045 2433 2214 2500 ipsam
2242 2431 2579 2501 protegebat,
2615 2439 2669 2486 et
2697 2430 3070 2486 universorum
3107 2427 3336 2485 DOmino
3369 2427 3480 2482 Deo

1893 2537 2084 2592 puram
2121 2533 2284 2591 atque
2315 2524 2570 2576 intactam
2604 2524 2879 2586 servabat,
2935 2537 3004 2578 ne
3060 2537 3201 2578 unus
3257 2521 3476 2592 quidem

1895 2616 1962 2668 ad
1998 2630 2116 2668 eam
2147 2613 2431 2677 accedere,
2459 2615 2539 2669 vel
2576 2623 2731 2684 turpe
2754 2612 2956 2681 aliquid
3008 2614 3060 2666 in
3115 2627 3232 2666 eam
3295 2613 3478 2666 facere

1893 2715 1984 2760 aut
2007 2705 2193 2761 dicere
2225 2720 2391 2760 ausus
2439 2703 2651 2770 fuisset,
2696 2702 3101 2760 sancrissimam
3134 2702 3280 2758 illam
3315 2701 3471 2760 femi-

1894 2814 2018 2852 nam
2055 2799 2328 2855 Dulcetius
2365 2815 2565 2870 praeses
2610 2799 2906 2862 revocnit,
2953 2808 3008 2854 et
3053 2806 3180 2853 ante
3235 2793 3471 2851 tribunal

1891 2891 2262 2959 sistijussam,
2304 2893 2386 2947 sic
2433 2889 2628 2947 aﬂatus
2683 2902 2767 2944 est
2801 2907 2815 2943 :
2853 2889 3122 2959 Numquid
3177 2888 3230 2944 in
3282 2888 3472 2943 eadem

1893 2980 2070 3036 adhuc
2110 2983 2416 3035 temeritate
2442 2980 2727 3050 persistis?
2777 2979 3019 3044 Minime,
3066 2979 3239 3048 inquit
3294 2978 3476 3044 Irene,

1897 3075 2198 3150 temeritas,
2230 3076 2322 3128 sed
2350 3072 2443 3127 Dei
2479 3072 2652 3144 pietas
2681 3081 2787 3136 est,
2820 3071 2872 3125 in
2900 3086 3005 3140 qua
3063 3072 3320 3140 persisto.
3374 3067 3475 3124 Cui

184 3163 387 3216 Irene:
425 3164 552 3219 llaec
579 3165 716 3219 vidit
751 3165 891 3220 Deus
919 3169 1390 3238 omnipotens,qui
1415 3171 1592 3224 omnia
1649 3173 1784 3238 scit;
1814 3199 1858 3262 Ο
1897 3170 2173 3234 respondit
2210 3167 2479 3221 Dnlcetius
2504 3181 2706 3236 praeses
2740 3181 2753 3218 :
2784 3163 2850 3217 Et
2895 3179 2958 3218 ex
3015 3166 3194 3234 priore
3241 3175 3330 3217 tuo
3395 3176 3479 3217 re-

184 3272 457 3327 przterea
485 3276 663 3314 nemo.
703 3259 928 3316 Nostros
949 3263 1092 3316 enim
1125 3263 1373 3320 homines
1411 3267 1643 3322 inimicis
1687 3282 1784 3337 pe-

183 3352 337 3418 jores
365 3353 621 3406 duximus
653 3368 719 3403 ne
750 3351 888 3406 forte
937 3369 1033 3405 nos
1058 3355 1352 3411 deferrent.
1407 3357 1596 3428 Itaque
1653 3361 1785 3416 nulli

191 3443 309 3497 htc
355 3443 720 3496 ostendimus.
766 3441 1061 3509 Superiore
1105 3461 1270 3509 anno,
1333 3446 1509 3516 inquit
1562 3465 1786 3518 praeses,

190 3548 318 3583 cum
346 3534 588 3586 edictum
622 3533 750 3587 illttd
778 3533 903 3599 tale,
936 3550 997 3590 ac
1023 3537 1169 3606 pium
1192 3537 1409 3608 jussum
1443 3541 1786 3598 dominorum

191 3624 596 3689 impcratnruru
630 3642 696 3682 ac
731 3627 1004 3682 Caesarum
1057 3631 1232 3700 primo
1279 3631 1378 3687 fuit
1423 3633 1785 3706 divulgatum,

193 3717 423 3769 ubinam
452 3734 549 3772 vos
584 3719 832 3772 latuisti?
865 3722 944 3774 Ad
975 3723 1089 3777 haec
1125 3725 1281 3780 lreue
1318 3739 1333 3780 :
1369 3725 1504 3791 lllic,
1530 3729 1618 3782 ubi
1649 3730 1789 3786 Deus

193 3810 390 3862 voluit.
428 3809 484 3862 In
524 3811 800 3865 montibus
827 3813 952 3882 (scit
975 3811 1134 3883 Deus)
1156 3815 1256 3870 sub
1277 3817 1364 3871 dio
1391 3817 1610 3874 fuimus.
1643 3819 1790 3876 Prat-

193 3909 284 3950 ses
311 3913 485 3952 vero:
515 3899 670 3966 Apud
705 3917 862 3970 quem
893 3903 1148 3957 vixistis?
1180 3903 1293 3958 Sub
1324 3907 1433 3966 dio.
1468 3909 1642 3977 inquit
1674 3910 1785 3973 illa,

197 3988 338 4041 alias
372 3989 427 4042 in
463 3989 586 4043 aliis
620 3993 892 4047 montibus
923 4008 1229 4051 versantes.
1269 3997 1331 4050 At
1357 4013 1560 4069 praeses
1599 4018 1614 4056 :
1654 4003 1790 4070 Qui-

203 4095 327 4133 nam
354 4093 541 4144 erant,
569 4087 658 4151 qui
690 4087 843 4141 vobis
871 4102 1064 4156 panem
1097 4091 1560 4158 suppeditabant?
1623 4093 1787 4161 Deus,

204 4172 378 4239 inquit
423 4173 604 4238 Irene,
637 4175 999 4241 quiomuibus
1055 4193 1232 4232 eseam
1277 4185 1604 4250 suppeditat.
1651 4183 1787 4239 Tum

204 4279 452 4334 prases:
495 4267 695 4320 Eratne
731 4275 884 4338 pater
917 4279 1098 4325 vester
1183 4272 1373 4329 barum
1424 4291 1603 4331 rerum
1654 4293 1790 4333 con-

205 4360 385 4412 scius?
410 4363 482 4413 At
512 4359 668 4414 lrene
696 4378 709 4414 :
750 4361 990 4429 Minime,
1014 4379 1109 4433 per
1135 4365 1301 4421 Deum
1334 4370 1788 4442 omnipotentem,

207 4453 456 4506 conscius
483 4464 602 4504 erat
631 4453 738 4518 ille,
765 4455 856 4522 qui
889 4469 956 4508 ne
977 4457 1121 4508 novit
1147 4457 1362 4523 quidem
1398 4459 1511 4512 hmc
1543 4461 1788 4516 omnino.

1893 3274 2090 3330 sponso
2124 3259 2410 3313 manifeste
2443 3259 2734 3313 ostendisti
2771 3270 2821 3314 te
2855 3259 3244 3326 imperatorum
3296 3254 3474 3323 jussui

1893 3352 2036 3409 nolle
2059 3368 2212 3425 aequo
2241 3353 2422 3407 animo
2449 3367 2662 3424 parere,
2697 3361 2755 3408 et
2780 3366 2922 3407 nunc
2950 3365 3166 3422 quoque
3193 3349 3246 3404 in
3279 3347 3470 3404 eadem

1893 3448 2202 3516 arrogantia
2232 3446 2614 3516 persistentem
2671 3454 2726 3500 te
2769 3444 2923 3499 video
2975 3461 2988 3498 :
3040 3457 3213 3513 quare
3257 3443 3472 3507 dignam

1894 3555 2110 3611 pmnatn
2144 3542 2440 3610 persolves.
2474 3537 2722 3609 Cumque
2748 3540 2993 3592 chartam
3046 3536 3318 3605 petiisset,
3349 3549 3473 3590 seu-

1893 3631 2120 3685 tentiam
2154 3631 2292 3684 hanc
2310 3639 2496 3684 contra
2525 3625 2696 3697 ipSam
2731 3627 2953 3695 scripsit
2983 3641 2997 3680 :
3027 3624 3296 3692 Quoniam
3323 3621 3475 3677 lreno

1896 3724 2283 3794 imperatorum
2312 3723 2488 3794 jussoi
2522 3735 2731 3790 parere,
2765 3720 2976 3788 diisque
3028 3715 3314 3770 immolare
3374 3729 3474 3768 no-

1897 3804 2016 3879 luit,
2046 3816 2292 3886 quinirno
2329 3829 2472 3869 nunc
2523 3827 2736 3883 quoque
2791 3811 2844 3866 in
2898 3808 3336 3863 Christianorum
3385 3821 3477 3862 or-

1894 3907 2020 3960 dine
2052 3923 2114 3959 ac
2144 3907 2402 3976 religione
2438 3914 2749 3976 perseverat
2786 3922 2799 3958 :
2835 3903 2936 3958 hac
2965 3903 3028 3955 de
3051 3915 3236 3964 causa,
3273 3888 3333 3952 ut
3379 3913 3478 3952 an-

1895 4007 1976 4052 tea
2000 3996 2135 4051 duas
2165 3998 2281 4062 elus
2310 4009 2564 4063 sorores,
2590 3994 2664 4050 ita
2711 4003 2766 4049 et
2800 3994 2973 4066 ipsam
3007 3994 3282 4046 viventem
3332 4005 3478 4046 nunc

1894 4090 2140 4148 comburi
2169 4090 2354 4160 juheo.

1969 4183 2078 4236 \‘ll.
2107 4182 2231 4238 Haec
2273 4183 2540 4238 sententia
2588 4195 2712 4234 cum
2753 4196 2781 4234 a
2821 4182 3050 4250 preside
3091 4180 3200 4232 lata
3248 4179 3467 4241 fuisset.

1897 4273 2097 4332 milites
2126 4274 2316 4330 lrencn
2373 4274 2822 4342 comprehensam
2858 4273 2909 4327 in
2955 4272 3246 4342 quemdam
3304 4270 3476 4328 subli-

1897 4386 2038 4426 mem
2067 4371 2243 4424 locum
2299 4369 2593 4430 duxerunt,
2628 4367 2716 4422 ubi
2764 4378 2818 4422 et
2871 4366 2990 4436 ejus
3049 4381 3268 4422 sorores
3319 4377 3476 4422 antea

1897 4463 2216 4532 martyrium
2247 4475 2420 4528 passm
2455 4461 2687 4513 fuerant.
2725 4461 2858 4513 Cum
2886 4471 3063 4513 autem
3103 4475 3353 4530 magntrm
3385 4474 3474 4514 ro-

211 4542 408 4599 Preses
434 4545 515 4597 ait
542 4562 554 4596 :
583 4544 716 4610 Quis
747 4547 912 4614 igitur
941 4559 1246 4602 vestrorum
1282 4549 1582 4604 vicinorum
1610 4551 1660 4605 id
1685 4567 1785 4606 no-
1822 4545 1866 4602 D
1896 4570 2021 4627 gum
2043 4553 2444 4613 accendisseut.
2469 4551 2746 4620 iusserunt
2769 4551 2938 4622 ipsam
2972 4551 3026 4606 itt
3052 4565 3174 4606 eum
3211 4563 3480 4611 conscen-

215 4640 386 4692 verat!
419 4635 660 4702 Vicinos,
686 4637 868 4708 inquit
894 4639 1073 4704 Irene,
1102 4641 1398 4714 interroga,
1439 4651 1493 4696 et
1537 4643 1654 4697 loca
1710 4645 1791 4698 in-

217 4733 376 4799 quire,
407 4731 487 4784 vel
521 4749 612 4787 eos
647 4734 740 4800 qui
780 4743 1004 4795 norunt,
1045 4734 1131 4784 ubi
1159 4748 1256 4786 nos
1298 4749 1538 4790 eramus.
1586 4735 1792 4794 Prmses

221 4828 374 4878 dixit:
411 4827 703 4900 Postquam
739 4841 772 4880 e
801 4836 988 4878 monte
1022 4841 1250 4881 reversa:
1288 4825 1490 4895 fuistis,
1527 4839 1585 4884 ut
1610 4840 1664 4885 tu
1711 4832 1795 4886 di-

217 4923 297 4982 cis,
323 4922 650 4994 legebatisne
683 4921 904 4986 scripta
932 4918 1056 4984 ista,
1091 4933 1353 4989 praesente
1380 4923 1600 4994 aliquo?
1634 4925 1789 4981 Domi

217 5030 372 5076 nostra.-
400 5028 585 5084 erant,
630 5013 831 5087 inquit
875 5011 1048 5078 Irene,
1084 5030 1261 5083 neque
1313 5017 1646 5070 audebarnus
1699 5017 1787 5071 illa

203 5112 393 5174 Merra:
427 5113 828 5190 quamobrem
874 5119 1198 5175 magnopere
1247 5109 1598 5177 angebamur.
1647 5110 1789 5180 quod

186 5229 265 5272 non
282 5221 618 5292 poteramus
657 5211 855 5262 noete
895 5211 960 5252 ac
991 5197 1078 5254 die
1103 5198 1214 5256 illis
1241 5213 1459 5270 operam
1513 5201 1667 5269 dare,
1714 5203 1786 5258 si-

1901 4648 2048 4702 dere.
2083 4645 2269 4714 Itaque
2291 4657 2479 4699 sancta
2519 4646 2675 4700 lrene
2705 4645 2942 4716 psalmos
2999 4662 3222 4709 Canens,
3281 4657 3334 4700 et
3384 4644 3477 4698 Dei

1899 4738 2124 4810 gloriam
2193 4735 2491 4799 celebrans,
2530 4738 2582 4789 in
2637 4752 2824 4806 rogum
2885 4751 2946 4790 se
2985 4736 3224 4805 c0njecit
3261 4754 3274 4789 :
3311 4745 3479 4796 atque

1897 4834 1974 4888 ita
2001 4843 2377 4888 consummata
2401 4840 2485 4884 est
2511 4831 2562 4883 in
2594 4829 2880 4884 consulatu
2909 4829 3223 4886 Diocletiani
3252 4828 3477 4900 Augusti

1899 4942 2063 4990 nono,
2113 4924 2422 4981 Maximiani
2459 4936 2641 4979 autem
2679 4924 2902 4993 Augusti
2953 4932 3167 4988 octavo,
3220 4920 3480 4976 Kalendis

1898 5017 2123 5086 Aprilis,
2160 5027 2420 5086 regnante
2457 5017 2508 5069 in
2547 5015 2743 5070 smcula
2798 5015 3016 5070 Christo
3065 5014 3190 5068 Jesu
3248 5012 3478 5067 Domino

1896 5122 2083 5167 nostro
2110 5152 2126 5179 ,
2161 5127 2284 5166 cum
2321 5126 2431 5180 quo
2452 5110 2600 5164 Patri
2634 5117 2716 5163 est
2764 5110 2933 5177 gloria
2980 5119 3281 5180 sanctoque
3349 5105 3478 5178 Spi-

1895 5203 2022 5259 ritui
2050 5207 2100 5260 in
2137 5203 2332 5260 stecula
2364 5203 2707 5260 oraculorum.
2755 5200 2950 5257 Amen.
