3972 6432
588 380 658 440 83
1891 377 2171 435 uensrs
2213 377 2541 440 APRlLtS.
3777 391 3845 450 ει

1187 535 1648 550 -Δ--ι--ι-ιο-ρ-

1652 534 3823 559 mm

1096 704 1443 818 VlTA
1530 702 1648 813 S.
1744 701 2398 815 VlRGlNlS
2481 701 3305 817 THEODOR/E

1745 926 1846 986 ET
1899 925 2193 987 DIDYMI
2235 928 2654 987 MARTYIHS
2698 980 2707 988 .

591 1106 753 1164 (Anno
773 1102 879 1155 ἒϐη,
905 1100 1093 1161 Aprilis
1120 1100 1166 1146 5.
1192 1124 1252 1134 --
1276 1098 1445 1164 Latina
1468 1096 1665 1164 quidem
1690 1097 2036 1164 Martyrologia
2060 1093 2287 1164 habent
2311 1095 2434 1142 hanc
2479 1095 2734 1164 historiam
2758 1098 2819 1164 τ’ᾷὲεῆ
2846 1099 3048 1157 Aprilis,
3087 1101 3342 1164 _a_iuutqne
3389 1104 3699 1153 Theodoram
3748 1120 3845 1154 una

646 1181 753 1215 cum
783 1156 989 1225 Didyme
1016 1172 1300 1225 percussam
1318 1160 1445 1225 ;r_sed
1474 1156 2175 1225 eum_Metaphrasteshabeat
2199 1158 2459 1225 Didymum
2488 1156 2640 1225 Nonis
2660 1160 2844 1225 Aprilis
2868 1156 3393 1225 ciesumL'l'hcodoram
3418 1175 3581 1215 autem
3607 1170 3844 1219 evasisse,

646 1242 737 1277 nos
765 1220 1073 1286 eam'quin‘to
1100 1220 1281 1284 Aprilis
1309 1220 1390 1271 die
1415 1235 1526 1271 cum
1552 1221 1889 1283 Metaphraste
1924 1220 2293 1267 collocavimus.
2320 1242 2379 1252 —
2406 1220 2577 1267 Latine
2604 1220 2733 1279 apud
2778 1221 2992 1270 Surium.
3053 1222 3211 1271 Deest
3263 1226 3312 1272 in
3354 1228 3610 1275 codicibus
3662 1227 3847 1277 Gracia

648 1286 1065 1348 Parisiensibus.)

653 1548 692 1601 ι.
756 1547 1089 1601 Diocletiano
1139 1554 1193 1599 et
1247 1544 1577 1599 Maximiano
1636 1545 2054 1613 imperatm'i'ous
2105 1553 2157 1598 et
2188 1550 2231 1604 A
2263 1546 2363 1599 hoc
2398 1547 2610 1613 quidem
2659 1563 2748 1611 per
2776 1549 2879 1600 vim
2941 1562 3001 1601 ac
3046 1558 3410 1614 potestatem,
3442 1565 3601 1615 qtiam
3633 1550 3795 1605 habes
3827 1595 3843 1615 ,

583 1641 810 1708 prmside
855 1638 1232 1693 Alexandrina:
1267 1636 1499 1690 civitatis
1546 1635 1881 1701 Eustrathio,
1917 1634 2153 1688 edictum

582 1733 849 1801 quoddam
951 1730 1212 1783 adversus
1277 1727 1620 1781 Christianos
1698 1726 1921 1779 missum
2011 1724 2152 1785 fuit.

584 1832 639 1874 ut
674 1821 755 1875 vel
787 1820 891 1873 diis
924 1818 1271 1873 immolarcnt
1302 1857 1316 1881 ,
1356 1817 1438 1868 vel
1482 1814 1743 1883 supplicio
1793 1814 2156 1869 allicerentur.

583 1916 718 1969 Cum
751 1927 879 1967 vero
912 1925 1112 1979 prmses
1145 1908 1232 1962 ille
1266 1923 1363 1977 pro
1397 1907 1649 1961 tribunali
1680 1906 1891 1960 sederet
1938 1906 1989 1958 in
2045 1921 2160 1960 ma-

580 2020 683 2074 gna
721 2000 1212 2057 Alexandrinorum
1248 1998 1489 2061 civitate,
1531 1998 1693 2067 jussit
1739 2000 2017 2051 cohortem
2068 2012 2159 2051 ac-

582 2095 782 2151 cersire
830 2091 1171 2146 Theodoram
1222 2091 1484 2159 virginem
1534 2132 1548 2155 ,
1604 2107 1723 2158 qua:
1775 2105 1947 2159 nuper
2000 2099 2157 2159 capta

583 2186 781 2248 fuerat,
816 2194 871 2238 et
903 2185 955 2237 in
991 2198 1212 2237 carcere
1240 2183 1577 2235 servabatur.
1612 2184 1783 2248 Quam
1814 2199 1935 2237 cum
1974 2184 2161 2236 duxis-

579 2288 695 2332 set:
730 2277 956 2339 Praesto,
987 2276 1159 2345 inquit
1211 2276 1456 2339 cohors,
1504 2283 1584 2329 est
1632 2274 1937 2330 Theodoro.
1989 2272 2155 2327 Judcx

582 2369 779 2437 igitur:
820 2367 1113 2435 Cujusnam
1142 2369 1304 2421 sortis
1329 2381 1413 2429 es,
1444 2366 1680 2419 mulier?
1721 2366 2047 2431 Christiana,
2079 2367 2159 2419 in-

577 2458 692 2527 quit
715 2458 1023 2525 Theodora,
1053 2474 1152 2529 ego
1182 2475 1323 2513 sum.
1356 2459 1426 2513 At
1446 2459 1552 2513 ille:
1579 2459 1862 2527 Liberanc,
1884 2478 1950 2515 an
1977 2477 2154 2517 serva.

502 2626 506 2630 .
579 2552 701 2607 Dixi
728 2552 865 2622 jam,
904 2553 1079 2622 inquit
1118 2554 1255 2623 ipsa,
1287 2552 1655 2608 Christianam
1690 2570 1775 2608 me
1816 2570 1972 2610 esse:
2002 2554 2160 2608 Chri-

578 2656 696 2701 stus
744 2644 889 2700 enim
935 2647 1198 2712 veniens,
1240 2659 1269 2699 a
1313 2657 1532 2714 peccato
1572 2661 1658 2699 me
1701 2646 1966 2700 liberavit.
2006 2646 2157 2712 Quod

576 2752 709 2792 vero
738 2747 792 2791 et
825 2738 891 2792 ad
924 2752 1117 2793 vanam
1148 2747 1312 2808 atque
1343 2738 1559 2791 inanem
1617 2738 1803 2790 mundi
1838 2737 1996 2805 hujus
2050 2739 2159 2807 glo-

580 2829 717 2884 riam
743 2830 956 2896 attinet,
987 2829 1145 2884 claris
1178 2830 1496 2899 parentibus
1518 2838 1634 2883 orta
1659 2845 1799 2883 smn.
1827 2828 2155 2895 Tuncjudex

582 2932 910 2992 quaestorem
943 2923 1199 2978 accersiri
1235 2922 1413 2992 jussit.
1447 2923 1615 2988 Quem
1650 2938 1771 2976 cum
1799 2924 1995 2977 cohors
2024 2938 2155 2992 prze-

577 3024 661 3069 sto
692 3028 810 3069 esse
841 3015 1101 3069 dixisset:
1130 3016 1243 3078 Dic,
1279 3016 1470 3084 inquit,
1506 3014 1637 3069 Luci
1675 3032 1687 3067 :
1727 3015 1945 3068 nostine
1977 3014 2155 3068 Theo-

576 3105 764 3159 doram
807 3106 1112 3174 virginem?
1154 3104 1247 3159 Cui
1298 3104 1531 3159 Lucius:
1568 3106 1671 3159 Per
1704 3115 1869 3167 tuam,
1911 3119 2111 3173 pra-ses
2140 3144 2153 3167 ,

573 3197 842 3251 valentem
870 3199 1029 3250 vitam
1054 3213 1115 3250 ac
1141 3197 1503 3262 Splendorem,
1531 3198 1862 3253 nobilissima
1886 3210 1988 3263 est,
2017 3198 2155 3251 nmi-

574 3300 750 3359 tazqne
772 3290 1190 3345 existimationis
1219 3298 1271 3344 et
1296 3291 1450 3359 primi
1477 3293 1687 3359 generis
1717 3291 1927 3348 mulier.
1952 3290 2152 3357 Quare,

578 3385 758 3451 inquit
790 3383 983 3451 judex,
1016 3398 1135 3437 cum
1168 3384 1243 3437 sis
1284 3384 1353 3436 ita
1384 3384 1598 3445 nobilis,
1627 3385 1839 3451 nuptias
1870 3384 2157 3436 recusasti?

575 3472 863 3529 Theodora
899 3475 1446 3544 respondit:Cbristi
1503 3490 1665 3527 causa
1722 3476 1924 3529 nubere
1984 3474 2151 3529 nolui.

578 3567 715 3621 Cum
747 3569 889 3621 enim
934 3569 1021 3623 ille
1073 3570 1235 3623 homo
1268 3567 1442 3622 lactus
1477 3568 1527 3620 in
1564 3570 1762 3621 nnindo
1795 3582 2105 3623 versaretur
2138 3610 2153 3634 ,

577 3659 646 3715 ab
677 3672 763 3725 ea,
804 3676 923 3729 quas
956 3676 1171 3729 semper
1222 3662 1371 3731 virgo
1402 3673 1455 3715 et
1486 3660 1577 3713 Dei
1628 3660 1796 3713 Mater
1831 3662 1927 3713 fuit
1952 3700 1966 3724 ,
1999 3662 2151 3728 geni-

576 3761 666 3807 tus
692 3794 708 3818 ,
744 3768 769 3805 a
800 3752 1149 3818 corruptione
1189 3767 1285 3805 nos
1329 3752 1597 3813 removit,
1650 3763 1705 3805 et
1770 3752 2152 3819 sempiternam

577 3846 744 3899 vitam
778 3843 933 3898 nobis
963 3844 1231 3912 promisit.
1266 3842 1449 3913 Itaque
1501 3844 1615 3897 fore
1648 3844 1776 3897 mihi
1808 3850 2104 3913 persuadeo
2137 3886 2151 3910 ,

577 3947 635 3991 ut
662 3938 711 3990 in
739 3937 854 4003 ejus
885 3935 990 3989 ﬁde
1025 3949 1352 4002 permanens
1375 3973 1389 3999 ,
1421 3933 1486 3989 ad
1511 3934 1672 3988 ﬁnem
1708 3950 1877 4004 usque
1908 3938 2152 3994 incorru-

579 4036 665 4098 pta
703 4038 755 4080 et
784 4027 987 4081 intacta
1019 4026 1145 4080 sim.

646 4118 890 4199 ll._Tnnc
915 4119 1076 4187 juder
1105 4118 1242 4171 dixit
1269 4135 1281 4171 :
1312 4120 1671 4188 Imperatores
1701 4121 1994 4187 jusserunt,
2035 4137 2151 4189 vos,

2265 1633 2439 1686 facere
2470 1636 2692 1703 poteris.
2727 1632 2989 1689 Similiter
3018 1636 3260 1704 lupanari
3310 1637 3527 1699 tradar.
3562 1654 3751 1700 necne,
3788 1641 3844 1691 in

2261 1726 2473 1779 arbitrii
2509 1728 2609 1779 mei
2652 1737 2916 1795 potestate
2944 1744 3047 1781 non
3082 1741 3182 1794 est,
3218 1728 3310 1782 sed
3342 1730 3391 1781 in
3420 1746 3580 1783 manu
3612 1741 3722 1792 tua.
3755 1735 3843 1786 cui

2260 1836 2357 1890 per
2388 1822 2672 1889 imperium
2707 1822 2809 1875 vim
2845 1822 2967 1876 licet
3003 1821 3220 1876 inlcrre.
3249 1820 3400 1887 Quod
3434 1838 3563 1875 vero
3586 1824 3650 1874 ad
3674 1824 3841 1874 animi

2263 1917 2369 1970 mei
2406 1920 2742 1985 propositum
2778 1918 2992 1980 attinet,
3031 1927 3235 1971 certum
3265 1928 3344 1971 est
3383 1916 3490 1971 Deo
3520 1918 3615 1986 ipsi
3670 1918 3848 1971 casti-

2264 2012 2387 2065 tatis
2414 2027 2543 2065 mea:
2576 2010 2967 2081 professionem
3001 2025 3256 2066 servare:
3289 2011 3359 2065 illi
3394 2011 3536 2064 enim
3565 2012 3844 2079 virginitas

2262 2119 2376 2156 mea
2416 2104 2586 2158 dicata
2616 2114 2731 2170 est;
2764 2103 2851 2157 ille
2890 2114 3070 2157 certus
3109 2104 3270 2169 hujus
3317 2104 3390 2158 rei
3426 2104 3676 2159 dominus
3715 2114 3841 2157 est:

2263 2196 2368 2259 ille,
2404 2197 2445 2248 si
2477 2196 2723 2260 voluerit,
2756 2197 3122 2263 virginitatem
3151 2196 3289 2249 hanc
3319 2210 3512 2258 meam,
3541 2196 3848 2261 possessio—

2263 2303 2382 2342 nem
2421 2304 2595 2351 suam,
2636 2288 2957 2343 incolumem
2987 2298 3148 2356 atque
3189 2288 3447 2339 intactam
3479 2287 3737 2339 servabit.

2334 2379 2421 2434 lll.
2454 2379 2623 2435 Judex
2651 2398 2779 2434 vero
2806 2384 2913 2434 ait:
2945 2382 3085 2441 Noli,
3112 2378 3417 2441 Theodoro,
3450 2388 3657 2431 mtatem
3691 2388 3843 2431 tuam

2263 2474 2489 2527 honeste
2527 2482 2721 2538 act-ain,
2760 2483 2924 2528 totum
2956 2475 3162 2543 injurire
3198 2485 3251 2526 et
3298 2472 3515 2540 probris
3565 2469 3841 2538 objicere;

2261 2580 2384 2617 nam
2418 2576 2472 2618 ut
2503 2565 2649 2619 urbis
2684 2577 2920 2633 quaestor
2952 2569 3178 2618 testatus
3216 2571 3299 2616 est
3329 2603 3342 2626 ,
3400 2564 3481 2617 his
3523 2562 3846 2630 parentibus

2260 2667 2379 2711 orta
2402 2673 2479 2720 es,
2506 2660 2591 2724 qui
2632 2658 2908 2711 nobilitate
2942 2668 3100 2724 atque
3131 2656 3533 2713 existimatione
3563 2670 3685 2708 cum
3723 2655 3844 2721 pri-

2262 2748 2364 2800 mis
2391 2747 2680 2801 excellunt.
2727 2748 2805 2799 Ad
2864 2748 2977 2801 brec
3031 2746 3355 2799 Theodora:
3402 2744 3721 2806 Christum,
3759 2744 3847 2795 in-

2265 2839 2381 2907 quit
2412 2878 2425 2899 ,
2458 2840 2690 2907 primum
2722 2837 2966 2890 confiteri
2998 2838 3166 2889 debeo
3193 2875 3206 2896 ,
3244 2835 3331 2902 qui
3360 2846 3411 2886 et
3466 2835 3601 2885 Deus
3634 2842 3750 2897 est,
3787 2844 3853 2886 et

2263 2930 2443 2985 omnis
2516 2924 2808 2985 nobiliratis
2880 2928 3211 2995 honorisque
3258 2935 3487 2990 auctor,
3536 2926 3626 2994 qui
3661 2924 3760 2977 scit
3788 2936 3846 2978 et

2261 3038 2346 3077 me
2380 3020 2683 3078 columbam
2719 3037 2870 3074 suam
2924 3037 3111 3088 puram
3141 3029 3192 3074 et
3244 3019 3545 3072 incolumen
3578 3019 3641 3071 ad
3678 3016 3844 3071 linem

2261 3132 2432 3182 usque
2468 3133 2705 3169 servare.
2741 3114 2874 3167 Tum
2904 3115 3062 3183 jndcx
3094 3114 3262 3166 dixit:
3294 3113 3528 3165 Curnam
3580 3127 3730 3165 erras
3760 3153 3774 3172 .
3808 3128 3848 3164 ο

2261 3208 2588 3264 Theodnra?
2625 3209 2829 3263 Eumne
2866 3207 3027 3259 Deum
3054 3205 3231 3259 credis
3260 3246 3273 3266 ,
3310 3205 3396 3270 qui
3448 3203 3548 3257 fuit
3593 3204 3644 3255 in
3678 3217 3847 3257 cruce

2261 3299 2524 3354 sollixus?
2557 3300 2636 3351 Au
2670 3299 2759 3366 qui
2801 3296 2921 3352 talis
2951 3307 3052 3361 est,
3086 3305 3135 3348 te
3169 3294 3218 3346 in
3252 3295 3477 3361 lupanar
3512 3292 3843 3359 conjec-tam,

2263 3393 2521 3444 intactam
2549 3404 2762 3441 servare
2796 3389 2987 3455 poterit
3022 3428 3035 3449 ,
3076 3386 3142 3439 ab
3191 3385 3271 3437 his
3315 3385 3610 3453 prrcsertim
3658 3382 3818 3457 vitis,

2261 3480 2349 3551 qui
2407 3479 2693 3533 mulierum
2750 3477 3025 3530 amoribus
3069 3475 3305 3529 insanire
3351 3476 3496 3529 soliti
3551 3475 3715 3527 sunt?
3754 3473 3847 3529 Fi-

2259 3575 2402 3635 dem,
2440 3572 2613 3642 inquit
2649 3570 2929 3626 Tbeodora
2960 3612 2973 3634 ,
3004 3580 3056 3623 cl
3087 3585 3232 3636 spem
3275 3568 3447 3623 habeo
3480 3570 3531 3621 in
3566 3567 3822 3640 Christo,

2259 3664 2347 3730 qui
2383 3677 2597 3713 crucem
2632 3677 2921 3729 perpessus
2953 3659 3051 3711 fuit
3082 3660 3179 3711 sub
3211 3658 3401 3710 Pontio
3452 3658 3621 3709 Pilato
3647 3695 3661 3717 ,
3724 3655 3845 3709 fore

2260 3767 2312 3808 ut
2339 3770 2425 3809 me
2461 3755 2527 3807 ah
2563 3756 2763 3823 iniquis
2794 3754 2913 3807 istis
2939 3754 3068 3805 viris
3093 3752 3309 3815 eripiat,
3334 3756 3383 3801 et
3413 3766 3439 3801 a
3471 3752 3587 3803 labe
3616 3750 3845 3803 omnino

2259 3847 2482 3900 liberam
2524 3852 2702 3897 servet
2730 3884 2744 3909 ,
2784 3843 2835 3897 in
2878 3841 2995 3911 ejus
3040 3841 3143 3895 ﬁde
3190 3850 3629 3908 permanentem,
3664 3854 3849 3908 neque

2258 3954 2493 4007 linquam
2528 3952 2648 3990 eum
2680 3947 2986 4006 negantem.
3017 3934 3187 3991 ludes
3236 3949 3395 3988 vero:
3432 3933 3619 3985 Adhuc
3648 3943 3698 3985 te
3736 3948 3844 3985 nn-

2257 4038 2472 4097 gantem
2523 4028 2739 4095 patior,
2795 4029 3023 4079 necdum
3072 4025 3240 4092 jubeo
3285 4024 3569 4075 tormentis
3621 4022 3838 4091 subjici.

2256 4121 2386 4173 Atsi
2418 4118 2744 4173 contendere
2778 4134 2879 4171 non
2913 4119 3207 4182 destiteris,
3245 4127 3299 4170 ut
3333 4117 3579 4169 ancillam
3602 4116 3842 4184 aliquam

576 4226 696 4281 quae
732 4212 1094 4281 virginitatem
1122 4226 1337 4281 semper
1385 4214 1613 4267 servatis
1637 4253 1650 4277 ,
1696 4223 1791 4269 aut
1821 4215 1924 4268 diis
1956 4216 2147 4267 immo-
2177 4228 2221 4290 ο
2255 4225 2306 4270 te
2336 4226 2705 4283 prosternens,
2744 4212 2938 4267 faciam
2973 4215 3113 4283 quod
3151 4212 3352 4265 domini
3409 4222 3569 4277 atque
3606 4210 3847 4273 impera-

581 4305 717 4369 lare,
741 4314 833 4356 aut
866 4304 1179 4370 iniuriosius
1210 4304 1448 4355 tractari.
1477 4304 1745 4367 Albitrot‘,
1785 4305 2151 4374 inquitTheo-

577 4397 727 4460 dora,
766 4402 817 4450 te
854 4410 958 4449 non
1030 4396 1277 4466 ignorare
1304 4434 1318 4460 ,
1374 4394 1607 4449 hominis
1652 4399 1985 4463 propositum
2047 4400 2153 4452 Deo

576 4489 680 4557 ipsi
723 4490 774 4542 in
811 4490 1000 4558 primis
1031 4500 1243 4558 gratum
1276 4504 1396 4542 esse
1427 4506 1439 4542 :
1473 4490 1517 4542 is
1546 4505 1672 4543 vero
1705 4490 1945 4544 animum
1974 4507 2148 4545 meum

579 4592 737 4649 atque
763 4581 1095 4649 propositum
1131 4590 1338 4633 castum
1372 4596 1489 4633 esse
1515 4582 1784 4649 cognovit.
1818 4584 1969 4646 Quod
1996 4583 2037 4635 si
2069 4599 2151 4635 me

580 4673 632 4727 id
665 4674 796 4741 pati,
822 4671 965 4742 quod
997 4672 1153 4738 dicis,
1183 4680 1235 4726 et
1263 4672 1445 4725 violari
1478 4674 1741 4740 coegeris,
1770 4690 1874 4726 non
1910 4676 2013 4727 erit
2037 4679 2150 4731 lucc

577 4767 938 4834 impudicitia,
973 4767 1066 4820 sed
1112 4766 1192 4820 vis
1231 4776 1281 4820 ct
1310 4768 1523 4837 injuria.
1559 4766 1726 4821 Judex
1773 4778 1979 4823 autem:
2016 4769 2149 4824 Cum

578 4868 631 4930 te
654 4858 939 4927 ingenuam
971 4873 1091 4914 esse
1122 4859 1363 4912 noverim
1394 4899 1408 4923 ,
1442 4870 1492 4912 et
1530 4859 1604 4911 tui
1638 4862 1895 4915 rationem
1953 4864 2151 4917 habere

577 4947 815 5015 cupiam,
840 4949 1127 5011 admoneo,
1152 4965 1216 5002 ne
1247 4950 1690 5004 contumeliosius
1722 4959 1770 5003 te
1803 4968 1990 5021 geras;
2021 4955 2148 5008 nihil

576 5042 721 5094 enim
755 5039 1024 5110 proﬁcies.
1060 5040 1189 5094 Nam
1222 5055 1316 5110 per
1358 5040 1489 5093 deos
1542 5056 1731 5095 omnes
1758 5086 1770 5107 ,
1827 5044 2147 5097 sententiam

577 5131 720 5185 hanc
754 5134 1107 5202 imperatores
1142 5133 1399 5187 tulerunt.
1441 5132 1592 5187 Tunc
1622 5135 1694 5187 illi
1732 5134 2010 5190 Theo-dera
2040 5154 2053 5193 ;
2086 5137 2152 5191 Et

579 5222 754 5290 prius,
784 5225 956 5293 inquit
987 5265 1001 5289 ,
1041 5223 1131 5284 tibi
1170 5226 1276 5277 dixi
1306 5266 1318 5287 .
1348 5226 1582 5280 hominis
1627 5230 1955 5295 propositum
1992 5242 2152 5296 atque

580 5316 820 5374 animum
858 5315 963 5372 Deo
1001 5327 1208 5384 gratum
1262 5332 1402 5371 esse.
1450 5318 1582 5371 Cum
1638 5321 1781 5372 enim
1832 5321 2012 5373 omnia
2065 5320 2152 5375 iile

578 5418 891 5478 pernoscat,
912 5408 1139 5475 cogitata
1159 5411 1320 5463 etiam
1346 5418 1526 5465 nostra
1552 5410 1675 5472 scit,
1703 5421 1754 5463 et
1780 5422 1986 5465 mentes
2007 5413 2152 5480 ipsas

576 5501 858 5570 perspicit.
890 5499 1247 5566 Quamobrem
1301 5502 1342 5555 si
1381 5513 1564 5556 coacta
1599 5500 1751 5556 fuero
1785 5502 1964 5558 facere
2007 5506 2149 5573 quod

2260 4317 2402 4359 tores
2457 4304 2623 4355 nostri
2679 4304 3001 4371 jusserunt,
3054 4310 3186 4354 utet
3236 4301 3456 4369 reliquis
3518 4300 3843 4353 mulieribus

2258 4396 2559 4464 exemplum
2614 4394 2731 4450 ﬁas.
2792 4394 2873 4449 Ad
2936 4395 3049 4449 haec
3102 4394 3381 4447 'l'heodora
3424 4414 3435 4448 :
3478 4393 3665 4446 Parata
3717 4407 3839 4445 sum

2261 4503 2453 4558 corpus
2488 4503 2660 4542 meum
2691 4530 2705 4552 ,
2739 4489 2893 4559 cujus
2940 4498 3263 4557 potestatem
3318 4489 3519 4550 babes,
3572 4487 3663 4540 tibi
3723 4496 3842 4538 tra-

2257 4584 2426 4637 dere:
2467 4584 2643 4635 anima
2675 4596 2801 4633 vero
2850 4582 2964 4647 ipsa
3000 4581 3050 4632 in
3084 4580 3248 4631 solius
3286 4578 3375 4630 Dei
3416 4593 3574 4630 manu
3627 4589 3712 4632 est
3778 4596 3842 4631 ac

2259 4685 2549 4746 potestate.
2586 4672 2723 4724 Tum
2755 4672 2955 4741 judex:
3003 4673 3284 4727 Evcmcate
3322 4672 3467 4727 illam
3519 4674 3725 4736 statim,
3763 4674 3843 4724 cio

2257 4781 2361 4835 que
2391 4766 2570 4827 dicite,
2602 4779 2669 4818 ne
2705 4765 2942 4819 insanire
2979 4764 3208 4835 amplius
3242 4766 3407 4827 velit,
3440 4766 3531 4817 sed
3562 4765 3754 4816 cedere
3789 4775 3843 4817 et

2256 4859 2358 4913 diis
2395 4858 2522 4926 ipsis
2560 4857 2859 4911 immolare.
2892 4855 3130 4919 Minime,
3178 4856 3349 4923 inquit
3380 4854 3658 4909 Theodora
3689 4898 3704 4920 ,
3743 4873 3845 4926 per

2259 4952 2427 5005 Deum
2474 4953 2647 5019 ipsum
2706 4949 3040 5002 daemonibus
3088 4948 3414 5003 sacriﬁcium
3476 4959 3566 5001 aut
3625 4950 3844 5002 cultum

2258 5044 2453 5098 adcrre
2507 5042 2661 5107 volo,
2720 5056 2839 5094 cum
2888 5040 3053 5094 Deum
3113 5041 3411 5107 adjutorem
3472 5039 3721 5097 habeam.
3759 5042 3846 5095 Ad

2260 5134 2373 5191 hinc
2404 5135 2599 5205 judcx:
2638 5133 2773 5200 Quid
2809 5149 2892 5187 me
2949 5134 3096 5202 cogis
3126 5134 3219 5186 tibi
3257 5133 3647 5187 honestissima:
3681 5132 3851 5188 fetui—

2259 5246 2338 5283 na:
2370 5228 2620 5297 iujuriam
2663 5226 2876 5279 facere?
2909 5226 3163 5278 Auscuita
3200 5226 3350 5287 mihi,
3384 5241 3415 5279 o
3447 5225 3631 5288 stulta,
3664 5242 3735 5277 ne
3791 5226 3852 5280 in

2260 5330 2461 5374 tantam
2504 5318 2710 5370 turbam
2766 5316 2967 5368 incidas
2993 5332 3177 5368 eorum
3203 5355 3215 5378 ,
3251 5318 3338 5381 qui
3383 5316 3712 5370 sententiam
3747 5332 3858 5372 ex-

2258 5418 2504 5481 spectant
2552 5424 2672 5478 quae
2728 5418 2911 5463 contra
2951 5419 3001 5460 te
3042 5406 3266 5462 feramur.
3299 5408 3412 5463 Non
3449 5423 3565 5462 sum
3604 5426 3807 5466 amens
3835 5452 3851 5475 ,

2260 5505 2434 5572 inquit
2487 5502 2768 5555 Thcodora
2795 5543 2808 5565 ,
2863 5518 2981 5569 quzc
3018 5503 3179 5555 Deum
3217 5506 3483 5556 conlitcor
3510 5541 3525 5565 ,
3559 5515 3611 5558 ct
3658 5504 3855 5571 ipsum

580 5594 739 5657 dicis,
774 5593 1098 5663 impudicam
1134 5607 1218 5645 me
1246 5592 1437 5647 factam
1476 5609 1751 5662 nunquam
1807 5572 2145 5650 exisrimabo.
2183 5572 2228 5629 θ
2255 5598 2555 5663 adjutorem
2588 5595 2778 5648 habeo.
2817 5593 2987 5658 Quam
3024 5596 3165 5648 enim
3224 5596 3475 5663 injuriam
3537 5598 3665 5650 mihi
3724 5595 3859 5652 fore

580 5687 709 5742 Sive
752 5687 897 5742 enim
938 5695 1098 5755 caput
1126 5700 1305 5740 meum
1331 5727 1346 5750 ,
1405 5688 1518 5742 sive
1571 5701 1762 5742 manus
1792 5728 1806 5753 ,
1840 5687 1952 5742 sive
1989 5692 2149 5757 pedes

577 5779 925 5846 abscindere.
960 5780 1073 5838 sive
1106 5789 1273 5838 totum
1304 5794 1504 5852 corpus
1534 5780 1827 5837 dilacerare
1870 5781 2103 5836 volueris
2134 5822 2147 5844 .

2259 5700 2452 5759 putas,
2514 5703 2577 5741 ea
2633 5705 2718 5742 res
2765 5688 3021 5741 honorem
3067 5699 3118 5742 et
3166 5690 3389 5759 gloriam
3447 5691 3858 5759 sempiternam

2264 5782 2393 5838 mihi
2425 5780 2776 5851 comparabit.
2818 5778 2952 5833 Tum
2994 5779 3189 5849 iudex:
3233 5781 3338 5853 Ego
3386 5798 3491 5837 non
3528 5781 3770 5855 amplius
3801 5795 3865 5841 te
