3972 6434
171 406 225 466 85
1378 409 1555 470 νιΤΑ
1592 408 1633 469 S
1690 406 1735 466 Τ

1858 409 2155 472 ΟῡΟΗιΕ.
3357 424 3426 485 86

169 526 336 585 feram,
363 521 459 575 sed
495 522 888 589 imperatorum
934 523 1088 593 jussa
1139 540 1407 596 exsequar
1433 545 1445 579 :
1500 527 1737 582 futurum
1769 525 1817 583 Α
1922 526 1984 583 ν.
2015 526 2207 583 Turba:
2232 539 2410 583 autem
2434 529 2537 583 illa
2558 544 2703 597 eam,
2730 542 2786 584 ut
2812 532 2922 602 lupi
2947 550 3161 601 agnam,
3190 537 3427 595 circum~

167 614 285 669 enim
323 615 648 670 existimans
697 626 757 671 ut
816 620 1130 685 persuaderi
1173 636 1358 689 posses
1387 666 1401 689 ,
1441 622 1639 680 diutius
1688 634 1738 679 te
1846 620 2034 676 dantes
2059 663 2073 688 ,
2107 623 2355 677 certatim
2386 622 2680 678 studebant
2728 639 2826 693 pro
2855 640 2915 681 se
2944 628 3175 697 quisque
3204 630 3271 686 ad
3304 648 3423 687 eam

168 706 403 762 ferebam.
440 708 597 774 Quod
632 710 677 763 si
716 710 810 765 tibi
864 727 1099 779 parcens
1127 755 1140 777 ,
1176 715 1227 769 id
1279 716 1452 769 minus
1498 718 1733 786 curabo,
1846 713 2077 784 ingredi,
2115 724 2168 769 et
2202 725 2259 769 ut
2286 731 2449 773 canes
2477 716 2528 769 in
2560 715 2732 772 feram
2764 717 3025 788 aliquam,
3058 732 3112 776 et
3136 725 3427 794 accipitres

173 801 291 867 quod
322 801 510 870 jussus
560 801 659 866 fui,
692 802 1051 871 imperatores
1100 817 1449 866 contemnere
1493 812 1734 867 videbor.
1845 806 1896 861 in
1927 808 2233 863 COIUInbam
2262 851 2276 875 .
2313 811 2386 863 ila
2418 810 2469 863 ill
2497 826 2614 865 eam
2665 812 2838 867 turbae
2891 814 3162 872 inhiantes
3219 819 3425 885 ingredi

167 891 228 946 tm
254 904 429 948 autem
464 894 754 951 'I'beodora
797 898 872 950 ita
907 903 1221 970 respondit:
1281 902 1437 959 δῑριιι
1491 907 1603 975 ipse
1634 907 1734 960 im—
1842 898 2194 956 festinabant.
2223 902 2489 958 Caeterum
2522 918 2700 973 neque
2733 913 2861 960 tunc
2888 906 3139 962 σὴν-ἰδίας
3167 910 3279 978 ipse
3307 926 3427 968 ces-

165 998 416 1053 peratores
453 990 676 1053 metuis,
734 992 988 1061 quodque
1026 994 1094 1049 ab
1148 994 1251 1051 illis
1294 998 1479 1067 jussus
1527 1004 1624 1065 est,
1683 1000 1733 1055 id
1840 995 2014 1059 sabat,
2048 998 2140 1052 sed
2169 1014 2289 1051 cum
2313 998 2605 1066 quemdam
2631 1014 2695 1053 ex
2731 995 3011 1053 Fratribus
3039 1018 3423 1071 praeparasset,

168 1075 318 1130 facere
342 1078 556 1142 studes;
605 1079 678 1134 ita
715 1092 769 1135 et
802 1097 901 1151 ego
934 1084 1124 1139 studeo
1170 1102 1275 1140 non
1330 1104 1527 1159 negare
1568 1092 1732 1145 Deum
1845 1090 1912 1142 ad
1946 1104 2063 1141 eam
2098 1090 2245 1143 illum
2278 1091 2444 1145 misit.
2495 1090 2725 1156 Quidam
2785 1093 2930 1146 enim
2988 1094 3427 1164 religiOsissimus

166 1184 336 1233 meum,
363 1172 533 1225 timeo
562 1175 709 1227 enim
743 1184 798 1227 et
825 1176 935 1242 ipsa
961 1191 1143 1231 verum
1173 1179 1321 1232 illum
1349 1181 1730 1249 imperatorem
1838 1175 2052 1239 Friller.
2085 1182 2175 1250 qui
2214 1181 2307 1236 Del
2345 1182 2559 1248 ηθιζοιῑίι
2595 1192 2832 1238 ινεοιπθ
2883 1188 3085 1254 optime
3118 1189 3385 1245 didit’efat
3406 1233 3421 1253 .

164 1259 308 1316 Deum
340 1275 721 1321 contemnere,
751 1266 1105 1325 Contentiosc
1133 1312 1147 1334 ν
1182 1273 1356 1341 inquit
1384 1275 1548 1341 judex
1570 1318 1581 1339 ι
1617 1293 1732 1332 me-
1837 1279 1889 1324 et
1925 1275 2382 1340 quemadmodum
2412 1275 2646 1346 aliquem
2675 1292 2738 1331 ex
2775 1278 2865 1332 Dei
2903 1278 3181 1335 voluntate
3203 1283 3423 1340 divitem

164 1366 263 1407 cum
288 1356 423 1424 agis.
454 1367 513 1433 ρει
532 1367 862 1414 κιθτηοιιυηι
884 1362 1271 1430 imperatorum
1293 1366 1444 1433 juSsa
1476 1370 1726 1439 negligis,
1840 1363 1953 1417 fieri
1985 1364 2227 1430 deceret,
2262 1366 2399 1421 bene
2434 1380 2658 1423 DOVCI‘DI
2684 1409 2699 1435 ,
2738 1369 2825 1425 ille
2846 1387 2971 1428 eum
3003 1389 3032 1427 e
3057 1374 3216 1429 rebus
3265 1375 3425 1432 Βουῖσ

164 1454 205 1499 et
231 1461 328 1508 me,
361 1428 642 1517 tamquam
675 1451 942 1506 imbellem
966 1428 1198 1524 aliquem
1226 1428 1485 1525 despicis.
1837 1471 2049 1526 semper
2070 1428 2267 1528 aliquid
2298 1460 2526 1529 amplius
2554 1472 2853 1530 appeteret,
2895 1466 3061 1520 etsibi
3095 1483 3416 1536 comparare

164 1537 300 1592 trium
337 1540 554 1595 dierum
601 1552 821 1613 tempus
855 1545 949 1601 tibi
1000 1547 1250 1603 condono
1280 1590 1296 1617 ,
1343 1566 1403 1607 ac
1455 1569 1551 1622 per
1601 1555 1730 1609 deos
1836 1550 2389 1621 studeret,dnplicem
2416 1555 2660 1625 martyrii
2687 1570 2942 1610 coronam
2966 1558 3065 1611 sibi
3089 1562 3423 1626 conciliavit,

160 1644 344 1695 omnes,
367 1634 477 1687 nisi
507 1635 749 1688 animum
784 1648 961 1691 mutes
995 1648 1049 1692 et
1078 1640 1375 1705 saeriﬁces,
1416 1644 1469 1697 in
1497 1644 1729 1710 lupanar
1835 1649 1890 1695 et
1929 1657 2158 1709 regnum
2210 1644 2473 1699 caelorum
2530 1646 2632 1701 hoc
2682 1649 2841 1702 modo
2884 1651 3081 1719 rapuit.
3118 1650 3253 1706 Cum
3281 1656 3424 1709 enim

163 1725 203 1773 te
230 1727 452 1790 tradam,
491 1736 552 1780 ut
585 1729 843 1781 mulieres
873 1744 1063 1784 omnes
1089 1740 1141 1785 te
1169 1733 1243 1786 ita
1286 1737 1503 1790 tractari
1536 1738 1729 1793 viden-
1834 1733 2052 1787 militari
2086 1734 2273 1791 habitu
2306 1752 2363 1790 se
2407 1738 2695 1801 induisset.
2727 1742 2934 1808 primus
2970 1744 3037 1797 ad
3072 1759 3189 1798 eam
3218 1746 3427 1817 ingres-

161 1818 245 1878 tes,
288 1818 625 1885 turpitudine
684 1833 772 1876 tua
816 1825 1169 1895 castigentur.
1226 1828 1296 1882 At
1338 1830 1625 1888 Thodora:
1662 1833 1730 1888 Et
1760 1868 1806 1928 Β
1836 1844 1928 1884 sus
1949 1844 2052 1895 est,
2092 1834 2245 1902 quasi
2282 1850 2421 1889 unus
2451 1850 2516 1888 ex
2550 1835 2943 1904 impudentium
2971 1849 3023 1893 et
3055 1838 3426 1909 intemperan-

161 1921 283 1961 nunc
314 1910 459 1964 idem
499 1914 641 1969 Deus
670 1925 773 1981 est,
811 1928 862 1972 et
888 1934 1123 1990 semper,
1156 1923 1248 1993 qui
1283 1940 1387 1979 non
1421 1930 1723 1996 permittet,
1761 1910 1806 1928 ³³
1838 1925 1970 1978 tium
2009 1925 2288 1980 hominum
2317 1943 2542 1983 numero
2585 1939 2753 1983 esset.
2800 1930 2933 1999 Ejus
2978 1932 3143 2002 igitur
3185 1934 3425 1991 hominis

159 2008 205 2053 ut
228 2016 337 2055 eum
369 2006 773 2076 derelinquam.
825 2009 957 2065 Peto
988 2024 1167 2086 autem
1240 2027 1298 2070 ut
1341 2020 1599 2075 intactam
1662 2039 1725 2079 ac

1859 2029 2025 2070 iovam
2056 2028 2105 2072 et
2131 2020 2471 2086 peregrinam
2502 2018 2729 2091 ﬁguram
2755 2034 2942 2077 sancta
2966 2025 3053 2079 illa
3075 2026 3227 2097 virgo
3248 2026 3427 2084 'I'beo-

158 2105 318 2156 puram
353 2111 437 2151 me
474 2098 681 2151 servari
715 2097 923 2164 iubeas,
950 2104 1127 2171 quoad
1153 2110 1485 2163 sententiam
1513 2112 1723 2169 tuleris.

1849 2108 1961 2162 lora
1988 2126 2109 2163 cum
2160 2112 2431 2176 vidisset,
2484 2112 2586 2166 fuit
2635 2116 2961 2181 perterrita;
3008 2132 3072 2171 ea
3124 2120 3268 2173 enim
3333 2136 3417 2177 res

161 2181 293 2240 Tunc
320 2187 488 2255 judes
524 2190 604 2242 ait
631 2209 647 2244 :
676 2189 1019 2248 Theodoram
1055 2200 1156 2253 sub
1185 2209 1296 2253 tuta
1338 2204 1581 2257 custodia
1611 2220 1726 2259 ser—
1830 2201 2278 2271 multuminjuriae
2298 2218 2359 2257 ac
2379 2205 2731 2270 turpitudinis
2751 2222 2862 2273 pra:
2884 2224 2942 2262 se
2966 2208 3195 2265 ferebat.
3216 2210 3421 2279 Quam-

159 2292 261 2334 nts
285 2298 450 2351 usque
479 2287 551 2337 ad
586 2296 701 2341 tres
734 2290 885 2351 dies,
937 2291 982 2344 si
1007 2289 1151 2347 forte
1204 2296 1578 2365 resipiscens,
1621 2300 1724 2355 sibi
1829 2292 2016 2347 Obrem
2065 2296 2286 2366 ancipiti
2333 2304 2388 2349 et
2440 2296 2605 2352 dubio
2660 2298 2845 2353 animo
2904 2306 3145 2357 carceris
3196 2305 3424 2373 angulo!

158 2373 251 2438 ipsa
280 2380 637 2441 persuaserit,
672 2390 782 2433 uta
808 2382 899 2435 tali
932 2385 1275 2441 contentione
1307 2390 1551 2446 desistat.
1583 2389 1723 2458 Quin

1856 2382 2154 2439 :ircumibat
2178 2426 2192 2447 ,
2228 2401 2410 2441 secum
2455 2388 2701 2458 cogitans
2729 2430 2745 2455 ,
2807 2405 2935 2445 num
2987 2405 3016 2446 a
3053 2390 3275 2449 Christo
3304 2394 3424 2465 ipso

160 2474 209 2515 et
233 2469 492 2536 pracipio,
535 2486 603 2523 ne
636 2476 959 2539 permittatis
993 2477 1226 2545 aliquem
1260 2481 1326 2535 ad
1353 2495 1472 2533 eam
1511 2483 1719 2551 ingredi
1834 2478 2020 2530 τθιίοιλ
2049 2488 2216 2535 εδεθισ

155 2566 198 2606 et
227 2572 339 2611 eum
399 2560 517 2629 ipsa
560 2566 787 2631 versari,
820 2576 1104 2634 propterea
1146 2568 1290 2638 quod
1327 2570 1528 2625 familia
1557 2573 1723 2628 nobili
1911 2570 1993 2624 γι.
2035 2573 2106 2623 At
2130 2584 2355 2628 sanctus
2385 2572 2645 2644 Didymus
2678 2576 2791 2646 (ita
2822 2574 2966 2631 enim
3002 2579 3341 2650 vocabatur)
3363 2588 3423 2636 nt

159 2656 204 2700 et
224 2649 433 2705 honesta
476 2666 608 2707 nata
648 2667 755 2710 est.
1830 2676 2128 2736 germanus
2186 2665 2371 2730 frater,
2423 2666 2689 2733 incipiens
2720 2684 2842 2721 eam
2878 2669 3034 2724 aﬂ‘ari
3068 2687 3083 2725 :
3112 2670 3229 2727 Non
3276 2688 3421 2737 sum.

210 2736 290 2795 IV.
330 2741 455 2798 Post
498 2754 618 2800 tres
651 2748 769 2801 dies
796 2763 916 2802 eum
949 2750 1113 2821 judes
1159 2756 1212 2810 in
1260 2760 1518 2819 tribunali
1573 2768 1729 2822 sede-

1857 2754 2029 2823 nquit,
2090 2755 2166 2819 id,
2223 2757 2367 2824 quod
2434 2759 2602 2814 vides.
2666 2760 3049 2817 Exstrinsecus
3081 2766 3225 2818 enim
3265 2767 3422 2837 lupus

156 2840 258 2885 ret:
285 2834 625 2904 Adducatur,
660 2838 859 2909 inquit,
894 2842 1199 2900 Theodoro.
1238 2849 1447 2911 Cohors
1480 2858 1593 2910 ait:
1628 2858 1733 2913 Do-
1831 2846 2037 2912 νίάθοτι
2065 2848 2209 2903 imus
2238 2864 2371 2903 νθτο
2402 2866 2520 2906 sum
2556 2852 2673 2907 ονίε
2712 2864 3017 2911 mansuem-
3074 2856 3154 2913 ΝΘ
3206 2872 3421 2926 Spem“

155 2922 296 2990 nilne,
334 2939 536 3001 presio
570 2941 653 2986 εει
682 2930 995 2991 Τιιεοάυι-ιι,
1026 2938 1162 2993 Tum
1195 2940 1281 2997 me
1303 2960 1317 2997 ε
1343 2942 1398 2999 Si
1431 2948 1729 3017 resipuigli,
1831 2940 2163 2994 exteriorem
2211 2941 2353 2995 hanc
2413 2954 2642 3007 vestem,
2674 2945 2768 2998 sed
2801 2946 3118 3001 interiorem
3150 2959 3203 3002 et
3239 2966 3419 3019 prom-

151 3025 193 3067 ει
215 3019 304 3072 tibi
336 3021 448 3089 jam
481 3026 837 3090 persuasisti,
869 3045 1012 3084 nunc
1064 3036 1312 3091 sacriﬁca
1334 3078 1351 3104 ,
1403 3050 1456 3095 ει
1499 3053 1617 3098 εειο
1661 3044 1729 3099 η..
1830 3044 1982 3104 ptum
2016 3035 2179 3088 animi
2233 3034 2485 3091 all'ecwm
2526 3038 2873 3091 ennsideres.
2905 3036 3099 3093 Frater
3123 3044 3266 3095 enim
3294 3061 3416 3099 sum

150 3103 291 3174 hera;
343 3121 472 3178 puto
502 3116 661 3169 enim
695 3126 749 3170 te
781 3135 1118 3193 nequaquam
1147 3103 1377 3198 sapere,
1451 3135 1503 3187 in
1532 3140 1723 3195 eodem
1836 3128 1889 3182 in
1926 3128 2098 3181 aliena
2136 3128 2331 3197 ﬁgura,
2378 3138 2567 3183 contra
2610 3130 2882 3184 diabolum
2944 3135 3179 3202 sapiens,
3228 3151 3416 3191 eorum

152 3199 403 3266 ρωροείιο
433 3206 851 3273 persislettlem.
879 3212 1480 3282 Respuitdit'l‘beodora
1506 3240 1519 3277 :
1548 3227 1722 3284 Antea
1755 3236 1798 3293 (ς
1832 3219 2047 3287 quidem
2076 3232 2224 3274 veste
2267 3221 2509 3286 indutus,
2544 3223 2637 3290 qui
2670 3232 2800 3276 sunt
2848 3199 3019 3280 illius
3049 3228 3281 3283 ministri
3309 3272 3323 3296 ,
3359 3238 3419 3285 ut

153 3288 246 3345 dixi
273 3294 383 3359 tibi,
415 3307 470 3352 et
498 3317 650 3354 nunc
687 3305 879 3359 eadem
914 3308 1099 3365 dicere
1135 3327 1241 3369 non
1293 3331 1484 3373 recuso
1510 3360 1525 3385 ,
1561 3323 1721 3377 casti-

1852 3321 1901 3363 ta
1930 3312 2034 3365 buc
2080 3310 2390 3382 ingrediens
2416 3327 2523 3365 non
2562 3327 2891 3382 agnoscerer
2926 3314 3123 3383 (erant
3147 3320 3290 3372 enim
3326 3322 3416 3390 qui

156 3385 259 3436 tatis
295 3402 423 3441 mea:
463 3392 869 3466 professionem
894 3438 908 3463 ,
957 3398 1158 3458 Christi
1201 3421 1363 3463 causa
1414 3424 1721 3481 susceptam

1846 3416 1935 3455 )uc
1976 3402 2280 3458 venientem
2317 3405 2773 3472 speculabantur)
2808 3418 2864 3458 et
2897 3405 3112 3462 Domini
3149 3410 3255 3464 mei
3287 3428 3414 3477 prc-

158 3485 277 3537 esse,
300 3480 391 3544 qui
429 3480 531 3533 fuit
560 3483 897 3554 incorrupta:
928 3491 1053 3547 vita:
1080 3498 1419 3567 przedicator,
1444 3480 1723 3574 meamque
1828 3496 2017 3550 tiosam
2063 3496 2482 3565 possessionem,
2511 3507 2564 3551 et
2591 3497 2681 3552 Dei
2711 3498 3018 3555 columbam
3041 3516 3162 3557 eam
3192 3518 3416 3560 servare

150 3564 521 3625 confessionem
594 3574 768 3644 ipsius
824 3580 913 3633 Dei
969 3564 1141 3651 gratia
1193 3589 1328 3646 fieri.
1379 3564 1512 3663 Ejus
1561 3564 1724 3667 igiiur
1826 3608 2061 3663 pos-“em-
2103 3591 2209 3648 Sed
2246 3607 2345 3661 age
2386 3604 2595 3648 νθεῑθπι
2640 3604 2954 3668 multum!“
2991 3597 3085 3650 ubi
3125 3598 3267 3651 Deus
3299 3600 3415 3668 ips.

152 3653 331 3712 Domini
366 3674 417 3715 et
452 3664 551 3719 Dei
595 3667 871 3726 confessio
902 3689 998 3742 per
1026 3693 1112 3731 me
1143 3653 1486 3749 praedicetur,
1521 3653 1721 3757 etvipse
1827 3685 2112 3737 victoriam
2167 3685 2395 3751 largitur
2428 3701 2444 3739 :
2477 3701 2561 3738 me
2607 3702 2737 3741 vero
2793 3698 3023 3743 coronat
3056 3702 3301 3754 sanctus,
3363 3703 3417 3747 et

148 3747 302 3806 videat
331 3755 473 3823 (scit
504 3760 697 3828 enim)
734 3767 1005 3831 quomodo
1039 3747 1191 3824 suam
1239 3747 1496 3845 virginem
1531 3747 1718 3847 puram
1825 3776 1914 3844 qui
1949 3776 2063 3829 sine
2101 3776 2308 3829 macula
2344 3785 2447 3843 est,
2488 3778 2672 3847 Agnus
2730 3780 2837 3843 ille,
2865 3782 2955 3849 qui
3010 3782 3146 3835 tollit
3197 3795 3416 3850 peccata

152 3854 427 3903 conservet.
467 3850 574 3905 Per
602 3852 742 3908 deos
775 3856 1349 3935 ῑμςοε,ῑηηυῑι]υιιει,
1378 3870 1721 3928 dominorum
1826 3869 2035 3922 mundi.
2077 3869 2173 3923 Exi
2203 3879 2281 3935 tu,
2317 3878 2396 3933 et,
2428 3872 2494 3924 ad
2532 3869 2819 3925 Dominum
2858 3872 2977 3927 ito:
3032 3872 3146 3942 Ego
3196 3887 3416 3945 prapter

146 3931 274 3999 iussa
311 3944 537 4007 veritus,
582 3960 655 3998 ne
685 3944 823 4000 forte
858 3950 963 4005 illis
988 3970 1093 4007 non
1126 3959 1406 4025 obedicns,
1428 3952 1714 4028 pericliter,

1842 3956 2113 4011 Dominum
2144 3960 2230 4011 hic
2259 3963 2577 4016 remanebo.
2613 3965 2726 4017 llac
2766 3979 2883 4018 mea
2915 3978 3091 4031 veste,
3148 3983 3310 4033 quam
3341 3971 3410 4025 ti-

153 4027 381 4086 adversus
416 4044 469 4087 te
504 4036 707 4089 faciam
757 4042 899 4108 quod
924 4045 1267 4115 sumjussus.
1291 4050 1557 4117 Quoniam
1588 4071 1718 4112 vero

1843 4050 2034 4113 uebas,
2073 4051 2337 4107 ittduaris.
2366 4051 2496 4108 Esto
2527 4064 2581 4107 tu
2611 4068 2705 4122 pro
2728 4070 2831 4117 me,
2866 4066 2923 4108 ut
2954 4068 3037 4111 est
3064 4060 3131 4112 ab
3152 4062 3411 4128 Apostolo

147 4118 189 4171 in
224 4120 440 4192 lupanar
480 4130 629 4182 tradi
669 4133 945 4203 maluisti,
973 4155 1135 4205 quam
1187 4143 1290 4197 diis
1336 4147 1465 4217 ipsis
1504 4153 1719 4207 sacrifi.
1825 4140 2066 4197 dicttmt‘
2100 4160 2114 4197 ε
2152 4162 2170 4195 α
2208 4144 2395 4200 Estote
2421 4154 2477 4198 ut
2506 4161 2623 4216 ego,
2652 4147 2911 4216 quoniam
2947 4160 3002 4204 et
3026 4164 3126 4217 ego
3157 4162 3214 4204 ut
3242 4166 3357 4207 vos.
3386 4174 3407 4208 s

146 4223 287 4277 “re,
315 4218 604 4273 Videamus
631 4260 648 4283 ,
685 4239 809 4276 num
844 4236 894 4281 te
932 4243 1113 4284 servet
1142 4234 1393 4291 Chrisius
1434 4240 1521 4293 me
1554 4248 1673 4297 tuus
1701 4285 1716 4309 ,
1826 4231 1919 4285 Ille
1946 4236 2162 4299 quidem
2196 4236 2313 4288 haec
2356 4237 2571 4289 dicebat
2611 4253 2625 4288 :
2662 4236 2945 4289 Tlteodnra
3001 4254 3131 4295 vero
3178 4242 3414 4298 libenter

145 4310 334 4401 ilmpter
356 4324 523 4373 qttem
554 4310 612 4363 in
649 4300 1001 4372 contentione
1029 4320 1126 4374 ista
1156 4325 1445 4392 persistere
1472 4300 1715 4389 voluisti:
1823 4325 1871 4378 ei
1914 4325 2345 4395 obtemperabat.
2375 4326 2533 4382 Novit
2565 4330 2711 4384 enim
2743 4329 2811 4384 ab
2844 4328 2936 4383 illo
2969 4330 3087 4399 ipso
3134 4331 3265 4397 Deo,
3314 4337 3405 4401 qui

142 4382 187 4438 Id
207 4405 316 4446 cum
344 4397 516 4465 judex
561 4406 819 4470 dixisset,
852 4412 920 4464 ad
953 4382 1231 4472 cohortem
1264 4435 1484 4481 versus:
1513 4422 1717 4479 Trulla-
1827 4418 1968 4470 misit
2005 4419 2057 4471 in
2091 4419 2264 4472 larum
2306 4421 2521 4476 leonum
2556 4423 2870 4490 prophetam
2909 4421 3182 4487 IIabacnc,
3220 4437 3275 4478 ut
3304 4427 3410 4482 Da-

142 4488 233 4588 εζητ,
260 4490 445 4557 inquit,
484 4495 592 4548 ista
629 4498 683 4549 in
711 4498 953 4567 lupanar.
990 4506 1143 4561 Tune
1172 4510 1577 4573 aitTltendora:
1616 4518 1710 4586 Tu,

1834 4508 1950 4563 nieli
1973 4495 2024 4574 ’³,
2056 4512 2149 4578 qui
2186 4522 2235 4566 et
2268 4513 2382 4582 ipse
2410 4488 2672 4583 propheta
2696 4527 2833 4578 erat,
2866 4517 3045 4570 cibum
3074 4518 3402 4588 impartiret,

1424 4567 1715 4586 -———.—..,
2012 4567 2087 4578 .-
2290 4567 2303 4582 .
2412 4567 2427 4583 .
2516 4567 2527 4582 .
3016 4567 3403 4588 Ἡρη-νην.

145 4567 282 4641 Deus,
309 4583 394 4647 qui
421 4586 683 4642 occultas
716 4605 801 4644 res
831 4592 1071 4663 inspicis,
1105 4601 1193 4666 qui
1248 4608 1446 4662 novisti
1490 4611 1669 4665 omnia
1697 4653 1713 4681 ’
1746 4586 1800 4646 D
1828 4601 2027 4670 quique
2057 4612 2108 4654 ct
2142 4602 2357 4656 leonum
2386 4620 2479 4657 ora
2506 4604 2801 4670 obstruxit,
2830 4606 3053 4661 militem
3083 4608 3231 4662 illum
3278 4620 3405 4667 tunc

143 4669 425 4738 priusqitam
462 4678 557 4733 illa
588 4679 746 4743 ﬁant,
779 4685 869 4752 qui
917 4688 980 4741 ad
1009 4689 1329 4747 hodiernum
1375 4713 1543 4768 usque
1567 4669 1712 4757 (lieni
1813 4697 1880 4747 ad
1910 4708 1969 4749 se
2004 4696 2248 4761 missnm,
2302 4704 2362 4750 ut
2391 4696 2565 4767 ipsius
2598 4699 2783 4753 habitu
2818 4702 3109 4770 oceultata,
3161 4711 3213 4756 et
3246 4702 3400 4759 illinc

145 4759 489 4833 nnibiaffnisti,
511 4782 571 4826 et
595 4772 863 4829 intactam
896 4778 948 4832 in
972 4797 1033 4835 ea
1063 4799 1120 4838 rc
1153 4802 1237 4841 me
1269 4759 1517 4857 ser-vasii,
1547 4808 1707 4863 quam
1812 4797 1995 4853 ειέδῐδι³
2024 4790 2230 4842 Servari
2270 4801 2473 4858 P0558"

144 4848 218 4955 tibi
242 4860 476 4923 promisi,
512 4862 636 4928 ipse
676 4872 730 4917 et
759 4866 983 4934 posthac
1012 4886 1096 4925 me
1126 4874 1425 4941 custodias,
1453 4848 1713 4949 etapro-
1887 4876 1999 4932 VII.
2060 4879 2155 4934 Illa
2188 4881 2353 4948 igitur
2394 4884 2546 4951 virgo
2598 4884 2787 4937 militis
2838 4882 3080 4936 habitum
3143 4890 3398 4955 sumpsit,

1414 4933 1424 4941 ι
1472 4933 1475 4934 ν
1593 4933 1681 4949 ,εν
2067 4933 2113 4934 νν
2210 4933 2238 4948 ιι
2332 4933 2339 4934 ί
2407 4933 2411 4935 -
2454 4933 2539 4951 -ον
2598 4933 2784 4937 --τν--νν
2839 4933 2936 4936 --ν-
2975 4933 2986 4936 ν
3034 4933 3041 4935 -
3072 4933 3079 4935 έ
3145 4933 3395 4955 -ν--γτηι

145 4933 260 4995 fanis
296 4955 348 4998 et
396 4950 605 5018 iniquis
657 4968 849 5009 eorum
909 4962 1158 5017 manibus
1185 5003 1199 5026 ,
1238 4968 1326 5033 qui
1364 4973 1535 5037 parati
1587 4984 1715 5029 sunt
1812 4972 2118 5042 ocreisque,
2146 4975 2340 5042 quibus
2361 4988 2518 5030 antea
2544 4975 2699 5030 miles
2723 4976 2799 5029 uti
2822 4988 3207 5045 consueverat,
3234 4994 3395 5037 crura

141 5035 314 5089 ancillae
338 5042 727 5111 tuaeinjnriam
757 5047 978 5115 inferre,
1009 5054 1332 5113 incolumem
1360 5070 1413 5114 et
1438 5062 1701 5136 integram
1816 5078 1914 5118 sua
1945 5068 2186 5120 contexit
2222 5086 2235 5122 :
2287 5082 2521 5137 cumque
2558 5070 2765 5138 reliqua
2802 5081 2953 5125 veste
3002 5086 3063 5125 se
3111 5072 3394 5140 induisset,

139 5136 310 5183 “ﬂes.
343 5131 463 5189 Ilaec
494 5152 624 5192 cum
666 5138 756 5193 illa
782 5141 1027 5209 dixisset,
1061 5151 1128 5203 ad
1164 5152 1389 5221 lupanar
1410 5131 1578 5210 ducta
1593 5174 1703 5231 est;

1826 5158 1976 5223 capiti
2012 5157 2218 5227 galeam
2253 5131 2532 5229 imposuit,
2566 5162 2789 5231 ejusque
2820 5162 2987 5215 armis
3012 5166 3272 5230 acceptis,
3303 5165 3394 5223 illo

141 5218 327 5324 idqvod
352 5229 627 5295 ingressa,
657 5235 850 5290 oculos
866 5238 931 5293 ad
954 5240 1152 5295 caelum
1176 5218 1371 5309 erexit,
1398 5258 1449 5301 et
1471 5251 1540 5302 ait
1566 5218 1702 5315 :Tu;
1814 5250 1953 5318 ipso,
1987 5266 2169 5320 quem,
2202 5253 2294 5321 qui
2318 5254 2367 5307 ei
2398 5256 2644 5309 astiterat
2672 5256 2948 5324 praecepit,
2981 5265 3172 5308 ornatu
3210 5260 3392 5311 induta

1362 5303 1369 5309 .
1617 5303 1659 5305 --
1688 5303 1702 5315 .
1835 5303 1847 5318 .
1942 5303 2017 5320 ,τ
2211 5303 2294 5321 τ--
2324 5303 2367 5307 --
2400 5303 2407 5305 -
2435 5303 2644 5309 ---------
2672 5303 2948 5324 rm-..”
2987 5303 3172 5308 -----η--

144 5303 272 5367 Ρ³ιετ
309 5318 515 5375 Domini
545 5325 728 5376 nnatri
754 5324 882 5380 Jesu
913 5328 1141 5399 Christi,
1171 5351 1256 5389 me
1288 5338 1503 5407 adjuva,
1547 5353 1605 5395 ut
1636 5346 1704 5400 ab
1811 5356 2028 5410 egressa
2065 5354 2169 5398 cst.
2203 5345 2494 5401 Admonita
2527 5348 2691 5399 etiam
2739 5345 2860 5411 fuit,
2895 5362 2962 5400 ne
2986 5362 3155 5416 quem
3185 5348 3392 5417 aspice.

145 5398 209 5456 his
242 5413 457 5469 canibus
491 5415 729 5484 eripior.
768 5419 846 5471 Tu
877 5462 890 5484 ,
916 5424 1005 5492 qui
1038 5423 1255 5481 Petrum
1282 5431 1333 5483 in
1364 5448 1581 5489 carcere
1610 5439 1703 5491 ad-
1811 5446 1913 5497 ret,
1941 5448 2161 5504 propter
2218 5453 2405 5492 eorum
2472 5440 2719 5506 luporum
2782 5440 3171 5511 impudentiam
3228 5450 3391 5511 atque

934 5490 944 5492 _
1656 5490 1675 5491 η
1901 5490 1953 5503 ,,
2015 5490 2054 5504 κ,
2228 5490 2239 5492 -
2290 5490 2299 5491 κ
2360 5490 2365 5491 κ
2474 5490 2477 5491 ν
2529 5490 2586 5506 τ-
2784 5490 3170 5511 mror“---
3231 5490 3387 5511 ηγ-

143 5490 315 5564 iuvisti,
344 5518 582 5575 eumque
624 5508 698 5561 ab
732 5507 930 5576 injuria
964 5516 1192 5572 liberum
1233 5521 1379 5576 illinc
1423 5523 1657 5581 eduxiin
1690 5569 1705 5595 ,
1807 5529 2113 5593 audaciam,
2164 5545 2300 5584 neve
2352 5532 2589 5599 aliquem
2636 5531 3054 5601 alloqueretur:
3097 5534 3190 5587 sed
3243 5542 3389 5587 recta

141 5594 180 5635 tt
206 5604 277 5643 me
306 5594 424 5651 hinc
448 5600 521 5655 ab
554 5600 765 5669 injuria
797 5601 1121 5662 incolumem
1151 5612 1370 5679 educas,
1410 5622 1466 5668 ut
1514 5594 1702 5675 omnes
1802 5621 1868 5674 nd
1931 5630 2139 5688 portam
2195 5622 2441 5677 tenderet
2476 5664 2489 5688 ,
2554 5634 2608 5678 et
2664 5624 2849 5680 Jesum
2907 5625 3083 5695 ipsum
3136 5625 3236 5675 vias
3290 5620 3390 5676 du-

144 5677 340 5751 tideant,
367 5705 564 5762 meque
601 5708 826 5749 servam
866 5704 1009 5757 tuam
1058 5715 1178 5757 esse
1201 5677 1550 5773 cognoscant.
1800 5677 2051 5767 cem-sibi
2092 5725 2435 5784 proponeret.
2472 5714 2533 5769 Et
2570 5714 2661 5769 illa
2690 5715 2912 5785 quidem
2959 5713 3112 5768 illine
3144 5723 3391 5781 eum.»

188 5856 203 5880 ⁴
234 5850 393 5912 Calat.
431 5873 504 5926 tv,
548 5859 639 5917 l2.
725 5862 747 5892 '
778 5861 916 5915 Dan.
952 5880 1063 5932 stv,
1090 5867 1157 5921 3‘2
1188 5884 1346 5943 seqq.
