3972 6432
556 377 624 438 87
1375 348 1381 356 ’
1856 374 2140 439 MENSIS
2174 374 2508 437 APRILIS.
3747 371 3813 432 88

555 499 613 543 ιιι
649 487 896 546 columba
926 487 1167 557 quaedam
1207 487 1322 545 alas
1353 487 1628 554 quatiens,
1659 497 1819 560 atque
1855 486 1908 542 in
1939 489 2132 542 coelum
2167 487 2213 545 Α
2245 486 2410 542 Deum
2438 489 2612 558 ipsum
2647 487 2778 542 satis
2809 486 3056 542 confessa
3087 483 3273 548 fuerit,
3302 484 3504 540 intacta
3558 499 3809 556 perman-

561 582 810 643 tendens,
854 595 917 634 ex
951 581 1228 650 accipitris
1264 597 1381 645 ore,
1430 581 1510 637 vel
1546 597 1679 652 agna
1709 596 1738 637 e
1769 583 1984 635 leonum
2017 579 2134 634 fau-

557 673 730 737 cibus,
759 673 952 726 evasit.
989 671 1181 727 Frater
1214 689 1345 728 vero
1373 674 1463 727 ille
1513 674 1756 740 sedebat,
1817 675 1882 728 de
1943 687 2133 728 sorore

559 778 662 816 non
693 763 924 831 amplius
955 763 1244 829 sollicitus,
1286 773 1338 820 et
1369 765 1653 835 spirituale
1704 764 1995 836 prandium
2041 778 2134 818 ex-

559 864 837 923 spectans.
868 852 1116 922 Cumque
1171 869 1229 909 se
1269 855 1462 925 capitis
1501 866 1810 926 legumento
1846 855 2132 918 induisset,

560 958 624 994 eo
662 945 710 996 in
741 945 861 997 loco
892 943 1134 998 sedebat.
1176 945 1306 999 Erat
1338 956 1519 1000 autem
1551 947 1625 999 ita
1667 956 1982 1008 coronatus,
2009 954 2067 997 ut
2088 945 2133 998 si

560 1036 934 1088 adversarium
969 1036 1138 1105 ipsum
1176 1037 1415 1092 vicisset.
1466 1035 1754 1091 Intervallo
1784 1045 1964 1091 autem
1999 1045 2138 1088 tem-

563 1128 733 1195 poris,
763 1128 977 1195 quidam
1010 1144 1074 1182 ex
1102 1129 1490 1184 insanientium
1520 1145 1748 1184 numero
1771 1131 2140 1195 intemperan-

563 1219 652 1272 tia:
687 1234 894 1282 servus,
927 1219 1001 1273 ita
1029 1232 1083 1273 ut
1117 1232 1233 1276 erat
1281 1223 1588 1291 impudens,
1627 1222 1753 1275 illuc
1787 1231 2039 1290 tanquam
2070 1223 2135 1274 ad

562 1309 823 1378 virginem
861 1311 1071 1381 ingredi
1109 1327 1295 1377 ausus,
1357 1327 1477 1365 cum
1546 1313 1718 1366 virum
1773 1330 1868 1382 pro
1931 1313 2138 1381 virgine

559 1401 901 1466 offendisset,
951 1414 1131 1457 mente
1179 1403 1460 1472 perculsus
1489 1418 1667 1458 secum
1717 1405 1828 1471 ipse
1877 1405 2134 1460 dicebat:

561 1491 811 1561 Nunquid
850 1495 1086 1562 virgines
1113 1497 1164 1548 in
1195 1495 1338 1550 viros
1392 1494 1650 1549 transfert
1678 1495 1832 1550 Jesus
1867 1495 2012 1550 iste?
2049 1493 2142 1548 bli-

563 1585 638 1640 les
671 1587 782 1651 ille,
808 1587 1050 1657 quiante
1087 1604 1170 1644 me
1193 1589 1301 1645 buc
1331 1589 1608 1658 ingressus
1635 1601 1740 1653 est,
1794 1588 1948 1642 exiit.
1981 1586 2141 1654 Quis-

561 1693 684 1731 nam
719 1680 883 1748 igitur
910 1679 994 1733 bic
1031 1689 1135 1743 est,
1188 1681 1278 1749 qui
1313 1681 1506 1735 sedet?
1543 1681 1775 1735 Ubinam
1829 1680 1976 1750 virgo
2028 1679 2138 1742 illa,

562 1784 683 1837 quae
742 1772 827 1824 hic
865 1772 1073 1825 inclusa
1110 1773 1279 1826 erat?
1318 1772 1519 1825 Audivi
1583 1771 1876 1840 aliquando
1926 1787 1954 1824 a
2013 1769 2140 1824 Jesu

2237 579 2326 645 sit,
2357 595 2520 650 quam
2575 579 2718 635 Deus
2779 581 2892 648 ipse
2951 579 3278 634 incolumem
3317 587 3372 632 et
3405 592 3434 631 a
3473 576 3591 630 labe
3629 593 3814 646 puram

2238 673 2495 727 servavit.
2531 672 2714 742 Itaque
2743 674 2886 742 quod
2943 675 3142 727 factum
3197 681 3302 734 est,
3359 687 3464 725 non
3513 672 3671 736 mihi,
3724 673 3814 725 sed

2239 765 2346 818 Deo
2374 764 2469 833 ipsi
2514 765 2726 830 tribuo;
2783 766 3036 832 quoniam
3069 765 3365 819 secundum
3423 763 3580 817 fidem
3649 764 3816 830 ipsius

2238 854 2366 909 fecit
2395 856 2468 908 illi
2505 855 2663 919 Deus,
2691 857 3144 922 quemadmodum
3179 865 3230 910 et
3260 856 3373 925 ipse
3397 856 3564 921 nosti,
3591 856 3632 910 si
3667 855 3818 910 fateri

2241 946 2394 1000 velis.
2436 945 2585 1000 Tunc
2618 947 2880 1015 aitjudex
2917 964 2929 1000 :
2978 946 3278 1014 Cuiusnam
3350 947 3512 1001 sortis
3565 946 3727 999 homo
3765 956 3819 997 tu

2239 1036 2342 1090 es?
2372 1037 2737 1102 Christianus,
2767 1037 2942 1106 inquit
2973 1037 3258 1106 Didymus,
3280 1052 3379 1106 ego
3401 1053 3518 1090 sum
3546 1053 3572 1090 a
3601 1037 3819 1092 Christo

2248 1127 2382 1181 liber
2415 1127 2608 1182 factus.
2639 1131 2704 1180 At
2729 1129 2892 1197 judex
2920 1147 2932 1182 :
2967 1125 3219 1182 Cruciate
3270 1131 3431 1182 istum
3468 1130 3816 1183 vehementer

2243 1218 2450 1272 duobus
2479 1221 2673 1283 modis,
2717 1229 2936 1289 prOpter
2967 1220 3082 1286 ejus
3123 1219 3502 1289 petulantiam.
3538 1220 3703 1284 Peto,
3735 1224 3820 1275 in-

2242 1311 2359 1380 quit
2395 1310 2675 1380 Didymus,
2712 1321 2768 1366 ut
2797 1314 2941 1382 quod
2969 1312 3036 1366 ab
3063 1312 3481 1380 imperatoribus
3507 1312 3613 1366 tuis
3639 1313 3826 1378 jussus

2242 1419 2320 1466 es,
2349 1402 2600 1458 celeriter
2631 1404 2904 1471 expedias.
2944 1402 3044 1457 Cui
3095 1403 3263 1472 judex
3300 1423 3311 1456 :
3347 1403 3449 1457 Per
3495 1405 3623 1457 deus
3653 1403 3825 1470 dupli-

2245 1496 2325 1549 cia
2361 1501 2627 1548 tormenta
2668 1497 2760 1548 tibi
2794 1495 3026 1561 reposita
3061 1504 3188 1548 sunt
3216 1497 3317 1549 nisi
3357 1495 3460 1550 diis
3491 1495 3620 1564 ipsis
3649 1495 3822 1548 sacri-

2247 1585 2399 1640 lices.
2437 1587 2589 1651 Quod
2624 1589 2667 1640 si
2703 1586 2920 1651 feceris,
2955 1587 3104 1654 prius
3143 1585 3272 1638 illud
3308 1587 3523 1640 facinus
3552 1595 3700 1639 tuum
3727 1601 3825 1636 au-

2245 1680 2346 1732 dax
2371 1679 2791 1736 condonabitur.
2825 1679 2954 1746 Ego,
2991 1679 3164 1747 inquit
3197 1677 3482 1746 Didymus,
3516 1678 3692 1746 reipsa
3731 1678 3826 1729 tibi

2246 1773 2481 1836 ostendi,
2522 1787 2606 1826 me
2634 1773 2724 1824 Dei
2754 1772 3011 1825 athletam
3037 1786 3159 1825 esse
3193 1787 3206 1824 :
3243 1770 3461 1839 propter
3490 1769 3650 1822 finem
3679 1769 3826 1822 enim

562 1861 678 1928 ipso
706 1876 902 1926 aquam
923 1863 975 1914 in
1001 1863 1185 1914 vinum
1213 1877 1528 1916 conversam
1566 1878 1580 1916 :
1611 1879 1752 1916 nunc
1779 1862 1955 1929 majus
1990 1861 2144 1930 quid-
2175 1831 2217 1888 Β
2251 1865 2378 1918 mihi
2402 1865 2692 1932 repositmn
2720 1865 2821 1918 hoc
2852 1863 3030 1917 facere
3056 1877 3343 1932 aggressus
3375 1861 3472 1924 fui,
3509 1871 3566 1912 ut
3593 1869 3646 1912 et
3675 1860 3830 1926 virgo

562 1953 684 2005 dam
723 1952 920 2006 video:
965 1951 1230 2022 virginem
1263 1954 1406 2006 enim
1441 1953 1494 2007 in
1531 1954 1706 2006 virum
1759 1953 2011 2007 mutavit.
2049 1953 2142 2006 Ti-

563 2057 684 2096 meo
717 2059 785 2098 ne
819 2053 876 2097 et
903 2059 987 2098 me
1011 2045 1061 2097 in
1094 2044 1375 2099 mulierem
1402 2055 1703 2100 convertat.
1736 2045 1828 2099 Ille
1861 2060 1988 2100 vero
2019 2060 2140 2098 cum

561 2143 863 2202 opportune
891 2149 1135 2188 sororem
1194 2137 1517 2205 eripuisset,
1573 2134 1773 2189 factum
1829 2149 1984 2188 suum
2038 2151 2141 2187 non

561 2226 862 2282 occultavit
894 2243 908 2281 :
942 2229 1038 2282 sed
1071 2229 1214 2282 clara
1265 2244 1438 2283 voce:
1475 2227 1594 2283 Non
1649 2230 1897 2292 mutavit,
1946 2229 2141 2296 inquit,

564 2333 650 2374 me
703 2319 987 2381 Dominus,
1050 2319 1143 2372 sed
1196 2327 1250 2373 et
1284 2319 1414 2373 mibi
1448 2327 1502 2373 et
1562 2319 1634 2372 illi
1676 2333 1930 2371 coronam
1977 2319 2140 2374 dedit.

561 2410 731 2472 Quam
761 2410 922 2478 igitur
978 2410 1263 2465 habebatis
1290 2449 1304 2477 ,
1335 2425 1456 2463 eam
1490 2425 1594 2465 non
1633 2411 1884 2474 habetis;
1945 2411 2144 2480 quique

563 2501 718 2554 vobis
774 2516 881 2554 non
934 2511 1073 2566 erat,
1141 2517 1262 2558 eum
1315 2518 1460 2558 nunc
1520 2504 1750 2558 habetis.
1813 2500 1976 2573 Virgo
2030 2502 2140 2567 illa,

515 2621 518 2625 η
563 2596 712 2662 virgo
745 2602 850 2658 est,
874 2602 1109 2648 utantea
1148 2633 1163 2658 ,
1197 2595 1353 2652 miles
1383 2610 1512 2652 vero
1540 2596 1743 2652 Christi
1777 2594 1904 2652 Jesu
1941 2595 2140 2650 athleta

567 2699 713 2739 nunc
745 2697 849 2741 est.

633 2776 772 2834 VIII.
807 2777 1071 2852 Egressus
1103 2779 1286 2850 igitur,
1322 2780 1412 2848 qui
1441 2777 1617 2833 fuerat
1671 2779 1831 2848 paulo
1890 2788 2014 2832 ante
2055 2779 2140 2833 in-

561 2886 804 2941 gressus,
845 2873 986 2938 quod
1030 2869 1232 2926 factum
1265 2881 1404 2936 erat,
1435 2871 1721 2925 nuntiavit.
1758 2869 1810 2923 Id
1842 2880 2022 2924 autem
2046 2872 2134 2939 ju-

565 2969 664 3019 dex
693 2965 944 3029 audiens,
969 2964 1132 3028 jussit
1170 2981 1292 3018 eum
1342 2972 1469 3018 ante
1500 2963 1736 3019 lribnnal
1796 2963 1938 3018 sisti.
1973 2963 2140 3030 Quem

564 3066 886 3125 praesentem
943 3072 1078 3110 cum
1141 3057 1389 3122 vidisset,
1455 3072 1576 3109 eum
1633 3057 1974 3122 interrogans
2020 3056 2140 3108 ait:

2249 1956 2381 2025 ipsa,
2411 1956 2560 2024 virgo
2590 1963 2917 2016 remaneret,
2954 1963 3006 2006 et
3041 1968 3140 2020 ego
3174 1952 3262 2004 Dei
3289 1950 3681 2006 confessionem
3713 1963 3831 2001 ma-

2247 2049 2440 2103 nifeste
2473 2047 2792 2117 profiterer;
2830 2062 2955 2100 nam
2987 2047 3041 2099 in
3083 2043 3172 2099 Dei
3215 2044 3316 2098 fide
3335 2057 3684 2111 permanens,
3721 2049 3830 2094 tur-

2249 2152 2426 2195 mcnta
2478 2157 2580 2194 non
2611 2142 2862 2196 sentiam.
2901 2139 3086 2205 Itaque
3129 2136 3379 2190 celeriter
3414 2135 3519 2196 fac,
3556 2135 3698 2203 quod
3742 2135 3828 2184 vi-

2249 2233 2404 2286 detur
2429 2274 2443 2297 ,
2481 2250 2586 2285 non
2617 2232 2758 2286 enim
2799 2231 3130 2284 daemonibus
3174 2227 3416 2281 immolo.
3450 2224 3581 2278 Nam
3613 2233 3666 2277 et
3689 2225 3730 2278 si
3772 2224 3827 2276 in

2249 2324 2426 2392 ignem
2464 2339 2546 2376 me
2582 2323 2796 2378 tradere
2825 2322 3078 2387 volueris,
3112 2321 3258 2374 illinc
3309 2320 3473 2373 etiam
3537 2319 3678 2372 Deus
3741 2330 3831 2370 me

2246 2426 2420 2486 putest
2451 2417 2683 2482 eripere.

2317 2507 2408 2561 IX.
2440 2507 2592 2560 Tunc
2629 2506 2704 2559 illi
2739 2506 2908 2575 juch
2951 2522 2964 2559 :
2995 2502 3181 2557 Tantae
3207 2501 3446 2556 audacia:
3479 2514 3640 2554 causa
3667 2509 3833 2566 caput

2249 2600 2343 2652 tibi
2405 2601 2760 2653 abscindetur
2804 2610 2901 2651 :et
2941 2599 3195 2667 quoniam
3261 2595 3604 2648 dominorunt
3670 2596 3835 2661 atque

2248 2690 2642 2758 imperatorum
2704 2696 3018 2741 nostrorum
3053 2695 3382 2754 praeceptum
3423 2681 3832 2750 contempsisti,

2248 2782 2489 2847 reliquias
2517 2793 2618 2836 tute
2645 2782 2696 2834 in
2719 2781 2894 2846 ignem
2923 2780 3226 2831 tradentur.
3263 2777 3340 2829 Ad
3375 2776 3486 2828 lucc
3529 2773 3787 2841 Didymus
3818 2789 3834 2823 :

2249 2871 2592 2934 Benedictus,
2642 2872 2836 2939 inquit,
2889 2871 3030 2923 Deus
3086 2876 3139 2920 ct
3175 2865 3335 2918 Pater
3389 2861 3602 2916 Domini
3660 2862 3835 2914 nostri

2246 2959 2371 3018 Jesu
2404 2963 2629 3027 Christi,
2679 2962 2766 3031 qui
2809 2959 3096 3014 consilium
3159 2971 3335 3012 meum
3394 2971 3496 3008 non
3558 2953 3838 3022 despexit,

2249 3056 2342 3112 sed
2363 3065 2415 3110 et
2443 3055 2780 3108 Theodoram
2807 3054 3058 3106 ancillam
3092 3066 3241 3107 suam
3271 3050 3537 3117 integram
3571 3047 3838 3104 servavit.

570 3148 854 3214 Quodnam
906 3149 998 3202 tibi
1059 3165 1251 3202 nomen
1300 3148 1428 3202 est?
1464 3147 1744 3218 Didymus,
1810 3148 1984 3219 inquit
2035 3149 2146 3213 ille,
2178 3177 2219 3235 ο
2251 3156 2304 3200 et
2337 3162 2418 3200 me
2448 3161 2542 3214 per
2570 3145 2675 3198 duo
2709 3153 2976 3196 tormenta
3041 3139 3343 3195 coronabit.
3401 3136 3643 3235 Cumque
3703 3149 3841 3187 sen-

566 3256 664 3307 ego
693 3241 954 3308 appellor.
994 3239 1128 3294 Tum
1161 3241 1332 3310 judex
1362 3260 1374 3294 :
1402 3239 1466 3294 Et
1499 3241 1756 3310 quisnam
1789 3242 1882 3295 tibi
1919 3257 2144 3310 sugges-

567 3332 658 3396 sit,
691 3340 749 3386 ut
781 3333 922 3385 istud
955 3332 1186 3397 faceres,
1221 3346 1282 3387 ac
1329 3348 1413 3388 me
1446 3334 1873 3388 contemneres?
1905 3335 2000 3387 Cui
2046 3333 2137 3386 Di-

567 3424 762 3490 dymus
799 3441 811 3475 :
849 3422 990 3477 Deus
1025 3437 1110 3477 me
1139 3423 1306 3488 misit,
1336 3434 1400 3477 ut
1423 3425 1522 3478 hoc
1562 3425 1819 3478 facerem.
1851 3425 2146 3484 Confitere,

571 3511 745 3580 inquit
773 3515 960 3581 judex,
1003 3523 1294 3579 antequam
1341 3516 1623 3567 tormentis
1649 3513 1978 3580 subjiciaris.
2013 3513 2147 3569 Ubi-

571 3621 695 3660 nam
720 3616 803 3659 est
832 3601 1122 3659 Thcodora
1179 3603 1267 3658 illa
1320 3603 1513 3674 virgo?
1549 3604 1844 3674 Respondit
1888 3606 1964 3659 illi
2000 3623 2013 3659 :
2053 3605 2152 3659 Per

570 3697 842 3752 Christum
887 3697 976 3752 Dei
1005 3698 1226 3765 Filium,
1265 3698 1352 3751 ubi
1391 3711 1450 3750 ea
1486 3698 1578 3760 sit,
1613 3699 1817 3753 nescio.
1854 3698 1984 3752 Illud
2016 3699 2151 3759 scio,

569 3805 634 3846 ac
670 3805 992 3860 persuasum
1047 3790 1240 3859 habeo,
1273 3790 1416 3863 quod
1448 3806 1570 3845 cum
1608 3790 1700 3846 Dei
1746 3794 1819 3846 sit
1870 3807 2049 3853 serva,
2102 3799 2156 3843 et

2262 3238 2483 3291 tentiam
2511 3252 2537 3286 a
2564 3237 2746 3303 judice
2785 3233 2946 3285 latam
2973 3229 3291 3296 accepisset,
3330 3225 3505 3278 securi
3543 3237 3842 3293 percussus

2255 3339 2358 3386 esl.
2386 3328 2502 3394 Quo
2521 3327 2686 3391 facto,
2713 3325 2828 3393 ejus
2847 3337 3043 3393 corpus
3068 3321 3119 3374 in
3155 3321 3331 3389 ignem
3364 3316 3464 3369 fuit
3495 3317 3839 3383 conjectum.

2253 3420 2511 3488 Hartyrio
2537 3428 2716 3472 autem
2752 3419 2971 3471 functus
3010 3423 3091 3468 est
3123 3419 3344 3467 sanctus
3382 3408 3642 3477 Didymus
3668 3404 3845 3460 Nonis

2253 3511 2476 3579 Aprilis,
2537 3520 2800 3578 regnante
2857 3508 2908 3560 in
2971 3509 3121 3565 caelis
3184 3505 3416 3559 Domino
3468 3507 3653 3555 nostro
3709 3496 3841 3552 Jesu

2255 3603 2474 3660 Christo
2511 3619 2522 3655 :
2555 3600 2809 3669 quoniam
2846 3599 2944 3670 ipsi
2974 3610 3026 3652 et
3056 3598 3222 3669 gloria
3259 3611 3381 3649 cum
3433 3593 3590 3646 Patre
3634 3600 3690 3645 et
3716 3604 3849 3644 san-

2253 3707 2341 3753 cto
2374 3696 2579 3766 Spiritu
2610 3709 2772 3760 nunc,
2805 3705 2856 3747 et
2877 3707 3112 3761 semper,
3147 3697 3202 3744 et
3256 3688 3307 3740 in
3357 3685 3552 3740 saecula
3608 3682 3847 3738 saeculo-

2257 3805 2399 3842 rum.
2436 3790 2627 3842 Anien.

590 3915 3799 3941 W—M

1281 4089 2156 4206 MARTYRIUM
2247 4090 2367 4203 S.
2461 4091 3140 4206 THERMES

1127 4305 1228 4364 ET
1311 4301 1754 4364 PHERBUTIE
1829 4301 2012 4360 EJUS
2075 4301 2416 4364 SORORIS
2478 4303 2823 4374 EJUSQUE
2889 4299 3275 4363 ANCILLIE.

1035 4455 1200 4522 (Anno
1232 4454 1344 4505 510.
1372 4479 1430 4491 -—-
1454 4451 1598 4514 Apud
1621 4453 1824 4502 Surium
1858 4449 1916 4500 ad
1943 4451 2074 4500 diem
2102 4451 2131 4501 ὅ
2166 4450 2369 4513 Aprilis.
2404 4450 2574 4502 Graece
2599 4463 2694 4500 non
2723 4453 2892 4501 exstat
2922 4449 2973 4499 ln
3011 4447 3152 4498 codd.
3188 4446 3371 4508 Paris.)

649 4716 684 4762 l.
716 4708 983 4775 Tempore
1016 4710 1214 4758 nostrai
1250 4701 1667 4772 persecutionis,
1699 4700 1881 4771 rcgina
1929 4711 2149 4769 repente
2185 4707 2230 4766 υ
2260 4703 2602 4758 constitutus.
2639 4699 2772 4753 Cum
2801 4704 2978 4750 autem
3006 4700 3190 4748 sancta
3220 4689 3453 4744 Thermo
3477 4703 3598 4743 cum
3631 4688 3862 4745 duabus

575 4807 627 4858 in
669 4801 913 4856 morbum
971 4797 1193 4862 incidit;
1252 4811 1370 4866 quae
1418 4810 1539 4850 cum
1599 4793 1907 4849 .Iudaaorum
1973 4795 2152 4848 crucis

576 4895 911 4950 inimicorum
940 4899 1084 4946 esset
1107 4889 1371 4955 studiosa,
1428 4901 1627 4954 eosque
1661 4887 1887 4938 libenter
1917 4885 2150 4947 audiret,

575 4991 923 5040 accesserunt
952 4982 1015 5031 ad
1049 4995 1167 5032 eam
1197 4987 1357 5046 atque
1400 4977 1671 5039 dixerunt,
1728 4973 2001 5028 Simeonis
2035 4975 2152 5042 epi—

576 5077 745 5146 scopi.
784 5083 1140 5144 cognomento
1196 5071 1511 5140 Jombapba:
1571 5086 1806 5134 sorores,
1863 5080 1921 5122 ut
1969 5069 2152 5122 fratris

579 5181 764 5222 necem
792 5168 1202 5230 ulciscerentur,
1239 5176 1500 5218 venenum
1554 5163 1674 5231 ipsi,
1730 5177 1837 5232 quo
1886 5163 2152 5224 interiret,

581 5263 888 5317 miscuisse.
923 5261 1074 5327 Quod
1106 5276 1226 5313 cum
1259 5261 1324 5313 ad
1378 5259 1522 5326 regis
1580 5271 1739 5309 aures
1799 5255 2158 5324 pervenisset,

579 5366 768 5410 sancta
796 5352 1028 5405 Thermo
1064 5351 1244 5407 statim
1279 5365 1398 5404 cum
1436 5363 1621 5402 sorore
1671 5357 1722 5400 et
1785 5346 1978 5399 ancilla
2010 5360 2159 5398 com-

582 5449 846 5518 prehensa
894 5453 995 5502 est,
1027 5443 1153 5497 Erat
1184 5452 1360 5497 autem
1389 5445 1501 5497 hate
1533 5442 1681 5508 virgo
1715 5443 1888 5494 sueris
1921 5441 1969 5491 in
2003 5439 2160 5492 rebus

583 5542 874 5595 exercitata
908 5557 920 5593 :
955 5539 1064 5593 imo
1096 5555 1219 5596 vero
1251 5555 1437 5593 omnes
1493 5545 1646 5589 erant
1687 5536 1737 5585 in
1789 5531 1916 5585 .lcsu
1955 5534 2156 5586 Christi

586 5629 689 5687 ﬁde
724 5634 925 5700 Optime
956 5631 1239 5686 institutze.
1274 5632 1462 5683 Habita
1489 5630 1552 5683 de
1582 5629 1684 5682 illis
1713 5627 1936 5695 qurestio
1972 5623 2068 5675 fuit
2105 5624 2152 5675 in

586 5727 810 5795 palatio.
847 5725 1057 5793 Maupta
1094 5727 1240 5784 enim
1270 5724 1545 5792 Magorum
1587 5724 1837 5792 princeps
1871 5734 1993 5773 cum
2022 5717 2157 5770 duo-

589 5826 686 5878 bus
749 5820 865 5876 alils
919 5819 1252 5889 principibus
1319 5815 1458 5891 regis
1490 5816 1743 5873 mandato
1786 5813 1945 5882 iudex
1986 5811 2158 5866 fuerat

2267 4793 2492 4860 reliquis
2523 4793 2576 4843 in
2622 4789 2884 4857 judicium
2914 4794 3062 4842 esset
3095 4785 3349 4845 adducta,
3381 4788 3666 4848 perspecta
3699 4776 3862 4847 judi-

2263 4901 2353 4940 ces
2389 4885 2782 4954 pulchritudine
2819 4883 2988 4949 ipsius
3013 4881 3150 4947 (erat
3180 4875 3320 4930 enim
3356 4873 3527 4926 forma
3551 4871 3863 4929 admodum

2263 4977 2511 5050 venusta)
2552 4976 2794 5045 improbo
2825 4973 3015 5041 singuli
3066 4982 3251 5024 amare
3288 4968 3636 5022 vehementer
3679 4980 3864 5018 exar-

2265 5081 2454 5125 serunt
2495 5088 2507 5122 :
2541 5081 2698 5120 nemo
2725 5075 2904 5118 tamen
2942 5063 3061 5117 aliis
3090 5077 3199 5114 rem
3226 5059 3507 5114 indicavit.
3538 5057 3629 5110 Sic
3673 5056 3862 5126 igitur

2269 5166 2384 5220 illas
2419 5173 2544 5218 sunt
2575 5162 2816 5215 allocuti.

2344 5258 2403 5312 ll.
2439 5256 2548 5310 Cur
2574 5255 2722 5308 orbis
2761 5268 3028 5306 terrarum
3062 5251 3259 5316 reginae
3289 5263 3351 5301 ac
3381 5246 3616 5300 dominae
3647 5249 3870 5298 veneti-

2262 5353 2401 5407 cium
2440 5345 2719 5418 parastis?
2771 5345 2886 5410 Quo
2943 5343 3154 5410 quidem
3199 5339 3425 5392 crimine
3487 5338 3661 5402 digna
3717 5337 3873 5392 estis

2266 5443 2454 5497 mortis
2482 5438 2747 5509 supplicio
2807 5435 2905 5490 Hic
2939 5445 3123 5488 sancta
3181 5431 3418 5487 Thermo
3454 5431 3807 5498 respondens
3852 5447 3867 5482 :

2263 5536 2372 5590 Cur
2400 5548 2515 5593 nos,
2553 5533 2743 5599 inquit,
2779 5530 2829 5582 in
2866 5527 3072 5582 crimen
3111 5527 3336 5578 vocatis.
3370 5520 3510 5602 quod
3557 5537 3583 5572 a
3613 5521 3870 5576 veritate

2268 5623 2421 5676 abest
2457 5635 2617 5687 quam
2655 5613 3008 5685 longissime?
3039 5613 3146 5667 Cur
3174 5613 3326 5666 nobis
3360 5610 3658 5663 calumnias
3682 5609 3873 5660 strui-

2270 5716 2380 5771 tis?
2410 5711 2464 5767 Si
2501 5711 2818 5781 sanguinem
2876 5717 3117 5763 nostrum
3167 5706 3348 5767 sititis,
3399 5692 3524 5772 quid
3557 5699 3712 5754 vobis
3751 5700 3869 5750 im-

2272 5808 2581 5878 pedimento
2612 5811 2710 5858 est.
2749 5799 3035 5869 quominus
3070 5796 3213 5850 illum
3246 5794 3486 5852 bibatis?
3519 5791 3576 5845 Si
3611 5799 3861 5844 mortem
