3972 6434
189 382 249 445 89
1164 382 1348 443 VITA
1388 386 1446 443 S.
1489 384 1838 445 THERM/E
1873 388 1970 449 ΕΤ
2013 390 2441 455 SOCIARUM.
3374 402 3448 465 90

188 503 407 550 nostram
437 487 669 559 optatis,
701 502 831 545 ecce
860 502 1051 544 manus
1082 493 1556 584 vestraequotidie
1599 496 1759 550 ciedi-
1785 495 1835 555 Α
1863 518 1892 557 e
1924 511 2066 557 terra
2106 505 2374 563 tollendas
2407 508 2845 575 pronuntiarunt,
2882 512 3024 577 quod
3050 516 3250 581 reginae
3282 517 3446 584 ptiar-

186 591 272 643 bus
296 584 768 652 coinquinantur:
803 592 854 636 et
892 596 991 636 nos
1012 592 1235 653 pr0pter
1281 582 1449 640 Deum
1510 597 1754 641 nostrum

190 678 441 731 malumus
482 675 649 739 mori,
700 688 860 742 quam
897 673 1073 742 ipsum
1130 673 1437 741 abnegarc:
1476 687 1563 732 est
1610 678 1754 731 enim

187 773 282 826 vita
310 782 520 823 nostra.
576 767 644 821 Et
703 765 1163 836 quemadmodum
1223 768 1485 836 scriptum
1534 777 1637 829 est,
1696 778 1755 823 ut

187 878 332 918 unum
364 858 534 914 Deum
570 858 884 923 adoremus,
912 867 965 910 et
996 856 1071 910 illi
1102 857 1203 911 soli
1252 857 1559 911 serviamus
1599 858 1638 922 ί,
1675 860 1757 914 sic

185 952 327 1005 etiam
357 951 613 1004 facimus.
650 947 855 1001 Etcum
885 946 1010 1000 alibi
1036 946 1297 1014 scriptum
1330 948 1400 1005 sit
1433 964 1449 1001 :
1491 965 1509 999 t
1554 947 1757 1002 Malefi-

184 1060 264 1100 ως
292 1059 392 1097 non
444 1043 591 1096 sines
644 1039 870 1093 vivere’
898 1080 913 1104 ,
953 1056 972 1091 ι
1002 1037 1273 1107 quomodo
1334 1053 1432 1092 nos
1473 1039 1753 1105 maleficae,

184 1152 288 1207 qua:
318 1136 499 1190 scelus
529 1134 580 1187 id
642 1133 865 1203 gravius
890 1144 1054 1201 prope
1086 1128 1179 1183 Dei
1217 1129 1580 1199 abnegatione
1607 1131 1752 1198 judi.

186 1225 397 1294 cannis?
434 1225 664 1294 Utrique
705 1222 949 1294 profecto
1002 1221 1220 1276 crimini
1278 1236 1426 1276 mors
1474 1223 1751 1293 proposita

183 1332 274 1375 esr.
302 1320 614 1374 Audiebant
653 1317 869 1385 judices
900 1316 1165 1387 virginem
1223 1328 1346 1370 cum
1375 1316 1651 1386 voluptate
1699 1324 1755 1371 et

184 1430 281 1485 prae
313 1412 745 1484 pulchritudinis
764 1423 931 1479 atque
956 1412 1238 1481 sapientia:
1285 1412 1457 1483 ipsius
1511 1412 1753 1473 admira-

183 1507 311 1559 tione
345 1505 495 1573 loqui
546 1520 651 1557 non
685 1514 961 1573 poterant.
992 1504 1099 1557 Sed
1132 1502 1365 1572 quisque
1401 1519 1587 1558 secum
1639 1504 1754 1573 ipse

179 1595 247 1649 sic
272 1595 550 1663 cogitabat
595 1611 610 1647 :
641 1592 846 1663 Regem
876 1593 1164 1655 hortabor,
1203 1604 1263 1646 ut
1293 1592 1410 1645 illas
1442 1593 1657 1658 liberet,
1698 1602 1757 1648 et

180 1685 305 1740 hanc
358 1686 496 1740 mihi
536 1670 763 1739 uxorem
824 1683 1041 1738 ducam.
1088 1681 1336 1753 Mauptas
1388 1697 1568 1738 autem
1604 1702 1617 1738 :
1651 1684 1752 1740 Vix

179 1778 373 1832 tandem
416 1786 591 1840 recte,
631 1777 831 1845 inquit,
867 1776 1069 1840 dixisti,
1102 1775 1261 1831 vobis
1290 1792 1396 1833 non
1429 1776 1597 1833 licere
1633 1792 1752 1834 esse

180 1869 425 1924 maleficis
460 1885 475 1934 ;
504 1883 693 1923 verum
726 1866 986 1922 fraternae
1015 1869 1205 1923 mortis
1234 1867 1559 1924 ulciscenda:
1585 1885 1750 1925 causa
1780 1842 1829 1902 Β

178 1961 221 2014 id
263 1962 642 2029 perpetrastis.
694 1959 777 2012 Ad
813 1960 925 2012 lucc
966 1959 1115 2028 virgo
1155 1969 1344 2013 sancta
1415 1963 1698 2029 respondit
1734 1979 1746 2015 :

178 2053 299 2119 Quid
335 2052 467 2105 mali
528 2050 687 2105 fratri
752 2059 943 2105 nostro
1000 2050 1220 2117 accidit,
1273 2059 1334 2105 ut
1388 2066 1486 2108 nos
1533 2066 1755 2122 propter

177 2146 332 2216 ipsum
361 2160 388 2198 a
426 2144 543 2198 Deo
575 2142 791 2197 vivente
837 2141 1001 2195 vitam
1062 2151 1303 2195 nostram
1339 2143 1623 2212 sejungere
1656 2146 1753 2199 de-

178 2238 427 2292 beamus?
468 2236 733 2303 Quamvis
760 2235 906 2290 enim
937 2249 1031 2289 vos
1077 2234 1226 2288 illum
1269 2235 1619 2303 improbitate
1660 2249 1753 2289 ve-

177 2340 275 2388 stra
308 2342 360 2385 et
408 2330 771 2390 aemulatione
826 2328 1235 2393 interfeceritis,
1294 2338 1470 2387 tamen
1516 2330 1667 2397 vivit,
1701 2338 1756 2384 et

176 2425 353 2493 gaudet
378 2425 429 2477 in
457 2438 629 2493 regno
654 2420 862 2475 caelesti
898 2438 911 2474 :
948 2421 1087 2487 quod
1110 2420 1328 2487 quidem
1369 2436 1615 2486 regnum,
1655 2436 1753 2486 po-

178 2520 378 2570 tentiam
408 2526 465 2569 et
488 2514 791 2580 imperium
828 2520 1066 2563 vestrum
1096 2519 1325 2563 evertet.
1358 2508 1484 2575 Qua-
1521 2511 1605 2563 illa
1627 2526 1748 2564 cunt

176 2608 383 2671 diceret,
411 2605 711 2675 jusserunt
751 2615 844 2656 eas
876 2602 927 2656 in
970 2615 1248 2657 carcerem
1286 2602 1431 2669 duci,
1476 2612 1531 2658 et
1574 2616 1755 2659 custo-

174 2700 281 2754 diri.

234 2792 315 2847 lll.
345 2790 605 2848 Diluculo
636 2800 817 2846 autem
870 2790 1021 2845 misit
1050 2789 1117 2845 ad
1158 2805 1278 2845 eam
1317 2790 1565 2859 Mauptas
1615 2807 1755 2844 nun-

176 2885 313 2953 tium,
355 2886 446 2957 qui
481 2886 701 2939 diceret
733 2902 745 2938 :
780 2882 836 2938 Si
878 2884 979 2945 vis,
1018 2892 1188 2938 orabo
1218 2897 1423 2951 regem,
1464 2897 1522 2941 ut
1563 2883 1753 2938 liberet

176 2996 258 3033 vos
280 2995 307 3032 a
343 2990 545 3042 morte,
586 2987 640 3031 et
663 2977 773 3030 eris
806 2977 936 3028 milii
974 2991 1129 3031 uxor.
1157 2975 1365 3041 Quibus
1389 2977 1571 3031 verbis
1596 2977 1751 3032 audi-

174 3075 251 3136 tis,
281 3083 502 3129 strenua
552 3071 731 3139 virgo,
781 3070 882 3122 etsi
907 3084 1015 3123 non
1042 3071 1217 3137 potuit
1253 3086 1360 3123 non
1397 3074 1750 3137 commoveri,

1863 608 2011 646 maca
2047 608 2465 664 prarparassent,
2507 600 2703 666 quibus
2740 602 3010 656 interiret.
3045 604 3240 659 Statim
3284 610 3448 677 igitur

1862 700 1955 739 rex
1984 687 2121 740 hanc.
2145 687 2198 740 in
2222 704 2329 743 eas
2354 694 2680 746 sententiam
2713 693 2857 753 tulit,
2894 704 2950 746 ut
2980 711 3085 761 quo
3128 699 3319 751 mortis
3349 712 3446 761 ge-

1860 792 1991 831 nere
2025 778 2164 847 magi
2196 779 2389 833 vellent
2420 780 2788 845 afficerentur.
2828 784 3112 854 Negabant
3158 788 3302 841 enim
3348 791 3450 844 ho-

1859 870 2035 923 mines
2070 869 2218 939 impii
2268 883 2429 941 atque
2488 874 2710 942 impuri,
2767 877 2882 931 fieri
2925 893 3105 943 posse,
3150 889 3213 932 ut
3258 880 3443 949 regina

1860 960 2289 1027 convalesceret,
2322 963 2425 1018 nisi
2455 965 2725 1035 virginum
2765 983 2992 1037 corpora
3027 970 3164 1024 duas
3188 972 3237 1023 in
3263 983 3446 1043 partes

1860 1050 1933 1104 ita
1967 1052 2393 1118 dissecarentur,
2449 1062 2506 1109 ut
2561 1056 2747 1125 regina
2808 1074 2904 1127 per
2954 1060 3191 1113 medium
3231 1061 3441 1115 illarum

1861 1144 2164 1200 incederet.
2200 1144 2307 1200 Sed
2343 1145 2587 1216 Mauptas
2623 1164 2839 1211 rursus,
2855 1165 2978 1203 eum
3013 1151 3078 1205 ad
3120 1151 3442 1219 supplicium

1857 1236 2208 1301 ducerentur,
2235 1239 2300 1292 ad
2338 1248 2584 1294 sanctam
2623 1240 2792 1315 misit,
2822 1242 2913 1309 qui
2950 1241 3179 1307 diceret,
3207 1245 3252 1295 si
3286 1241 3445 1297 vellet

1857 1326 1959 1381 sibi
2001 1326 2252 1396 obsequi,
2304 1341 2651 1394 curaturum,
2687 1344 2741 1384 nt
2774 1347 2871 1387 nec
2908 1334 3042 1400 ipsa,
3081 1348 3179 1386 nec
3222 1334 3446 1400 reliquae

1860 1418 2047 1488 puellae
2084 1419 2540 1475 interficerentur.
2572 1424 2641 1477 At
2669 1424 2818 1493 virgo
2837 1436 3048 1485 sancta,
3085 1425 3231 1478 clara
3265 1440 3396 1479 voce
3429 1442 3445 1480 :

1858 1510 2040 1577 Canis,
2064 1510 2262 1581 inquit,
2296 1512 2595 1575 imuinnde,
2622 1529 2721 1568 cur
2756 1516 2871 1569 haec
2898 1515 3161 1584 loqueris,
3194 1532 3314 1585 qua:
3343 1531 3447 1587 ego

1856 1606 2043 1657 audire
2076 1620 2183 1658 non
2214 1605 2475 1674 possum?
2503 1606 2584 1661 Ad
2606 1606 2765 1661 linem
2803 1610 2947 1661 enim
2980 1608 3143 1675 hujus
3170 1613 3291 1662 vitte
3321 1622 3445 1676 per-

1857 1696 2045 1751 venire
2077 1700 2261 1767 cupio,
2303 1708 2355 1751 ut
2383 1709 2646 1767 perpetuo
2684 1700 2886 1753 vivam.
2934 1700 3119 1763 Absit,
3180 1710 3239 1755 ut
3275 1701 3448 1755 eadu-

1859 1804 1977 1844 cam
2030 1790 2170 1843 hanc
2209 1790 2339 1844 mihi
2368 1790 2533 1845 vitam
2563 1806 2772 1861 parem,
2836 1806 2943 1861 qua
2999 1804 3177 1848 morte
3227 1807 3445 1861 peream

1858 1884 2213 1953 sempiterna.

1936 1977 1998 2032 V.
2036 1979 2356 2033 Eduxerunt
2388 1978 2558 2049 igitur
2592 1977 2714 2046 illas
2748 1988 2900 2033 extra
2928 1979 3229 2042 civitatem,
3264 1990 3320 2033 et
3345 1992 3445 2047 pro

1856 2084 2185 2137 unaquaque
2214 2069 2455 2137 ips:irum
2499 2071 2657 2125 binos
2694 2073 2847 2139 palos
2899 2074 2971 2127 ita
3013 2072 3343 2136 defixernnt,
3387 2082 3447 2125 ut

1857 2158 1949 2212 uni
1980 2172 2167 2212 eorum
2202 2158 2423 2222 collum,
2453 2160 2605 2214 alteri
2644 2164 2811 2231 pedes
2845 2177 3034 2217 eorum
3089 2162 3377 2233 alligarent
3425 2180 3441 2219 :

1856 2262 1913 2308 et
1938 2267 2058 2307 cum
2082 2266 2175 2306 eas
2215 2252 2295 2306 sic
2319 2255 2718 2317 extendissent,
2750 2268 3029 2321 assumpta
3057 2272 3207 2311 serra
3237 2257 3443 2322 fabrili,

1858 2343 2102 2410 singulas
2136 2343 2187 2395 in
2237 2342 2393 2396 binas
2425 2352 2610 2413 partes
2638 2345 3039 2400 dissecuerunt.
3072 2344 3138 2400 Et
3172 2355 3322 2400 terna
3375 2348 3444 2400 li-

1859 2448 1961 2502 gna
1998 2449 2221 2500 procera
2252 2436 2302 2486 in
2330 2451 2434 2489 una
2473 2448 2628 2506 parte
2662 2438 2780 2502 vim,
2815 2448 2971 2493 terna
3016 2440 3067 2491 in
3097 2440 3267 2492 altera
3314 2454 3445 2493 con-

1856 2527 2176 2591 atitueruut,
2246 2525 2464 2593 illisque
2520 2539 2833 2583 sani-tarum
2895 2530 3164 2598 virginum
3214 2544 3442 2597 corpora

1856 2616 2278 2685 suspenderunt.
2316 2616 2361 2671 Ο
2386 2621 2757 2685 spectaculum
2790 2623 3120 2675 horrendum
3161 2636 3225 2674 ac
3276 2623 3442 2675 mise-

1859 2711 2053 2773 rabile,
2096 2712 2464 2782 spectaculum
2495 2711 2772 2783 lacrymis,
2799 2714 2968 2773 luctu.
3008 2724 3228 2781 stupore
3260 2723 3314 2771 et
3348 2727 3443 2782 geo

1860 2804 1992 2856 niitu
2041 2805 2505 2873 prosequendum.
2558 2802 2613 2858 Si
2646 2806 2769 2874 quis
2811 2806 3079 2876 lacrymas
3111 2820 3216 2857 nntt
3250 2804 3438 2865 liabet,

1857 2896 2103 2957 accedat,
2136 2906 2188 2947 et
2220 2904 2513 2961 erumpent
2537 2911 2601 2949 ex
2628 2895 2799 2949 oculis
2824 2896 2942 2964 ejus
2972 2895 3150 2949 fontes
3175 2895 3446 2963 lacryma-

1857 3005 1998 3043 rum.
2026 2988 2165 3042 Ecce
2194 3002 2419 3055 corpora
2468 2989 2697 3041 candida
2751 2999 2804 3042 et
2842 3001 3031 3041 sancta
3071 2999 3331 3055 tropaeum
3385 2989 3439 3041 in

1859 3083 1944 3135 via
1972 3082 2401 3144 constituerunt,
2456 3082 2741 3148 inquibus
2800 3080 2901 3134 illis
2950 3079 3098 3135 omni
3148 3080 3270 3133 vitae
3328 3094 3441 3133 sua:

174 3178 331 3222 tamen
361 3168 431 3220 ita
470 3163 808 3235 respondit:
844 3161 919 3218 Os
961 3173 1112 3217 tuum
1150 3162 1397 3227 ObSlI‘UC.
1450 3164 1603 3216 ουηῖε
1651 3164 1753 3216 illi.
1779 3193 1823 3250 ο
1861 3185 2099 3241 tempore
2148 3175 2470 3240 gravitatem
2520 3184 2573 3228 et
2608 3175 2971 3241 virginitatem
3006 3174 3312 3228 coluerunt.
3354 3172 3443 3226 Li-

176 3263 375 3325 munde,
408 3260 642 3315 inimice
668 3258 786 3320 Dei,
812 3266 869 3313 et
899 3258 1079 3310 omnis
1105 3257 1350 3311 veritatis
1379 3271 1529 3323 ;_nec
1552 3258 1752 3313 audeas

176 3358 388 3424 amplius
421 3356 660 3410 verbum
688 3354 958 3420 impurum
986 3348 1265 3405 effundere
1297 3351 1348 3403 in
1386 3366 1547 3406 aures
1581 3364 1748 3404 meas.

172 3447 339 3517 Neque
376 3451 526 3505 enim
564 3447 675 3501 ista
717 3445 984 3513 cogitatio
1018 3445 1164 3500 cadit
1193 3445 1245 3497 iu
1282 3446 1515 3499 menum
1553 3460 1750 3500 meam.

170 3546 328 3599 Absit.
356 3542 544 3597 Semel
579 3540 729 3593 enim
765 3539 940 3592 dicata
965 3554 1082 3591 sum
1116 3538 1337 3593 Christo
1383 3535 1637 3600 Domino,
1664 3541 1751 3593 cui

172 3638 527 3709 virginitatem
594 3647 771 3688 meam
828 3646 1008 3697 servo,
1060 3640 1112 3685 et
1152 3630 1311 3686 tidem
1362 3645 1426 3683 ac
1466 3638 1748 3685 veritatem

171 3730 293 3783 tueri
331 3728 529 3783 studeo
559 3743 579 3794 ;
616 3725 769 3781 solus
796 3725 941 3778 enim
987 3732 1069 3777 est
1102 3723 1221 3779 sine
1257 3730 1501 3793 peccato,
1528 3731 1584 3777 et
1619 3722 1752 3778 libe-

172 3836 276 3875 rare
311 3838 396 3877 me.
426 3829 618 3893 potest
650 3818 721 3874 ab
754 3816 1049 3873 immundis
1098 3817 1373 3880 manibus,
1427 3828 1481 3871 et
1527 3817 1751 3887 impuris

169 3917 579 3985 cogitationibus
614 3912 836 3967 vestris.
872 3910 1006 3964 Mori
1044 3926 1149 3965 non
1202 3910 1390 3976 timeo,
1440 3925 1540 3965 nec
1581 3911 1747 3964 ullum

167 4007 311 4061 cadis
331 4020 505 4071 genus
545 4000 881 4057 reformido.
916 3999 1040 4053 Haec
1068 4000 1213 4054 enim
1250 4000 1362 4065 via,
1407 4016 1568 4069 quam
1616 3990 1753 4054 milii

167 4097 452 4159 adornatis,
480 4111 575 4150 me
602 4093 770 4147 ducet
803 4092 870 4146 ad
900 4092 1280 4146 charissimuin
1315 4091 1538 4148 fratrem
1566 4110 1746 4150 meum

167 4190 487 4255 Simeonem,
524 4197 587 4245 ut
617 4186 873 4241 dolorum
909 4194 963 4240 et
989 4187 1311 4255 gemituum,
1340 4202 1472 4254 quos
1502 4197 1617 4254 post
1649 4203 1747 4241 ne-

166 4297 263 4339 cem
292 4288 468 4354 ipsius
490 4280 730 4353 pertulit
760 4278 942 4333 anima
969 4294 1111 4341 mea,
1135 4277 1389 4333 solatium
1419 4286 1475 4331 et
1497 4279 1746 4333 consola-

165 4375 342 4430 tionem
381 4374 690 4443 accipiam.
736 4368 997 4422 bliserunt
1050 4368 1236 4422 itidem
1286 4367 1353 4421 ad
1400 4383 1518 4422 eam
1552 4367 1743 4435 reliqui

164 4466 254 4518 duo
284 4468 562 4535 principes
612 4459 839 4514 nuntios
874 4475 887 4512 :
918 4474 1058 4529 quos
1086 4460 1176 4512 illa
1213 4462 1420 4529 pariter
1450 4476 1571 4516 cum
1600 4460 1743 4517 iudi-

1858 3266 2042 3318 bei‘tas
2073 3266 2123 3316 in
2160 3266 2511 3331 ignominiam
2556 3281 2711 3317 versa
2742 3276 2825 3317 est
2859 3282 3070 3328 earum,
3106 3281 3225 3331 qua:
3254 3267 3442 3319 mode-

1855 3358 2013 3410 stiam
2039 3368 2091 3411 et
2117 3360 2431 3425 aequitatem
2471 3358 2523 3409 in
2552 3358 2772 3425 proprio
2808 3357 3047 3410 thalamo
3080 3362 3435 3412 exercebant.

1856 3448 1996 3504 Ecce
2023 3450 2192 3521 gloria
2219 3458 2424 3505 mutata
2487 3461 2569 3503 est
2612 3455 2667 3503 in
2719 3450 3133 3504 Contumeliam.
3185 3448 3439 3516 Quanditt

1856 3546 2100 3612 quiescet
2122 3554 2173 3597 et
2202 3543 2543 3612 exspectabit
2574 3543 2757 3595 divina
2790 3543 3047 3612 justitia?
3083 3544 3187 3598 Sed
3216 3560 3336 3597 cum
3372 3545 3439 3596 ad

1848 3635 2201 3706 iudicandum
2260 3646 2539 3703 exsurget,
2606 3650 2714 3689 non
2775 3649 2961 3704 part-et
3023 3637 3279 3702 amplius,
3340 3651 3440 3690 nec

1856 3729 2224 3784 miserebitur.
2265 3728 2439 3792 Quam
2480 3729 2647 3780 multa
2678 3731 2846 3781 audet
2879 3732 3131 3797 superbia
3165 3744 3321 3798 :qum
3358 3739 3442 3780 ta-

1855 3836 1979 3876 men
2016 3834 2138 3871 cum
2168 3818 2453 3880 ceciderit,
2484 3833 2587 3873 nec
2616 3829 2930 3883 consurget,
2960 3834 3059 3874 nec
3098 3820 3318 3874 habebit
3350 3820 3442 3876 ubi

1854 3912 2140 3965 consistat.
2196 3909 2318 3963 Hzec
2348 3910 2593 3976 profecto
2652 3920 2962 3967 sanctarum
3023 3912 3164 3977 ligna
3234 3913 3443 3968 fructus

1846 4003 2075 4068 justitite
2102 3988 2302 4053 ferunt.
2340 3998 2478 4055 Vere
2509 4004 2595 4055 isti
2627 4014 2755 4055 sunt
2784 4004 2998 4058 Arabiae
3027 4005 3130 4071 lupi
3166 4004 3440 4065 crudeles.

1853 4095 2211 4161 bibentesque
2237 4093 2582 4162 sanguinem,
2616 4095 2708 4164 qui
2745 4094 2984 4158 virgines
3015 4096 3113 4147 has
3140 4104 3440 4149 secuerunt

1850 4203 1914 4241 ac
1942 4186 2364 4255 snspenderunt.
2388 4182 2465 4237 De
2491 4184 2622 4253 ipsis
2656 4185 2924 4251 cogitabat
2956 4188 3144 4236 beatus
3167 4184 3440 4251 Propheta

1849 4295 1972 4336 cum
1998 4279 2202 4333 diceret
2239 4295 2252 4333 :
2288 4295 2307 4330 ι
2350 4275 2607 4331 Viventes
2641 4280 2827 4345 utique
2857 4274 3267 4330 absorbuisseut
3306 4291 3428 4330 nos.

1852 4374 1987 4429 Cum
2023 4373 2353 4427 irasceretur
2386 4370 2539 4423 furor
2570 4386 2759 4423 eorum
2806 4370 2859 4422 in
2912 4386 3030 4434 nos,
3063 4372 3311 4422 viventes
3373 4368 3442 4423 ad

1853 4466 2057 4521 inferos
2086 4464 2401 4519 deduxisset
2434 4477 2533 4516 nos
2565 4463 2607 4517 ³.
2648 4480 2666 4515 ›
2704 4462 2836 4530 Quis
2878 4470 2987 4517 tam
3026 4464 3275 4517 horribili
3309 4462 3444 4516 faci-

162 4559 394 4622 snalione
428 4554 655 4625 τεὶεείῑ-
703 4550 1069 4619 Quamobrem
1105 4565 1228 4605 cum
1262 4567 1321 4606 se
1356 4554 1532 4609 victos
1564 4556 1631 4611 ab
1656 4554 1743 4607 illa
1781 4548 1824 4602 D
1857 4574 1987 4614 norc
2017 4558 2186 4612 laetari
2227 4559 2440 4624 patuit?
2486 4556 2619 4621 Quis
2652 4564 2759 4607 tam
2795 4554 3031 4607 immane
3059 4558 3436 4622 spectaculum

164 4650 544 4717 perspicerent,
603 4655 667 4701 et
728 4646 1080 4714 cupiditatem
1143 4658 1295 4698 suam
1356 4643 1573 4698 inanem
1626 4661 1747 4701 esse

162 4742 684 4801 animadverterent,
723 4738 1010 4794 consilium
1042 4738 1303 4802 inierunt,
1340 4747 1396 4794 et
1430 4738 1627 4793 falsum
1664 4749 1748 4793 at-

162 4851 249 4901 que
275 4837 521 4907 iniquum
564 4832 637 4885 ad
673 4846 857 4899 regem
890 4831 1257 4887 testimonium
1286 4831 1619 4896 detulerunt,
1651 4848 1744 4887 eas

161 4946 262 4987 esse
287 4936 590 4996 maleficos,
624 4938 966 4982 asserentes.

219 5021 299 5081 IV.
334 5028 452 5093 Quo
488 5039 585 5079 rex
628 5019 845 5080 audito,
883 5017 1145 5080 decrevit,
1177 5026 1236 5072 ut
1271 5017 1373 5071 nisi
1402 5016 1515 5073 Soli
1548 5018 1741 5073 immo~

163 5110 339 5180 latent,
381 5116 808 5171 occiderentur.
844 5108 996 5176 Quod
1046 5110 1264 5178 quidem
1299 5110 1576 5164 decretum
1616 5126 1738 5165 cum

165 5208 217 5261 ad
243 5224 328 5264 eas
365 5209 645 5279 perlatum
686 5215 857 5269 esset,
897 5204 1311 5273 respoiideruut,
1339 5218 1397 5258 se
1426 5202 1590 5256 Deum
1612 5204 1734 5259 caeli

161 5315 214 5355 ac
242 5313 390 5360 terra
420 5302 754 5359 effectorem
786 5296 1050 5365 adorare;
1087 5295 1231 5351 nolle
1260 5306 1439 5349 autem
1470 5297 1733 5351 honorem

164 5389 255 5447 Deo
276 5399 537 5461 debitum,
564 5393 691 5449 Soli
721 5391 790 5444 ab
829 5375 943 5458 ipso
980 5399 1269 5459 procreato
1311 5391 1551 5444 tribuere
1588 5406 1601 5442 :
1642 5404 1741 5443 nec

165 5483 266 5537 ullis
304 5490 462 5543 minis
492 5500 665 5559 posse
703 5496 735 5536 a
768 5483 1032 5537 charitate
1069 5481 1369 5536 Salvatoris
1412 5491 1465 5536 et
1519 5482 1729 5535 Domini

169 5576 240 5632 sui
264 5576 382 5635 fesu
414 5578 625 5636 Christi
658 5576 936 5632 revocr-ri.
969 5573 1101 5643 Quat
1126 5590 1250 5629 cum
1292 5574 1563 5628 dixissent
1613 5590 1741 5629 san-

167 5682 248 5727 cta
276 5673 529 5744 virgines,
566 5685 682 5728 uno
738 5669 881 5740 magi
920 5682 1193 5725 consensu
1257 5682 1559 5738 magnaque
1607 5684 1741 5724 voce

225 5847 238 5871 '
264 5845 412 5904 Deut.
444 5863 521 5917 vi,
558 5862 613 5901 x.
703 5846 724 5877 ³
762 5842 935 5900 Exod.
961 5859 1145 5912 xxvttt,
1179 5845 1260 5900 18.

1344 5842 1359 5879 ³
1391 5844 1531 5901 Psal.
1569 5861 1750 5911 cxxiu,
1779 5848 1829 5903 4.

1849 4654 1966 4708 sine
2006 4652 2263 4722 lacrymis
2310 4650 2551 4704 intueri?
2582 4648 2751 4703 Nemo
2785 4648 3051 4715 profecto.
3090 4649 3199 4703 Aut
3241 4651 3285 4701 si
3314 4650 3442 4717 quis

1848 4747 2042 4815 potuit,
2077 4745 2121 4799 is
2151 4746 2216 4797 ab
2244 4745 2484 4798 hominis
2511 4752 2709 4797 natura
2744 4753 2825 4799 est
2849 4744 3084 4811 alienus,
3119 4758 3219 4798 nec
3247 4758 3313 4798 ex
3346 4758 3441 4814 ge-

1849 4858 1974 4898 nere
1998 4843 2166 4895 Adam
2201 4844 2471 4914 prolectus
2504 4850 2607 4894 est.

1918 4932 2003 4988 Vl.
2038 4932 2299 4987 Tulerunt
2353 4932 2514 5003 igitur
2579 4933 2845 4989 infelicem
2913 4931 3197 5001 Reginam,
3229 4946 3349 5000 qua
3382 4932 3438 4990 in

1852 5039 1913 5080 ea
1944 5026 2026 5077 via
2054 5039 2149 5093 per
2175 5034 2489 5079 sanctarum
2520 5041 2747 5089 corpora
2787 5025 3025 5089 transiit,
3060 5041 3253 5091 magna
3288 5026 3437 5080 illam

1851 5129 2063 5173 caterva
2101 5128 2481 5183 prosequente.
2520 5118 2628 5171 Rex
2662 5120 2805 5173 enim
2841 5121 2981 5171 dit-ni
3006 5119 3153 5173 illum
3188 5118 3435 5172 celebra-

1847 5208 1957 5261 bat.
2011 5206 2271 5280 Martyrio
2320 5221 2579 5264 coronata
2624 5219 2706 5262 est
2749 5217 2936 5262 sancta
2969 5206 3250 5270 Therme,
3309 5224 3433 5263 cum

1846 5316 2033 5356 sorore
2063 5311 2118 5354 et
2142 5302 2360 5359 ancilla.
2397 5300 2566 5355 Nonis
2591 5302 2793 5371 Aprilis
2823 5302 2875 5354 in
2907 5301 3125 5355 Christo
3160 5299 3287 5355 JesIt
3326 5300 3435 5355 Do-

1844 5394 1991 5446 mino
2022 5404 2207 5447 nostro
2239 5410 2251 5459 ;
2291 5394 2374 5445 cui
2421 5396 2590 5465 gloria
2629 5411 2753 5447 cum
2786 5393 3133 5447 sanetissimo
3167 5392 3347 5453 Patre,
3375 5401 3431 5446 et

1844 5485 2236 5553 benignissimo
2297 5488 2465 5554 ipsius
2526 5486 2730 5553 Spiritu
2768 5486 2891 5539 vitae
2937 5486 3215 5553 largitore,
3256 5496 3425 5550 nunc,

1841 5586 1895 5632 et
1921 5592 2157 5650 semper,
2190 5588 2241 5635 et
2297 5580 2348 5633 ia
2377 5578 2573 5633 saecula
2601 5578 2950 5635 saeculorum.
2978 5578 3172 5632 Amen.
