3972 6448
479 412 539 476 91
1667 423 1678 431 “
1787 415 2068 474 MENSIS
2103 415 2434 473 APRILIS.
3683 409 3765 471 91

2233 564 3729 591 ...κ’-Μ*

1201 753 1358 906 S.
1494 750 2453 907 CALLIOPII
2566 747 3028 902 VlTA

1614 1039 1763 1128 ET
1837 994 2618 1127 MARTYRIUM.

1021 1237 1217 1302 (Latine
1243 1238 1374 1302 apud
1398 1234 1596 1286 Surium
1618 1235 1678 1286 ad
1701 1236 1834 1284 diem
1859 1237 1885 1285 7
1923 1235 2127 1297 Aprilis.
2165 1238 2337 1287 Graece
2375 1237 2424 1284 in
2451 1234 2559 1284 cod.
2585 1231 2743 1282 Paris.
2773 1247 2872 1281 non
2896 1232 3218 1293 invenlmns.)

2077 1412 2148 1424 ’-

565 1544 606 1596 l.
640 1540 893 1594 Theoclia
951 1541 1144 1595 mulier
1164 1542 1410 1610 quaedam
1443 1542 1549 1608 pia.
1576 1555 1638 1595 ac
1667 1541 1862 1595 timens
1895 1539 2064 1594 Deum
2097 1543 2142 1600 Α
2173 1540 2275 1595 lem
2302 1555 2364 1594 ac
2395 1539 2525 1594 deos
2557 1553 2765 1603 omnes,
2831 1537 3121 1609 praefectus
3168 1538 3366 1609 inquit,
3417 1540 3460 1594 si
3515 1541 3596 1592 vis
3645 1555 3780 1595 esse

489 1649 614 1688 cum
651 1643 759 1686 tota
791 1632 993 1685 familia
1031 1649 1151 1696 sua,
1193 1632 1396 1686 multas
1431 1631 2074 1703 faciebateleetnosynas,

492 1735 547 1777 et
601 1731 788 1778 sancte
843 1725 1078 1777 vivebat.
1115 1723 1242 1778 Hac
1281 1723 1395 1779 viro
1444 1725 1624 1794 nupsit
1656 1726 1953 1788 senatorio,
1981 1725 2076 1795 qui

492 1817 673 1870 nullos
716 1833 781 1870 ex
813 1832 897 1882 ea,
929 1819 1188 1886 quoniam
1251 1828 1373 1871 erat
1404 1819 1629 1883 sterilis,
1673 1819 1872 1873 liberos
1900 1820 2078 1874 susci-

489 1910 675 1979 piebat
705 1928 720 1964 :
765 1911 860 1965 Dei
914 1923 1098 1967 tamen
1159 1926 1389 1966 munere
1421 1914 1639 1966 tandem
1672 1913 1938 1978 concepit.
1973 1913 2078 1966 Sed

488 2017 611 2055 cum
651 2003 827 2057 adhuc
867 2015 1086 2056 uterum
1119 2012 1355 2071 gereret,
1395 2004 1621 2058 maritus
1649 2003 1766 2071 ejus
1797 2001 2083 2057 defunctus

489 2103 598 2145 est.
637 2092 1007 2159 Quamobrem
1037 2096 1088 2148 in
1123 2110 1314 2164 magna
1347 2096 1624 2164 Opuleutia
1653 2095 1822 2149 filimn
1849 2099 2078 2164 peperit,

487 2193 542 2236 et
573 2184 891 2254 Calliopium
917 2187 1228 2253 appellavit,
1248 2188 1340 2254 qui
1368 2190 1421 2240 in
1453 2188 1600 2240 omni
1625 2188 1936 2240 divinarum
1964 2187 2080 2242 Lit-

493 2283 735 2327 terarum
787 2277 1058 2344 sapientia
1089 2277 1352 2331 educatus
1386 2286 1490 2332 est.
1526 2277 1656 2331 Erat
1682 2289 1862 2332 autem
1899 2277 2084 2348 Perga:

493 2365 826 2438 Pamphylia!
849 2371 1112 2435 patricius
1137 2386 1150 2434 ;
1173 2385 1360 2426 verum
1397 2386 1518 2425 cum
1545 2387 1610 2424 eo
1639 2383 1882 2436 tempore
1912 2373 2086 2427 coali-

491 2460 685 2527 gisset,
719 2471 775 2513 ut
807 2463 1127 2519 idololatria:
1158 2478 1315 2516 error
1339 2467 1569 2533 vigeret,
1618 2472 1672 2518 et
1728 2465 1931 2518 veritas
1958 2480 2087 2519 con-

495 2552 742 2617 deretur,
775 2563 830 2606 et
867 2555 1020 2606 multi
1049 2555 1432 2611 sacrificarent
1466 2556 1650 2619 idolis,
1682 2567 1909 2613 sanctus
1956 2558 2087 2612 Cal-

474 2641 697 2709 'liopius
715 2644 1176 2716 assiduejejuniis
1202 2659 1254 2703 et
1283 2649 1691 2719 precationibus
1712 2650 2080 2705 incumbebat.

494 2733 653 2800 Quod
682 2752 805 2793 cum
828 2737 895 2791 ad
913 2739 1124 2808 judices
1143 2742 1378 2795 delatum
1399 2751 1568 2806 esset,
1596 2743 1751 2797 beata
1782 2752 1955 2797 mater
1971 2742 2091 2811 ejus

499 2826 757 2886 Theoclia
817 2833 1093 2886 consuluit
1130 2834 1263 2898 tilio,
1305 2843 1363 2888 ut
1421 2837 1626 2891 vitandi
1674 2837 1864 2907 judicii
1899 2851 2086 2904 causa,

499 2937 719 2988 aurum,
791 2927 1139 2992 vestimenta,
1199 2942 1495 3000 servosque
1539 2943 1799 2998 sumeret,
1847 2942 1902 2988 et
1939 2934 2087 2989 illinc

496 3016 805 3086 navigaret.
833 3018 1253 3091 Pompeiopolim
1305 3023 1470 3092 igitur
1502 3024 1706 3082 Ciliciae
1740 3042 1800 3082 se
1833 3027 2085 3093 contulit,

501 3110 592 3162 ubi
645 3125 769 3164 cum
828 3112 1025 3182 impius
1072 3115 1366 3184 pra-fectus
1417 3116 1686 3173 Maximus
1712 3117 2087 3188 Bacchanalia,

499 3209 554 3253 et
579 3199 758 3265 Indos,
793 3211 849 3253 et
872 3203 1129 3268 choreas,
1158 3215 1215 3259 et
1273 3206 1522 3260 convivia
1580 3207 1739 3264 idolis
1769 3210 2089 3281 celebraret,

498 3292 879 3349 admirabatur
927 3298 1047 3365 pius
1085 3297 1424 3367 adolescens,
1474 3317 1722 3370 quaenam
1765 3304 1852 3357 illa
1883 3315 2088 3362 essent.

499 3385 624 3454 Ipse
657 3390 802 3442 enim
824 3391 1050 3459 jejuniis
1090 3406 1350 3462 perpetuo
1401 3400 1646 3452 vacabat.
1672 3399 1876 3454 Abillis
1906 3399 2088 3468 igitur,

501 3479 594 3544 qui
625 3480 875 3546 aderant,
918 3494 1271 3549 percontatus
1331 3496 1434 3549 est,
1468 3489 1594 3554 quid
1631 3488 1758 3540 illud
1793 3500 1957 3542 esset.
1990 3490 2091 3554 Qui

500 3584 626 3621 cum
657 3570 1095 3638 respondissent,
1121 3574 1344 3627 deorum
1359 3589 1480 3628 esse
1507 3576 1909 3632 celebritatem:
1941 3579 2092 3645 Veni,

504 3661 781 3730 inquiunt,
815 3675 872 3717 et
927 3675 1001 3730 tu,
1039 3673 1097 3718 ut
1130 3667 1367 3721 convivii
1405 3671 1676 3738 particeps
1703 3669 1821 3724 fias.
1856 3673 1924 3723 At
1957 3671 2042 3725 ille
2078 3688 2091 3725 :

506 3753 870 3821 Christianus,
914 3758 1104 3827 inquit,
1143 3777 1284 3820 sum,
1331 3772 1385 3813 et
1423 3761 1698 3814 Christum
1727 3764 1950 3832 jejuniis
2005 3781 2095 3821 ce-

507 3848 684 3911 lebro,
716 3864 815 3902 nec
845 3864 964 3914 qua:
1012 3861 1138 3903 sunt
1165 3850 1448 3921 ﬂagitiosis
1479 3864 1642 3922 atque
1678 3856 1906 3925 impuris
1939 3858 2099 3911 idolis

512 3935 790 3991 immolata
856 3938 982 3995 licet
1035 3940 1087 3994 in
1120 3955 1182 3997 os
1213 3956 1426 4008 eorum,
1455 3945 1544 4012 qui
1578 3945 1859 3998 Chrismm
1893 3944 2096 4010 colunt,

511 4025 745 4094 ingredi.

585 4119 651 4173 ιι.
697 4118 821 4173 Hzec
852 4136 971 4173 eum
993 4122 1057 4176 ad
1089 4139 1248 4178 aures
1285 4125 1525 4194 praefecti
1561 4131 1963 4198 pervenissent,
1988 4131 2100 4186 ira-

2181 1635 2302 1704 pius
2325 1642 2379 1688 et
2409 1634 2511 1688 diis
2563 1631 2869 1695 immolare,
2898 1632 3088 1695 filiam,
3123 1648 3282 1700 quam
3312 1634 3530 1688 unicam
3569 1634 3779 1701 habeo,

2183 1725 2276 1779 tibi
2313 1739 2533 1779 uxorem
2561 1723 2720 1777 dabo.
2757 1723 2812 1776 Si
2842 1739 3088 1788 uxorem,
3122 1725 3296 1791 inquit
3324 1723 3646 1792 Calliopius,
3670 1730 3781 1780 du-

2183 1831 2306 1871 cere
2331 1815 2713 1879 decrevissem,
2735 1831 2839 1870 non
2875 1818 3022 1882 prius
3062 1817 3224 1868 filiani
3257 1828 3400 1869 tuam
3426 1823 3734 1884 acciperem
3763 1861 3779 1880 ,

2187 1922 2351 1979 quam
2379 1917 2551 1961 mater
2577 1924 2691 1961 mea
2722 1909 2773 1961 id
2805 1909 2969 1962 sciret
2996 1920 3049 1963 et
3075 1908 3423 1976 approbaret.
3456 1910 3656 1964 Verum
3693 1912 3784 1963 sic

2189 2001 2409 2064 habeto,
2450 2017 2539 2056 me
2593 2001 2817 2055 Christo
2871 2016 2993 2054 meo
3023 2002 3345 2066 credidisse,
3384 2008 3439 2055 et
3493 2002 3784 2071 pulverem

2187 2094 2351 2161 hunc,
2405 2110 2565 2164 quem
2626 2094 2766 2148 Deus
2819 2094 3096 2156 conflavit,
3124 2104 3177 2146 et
3230 2093 3294 2146 ad
3357 2095 3783 2151 similitudinem

2186 2201 2340 2240 suam
2376 2187 2525 2248 fecit,
2562 2201 2756 2252 purum
2785 2194 2840 2238 et
2868 2185 2986 2236 sine
3017 2183 3222 2235 macula
3273 2194 3394 2236 ante
3422 2182 3623 2236 Christi
3669 2185 3783 2234 tri-

2188 2279 2351 2334 bunal
2390 2279 2686 2332 sistendum
2718 2292 2855 2330 esse.
2895 2274 3261 2340 Quamobrem
3297 2273 3401 2338 fac,
3429 2291 3547 2340 qua:
3575 2276 3667 2328 tibi
3705 2279 3790 2326 vi-

2190 2374 2388 2427 dentur
2420 2391 2431 2426 :
2471 2387 2570 2438 ego
2598 2371 2740 2424 enim
2767 2369 3114 2425 Christianus
3153 2385 3296 2423 sum.

2261 2465 2350 2518 111.
2402 2463 2837 2527 Scelestissime,
2893 2464 3067 2533 inquit
3126 2462 3395 2516 Maximus
3457 2461 3785 2530 praefectus,

2192 2557 2496 2612 istiusmodi
2549 2558 2729 2612 verbis
2771 2555 3009 2608 futurum
3042 2568 3218 2624 putas,
3249 2569 3305 2610 ut
3331 2557 3408 2609 ira
3447 2567 3788 2618 commotus,

2195 2657 2248 2701 te
2284 2649 2443 2702 celeri
2476 2648 2743 2717 supplicio
2785 2649 3088 2701 necandum
3136 2664 3317 2704 curem
3344 2650 3367 2703 ?
3393 2649 3640 2704 Falleris.
3671 2648 3792 2704 Ne-

2195 2757 2302 2812 que
2343 2744 2487 2797 enim
2525 2743 2574 2795 id
2609 2741 2802 2795 faciam
2837 2757 2850 2793 :
2887 2741 2978 2794 sed
3012 2755 3209 2809 corpus
3261 2752 3412 2795 tuum
3448 2743 3596 2795 Omni
3653 2756 3796 2793 cru-

2195 2834 2434 2888 ciatnutn
2496 2848 2694 2903 genere
2749 2833 3077 2894 confectum,
3123 2833 3175 2885 in
3231 2831 3409 2900 ignem
3471 2833 3794 2898 conjiciam.

2195 2927 2429 2994 Quanto,
2463 2926 2638 2994 inquit
2676 2925 2992 2992 Calliopius,
3053 2925 3299 2994 pluribus
3355 2939 3442 2978 me
3500 2925 3796 2979 tormentis

2198 3020 2558 3083 excruciabis,
2593 3030 2740 3074 tanto
2776 3019 2907 3074 mihi
2932 3033 2993 3073 ea
3043 3019 3338 3089 perferenti
3369 3033 3570 3073 corona
3600 3018 3797 3085 splen-

2199 3111 2377 3169 didior
2417 3121 2758 3168 contexetur.
2791 3112 2962 3166 Nemo
3007 3113 3174 3176 enim,
3209 3122 3269 3166 ut
3309 3113 3573 3180 scriptum
3625 3121 3709 3164 est
3747 3111 3797 3175 ί,

2199 3207 2573 3272 coronabitur,
2622 3205 2726 3260 nisi
2784 3205 3026 3274 legitime
3080 3205 3390 3256 certaverit.
3439 3203 3590 3255 Tunc
3621 3202 3802 3256 Maxi-

2199 3316 2319 3357 mus
2355 3298 2517 3368 jussit
2543 3306 2598 3351 ut
2633 3299 2679 3351 ei
2708 3297 2894 3349 vincto
2935 3294 3225 3359 plumbatis
3254 3293 3420 3360 virgis
3448 3290 3626 3344 omnia
3663 3308 3797 3347 ossa

2201 3393 2698 3459 confringerentnr.
2739 3389 2940 3443 Beatus
2970 3399 3152 3442 autem
3184 3384 3504 3455 Calliopius,
3543 3385 3668 3437 dum
3699 3399 3802 3436 va-

2201 3485 2416 3554 pularet
2445 3501 2458 3536 :
2490 3483 2729 3542 Gratias,
2765 3483 2958 3550 inquit,
3010 3497 3110 3551 ago
3141 3480 3260 3544 tibi,
3287 3477 3521 3542 Christe,
3551 3477 3673 3547 quia
3709 3477 3803 3532 di-

2204 3593 2338 3648 gnus
2374 3577 2599 3630 elTectus
2631 3590 2772 3639 sum,
2806 3575 2895 3642 qui
2916 3585 3141 3642 propter
3173 3588 3369 3627 nomen
3392 3582 3538 3625 tuum
3565 3573 3799 3625 verbera

2204 3671 2553 3727 sustinerem.
2610 3666 2760 3734 Mihi,
2792 3667 2965 3736 inquit
3031 3665 3298 3720 Maximus
3353 3663 3801 3733 Praefectus,ob-

2207 3773 2442 3832 tempera
2473 3773 2526 3817 et
2557 3762 2661 3817 diis
2720 3761 2963 3823 immola,
2991 3769 3044 3811 ut
3077 3759 3312 3825 patriam
3355 3757 3563 3816 videas,
3594 3765 3649 3805 et
3675 3770 3796 3805 ma-

2207 3866 2344 3908 trem
2381 3865 2549 3915 tuam,
2575 3863 2628 3905 et
2663 3868 2729 3904 ne
2783 3849 3034 3918 spolieris
3071 3848 3273 3900 divitiis
3303 3862 3366 3900 ac
3398 3846 3630 3899 fortunis
3663 3848 3802 3902 tuis.

2206 3946 2634 4002 Tormentornm
2661 3945 2804 3998 enim
2829 3943 3000 3996 sentis
3027 3941 3402 3995 acerbitatem.
3422 3940 3804 4005 Dulcedinem,

2210 4041 2384 4109 inquit
2420 4038 2733 4104 Calliopius,
2763 4036 3042 4105 promissa:
3072 4051 3099 4088 a
3135 4032 3357 4090 Christo
3393 4036 3590 4104 quietis
3625 4036 3805 4101 degu-

2209 4145 2314 4197 sto,
2348 4144 2404 4189 et
2433 4141 2699 4187 tormenta
2741 4146 2844 4185 non
2884 4131 3084 4186 sentio.
3120 4129 3227 4183 Nec
3252 4129 3306 4181 in
3348 4128 3521 4181 aliena
3580 4130 3808 4194 regione

509 4213 708 4266 cundia
737 4212 950 4282 plenus,
984 4214 1146 4281 jussit
1171 4234 1293 4272 eum
1318 4219 1592 4290 iujudicio
1619 4223 1759 4279 sisti.
1793 4224 1944 4292 Quod
1973 4243 2097 4282 cum
2128 4237 2178 4300 α
2211 4245 2295 4284 me
2325 4244 2445 4284 esse
2483 4238 2633 4298 puto,
2665 4241 2788 4280 cum
2845 4223 3059 4278 Domini
3095 4225 3166 4273 sit
3197 4232 3364 4282 terra,
3403 4230 3456 4273 et
3517 4220 3809 4288 plenitudo

509 4313 660 4356 esset
693 4302 893 4360 factum
928 4323 941 4358 :
976 4305 1218 4375 Ecquod,
1275 4311 1454 4378 inquit
1480 4313 1764 4376 Maximus,
1799 4334 1993 4372 nomen
2019 4331 2104 4374 est

515 4397 662 4448 tibi?
696 4397 1042 4454 Christianus
1077 4418 1218 4466 sum,
1256 4404 1450 4472 inquit,
1476 4419 1530 4461 et
1582 4407 1876 4477 Calliopius
1918 4428 2101 4471 vocor.

510 4488 646 4555 Cur,
680 4491 754 4544 ait
782 4488 1051 4548 Maximus
1076 4493 1387 4564 prrefectus,
1414 4514 1535 4552 cum
1569 4515 1662 4567 per
1685 4504 1870 4556 orbem
1892 4505 2106 4559 univcr-

515 4598 640 4636 sutn
695 4587 924 4638 deorum
953 4588 1244 4646 celebritas
1273 4604 1586 4662 peragatur,
1622 4605 1674 4647 tu
1711 4597 1760 4648 in
1789 4596 1892 4650 isto
1919 4613 2106 4654 errore

517 4675 814 4744 persistis‘.’
845 4674 974 4740 Vos,
1040 4678 1214 4747 inquit
1260 4679 1573 4750 Calliopius,
1612 4701 1799 4740 errore
1834 4689 2106 4742 tenebris-

522 4783 629 4837 que
654 4773 972 4837 versamini,
1001 4773 1117 4843 qui,
1164 4775 1351 4830 relicto
1380 4776 1486 4830 Deo
1519 4778 1754 4844 vivente,
1783 4782 1871 4847 qui
1907 4783 2104 4838 cmlum

522 4874 577 4917 et
636 4872 859 4930 terram,
894 4875 947 4918 et
1011 4881 1130 4934 qua:
1167 4867 1216 4919 in
1250 4870 1328 4922 eis
1351 4880 1476 4923 sunt
1513 4873 1693 4925 omnia
1742 4874 1911 4926 verbo
1985 4891 2110 4944 pro-

523 4958 757 5021 creavit,
783 4973 913 5010 saxa
947 4971 1139 5014 sensus
1168 4962 1440 5030 expertia,
1467 4973 1520 5016 et
1549 4963 1688 5033 ligna
1723 4968 1956 5032 putrida,
1992 4983 2111 5036 quae

528 5059 656 5103 sunt
687 5065 948 5105 manuum
988 5050 1280 5119 impiarum
1328 5069 1516 5122 opera,
1552 5056 1729 5110 colitis
1763 5070 1818 5110 et
1849 5058 2110 5114 adoratis.

532 5141 936 5205 Adolescentia.
973 5145 1150 5213 inquit
1189 5147 1499 5217 praefectus,
1537 5161 1588 5204 te
1621 5151 1954 5220 petulantem
1989 5155 2112 5209 red-

529 5234 634 5297 dit,
667 5243 720 5287 et
761 5249 988 5303 magnos
1047 5237 1141 5290 tibi
1206 5240 1483 5294 cruciatus
1544 5252 1714 5309 parat.
1755 5240 1847 5296 Dic
1872 5243 2056 5313 igitur,
2085 5260 2115 5300 e

528 5343 634 5397 qua
668 5338 827 5396 gente
856 5330 952 5392 sis,
985 5338 1038 5383 et
1065 5345 1132 5384 ex
1166 5345 1270 5399 quo
1299 5348 1515 5402 genere.
1556 5333 1594 5386 E
1623 5334 1933 5406 Pamphylia
1966 5351 2112 5405 sum,

530 5422 706 5489 inquit
739 5420 1058 5490 CalliOpius,
1089 5433 1143 5477 et
1187 5425 1445 5492 patricius
1480 5443 1703 5495 genere,
1736 5439 1810 5491 et,
1842 5431 1984 5497 quod
2022 5445 2118 5483 no-

526 5511 860 5568 bilissimum
893 5522 998 5579 est,
1026 5513 1389 5570 Christianus.
1421 5515 1514 5570 Dic
1541 5520 1692 5582 mihi,
1720 5520 2006 5586 praefectus
2035 5521 2116 5574 in—

2206 4322 2388 4390 ejus’.
2425 4321 2490 4374 Et
2526 4319 2611 4372 hic
2661 4329 2880 4385 quoque
2939 4312 3168 4380 patriam
3219 4325 3408 4376 cerno,
3462 4319 3810 4381 matremque

2207 4430 2403 4466 meam.
2459 4411 2592 4463 Nam
2639 4418 2809 4461 mater
2869 4421 3006 4470 mea,
3050 4414 3132 4459 est
3170 4403 3375 4459 Christi
3419 4403 3662 4458 Ecclesia
3711 4419 3811 4460 sa-

2209 4514 2492 4559 crosancta
2522 4511 2612 4558 :et
2640 4502 2809 4572 patria
2840 4498 3338 4564 mea,estcozlestis
3367 4498 3453 4551 illa
3477 4497 3809 4552 Jerusalem.

2212 4598 2406 4652 Nostra
2437 4597 2579 4651 enirn
2609 4595 2952 4650 Conversatio
2981 4595 3035 4644 in
3073 4593 3226 4646 ccelis
3252 4603 3334 4645 est
3356 4592 3396 4645 ³.
3423 4591 3579 4656 Quod
3602 4593 3643 4644 si
3671 4592 3810 4646 mihi

2210 4707 2529 4762 corpoream
2588 4698 2815 4742 matrem
2878 4684 3125 4756 objicias,
3187 4684 3310 4739 audi
3369 4684 3502 4753 quid
3554 4683 3812 4738 Christus

2212 4781 2355 4836 Deus
2388 4795 2540 4834 meus
2575 4779 2762 4833 dicat:
2799 4797 2816 4830 ι
2853 4775 2954 4843 Qui
2986 4784 3134 4832 amat
3189 4787 3398 4844 patrem
3449 4785 3542 4829 aut
3575 4785 3813 4829 matrem

2212 4873 2500 4943 plusquam
2526 4887 2630 4937 me,
2667 4887 2772 4926 non
2803 4880 2884 4924 est
2912 4886 2996 4922 me
3030 4869 3229 4938 dignus
3261 4868 3302 4923 ⁸.
3340 4885 3358 4919 ι
3396 4865 3531 4920 Nam
3565 4868 3708 4936 quod
3740 4873 3812 4922 ad

2213 4967 2433 5021 divitias
2467 4968 2718 5036 pertinet,
2746 4981 2839 5018 eas
2865 4963 3101 5034 negligo,
3139 4975 3193 5019 et
3233 4965 3376 5019 malo
3403 4964 3607 5019 Christi
3644 4981 3815 5021 cruce

2216 5057 2402 5125 afﬂigi,
2433 5072 2595 5127 quam
2631 5055 2853 5112 caducis
2902 5059 3052 5110 stulti
3105 5058 3293 5110 mundi
3327 5058 3538 5109 deliciis
3569 5055 3697 5110 frui.

2288 5147 2380 5203 1V.
2418 5149 2684 5202 Maximus
2741 5149 3030 5218 praefectus
3063 5167 3075 5202 :
3113 5149 3285 5214 Quam
3332 5157 3439 5212 est,
3478 5147 3673 5226 inquit,
3713 5162 3815 5202 ex-

2217 5257 2358 5296 cors.
2384 5241 2582 5296 Crudis
2612 5241 2790 5296 nervis
2821 5249 3065 5294 ventrem
3113 5239 3232 5306 ejus
3265 5241 3482 5303 credite,
3514 5241 3760 5295 dicentes
3797 5258 3812 5293 :

2218 5335 2335 5390 Noli
2369 5352 2537 5390 unum
2564 5351 2662 5403 pro
2702 5336 2808 5390 alio
2841 5335 3005 5390 stulte
3057 5336 3405 5400 respondere,
3449 5333 3541 5387 sed
3588 5345 3710 5401 apte
3742 5335 3814 5390 ad

2221 5429 2570 5495 interrogata.
2605 5427 2812 5488 lnsane,
2839 5427 3014 5496 inquit
3057 5426 3663 5494 Calliopius,etquavis
3696 5424 3818 5480 fera

2222 5523 2514 5584 crudelior,
2549 5531 2600 5575 et
2629 5538 2657 5575 a
2687 5521 2887 5575 Christi
2928 5523 3144 5590 pietate,
3164 5520 3254 5589 qui
3284 5521 3337 5573 in
3363 5520 3517 5574 caelis
3544 5528 3649 5580 est,
3675 5519 3814 5574 alie-

533 5605 654 5675 qnit
683 5641 699 5670 ,
732 5615 989 5674 parentes
1016 5607 1224 5661 habes?
1271 5608 1462 5674 Mater,
1497 5612 1773 5678 respondit
1800 5612 2112 5681 Calliopius,
2141 5587 2198 5648 D
2233 5628 2321 5679 ne,
2375 5614 2469 5666 tibi
2528 5613 2775 5667 veritatis
2805 5587 3070 5667 rationem
3102 5587 3334 5680 expono,
3362 5625 3523 5680 quam
3559 5619 3613 5664 tu
3645 5609 3815 5664 animi

535 5710 830 5772 superest;
861 5714 986 5755 nam
1014 5709 1170 5770 pater
1195 5701 1306 5770 jam
1332 5704 1421 5758 diu
1442 5702 1729 5760 defunctus
1758 5713 1860 5759 est.
1895 5701 1998 5757 Per
2030 5721 2120 5761 so-

612 5883 631 5917 ⁸
660 5879 708 5942 Il
740 5881 884 5945 Tim.
911 5899 972 5956 tt,
1008 5883 1062 5941 5.
1141 5889 1160 5921 '
1192 5886 1336 5947 Psal.
1400 5903 1554 5961 xxtn,
1584 5890 1634 5946 ι.

1714 5894 1732 5925 ³
1762 5891 2002 5964 Philipp.
2040 5909 2127 5965 tn,
2163 5889 2253 5948 ιο.

2229 5706 2402 5763 oculis
2462 5721 2568 5762 non
2597 5705 2798 5772 cernis,
2821 5719 2981 5763 aures
3012 5703 3324 5772 occludens,
3361 5717 3427 5760 ne
3457 5702 3672 5761 Domini
3696 5715 3815 5762 ser-

2335 5891 2354 5919 ι
2382 5891 2576 5947 Matth.
2611 5908 2664 5960 ι,
2702 5890 2792 5947 37.
