3972 6444
199 422 264 485 93
1466 414 1645 476 VITA
1686 414 1749 474 S.
1793 412 2174 474 CALLlOPI.
3404 412 3473 479 94

193 546 403 588 manem
442 532 729 597 exaudias,
758 540 810 583 et
841 541 1023 585 contra
1053 531 1233 601 legum
1268 530 1585 599 praescripta
1612 529 1772 598 juhes
1805 527 1849 584 Λ
1880 535 2059 580 autem
2120 527 2417 596 Calliopius
2476 528 2706 591 catenis,
2743 537 2797 582 et
2851 529 3100 597 corporis
3163 539 3375 586 tumore
3404 547 3470 586 ex

193 639 296 688 me,
341 634 596 690 tanquam
654 622 1008 690 homicidam,
1058 622 1385 677 verberari?
1416 620 1635 684 Rotam,
1696 622 1777 675 iu—

189 715 299 787 quit
342 714 653 784 prafertus,
700 716 959 769 collocate
1019 725 1074 771 et
1118 730 1374 784 magnum
1424 715 1600 785 ignem
1650 728 1775 769 suc-

188 807 416 863 cendite.
476 809 629 863 nota:
685 820 833 862 tanta
885 809 931 861 vi
961 809 1212 878 alligatus
1235 819 1317 865 est
1348 809 1683 868 adolescens,
1722 817 1777 863 ut

191 910 327 954 totus
354 901 785 969 discerperetur.
812 901 929 967 Quo
956 903 1172 972 quidem
1200 905 1445 958 cruciatu
1472 922 1593 959 cum
1624 920 1777 958 acer-

186 990 406 1044 bissime
442 1001 735 1059 angeretur
761 1007 772 1044 :
800 993 1037 1057 Christe,
1068 994 1263 1063 inquit,
1311 986 1508 1062 prmsto
1545 996 1622 1048 sis
1657 1010 1776 1048 ser-

186 1094 248 1133 to
302 1089 417 1141 tuo,
456 1088 519 1132 ut
546 1081 613 1131 ad
652 1081 812 1134 linem
869 1096 1040 1150 usque
1083 1082 1329 1135 laudetur
1361 1083 1412 1135 in
1450 1099 1533 1138 me
1571 1100 1773 1138 nomen

186 1185 351 1232 tuum,
405 1172 659 1238 quamvis
711 1172 968 1241 indignus
1020 1174 1119 1226 siin
1150 1190 1342 1228 servus
1379 1185 1543 1229 tuus:
1580 1187 1633 1231 et
1677 1192 1773 1231 co—

183 1273 444 1326 gnoscent
499 1280 715 1330 omnes,
768 1281 882 1331 eos,
919 1267 1007 1333 qui
1068 1268 1119 1320 in
1158 1278 1208 1321 te
1239 1281 1480 1338 sperant,
1518 1287 1619 1323 non
1649 1286 1775 1323 con-

183 1352 323 1405 fundi
361 1354 416 1407 in
473 1366 761 1411 aeternum.
801 1359 997 1412 Statim
1062 1360 1224 1429 igitur
1259 1364 1524 1417 accedens
1552 1364 1773 1433 angelus

180 1445 306 1508 Dei,
361 1445 644 1502 ﬂammam
701 1450 1004 1505 carbonum
1041 1453 1305 1508 exstinxit
1344 1471 1357 1511 :
1396 1466 1451 1509 et
1510 1456 1770 1519 ministri,

182 1552 291 1591 cum
326 1540 534 1595 \‘t‘iieul.
564 1552 737 1597 rotam
780 1546 1019 1609 rolrere,
1063 1562 1165 1600 non
1217 1558 1487 1616 poterant.
1535 1549 1771 1603 Delieata

177 1641 349 1681 antem
380 1631 556 1699 ipsius
573 1636 815 1688 membra
845 1646 1009 1689 totam
1034 1648 1204 1690 rotam
1228 1641 1492 1708 sanguine
1511 1656 1776 1709 consper-

180 1732 382 1775 seruut.
428 1725 568 1778 Erat
618 1729 763 1780 enim
834 1729 1007 1783 acutis
1061 1730 1255 1801 gladiis
1323 1733 1768 1788 circummuuila.

178 1810 337 1868 Jussit
390 1829 585 1871 autem
641 1819 932 1887 praefectus
962 1840 1084 1878 eum
1120 1826 1278 1894 solvi,
1308 1836 1362 1879 et
1393 1844 1420 1880 a
1453 1837 1565 1881 rota
1592 1827 1770 1883 dimo-

1884 618 2201 675 verberibus
2231 633 2541 684 contracto,
2566 620 2942 687 cohibebatur,
2975 623 3265 690 quominus
3292 633 3472 689 posset

1881 721 2190 775 assurgere,
2228 718 2280 762 ct
2312 709 2376 761 ad
2432 718 2661 763 matrem
2699 711 2979 763 accedere.
3014 710 3120 765 Sed
3153 713 3221 763 ita
3254 708 3473 767 locutus

1878 809 1966 854 est
1994 818 2005 852 :
2032 797 2344 867 Opportune
2375 802 2589 869 venisti,
2608 812 2807 865 mater,
2837 813 2892 856 ιιι
2921 806 3072 857 testis
3098 819 3245 859 esses
3266 805 3469 860 Christi

1879 891 2245 945 cruciatuum.
2281 891 2449 945 Slater
2506 904 2685 946 autem
2725 894 2817 947 lilii
2869 909 3067 959 corpus
3092 893 3358 962 aSpicir-ns
3385 894 3470 947 di-

1881 984 2187 1038 laniatum:
2224 984 2382 1037 Beata
2409 1000 2531 1055 ego,
2566 986 2740 1055 inquit
2768 990 2833 1043 ad
2860 989 3269 1039 sanctissimum
3303 987 3468 1039 lilium

1878 1093 2032 1131 suum
2094 1077 2442 1147 Calliopium,
2474 1086 2525 1131 et
2581 1076 2772 1131 lii-atus
2825 1079 3032 1133 fructus
3099 1077 3298 1131 ventris
3340 1079 3469 1139 mei,

1878 1169 2158 1237 quoniam,
2195 1182 2250 1222 ut
2284 1169 2461 1233 Anna,
2514 1170 2687 1223 dieari
2750 1182 2798 1223 te
2860 1187 3072 1225 sacrum
3130 1186 3323 1225 munus
3360 1172 3469 1223 Do-

1879 1262 2029 1315 mino
2060 1260 2183 1315 Jesu
2211 1262 2469 1317 Christo:
2509 1272 2566 1315 ut
2597 1262 2731 1315 Sara
2777 1265 2947 1319 obtuli
2983 1275 3032 1315 te
3063 1263 3173 1317 Deo
3213 1263 3471 1315 holocau-

1876 1369 2019 1411 stum
2075 1369 2311 1427 gratum,
2363 1368 2417 1411 et
2486 1369 2765 1427 acceptum
2838 1357 3063 1410 Domino
3116 1356 3466 1412 sacrificium.

1878 1450 2075 1505 Mansit
2129 1461 2305 1503 autem
2364 1459 2529 1503 totam
2589 1462 2803 1503 noctein
2862 1449 3093 1503 illamin
3153 1461 3370 1501 carcere
3402 1449 3466 1500 ad

1880 1543 2050 1611 ipsius
2100 1542 2262 1611 pedes
2314 1552 2608 1609 prostrata.
2641 1541 2813 1595 Simul
2871 1553 3049 1594 autem
3084 1540 3243 1593 ambo
3277 1552 3467 1607 preca-

1876 1636 2096 1698 bantur,
2137 1644 2190 1689 et
2250 1634 2541 1687 laudabant
2579 1635 2765 1686 Deum.
2807 1632 2870 1685 Et
2912 1633 3057 1685 circa
3090 1634 3319 1683 mediam
3372 1645 3468 1681 no-

1877 1738 2019 1782 ctem
2052 1742 2245 1794 magna
2276 1726 2363 1780 lux
2395 1741 2671 1779 carcerein
2703 1724 3015 1784 illustravit,
3043 1734 3094 1777 et
3130 1738 3229 1776 vox
3260 1736 3353 1775 eos
3383 1719 3467 1774 sic

1878 1819 2106 1872 allocuta
2164 1826 2246 1871 est
2284 1835 2296 1871 :
2341 1816 2448 1870 Vos
2500 1819 2632 1870 estis
2667 1816 2857 1895 sancti
2890 1814 2979 1869 Dei
3010 1828 3061 1869 et
3085 1814 3293 1870 Christi
3328 1828 3465 1867 con-

176 1910 300 1962 teri.
337 1910 703 1980 Spectatores
736 1915 1017 1981 dicebant,
1051 1918 1317 1985 judicium
1359 1922 1487 1976 illud
1524 1924 1765 1989 iniquum

1879 1913 2137 1973 lessores,
2165 1925 2553 1980 cversoresqne
2582 1894 2872 1973 idolorum,
2899 1909 2989 1977 qui
3028 1911 3254 1977 patriam
3290 1918 3344 1960 ct
3374 1923 3467 1976 pe-

172 2016 284 2053 esse
310 2018 325 2066 ;
356 2013 415 2055 et
450 2004 740 2069 dolebant,
775 2010 917 2074 quod
945 2011 1069 2061 talis
1089 2011 1406 2065 adolescens
1434 2024 1539 2065 tam
1571 2018 1767 2069 acerbe

174 2108 543 2164 torqueretur.
618 2101 725 2153 Sed
788 2100 1345 2169 MaxiniuszNunue,
1398 2105 1593 2176 inquit,
1653 2108 1763 2161 dixi

170 2188 279 2249 tibi,
319 2200 370 2244 te
404 2189 787 2246 adolescentia
834 2208 955 2248 esse
1002 2195 1433 2261 petulantem,et
1482 2209 1765 2267 propterea

168 2283 511 2347 gravimibus
550 2286 891 2342 cruciatibus
938 2286 1191 2342 aﬂ'ectum
1230 2289 1345 2343 iri?
1382 2290 1565 2355 Canis,
1594 2294 1765 2363 inquit

167 2370 476 2441 Calliopius.
546 2374 1042 2444 impudentissime,
1079 2390 1134 2433 tu
1189 2396 1275 2434 me
1332 2382 1412 2435 sic
1440 2384 1761 2451 alloqueris,

167 2465 311 2530 quasi
364 2467 764 2521 crudelissima
814 2486 1055 2523 reensem
1085 2472 1463 2540 autdepreeer
1491 2485 1760 2530 tormenta

169 2566 267 2610 tua.
294 2557 521 2621 Infelix,
563 2560 740 2628 inquit
780 2560 1090 2628 praefectus,
1120 2564 1301 2619 credis
1334 2573 1385 2617 te
1417 2568 1764 2623 contumeliis

167 2647 509 2717 eﬂecturum,
573 2661 632 2704 ut
664 2662 714 2705 te
754 2652 986 2709 celerius
1024 2656 1378 2712 occidendum
1406 2673 1614 2714 curem.
1659 2659 1764 2716 Υρ-

167 2752 277 2791 tum
306 2741 451 2795 haud
495 2743 577 2796 ita
614 2743 741 2797 erit.
776 2744 889 2799 Diis
928 2746 1090 2812 igitur
1136 2748 1373 2810 immola,
1410 2759 1465 2801 ut
1493 2766 1612 2820 qnte
1643 2751 1766 2807 reli-

166 2846 259 2898 qua
288 2845 443 2897 Sunt,
479 2845 761 2891 tormenta
814 2838 1147 2893 lucrifacias.
1181 2837 1295 2893 Non
1343 2842 1642 2910 permittet,
1680 2844 1764 2896 in-

166 2926 273 2992 quit
297 2925 641 2996 CalliOpius,
678 2930 934 2987 Christus
960 2948 1135 2996 meus,
1174 2943 1230 2987 ut
1271 2948 1461 3003 puram
1496 2949 1671 2989 meam
1709 2936 1761 2989 in

169 3014 321 3071 Deum
353 3018 523 3073 {idem
552 3027 860 3087 pervertas.
906 3024 1187 3077 Arbitratu
1224 3036 1318 3079 tuo
1346 3044 1543 3095 corpus
1574 3044 1765 3083 excru-

166 3109 259 3172 cia,
284 3122 629 3181 recepturus
659 3129 686 3166 a
724 3112 833 3170 Deo
864 3115 913 3170 in
947 3116 1032 3171 die
1058 3117 1251 3185 judicii
1285 3120 1476 3173 merita
1512 3124 1760 3189 prtemia.

164 3199 265 3267 Qua
299 3207 448 3261 enim
487 3224 760 3262 mensura
793 3211 1022 3275 metiris,
1063 3214 1250 3268 eadem
1287 3215 1608 3267 remetietur
1643 3216 1761 3269 tibi.

163 3291 383 3359 Ferreis,
404 3297 606 3367 inquit
634 3298 922 3365 Maximus,
950 3304 1158 3357 catenis
1180 3304 1419 3369 vinctum
1450 3306 1500 3358 in
1536 3305 1761 3358 interio-

163 3402 262 3442 rem
295 3408 601 3447 carcerem
635 3393 891 3461 coujicite
919 3412 932 3459 ;
968 3410 1125 3448 nemo
1153 3410 1339 3449 curam
1373 3396 1518 3453 illius
1551 3408 1707 3467 gerat
1741 3416 1755 3467 ;

164 3488 311 3535 neruo
369 3483 686 3552 impiorum
735 3484 1039 3537 amicorum
1073 3487 1139 3540 ad
1191 3501 1315 3541 eum
1344 3492 1600 3558 accedat;
1640 3492 1763 3547 bea-

165 3579 262 3621 tum
289 3588 345 3625 se
375 3584 545 3639 putet
573 3571 653 3625 ob
674 3587 736 3625 ea
774 3581 1070 3641 tormenta,
1105 3580 1305 3648 quibus
1338 3594 1557 3651 promer
1593 3585 1763 3652 ipsius

162 3657 493 3728 impietatem
538 3663 819 3720 adversus
860 3669 988 3721 deos
1036 3669 1266 3725 allectus
1301 3683 1405 3727 est.
1439 3674 1633 3727 Statim
1666 3676 1762 3744 igi-

162 3757 236 3799 tur
258 3750 562 3806 vinctusin
635 3767 912 3809 carcerem
964 3758 1280 3813 interiorem
1335 3763 1609 3828 conjectus
1655 3774 1756 3829 κει,

161 3838 368 3895 ubisine
398 3843 831 3898 intermissione
863 3846 1026 3898 Deum
1054 3848 1330 3899 laudabat.

224 3927 285 3985 ν.
324 3934 422 3987 His
486 3935 729 3995 auditis,
768 3945 964 4000 mater,
999 3937 1139 3990 facto
1173 3947 1521 4005 testamento,
1560 3941 1764 3995 duren-

164 4031 233 4076 tos
263 4023 683 4095 quinquaginta
712 4039 903 4080 servos
948 4028 1198 4084 libertate
1235 4032 1553 4101 peculioque
1590 4032 1761 4085 dona-

160 4115 225 4169 ιιι
251 4136 263 4169 :
293 4129 347 4173 et
380 4118 665 4188 quidquid
698 4121 843 4184 auri,
877 4130 973 4174 aut
1019 4123 1251 4191 argenti,
1282 4133 1375 4176 aut
1410 4125 1756 4183 vesrimento-

163 4223 267 4263 rum
290 4211 538 4267 habebat
592 4214 936 4281 pauperibus
969 4214 1227 4282 reliquit;
1266 4218 1635 4280 posseSsiunes
1662 4234 1759 4269 att-

160 4313 252 4357 tcxn
304 4307 580 4362 Ecclesiae
618 4317 829 4360 sancite
880 4306 1073 4374 largita
1108 4317 1210 4362 est.
1240 4308 1377 4361 Tum
1428 4310 1757 4363 Celeriterin

158 4392 384 4453 Ciliciam
441 4402 513 4454 ad
573 4402 999 4455 sanctissimum
1031 4404 1198 4457 tilium
1246 4420 1403 4458 suum
1435 4406 1755 4476 Calliupium

158 4493 419 4543 centendit
457 4503 563 4546 :et
604 4492 661 4544 in
698 4508 977 4547 Cat'cerent
1026 4496 1294 4564 ingressa,
1358 4500 1589 4566 procidit.
1632 4511 1757 4553 ante

1875 2007 2061 2059 Cunias
2101 2004 2433 2073 reliquistis,
2468 2014 2524 2055 ut
2561 2018 2680 2055 cum
2721 2000 2940 2055 Christo
2989 1998 3330 2069 pateremiui.

1944 2093 2032 2149 Vl.
2069 2094 2205 2148 Cum
2243 2106 2423 2147 autem
2479 2095 2767 2156 illuxisset,
2807 2091 3134 2161 prtefectus:
3178 2092 3339 2154 Voca,
3383 2091 3467 2143 in-

1872 2189 2010 2259 quit,
2043 2187 2476 2240 Christianorum
2531 2197 2694 2238 SCCliB
2755 2185 3055 2238 studiosum
3114 2184 3459 2251 Calliopium.

1878 2281 2185 2335 Demetrius
2212 2288 2393 2331 autem
2430 2277 2679 2331 centurio
2702 2276 2769 2331 ad
2788 2276 3109 2345 Calliopium
3133 2294 3147 2331 :
3171 2273 3325 2329 Nunc
3350 2273 3463 2328 Sui-

1873 2382 2006 2435 tem,
2043 2371 2234 2442 inquit,
2268 2370 2335 2425 ab
2363 2372 2570 2424 inSania
2605 2371 2840 2432 discede,
2873 2381 2926 2423 et
2952 2370 3342 2437 imperatorum
3372 2369 3464 2420 de-

1871 2470 2035 2519 cretis
2093 2466 2499 2531 obtemperans,
2525 2464 2631 2516 diis
2678 2463 2948 2523 sacriﬁca,
3008 2474 3064 2514 ut
3096 2464 3245 2515 vivas
3283 2480 3295 2515 :
3328 2442 3462 2514 alio-

1867 2558 1995 2623 quin
2018 2568 2070 2608 ut
2101 2554 2363 2623 Magister
2404 2565 2526 2607 tuus
2555 2554 2824 2624 suliigeris
2850 2554 2902 2608 in
2922 2569 3159 2610 crucem.
3190 2549 3460 2617 Admiror,

1868 2646 2040 2715 inquit
2074 2646 2391 2713 Calliopius,
2426 2646 2812 2714 impudentiam
2846 2658 3012 2710 luant,
3048 2649 3139 2715 qui
3170 2663 3290 2701 cum
3322 2661 3465 2716 saepe

1869 2756 1936 2796 ex
1973 2756 2057 2795 me
2089 2740 2329 2795 audieris
2360 2739 2736 2794 Christianum
2785 2755 2871 2794 me
2931 2756 3070 2806 esse,
3100 2751 3151 2793 et
3190 2739 3462 2795 Christia-

1870 2850 1999 2888 num
2032 2848 2152 2887 esse
2184 2832 2533 2895 moriturum,
2567 2840 2621 2885 et
2673 2830 2726 2884 in
2765 2829 2982 2885 Christo
3036 2829 3324 2894 \‘iCllll‘tlm,
3352 2837 3459 2880 tam

1870 2924 2217 2991 impudenter
2251 2937 2446 2989 pergas
2506 2922 2789 2973 veritatem
2851 2934 3186 2985 oppugnare.
3242 2918 3463 2973 Festino

1868 3016 2139 3077 eamdem,
2172 3029 2332 3082 quam
2376 3012 2627 3081 Magister
2653 3027 2805 3063 IIINI‘S
2830 3014 3075 3080 pertulit,
3109 3023 3335 3063 mortem
3362 3029 3459 3079 np-

1868 3118 2075 3177 petere.
2113 3105 2239 3160 Haec
2276 3120 2396 3159 cum
2437 3104 2528 3161 ille
2587 3103 2837 3167 dixisSet,
2905 3101 3193 3171 praefectus
3248 3117 3310 3154 ex
3371 3117 3461 3155 re-

1873 3204 2088 3271 Spnnsis
2115 3204 2366 3271 martyris
2401 3200 2842 3256 animadvertetis
2863 3216 2983 3253 eum
3012 3216 3039 3251 a
3063 3198 3341 3267 propasito
3371 3201 3463 3253 de-

1869 3296 1988 3349 duci
2028 3312 2134 3348 uun
2166 3310 2341 3364 posse,
2377 3296 2702 3347 sententiam
2740 3296 2879 3359 tulit,
2938 3302 2996 3348 ut
3030 3295 3219 3362 quinta
3250 3294 3462 3348 Subita“

1872 3397 2045 3441 torum
2080 3387 2302 3441 Pasch-.e
2333 3388 2383 3440 in
2410 3402 2629 3440 crucem
2664 3397 2935 3456 ageretur.
2964 3385 3120 3451 Quod
3153 3398 3325 3439 mater
3346 3387 3461 3454 ejus

1872 3483 2199 3553 intelligens,
2260 3484 2500 3553 quinque
2566 3496 2822 3535 nummos
2881 3481 3148 3533 ministris
3205 3480 3373 3536 dedit.
3402 3490 3459 3532 ut

1868 3591 1990 3630 eum
2044 3580 2317 3631 Contraria
2376 3580 2604 3639 ratione,
2659 3592 2821 3643 quam
2896 3575 3147 3628 Christus
3202 3574 3468 3627 Dominus

1870 3672 2166 3723 cruciﬁxus
2226 3669 2345 3731 fuit,
2373 3668 2651 3737 :iﬂigerent
2698 3668 2871 3720 cruri.
2909 3664 3462 3735 QuintoigiturSab-

1868 3762 2115 3815 batorum
2154 3776 2359 3830 pronus
2395 3761 2448 3814 in
2485 3770 2646 3828 caput
2690 3761 2985 3814 crurilixus
3016 3768 3121 3819 est.
3156 3768 3211 3811 et
3244 3760 3329 3811 die
3358 3759 3460 3811 Pa-

1870 3869 2122 3911 rasceres
2151 3854 2387 3907 aniruam
2424 3853 2552 3921 egit.
2594 3850 2657 3903 Et
2696 3867 2794 3905 vos
2829 3854 2896 3905 de
2928 3852 3066 3905 cmlo
3122 3851 3305 3903 audita
3358 3858 3462 3913 est,

1870 3949 1939 4003 ita
1980 3965 2182 4002 sonans
2216 3966 2228 4001 :
2265 3946 2425 4011 Veni,
2463 3947 2597 4002 Ci\i3
2631 3945 2858 4011 Christi,
2894 3954 2946 3999 et
2974 3946 3220 3999 colt-teres
3249 3951 3453 4000 sancto-

1869 4059 1984 4097 rum
2028 4043 2367 4109 angelorum.

1938 4133 2049 4191 \‘ll.
2080 4136 2246 4191 Mater
2276 4150 2403 4189 vero
2426 4135 2753 4191 sanctissimi
2781 4148 2844 4188 ac
2871 4131 3173 4188 beatissimi
3215 4129 3308 4183 tilii
3336 4143 3457 4185 cor-

1866 4243 1966 4295 pus
2026 4230 2328 4295 complexa,
2364 4239 2418 4281 et
2476 4228 2751 4281 Christum
2790 4228 3037 4287 laudans,
3070 4228 3121 4277 in
3157 4226 3270 4291 ejus
3298 4238 3451 4276 Com-

1865 4323 2025 4390 plexu
2060 4322 2309 4389 spiritum
2350 4320 2601 4372 reddidit.
2637 4318 2699 4371 Et
2754 4316 3079 4374 acredenres
3108 4314 3325 4377 fratres,
3359 4332 3451 4366 eo-

1868 4428 1984 4465 rum
2013 4430 2242 4480 corpora
2282 4413 2332 4465 iu
2371 4414 2484 4465 loco
2513 4427 2668 4464 sacro
2697 4412 3051 4479 sepelierunt,
3080 4409 3455 4464 collaudantes

1868 4502 2079 4556 Patrem
2122 4514 2175 4556 et
2232 4502 2424 4556 Filium
2457 4514 2506 4555 et
2540 4501 2801 4569 Spiritum
2832 4511 3108 4561 sanctum,
3156 4500 3245 4553 cui
3281 4496 3456 4567 gloria

157 4582 297 4645 Pedes
324 4584 468 4654 ejus,
505 4599 566 4643 et
594 4587 889 4641 voluerunt
926 4602 1173 4643 cruorem
1212 4590 1489 4646 abstersit.
1524 4595 1759 4651 Sanctus
1788 4600 1839 4659 D
1867 4604 1919 4650 et
1960 4596 2241 4664 imperium
2278 4597 2327 4649 in
2354 4596 2547 4648 steeula
2575 4596 2926 4648 szeculorum.
2971 4593 3165 4644 Amen.
