3972 6438
550 377 651 439 107

1845 368 2129 429 ΜΕΝὸΙὸ
2172 368 2501 427 APRILIS.

3710 357 3812 421 108

545 489 834 547 multitudo
867 485 985 539 ideo
1012 481 1335 544 conﬁdebat,
1368 488 1421 535 et
1444 493 1629 532 eorum
1650 477 1835 533 {ruens
1853 478 2120 541 doctrina,

2231 476 2435 546 πλῆθος
2475 477 2629 547 παρά
2654 474 2813 530 τοῦτο
2857 456 3147 545 συνέρόεον
3194 474 3288 529 καὶ
3337 474 3433 544 τῆς
3466 469 3596 544 παρ’
3628 468 3811 525 αὐτῶν

546 581 777 635 libenter
820 574 1115 631 accedebat
1176 570 1241 626 ad
1294 569 1571 637 pietatem.
1612 566 1717 620 Sed
1756 565 1869 621 ﬁeri
1901 566 2121 621 omnino

548 686 655 725 non
708 677 937 740 poterat,
968 673 1025 719 ut
1058 664 1151 731 qui
1208 660 1306 712 fuit
1357 659 1424 712 ab
1452 657 1606 711 initio
1639 658 1902 712 bonorum
1930 658 2127 711 adver-

545 763 745 825 sarius,
787 775 907 815 cum
956 759 1068 813 haec
1102 755 1180 809 sic
1225 752 1434 813 ﬁerent,
1475 748 1711 818 quietem
1748 756 1949 818 ageret.
2002 746 2118 802 Non

548 851 753 922 quievit
778 850 983 917 itaque,
1021 846 1114 900 sed
1142 858 1261 898 cum
1293 840 1591 895 invenisset
1624 840 1868 909 egregios
1893 838 2121 893 admini-

543 956 692 998 stros
724 956 835 995 sum
864 939 1100 1000 malitiae,
1123 936 1200 989 eis
1225 932 1512 1003 persuadet
1531 943 1588 985 ut
1618 941 1837 986 sanctos
1864 938 2121 985 accusent

546 1036 688 1105 apud
748 1032 989 1093 Decium,
1022 1028 1164 1098 quod
1196 1028 1305 1081 sint
1331 1038 1385 1080 et
1418 1026 1472 1079 in
1530 1025 1659 1078 deos
1684 1023 1831 1090 impii
1864 1038 1959 1077 eos
1992 1024 2123 1077 abo-

552 1127 839 1187 minantes,
871 1132 925 1175 et
962 1127 1261 1188 sequantur
1310 1130 1502 1169 vanam
1543 1113 1971 1169 Christianorum
2001 1114 2120 1183 opi-

548 1216 787 1269 nionem.
819 1212 907 1266 ille
932 1221 1109 1263 autem
1139 1206 1318 1260 hac're
1341 1204 1659 1275 gravissime
1685 1203 1931 1270 affectus,
1960 1201 2122 1259 Vale-

547 1306 689 1359 rium
739 1302 1025 1373 quemdam
1078 1312 1431 1361 assessorem,
1487 1310 1607 1350 cum
1649 1310 1757 1364 quo
1813 1310 1899 1348 res
1933 1309 2121 1349 omnes

548 1411 677 1451 suas
698 1391 1132 1449 communicabat
1161 1389 1301 1458 (erat
1324 1398 1503 1441 autem
1548 1401 1737 1439 amans
1791 1386 2117 1448 tlmtuonum,

548 1494 598 1538 et
619 1484 698 1535 vir
729 1481 976 1551 agrestis)
1004 1478 1200 1531 emittit
1230 1479 1280 1529 in
1306 1478 1512 1539 Asiam,
1540 1491 1659 1543 qua:
1696 1474 1797 1530 sibi
1824 1476 1890 1529 de
1915 1474 2122 1532 sanctis

552 1574 799 1629 nuntiata
854 1572 1093 1633 fuerant,
1120 1569 1167 1623 ei
1196 1568 1527 1637 signiﬁcans,
1564 1576 1619 1621 et
1655 1569 1701 1621 ei
1736 1568 1788 1621 in
1817 1568 1937 1621 illos
1966 1576 2119 1637 pote-

548 1676 741 1719 statem
793 1662 1131 1732 permittens.
1167 1658 1359 1715 Statim
1383 1673 1510 1727 ergo
1543 1658 1789 1713 Valerius
1816 1660 1956 1711 viam
1990 1673 2122 1712 eon-

550 1758 660 1813 ﬁeit
693 1772 853 1828 quam
888 1754 1174 1809 celerrime
1204 1772 1217 1807 :
1243 1763 1296 1806 et
1322 1760 1609 1821 postquam
1641 1751 1740 1802 fuit
1764 1751 1817 1803 in
1848 1750 1986 1813 loco,
2024 1750 2120 1803 ubi

554 1850 587 1903 ii
636 1848 923 1917 degebant,
986 1845 1071 1898 ille
1110 1845 1329 1913 quidem
1409 1843 1590 1896 statim
1648 1842 1764 1895 dels
1796 1842 1950 1895 vanis
1990 1858 2122 1896 con-

548 1947 701 1993 sueta
752 1938 919 1991 voluit
960 1934 1159 1989 oﬂ‘erre
1202 1933 1497 1995 sacriﬁcia,
1529 1934 1755 2001 ejusque
1783 1932 1968 2000 jussus
2000 1948 2124 1987 mox

548 2029 789 2102 pervasit
834 2044 1021 2082 omnes
1060 2028 1318 2080 terminos
1350 2025 1589 2095 regionis
1631 2024 2036 2093 Thyatirorutn,
2070 2034 2127 2079 ut

548 2121 860 2190 quicunque
896 2119 947 2170 in
975 2133 1036 2171 ea
1072 2126 1247 2181 erant,
1278 2116 1412 2169 nihil
1439 2116 1759 2171 cunctantes
1792 2118 2041 2170 venirent
2072 2116 2124 2169 itt

547 2226 673 2266 eum
724 2211 901 2265 locum
955 2209 1046 2263 ubi
1077 2209 1224 2263 ﬁeret
1250 2207 1598 2270 sacriﬁcium,
1634 2208 1927 2274 gratiarum
1954 2207 2125 2259 aetio-

549 2317 646 2356 nes
668 2300 771 2370 ipsi
810 2312 1024 2369 quoque
1060 2297 1161 2349 diis
1187 2296 1327 2348 illius
1349 2294 1630 2357 reddituri,
1656 2303 1705 2347 ut
1735 2293 1824 2362 qui
1855 2292 2127 2347 nolletso-

549 2394 657 2445 lum
697 2400 984 2461 aegrotare,
1020 2388 1113 2442 scd
1174 2386 1309 2441 alios
1363 2399 1577 2458 quoque
1611 2386 1772 2439 vellet
1803 2385 1907 2439 frui
1937 2386 2124 2439 eodem

552 2482 757 2537 morbo.
794 2480 905 2533 Hoc
946 2490 1123 2532 autem
1154 2477 1385 2530 ducebat
1408 2475 1815 2529 essesuﬁiciens
1836 2490 2126 2544 argumen-

477 2632 481 2636 ,
550 2584 666 2626 tum
698 2570 981 2627 sententia:
1028 2577 1345 2637 martyrum.
1387 2565 1606 2620 Dicebat
1660 2567 1803 2621 enim
1865 2569 2002 2621 intra
2045 2582 2124 2631 se,

548 2663 692 2732 quod
722 2662 763 2714 si
795 2662 938 2730 ipsos
964 2658 1179 2727 quidem
1200 2656 1394 2712 viderit
1418 2657 1782 2713 communiter
1804 2659 2128 2714 convenien-

550 2767 630 2808 tes
662 2768 781 2807 cum
824 2752 1163 2805 multitudine
1191 2750 1257 2804 ad
1291 2750 1727 2813 sacriﬁcandum,
1778 2750 1912 2805 falsa
1964 2766 2130 2821 appa-

552 2845 748 2899 rebunt
778 2842 1018 2904 omnino,
1048 2855 1169 2909 quae
1189 2840 1441 2893 dixerunt
1467 2840 1643 2894 Decio.
1669 2841 1764 2895 Sin
1797 2844 1994 2908 minus,
2022 2857 2127 2896 non

550 2945 631 2990 est
654 2935 756 2989 alia
786 2934 959 3006 major
998 2933 1359 3002 exspectanda
1402 2932 1666 3001 probatio.

2224 568 2593 631 ἀπολαύοντες
2628 566 3005 629 διδασκαλίας,
3033 565 3260 636 ἄσμενοι
3315 564 3710 634 προσεχώρουν
3744 562 3810 631 τῇ

2224 656 2498 729 εὖσεὸείᾳ.
2559 657 2700 710 Ἀλλ’
2731 658 2833 710 οὐκ
2884 652 2953 727 ἦν
2984 656 3203 717 πάντως
3238 655 3331 707 τὸν
3362 654 3422 718 ἐξ
3454 654 3631 723 ἀρχῆς
3658 654 3813 707 ἀντι·

2224 750 2477 821 κείμενον
2507 750 2618 813 τοῖς
2642 749 2867 818 ἀγαθοῖς
2900 750 3106 801 τούτων
3153 746 3297 800 οὕτω
3340 745 3647 815 γινομένων
3677 745 3813 813 ἠσυ-

2224 844 2347 913 χίαν
2376 844 2531 913 ἄγειν
2562 857 2578 873 ⁸
2604 842 2802 895 οὐκοῦν
2832 841 2954 894 οὑδέ
2984 840 3252 910 ἡσύχαζεν
3279 878 3295 903 ,
3338 837 3476 891 ἀλλά
3507 837 3608 904 τῆς
3643 833 3814 889 αὑτοῦ

2225 934 2422 997 κακίας
2455 935 2765 1004 ὑπουργοὺς
2797 934 2897 986 οὐκ
2932 934 3175 1001 ἀγεννεῖς
3216 928 3489 1003 εὑρηκὼς,
3520 927 3817 981 ἐνδιαδάλο

2224 1027 2336 1079 λειν
2362 1026 2645 1079 ἀναπείθει
2669 1026 2845 1095 Δεκίῳ
2870 1026 2998 1087 τοὺς
3030 1025 3343 1094 μάρτυρας,
3374 1024 3457 1076 ὅτι
3489 1038 3549 1074 τε
3589 1020 3817 1081 ἀσεϐεῖς

2224 1118 2294 1170 τά
2314 1117 2446 1185 πρὸς
2476 1116 2630 1179 θεούς
2666 1118 2797 1177 είσι,
2818 1117 2912 1168 καὶ
2938 1117 3020 1168 ὅτι
3052 1115 3151 1183 τὴν
3181 1116 3376 1181 καινὴν
3406 1113 3514 1165 τῶν
3542 1114 3815 1182 Χριστια-

2225 1210 2330 1261 νῶν
2372 1208 2737 1277 πρεσϐεύουσι
2769 1208 2950 1273 δόξαν.
3023 1207 3081 1259 ⁸0
3133 1207 3190 1259 δέ
3245 1205 3618 1275 χαλεπώτατα
3674 1205 3820 1274 πρὸς

2225 1299 2383 1353 τοῦτο
2412 1299 2702 1362 διατεθεὶς,
2738 1298 3035 1367 Οὐαλέριόν
3065 1315 3187 1351 τινα
3219 1297 3609 1366 συγκάθεδρον,
3634 1294 3692 1358 δς
3721 1294 3819 1347 καὶ

2226 1392 2333 1444 τῶν
2365 1392 2501 1446 ὅλων
2540 1393 2690 1461 αὐτῷ
2718 1390 3018 1454 ἐκοινώνει,
3052 1390 3419 1459 φιλοδαίμονα
3476 1390 3572 1443 καὶ
3614 1389 3817 1459 ἄγριον

2225 1483 2413 1554 ἀνδρα,
2457 1484 2590 1554 πρὸς
2639 1484 2740 1553 τὴν
2806 1484 2993 1536 Ἀσίαν
3054 1485 3359 1550 ἐκπέμπει,
3415 1483 3512 1534 an
3543 1481 3819 1550 περὶτῶν

2224 1576 2397 1644 ἁγίων
2429 1575 2578 1645 αὐτῷ
2601 1575 2887 1645 ἀνηγγέλη
2920 1573 3189 1643 γνωρίσας
3223 1575 3319 1626 καὶ
3361 1572 3459 1642 τὴν
3513 1571 3631 1624 κατ’
3664 1570 3821 1623 ἐκεί·

2225 1686 2331 1722 νων
2365 1668 2613 1731 ἐξουσίαν
2659 1668 2963 1737 ἐπιτρέψας
2998 1666 3171 1735 αὐτῷ.
3224 1663 3436 1717 Αὐτίκα
3471 1658 3565 1716 οὖν
3608 1660 3821 1713 Οὐαλέ-

2233 1778 2344 1831 ριος
2384 1766 2483 1829 την
2530 1760 2651 1813 όδὸν
2677 1761 2756 1823 είς
2785 1761 2921 1829 ταχῦ
2954 1759 3130 1816 ἀνύει,
3158 1756 3251 1808 καὶ
3280 1755 3472 1824 ἐπειδὴ
3495 1754 3553 1807 ἐν
3578 1745 3625 1821 ᾧ
3660 1747 3817 1807 οὗτοι

2229 1853 2414 1921 διῆγον
2449 1835 2640 1918 γέγονε
2688 1852 2862 1919 τόπῳ,
2899 1852 2927 1901 ό
2961 1849 3059 1917 μὲν
3086 1846 3245 1907 εὐθὺς
3280 1848 3392 1907 τοῖς
3434 1842 3687 1913 ματαίοις
3719 1841 3824 1904 τὰς

2231 1944 2485 2014 συνήθεις
2518 1942 2766 2012 προσῆγε
2798 1941 3021 2003 θυσίας·
3077 1939 3487 2009 προστάγματα
3543 1937 3601 1991 δέ
3638 1934 3821 1990 αὐτοῦ

2229 2038 2410 2089 πᾶσαν
2433 2036 2566 2104 ὅσην
2586 2037 2632 2087 οί
2657 2034 2972 2101 Θυατείρων
3002 2033 3222 2101 ἐπεῖχον
3245 2032 3383 2100 ὅροι,
3415 2028 3556 2083 κατά
3575 2026 3824 2099 σπουδὴν

2227 2126 2609 2195 διελάμδανεν,
2642 2126 2783 2179 ὥστε
2809 2125 2935 2185 τοὺς
2965 2123 3103 2191 αὐτῇ
3146 2123 3378 2186 πάντας,
3420 2119 3549 2173 ἔνθα
3582 2120 3617 2189 η
3652 2118 3825 2173 θυσία

2228 2219 2448 2286 γίνοιτο,
2478 2217 2644 2286 μηδὲν
2672 2214 2970 2284 μέλλοντας
2996 2212 3243 2280 ἀπαντᾷν
3276 2212 3373 2271 τάς
3419 2209 3825 2279 χαριστηρίους

2228 2308 2392 2376 εὑχάς
2425 2306 2523 2359 καὶ
2568 2304 2768 2365 αὐτοὺς
2821 2304 2934 2365 τοῖς
2970 2301 3183 2354 ἐκείνου
3234 2299 3380 2362 θεοῖς
3442 2299 3822 2361 συνοίσοντας,

2228 2397 2417 2465 ὥσπερ
2472 2395 2574 2448 οὐκ
2612 2395 2889 2457 ἐθέλοντος
2932 2394 3094 2461 μόνον
3138 2393 3338 2455 νοσεῖν,
3388 2390 3526 2443 ἀλλά
3559 2389 3827 2455 καὶτοὺς

2228 2488 2421 2551 ἀλλους
2445 2485 2858 2556 παραπολαὺειν
2884 2483 3036 2555 αὐτῷ
3058 2482 3154 2537 τοῦ
3191 2483 3518 2551 νοσήματος.
3552 2480 3731 2533 Τοῦτο
3764 2480 3826 2535 δέ

2230 2579 2338 2651 ἀρα
2374 2578 2673 2648 τεκμήριον
2700 2577 2886 2629 ίκανὺν
2919 2576 3020 2644 τῆς
3061 2575 3173 2627 τῶν
3210 2572 3511 2644 μαρτύρων
3577 2573 3829 2625 ἐποιεῖτο

2231 2670 2483 2738 γνώμης·
2524 2669 2678 2736 ἔλεγε
2714 2670 2823 2738 γὰρ
2856 2668 2951 2731 ὼς,
2981 2670 3029 2720 εί
3064 2667 3163 2736 μὲν
3197 2667 3292 2720 καὶ
3319 2666 3518 2727 αὐτοὺς
3555 2666 3828 2735 συνερχο-

2233 2759 2425 2827 μένους
2463 2758 2540 2827 τῷ
2576 2758 2771 2827 πλήθει
2804 2758 3079 2825 καὶκοινῇ
3111 2758 3208 2818 τάς
3241 2755 3434 2817 θυσίας
3472 2755 3827 2824 προσφέρονο

2231 2867 2325 2912 τας
2357 2850 2479 2913 ίδοι,
2509 2848 2679 2919 ψευδῆ
2713 2847 2932 2910 πάντως
2969 2847 3004 2900 ἀ
3036 2845 3172 2915 πρὸς
3204 2846 3296 2899 τον
3329 2845 3521 2897 Δέκιον
3552 2847 3828 2899 κατεῖπον

2230 2943 2410 2997 αὐτῶν
2442 2936 2611 2995 εἶναι’
2641 2943 2690 2994 εί
2718 2941 2774 2994 δὲ
2810 2941 2909 3011 μὴ,
2950 2939 3025 3009 μὴ
3061 2938 3245 2990 πίστιν
3296 2938 3491 3007 ἑτέραν
3522 2937 3828 3007 ἀναμένειν

2232 3034 2479 3105 μείζονα.

574 3102 582 3109 ’
626 3112 713 3166 lll.
746 3110 881 3166 Cum
927 3123 1056 3180 ergo
1086 3124 1276 3165 omnes
1310 3110 1527 3179 quidem
1556 3111 1611 3165 in
1634 3112 1811 3166 locum
1840 3113 2124 3167 convenis-

2236 3102 2247 3105 ν
2305 3125 2377 3181 F'.
2429 3125 2580 3178 Ἐπεὶ
2639 3119 2735 3178 οὖν
2785 3124 2987 3187 πάντες
3035 3124 3135 3192 μέν
3186 3121 3589 3192 συνδραμόντες
3645 3113 3824 3190 ἦσαν,

549 3210 691 3267 sent,
724 3210 783 3257 ut
841 3210 1172 3272 peragerent
1202 3200 1493 3266 sacriﬁcia,
1526 3201 1623 3257 soli
1658 3212 1837 3257 autem
1873 3202 2127 3258 abessent

553 3293 903 3348 admirabiles
951 3293 1057 3348 duo
1085 3301 1352 3363 martyres
1394 3292 1547 3361 (alibi
1578 3292 1724 3349 enim
1753 3294 1990 3359 stabant,
2017 3295 2128 3348 Deo

553 3396 765 3453 preces,
820 3396 1010 3451 nempe
1073 3396 1260 3436 verum
1326 3384 1615 3437 reddentes
1643 3383 2023 3452 sacriﬁcium),
2063 3383 2128 3437 iis

557 3474 677 3530 sisti
712 3473 905 3543 jussis,
934 3474 1021 3527 ille
1073 3472 1366 3541 superbius
1430 3486 1495 3526 ac
1552 3472 1745 3527 elatius
1780 3488 1872 3529 eos
1924 3474 2132 3543 rogat-it

554 3580 796 3627 causam,
830 3578 925 3617 cur
954 3564 1054 3630 ipsi
1098 3564 1401 3617 abl‘uissent
1436 3580 1449 3617 :
1482 3562 1677 3619 deinde
1702 3564 1864 3619 etiam
1890 3566 2125 3635 adjecit:

553 3659 620 3709 At
658 3654 848 3708 saltem
874 3663 1000 3707 ante
1036 3666 1185 3707 meos
1222 3654 1413 3709 oculos
1449 3654 1673 3721 pulchre
1702 3656 2009 3725 corrigatur
2038 3657 2131 3710 de-

559 3745 746 3799 lictum
812 3753 870 3799 ut
925 3743 1337 3797 accusatoribus
1391 3742 1591 3796 invidia
1651 3740 1705 3795 in
1746 3752 1908 3812 caput
1941 3757 2127 3796 eorum

554 3843 926 3897 convertatur,
973 3841 1027 3886 et
1078 3831 1232 3886 vobis
1286 3831 1505 3895 clarior,
1554 3846 1715 3901 quam
1751 3834 1922 3902 prius,
1960 3834 2127 3901 gloria

552 3926 780 3981 oriatur.
816 3925 897 3979 Ad
948 3924 1061 3978 hac
1090 3922 1285 3989 sancti,
1315 3922 1407 3993 qui
1438 3932 1493 3977 et
1521 3934 1668 3979 metu
1705 3934 1758 3977 et
1788 3924 1935 3977 omni
1969 3924 2131 3979 clari-

553 4022 663 4067 tate
726 4013 959 4065 humaoa
1018 4020 1177 4065 erant
1240 4010 2131 4079 superiores:Essetdedecus,o

551 4101 739 4169 jttdes,
794 4101 1047 4153 dixerunt
1121 4107 1387 4167 apertum,
1448 4100 1689 4167 inquam,
1734 4100 1997 4166 dedecus,
2038 4104 2132 4155 ha-

557 4195 685 4247 bere
714 4192 903 4245 bovem
936 4200 992 4244 et
1022 4189 1238 4244 asinum
1270 4189 1352 4261 (ut
1388 4203 1509 4244 cum
1542 4206 1734 4261 magno
1758 4193 1936 4248 dicam
1970 4192 2129 4265 lsaia)

556 4281 646 4347 qui
694 4294 793 4335 nos
856 4287 1149 4347 arguerent
1208 4280 1390 4348 magni
1429 4280 1677 4335 criminis
1720 4282 1913 4350 ingrati
1941 4284 2129 4351 animi,

556 4370 822 4437 siquidem
868 4367 941 4422 illi
1000 4367 1219 4437 quidem
1287 4378 1657 4437 cognoverunt
1688 4384 2061 4441 possessorem
2088 4376 2129 4443 ‘,

2229 3219 2371 3272 ὥστε
2422 3218 2521 3282 τάς
2560 3217 2753 3278 θυσίας
2787 3214 3124 3276 ἐπιτελέσαι,
3190 3215 3325 3283 μόνη
3358 3214 3414 3265 δέ
3461 3214 3494 3281 ἡ
3522 3210 3829 3280 θαυμαστὴ

2229 3310 2337 3362 τῶν
2366 3307 2661 3377 μαρτύρων
2694 3304 3004 3372 ἀπελείφθη
3052 3303 3185 3365 δυὰς
3219 3303 3481 3370 (ἵσταντο
3532 3300 3642 3370 γὰρ
3682 3298 3822 3365 ἔξω,

2230 3396 2305 3467 τῷ
2334 3394 2453 3466 θεῷ
2485 3394 2585 3457 τὰς
2610 3392 2801 3463 εὑχάς,
2827 3392 2926 3463 τὴν
2958 3392 3137 3461 ἀληθῆ
3182 3389 3373 3444 θυσίαν
3423 3387 3829 3461 ἀποδιδόντες),

2232 3487 2729 3558 παραστησάμενος
2762 3484 2961 3548 αὐτοὺς
2995 3487 3241 3555 σχήματι
3308 3480 3677 3554 σοδαρωτέρῳ
3715 3482 3827 3553 τὴν

2230 3586 2408 3638 αἰτίαν
2438 3583 2627 3655 ἠρώτα
2649 3584 2749 3651 τῆς
2778 3580 3011 3649 ἀπολείψ
3048 3598 3119 3643 ως
3140 3598 3153 3611 ·
3186 3575 3307 3632 είτα
3336 3580 3430 3631 καὶ
3462 3576 3784 3649 προσετίθει
3806 3593 3823 3609 '

2232 3679 2359 3729 Ὀτι
2407 3679 2512 3731 κᾶν
2570 3674 2701 3744 γοῦν
2751 3672 2839 3727 ἐπ’
2870 3672 3031 3742 ὄψεσι
3062 3674 3184 3736 ταῖς
3216 3673 3379 3743 ἐμαῖς
3431 3671 3492 3725 τὸ
3529 3671 3829 3741 ὑστέρημα

2232 3767 2411 3831 καλῶς
2440 3766 2913 3837 ἀναπληρωθήτω,
2969 3764 3058 3817 ίνα
3106 3766 3199 3817 καὶ
3229 3766 3342 3825 τοῖς
3377 3762 3714 3830 κατηγόροις
3743 3762 3829 3825 είς

2232 3859 2475 3925 κεφαλὰς
2492 3860 2519 3908 ό
2540 3858 2730 3924 φθόνος
2756 3855 3149 3925 μεταχωρήσῃ,
3174 3854 3269 3905 καὶ
3288 3854 3415 3923 ὑμῖν
3435 3851 3830 3923 λαμπρότερον

2232 3947 2359 4018 ῆτδ
2390 3946 2627 4018 πρόσθεν
2687 3946 2748 3999 τὸ
2802 3946 2961 4009 κλέος
3019 3946 3297 4015 ἀναφανῇ.
3360 3942 3505 4013 Πρὸς
3552 3941 3731 3996 ταῦτα
3774 3943 3829 3996 ol

2232 4040 2375 4107 ἅγιοι
2397 4040 2492 4093 καὶ
2528 4040 2697 4107 φόϐου
2726 4041 2819 4091 καὶ
2852 4039 3216 4109 περιφανείας
3253 4038 3433 4106 πάσης
3462 4036 3829 4106 ἀνθρωπίνης

2232 4127 2494 4197 ἀνώτεροι
2525 4129 2810 4195 γεγονότες
2832 4144 2847 4159 ⁸
2895 4128 3039 4181 Ἀλλ’
3067 4127 3323 4197 αίσχύνη,
3358 4125 3604 4196 βασιλεῦ,
3640 4122 3828 4190 εἷπον,

2233 4217 2463 4291 αίσχύνη
2498 4222 2695 4290 σαφὴς,
2727 4218 2853 4289 βοῦν
2882 4219 3028 4289 ἔχειν
3061 4219 3156 4273 καὶ
3185 4218 3328 4283 δνον,
3352 4217 3493 4271 κατά
3519 4215 3614 4270 τὸν
3643 4216 3833 4286 μέγαν

2243 4310 2476 4364 Ἠσαίαν
2526 4312 2725 4375 είπεῖν,
2792 4310 3039 4380 μεγάλης
3118 4308 3518 4377 ἀγνωμοσύνης
3572 4305 3831 4375 ἔλεγχον,

2234 4399 2392 4468 εῐπερ
2411 4400 2595 4450 ἐκεῖνα
2622 4398 2722 4465 μὶν
2744 4397 2886 4465 ἔγνω
2908 4398 2998 4451 τὸν
3027 4397 3369 4469 κεκτημένον
3401 4398 3496 4449 καί
3517 4396 3831 4465 τρέφοντα,

556 4468 611 4513 et
648 4472 790 4525 eum,
822 4457 915 4530 qui
960 4460 1103 4529 ipsos
1131 4458 1308 4513 alebat
1340 4476 1355 4513 :
1387 4474 1485 4516 nos
1518 4472 1720 4529 autem,
1755 4466 1897 4533 quod
1921 4465 2127 4521 alantur

2236 4457 2380 4557 ἡμᾶς
2418 4486 2475 4541 δέ
2509 4457 2799 4557 φαίνεσθαί
2831 4457 3331 4557 ἀγνοοῦντας,ἐίγε
3364 4487 3457 4540 τδν
3492 4457 3670 4557 ἀληθῆ
3726 4457 3834 4541 Δελ

561 4551 631 4602 ab
652 4549 792 4617 ipso,
819 4548 1073 4617 ignorare
1097 4548 1426 4613 videremur,
1456 4548 1501 4602 si
1519 4562 1648 4604 vero
1672 4551 1860 4607 relicto
1883 4551 2133 4621 Domino,

558 4641 648 4710 qui
676 4640 813 4693 falso
845 4646 1130 4703 vocantur,
1164 4638 1293 4693 deos
1330 4639 1658 4696 coleremus.
1689 4639 1815 4698 [laxe
1836 4642 2129 4700 dixerunt:
2171 4662 2191 4686 ι

557 4740 606 4785 et
662 4730 803 4786 Deus
836 4731 998 4785 simul
1052 4730 1143 4794 iis,
1203 4744 1330 4799 qua
1384 4731 1525 4785 dicta
1573 4742 1719 4804 sunt,
1744 4745 1825 4790 est
1854 4751 2132 4795 assensus.

558 4825 690 4879 Nam
726 4838 957 4897 magnus
992 4823 1207 4881 irruens
1237 4832 1397 4881 terra:
1422 4834 1620 4890 motus,
1646 4829 1916 4883 convertit
1938 4828 1991 4882 in
2016 4828 2135 4897 pul-

557 4932 738 4972 verem
768 4932 855 4984 ea,
878 4933 997 4987 quas
1020 4918 1090 4972 ab
1128 4916 1509 4986 insipientibus
1541 4918 1879 4983 colebantur,
1911 4919 2134 4974 simula—

555 5024 670 5064 era.
711 5009 774 5062 Et
797 5009 1033 5061 inanima
1065 5009 1281 5075 quidem
1311 5008 1390 5062 sic
1416 5024 1473 5063 se
1506 5008 1798 5077 habebant,
1825 5021 1878 5067 et
1908 5012 1979 5064 ita
2015 5010 2128 5067 ﬁte—

559 5118 615 5155 re
646 5099 930 5154 dissoluta.

626 5188 717 5243 ιιι.
761 5186 975 5242 Valerio
1030 5198 1211 5243 autem
1244 5188 1397 5242 ﬁrma
1420 5198 1536 5244 erat
1561 5205 1625 5245 ac
1651 5190 1861 5246 stabilis
1899 5193 2127 5260 malitia,

556 5286 611 5328 et
651 5292 770 5344 qttse
807 5290 911 5329 non
947 5286 1159 5346 poterat
1185 5280 1451 5332 amoveri.
1512 5279 1648 5333 Nam
1689 5296 1810 5333 cum
1873 5282 2129 5339 admirari

552 5374 829 5430 oporteret
861 5366 1154 5431 potentiam
1180 5364 1270 5420 Dei
1294 5366 1643 5435 ineffabilem,
1671 5379 1724 5423 et
1750 5370 1973 5425 deorum
2004 5386 2125 5427 suo-

558 5468 677 5511 rum
712 5471 961 5525 magnam
996 5459 1222 5513 irridere
1254 5460 1684 5515 imbecillitatem
1717 5463 1880 5531 (quod
1913 5464 2129 5531 quidem

559 5546 777 5600 fecisset
799 5548 879 5600 vir
914 5547 1150 5616 prudens
1178 5558 1233 5603 et
1280 5549 1628 5620 intelligens),
1680 5552 1769 5607 ille
1805 5556 1975 5610 evasit
2017 5573 2129 5611 ma-

632 5734 647 5764 ⁸
679 5733 839 5795 163.1,
866 5733 918 5787 τι.

2235 4577 2443 4647 σπότην
2498 4579 2917 4644 καταλιπόντες,
2972 4578 3352 4649 ψευδωνύμως
3421 4578 3833 4649 προστιθῶμεν

2232 4668 2398 4732 θεοῖς.
2449 4668 2638 4723 Ταῦτα
2676 4664 2833 4723 εῐπον
2878 4670 2973 4723 καὶ
3009 4670 3127 4738 ἀμα
3163 4669 3299 4732 Θεὸς
3328 4670 3442 4733 τοῖς
3499 4671 3835 4741 είρημένοις

2233 4758 2632 4830 ἐπεψηφίζετο.
2666 4759 2762 4813 καὶ
2790 4758 3018 4830 σεισμοῦ
3049 4776 3102 4813 τι
3130 4759 3274 4829 μέγα
3303 4760 3493 4830 χρῆμα
3524 4759 3835 4829 ἐπενεχθέν

2230 4850 2311 4913 είς
2337 4851 2485 4903 κόνιν
2514 4848 2779 4905 ἐλέπτυνε
2808 4853 2876 4905 τὰ
2902 4852 3011 4905 τών
3058 4852 3315 4922 ἀφρόνων
3341 4850 3692 4919 σεϐάσματα,
3731 4854 3835 4903 καὶ

2233 4942 2301 4995 τά
2336 4942 2433 5011 μέν
2459 4941 2641 5014 ἀψυχα
2656 4943 2832 5007 οὕτως
2861 4938 2973 5012 εἶχε
3011 4944 3107 4995 καὶ
3138 4940 3435 4995 διελέλυτο.

2291 5201 2362 5255 Δ’.
2382 5198 2664 5274 Οὐαλερίῳ
2679 5202 2735 5258 δέ
2749 5208 2944 5273 πάγιος
2963 5207 2996 5275 η
3009 5206 3179 5259 κακία
3196 5205 3293 5258 καὶ
3311 5202 3647 5273 ἀμετάθετος
3666 5218 3680 5231 ·
3700 5204 3835 5260 δέον

2234 5290 2345 5359 γάρ
2377 5291 2658 5360 θαυμάσαι
2685 5295 2785 5366 τὴν
2811 5296 3017 5363 ἄφατον
3049 5296 3140 5348 τοῦ
3172 5296 3309 5349 Θεοῦ
3340 5295 3573 5365 δύναμιν
3600 5296 3694 5345 καὶ
3722 5296 3835 5364 τῆς

2236 5382 2436 5449 πολλῆς
2455 5382 2565 5435 τῶν
2583 5386 2749 5437 αὐτοῦ
2769 5386 2908 5439 θεῶν
2935 5388 3221 5449 ἀσθενείας
3254 5386 3628 5453 καταγελάσαι
3660 5384 3835 5457 (ὅπερ

2238 5473 2304 5525 ἂν
2339 5474 2564 5544 ἐποίησε
2596 5478 2721 5529 νοῦν
2774 5478 2913 5548 ἔχων
2945 5481 3041 5532 καὶ
3076 5480 3273 5532 συνιὼν
3303 5480 3656 5550 ἀνθρωποςΓ
3699 5480 3732 5531 δ
3771 5479 3833 5530 δέ

2240 5562 2572 5637 θρασύτερος
2594 5567 2866 5622 ἐδείκνυτο
2892 5569 3095 5638 μᾶλλον
3118 5572 3208 5623 καὶ
3237 5570 3427 5639 αὐτὴν,
3454 5568 3529 5633 ὡς
3562 5564 3699 5640 εἶχε,
3725 5569 3833 5638 τὴν
