3972 6438
186 370 274 434 109
1206 362 1387 424 VITA
1428 362 1490 420 S.
1534 360 1730 419 CAR?

1842 361 1899 419 ΞΤ
1937 359 2349 424 SOCIORUM.

3297 362 3399 426 llo

184 479 361 552 μανίαν
402 476 666 546 ὶγὺμνου.
712 473 854 529 Ἀλλ’
877 475 999 527 ἐπεὶ
1037 473 1101 527 τὸ
1141 472 1361 541 εὐγενὲς
1389 472 1485 523 καὶ
1508 472 1733 541 κόσμιον

1842 473 1919 540 gis
1958 473 2299 536 temerarius,
2325 482 2379 525 et
2435 487 2586 525 suam
2626 472 2780 538 plane
2836 471 3072 525 ostendit
3112 472 3399 529 insaniam.

178 570 273 624 τῶν
299 568 509 636 ἀνδρῶν
563 566 904 637 αἰδούμενος,
963 564 1269 635 βαρυτέρας
1306 566 1445 627 τέως
1474 563 1735 632 ἀπείχετο

179 660 461 730 τιμωρίας·
496 660 713 712 κελεύει
745 658 944 719 κλοιοῖς
985 656 1223 725 σιδηροῖς
1251 656 1734 726 περιαυχενισθέν-

179 768 264 814 τις
311 753 554 821 γυμνοὺς
602 752 706 805 ἀνά
764 751 938 820 μέσην
972 749 1069 821 τὴν
1092 749 1299 818 ἀγοράν
1341 748 1731 819 περιάγεσθαι·

178 844 354 913 ἧγοντο
370 844 553 895 τοίνυν
591 846 639 895 οί
680 842 909 910 ἀθληταὶ
931 840 1131 909 γυμνοὶ
1161 840 1528 911 περιαυχενίῳ
1552 839 1735 907 δεσμῷ

180 934 545 1003 βαρυνόμενοι,
596 935 692 987 καὶ
742 934 1043 1004 περιῄεσαν
1085 933 1297 1003 ἀτίμως
1324 934 1423 1003 τὴν
1455 934 1662 1003 ἀγορὰν
1685 938 1732 987 οι

177 1023 376 1092 ἀληθῶς
428 1024 626 1093 τίμιοι.
686 1024 1068 1093 μυκτηρισμδς
1119 1030 1212 1076 καὶ
1245 1024 1417 1091 γέλως
1444 1025 1493 1077 οί
1528 1026 1735 1097 μυρίων

176 1113 313 1175 δντες
335 1115 577 1167 ἐπαίνων
599 1114 764 1180 ἄξιοι.
794 1116 852 1169 Ὀ
874 1116 1134 1184 δικαστὴς
1156 1114 1248 1170 οὖν
1287 1116 1387 1184 τὴν
1414 1117 1608 1186 ἄτιμον
1637 1134 1735 1170 me

178 1206 439 1276 ριαγωγὴν
462 1207 671 1279 ταύτην
700 1210 967 1280 αἰσχύνην
989 1212 1275 1264 ὑπολαϐὼν
1298 1214 1597 1283 ἐμποιῆσαι
1621 1218 1737 1278 τοῖς

176 1297 335 1364 ἀγίοις
350 1302 446 1351 καὶ
468 1298 615 1353 οὕτω
638 1302 1061 1372 μαλακωτέρους
1094 1304 1290 1367 αὐτοὺς
1316 1305 1736 1374 παρασκευάσαι

176 1389 289 1458 περὶ
306 1388 404 1457 τὴν
429 1390 707 1457 ἔνστασιν,
726 1393 1098 1464 ἀπαλωτέροις
1120 1395 1304 1466 ἔκρινε
1330 1396 1510 1463 λόγοις
1542 1397 1739 1461 αὐτοὺς

176 1477 412 1532 ὑπελθεῖν
447 1481 740 1554 καὶταύτῃ
768 1483 963 1553 κλέψαι
992 1486 1089 1554 τῆς
1142 1487 1517 1557 προαιρέσεως
1556 1488 1739 1540 αὐτῶν

174 1570 260 1639 τὴν
283 1571 592 1638 εὐγένειαν,
626 1576 757 1628 καί·
793 1578 855 1630 El
888 1576 988 1646 μὲν
1020 1578 1207 1646 ἑώρων
1239 1578 1407 1647 ὑμᾶς,
1461 1578 1618 1648 φησὶ,
1664 1579 1740 1649 μὴ

172 1664 511 1733 φρονήματος
564 1667 757 1733 ὑγιοῦς
812 1671 955 1737 σαφῆ
1032 1669 1393 1737 γνωρίσματα
1454 1671 1737 1738 φέροντας,

1839 563 1945 615 Sed
1977 578 2096 615 cum
2120 562 2358 616 virorum
2409 562 2737 616 nobilitatem
2772 572 2826 615 et
2849 564 3167 617 modestiam
3202 568 3407 620 reveri-

1839 663 1945 718 tus,
2000 665 2127 706 tunc
2169 667 2197 705 a
2240 652 2485 719 graviore
2540 652 2782 705 cruciatu
2845 654 3213 718 absnnuisset,
3254 658 3405 723 jubet

1833 757 1950 804 cos,
2021 742 2214 797 ferreis
2257 742 2543 797 collaribus
2583 743 2738 797 collis
2768 759 2953 797 eorum
2988 745 3274 811 impositis,
3309 763 3406 815 per

1839 834 2074 888 medium
2113 833 2289 888 forum
2344 834 2516 888 nudos
2566 836 2884 904 circumagi.
2921 834 3057 890 Nudi
3091 837 3272 904 itaque
3305 842 3404 893 du-

1837 926 2100 978 cebantur
2146 923 2383 987 athletae,
2426 924 2546 979 colli
2596 925 2809 977 vinculo
2862 929 3067 995 gravati
3099 945 3113 981 :
3144 938 3198 982 ct
3228 927 3401 983 forum

1838 1018 2059 1071 obibant
2089 1032 2207 1069 cum
2238 1016 2481 1082 infamia,
2508 1018 2598 1085 qni
2627 1032 2752 1071 vere
2787 1029 2940 1070 erant
2967 1018 3175 1073 honesti
3208 1038 3221 1072 :
3263 1022 3405 1076 irrisi

1837 1120 1891 1162 et
1924 1108 2157 1162 ludibrio
2197 1107 2388 1169 habiti,
2420 1108 2510 1176 qni
2558 1108 3041 1162 innumerabilibus
3076 1110 3218 1178 digni
3247 1114 3410 1165 erant

1837 1197 2104 1253 laudibus.
2127 1197 2297 1252 Iudex
2325 1214 2475 1267 ergo,
2502 1198 2593 1266 qui
2652 1208 2862 1265 turpem
2897 1199 3034 1252 hanc
3064 1212 3118 1254 et
3149 1201 3403 1256 infamem

1839 1289 2235 1343 traductionem
2264 1290 2487 1357 putabat
2517 1298 2738 1343 sanctos
2770 1288 3087 1343 aﬂ'ectnram
3120 1292 3406 1356 dedecore,

1839 1390 1895 1436 et
1923 1381 2002 1437 sic
2033 1396 2219 1436 eorum
2252 1382 2613 1435 constantiam
2638 1396 2760 1436 esse
2806 1380 3187 1445 emollituram,
3224 1386 3412 1440 statuit

1843 1471 2097 1527 mollibus
2125 1486 2219 1526 eos
2245 1474 2422 1527 verbis
2445 1473 2682 1541 aggredi,
2709 1484 2763 1527 et
2793 1473 2875 1526 sic
2920 1474 3202 1531 cuniculos
3253 1493 3412 1547 agere

1843 1559 1896 1613 in
1932 1574 2251 1629 generosum
2296 1577 2482 1614 eorum
2540 1561 2896 1630 prepositum,
2949 1572 3005 1617 et
3035 1581 3049 1617 :
3080 1564 3135 1618 Si
3171 1579 3263 1618 vos
3292 1568 3413 1635 qui-

1840 1652 1983 1716 dem,
2023 1652 2218 1719 inquit,
2252 1652 2488 1705 viderem
2526 1668 2629 1705 non
2666 1650 2809 1706 ferre
2851 1662 3036 1723 aperta
3099 1654 3293 1709 indicia
3322 1672 3415 1725 ge-

171 1752 479 1822 ἀπεσχόμην
503 1755 570 1806 ἂν
595 1754 695 1823 τῆς
725 1757 861 1823 πρὸς
885 1757 1029 1823 ὑμᾶς
1048 1757 1359 1824 συμϐουλῆς
1378 1772 1392 1786 ⁸
1427 1759 1603 1822 ἔξεστι
1626 1758 1735 1829 γὰρ

1843 1742 2019 1797 nerosi
2049 1742 2294 1810 spiritus,
2323 1757 2661 1812 nequaquam
2697 1744 2847 1798 vobis
2888 1746 3071 1799 darem
3103 1747 3411 1803 consilium.

172 1844 252 1892 καὶ
287 1816 378 1895 διὰ*
398 1816 1015 1915 βασάνωννὴεάςὲλεῖν,
1048 1850 1096 1900 εί
1120 1816 1483 1919 ’θελήσαιμενξ
1518 1852 1611 1902 καὶ

1842 1830 1991 1887 Licet
2012 1833 2179 1896 enim,
2218 1832 2262 1886 si
2292 1832 2472 1897 velim,
2510 1848 2602 1889 vos
2646 1848 2741 1901 per
2786 1845 3051 1889 tormenta
3082 1850 3413 1905 expugnare,

171 1932 428 2005 ἡμετέραν
446 1935 710 2003 ἄκοντας,
752 1940 842 1991 καὶ
875 1940 949 2008 μὴ
999 1940 1355 2009 βουλομένους
1383 1942 1733 2010 μεταδιδάξαι

168 2024 454 2092 θρησκείαν
475 2044 489 2057 ·
524 2030 649 2078 ἐπεὶ
672 2029 729 2080 δὲ
761 2032 856 2081 καὶ
886 2030 1007 2097 δψις
1040 2032 1190 2099 καὶὴ
1238 2032 1348 2082 τῶν
1397 2030 1543 2100 ἠθῶν
1578 2034 1735 2085 εὐκο-

170 2117 289 2185 σμία
317 2118 415 2187 τὴν
442 2120 544 2186 τῆς
582 2120 811 2189 γνώμης
840 2121 1155 2191 ἐλευθερίαν
1183 2121 1423 2189 δηλοῦσι,
1476 2122 1737 2193 πείθομαι

169 2206 457 2277 σύμϐουλος
494 2210 701 2279 ἀγαθὸς
727 2213 859 2282 ὑμῖν
889 2212 1225 2283 καταστῆναι
1248 2231 1261 2244 ·
1291 2215 1412 2265 οὑδὶ
1448 2213 1556 2285 γὰρ
1582 2209 1737 2284 οἶμαι

164 2299 531 2355 διαλανθάνειν
567 2304 736 2373 ὑμᾶς,
784 2304 860 2367 ὡς
891 2306 953 2357 ὲκ
986 2304 1203 2375 μακροῦ
1259 2305 1353 2358 τοῦ
1382 2306 1575 2375 χρόνου
1602 2306 1737 2373 τάγε

166 2395 255 2464 τῆς
277 2399 406 2466 πρὸς
439 2399 573 2461 τοὺς
606 2398 914 2462 ἀθανάτους
967 2400 1127 2462 θεοὺς
1160 2398 1445 2469 ἀρξάμενα
1475 2400 1634 2468 δόξης
1677 2416 1737 2453 τε

170 2490 251 2540 καὶ
272 2490 436 2559 τιμῆς
456 2491 556 2543 καὶ
585 2492 667 2554 είς
698 2492 861 2562 δεῦρο
900 2494 993 2545 καὶ
1024 2491 1103 2544 ἔτι
1147 2492 1320 2560 μένει,
1353 2491 1414 2541 οὐ
1451 2490 1583 2561 παρ’
1609 2495 1740 2560 ἡμῖν

166 2596 221 2647 γε
255 2582 436 2647 μόνοις
468 2584 590 2645 τοῖς
632 2583 731 2651 τὴν
775 2581 1004 2635 Ἐλλάδα
1042 2580 1299 2648 γλῶσσαν
1347 2582 1567 2647 εἰδόσιν,
1603 2584 1740 2637 ἀλλὰ

168 2672 253 2723 καὶ
283 2675 391 2733 τοῖς
455 2673 773 2741 Βαρϐἀροις
814 2674 1027 2736 αὐτοῖς’
1072 2671 1281 2738 ἔξεστιν
1338 2669 1431 2726 οὖν
1461 2672 1527 2724 δι’
1572 2674 1742 2741 αὐτῆς

166 2762 284 2831 όρᾷν
310 2764 500 2825 πόλεις
546 2761 808 2831 εὐνομίαν
839 2762 1106 2829 ἀγούσας,
1138 2762 1417 2825 πολεμίων
1444 2762 1619 2831 ὀφρῦν
1649 2762 1741 2813 πί-

168 2868 393 2906 πτουσαν
434 2854 537 2907 καὶ
564 2854 792 2923 είρήνην
825 2852 1149 2923 ίθυνομένην
1169 2868 1183 2883 ’
1233 2853 1265 2923 ἢ
1311 2852 1474 2905 πόθεν
1503 2852 1741 2922 βασιλεῖς

167 2942 252 2993 καὶ
285 2942 552 2997 δυνάσται
586 2943 771 2996 πολλοὶ
800 2943 899 3013 μὲν
930 2944 1025 2996 καὶ
1056 2944 1348 3015 πρότερον.
1372 2941 1658 3017 Ῥωμαίων
1686 2941 1743 2995 δὲ

170 3031 251 3081 νῦν
271 3036 347 3093 εἰς
375 3033 640 3085 τοσοῦτον
662 3034 821 3101 δόξης
846 3036 1138 3103 προῆλθον,
1164 3036 1239 3096 ὡς
1261 3034 1743 3103 καταστρέψασθαι

1841 1923 2139 1992 invitosque
2156 1934 2209 1977 et
2232 1924 2552 1977 nolentesad
2581 1936 2820 1980 nostram
2843 1938 3159 1982 convertere
3191 1929 3411 2000 religio-

1840 2030 1984 2068 nem.
2019 2013 2123 2069 Sed
2155 2028 2278 2068 cnm
2296 2017 2566 2078 etvultus,
2592 2028 2645 2070 et
2678 2033 2885 2071 morum
2923 2021 3222 2076 moderatio
3248 2022 3417 2092 signi-

1841 2105 2001 2158 ﬁcent
2030 2107 2193 2160 vestri
2223 2107 2390 2160 animi
2424 2109 2751 2175 libertatem,
2778 2112 2939 2164 statui
2978 2110 3124 2181 fungi
3146 2117 3285 2182 apud
3318 2130 3415 2171 vos

1838 2194 2016 2249 olﬁcio
2039 2196 2165 2250 boni
2204 2198 2521 2253 consiliarii.
2554 2197 2741 2269 Neque
2770 2202 2913 2255 enim
2956 2203 3197 2257 arbitror
3221 2220 3314 2259 vos
3335 2206 3417 2259 la-

1843 2296 1977 2351 tere,
2003 2289 2147 2356 quod
2178 2289 2337 2359 longo
2378 2291 2444 2345 ab
2472 2292 2598 2347 hinc
2636 2296 3127 2365 temporeineepta,
3164 2314 3281 2367 qua:
3311 2298 3416 2353 diis

1843 2379 2238 2436 immortalibus
2301 2383 2608 2448 exhibetur,
2664 2386 2833 2453 gloria
2874 2396 2929 2439 et
2981 2388 3175 2451 honor,
3235 2400 3417 2444 manet

1842 2486 2014 2541 usque
2043 2471 2096 2526 in
2140 2473 2456 2528 hodiernum
2487 2475 2649 2541 diem,
2681 2492 2786 2530 non
2818 2478 2956 2546 apud
2998 2493 3099 2533 nos
3132 2481 3297 2545 solos,
3323 2483 3414 2550 qui

1845 2560 2087 2617 Gracam
2147 2564 2383 2629 linguam
2453 2571 2723 2630 novimus,
2775 2570 2869 2621 sed
2911 2570 3073 2623 etiam
3100 2572 3238 2636 apud
3272 2573 3419 2639 ipsos

1844 2652 2133 2708 Barbaros.
2173 2653 2278 2709 Per
2309 2657 2448 2710 hanc
2479 2673 2609 2727 ergo
2638 2659 2949 2726 religionem
2976 2662 3157 2715 videre
3185 2662 3310 2716 licet
3334 2665 3417 2717 ci-

1846 2744 2044 2799 vitates
2074 2746 2227 2801 bonis
2284 2748 2395 2817 regi
2435 2746 2663 2817 legibus,
2702 2749 2934 2803 hostium
2967 2750 3193 2819 deprimi
3226 2768 3418 2821 super.

1846 2835 2053 2897 cilium,
2097 2852 2392 2905 pacemque
2438 2842 2639 2917 vigere.
2680 2837 2963 2895 Undenatn
3018 2854 3197 2897 autem
3262 2860 3420 2911 reges

1843 2939 1897 2979 et
1927 2929 2221 2997 principes,
2256 2934 2405 2985 multi
2441 2934 2653 3001 quidem
2690 2935 2851 2987 etiam
2876 2937 3050 3003 prius,
3070 2952 3211 2992 nunc
3234 2947 3413 2993 autem

1849 3017 2236 3085 Romanorum,
2298 3024 2363 3075 ad
2442 3034 2645 3076 tantam
2708 3026 2933 3093 gloriam
2998 3042 3312 3095 pervenere,
3358 3040 3417 3084 ut

169 3118 257 3187 μὶν
282 3119 434 3189 ἔθνη,
499 3122 993 3192 καταστρέψασθαι
1032 3123 1091 3175 δὲ
1126 3123 1334 3187 πόλεις,
1391 3126 1735 3194 ὑποχειρὲους

1848 3120 2034 3181 gentes
2060 3114 2273 3181 quidem
2330 3124 2385 3169 et
2443 3115 2690 3169 civitates
2732 3126 3061 3180 everterent,
3099 3118 3150 3170 in
3185 3127 3419 3185 pctesta-

164 3206 214 3259 ει
246 3210 589 3280 ποιήσασθαι
617 3212 727 3264 πᾶν
760 3211 822 3264 τδ
841 3212 1137 3267 ἀντίπαλον
1163 3229 1181 3278 ;
1221 3212 1283 3264 Et
1309 3211 1487 3265 τοίνυν
1514 3213 1743 3282 ἀμαθῶν

165 3297 327 3368 λόγοις
381 3305 530 3374 πρὸς
590 3304 690 3372 τὴν
718 3304 914 3372 ἀλογον
957 3304 1164 3376 ταύτην
1198 3306 1291 3358 καὶ
1334 3306 1606 3376 ἁρτιφανῆ
1635 3306 1744 3357 τῶν

165 3391 498 3460 Χριστιανῶν
546 3395 710 3461 δόξαν
761 3397 1090 3466 ὑπήχθητε,
1153 3397 1216 3450 οὐ
1268 3398 1597 3467 μέμφομαι*
1648 3398 1742 3465 τῆς

166 3484 455 3551 ἁπλότητος
513 3487 631 3555 γὰρ
683 3480 825 3541 εἶναι
880 3487 1037 3541 τοῦτό
1088 3505 1232 3557 φημι
1276 3503 1291 3518 ο
1330 3488 1488 3555 ὑμεῖς
1539 3487 1593 3539 δὲ
1626 3488 1742 3539 ἀ>λ“

166 3576 517 3640 ἀναλαϐόντες
553 3578 781 3640 ἑαυτοὺς
817 3579 1083 3645 μετάθετε
1120 3579 1256 3646 πρὸς
1304 3579 1364 3630 τὸ
1397 3578 1627 3647 βέλτιον,
1666 3579 1740 3639 ὡς

163 3666 221 3720 ἃν
245 3670 296 3723 οῖ
322 3686 380 3722 τε
420 3669 541 3723 θεολ⁸
572 3668 703 3736 ὑμῖν
732 3669 863 3736 ῖλεφ
895 3670 1185 3735 γίνωνται,
1214 3672 1481 3722 πλειόνων
1520 3688 1577 3721 τε
1609 3672 1741 3722 dino-

162 3757 380 3831 λαύσητε
407 3762 523 3816 τῶν
556 3760 692 3831 παρ’
727 3762 860 3832 ἡμῖν
892 3759 1116 3827 ἀγαθῶν
1139 3760 1315 3813 καὶτὸ
1342 3759 1437 3814 τοῦ
1476 3760 1739 3830 βασιλέως

160 3850 288 3906 οὕτω
313 3853 615 3924 φιλότιμον
651 3852 783 3923 περὶ
806 3852 907 3916 τάς
940 3850 1190 3915 εὐποιίας
1233 3852 1541 3923 mpm-am
1565 3870 1579 3883 ·
1611 3854 1658 3907 εί
1683 3853 1739 3905 δε

160 3942 261 4001 τοῖς
282 3944 585 4011 προτέροις
617 3942 784 4009 μέχρι
824 3941 1029 4002 παντὸς
1063 3942 1411 4009 ὲπιμείνητε,
1438 3944 1505 3993 τὰ
1536 3942 1739 3993 ταύτην

162 4033 362 4086 ιναντία
384 4034 520 4102 ὑμῖν
540 4032 911 4101 συμϐήσεται,
935 4032 1072 4085 ἀλλά
1105 4032 1198 4084 καὶ
1222 4031 1377 4102 ἡμῶν
1402 4032 1731 4102 αὐστηροτά-

165 4138 262 4189 ρων
296 4126 471 4194 (ὅπερ
502 4120 861 4191 ἀπεύχομαι)
893 4124 1066 4193 πολλὴ
1099 4125 1312 4194 ἀνάγκη
1343 4125 1558 4185 πάντως
1592 4126 1738 4194 ὑμᾶς

162 4216 506 4287 πειραθῆναι.

221 4308 292 4361 E'.
327 4309 523 4363 Ταῦτα
581 4306 775 4377 ἀπειδὴ
826 4307 876 4360 οἱ
927 4307 1205 4377 μάρτυρες
1237 4306 1499 4375 ηκουσα-ι,
1532 4304 1601 4358 τὰ
1630 4306 1734 4374 ϐμ-

162 4411 289 4461 ματα
319 4400 399 4459 είς
424 4399 707 4468 οὐρανοὺς
738 4397 1063 4468 ἀνασχόντες
1092 4396 1187 4450 καὶ
1215 4396 1369 4456 ὅλους
1412 4396 1641 4459 ἑαυτοὺς
1666 4398 1733 4467 τῇ

1848 3215 1951 3257 tem
1986 3216 2164 3257 autem
2197 3218 2386 3259 omnes
2420 3208 2723 3274 redigerent
2772 3210 3156 3263 adversarios?
3192 3209 3249 3265 Si
3285 3226 3417 3280 ergo

1847 3294 2183 3347 indoctorum
2218 3295 2561 3349 sermonibus
2591 3297 2795 3350 inducti
2846 3300 2979 3352 estis
3008 3300 3072 3353 ad
3101 3302 3241 3355 hanc
3262 3316 3291 3353 a
3327 3317 3416 3356 ra-

1846 3386 1993 3437 tione
2023 3385 2279 3449 alienam,
2318 3396 2371 3439 et
2409 3401 2532 3455 qua:
2582 3402 2751 3456 nuper
2772 3389 3045 3458 apparuit,
3077 3390 3415 3449 Christiano-

1850 3491 1965 3530 rum
1988 3476 2322 3543 Opinionem,
2353 3490 2456 3529 non
2482 3476 2631 3531 valde
2682 3478 3038 3546 reprehendo.
3076 3480 3184 3535 Hoc
3205 3491 3413 3536 tantum

1847 3568 1968 3621 dico
2002 3582 2120 3622 esse
2156 3568 2541 3635 simplicitatis.
2574 3571 2640 3623 At
2691 3586 2784 3625 vos
2830 3588 2969 3625 nunc
3015 3572 3226 3627 tandem
3284 3576 3418 3629 resi-

1844 3658 2131 3723 piscentes,
2174 3669 2226 3710 et
2262 3662 2326 3711 ad
2360 3675 2450 3712 vos
2483 3664 2790 3723 redeuntes,
2825 3663 3204 3718 convertimini
3237 3667 3304 3719 ad
3337 3665 3412 3727 id,

1842 3746 1982 3812 quod
2014 3754 2097 3799 est
2126 3746 2337 3811 melius,
2364 3758 2421 3801 ut
2446 3758 2497 3803 et
2533 3747 2603 3802 dii
2630 3749 2737 3803 sint
2765 3751 2928 3805 vobis‘
2949 3755 3187 3822 propitii,
3214 3764 3269 3808 et
3300 3754 3416 3821 plu-

1845 3838 1995 3893 ribus
2049 3839 2225 3903 bonis,
2258 3854 2379 3909 qua:
2415 3849 2539 3895 sunt
2568 3842 2708 3911 apud
2746 3856 2864 3907 nos,
2899 3842 3176 3907 fruamini,
3211 3854 3265 3899 et
3312 3845 3414 3899 im-

1842 3927 2109 3993 peratoris
2156 3929 2206 3981 in
2256 3928 2642 3983 benefaciendo
2698 3932 3121 3988 muniﬁcentiam
3151 3934 3229 3990 sic
3259 3937 3413 3991 vobis

1840 4017 2159 4073 concilictis.
2196 4016 2289 4073 Sin
2314 4031 2493 4073 autem
2518 4022 2571 4075 in
2600 4022 2873 4090 prioribus
2912 4026 3134 4080 omnino
3156 4029 3413 4097 perstite-

1841 4109 1980 4172 ritis,
1997 4123 2024 4163 a
2046 4120 2121 4164 tor
2142 4112 2294 4165 bonis
2313 4114 2574 4167 excidctis
2608 4130 2622 4167 :
2642 4114 2735 4169 sed
2752 4124 2806 4168 et
2823 4130 2921 4170 nos
2934 4130 3146 4186 quoque
3166 4120 3415 4189 asperio-

1840 4216 1925 4253 res
1946 4202 2110 4270 (quod
2139 4204 2303 4269 absit)
2328 4204 2479 4256 vobis
2508 4218 2729 4257 necesse
2780 4208 2887 4258 erit
2908 4208 3129 4260 omnino
3152 4212 3409 4277 experiri.

1908 4292 1972 4349 ν.
2010 4292 2135 4350 Haec
2170 4304 2450 4365 postquam
2483 4296 2803 4351 audiverunt
2827 4308 3112 4370 martyres,
3154 4300 3327 4355 oculis
3356 4302 3409 4357 in

1843 4387 2036 4441 emittm
2053 4389 2300 4456 sublatis,
2314 4405 2432 4443 cum
2453 4406 2508 4443 se
2520 4388 2720 4443 Christi
2738 4390 3012 4460 signaculo
3030 4394 3407 4448 muniisssent:

158 4485 238 4538 τοῦ
298 4488 541 4558 σταυροῦ
621 4490 884 4557 σφραγῖδι
935 4487 1415 4557 σημειωσάμενοιο
1483 4488 1731 4550 Ἔοικας,

1842 4478 2074 4541 Videris,
2099 4479 2375 4543 dixerunt,
2402 4495 2519 4545 nos,
2544 4490 2793 4547 tanquam
2821 4482 3032 4546 aliquos
3055 4484 3411 4549 simpliciores

158 4572 315 4643 εἶπον,
345 4577 545 4649 ὥσπερ
579 4577 738 4639 τινας
793 4579 905 4630 τῶν
958 4575 1360 4647 ἀφελεστέρων.
1409 4576 1543 4646 μηδὲ
1595 4578 1729 4646 βραο

156 4666 294 4733 δὲως,
330 4669 447 4722 ἀλλ’
478 4668 735 4731 εὐκόλως
762 4665 909 4721 οὕτω
935 4666 1145 4720 πείσειν
1177 4668 1322 4737 ἡμᾶς
1351 4665 1604 4735 οἰηθῆναι
1634 4681 1730 4733 με-

156 4759 403 4829 ταμαθεῖν
424 4762 532 4830 τὴν
553 4759 849 4813 εὐσέϐειαν
870 4775 883 4790 ’
907 4758 1024 4813 ἀλλ’
1044 4758 1146 4810 οὐκ
1165 4758 1423 4828 ἀνδράσιν
1442 4756 1728 4824 ἀγεννέσιν

157 4849 251 4903 ίσθι
301 4851 653 4925 περιτυχὼν,
710 4851 772 4903 οὐ
836 4850 913 4919 μά
962 4851 1055 4903 τίιν
1106 4850 1246 4919 ὑπιρ
1276 4848 1513 4919 Χρίστοῦ
1542 4848 1730 4901 τοῦτον

156 4940 324 5007 ἀγῶνα
361 4946 459 4999 καὶ
492 4946 603 5015 τὴν
644 4942 928 5011 ἡμετέραν
950 4943 1013 4995 ὲκ
1056 4940 1265 4995 παίδων
1296 4942 1422 5011 περὶ
1448 4941 1547 5009 τὴν
1576 4942 1730 4994 εὐσέ-

158 5032 292 5087 ϐειαν
324 5034 573 5106 ἀσκησιν
603 5049 619 5064 ⁸
674 5033 797 5087 οὐδὲ
831 5032 939 5104 γὰρ
966 5034 1019 5087 εί
1048 5052 1101 5088 τι
1145 5035 1391 5105 ἀρχαῖον,
1431 5030 1592 5085 τοῦτο
1634 5033 1730 5086 καὶ

157 5124 301 5195 τιμῆς
325 5125 479 5189 ἀξιον
502 5140 518 5153 ⁸
567 5124 768 5195 ιπειδὴ
795 5124 1001 5179 παλαιά
1036 5124 1137 5194 μὶν
1182 5124 1400 5185 πάντως
1430 5122 1525 5175 καὶ
1571 5123 1603 5191 ἡ
1630 5140 1730 5173 καο

159 5214 268 5267 κιαο
299 5217 415 5269 ἀλλ⁹
463 5216 597 5285 οὐχὶ
662 5216 756 5266 καὶ
792 5215 1061 5283 τιμᾶσθαι
1101 5214 1187 5267 διά
1227 5215 1317 5267 τὸν
1347 5216 1540 5284 χρόνον
1583 5214 1725 5278 ἀξία.

161 5304 417 5361 Οὓτοίνυν
448 5311 502 5362 εί
535 5307 754 5380 ἀρχαία
799 5305 881 5357 δεῖ
908 5309 1131 5360 σκοπεῖν
1176 5309 1209 5377 ἡ
1246 5306 1513 5378 θρησκεία
1549 5307 1727 5377 ὑμῶν,

160 5395 257 5449 ἀλλ’
276 5402 403 5454 αὐτὸ
426 5401 623 5464 τοῦτο,
657 5400 707 5452 εί
750 5397 870 5451 ϐίον
917 5399 1085 5469 αὐτὴν
1111 5398 1451 5471 προσίεσθαι,
1497 5399 1563 5469 ἢν
1591 5416 1728 5469 συμ-

160 5485 537 5562 ϐουλεύσαιμεν
564 5492 637 5545 ἂν
673 5492 836 5561 ἡμεῖς
860 5490 1135 5544 ἐκκλίνειν
1170 5491 1344 5561 ὁπόση
1374 5492 1602 5561 δύναμις
1633 5493 1727 5545 καὶ

161 5580 213 5633 ἔκ
238 5582 325 5637 τοῦ
372 5585 550 5655 μέσου
604 5585 814 5647 ποιεῖν,
845 5582 988 5637 οὕτω
1034 5582 1272 5653 φρικτὴν
1306 5583 1473 5650 πυρὸς
1498 5566 1726 5649 γέενναν

159 5674 251 5735 tot;
285 5676 584 5744 ἀγαπῶσιν
641 5675 821 5744 αὐτὴν
868 5673 1325 5745 θησαυρίζουσαν.
1363 5674 1538 5736 Ὀλως
1562 5675 1637 5739 δὲ,
1676 5676 1724 5726 εἰ

163 5768 252 5837 χρὴ
280 5771 394 5843 μετ’
419 5767 728 5844 ἀκριϐείας
760 5767 1068 5838 προσέχειν,
1106 5767 1357 5838 εὑρήσεις
1381 5770 1601 5831 πάντως
1631 5769 1723 5821 καὶ

1841 4587 1945 4621 non
1973 4573 2145 4635 tarde,
2171 4573 2262 4623 sed
2285 4571 2437 4625 facile
2468 4582 2654 4640 putare
2675 4586 2834 4641 posse
2860 4585 3177 4626 cenvertcre
3208 4576 3273 4625 ad
3304 4577 3411 4627 dis-

1836 4662 2059 4715 cendam
2095 4662 2441 4732 impietatem.
2470 4664 2573 4717 Sed
2606 4664 2748 4719 scias
2772 4674 2823 4717 te
2852 4679 2956 4717 non
2977 4663 3230 4719 incidisse
3257 4666 3307 4718 in
3335 4667 3411 4722 vi.

1841 4769 1927 4807 ros
1955 4754 2128 4825 pusilli
2159 4765 2213 4808 ct
2235 4754 2426 4822 abiecti
2453 4756 2614 4810 animi
2643 4775 2656 4809 :
2685 4772 2821 4821 non,
2847 4772 2941 4825 per
2972 4756 3093 4819 hoc,
3126 4758 3268 4825 quod
3314 4776 3411 4827 pro

1838 4846 2055 4899 Christo
2097 4846 2696 4913 suscipitnrcertamen,
2732 4855 2785 4900 et
2816 4856 3055 4899 nostrain
3090 4850 3156 4900 ab
3193 4849 3409 4901 ineunte

1838 4950 1997 4993 aetate
2056 4939 2105 4992 in
2141 4940 2337 5008 pietate
2374 4937 2847 4993 exercitationem.
2879 4936 2996 4993 Non
3015 4941 3158 4993 enim
3187 4950 3403 5008 preptcr

1843 5032 2098 5100 temporis
2120 5031 2517 5100 antiquitatem,
2554 5031 2755 5083 honore
2779 5029 2994 5097 dignam
3029 5028 3257 5082 dixerim
3284 5044 3403 5081 ves-

1838 5136 1974 5181 tram
1993 5123 2328 5193 religionem.
2343 5120 2457 5176 Non
2478 5120 2619 5175 enim
2635 5121 2677 5173 si
2697 5120 2822 5187 quid
2837 5129 2919 5172 est
2936 5121 3213 5187 antiquum
3227 5130 3333 5179 est,
3353 5120 3404 5173 id

1838 5218 1999 5274 etiam
2032 5219 2233 5271 honore
2262 5214 2481 5283 dignum
2508 5229 2521 5265 :
2544 5212 2971 5281 quandoquidem
3010 5222 3163 5265 vetns
3184 5212 3400 5282 quidem

1839 5321 1920 5365 est
1941 5309 2159 5361 omnino
2190 5305 2351 5357 etiam
2373 5304 2581 5364 vitium,
2608 5304 2700 5356 sed
2722 5317 2825 5353 non
2848 5300 3009 5354 etiam
3032 5313 3250 5369 propter
3269 5315 3403 5355 tem-

1840 5417 1938 5471 pus
1961 5400 2180 5469 dignum
2212 5408 2294 5450 est
2322 5395 2463 5463 quod
2492 5396 2805 5446 honoretnr.
2836 5390 2952 5444 Non
2985 5401 3067 5444 est
3101 5407 3227 5458 ergo
3271 5406 3403 5443 con-

1840 5492 2210 5553 siderandum,
2242 5505 2307 5539 an
2347 5487 2566 5552 antiqua
2600 5485 2669 5539 sit
2700 5495 2876 5537 vestra
2918 5484 3106 5551 religio
3140 5499 3153 5536 :
3186 5486 3281 5537 sed
3302 5484 3401 5536 hoc

1839 5584 2032 5651 ipsum,
2059 5595 2125 5633 an
2150 5594 2269 5634 eam
2302 5586 2544 5647 oporteat
2592 5578 2893 5640 admittere,
2938 5591 3098 5644 quam
3143 5592 3239 5628 nos
3288 5576 3405 5643 qui-

1838 5677 1955 5728 dem
1979 5672 2407 5727 consuluerimus
2446 5670 2738 5728 declinare,
2765 5678 2817 5719 et
2861 5670 2925 5721 de
2981 5668 3153 5721 medio
3217 5668 3403 5718 tollere

1837 5782 1932 5836 pro
1986 5766 2207 5833 viribus,
2270 5776 2390 5835 qua:
2450 5771 2555 5815 tam
2600 5760 2905 5816 horribilem
2944 5761 3077 5825 ignis
3102 5760 3398 5830 gehennam
