3972 6444
552 368 647 431 lll

1852 351 2135 414 MENSIS
2168 350 2495 413 APRILIS.

3693 342 3799 406 112

543 474 788 536 recondit
815 482 868 528 et
890 480 1127 526 reservat
1163 469 1227 523 iis
1256 468 1346 538 qui
1390 468 1560 536 ipsam
1586 465 1832 534 diligunt.
1868 462 1926 515 In
1962 477 2111 516 sum-

2223 482 2281 534 σὺ
2305 483 2431 543 τοὺς
2463 480 2593 549 παρ’
2628 479 2756 547 ύμιν
2787 477 3140 545 τιμωμένους
3170 474 3327 537 θεοὺς
3357 473 3512 525 οὐδὲν
3544 473 3738 543 ἕτερον
3765 474 3800 542 ἢ

549 583 634 621 ma
667 574 865 628 autem,
914 563 958 615 si
1020 560 1155 614 velis
1208 569 1462 611 accurate
1532 555 1831 618 attendere,
1875 552 2117 605 invenies

542 659 762 712 omnino
788 668 839 709 tu
867 666 1082 723 quoque
1111 665 1226 714 eos,
1256 649 1345 717 qui
1384 646 1523 717 apud
1549 661 1644 699 vos
1663 644 1937 706 coluntur,
1963 644 2114 704 deos,

545 748 841 804 nihilaliud
888 761 1010 816 esse
1071 758 1234 810 quant
1292 755 1455 811 opera
1524 752 1776 793 manuunt
1834 734 2114 790 hominum

544 841 781 894 inanima
838 848 892 891 et
958 835 1143 898 surda,
1182 848 1302 903 quae
1357 832 1489 885 nihil
1549 829 1789 891 omnino,
1822 842 1925 880 non
1957 826 2115 878 modo

543 935 687 995 aliis,
721 930 812 985 sed
841 944 903 982 ne
927 929 1029 983 sibi
1056 928 1271 996 quidem
1308 925 1459 992 ipsis,
1501 922 1709 991 possint
1742 922 1863 988 opis
1893 918 2109 971 aﬂ'erre.

543 1024 599 1077 Si
633 1037 761 1090 ergo
792 1022 953 1074 homo
1010 1019 1228 1087 quidem
1265 1028 1346 1071 est
1403 1015 1492 1069 Dei
1555 1028 1709 1079 opus,
1741 1021 1797 1065 ut
1826 1010 1919 1079 qui
1951 1009 2018 1063 ab
2048 1024 2114 1064 eo

539 1118 610 1171 sit
639 1114 871 1179 ellictus,
928 1126 1045 1179 quae
1071 1125 1161 1163 vos
1188 1114 1365 1161 autem
1389 1106 1679 1159 simulacra
1707 1102 1965 1167 adoratis,
1989 1110 2115 1154 sunt

541 1223 706 1279 opera
735 1221 931 1260 manus
961 1206 1210 1257 humanae.
1244 1218 1257 1254 :
1293 1203 1560 1268 quomodo
1600 1197 1743 1267 quis,
1800 1196 1903 1250 nisi
1951 1193 2115 1247 fuerit

543 1300 704 1369 plane
730 1296 874 1351 nullo
896 1310 1055 1349 sensu
1082 1293 1361 1362 praeditus,
1393 1301 1447 1343 et
1473 1291 1633 1359 plane
1668 1288 1763 1340 bos
1796 1296 1848 1339 et
1904 1284 2112 1348 asinus,

543 1393 631 1455 iis,
662 1404 781 1457 quae
804 1387 919 1455 ipse
940 1396 1022 1439 est
1046 1384 1363 1443 fabricatus,
1384 1382 1642 1434 honorem
1677 1375 1962 1430 tribuerit?
1992 1389 2115 1429 cum

540 1486 817 1548 oporteret
840 1475 929 1527 illa
967 1473 1138 1540 magis
1160 1485 1291 1524 suos
1324 1471 1590 1523 honorare
1614 1466 1858 1535 opiﬁces,
1896 1463 1941 1518 si
1988 1464 2114 1533 quis

541 1572 748 1623 inesset
804 1566 883 1622 eis
940 1562 1467 1627 sensus?Quoniam
1527 1574 1657 1628 ergo
1713 1556 1997 1612 confessus
2030 1570 2112 1622 es,

544 1672 642 1710 nos
678 1668 803 1709 esse
856 1652 1243 1720 intelligentes,
1272 1658 1325 1701 et
1358 1648 1488 1711 scis,
1518 1646 1658 1714 quod
1686 1645 1873 1709 homo,
1906 1644 2000 1713 qui
2032 1651 2115 1697 est

544 1761 687 1801 sana:
717 1744 936 1805 mentis,
969 1754 1243 1809 nunquam
1277 1739 1490 1791 veritati
1526 1738 1599 1803 id,
1622 1737 1763 1806 quod
1788 1744 1869 1790 est
1896 1734 2111 1800 falsum,

544 1838 860 1909 praetulerit,
895 1836 1114 1889 adverte
1145 1832 1408 1895 aninnnn,
1441 1839 1494 1885 et
1528 1831 1594 1883 de
1622 1842 1707 1895 eo,
1741 1828 1831 1898 qni
1880 1841 2006 1882 vere
2032 1835 2115 1882 est

542 1931 735 2001 Opifcx
758 1928 1157 1990 universorum,
1188 1926 1333 1978 disce
1364 1938 1394 1976 a
1431 1920 1683 1975 veridicis
1710 1920 1896 1974 labris.

616 2021 707 2077 V'l.
734 2020 875 2074 Deus
906 2028 1094 2086 suapte
1120 2023 1311 2068 natura
1344 2028 1449 2067 non
1481 2020 1659 2082 potest
1698 2008 2070 2063 circumscribi
2097 2024 2111 2061 :

546 2122 626 2169 est
650 2111 791 2167 enim
816 2109 1103 2179 ejusmodi.
1133 2106 1261 2159 utin
1290 2120 1410 2159 eum
1440 2118 1545 2157 non
1573 2101 1732 2157 cadat
1762 2099 1982 2154 omnino
2011 2099 2116 2152 cir-

545 2205 919 2274 cumscriptio,
979 2212 1033 2257 et
1077 2207 1298 2269 superat
1329 2211 1567 2261 onmem,
1601 2209 1721 2264 quae
1757 2195 1810 2247 in
1871 2202 2115 2261 tempore

545 2297 855 2366 suscipitur,
880 2291 1280 2361 cogitationem.
1304 2287 1544 2356 Namque
1569 2295 1869 2354 temporum
1886 2282 2117 2336 Creator

548 2405 651 2442 non
670 2385 956 2456 subjicitur
975 2382 1220 2451 tempori.
1241 2379 1596 2447 Quamobrem
1614 2392 1709 2430 nec
1725 2372 2114 2443 cmpitquidem

546 2495 686 2534 esse.
709 2477 904 2532 Omnia
934 2485 1136 2538 autem,
1169 2487 1275 2525 tam
1308 2486 1425 2539 quae
1454 2470 1554 2523 sub
1584 2477 1859 2535 aspectum
1895 2465 2112 2530 cadunt,

465 2632 469 2636 _
548 2588 708 2638 quam
738 2582 858 2637 qua:
888 2575 1066 2619 mente
1096 2563 1482 2634 percipiuntur,
1517 2562 1580 2613 ad
1635 2560 1760 2621 hoc,
1796 2558 1938 2627 quod
1985 2557 2112 2621 sint,

550 2662 823 2731 produxit.
866 2656 1035 2711 llonto
1063 2670 1191 2722 ergo
1222 2669 1344 2708 cum
1375 2663 1517 2706 esset
1565 2667 1594 2705 a
1634 2650 1740 2705 Deo
1787 2648 2014 2712 eﬂictns,
2065 2657 2118 2701 et

546 2754 594 2806 ei
628 2760 771 2805 esset
806 2750 1064 2803 tributunt
1096 2755 1153 2800 ut
1189 2746 1453 2799 habitaret
1484 2742 1818 2811 paradisum,
1847 2752 1900 2791 et
1927 2740 1991 2790 ad
2009 2753 2120 2790 ma-

541 2843 675 2907 joris
698 2838 972 2908 profectus
992 2834 1435 2891 exercitationem
1462 2830 1758 2899 accepisset
1779 2828 2115 2892 mandatum,

550 2932 749 2984 invidia
808 2927 1005 2982 diaboli
1062 2924 1290 2978 alIectus
1340 2921 1529 2976 morbo
1582 2920 1979 2984 inobedietttim,
2011 2936 2116 2974 non

549 3033 708 3087 posse
759 3015 1003 3080 interire,
1037 3011 1362 3084 permutavit
1402 3011 1620 3066 interitu
1653 3027 1667 3065 :
1704 3019 1908 3067 etcum
1940 3011 2118 3062 carnis

2218 570 2353 639 ἔργα
2377 570 2575 639 χειρῶν
2607 566 2914 636 ἀνθρώπων
2962 564 3148 634 ἀψυχα
3198 563 3292 614 καὶ
3318 562 3496 629 κωφὰ,
3530 563 3593 614 ού
3630 561 3801 629 μόνον

2214 659 2395 720 ἄλλοις
2445 656 2552 709 οὐδ’
2582 654 2784 719 ὁτιοῦν,
2847 652 2984 705 ἀλλά
3048 650 3141 702 καὶ
3195 650 3410 709 ἑαυτοῖς
3444 645 3802 714 βοηθῆσαιτὸ

2217 748 2479 816 παράπαν
2504 744 2566 797 ού
2609 744 2964 812 δυναμένους.
3028 740 3093 794 Εἰ
3122 739 3303 791 τοίνυν
3355 734 3642 802 ἄνθρωπος
3695 734 3800 801 μὲν

2214 840 2461 907 πλάσμα,
2497 836 2533 889 ἃ
2564 835 2621 888 δὲ
2650 836 2807 903 ὑμεῖς
2840 831 3037 886 εἴδωλα
3092 830 3475 897 προσκυνεῖτε,
3510 823 3799 892 ἀνθρωπίο

2215 928 2485 1001 νης-εἰσὶν
2509 927 2648 997 ἔργα
2680 924 2886 994 χειρὸς,
2918 924 3035 985 πῶς
3069 922 3133 975 ἀν
3155 937 3259 981 τις.
3291 920 3341 970 εί
3377 917 3454 987 μὴ
3489 916 3612 968 λίαν
3637 914 3798 967 ἀναί-

2216 998 2411 1090 σθητος
2432 1019 2543 1087 είη,
2571 1020 2666 1071 καὶ
2698 1016 2825 1085 βοῦς
2855 1014 3178 1082 αὐτόχρημα
3215 1011 3308 1063 καὶ
3340 1010 3484 1070 ὄνος,
3517 1008 3628 1068 τοῖς
3661 998 3801 1072 παρ’

2215 1110 2379 1165 αὑτοῦ
2410 1106 2970 1177 δεδημιουργημένας
3005 1104 3105 1173 τὴν
3128 1102 3291 1169 τιμὴν
3320 1098 3635 1167 ἀπονείμοι,
3672 1096 3803 1148 δέον

2214 1206 2399 1258 ἐκεῖνα
2434 1200 2635 1272 μᾶλλον
2684 1200 2811 1259 τοὺς
2857 1194 3092 1257 οίκείους
3121 1193 3289 1262 τιμᾷν
3320 1177 3718 1261 δημιουργοὺς,
3747 1188 3806 1239 et

2214 1314 2299 1358 τις
2343 1296 2526 1357 αὐτοῖς
2552 1292 2805 1361 αἰσθησις
2831 1304 2846 1354 ;
2890 1286 3110 1356 Ἐπειδὴ
3138 1284 3319 1337 τοίνυν
3359 1282 3614 1343 συνετοὺς
3643 1279 3803 1349 ἡμᾶς

2213 1388 2574 1459 ὡμολόγησας
2604 1386 2699 1438 καὶ
2722 1379 2871 1445 οἶδας
2893 1381 2969 1444 ώς
2994 1380 3095 1434 οὐκ
3118 1378 3183 1433 ἄν
3214 1392 3346 1429 ποτε
3377 1374 3576 1445 φρενὸς
3604 1372 3804 1441 ὑγιοῦς

2214 1480 2503 1549 ἄνθρωπος
2545 1475 2742 1546 ψεῦδος
2804 1473 2929 1527 ἀντὶ
2982 1471 3084 1542 τῆς
3151 1467 3418 1537 ἀληθείας
3484 1464 3800 1535 προέλοιτο,

2215 1570 2510 1640 ἐπίστησον
2555 1567 2655 1637 τὴν
2709 1566 2952 1620 διάνοιαν
2982 1562 3079 1617 καὶ
3101 1559 3171 1615 τά
3204 1559 3334 1629 περὶ
3378 1556 3474 1610 τοῦ
3496 1556 3665 1617 ὅντως
3695 1554 3801 1624 δη-

2218 1660 2482 1733 μιουργοῦ
2505 1659 2612 1713 τῶν
2642 1658 2778 1712 ὅλων
2818 1653 2957 1709 Θεοῦ
2994 1654 3101 1709 ὑπὸ
3131 1650 3350 1723 ἀληθῶν
3380 1646 3608 1721 χειλέων
3641 1645 3802 1699 δι.δά-

2145 1790 2192 1852 B
2217 1754 2400 1825 χθητι.

2287 2014 2378 2083 ς’.
2412 2014 2543 2078 Θεδς
2587 2011 2648 2065 οὐ
2686 2010 2897 2080 πέφυκε
2952 2004 3427 2078 περιγράφεσθαι’
3484 2001 3805 2072 ἀπερίγρα-

2215 2126 2347 2173 πτος
2377 2108 2485 2177 γὰρ
2535 2105 2712 2173 πάντη
2741 2103 2837 2158 καὶ
2882 2102 3218 2171 ὑψηλότερος
3252 2097 3515 2169 χρονικῆς
3568 2096 3804 2162 ἀπάσης

2213 2198 2423 2259 ἑννοίας
2446 2213 2459 2229 ·
2495 2194 2725 2263 ποιητὴς
2760 2192 2870 2261 γάρ
2901 2192 3131 2262 χρόνων,
3163 2191 3263 2258 οὐχ
3294 2189 3397 2241 ὑπὸ
3421 2188 3615 2257 χρόνον
3635 2202 3647 2213 ·
3668 2185 3806 2237 ὅθεν

2215 2288 2337 2341 οὐδὲ
2373 2284 2468 2337 τοῦ
2516 2278 2655 2335 εἶναι
2703 2280 2906 2352 ἤρξατο
2928 2295 2940 2307 ·
2979 2279 3161 2332 πάντα
3208 2277 3267 2329 δὲ
3306 2276 3376 2328 τά
3410 2290 3468 2326 τε
3497 2272 3668 2344 δρατὰ
3701 2272 3806 2324 καὶ

2216 2378 2484 2447 νοούμενα
2515 2376 2594 2438 είς
2644 2374 2706 2428 τὸ
2736 2368 2878 2427 εἶναι
2908 2372 3070 2436 αὐτὸς
3108 2372 3459 2439 παρήγαγεν.
3526 2367 3586 2420 '0
3613 2367 3806 2419 τοίνυν

2215 2472 2500 2542 ἄνθρωπος
2534 2468 2765 2538 πλάσμα
2794 2463 2929 2518 Θεοῦ
2957 2461 3198 2531 γεγονὼς
3242 2461 3334 2514 τὸν
3369 2457 3707 2527 παράδεισόν
3740 2473 3806 2510 τε

2215 2567 2384 2618 οἰκεῖν
2411 2559 2713 2632 κληρωθεὶς
2735 2557 2830 2612 καὶ
2854 2555 3035 2609 λαὸὼν
3067 2553 3287 2623 ἐντολὴν
3321 2552 3453 2620 πρὸς
3482 2548 3807 2618 γυμνασίαν

2219 2653 2503 2724 προκοπῆς
2544 2650 2810 2718 μείζονος,
2837 2646 3019 2713 φθόνῳ
3041 2644 3291 2698 διαόόλου
3324 2639 3611 2713 παρακοὴν
3641 2641 3809 2709 νοσή-

2220 2761 2343 2805 σας,
2366 2741 2465 2811 τὴν
2502 2738 2708 2808 φθορὰν
2734 2736 2831 2805 τῆς
2860 2731 3170 2803 ἀφθαρσίας
3202 2732 3473 2801 ἠλλάξατο
3503 2731 3599 2783 καὶ
3631 2729 3807 2797 θελή-

2221 2852 2357 2908 μασι
2394 2830 2594 2903 σαρκὸς
2619 2825 2931 2895 ὑποκύψας,
2956 2822 3063 2875 ὑπὸ
3100 2823 3259 2891 χεῖρα
3291 2820 3483 2888 γέγονε
3514 2818 3595 2887 τῷ
3624 2817 3804 2871 θανά-

2217 2943 2327 2996 τῳ·
2368 2924 2465 2977 καὶ
2490 2924 2518 2975 ὁ
2570 2923 2668 2989 τῆς
2706 2915 3005 2988 βασκανίας
3053 2912 3235 2982 πατὴρ
3267 2911 3387 2964 οὐδὲ
3440 2909 3614 2978 τούτῳ
3649 2908 3807 2977 μόνῳ

2219 3016 2315 3070 τοῦ
2349 3012 2709 3084 φθονηθέντος
2739 3008 2983 3080 ἠρκέσθη
3020 3006 3096 3077 τῷ
3120 3004 3394 3073 πτώματι,
3427 3001 3564 3055 ἀλλά
3597 3001 3689 3052 καὶ
3718 3002 3809 3063 είς

549 3113 803 3167 snbiisset
861 3109 1210 3171 voluntatem,
1256 3104 1359 3158 fuit
1408 3102 1696 3171 subjectus
1730 3100 1911 3153 morti.
1947 3100 2117 3153 Carte-

2223 3110 2414 3180 λήθην,
2443 3105 2590 3177 οἴμοι
2614 3104 2626 3158 l
2651 3102 2786 3157 Θεοῦ
2818 3102 2944 3163 τοὺς
2969 3101 3033 3151 ἐκ
3061 3097 3154 3151 τοῦ
3177 3096 3340 3150 αὑτοῦ
3373 3094 3576 3162 φύντας
3602 3092 3807 3159 γένους

553 3218 671 3257 rum
732 3208 883 3267 pater
917 3196 1134 3249 invidiae
1161 3210 1265 3247 non
1310 3194 1410 3247 l‘uit
1444 3199 1734 3247 contentus
1760 3190 1860 3245 hoc
1894 3189 2009 3243 solo
2043 3188 2119 3243 la-

552 3310 650 3364 psu
683 3292 822 3361 ejus,
864 3289 948 3343 cui
991 3286 1424 3342 invidebatzsed
1465 3285 1629 3340 etiam
1686 3283 1753 3338 ad
1806 3283 1931 3347 Dei,
1982 3283 2118 3352 proli

549 3380 1097 3438 dolorloblivionem
1154 3392 1248 3432 eos
1305 3377 1546 3439 deduxit,
1607 3375 1700 3445 qni
1765 3386 1945 3445 postea
2007 3373 2117 3427 nati

551 3486 682 3529 sunt
727 3488 791 3527 ex
848 3472 1034 3527 eodem
1087 3483 1302 3541 genere,
1331 3477 1389 3522 ut
1435 3482 1541 3521 non
1571 3466 1743 3521 solum
1774 3465 2118 3533 corporibus,

553 3569 644 3620 sed
676 3566 839 3619 etiam
871 3562 1069 3617 animis
1098 3574 1243 3614 mors
1279 3557 1670 3612 dominaretur.
1706 3555 1914 3608 Relicto
1942 3556 2123 3621 itaque

555 3671 679 3709 vero
716 3654 844 3715 Deo,
873 3660 928 3705 et
976 3649 1045 3704 ad
1098 3648 1267 3702 lucem
1304 3646 1549 3700 veritatis
1599 3660 1693 3700 sua
1747 3653 1939 3712 sponte
1972 3642 2119 3698 clau-

556 3748 743 3799 dentes
801 3740 1005 3803 oculos,
1054 3737 1232 3793 cultus
1278 3734 1694 3792 simulacrorum
1720 3734 1935 3788 subiere
1966 3744 2119 3788 tene-

556 3842 697 3892 bras.
731 3835 1020 3905 Propterca
1073 3845 1203 3897 ergo
1259 3829 1402 3881 idem
1448 3825 1620 3880 nostri
1665 3825 1877 3893 generis
1906 3824 2119 3892 Opifex,

554 3926 646 3991 qui
672 3921 920 3992 benignis
948 3918 1243 3973 visceribus
1272 3929 1370 3971 nos
1401 3913 1655 3983 produxit
1680 3926 1746 3969 ex
1786 3911 1976 3979 nihilo,
2015 3926 2120 3967 non

554 4016 735 4069 ferens
764 4011 944 4067 videre
997 4010 1266 4065 hominem
1296 4007 1527 4077 opprimi
1561 4005 1780 4071 maligni
1814 4004 2118 4075 tyrannide,

554 4119 609 4160 et
640 4123 670 4159 a
709 4106 943 4159 Paterno
977 4103 1096 4156 sinu
1125 4114 1230 4153 non
1291 4097 1547 4161 excessit,
1595 4103 1650 4149 et
1701 4097 1881 4150 omnia
1924 4094 2121 4156 laetus,

558 4199 697 4252 sicut
722 4209 842 4259 nos,
872 4200 1074 4263 praeter
1103 4188 1279 4246 solum
1330 4195 1632 4259 peccatum,
1664 4185 1811 4242 cruci
1868 4183 2120 4254 anigitur,

555 4300 611 4343 ct
669 4288 916 4350 moritur,
950 4298 980 4337 a
1041 4281 1191 4350 lapsu
1247 4277 1457 4348 peccati
1520 4290 1619 4332 nos
1652 4275 1839 4333 volens
1869 4274 2118 4328 liberare.

555 4379 687 4429 Cum
740 4386 869 4442 ergo
899 4385 995 4426 sua
1027 4377 1203 4423 morte
1229 4366 1397 4421 nostri
1431 4366 1612 4434 lapsus
1664 4373 1942 4419 auctorem
1972 4362 2120 4431 deje-

2223 3201 2453 3270 ὖστερον
2506 3198 2738 3268 ἢγαγεν,
2801 3194 2875 3254 ώς
2905 3191 2980 3260 μὴ
3012 3189 3279 3258 σωμάτων
3321 3186 3502 3254 μόνον,
3526 3184 3665 3237 ἀλλά
3703 3184 3808 3235 καὶ

2218 3293 2403 3365 ψυχῶν
2465 3290 2645 3344 αὐτῶν
2682 3284 2957 3355 κυριεύειν
3005 3282 3273 3335 θάνατον⁹
3341 3274 3533 3346 ἀμέλει
3563 3275 3657 3327 καὶ
3703 3274 3807 3327 τὸν

2217 3364 2398 3453 ἀληθῆ
2436 3382 2569 3435 Θεὸν
2610 3376 2975 3436 ἀπολιπόντες
3031 3372 3128 3425 καὶ
3184 3370 3321 3440 πρὸς
3383 3368 3442 3421 τὸ
3469 3367 3670 3435 φέγγος
3696 3364 3807 3430 τῆς

2220 3474 2481 3544 ἀληθείας
2528 3471 2709 3524 ἑκοντὶ
2758 3467 3052 3537 μύσαντες,
3086 3461 3177 3515 τὸν
3205 3465 3303 3532 τῆς
3345 3456 3809 3527 είδωλολατρείας

2224 3566 2414 3619 σκότον
2444 3561 2704 3632 ὑπῆλθον.
2746 3556 2845 3612 Διά
2871 3555 3046 3610 ταῦτα
3065 3554 3243 3608 τοίνυν
3265 3551 3423 3615 αὑτὸς
3450 3553 3474 3605 ό
3502 3548 3596 3602 τοῦ
3638 3549 3781 3617 ἠμε-

2219 3658 2379 3729 τέρου
2405 3654 2593 3724 γένους
2615 3648 2959 3723 Δημιουργδς
2985 3649 3012 3700 ὁ
3032 3643 3437 3715 φιλανθρώποις
3466 3640 3811 3708 σπλάγχνοις

2220 3751 2288 3801 ὲκ
2336 3746 2430 3799 τοῦ
2486 3746 2560 3815 μὴ
2608 3744 2762 3805 ὄντος
2805 3736 3171 3811 παραγαγὼν,
3211 3733 3287 3803 μὴ
3320 3734 3502 3801 φέρων
3542 3730 3646 3782 ὑπὸ
3700 3729 3807 3781 τοῦ

2222 3837 2464 3908 πονηροῦ
2498 3821 2589 3888 τὸν
2619 3833 2910 3901 ἄνθρωπον
2940 3830 3072 3898 όρᾷν
3105 3824 3563 3894 τυραννούμενον,
3597 3820 3703 3873 τῶν
3738 3837 3806 3874 τε

2223 3923 2519 3996 [ἰατρικῶν
2549 3922 2649 3977 ούκ
2684 3919 2880 3989 ἐξέστη
2909 3916 3149 3979 κόλπων,
3188 3912 3285 3966 καὶ
3318 3910 3498 3964 πάντα
3528 3908 3667 3978 πλὴν
3701 3909 3810 3978 μό-

2221 4037 2319 4089 νης
2346 4019 2446 4088 τῆς
2478 4015 2754 4086 ἁμαρτίας
2802 4010 2925 4066 καθ’
2975 4011 3120 4079 ἡμᾶς
3155 4004 3419 4075 γεγονὼς,
3461 4001 3808 4069 σταυροῦται

2223 4111 2321 4163 καὶ
2363 4108 2609 4177 θνήσκει,
2653 4103 2751 4156 τοῦ
2784 4101 2886 4170 τῆς
2942 4097 3218 4169 ἁμαρτίας
3254 4095 3548 4165 πτώματος
3578 4092 3809 4147 ’ἐθέλων

2224 4198 2371 4269 ἡμᾶς
2403 4190 2813 4251 ἀνασώσασθαι.
2871 4187 2962 4259 Τῷ
3010 4185 3209 4241 ἑαυτοῦ
3246 4181 3538 4252 τοιγαροῦν
3574 4177 3809 4249 θανάτῳ

2221 4265 2315 4343 τδν
2357 4286 2530 4341 αῖτιον
2562 4284 2658 4338 τοῦ
2691 4280 2960 4352 ἡμετέρου
2997 4276 3291 4345 πτώματος
3346 4265 3804 4335 καταδεόληκὼς,

2224 4377 2386 4437 αὐτός
2415 4392 2475 4427 τε
2502 4374 2587 4434 είς
2634 4369 2897 4440 οὐρανοὺς
2942 4362 3283 4434 ἀνεληλύθει,
3316 4358 3409 4428 ἀφ’
3442 4352 3517 4413 ὧν
3539 4358 3635 4411 καὶ
3664 4374 3811 4413 κατ-

556 4469 740 4526 cisset,
768 4463 881 4535 ipse
914 4470 967 4517 et
996 4458 1243 4515 incretos
1289 4456 1554 4521 ascendit,
1583 4469 1615 4510 e
1644 4454 1842 4523 quibus
1895 4453 2118 4507 descen-

2228 4462 2412 4533 ἦλθεν,
2440 4459 2533 4513 καὶ
2563 4458 2711 4530 ημᾶς
2748 4458 2924 4510 ἐκεῖσε
2952 4452 3127 4517 καλεῖ,
3160 4451 3259 4521 τὴν
3290 4449 3425 4521 πρὸς
3464 4446 3627 4503 αὐτὸν
3663 4449 3810 4517 ἡμῖν

556 4560 711 4611 derat.
746 4570 763 4608 :
789 4562 842 4609 et
876 4566 973 4608 nos
997 4550 1121 4606 illuc
1145 4557 1325 4613 vocat,
1362 4554 1421 4601 ut
1448 4545 1539 4616 qui
1570 4543 1727 4600 nobis
1750 4543 1819 4599 ad
1851 4557 1910 4598 se
1935 4556 2123 4598 ascen-

557 4662 678 4701 sum
709 4643 1029 4700 ostenderit.
1065 4640 1298 4698 Potesne
1329 4647 1387 4693 tu
1420 4650 1637 4707 quoque
1665 4636 1768 4689 tale
1796 4634 1925 4706 quid
1940 4643 2124 4691 osten-

561 4740 713 4801 dere,
741 4735 884 4805 qued
914 4748 944 4786 a
987 4731 1093 4787 tuis
1114 4731 1218 4785 diis
1245 4730 1442 4788 laetum
1464 4729 1555 4793 sit,
1591 4741 1659 4781 an
1696 4726 1874 4793 tejam
1908 4740 2002 4782 eos
2024 4740 2123 4781 vo-

558 4844 685 4886 care
711 4826 988 4899 paenitet?
1019 4821 1427 4880 Possessionum
1458 4828 1638 4875 autem
1672 4826 1727 4874 et
1753 4817 2123 4888 pecuniarum,

546 4948 602 4994 οι
640 4922 862 4980 horteris
915 4919 1055 4990 apud
1105 4918 1480 4988 imperatores,
1509 4926 1628 4984 quae
1684 4920 1812 4966 sunt
1836 4918 2036 4976 vestra,
2069 4918 2127 4963 ut

547 5016 765 5086 dicitis,
800 5015 962 5077 bona,
996 5024 1094 5065 nos
1118 5023 1340 5080 parvam
1363 5021 1549 5061 curant
1573 5004 1830 5075 gerimus.
1862 5010 1919 5057 ut
1940 5002 2029 5072 qui
2063 5016 2124 5055 ea

546 5122 575 5159 η
597 5122 665 5163 on
698 5116 954 5174 tanquam
984 5099 1181 5155 stantia
1205 5096 1470 5167 judicare,
1502 5095 1596 5149 sed
1630 5102 1883 5161 tanquam
1916 5090 2125 5160 lugien—

562 5202 657 5265 tia,
690 5206 835 5252 recte
888 5193 1236 5250 didicerimus
1266 5205 1295 5243 a
1346 5187 1628 5259 prepbeta,
1651 5194 1704 5240 et
1740 5185 1969 5238 maxime
2004 5198 2126 5237 cum

563 5293 616 5345 in
647 5289 813 5343 Deum
863 5289 1038 5356 ips'tm
1095 5298 1242 5353 spent
1290 5277 1758 5341 collocaverimus,
1806 5284 1860 5330 et
1895 5273 1961 5328 ab
1986 5274 2127 5327 illius

561 5381 731 5447 gloria
765 5378 860 5432 toti
896 5376 1246 5444 pendeamus,
1284 5379 1504 5439 propter
1552 5379 1709 5436 quem
1740 5364 1905 5419 etiam
1934 5376 2127 5429 magno

560 5489 635 5527 ac
659 5470 782 5525 forti
814 5472 995 5523 animo
1021 5468 1127 5537 pati
1146 5465 1455 5521 statuimus.

616 5562 727 5619 V‘ll.
744 5560 999 5614 Haaecum
1018 5553 1545 5619 audiissetValerius,
1562 5558 1615 5606 et
1630 5550 1945 5616 aegritudine
1962 5547 2125 5601 animi

562 5656 664 5712 [uit
695 5656 943 5719 affectus,
969 5660 1021 5707 et
1055 5651 1176 5720 igne
1224 5647 1447 5704 insanire
1492 5646 1763 5699 incensus.
1794 5641 1857 5695 Et
1883 5639 2130 5709 protinus

564 5761 768 5802 exuens
798 5745 973 5799 ﬁctam
1032 5754 1317 5812 personam
1368 5731 1813 5799 mansuetudinis,
1856 5732 2124 5785 internam

2226 4555 2413 4609 ἄνοδον
2478 4550 2785 4616 ὑποδείξας.
2854 4548 3039 4619 Ἔχεις
3077 4562 3129 4599 τι
3190 4543 3287 4598 καὶ⁵
3343 4541 3506 4606 αὐτὸς
3551 4538 3807 4594 τοιοῦτον

2226 4644 2597 4711 ἀντεπιδεῖξαι
2636 4642 2789 4711 παρά
2840 4640 2947 4692 τῶν
2979 4637 3262 4706 ὑμετέρων
3287 4633 3424 4686 θεῶν
3458 4631 3756 4701 γενόμενον
3789 4649 3807 4697 ;

2227 4741 2259 4810 ἢ
2292 4740 2390 4793 καὶ
2423 4739 2484 4791 τὸ
2528 4735 2684 4797 θεοὺς
2708 4732 2807 4803 ήδη
2856 4729 3080 4790 τούτους
3128 4727 3318 4779 καλεῖν
3351 4725 3645 4794 μεταμέλει
3674 4739 3805 4788 σοις

2227 4830 2529 4899 κτημάτων
2556 4826 2614 4879 ὃὶ
2636 4826 2731 4880 καὶ
2759 4822 3059 4894 χρημάτων
3085 4818 3178 4870 καὶ
3204 4820 3303 4885 τῆς
3339 4815 3487 4886 παρὰ
3511 4812 3809 4883 βασιλεῦσι

2227 4920 2392 4989 τιμῆς
2418 4917 2528 4971 τῶν
2559 4916 2864 4986 ὑμετέρων,
2924 4911 2999 4974 ὣς
3040 4924 3201 4979 φατε,
3254 4905 3435 4961 καλῶν
3479 4904 3635 4973 λόγος
3666 4905 3812 4975 ἡμῖν

2227 5011 2428 5076 ὀλίγος,
2459 5011 2559 5077 οὐχ
2588 5007 2663 5069 ὡς
2710 5003 2922 5057 ἑστῶτα
2972 5002 3199 5072 κρίνειν,
3259 4998 3375 5053 ἀλλ’
3420 4997 3495 5059 ώς
3524 4996 3811 5066 φεύγοντα.

2229 5093 2411 5157 καλῶς
2460 5093 2566 5145 ὑπὸ
2612 5089 2706 5143 τοῦ
2758 5088 3039 5156 προφήτου
3092 5084 3266 5138 ταῦτα
3316 5082 3812 5150 πεπαιδευμένοις,

2229 5186 2403 5247 ἄλλως
2450 5201 2509 5236 τε
2538 5182 2591 5235 δὲ
2629 5180 2725 5234 καὶ
2754 5181 2835 5243 είς
2887 5177 3020 5231 Θεὸν
3053 5176 3152 5246 ήδη
3193 5173 3385 5226 ἐλπίδα
3420 5172 3673 5241 θεμένοις
3706 5172 3815 5224 καὶ

2229 5278 2325 5344 τῆς
2389 5274 2596 5327 ἐκεῖθεν
2642 5273 2799 5341 δόξης
2844 5270 2978 5331 ὅλως
3035 5267 3402 5339 ἐξεχόμενοις,
3433 5264 3498 5316 δι’
3528 5264 3587 5315 δν
3628 5263 3722 5316 καὶ
3743 5264 3815 5316 τὸ

2230 5365 2424 5417 παθεῖν
2457 5362 2705 5437 εὐψύχως
2737 5360 3013 5429 είλόμεθα.

2303 5549 2375 5605 Z'.
2411 5548 2627 5602 Τούτων
2663 5546 2902 5609 ἀκούσας
2942 5545 3261 5615 Οὐαλέριος,
3293 5543 3502 5613 ἀθυμία
3530 5560 3587 5595 τε
3623 5544 3813 5613 εἶχετο

2232 5642 2329 5695 καὶ
2364 5641 2494 5710 πυρί
2531 5642 2724 5707 μανίας
2755 5639 3033 5705 ἐφλέγετο,
3073 5639 3163 5689 καὶ
3200 5638 3545 5705 παραχρῆμα
3596 5637 3657 5687 τὸ
3684 5635 3814 5686 ἐπί-

2233 5733 2468 5787 πλαστον
2500 5734 2596 5803 τῆς
2626 5731 2966 5802 ἡμερότητος
2998 5731 3341 5799 προσωπεῖον
3365 5726 3684 5793 ἀποϐαλὼν,
3707 5729 3817 5795 τὴν
