3972 6438
544 328 646 392 119
1831 338 2112 396 MENSIS

2211 340 2486 402 PRILIS.
3677 341 3778 404 120

537 457 636 526 tyri
669 469 884 522 gravent
917 453 1150 505 dolorem
1185 451 1499 508 al'l'erehant.
1533 452 1625 507 His
1656 452 1925 507 defossum
1973 450 2104 505 fuis-

2211 447 2313 514 ἱνες
2345 453 2400 505 δὲ
2450 452 2825 521 διασπνῦμεναι
2877 452 3216 522 δριμυτάτην
3270 453 3348 522 τῷ
3385 455 3622 527 μάρτυρι
3675 457 3779 526 τὴν

535 555 660 610 set,
688 545 849 596 etiam
887 542 930 596 si
959 543 1086 611 quid
1145 542 1440 595 inanitmnn
1490 543 1561 595 ita
1615 541 1806 596 fuisset
1856 557 2094 596 casum:

2211 542 2454 610 αἴσθησιν
2484 542 2763 595 ἐνεποίουν
2785 558 2796 569 ⁸
2828 542 3034 609 ἔκαμεν
3060 543 3125 594 ἂν
3157 543 3215 592 ἐν
3248 543 3482 608 τούτοις,
3517 547 3570 596 ετ
3600 561 3650 595 τι
3683 549 3779 597 καὶ

535 635 782 687 doluistis
815 643 997 686 autem
1034 648 1127 686 vos
1159 647 1373 700 quoque
1399 633 1615 686 omnino
1665 632 1744 685 vel
1791 631 1961 686 solum
1999 647 2091 684 auo

2208 631 2306 680 τῶν
2330 630 2553 700 ἀψύχων
2583 625 2650 700 ἢν
2697 628 3074 698 αἰκιζόμενον·
3102 630 3377 699 arma“.
3409 631 3464 683 δὲ
3495 632 3588 683 καὶ
3617 634 3776 700 ὑμεῖς

536 727 762 778 dientes.
799 723 903 776 Sed
936 733 1140 791 martyr
1171 739 1275 790 quo
1301 724 1464 791 magis
1488 723 1784 792 augebatur
1813 724 2098 777 multitudo

2208 724 2419 784 πάντως
2461 723 2553 774 καὶ
2586 722 2720 791 πρὸς
2754 723 2924 792 μόνην
2963 723 3061 790 τὴν
3094 723 3286 791 ἀκοήν.
3333 723 3472 776 Ἀλλ’
3507 725 3533 774 ὀ
3560 727 3776 794 μάρτυς

535 815 942 883 suppliciorum.
975 827 1038 865 eo
1080 815 1246 882 magis
1274 823 1389 866 erat
1423 814 1534 880 ipse
1563 821 1749 878 captus
1779 812 1871 866 Dei
1894 827 2095 874 amore,

2212 820 2309 886 ὅσῳ
2360 817 2418 869 τὸ
2471 817 2672 885 πλῆθος
2713 817 2820 868 τῶν
2852 815 3125 868 κολάσεων
3179 816 3509 879 ἐπετείνετο,
3537 818 3780 885 τοσούτῳ

532 920 586 960 et
627 919 882 974 tanquam
933 899 996 958 ex
1060 921 1118 959 re
1143 908 1317 974 aliqua
1369 904 1685 958 suavissima
1723 920 1781 958 se
1829 903 2099 972 voluptate

2208 913 2292 960 καὶ
2354 910 2513 970 αὑτός
2572 909 2770 977 μᾶλλον
2818 909 2896 978 τῷ
2931 908 3067 978 πρὸς
3122 907 3255 960 Θεὸν
3291 910 3546 977 ἡλίσκετο
3582 911 3776 979 ἔρωτι,

531 999 780 1065 explebat
810 1015 873 1051 ex
906 998 1213 1051 doloribus:
1251 997 1424 1050 donec
1456 996 1573 1063 ejus
1604 998 1804 1051 virtute
1851 995 2096 1052 defessus

2209 1002 2294 1053 ui.
2333 1002 2524 1070 ὥσπερ
2577 1003 2722 1061 τινὸς
2777 1000 2996 1070 ἡδίστου
3056 1000 3374 1068 κατετρύφα
3406 1001 3515 1054 τῶν
3547 1001 3777 1061 ὀδυνῶν,

534 1090 798 1153 Valerius,
824 1105 944 1142 eum
984 1089 1283 1142 transmisit
1319 1088 1368 1140 in
1399 1102 1694 1144 carcerem.

2205 1095 2304 1155 ἕως
2339 1093 2471 1162 πρὸς
2503 1094 2562 1144 τὸ
2591 1091 2683 1145 τοῦ
2715 1091 2909 1161 ἀνδρὸς
2949 1093 3194 1159 γενναῖον
3223 1091 3531 1160 ἀποκαμὼν
3562 1092 3773 1144 Οὐαλέ-

2204 1203 2336 1255 ριος,
2371 1183 2556 1236 τοῦτον
2595 1185 2692 1252 μὲν
2727 1183 3054 1253 παρέπεμψε
3085 1186 3150 1252 τῇ
3178 1183 3396 1252 εἱρκτῇ.

604 1269 717 1322 XII.
751 1269 886 1324 Cum
918 1279 1091 1324 autem
1116 1269 1352 1322 divinum
1387 1269 1501 1323 sisti
1535 1279 1772 1323 curasset
1819 1269 2090 1340 Papylnm,

2270 1278 2368 1328 IB'.
2395 1277 2500 1328 Τὸν
2531 1277 2587 1327 δὲ
2619 1276 2763 1328 θεῖον
2793 1277 3294 1346 παραστησάμενος
3333 1275 3608 1341 Πάπυλον,
3661 1277 3776 1329 ῶσ-

533 1362 754 1428 perinde
785 1378 844 1417 ac
865 1363 908 1416 si
937 1379 1077 1416 nuuc
1101 1378 1220 1416 eum
1251 1363 1477 1428 primum
1511 1362 1827 1430 aspexisset,
1869 1364 2093 1429 rogavit,

2207 1383 2303 1435 περ
2335 1366 2429 1417 νῦν
2459 1365 2674 1435 πρῶτον
2701 1365 2862 1418 αὑτὸν
2889 1363 3248 1433 θεασάμενος,
3281 1364 3494 1435 ἠρώτα,
3524 1366 3669 1430 τίνες
3721 1368 3775 1420 οἱ

533 1453 748 1518 quinam
778 1463 956 1506 essent
985 1461 1232 1520 parentes
1258 1494 1273 1518 ,
1304 1467 1546 1521 quaenam
1581 1455 1754 1522 patria
1778 1495 1792 1514 ,
1845 1465 1897 1507 et
1947 1471 2097 1523 quae-

2207 1460 2433 1527 γενὲται,
2463 1457 2546 1519 τίς
2580 1460 2612 1526 η
2643 1459 2842 1525 πατρὶς
2894 1459 2990 1510 καὶ
3026 1457 3110 1520 τίς
3147 1455 3254 1523 ἄρα
3285 1459 3317 1526 ἡ
3368 1459 3647 1528 ἐπιστήμη
3690 1461 3775 1529 ’τῷ

535 1558 656 1594 nam
692 1552 829 1595 esset
861 1543 1080 1612 martyri
1114 1545 1358 1597 scientia.
1412 1544 1641 1599 Sanctus
1686 1557 1896 1599 autem:
1931 1544 2046 1599 Jarn
2075 1586 2092 1611 ,

2207 1550 2456 1620 μάρτυρι.
2511 1549 2571 1600 '0
2606 1547 2664 1600 δὲ
2699 1549 2855 1614 άγιος
2885 1563 2898 1575 ·
2937 1547 3280 1616 Μεμάθηκας
3304 1547 3428 1616 ήδη,
3463 1550 3647 1616 φησὶν,
3688 1551 3775 1601 ὅτι

535 1635 727 1701 inquit,
757 1635 962 1690 discere
991 1636 1234 1704 potuisti,
1267 1652 1349 1691 me
1375 1652 1492 1690 esse
1524 1648 1704 1690 natum
1752 1653 1813 1690 es
1850 1638 2095 1706 ingenuis

2209 1642 2496 1710 ἐλευθέρων
2525 1639 2777 1709 πατέρων
2807 1637 2918 1704 ιγὼ
2941 1640 3068 1699 παῖς
3093 1656 3106 1667 °
3139 1641 3201 1691 ἐκ
3233 1637 3548 1706 Θυατείρων
3578 1639 3632 1690 δ’.
3655 1638 3777 1709 ῶρ-

533 1726 886 1793 parentihus;
948 1741 1064 1778 sum
1119 1729 1260 1780 enim
1316 1730 1474 1779 natu‘s
1526 1724 1829 1782 Thvatiris:
1868 1740 2095 1782 exerceo

2209 1748 2400 1800 μημαι,
2427 1731 2647 1799 μέτειμι
2669 1729 2725 1782 δὲ
2746 1729 3018 1798 ἰατρικὴν,
3043 1729 3141 1797 οὐχ
3174 1729 3345 1796 ὁπόση
3379 1727 3586 1796 γένοιτο
3616 1729 3684 1781 ἂν
3706 1731 3777 1781 hs

534 1821 712 1864 autem
744 1814 1085 1876 medicinam,
1123 1830 1223 1865 non
1259 1829 1376 1881 qua:
1411 1815 1570 1866 fuerit
1596 1829 1659 1866 ex
1685 1815 1863 1867 herbis
1894 1829 1924 1868 e
1953 1825 2095 1868 terra

2209 1823 2441 1892 βοτανῶν
2467 1823 2574 1873 τῶν
2602 1823 2666 1874 ἐκ
2694 1823 2797 1889 γῆς
2821 1820 3135 1889 φυομένων,
3168 1821 3282 1872 ἀλλ’
3307 1821 3405 1889 ὅση
3439 1821 3502 1873 ἄν
3535 1836 3641 1871 τινι
3659 1821 3777 1872 ἀπ’)

536 1904 904 1968 nascentibus,
943 1904 1034 1956 sed
1061 1920 1176 1972 qna:
1212 1904 1370 1957 alicui
1402 1923 1430 1957 a
1465 1905 1570 1958 Deo
1606 1908 1722 1956 data
1760 1904 1942 1959 fuerit.
1977 1903 2093 1959 Non

2208 1913 2331 1966 Βεοῦ
2361 1913 2539 1982 δοθείη
2563 1929 2576 1942 ο
2618 1913 2711 1964 καὶ
2739 1911 2846 1981 γάρ
2871 1911 2932 1962 οὐ
2969 1911 3132 1980 μέχρι
3181 1910 3288 1962 τῶν
3314 1909 3584 1979 σωμάτων
3613 1925 3776 1978 περι-

534 1997 676 2048 enim
711 2011 880 2065 usque
915 1996 980 2049 ad
1014 2012 1237 2065 corpora
1270 1998 1763 2051 circumscribimus
1791 1998 1906 2066 ejus
1952 1999 2097 2052 utili-

2209 2006 2453 2074 >ρίζομεν
2479 2004 2576 2074 τὴν
2597 2003 2884 2072 ὠφέλειαν,
2910 2001 3044 2054 ἀλλὰ
3064 2001 3286 2054 καὶτῶν
3315 2000 3561 2070 ψυχικῶν
3587 2002 3777 2071 ἀρρω-

535 2095 727 2138 tatem:
771 2088 862 2140 sed
890 2087 1049 2140 etiam
1083 2088 1298 2141 morbos
1343 2089 1536 2142 animm
1576 2089 1915 2159 corrigimus.
1946 2089 2096 2144 Tunc

2207 2096 2488 2164 στημάτων
2546 2091 2850 2162 ποιούμεθα
2879 2091 2978 2161 τὴν
3025 2093 3332 2160 διόρθωσιν.
3381 2089 3512 2144 Εἶτα
3545 2092 3575 2143 ὀ
3608 2091 3775 2143 δικα-

530 2177 732 2244 judcx:
771 2176 884 2230 Non
915 2180 1043 2241 haec,
1073 2179 1266 2248 inquit,
1293 2179 1406 2233 ﬁeri
1436 2182 1708 2248 potuerint
1737 2181 1855 2233 sine
1883 2182 2094 2234 excrci-

2211 2186 2327 2252 ττής
2355 2201 2367 2214 ·
2419 2184 2530 2234 Οὐκ
2562 2183 2688 2234 ἄνευ
2735 2183 3021 2249 ἀσκήσεως
3054 2181 3164 2233 τῶν
3219 2181 3484 2249 Γαληνοῦ,
3518 2182 3642 2251 ἔφη,
3675 2183 3779 2234 καὶ

539 2271 739 2324 latione
766 2286 976 2334 eorum,
1010 2288 1126 2338 qua:
1161 2274 1328 2338 scipta
1362 2282 1484 2325 sunt
1515 2287 1544 2326 a
1578 2273 1780 2326 Caleno
1804 2285 1856 2327 et
1896 2273 2094 2342 Hippo-

2211 2272 2605 2342 Ἱπποκράτους
2628 2329 2635 2335 ,
2657 2271 2815 2325 ταυτὶ
2842 2272 3070 2338 γένοιτο,
3095 2271 3150 2324 οἶ
3180 2271 3333 2340 παρά
3360 2271 3466 2322 τῶν
3497 2272 3635 2326 θεῶν
3669 2275 3779 2343 τῆς

535 2373 702 2427 crate,
730 2365 818 2430 qui
839 2374 1161 2432 acceperunt
1194 2380 1222 2416 a
1256 2364 1360 2418 diis
1385 2381 1646 2418 summam
1675 2365 1813 2419 illius
1835 2367 2092 2420 scientiae.

2209 2358 2507 2434 ἐπιστήμης
2552 2364 2612 2415 τὸ
2647 2363 2942 2429 κεφάλαιον
2973 2363 3184 2416 ἔλαθον.
3249 2363 3357 2416 Καὶ
3413 2365 3441 2415 ὀ
3476 2365 3734 2427 Πάπυλος
3760 2382 3777 2397 ’

535 2454 762 2523 Papylus
793 2464 1003 2508 autem:
1043 2455 1276 2510 Galenus
1309 2457 1542 2524 quidem,
1597 2459 1790 2528 inquit,
1818 2474 1871 2514 et
1895 2460 2093 2528 Hippo-

2217 2457 2434 2526 ἀληνδς
2468 2455 2567 2525 μὲν
2613 2452 2707 2506 καὶ
2754 2453 3146 2523 Ἱπποκράτης,
3201 2455 3294 2507 καὶ
3324 2455 3373 2504 οί
3402 2455 3502 2524 τὴν
3537 2453 3785 2546 ἐκείνων

454 2620 456 2623 Ι
533 2555 736 2608 crates,
771 2556 821 2599 et
849 2549 938 2616 qui
973 2548 1182 2600 illorum
1207 2561 1374 2602 artem
1407 2562 1680 2613 exercent,
1709 2560 1834 2605 tunc
1861 2553 2022 2621 alique

2209 2549 2475 2621 μετιόντες
2507 2547 2726 2616 τέχνην,
2766 2547 2890 2598 τότε
2925 2544 2990 2598 ἄν
3017 2563 3140 2598 τινα
3159 2543 3577 2615 θεραπεύσειαν,
3605 2543 3777 2616 ἡνίκα

533 2641 856 2703 curaverint,
893 2644 1105 2709 quando
1138 2643 1364 2711 gratiam
1401 2658 1510 2698 sua:
1565 2646 1911 2712 benignitatis
1945 2661 2096 2700 meus

2210 2645 2290 2712 τῆς
2315 2640 2512 2693 ἑαυτοῦ
2542 2640 2955 2708 φιλανθρωπίας
2977 2639 3077 2705 τὴν
3123 2639 3283 2707 χάριν
3323 2637 3415 2688 καὶ
3448 2640 3474 2689 ὀ
3506 2637 3634 2706 ἐμὸς
3664 2654 3778 2690 πα-

530 2742 749 2796 quoque
793 2729 1040 2784 Christus
1081 2732 1388 2798 pt‘mbtteril.
1440 2733 1536 2786 Sin
1585 2735 1792 2796 mimis,
1848 2739 1985 2803 perit
2017 2736 2095 2790 eis

2207 2736 2388 2803 ράσχοι
2416 2733 2682 2802 Χριστός·
2729 2732 2776 2784 εί
2819 2730 2864 2784 δ’
2899 2727 3014 2792 οὖν,
3045 2731 3252 2798 οἴχεται
3286 2729 3469 2790 αὐτοῖς
3494 2730 3526 2791 ὴ
3563 2729 3775 2796 σπουδὴ

532 2821 792 2882 studium,
826 2821 956 2874 nihil
993 2823 1254 2876 commodi
1291 2838 1624 2892 consequens
1664 2840 1727 2880 ex
1768 2842 1866 2880 sua
1901 2829 1951 2880 in
1978 2836 2096 2881 arte

2205 2824 2365 2894 μηδὲν
2392 2823 2489 2892 τῆς
2520 2823 2648 2890 περὶ
2679 2821 2776 2889 τὴν
2805 2821 3003 2889 τέχνην
3037 2819 3325 2885 ἀσκήσεως
3373 2815 3734 2868 ἀπολαύσασα
3757 2834 3773 2848 ’

531 2911 940 2966 exercitatione.
975 2912 1120 2978 Quos
1146 2925 1322 2968 autent
1359 2916 1487 2970 deos
1519 2919 1761 2970 nominas
1790 2959 1804 2981 ,
1841 2934 1960 2973 cum
1995 2936 2093 2975 nec

2210 2917 2283 2978 ὧς
2312 2915 2368 2967 δέ
2423 2931 2485 2982 γε
2533 2913 2818 2982 ὀνομάζεις
2853 2911 3030 2973 θεοὺς,
3079 2909 3200 2962 οὐδὲ
3225 2908 3456 2970 ἑαυτοὺς
3490 2907 3682 2976 ὀνῆσαί
3719 2925 3778 2960 τι

533 3004 632 3058 sihi
665 3005 875 3071 quidem
915 3006 1120 3072 pes-sint
1153 3007 1352 3071 aliquid
1408 3010 1661 3074 prodesse
1691 3049 1704 3072 ,
1761 3013 2027 3077 quomodo
2057 3014 2090 3065 ii

2208 3012 2506 3080 δυνάμενοι,
2567 3007 2682 3068 πῶς
2730 3006 2798 3058 ἂν
2853 3005 2952 3073 τῆς
2983 3004 3193 3073 ἐτέρων
3245 2996 3396 3055 οὗτοι
3436 3001 3776 3069 φροντίσωσι

530 3110 713 3146 curam
739 3096 1005 3163 gesserint
1053 3095 1278 3146 aliorum
1323 3096 1589 3151 sanitatis.
1644 3097 1794 3163 Quod
1832 3099 1874 3152 si
1928 3103 2089 3155 etiam

2211 3102 2522 3172 >εραπείας;
2566 3099 2628 3150 Εἰ
2667 3097 2722 3149 δὲ
2750 3096 2844 3149 καὶ
2875 3094 3071 3163 μαθεῖν
3103 3094 3250 3164 ἔργῳ
3295 3093 3356 3145 τὸ
3375 3093 3624 3184 Χπρᾶγμα
3651 3091 3779 3142 ἑθέ-

530 3183 661 3236 velis
689 3199 795 3235 rem
825 3186 991 3247 ipsum
1023 3201 1145 3236 vere
1182 3185 1477 3248 intelligere
1503 3227 1516 3248 ,
1549 3202 1669 3242 enm
1705 3229 1718 3251 ,
1748 3190 1839 3257 qui
1872 3202 2092 3260 propter

2210 3211 2326 3256 [εις.
2371 3193 2459 3244 τὸν
2510 3189 2662 3258 παρὰ
2719 3189 2802 3240 eoi.
2862 3188 3173 3255 καθήμενον
3233 3183 3655 3254 πεπηρωμένον,
3693 3183 3778 3245 ὡς

531 3277 582 3324 te
611 3275 778 3334 sedet,
799 3276 966 3328 altero
993 3288 1045 3326 nt
1081 3278 1225 3330 vides
1253 3277 1408 3330 uculo
1433 3280 1644 3342 orbum,
1682 3278 1882 3334 faciant
1919 3285 2088 3335 visum

2209 3285 2358 3353 ὂρᾷς,
2417 3281 2546 3332 δντα
2596 3279 2685 3332 τὸν
2728 3278 2914 3346 ἕτερον
2951 3275 3060 3328 τῶν
3092 3273 3412 3344 ὀφθαλμῶν,
3468 3272 3777 3339 ἀναᾶλέψαι

533 3382 887 3434 recuperare:
947 3378 1000 3418 et
1044 3379 1227 3435 postea
1270 3371 1398 3423 nihil
1442 3371 1631 3423 dicam.
1685 3371 1867 3424 Fuerit
1913 3384 2091 3427 autem

2206 3374 2598 3444 ποιησάτωσαν,
2655 3370 2825 3440 κάμοὶ
2876 3370 3033 3435 λόγος
3087 3369 3148 3420 τὸ
3197 3367 3338 3436 μετὰ
3360 3364 3536 3417 ταῦτα
3568 3364 3774 3424 οὐδείς.

441 3489 445 3492 -
533 3456 820 3523 quispiam,
851 3459 924 3511 ait
960 3457 1221 3522 Valerius,
1254 3461 1340 3528 qui
1374 3477 1493 3512 enm
1530 3463 1697 3529 possit
1722 3465 1954 3517 sanare?
1977 3463 2009 3517 IV

2210 3465 2296 3532 Ξῖη
2349 3463 2394 3515 δ’
2427 3465 2490 3517 ἄν
2539 3479 2644 3525 τις,
2681 3457 2835 3511 εἶπεν
2864 3459 3182 3528 Οὐαλέριος,
3228 3459 3256 3510 ὀ
3303 3457 3494 3510 τοῦτον
3535 3456 3778 3523 ὑγιῶσαι

531 3547 633 3602 hoc
665 3549 863 3609 solum,
894 3549 1063 3615 inquit
1091 3559 1340 3615 sanctus,
1377 3554 1468 3605 sed
1513 3569 1699 3609 omnes
1745 3557 1906 3608 etiam
1960 3557 2096 3610 alios

2211 3556 2527 3623 ἰυνάμενος;
2565 3583 2634 3593 -
2667 3550 2743 3602 Οὐ
2783 3548 2972 3600 τοῦτον
3009 3549 3191 3618 μόνον,
3242 3549 3271 3600 ὀ
3300 3548 3453 3615 ἅγιος
3483 3546 3608 3616 ἔφη,
3632 3545 3779 3598 ἀλλᾶ

531 3638 753 3692 morbos
782 3648 834 3692 et
872 3638 1184 3696 allectiones
1222 3642 1545 3697 insanabiles
1600 3644 1755 3697 Iacile
1794 3647 2089 3712 curaverit,

2215 3644 2298 3697 civ
2326 3643 2478 3705 νόσος
2507 3642 2640 3710 άλλη
2673 3657 2752 3703 τις
2799 3635 2858 3713 ᾗ,
2899 3640 3002 3693 κᾶν
3057 3640 3226 3700 πάθος
3278 3638 3398 3690 οὐδὲ
3429 3636 3558 3720 παρ’
3588 3634 3783 3700 ὀλίγον

529 3730 618 3799 qui
655 3731 930 3785 Christum
966 3732 1113 3784 omni
1147 3735 1336 3787 morho
1391 3735 1692 3790 medentem
1739 3738 2092 3795 invocaverit.

2219 3742 2435 3808 άσιμον,
2507 3734 2702 3806 ῥᾳδίως
2745 3735 2962 3786 ἅπαντα
3013 3730 3424 3798 θεραπεύσειεν,
3484 3727 3541 3788 δς
3581 3725 3647 3778 ἂν
3676 3726 3780 3779 τὸν

532 3819 676 3874 Dixit
709 3831 888 3876 autem
925 3819 1206 3877 Valerius:
1243 3823 1532 3880 Videamus
1584 3828 1632 3880 in
1671 3833 1954 3896 praesentia
1992 3832 2040 3883 id
2077 3872 2090 3893 ,

2217 3833 2428 3902 ώμενον
2451 3833 2628 3882 πᾶσαν
2652 3829 2808 3880 νόσον
2831 3829 2925 3879 καὶ
2953 3826 3132 3878 πᾶσαν
3162 3823 3434 3895 μαλακίαν
3452 3821 3785 3876 ὲπικαλοῖτο

529 3911 674 3980 quod
703 3914 868 3968 dicis:
903 3914 1016 3967 Non
1049 3931 1168 3983 ego,
1200 3917 1372 3983 inquit
1399 3919 1644 3987 Papylus,
1679 3922 1955 3990 aggrediar
1983 3924 2095 3992 pri-

2211 3923 2450 3995 Ι(ριστόν.
2497 3922 2606 3976 Καὶ
2631 3920 2723 3972 τὸν
2759 3918 3055 3986 Οὐαλέριον
3095 3917 3260 3985 φάναι
3281 3933 3295 3948 ο
3336 3916 3568 3984 Ἰδωμεν
3598 3915 3656 3966 ἐν
3687 3913 3779 3984 τῷ

533 4021 676 4058 mus.
713 4005 911 4058 Vereor
942 4008 1084 4060 enim
1116 4048 1130 4072 ,
1167 4021 1232 4060 ne
1265 4022 1383 4060 cum
1411 4010 1524 4077 ipse
1551 4013 1728 4066 omnia
1775 4015 2047 4068 adulteres
2075 4056 2092 4078 ,

2210 4009 2425 4078 παρόντι
2463 4009 2490 4059 ὃ
2527 4009 2726 4072 λέγεις.
2778 4039 2847 4048 -—-
2901 4006 3014 4056 Ούκ
3072 4004 3200 4070 ἐγὼ,
3229 4005 3395 4072 φησὶν
3428 4006 3456 4054 ὀ
3490 4002 3778 4064 Πάπυλος,

530 4097 847 4150 miraculum
893 4099 1135 4152 ascrihas
1185 4097 1540 4153 dzemonibus.
1587 4104 1691 4153 Sed
1741 4104 1812 4155 tui
1864 4106 2093 4170 primum

2213 4100 2506 4168 ιγχειρήσω
2567 4097 2820 4166 πρῶτος·
2861 4096 3078 4148 δέδοικα
3131 4093 3261 4164 γὰρ,
3315 4093 3480 4164 μὴτὸ
3533 4094 3781 4162 πρᾶγμα

531 4190 782 4242 invocent
813 4206 970 4257 quem
1006 4190 1170 4244 velint
1204 4203 1416 4245 tuorum
1454 4193 1708 4257 deorum,
1743 4205 1795 4250 et
1829 4207 1954 4253 tuac
1993 4213 2094 4267 ego

2215 4192 2456 4254 νοθεύσας
2487 4191 2648 4253 αὐτὸς
2681 4192 2790 4251 τοῖς
2828 4189 3046 4258 δαίμοσι
3103 4189 3172 4239 τὰ
3208 4187 3304 4240 τοῦ
3331 4187 3610 4256 θαύματος
3638 4186 3783 4237 ὐπο-

529 4296 742 4351 quoque
773 4284 1057 4338 ostendant
1083 4283 1284 4336 Christi
1316 4285 1422 4337 mei
1448 4286 1723 4340 virtutem.

2216 4288 2445 4358 ξράψῃςο
2473 4287 2585 4340 ἀλλ’
2620 4288 2668 4337 οἱ
2703 4288 2786 4336 σοὶ
2844 4285 3132 4354 πρότερον,
3182 4283 3248 4352 ἢν
3299 4282 3618 4350 βούλωνται.
3657 4280 3784 4334 τῶν

2199 4381 2336 4432 θεῶν
2368 4378 2522 4448 ὑμῶν
2552 4377 2843 4446 ἐπίκλησιν
2884 4376 3291 4444 ποιησάτωσαν,
3327 4375 3422 4429 καὶ
3451 4376 3572 4428 τότε
3603 4374 3798 4427 πάλιν⁵

2127 4451 2170 4506 D
2200 4469 2362 4529 αὐτὸς
2393 4467 2489 4536 τὴν
2520 4466 2614 4519 τοῦ
2640 4464 2774 4536 ἐμοῦ
2815 4465 3048 4536 Χριστοῦ
3074 4465 3304 4534 δύναμιν
3335 4465 3610 4530 ἐπιδείξω.

597 4553 743 4608 XIII.
784 4553 937 4610 Tunc
961 4569 1081 4610 cuni
1119 4555 1620 4626 quosdam-deorum
1651 4557 1888 4613 cultores
1918 4568 1972 4612 et
2001 4575 2092 4612 sa-
2151 4587 2165 4609 ι

2271 4561 2375 4614 II".
2409 4559 2539 4615 Τότε
2567 4559 2908 4628 θεραπευτάς
2930 4575 3083 4619 τινας
3111 4559 3204 4609 καὶ
3233 4557 3400 4619 θύτας
3423 4558 3781 4627 παραγαγὼν

535 4647 740 4702 trilices
770 4648 1080 4701 adduxisset
1130 4647 1374 4702 Valerius
1403 4687 1418 4710 ,
1469 4648 1629 4714 jussit
1676 4664 1802 4702 suos
1841 4651 2094 4706 invocare

2211 4647 2568 4722 θοὺαλέῥιος,
2610 4652 2735 4710 τοὺς
2797 4648 3007 4701 ἑαυτῶν
3066 4648 3324 4702 δκιλιυεν
3384 4649 3779 4706 ἐπικαλεῖσθαι

535 4743 676 4802 leos,
707 4738 930 4803 nullam,
963 4754 1081 4809 quae
1113 4738 1178 4792 ad
1207 4739 1307 4795 hoc
1337 4738 1524 4803 faciat,
1559 4741 1870 4796 omittentes
1894 4752 2088 4804 artem,

2214 4744 2375 4806 ὶεοῦς,
2414 4743 2548 4810 μηδὲ
2571 4742 2786 4809 τέχνης,
2815 4741 2950 4811 μηδὲ
2977 4741 3245 4806 ἐπινοίας,
3275 4740 3398 4811 μηδ’
3431 4741 3598 4808 ἄλλης
3623 4743 3782 4805 τινδς

531 4846 625 4883 nec
657 4831 996 4893 industriam,
1032 4847 1131 4884 nec
1153 4833 1436 4886 rationem.
1466 4832 1544 4887 llli
1577 4842 1774 4897 autem,
1810 4833 1948 4887 alius
1987 4834 2090 4887 alio

2214 4832 2425 4886 ιεθόδου
2477 4831 2612 4901 πρὸς
2663 4830 2820 4884 τοῦτο
2869 4830 3157 4900 μεθιέντας
3211 4829 3401 4900 μηδὲν.
3438 4829 3502 4880 Οἱ
3527 4827 3582 4882 δὲ
3606 4829 3782 4896 ἄλλος

526 4923 865 4983 accedentes,
889 4921 972 4974 hic
991 4921 1206 4990 quidem
1234 4923 1549 4990 Apollinem,
1579 4925 1666 4978 ille
1691 4935 1867 4978 autem
1895 4924 2091 4978 Escu-

2213 4922 2399 4990 ίλλαχῆ
2429 4923 2733 4986 παριᾶντες,
2753 4921 2780 4970 ὁ
2805 4920 2902 4987 μὲν
2931 4920 3264 4982 Ἀπόλλωνα,
3285 4921 3313 4971 ὀ
3333 4919 3389 4972 δὲ
3412 4919 3781 4988 Ἀσκληπιὸν,

527 5015 749 5079 lapinm,
784 5013 920 5067 alius
949 5013 1143 5067 deinde
1174 5014 1335 5067 alium
1369 5017 1650 5070 inVOCabat
1704 5032 1765 5070 ex
1795 5019 1897 5072 diis
1938 5018 2089 5072 adul-

2212 5019 2218 5061 ι
2248 5014 2302 5073 δὲ
2334 5013 2487 5074 ἄλλος
2518 5012 2677 5064 ἄλλον
2711 5010 2818 5064 τῶν
2844 5012 3114 5079 κιῦδήλων
3143 5011 3327 5062 ἐκάλει
3376 5010 3536 5074 θεῶν,
3567 5011 3780 5063 ἀδυνά·

526 5105 714 5158 terinis
747 5146 760 5167 ,
796 5105 1117 5172 impotentes
1153 5105 1204 5157 in
1236 5121 1290 5159 re
1320 5149 1333 5168 ,
1368 5121 1484 5174 qua:
1537 5105 1649 5158 ﬁeri
1699 5123 1802 5159 non
1834 5120 2040 5176 poterat
2075 5153 2087 5174 ,

2212 5124 2317 5168 τους
2353 5107 2490 5160 κατὰ
2511 5107 2772 5159 ἀδυνάτου
2805 5107 3152 5176 πράγματος,
3189 5105 3291 5158 ὅσα
3331 5123 3393 5173 γε
3439 5108 3520 5168 εἰς
3551 5104 3780 5172 ἀνθρώ-

524 5196 668 5260 quod
703 5196 767 5248 ad
800 5196 1044 5251 homines
1085 5197 1297 5260 attinet,
1326 5197 1656 5252 invocantes.
1725 5198 1961 5268 Eratque
2007 5215 2092 5255 res

2210 5217 2326 5262 τους
2372 5195 2506 5270 ἧκεν
2547 5198 2968 5267 ἐπικαλούμενοι
2990 5216 3002 5229 ·
3050 5200 3142 5252 καὶ
3172 5193 3239 5268 ἦν
3265 5199 3323 5250 τὸ
3346 5198 3536 5269 χρῆμα
3567 5198 3778 5270 κομιδῇ

523 5289 681 5340 valde
709 5288 958 5345 ridicula.
985 5299 1036 5342 et
1066 5290 1220 5357 plena
1251 5290 1531 5343 dedecore.
1559 5291 1694 5356 Quid
1732 5293 1874 5345 enim
1909 5292 1975 5344 de
2006 5291 2088 5344 vi-

2244 5291 2394 5351 έλως,
2451 5289 2678 5359 αἰσχύνη
2736 5291 2935 5358 σαφὴς.
2975 5290 3038 5340 Τί
3088 5291 3195 5358 γὰρ
3229 5291 3354 5358 περὶ
3395 5289 3504 5339 τῶν
3527 5285 3812 5351 ζώντων,-

525 5363 813 5439 velitibus,
868 5393 1091 5448 magnus
1143 5381 1313 5446 inquit
1339 5379 1504 5432 Isaias
1557 5382 1616 5438 ³,
1671 5382 2092 5436 sciscitabuntur

2213 5380 2440 5440 Ἡσαΐας
2465 5380 2627 5447 φησιν
2659 5382 2684 5429 ὀ
2716 5379 2905 5445 μέγας,
2965 5376 3327 5444 ὲκζητήσουσι
3361 5377 3485 5436 τοὺς
3516 5376 3779 5441 νεκρούςς

527 5470 811 5528 mortuos?
839 5469 1006 5523 Totus
1037 5485 1164 5534 ergo
1192 5471 1304 5523 dies
1341 5471 1591 5537 praeteriit
1619 5510 1631 5531 ,
1667 5481 1719 5524 et
1767 5472 1836 5523 illi
1876 5473 2087 5538 quidem

2214 5471 2426 5538 Ἡμέρα
2479 5468 2609 5534 γοῦν
2638 5467 2850 5536 διῆλθεν
2881 5468 2998 5531 ὅλη,
3032 5468 3124 5516 καὶ
3153 5467 3199 5518 οἱ
3231 5467 3330 5532 μὲν
3381 5465 3610 5524 ἐδέοντο,
3661 5465 3782 5516 ἱκέ-

528 5563 782 5630 rogabaut
812 5603 823 5622 ,
869 5563 1275 5639 supplicabant,
1326 5561 1698 5618 sacriﬁcabant
1732 5606 1742 5624 ,
1796 5566 1950 5614 rebus
1989 5566 2090 5612 illis

2213 5579 2374 5612 :suru.
2432 5559 2731 5621 ἒθυσίαζον,
2786 5560 2960 5608 πᾶσαν
2999 5559 3120 5623 nep".
3153 5556 3218 5606 τὰ
3262 5555 3463 5622 μάταια
3489 5553 3781 5604 ἐποιοῦντο

605 5719 622 5746 ⁸
657 5716 757 5768 Isa.
802 5732 913 5774 νιιι,
959 5715 1020 5765 I9
