3972 6452
183 388 252 450 l‘Zl
1182 384 1359 441 Vl'l‘A
1401 383 1459 441 S.
1495 380 1720 439 CARl’l
1768 381 1858 439 ET
1891 380 2315 446 SOCIORUM.

3297 388 3397 451 122

179 501 253 561 τὴν
276 495 624 564 προσεδρείαν
648 509 662 522 ⁶
706 495 776 547 τὰ
805 496 861 548 δὲ
906 495 1062 562 κωφὰ
1097 495 1258 561 κωφὰ
1289 491 1384 564 ἦν,
1431 496 1526 548 καὶ
1553 496 1631 565 τῷ
1663 497 1699 547 ὲ;

1835 500 1988 548 Vanis
2036 511 2299 566 perpetuo
2343 502 2673 558 assistebant.
2730 503 2901 558 Surda
2956 519 3134 558 autem
3233 504 3394 560 surda

181 587 336 654 μέρους
361 583 736 651 τυφλώττοντι
760 585 987 652 οὐδεμία
1013 583 1239 652 βοήθεια
1263 583 1415 653 παρὰ
1444 584 1554 635 τῶν
1579 584 1720 646 ὅλως

177 675 571 742 πεπηρωμένων.
596 672 662 726 Τί
695 673 790 727 οὖν
813 675 843 726 δ
871 673 964 726 τοῦ
989 673 1228 744 Χριστοῦ
1264 676 1509 746 μάρτυς;
1549 676 1718 746 Ὁμοῦ

177 769 252 819 ὠν
275 769 373 828 τοῖς
403 766 620 836 ὄμμασι
671 767 772 834 τῆς
804 767 1008 837 σαρκὸς
1041 767 1136 818 καὶ
1186 766 1252 818 τὰ
1277 767 1389 837 τῆς,
1427 767 1604 838 ψυχῆς
1639 769 1713 831 είς

172 859 392 926 οὐρανοὺς
415 861 578 928 ἄρας,
611 859 705 911 τὸν
734 859 932 912 ἑαυτοῦ
961 859 1100 927 πρὸς
1133 859 1282 912 ἔλεον
1300 859 1484 912 ἐκάλει
1515 859 1717 912 Δεσπό-

172 967 264 1016 την.
296 943 413 1002 εἶτα
451 949 540 1012 τίς
603 950 678 1002 Τὸ
732 950 828 1002 τοῦ
882 950 1121 1019 σταυροῦ
1155 955 1381 1020 σημεῖον
1437 951 1715 1005 ἐπιϐάλλει

171 1043 265 1101 ταῖς
289 1042 491 1108 ὕψεσιν,
537 1040 772 1092 ἅπτεται
796 1042 860 1108 τῇ
906 1041 1072 1110 χειρὶ,
1108 1042 1203 1094 καὶ
1258 1044 1323 1111 τῇ
1359 1042 1470 1113 ἁφῇ
1505 1043 1566 1095 τὸ
1599 1043 1715 1108 φῶς

172 1131 431 1195 ἠκολούθει,
477 1131 574 1181 καὶ
627 1131 656 1180 ὁ
710 1130 962 1193 σϐεσθεὶς
1014 1130 1293 1200 ὀφθαλμὸς
1329 1133 1459 1201 ῥᾷον
1503 1133 1536 1202 ἢ
1577 1133 1713 1202 πρὸς

171 1221 306 1270 iam
336 1220 750 1289 συγκαλυφθεὶς
796 1221 1125 1288 ἀνεῴγνυτο,
1183 1222 1278 1274 καὶ
1317 1222 1378 1276 τὸ
1407 1222 1472 1291 δὴ
1506 1222 1709 1291 μεῖζον.

170 1314 296 1380 καὶὴ
325 1313 499 1381 ψυχῆς
528 1312 722 1364 ἐλύετο
758 1313 1028 1380 πήρωσις,
1061 1313 1157 1364 καὶ
1181 1311 1459 1366 πιστεύων
1490 1308 1579 1384 ἦν,
1620 1313 1713 1366 καὶ

167 1403 213 1452 ιδ
242 1402 342 1467 φῶς
371 1404 429 1455 τὸ
468 1402 729 1472 ἀληθινὸν
755 1403 924 1470 ἐώρα,
963 1401 991 1454 ὃ
1039 1400 1266 1470 φωτίζει
1299 1403 1478 1455 πάντα
1502 1402 1712 1471 ἄνθρω·

169 1510 249 1545 τον
276 1495 560 1563 ἐρχόμενον
585 1497 666 1555 εἰς
686 1496 778 1545 τὸν
797 1495 1023 1562 κόσμον,
1051 1493 1146 1547 καὶ
1170 1493 1288 1562 ἅμα
1319 1493 1454 1545 πολύ
1486 1511 1537 1545 τι
1569 1495 1711 1561 πλῆ-

168 1585 238 1646 θος
259 1585 555 1656 ἀνθρώπων
581 1583 660 1655 τῷ
717 1585 960 1653 θαύματι
1015 1584 1154 1655 πρὸς
1191 1584 1291 1655 τὴν
1321 1585 1421 1653 τῆς
1451 1583 1712 1655 ἀληθείας

171 1678 426 1744 έπίγνωσιν
490 1679 941 1746 ἐχειραγωγεῖτο.
1003 1679 1138 1732 Τίνα
1175 1679 1247 1731 ἂν
1295 1679 1357 1732 οὐ
1417 1679 1712 1748 μετέϐαλον

164 1769 322 1836 ταῦτα,
352 1771 443 1824 καὶ
468 1771 556 1833 τίς
590 1773 618 1822 ὁ
650 1771 748 1841 τὴν
791 1771 947 1840 ίσχὺν
983 1771 1121 1839 ἔχων
1157 1770 1364 1840 ταύτην
1412 1768 1710 1841 ἐπιζητῆσαι

1823 597 2010 642 erant:
2044 601 2096 642 et
2124 591 2170 642 ei
2200 632 2212 643 .
2249 593 2337 659 qui
2370 609 2434 646 cx
2465 604 2618 662 parte
2658 596 2972 648 czecutiebat
3028 595 3231 648 nullum
3278 603 3401 648 erat

1822 681 2076 736 auxilium
2126 687 2192 737 ab
2234 685 2300 738 iis
2338 686 2426 754 qui
2457 696 2612 740 erant
2638 688 2766 741 caici
2813 689 3046 758 penitus.
3091 687 3231 754 Quid
3267 702 3402 757 ergo

1820 773 2023 827 Christi
2070 776 2316 830 servus?
2367 777 2539 831 Slmul
2583 793 2704 831 cum
2752 778 2934 832 carnis
2981 777 3153 831 oculis
3199 776 3399 829 anima.-

1820 880 2034 934 quoque
2062 867 2249 922 oculos
2279 868 2345 921 ad
2379 868 2576 921 malum
2614 869 2828 929 tollens,
2857 869 2922 921 ad
2961 865 3393 922 misericordiam

1821 973 1977 1011 suum
2029 958 2320 1014 invocabat
2371 959 2682 1016 Dominum.
2738 961 2942 1014 Deinde
2987 958 3158 1028 quid?
3201 958 3391 1012 Crucis

1818 1048 2027 1114 signum
2078 1049 2321 1104 immittit
2373 1052 2580 1115 oculis,
2620 1067 2784 1105 manu
2844 1051 3055 1120 tangit.
3102 1058 3154 1104 et
3189 1058 3392 1103 tactum

1818 1141 1904 1192 lux
1937 1151 2018 1195 est
2042 1153 2336 1197 consecuta
2365 1183 2380 1206 ,
2411 1153 2464 1197 et
2493 1150 2796 1198 exstlnctus
2827 1145 3018 1198 oculus
3063 1144 3277 1196 facilius
3310 1154 3396 1196 est

1816 1242 2035 1299 apertus
2060 1274 2075 1297 ,
2111 1249 2272 1301 quam
2305 1236 2349 1288 si
2393 1250 2584 1290 somno
2619 1235 2807 1290 fuisset
2851 1245 3101 1304 opertus:
3153 1243 3206 1287 et
3248 1235 3391 1301 quod

1817 1325 1989 1392 majus
2012 1333 2115 1386 est,
2150 1324 2288 1392 ejus,
2312 1327 2401 1394 qui
2431 1326 2697 1381 beneﬁcio
2729 1327 2953 1380 affectus
2977 1325 3173 1387 fuerat,
3197 1327 3392 1378 animi:

1815 1429 2029 1484 quoque
2053 1416 2228 1471 ablata
2248 1430 2331 1471 est
2351 1420 2589 1478 accitas,
2613 1428 2837 1486 eratque
2865 1419 3109 1481 credens,
3133 1426 3390 1470 et-veram

1815 1504 1986 1558 lucem
2023 1507 2331 1561 intuebatur
2357 1547 2374 1571 ,
2408 1523 2528 1576 qure
2558 1508 2826 1562 illuminat
2855 1522 3073 1562 omnem
3113 1508 3388 1566 hominem

1813 1597 2115 1649 venientem
2147 1595 2200 1649 in
2226 1597 2368 1652 hunc
2404 1601 2660 1654 mundum
2691 1617 2704 1652 :
2738 1610 2790 1651 et
2820 1598 2980 1651 simul
3002 1599 3164 1652 etiam
3197 1596 3390 1666 magna

1815 1686 2091 1740 hominum
2129 1688 2416 1741 multitudo
2445 1689 2672 1745 deducta
2705 1700 2787 1742 est
2822 1689 3084 1741 miraculo
3119 1689 3184 1740 ad
3238 1687 3390 1755 agni-

1815 1778 2012 1832 tionem
2038 1778 2299 1832 veritatis.
2335 1779 2503 1843 Quem
2536 1794 2642 1832 non
2678 1780 2792 1833 haec
2840 1788 3179 1842 mutassent,
3226 1787 3278 1833 et
3303 1779 3386 1831 ef-

163 1859 239 1909 ul
284 1859 465 1927 μαθεῖν
518 1861 966 1928 παρεσκεύασενς
1032 1861 1173 1913 Ἀλλ’
1233 1863 1282 1914 εί
1327 1861 1420 1914 καὶ
1475 1862 1699 1927 πάντας¹

1813 1872 2067 1926 fecissent
2105 1885 2350 1939 quaerere
2376 1881 2433 1925 et
2457 1871 2665 1926 discere
2692 1913 2706 1933 ,
2762 1872 3012 1941 quisnam
3061 1872 3106 1925 is
3139 1872 3209 1925 sit
3233 1913 3249 1937 ,
3294 1870 3391 1940 qui

163 1949 420 2018 Οὐαλέριον
473 1950 609 2019 γοῦν
660 1951 934 2018 οὐδαμῶς,
991 1951 1130 2004 ἀλλὰ
1184 1953 1282 2004 καὶ
1327 1953 1462 2005 πολὺ
1501 1954 1703 2021 μᾶλλον

161 2041 497 2108 ἀπηνέστερον
536 2041 731 2093 ἑαυτοῦ
756 2043 1123 2110 πεποιήκασι,
1156 2043 1410 2112 καθάπερ
1441 2043 1703 2112 ἐνηδόμε-

161 2149 231 2182 νον
271 2135 326 2200 τῇ
379 2131 634 2201 ἀπωλείᾳ
669 2132 768 2199 τῆς
802 2132 1007 2203 πλάνης
1047 2133 1142 2186 καὶ
1181 2133 1437 2202 οὐδαμῶς
1471 2136 1707 2188 ἐκκαλυ-

161 2225 327 2292 ιφθῆναι
359 2227 454 2294 τὴν
489 2225 759 2293 ἀλήθειαν
785 2224 1113 2295 ἀνεχόμενον
1131 2241 1144 2256 ·
1181 2223 1304 2280 ὅθεν
1327 2228 1421 2280 καὶ
1444 2227 1534 2280 τὸν
1565 2228 1706 2300 μάρ-

158 2331 269 2384 τυρα
301 2319 499 2387 ταύτης
544 2319 635 2370 ἐπὶ
673 2317 834 2383 ξύλου
871 2319 1233 2388 μετεωρίσας,
1285 2321 1706 2391 αἱκίζεταιδρι-

158 2409 398 2472 μυτάτως,
457 2411 723 2474 τοιαύτας
782 2409 930 2480 αὐτῷ
961 2412 1059 2473 τὰς
1103 2411 1342 2481 ἀμοιϐὰς
1372 2413 1471 2481 τῆς
1503 2415 1584 2476 είς
1613 2414 1706 2467 τὸν

157 2497 493 2568 συγκάθεδρον
526 2499 853 2567 εὐεργεσίας
885 2499 1193 2562 ἀποδιδούς.

211 2672 294 2727 IA'.
334 2673 610 2739 Ἐξαίνετο
641 2676 743 2744 μὲν
771 2670 866 2730 οὖν
897 2676 957 2732 τὺ
986 2679 1152 2732 καλὸν
1189 2681 1368 2736 ἐκεῖνο
1398 2683 1559 2755 σῶμα
1581 2687 1706 2749 ταῖς

156 2765 361 2829 μάστιξι.
419 2765 683 2819 Πάπυλον
713 2765 772 2818 δέ
823 2767 882 2820 οὐ
921 2768 1080 2821 τοῦτο
1114 2769 1328 2834 ἐλύπει,
1363 2772 1477 2825 ἀλλ’
1518 2774 1600 2826 ὅτι
1629 2775 1704 2845 μὴ

152 2855 492 2925 χαλεπώτεραι
576 2857 780 2925 μᾶλλον
846 2858 1118 2930 ἐπήγοντο
1174 2860 1439 2930 βάσανοι,
1516 2865 1705 2928 δεινῶς

150 2947 383 3014 manu
405 2965 417 2978 ο
467 2948 670 3016 ῶσπερ
703 2948 834 3013 γοῦν
859 2951 952 3002 ἀπ’
993 2952 1246 3015 ἐναντίας
1276 2955 1371 3006 καὶ
1402 2954 1702 3025 Οὐαλέριος

152 3040 429 3105 ἡττωμένοις
453 3039 606 3108 ὁρῶν
639 3039 801 3091 πάλιν
832 3039 931 3102 τὰς
952 3042 1115 3092 αὑτοῦ
1150 3043 1418 3110 βασάνους
1442 3047 1579 3114 πρὸς
1604 3049 1705 3118 τὴν

147 3127 220 3179 ςνιῦ
257 3129 526 3199 μάρτυρος
566 3128 858 3198 εὐψυχίαν,
895 3129 1066 3194 πάθος
1101 3132 1234 3185 ίδιον
1273 3130 1386 3203 εἶχε
1414 3136 1570 3188 τοῦτο
1603 3141 1696 3191 καὶ

148 3221 326 3287 πικρῶς
358 3222 520 3292 ἔφερε
546 3237 568 3253 ·
601 3222 894 3291 τοιγαροῦν
915 3223 1224 3292 προσετίθει
1256 3227 1353 3278 καὶ
1384 3225 1570 3294 ἄλλας,
1603 3231 1697 3280 καὶ

147 3313 233 3379 πῦρ
262 3317 372 3376 ταῖς
403 3313 578 3368 αὐτοῦ
606 3314 868 3381 πλευραῖς
903 3315 1211 3368 ὐπανάπτει
1249 3319 1344 3369 καὶ
1377 3317 1545 3382 λίθοις
1571 3319 1704 3389 βάλ-

146 3402 301 3456 λεσθαι
329 3406 539 3457 κελεύει
569 3421 582 3434 ·
621 3405 761 3456 ἀλλὰ
800 3404 892 3456 καὶ
927 3407 1064 3472 πρὶς
1102 3408 1164 3458 τὸ
1214 3408 1326 3478 πῦρ
1371 3411 1398 3461 ὁ
1433 3412 1704 3480 μακάριος

145 3497 268 3547 οίῦὲν
298 3497 498 3547 ἔπαθεν
533 3495 789 3561 ἀγεννὲς,
818 3496 912 3547 καὶ
938 3497 985 3548 οἱ
1013 3495 1150 3549 λίθοι
1179 3499 1428 3569 καθάπερ
1449 3502 1702 3570 αἰδούμε-

145 3602 206 3635 νοι
227 3587 279 3636 τι
303 3588 387 3639 δμὰ
409 3586 662 3655 Χριστὸν
686 3584 859 3648 οὕτως
884 3586 1234 3656 αίκιζὸμενον
1260 3589 1440 3660 σῶμα,
1469 3591 1701 3661 ἀλλαχοῦ

147 3678 226 3741 μὲν
248 3679 593 3745 ἠκοντίζοντο
613 3719 630 3743 ,
676 3678 803 3732 κατ’
840 3680 1006 3732 αὐτοῦ
1054 3681 1111 3733 δὲ
1140 3681 1391 3751 οὐδαμῶς
1421 3684 1700 3752 ἐφέροντο.

157 3771 279 3824 Ἐπεὶ
321 3770 412 3826 οὖν
463 3772 861 3842 ἀπηγόρευσεν
897 3771 1193 3840 Οὐαλέριος
1249 3774 1352 3842 ἠδη
1405 3778 1497 3826 καὶ
1549 3777 1702 3828 οὐδὲν

145 3858 284 3931 εἶχεν,
309 3868 338 3918 δ
372 3868 660 3934 ἐπαγάγοι
707 3867 819 3928 τοῖς
859 3865 1036 3931 ἁγίοις
1081 3864 1160 3928 είς
1187 3866 1480 3937 τιμωρίαν,
1511 3869 1703 3937 καιρὸν

143 3954 281 4006 ἐδίδου
302 3959 410 4016 τοῖς
435 3953 700 4024 μώλωψι,
735 3954 1086 4024 λογιζόμενος
1117 3957 1271 4021 ίσως,
1304 3957 1380 4019 ὡς
1420 3958 1473 4010 εῐ
1497 3975 1560 4025 γε
1609 3961 1702 4012 καὶ

143 4044 306 4114 μικρὸν
351 4045 532 4110 οὕτως
580 4045 833 4099 άνεθεῐεν
883 4047 934 4098 οί
995 4047 1295 4116 μάρτυρες,
1347 4048 1702 4119 δριμυτέραις

141 4137 305 4203 αὐτοὺς
330 4143 378 4193 οί
402 4139 688 4210 μώλωπες
718 4137 1109 4203 περιϐαλοῦσιν
1145 4139 1361 4202 ὀδύναις
1397 4141 1499 4209 ήδη
1532 4142 1698 4209 φλεγ-

140 4229 377 4296 μήναντες
407 4233 507 4285 καὶ
536 4229 696 4284 οὕτω
720 4224 1080 4300 χαυνοτέρους
1104 4230 1241 4300 πρὸς
1275 4231 1377 4294 τὰς
1402 4231 1700 4299 μελλούσας

136 4319 377 4386 ἐξετάσεις
405 4324 774 4393 παρέξονται.
825 4321 966 4375 Ἀλλ’
1000 4315 1148 4377 οὗτοι
1191 4322 1283 4377 τὸν
1320 4325 1504 4395 ἰατρὸν
1530 4325 1700 4396 ἐγγὺς

135 4409 335 4483 ίιοντες,
399 4415 469 4469 δι’
511 4414 576 4468 ὃν
611 4414 711 4468 καὶ
766 4413 866 4477 τὰς
895 4414 1112 4486 πληγάς
1141 4415 1312 4485 ἡδέως
1343 4417 1610 4485 ἐδέχοντο,
1636 4422 1698 4474 οὐ

1809 1970 1956 2014 tanta
1991 1970 2076 2014 est
2108 1962 2303 2012 virtute
2330 1960 2626 2027 praeditus?
2655 1959 2760 2014 Sed
2789 1969 2844 2013 et
2872 1959 2916 2012 si
2947 1972 3136 2012 omnes
3183 1971 3396 2025 nequa-

1807 2067 1967 2122 quam
2005 2050 2219 2120 quidem
2246 2063 2393 2103 certe
2426 2051 2718 2113 Valerium,
2753 2052 2859 2103 imo
2882 2064 3006 2103 eum
3035 2050 3198 2101 etiam
3220 2063 3280 2101 se
3303 2050 3388 2115 ip-

1808 2161 1905 2215 pso
1938 2145 2183 2199 fecerunt
2214 2143 2368 2212 longe
2390 2144 2692 2207 seriorem,
2727 2143 2950 2212 perinde
2978 2141 3090 2196 acsi
3141 2140 3378 2195 delecta-

1811 2249 1961 2293 retur
1985 2253 2174 2294 errore
2207 2283 2222 2307 ,
2257 2249 2309 2294 et
2339 2250 2675 2307 nequaquam
2705 2235 2999 2293 sustineret
3040 2235 3244 2302 aperiri
3295 2249 3389 2288 ve-

1811 2335 2043 2388 ritatem.
2076 2332 2233 2388 Unde
2264 2334 2428 2387 etiam
2457 2345 2577 2384 cum
2609 2330 2727 2397 ejus
2755 2336 3047 2396 martyrem
3097 2325 3384 2378 sublimem

1807 2441 1968 2493 supra
2002 2427 2204 2496 lignum
2240 2425 2566 2488 sustulisset,
2596 2423 2849 2475 verberat
2875 2417 3230 2475 acerbissime
3253 2455 3269 2479 ,
3297 2428 3384 2470 ta-

1807 2517 1883 2572 les
1912 2519 1960 2570 ei
1997 2518 2224 2570 reddens
2274 2515 2740 2569 remunerationes
2790 2527 2887 2581 pro
2931 2510 3219 2575 beneﬁcio,
3274 2522 3391 2578 quo

1808 2611 1924 2677 ejus
1956 2605 2210 2662 affecerat
2242 2621 2604 2661 assessorem.

1876 2700 2015 2757 XIV.
2052 2701 2114 2755 Et
2168 2699 2394 2768 ﬂagellis
2450 2698 2665 2765 quidem
2726 2696 3044 2749 medebatur
3097 2693 3384 2764 pulchrum

1807 2793 1932 2846 illud
1953 2806 2181 2860 corpus:
2210 2789 2466 2859 Papylum
2492 2795 2668 2840 autem
2697 2800 2802 2838 non
2831 2784 2933 2838 b‘oc
2965 2785 3105 2838 male
3129 2782 3384 2844 habebat,

1805 2885 1896 2936 sed
1931 2883 2075 2950 quod
2103 2898 2207 2934 non
2233 2882 2482 2950 graviora
2519 2878 2895 2947 inlligerentur
2919 2887 3212 2942 tormenta,
3236 2892 3380 2946 :egre

1803 2973 2050 3028 ferebat:
2082 2972 2356 3039 quomodo
2385 2979 2574 3023 centra
2599 2969 2870 3033 Valerius,
2899 2970 3038 3020 victa
3073 2970 3260 3020 ridens
3286 2983 3383 3020 sua

1806 3072 2070 3116 tormenta
2104 3077 2132 3114 a
2171 3061 2424 3131 martyris
2467 3060 2630 3112 animi
2663 3058 3054 3127 magnitudine,
3084 3057 3300 3110 dolebat
3328 3066 3385 3109 et

1806 3156 2000 3209 acerbo
2063 3152 2345 3206 tolerabat.
2396 3151 2603 3218 Adiecit
2652 3151 2838 3216 itaque
2897 3149 3066 3203 etium
3125 3148 3262 3209 alia;
3329 3157 3387 3201 et

1809 3249 1982 3315 ignem
2014 3245 2255 3297 accendit
2288 3244 2406 3309 ejus
2442 3242 2723 3305 lateribus,
2753 3253 2802 3294 et
2831 3241 2984 3307 jubet
3042 3255 3163 3292 eum
3199 3239 3387 3306 appeti

1807 3340 2091 3408 lapidibus.
2121 3337 2228 3391 Sed
2265 3351 2362 3389 nec
2387 3337 2644 3388 adversus
2677 3336 2854 3400 ignem
2921 3349 2979 3385 se
3024 3336 3189 3400 gessit
3240 3347 3386 3384 mar-

1809 3439 1899 3498 tyr
1933 3430 2164 3496 ignave:
2198 3435 2250 3480 et
2284 3427 2486 3494 lapides
2510 3424 2670 3476 veluti
2704 3422 2917 3476 reveriti
2942 3436 3140 3489 corpus
3170 3461 3186 3485 ,
3237 3422 3387 3488 quod

1807 3525 1886 3575 sic.
1915 3537 2012 3590 pro
2043 3519 2264 3573 Christo
2301 3519 2675 3586 torquebatur,
2714 3515 2820 3568 alio
2846 3515 3062 3582 quidem
3096 3512 3379 3577 iacieban-

1810 3619 1913 3670 tur,
1975 3620 2311 3674 nequaquam
2347 3616 2528 3656 autem
2567 3606 2618 3654 in
2665 3604 2836 3671 ipsum
2879 3603 3212 3656 ferebantur.
3242 3599 3380 3653 Cum

1805 3714 1933 3764 ergo
1958 3697 2069 3764 jam
2100 3687 2346 3748 defessus
2374 3704 2516 3748 esset
2547 3692 2816 3752 Valerius,
2847 3708 2946 3745 nec
2992 3694 3104 3759 jam
3132 3693 3378 3752 haberet.

1806 3787 1947 3854 quod
1981 3787 2182 3839 sanctis
2208 3784 2429 3839 inferret
2457 3786 2523 3836 ad
2554 3783 2882 3853 supplicium
2912 3820 2928 3844 ,
2983 3779 3146 3834 dabat
3166 3787 3382 3848 tempus

1805 3878 2087 3939 vibicibus,
2119 3889 2369 3943 reputans
2400 3875 2650 3935 fortasse,
2689 3877 2831 3940 quod
2856 3876 2898 3926 si
2926 3889 3116 3942 parum
3165 3873 3380 3927 dimissi

1803 3971 1881 4023 sic
1947 3967 2146 4021 fuerint
2194 3977 2482 4036 martyres,
2531 3964 2848 4018 inflammati
2895 3965 3006 4032 jam
3051 3964 3256 4019 vibices
3283 3979 3379 4017 eos

1804 4061 2146 4130 gravioribus
2197 4058 2472 4113 afliccrent
2527 4057 2826 4117 doloribus,
2862 4067 2918 4111 et
2949 4058 3031 4112 sic
3089 4056 3384 4110 redderent

1806 4151 2081 4206 molliores
2140 4148 2208 4204 ad
2269 4148 2502 4202 futuram
2567 4149 2948 4215 quaestionem.
3001 4147 3108 4200 Sed
3164 4146 3200 4200 ii
3255 4161 3379 4199 cum

1802 4259 1965 4312 pmpe
1999 4242 2261 4295 haberent
2308 4238 2598 4301 Medicum,
2649 4247 2864 4306 pmpter
2913 4253 3072 4305 quem
3105 4237 3290 4302 plagas
3315 4236 3381 4287 li-

1800 4331 1990 4386 benter
2052 4329 2413 4395 accipiebant,
2471 4342 2576 4382 non
2627 4327 2800 4381 solum
2863 4340 2892 4378 a
2942 4325 3237 4387 doloribus,
3284 4325 3379 4378 sed

1803 4429 1964 4482 etiam
1993 4442 2021 4478 ο
2057 4425 2367 4478 vulneribus
2393 4423 2600 4476 liberati
2640 4431 2767 4477 sunt
2802 4419 2962 4475 simul
3006 4435 3128 4472 cum
3156 4419 3381 4473 cicatri-

133 4504 220 4556 τῶν
245 4507 439 4560 ὀδυνῶν
480 4507 680 4577 μόνον.
708 4503 849 4559 ἀλλὰ
881 4505 978 4559 καὶ
1008 4506 1117 4558 τῶν
1149 4509 1480 4577 τραυμάτων
1500 4514 1693 4574 αὐταῐς

1808 4521 1975 4584 cibus,
2007 4533 2073 4571 ne
2100 4518 2265 4570 ullum
2292 4517 2510 4584 quidem
2543 4516 2595 4567 in
2636 4528 2694 4566 se
2729 4524 2918 4565 eorum
2951 4510 3186 4564 ferentes
3209 4509 3376 4562 vesti-

131 4596 287 4662 οὐλαῖς
305 4599 759 4670 ἀπηλλάττοντο,
789 4595 925 4667 μηδέ
950 4597 1096 4667 [χνος
1127 4613 1181 4651 τι
1219 4598 1427 4652 τούτων
1450 4600 1536 4670 ἐφ’
1570 4603 1698 4657 ἐαυ-

132 4689 219 4741 τῶν
267 4693 701 4762 περιφέροντες,
747 4688 890 4743 ὥστε
923 4689 1185 4751 ἐλάνθανε
1215 4690 1469 4761 πλήττων
1503 4694 1696 4748 ἑαυτὸν

130 4778 411 4852 Οὐαλέριος,
443 4780 507 4834 οὐ
537 4779 678 4840 τούς
721 4777 1006 4848 μάρτυρας
1031 4795 1044 4809 ’
1072 4779 1181 4848 ὅσῳ
1209 4781 1318 4851 γὰρ
1347 4783 1696 4852 ἑκουφίξοντο

128 4869 215 4920 τῶν
244 4875 410 4925 πόνων
441 4872 700 4935 ἐκεῖθεν,
721 4869 963 4938 τοσούτῳ
992 4869 1090 4942 τὴν
1114 4871 1344 4942 καρδίαν
1375 4876 1542 4938 αὐτὸς
1565 4878 1696 4946 ἐμα-

132 4961 329 5028 στίζετο,
354 4966 448 5017 καὶ
471 4964 661 5032 θυμὸς
684 4961 850 5015 αὐτὸν
880 4962 972 5015 ίσα
1007 4964 1102 5016 καὶ
1133 4965 1266 5035 πυρὶ
1298 4966 1637 5037 κατεπίπρα.

181 5056 267 5109 lB'.
296 5058 478 5127 Βραχύ
499 5055 567 5107 τὸ
595 5053 812 5123 μεταξύ
836 5056 930 5107 καὶ
963 5055 1126 5108 πάλιν
1165 5058 1193 5110 ὁ
1235 5057 1336 5126 μέν
1366 5059 1453 5126 ἐφ’
1488 5059 1690 5129 ὑψηλοῦ

127 5147 434 5218 προκάθηται
463 5146 534 5217 βῆ
545 5161 752 5216 ματος,
771 5145 992 5212 φονικόν
1011 5162 1070 5200 τε
1089 5148 1182 5201 καὶ
1202 5149 1434 5218 μανικὸν
1453 5151 1687 5221 βλέπων,

129 5237 198 5310 καὶ
224 5236 301 5291 διὰ
327 5239 417 5292 τοῦ
467 5239 577 5308 τῆς
608 5235 797 5306 ψυχῆς
844 5239 1177 5310 κατόπτρου,
1227 5242 1336 5292 τῶν
1368 5241 1686 5310 ὀφθαλμῶν,

128 5325 360 5390 τὴνίνδον
411 5327 752 5395 ὑποφαίνων
807 5329 1065 5393 πικρίαν,
1123 5332 1215 5382 καὶ
1266 5331 1387 5382 οὐδὲ
1419 5333 1685 5400 προσιτδς

1797 4613 1962 4684 gium.
1995 4609 2175 4675 Quare
2205 4610 2445 4677 seipsum
2494 4606 2809 4675 imprudens
2840 4603 3067 4658 feriebat
3109 4600 3374 4664 Valerius,

1797 4719 1904 4758 non
1936 4713 2224 4773 martyres.
2265 4701 2381 4765 Quo
2417 4699 2561 4753 enim
2599 4698 2672 4751 illi
2703 4699 2875 4765 magis
2938 4695 3249 4749 levabantur
3299 4692 3377 4746 la-

1797 4794 2039 4857 boribus,
2077 4808 2140 4846 eo
2166 4789 2336 4859 magis
2373 4804 2472 4845 cor
2515 4790 2630 4857 ejus
2655 4788 2963 4842 caedebatur
2996 4805 3010 4841 :
3045 4787 3256 4855 itaque,
3280 4798 3375 4853 pe-

1799 4888 1952 4941 rinde
1977 4902 2039 4940 ac
2063 4885 2224 4955 ignis,
2254 4899 2378 4940 eum
2406 4883 2758 4938 accendebat.

1866 5062 1981 5116 XV.
2011 5061 2181 5116 Breve
2213 5069 2424 5131 tempus
2460 5059 2793 5118 intercessit,
2825 5067 2878 5112 et
2921 5071 3109 5112 rursus
3135 5055 3222 5106 ille
3248 5055 3368 5120 qui-

1796 5157 1913 5210 dem
1940 5153 2193 5222 prasidet
2227 5153 2280 5206 in
2308 5153 2525 5208 excelso
2566 5147 2840 5211 tribunali,
2874 5157 3023 5200 torvo
3057 5154 3109 5198 et
3163 5147 3362 5197 caedent

1792 5246 2031 5312 spirante
2064 5252 2282 5310 aspectu
2307 5244 2546 5301 intuens,
2571 5249 2626 5292 et
2670 5255 2766 5305 per
2808 5239 3000 5289 anima:
3056 5238 3360 5301 speculum,

1789 5331 1996 5392 oculos,
2051 5330 2313 5382 internam
2373 5325 2670 5378 ostendens
2717 5322 3087 5382 acerbitatem,
3147 5323 3208 5371 et
3257 5333 3354 5370 nec

130 5417 214 5474 τοῖς
247 5419 482 5471 πλείοσιν
523 5419 645 5470 ὤν’
713 5418 1061 5482 περιίσταται
1109 5419 1166 5470 δέ
1221 5421 1381 5473 αὐτὸν
1426 5424 1534 5473 πᾶν
1561 5423 1684 5472 ὅσον

1808 5419 2026 5470 duribus
2049 5416 2263 5482 quidem
2299 5413 2382 5465 sui
2410 5414 2652 5479 praebens
2679 5405 2904 5462 adeundi
2933 5409 3141 5472 cupiam
3165 5406 3343 5457 :illutn

131 5503 420 5569 ὑπηρετικὸν
458 5503 580 5574 εἶχε
607 5505 713 5571 τῆς
745 5507 1014 5571 σφετέρας
1046 5507 1364 5568 ἀλαζονείας
1387 5524 1398 5537 ·
1428 5511 1675 5574 εἰσάγον-

132 5608 196 5640 11:
221 5594 266 5644 δὲ
302 5597 347 5644 Ol
393 5596 668 5661 γεννάδαι
695 5607 710 5622 ⁸
769 5593 968 5658 μᾶλλον
1006 5594 1064 5644 δὲ
1118 5594 1319 5645 είσίασι
1367 5595 1633 5662 πρόθυμοι
1657 5611 1669 5623 ⁵

132 5673 248 5738 εἶπες
274 5682 331 5731 ἂν
347 5683 548 5742 αὐτοὺς
584 5683 672 5736 είς
713 5681 970 5746 εὐωχίαν,
1004 5681 1103 5731 οὐκ
1151 5682 1231 5742 είς
1265 5683 1448 5747 ἀγῶνα
1486 5684 1665 5735 καλεῖς

134 5763 254 5816 :‘nz'
289 5774 372 5821 21‘.
407 5776 432 5822 ὀ
464 5772 568 5840 μὲν
597 5769 974 5836 καταπλήξειν
1026 5771 1218 5832 αὐτοὺς
1255 5773 1344 5824 καὶ
1397 5773 1500 5842 πρὸ
1555 5774 1658 5825 τῶν

1784 5519 1961 5559 autent
2010 5512 2221 5555 tantum
2260 5503 2688 5562 circumsistunt,
2731 5499 3039 5564 quicunque
3061 5497 3339 5547 erantmi.

1779 5595 1930 5645 nistri
1973 5592 2088 5659 ejus
2137 5593 2474 5658 arrogantim.
2520 5590 2936 5641 lntroducuntur
2988 5595 3167 5636 autem
3225 5585 3322 5634 viri

1771 5683 2032 5749 prxclari,
2079 5681 2157 5734 vel
2189 5682 2362 5748 potius
2402 5681 2770 5746 ingrediuntur
2801 5683 3042 5744 prompto
3067 5683 3119 5727 et
3150 5673 3312 5728 alacri

1766 5776 1961 5829 animo.
2005 5775 2216 5830 Diceres
2271 5789 2359 5828 eos
2394 5773 2568 5828 vocari
2619 5774 2685 5828 ad
2718 5772 3044 5836 comitium,
3069 5784 3172 5824 non
3205 5782 3311 5822 au-
