3972 6434
567 372 670 438 123

1869 372 2152 432 MENSIS
2193 373 2523 437 APRILIS.

3733 372 3829 435 124

567 496 678 543 tem
711 484 775 540 ad
807 491 1107 540 certamen.
1135 481 1201 536 Et
1235 480 1325 537 ille
1353 473 1568 550 quidem
1593 479 1896 543 videbatur,
1921 481 2000 532 vel
2021 491 2144 534 ante

2269 482 2489 534 ίπειλῶν
2525 482 2699 536 ἐδόκει
2728 485 2866 556 μόνῃ
2895 487 2957 553 τῇ
2988 484 3108 552 θέᾳ,
3134 485 3230 537 καὶ
3265 485 3452 555 ήρώτα
3476 485 3578 554 τῆς
3603 483 3831 556 γνώμης

569 579 765 642 minas,
804 593 898 634 eos
924 591 1049 633 esse
1085 577 1376 631 territurus
1399 573 1515 642 ipso
1545 573 1658 625 solo
1678 580 1895 638 aspectu
1927 590 1938 624 :
1967 582 2019 625 et
2058 572 2138 624 in-

572 673 910 739 terrogabat,
939 669 1224 725 sententiae
1249 679 1544 736 martyrum
1571 664 1774 719 faciens
1802 665 2096 734 periculum
2129 684 2141 719 :

569 773 626 818 et
652 763 864 818 visione
895 761 1339 831 apprehendehat
1369 775 1556 814 eorum
1602 759 1978 812 nmtationem.
2001 757 2147 811 Tan-

571 864 684 910 tum
716 869 846 909 vero
869 857 1080 917 aberat,
1114 863 1170 908 ut
1203 855 1277 908 illi
1312 855 1380 906 ita
1435 864 1620 907 essent
1651 850 1850 914 allecti,
1894 862 1952 904 ut
1983 851 2146 904 etiam

573 946 622 999 ei
646 946 1040 1014 exprobrarent
1064 945 1368 998 tarditatem
1407 945 1458 1002 in
1508 942 1731 997 ferenda
1774 941 2065 1002 sententia,
2096 948 2151 992 et

574 1038 719 1104 quod
776 1051 880 1090 non
941 1037 1050 1091 cito
1103 1047 1471 1096 morerentur,
1527 1036 1680 1088 valde
1709 1049 1853 1102 agre
1898 1033 2148 1088 ferrent:

576 1125 706 1190 Cur,
739 1127 1004 1188 dicentes.
1035 1137 1089 1182 et
1122 1128 1238 1189 tibi,
1261 1139 1314 1179 et
1344 1125 1558 1180 famulis
1581 1126 1802 1180 exhibes
1821 1125 2147 1189 molestiam,

573 1229 674 1269 nos
703 1215 917 1282 quidem
953 1229 1095 1280 saepe
1141 1214 1436 1278 adducens,
1482 1225 1769 1284 postremae
1794 1224 1974 1268 autem
2004 1228 2147 1268 sem-

576 1318 674 1375 per
735 1319 963 1373 parcens
1013 1307 1316 1372 sententia,
1374 1320 1601 1374 sperans
1651 1304 1880 1358 fortasse
1932 1305 2069 1364 fore,
2096 1312 2155 1357 ut

575 1410 677 1451 nos
722 1396 1003 1465 pmniteat,
1040 1407 1094 1451 et
1127 1400 1476 1464 persuadeas,
1509 1405 1568 1449 ut
1601 1410 1629 1448 a
1685 1395 1903 1449 Christo
1931 1393 2151 1448 delicia-

575 1502 700 1542 mus
760 1496 817 1541 et
870 1487 1139 1540 veritate?
1182 1485 1333 1552 Quod
1397 1488 1615 1555 quidem
1681 1497 1806 1541 tunc
1849 1486 2151 1554 aspexeris,

576 1592 705 1632 cum
756 1577 962 1632 videris
1005 1593 1102 1632 nos
1147 1593 1300 1648 aque
1340 1594 1402 1633 ac
1448 1578 1579 1633 deos
1611 1587 1750 1641 tuos,
1800 1577 1947 1632 nullo
1991 1592 2151 1632 sensu

579 1669 830 1738 praeditos
865 1679 918 1725 et
972 1672 1187 1727 surdos.
1249 1671 1372 1726 Haec
1421 1687 1547 1724 cum
1601 1673 1831 1737 primum
1869 1671 2152 1734 dixissent,

580 1761 815 1815 murices
862 1761 1081 1831 quidem
1145 1762 1306 1815 ferrei
1368 1763 1813 1831 dispergebantur
1870 1763 1921 1815 in
1965 1769 2151 1816 terra:

581 1852 822 1919 praclari
855 1865 1033 1906 autem
1073 1852 1172 1906 viri
1205 1855 1256 1905 in
1297 1867 1391 1907 eos
1421 1853 1544 1906 nudi
1577 1851 1936 1919 iaciebantur,
1978 1863 2033 1905 et
2055 1868 2146 1905 su-

585 1942 692 2010 pini
719 1957 883 2010 super
927 1958 1022 1997 eos
1058 1943 1411 1997 trahebantur
1457 1943 1746 1997 crudeliter
1773 1961 1788 1996 :
1823 1957 1909 1997 res
1939 1945 2004 1996 ad
2033 1959 2150 1996 crn-

585 2034 787 2088 ciatum
813 2036 1190 2102 acerbissima,
1219 2052 1342 2091 cum
1382 2039 1462 2090 vel
1494 2037 1666 2090 solum
1713 2036 1998 2104 subjicitur
2030 2051 2159 2090 ocu-

583 2126 672 2180 lis.
703 2125 811 2180 Sed
865 2144 962 2182 nec
999 2131 1049 2182 in
1087 2131 1187 2182 hoc
1215 2130 1430 2198 quidem
1472 2131 1602 2184 deos
1638 2145 1762 2182 suos
1811 2130 2046 2197 neglexit
2079 2128 2159 2181 fa-

589 2218 765 2270 mulos
802 2236 816 2271 :
851 2219 945 2272 sed
975 2221 1159 2272 statim
1192 2222 1430 2288 (oportet
1452 2221 1598 2273 enim
1643 2234 1826 2272 rursus
1849 2219 2048 2286 aliquid
2077 2219 2160 2270 di-

583 2323 708 2364 cere
736 2325 800 2365 es
837 2312 1016 2364 divina
1050 2312 1356 2378 Scriptura)
1387 2311 1632 2364 ascendit
1685 2310 1955 2379 inspirans
2000 2310 2052 2362 in
2082 2309 2162 2361 fa-

584 2399 723 2452 ciem
754 2414 966 2460 eorum,
990 2410 1044 2452 et
1073 2415 1165 2454 eos
1191 2401 1424 2454 liberans
1450 2416 1513 2454 ex
1551 2402 1858 2455 afllictione.
1889 2401 1952 2454 Et
1995 2401 2160 2468 proti-

587 2505 692 2545 nus
749 2501 1086 2546 evanuerunt
1137 2492 1389 2558 murices,
1428 2503 1482 2546 et
1516 2494 1822 2547 conservati
1880 2502 2007 2549 sunt
2060 2492 2160 2562 ipsi

587 2582 737 2636 ίΙΙαιςί
778 2598 804 2636 a
840 2584 1015 2636 malis.
1052 2583 1160 2637 Hoc
1195 2585 1351 2653 plane
1368 2586 1604 2654 judicem
1633 2587 1971 2642 accenditad
2008 2587 2159 2641 foro-

588 2689 702 2727 rem
731 2694 742 2727 :
777 2685 828 2728 et
863 2677 1134 2728 novaculae
1167 2679 1302 2730 adeo
1331 2677 1625 2732 crudeliter
1665 2688 1960 2745 martyrum
1995 2678 2160 2730 latera

587 2763 881 2826 laniabant,
921 2777 975 2820 ut
1006 2779 1298 2834 utrumque
1334 2783 1430 2836 par
1449 2783 1638 2821 rursus
1671 2769 2017 2836 egrederetur
2068 2783 2164 2822 na-

588 2856 791 2910 turales
814 2858 1035 2920 limites,
1061 2874 1253 2924 nempe
1275 2869 1328 2912 et
1365 2861 1582 2913 lictores
1611 2861 1662 2914 in
1694 2861 1964 2929 puniendo
1988 2859 2164 2913 immi-

587 2948 961 3006 serieorditer,
985 2959 1036 3002 et
1067 2951 1237 3003 sancti
1275 2950 1324 3002 iu
1357 2949 1481 3004 forti
1515 2953 1696 3004 animo
1729 2951 2024 3006 tolerandis
2049 2967 2162 3004 uto-

589 3035 780 3090 lestiis.

660 3125 798 3182 XVI.
842 3129 964 3182 Post
1008 3130 1119 3181 hac
1163 3145 1348 3182 rursus
1397 3142 1692 3200 ettttgregat
1739 3133 1938 3184 bestias
1973 3133 2162 3188 crttde-
2192 3147 2235 3209 (ζ

588 3215 854 3281 lissimas,
880 3230 933 3271 et
966 3221 1168 3274 sanctis
1191 3227 1460 3277 theatrum
1489 3224 1790 3289 constituit,
1829 3237 1880 3278 et
1927 3227 2040 3294 ipse
2073 3242 2162 3279 se-

589 3312 680 3363 det
708 3321 1001 3380 spectator.
1040 3313 1254 3368 Etcum
1297 3317 1348 3369 in
1383 3319 1616 3369 medimn
1669 3319 1981 3373 adduxisset
2029 3335 2163 3372 mar—

591 3412 760 3470 tyres,
809 3404 863 3456 in
888 3420 981 3459 eos
1018 3407 1256 3458 immittit
1291 3423 1468 3461 ursam
1506 3427 1517 3461 :
1548 3419 1602 3461 et
1635 3425 1752 3464 cmn
1785 3422 2046 3476 putasset,
2085 3414 2163 3467 si-

592 3490 701 3543 Inui
733 3500 895 3562 atque
919 3493 1149 3547 fuissent
1172 3496 1427 3559 immissi,
1462 3495 1574 3549 fore
1600 3506 1656 3549 ut
1681 3499 1917 3550 virorum
1943 3504 2164 3567 praecla-

595 3597 778 3635 rorum
811 3599 1036 3652 corpora
1085 3586 1436 3653 discerperet,
1489 3590 1619 3640 vidit
1677 3590 1856 3657 potius
1917 3605 2162 3645 naturam

593 3675 908 3730 animalium
944 3679 1151 3733 ratione
1190 3681 1515 3743 carentium,
1547 3682 1936 3736 admirabiliter
1967 3684 2167 3743 docen-

596 3780 703 3820 tem
740 3770 1154 3838 intelligentiam
1206 3787 1298 3824 eos
1323 3777 1411 3839 qui
1450 3783 1574 3825 sunt
1609 3776 1898 3842 participes
1918 3778 2162 3832 rationis.

601 3859 737 3912 Ursa
777 3860 943 3926 enim,
981 3861 1138 3915 veluti
1165 3864 1391 3916 reverita
1458 3864 1734 3932 speciosus
1761 3880 1948 3919 eorum
1983 3868 2164 3935 pedes,

594 3960 651 4005 et
681 3966 866 4018 pacem
906 3968 1030 4006 vere
1061 3953 1467 4019 annuntiantes,
1507 3971 1610 4009 non
1661 3957 1835 4012 solum
1894 3959 2029 4011 nihil
2081 3975 2169 4012 no-

596 4043 767 4105 xium,
800 4058 898 4094 nec
927 4053 1141 4112 agreste
1176 4043 1323 4107 fecit,
1371 4060 1468 4097 nec
1516 4055 1572 4098 ut
1603 4049 1769 4100 semel
1825 4051 2024 4112 dicam,
2056 4050 2161 4103 bel-

595 4133 802 4188 luinum
845 4151 859 4187 :
891 4139 982 4188 sed
1009 4136 1074 4188 ad
1103 4151 1288 4190 eorum
1325 4138 1484 4205 pedes
1527 4140 1775 4208 procidit,
1801 4151 1855 4194 et
1888 4144 2060 4195 amice
2089 4153 2172 4196 est

599 4227 869 4294 amplexa.
923 4227 1031 4282 Nec
1090 4230 1192 4283 hoc
1247 4232 1459 4297 quidem
1510 4233 1723 4286 sull‘ecit
1780 4234 2053 4303 insipienti
2103 4237 2168 4290 ad

601 4322 830 4374 dandam
865 4325 910 4375 ei
941 4324 1372 4390 intelligentiam.
1402 4324 1506 4377 Sed
1555 4326 1637 4378 leo
1679 4342 1893 4394 quoque
1928 4330 2172 4393 protinus

605 4413 922 4468 immittitur
956 4431 969 4466 :
1002 4413 1090 4482 qui
1130 4415 1243 4482 ipse
1303 4415 1553 4470 similiter
1597 4426 1758 4486 atque
1792 4434 1938 4483 ursa,
1977 4419 2171 4474 divinis

2249 576 2705 646 ἀποπειρώμενος
2763 577 2872 629 τῶν
2905 579 3078 643 ἀγίων
3126 580 3220 631 καὶ
3259 579 3562 648 μεταϐολὴν
3593 579 3829 648 ἐφαντά-

2248 667 2370 730 ζετο
2391 683 2404 697 ο
2441 669 2488 720 οἰ
2524 667 2580 720 δέ
2609 666 2860 719 τοσοῦτον
2885 667 3124 736 ἀπέσχον
3148 667 3241 719 τοῦ
3271 683 3323 719 τι
3350 669 3592 720 τοιοῦτον
3614 668 3831 742 παθεῖν,

2248 756 2389 810 ὥστε
2441 758 2534 810 καὶ
2580 759 2856 821 ὠνείδιζον
2898 759 3049 827 αὐτῷ
3087 761 3187 827 τὴν
3232 760 3362 826 περὶ
3395 759 3489 829 τὴν
3549 760 3834 826 ἀπόφασιν

2252 846 2580 915 βραδυτῆτα,
2617 849 2707 899 καὶ
2737 849 2819 900 ὅτι
2848 851 2920 917 μή
2945 850 3155 916 ταχέως
3191 851 3538 919 ἀπέθνησκον
3572 851 3835 914 ἐπιεικῶς

2251 937 2649 1005 ἐδυσχέραινον.
2685 938 2750 990 Τί
2805 940 3134 1007 πράγματα,
3193 939 3463 1007 λέγοντες,
3519 943 3612 993 καὶ
3649 942 3837 1010 σαυτῷ

2253 1028 2347 1080 καὶ
2375 1031 2489 1091 τοῖς
2517 1029 2823 1098 ὑπηρέταις
2877 1032 3160 1100 παρέχεις,
3207 1033 3526 1101 ἀγωγίμους
3564 1034 3662 1101 μὲν
3689 1036 3838 1102 sua;

2252 1120 2513 1181 πολλάκις
2535 1121 2724 1184 ποιῶν,
2747 1122 2844 1188 τῆς
2872 1122 2926 1174 δέ
2952 1123 3268 1185 τελευταίας
3291 1125 3474 1192 ψήφου
3499 1125 3840 1194 ιρειδόμενος,

2253 1213 2488 1275 ἐλπίζων
2519 1215 2659 1282 τάχα
2699 1215 3031 1284 μεταϐαλεῖν
3058 1218 3088 1284 ή
3101 1217 3207 1284 μᾶς
3239 1218 3330 1268 καὶ
3369 1196 3554 1270 πεῖσαι
3587 1218 3839 1285 ἀποστῆ-

2255 1322 2342 1357 ναι
2397 1306 2635 1375 Χριστοῦ
2690 1306 2786 1358 καὶ
2841 1309 2940 1376 τῆς
3007 1308 3302 1377 ἀληθείαςς
3353 1309 3530 1379 Ὅπερ
3586 1311 3708 1362 τότε
3772 1308 3840 1362 ἄν

2255 1396 2482 1460 ἐθεάσω,
2509 1397 2597 1449 ὅτε
2624 1397 2825 1466 ὁμοίως
2850 1401 2958 1459 τοῖς
2987 1402 3100 1461 σοῖς
3131 1399 3274 1462 θεοῖς
3304 1400 3666 1470 ἀναισθήτους
3689 1401 3843 1470 ἡμᾶς

2255 1486 2508 1558 ἑώρακας
2538 1491 2632 1541 καὶ
2666 1491 2908 1556 κωιρούς.
2947 1489 3133 1541 Ταῦτα
3162 1493 3258 1543 οὑκ
3296 1492 3538 1558 ἔφθασαν
3569 1493 3646 1555 είς
3685 1492 3842 1552 τέλος

2255 1581 2452 1645 εἰπεῖν,
2489 1581 2582 1634 καὶ
2623 1582 2832 1651 σιδηροῖ
2868 1583 2967 1651 μὲν
3003 1587 3143 1634 κατὰ
3171 1585 3271 1651 γῆς
3305 1584 3622 1652 ἐσπείροντο
3654 1583 3844 1652 τρίϐο-

2257 1671 2368 1724 λοι·
2405 1673 2752 1740 ἠκοντίζοντο
2781 1674 2836 1725 δὲ
2877 1676 2996 1726 κατ’
3027 1675 3208 1728 αὐτῶν
3263 1677 3311 1728 oi
3372 1679 3607 1742 γενναῖοι
3639 1677 3846 1743 γυμνοὶ

2260 1767 2350 1819 καὶ
2377 1765 2556 1819 ὕπτιοι
2592 1767 2779 1820 ἐπάνω
2802 1765 3008 1820 τούτων
3042 1767 3279 1836 ἀφειδῶς
3311 1769 3572 1828 εἶλκοντο,
3607 1769 3848 1837 πρᾶγμα

2261 1857 2587 1924 πικρότατον
2645 1857 2724 1917 εἰς
2756 1857 3032 1924 τιμωρίαν
3091 1859 3184 1908 καὶ
3225 1859 3385 1926 μόνον
3414 1861 3491 1916 εἰς
3525 1857 3850 1924 ὀφθαλμοὺς

2263 1946 2590 2014 ἐρχόμενονο
2644 1945 2758 1998 ἀλλ’
2814 1945 2922 1997 οὐδ’
2979 1945 3238 2017 ἐντούτῳ
3299 1946 3430 2006 Θεὸς
3484 1945 3592 1997 τῶν
3623 1944 3849 1998 οἰκείων

2262 2037 2450 2107 ήμέλει
2486 2037 2860 2106 θεραπευτῶν,
2893 2039 3009 2091 ἀλλ’
3033 2039 3238 2100 εὐθέως
3282 2039 3400 2103 (δεῖ
3429 2039 3536 2109 γὰρ
3562 2040 3653 2091 καὶ
3684 2035 3849 2100 αὖθις

2261 2127 2322 2180 τὸ
2354 2128 2448 2196 τῆς
2479 2126 2626 2191 θείας
2666 2129 2833 2192 φάναι
2866 2129 3130 2198 Γραφῆς)
3189 2129 3357 2198 ἀνέϐη
3396 2130 3423 2182 ὀ
3466 2129 3729 2198 ἐμφυσῶν
3768 2132 3851 2189 εἰς

2263 2220 2554 2286 πρόσωπον
2614 2219 2794 2270 αὐτῶν
2853 2220 2946 2271 καὶ
2978 2219 3368 2289 ἐξαιρούμενος
3414 2220 3613 2281 αὐτοὺς
3639 2222 3704 2271 ἐκ
3731 2219 3851 2272 θλί-

2262 2310 2405 2379 ψεως
2427 2327 2438 2338 ·
2470 2311 2562 2364 καὶ
2594 2312 2935 2380 παραχρῆμα
2967 2313 3016 2363 of.
3041 2311 3280 2380 τρίϐολοι
3318 2313 3540 2378 ἀφανεῖς
3566 2307 3710 2381 ἦσαν
3755 2313 3852 2363 καὶ

2263 2402 2414 2454 αὐτοὶ
2464 2402 2648 2455 κακῶν
2703 2402 2937 2462 ἀπαθεῖς
2997 2403 3400 2473 ἐφυλάχθησαν.
3468 2404 3641 2454 Τοῦτο
3706 2405 3851 2473 πγιὺς

2265 2496 2483 2548 πλείονα
2521 2497 2716 2565 μανίαν
2757 2496 2960 2566 ἐξῆπτε
3004 2497 3096 2549 τὸν
3132 2498 3414 2567 δικαστὴν,
3447 2497 3542 2549 καὶ
3569 2495 3850 2566 ξυστῆρες

2264 2587 2425 2639 πάλιν
2446 2589 2542 2650 τὰς
2565 2588 2802 2658 πλευρᾶς
2825 2587 3049 2651 ὑπέξεον
3070 2589 3176 2640 τῶν
3198 2589 3390 2656 ἀγίων,
3410 2570 3581 2650 οὕτως
3611 2587 3851 2662 ἀγρίως,

2261 2679 2336 2741 ὡς
2376 2682 2720 2749 ἀμφοτέρους
2753 2681 2908 2742 αὖθις
2941 2681 3044 2743 ἔξω
3076 2681 3182 2732 τῶν
3218 2681 3466 2748 φυσικῶν
3512 2682 3654 2749 ὅρων
3693 2683 3854 2747 γενέ-

2267 2771 2410 2831 σθαι,
2438 2773 2532 2823 καὶ
2576 2772 2701 2834 τοὺς
2748 2771 2976 2840 δημίους
3015 2772 3073 2824 ἐν
3108 2771 3183 2839 τῷ
3217 2771 3470 2832 κολάζειν
3503 2772 3857 2838 ἀσυμπαθιῖις

2265 2863 2359 2914 καὶ
2391 2863 2515 2926 τοὺς
2544 2863 2735 2930 ἄγίους
2766 2865 2823 2916 ἐν
2857 2862 2935 2933 τῷ
2969 2861 3156 2934 φέρειν
3185 2862 3435 2932 εὐψύχως
3476 2861 3541 2914 τά
3569 2864 3816 2932 λυπηρά.

2341 3125 2457 3192 ίξῗ.
2494 3126 2646 3179 Μετὰ
2698 3125 2871 3180 ταῦτα
2909 3127 3070 3180 πάλιν
3113 3127 3181 3180 τά
3211 3126 3320 3178 τῶν
3351 3125 3556 3194 θηρίων
3587 3125 3861 3191 ὠμότατα

2279 3217 2644 3286 συναθροίζει,
2681 3219 2908 3287 θέατρόν
2939 3237 2994 3270 τε
3055 3221 3333 3287 συνίστησι
3390 3219 3497 3277 τοίς
3531 3217 3729 3280 ἁγίοις,
3765 3221 3864 3268 καὶ

2267 3309 2462 3380 θεατὴς
2488 3310 2647 3371 αὐτὸς
2679 3311 2956 3378 κάθηται·
2992 3312 3068 3372 είς
3105 3312 3268 3378 μέσον
3296 3327 3352 3361 τε
3387 3310 3512 3369 τοὺς
3556 3311 3858 3376 μάρτυρας

2265 3402 2510 3469 ἁγαγὼν,
2537 3403 2735 3470 άρκτον
2777 3403 2959 3464 αὐτοῖς
2997 3403 3266 3470 ἐπαφίησι
3313 3403 3407 3453 καὶ
3451 3402 3680 3470 νομίσας
3716 3402 3862 3468 ὁμοῦ

2267 3507 2321 3542 τε
2381 3491 2651 3559 ἀφεθῆναι
2710 3494 2960 3554 καὶτοῖς
3015 3493 3302 3559 γεννάδαις
3366 3492 3748 3561 διασπαράξαι
3794 3494 3863 3543 τά

2268 3583 2513 3649 σώματα,
2545 3583 2653 3634 τῶν
2677 3583 2886 3647 ἀλόγων
2918 3584 3117 3650 μᾶλλον
3161 3585 3306 3651 ἐώρα
3336 3584 3433 3653 τὴν
3469 3583 3629 3651 φύσιν
3669 3602 3863 3652 παρα-

2265 3673 2431 3736 δόξως
2461 3674 2584 3734 τοῦς
2637 3674 2888 3740 λογικοῦς
2939 3677 3359 3737 συνετίζουσανο
3392 3679 3421 3741 ή
3481 3681 3586 3744 γὰρ
3624 3676 3863 3743 ἄρκτος.

2267 3767 2454 3836 ὥσπερ
2505 3766 2797 3836 αἰδουμένη
2847 3769 2972 3829 τοὺς
3016 3767 3254 3832 ὡραίους
3293 3767 3473 3818 αὐτῶν
3529 3767 3690 3826 πόδας
3760 3774 3862 3824 καὶ

2268 3859 2489 3924 εἰρήνην
2514 3858 2727 3923 άληθῶς
2759 3857 3307 3924 εὐαγγελιζομένους,
3333 3859 3391 3910 οῦ
3431 3858 3587 3926 μόνον
3621 3859 3862 3913 ἐπιϐλα-

2267 3945 2359 4007 es;
2391 3945 2544 3996 οὐδὲν
2596 3947 2692 3996 καὶ
2738 3947 2932 4012 ἄγριον
2987 3948 3080 3999 καὶ
3110 3948 3169 3999 τὸ
3221 3948 3341 4000 ὅλον
3376 3949 3540 4016 φάναι
3583 3949 3867 4018 θηριῶδες

2269 4038 2586 4108 εἰργάσατο,
2641 4038 2776 4093 ἀλλά
2825 4041 2918 4093 καὶ
2972 4044 3345 4112 προσέπιπτεν
3411 4045 3592 4103 αὑτοῖς
3649 4047 3866 4109 μᾶλλον

2269 4129 2361 4179 καὶ
2388 4127 2617 4196 φιλικῶς
2644 4130 2951 4196 ἠσπάζετο·
2999 4131 3298 4185 οὐδὲτοῦτο
3336 4133 3535 4202 ήρκεσε
3575 4133 3649 4196 τῷ
3681 4135 3865 4188 ἀσυνυ

2271 4219 2375 4290 ἑτῳ
2408 4220 2535 4272 νοῦν
2572 4221 2852 4289 ἐμϐαλεῖν,
2883 4223 3019 4276 ἀλλά
3059 4225 3150 4277 καὶ
3176 4225 3315 4278 λέων
3344 4226 3506 4286 εὐθὺς
3537 4227 3864 4293 ἐπικαίεται·

2272 4313 2365 4365 καί⁵
2399 4313 2562 4374 αὐτὸς
2600 4314 2798 4378 ὁμοίως
2825 4317 2890 4382 τῇ
2924 4316 3112 4382 ἄρκτῳ
3143 4317 3255 4383 τοῖς
3282 4316 3447 4378 θείοις
3471 4315 3704 4386 νεύμασι
3743 4338 3871 4371 πει-

2273 4405 2490 4473 θαρχῶν
2525 4399 2594 4474 ἦν
2633 4406 2726 4457 καὶ
2776 4407 2886 4468 τοῖς
2925 4406 3060 4476 ὑπὲρ
3097 4405 3188 4459 τοῦ
3227 4408 3408 4460 κοινοῦ
3467 4407 3745 4472 Δεσπότου
3795 4414 3869 4466 τά

603 4502 889 4557 obediebat
942 4503 1182 4566 nutibus,
1225 4505 1288 4558 iis
1339 4505 1429 4576 qui
1485 4521 1584 4575 pro
1625 4510 1900 4564 communi
1946 4509 2163 4566 Domine

2281 4497 2491 4567 χαλεπά
2519 4497 2827 4568 πάσχοντας
2860 4499 2958 4570 οὐχ
2988 4501 3132 4564 ὅπως
3159 4502 3358 4570 δρᾶσαί
3387 4520 3437 4553 τι
3463 4502 3698 4573 πονηρὸν
3733 4505 3869 4573 βουι

608 4595 792 4663 gravia
823 4596 1190 4663 patiebantur,
1227 4598 1356 4650 nihil
1383 4600 1605 4654 omnino
1620 4603 1804 4656 volens
1824 4603 1949 4658 mali
1971 4605 2203 4682 facere.

605 4685 861 4740 Valerius
887 4697 1090 4747 autem,
1141 4695 1398 4757 tanquam
1431 4689 1544 4757 ipse
1576 4692 1812 4760 seipsum
1840 4707 2041 4749 conans
2081 4712 2175 4750 su-

604 4792 801 4848 perare
823 4779 876 4830 iu
918 4778 1145 4844 scelere,
1178 4779 1233 4833 in
1263 4779 1437 4835 lacum
1471 4786 1758 4850 quemdam
1784 4798 1921 4838 nova
1953 4788 2098 4842 calce
2123 4797 2176 4842 et

607 4885 802 4925 recens
835 4869 1126 4936 exstincta,
1160 4873 1266 4937 vel,
1299 4882 1356 4928 ut
1403 4875 1595 4930 melius
1611 4877 1813 4943 dicam,
1836 4891 2058 4932 accensa
2093 4894 2177 4934 re-

607 4961 832 5022 fertum,
861 4961 1009 5027 jubet
1050 4973 1270 5018 sanctos
1306 4965 1545 5035 immitti,
1577 4971 1705 5024 etin
1740 4985 1803 5024 eo
1839 4971 2032 5041 degere
2069 4983 2176 5026 tres

611 5061 752 5108 totos
788 5052 924 5116 dies,
951 5056 1039 5108 tali
1091 5058 1248 5113 modo
1296 5057 1525 5113 invictos
1569 5063 1792 5115 moliens
1826 5063 2043 5116 vincere
2072 5063 2178 5114 im-

610 5145 750 5212 pius.
785 5141 890 5197 Sed
919 5144 1117 5200 frustra
1168 5148 1473 5214 laborabat,
1507 5153 1765 5204 adversus
1799 5167 1982 5206 verum
2009 5153 2176 5207 Deum

611 5233 946 5305 depugnans.
1002 5237 1134 5292 Nam
1191 5240 1370 5294 divina
1419 5245 1662 5311 quadam
1712 5244 1904 5312 gratia,
1935 5256 1988 5299 et
2011 5245 2180 5299 virtus

612 5324 812 5380 Christi
839 5329 1021 5382 aderat
1058 5334 1401 5402 martyribus,
1435 5337 1522 5402 qui
1554 5345 1774 5402 propter
1831 5336 2001 5403 ipsum
2029 5347 2180 5390 erant

614 5417 668 5470 in
699 5417 842 5481 loco,
897 5420 1160 5476 hebetans
1222 5428 1435 5492 quidem
1502 5429 1664 5480 calcis
1710 5429 2099 5496 operationem,
2150 5443 2177 5480 a

619 5511 758 5564 malo
781 5521 961 5565 autem
991 5515 1188 5569 ilhesos
1227 5532 1445 5572 servans
1482 5520 1714 5574 athletas

690 5687 851 5742 XVII.
892 5688 1132 5744 Valerius
1155 5703 1327 5746 autem
1362 5710 1467 5762 quo
1495 5695 1751 5763 majorem
1780 5698 2007 5765 graliam’
2034 5698 2177 5752 vide—

617 5781 702 5835 bat
733 5797 989 5849 apparere
1047 5785 1095 5835 in
1141 5788 1361 5849 sanctis,
1400 5801 1461 5843 eo
1505 5789 1672 5858 magis
1699 5789 1970 5841 iracundia
2002 5788 2178 5841 ferve-

2278 4589 2521 4661 λόμενος.
2581 4591 2882 4661 Οὐαλέριος
2944 4593 3147 4655 τοίνυν,
3197 4593 3389 4662 ὥσπερ
3445 4594 3606 4657 αὐτὸς
3663 4595 3871 4651 ἑαυτὸν

2278 4683 2608 4753 ὑπερϐαλεῖν
2661 4683 2724 4734 ἐν
2777 4682 2946 4751 κακία
3003 4685 3369 4754 πειρώμενος,
3423 4685 3481 4737 ἓν
3517 4703 3624 4738 τινι
3665 4685 3869 4757 λάκκῳ

2276 4777 2491 4828 τιτάνου
2530 4774 2969 4847 πεπληρωμένῳ,
3000 4775 3058 4829 ὃν
3096 4776 3324 4845 σύνηθες
3353 4777 3614 4830 ἄσϐεστον
3654 4779 3869 4848 ὀνομά-

2279 4867 2412 4932 ζειν,
2436 4867 2633 4938 νεαροῦ
2659 4870 2752 4920 καὶ
2777 4869 2903 4938 ἄρτι
2931 4868 3269 4928 σϐεσθέντος,
3297 4869 3327 4934 ἢ
3367 4867 3568 4934 μᾶλλον
3595 4869 3872 4936 ἀναφθέν-

2277 4974 2368 5020 τος
2398 4960 2595 5020 εἰπεῖν,
2630 4959 2956 5026 εἰσαχθῆναι
3009 4960 3132 5019 τοὺς
3161 4957 3346 5023 ἁγίους
3380 4961 3709 5029 προστάττει
3768 4963 3870 5014 καὶ

2279 5049 2405 5110 δλας
2436 5051 2581 5117 τρεῖς
2612 5051 2669 5100 ὲν
2693 5047 2843 5118 αὑτῷ
2869 5048 3079 5115 διάγειν
3116 5048 3354 5117 ἡμέρας,
3383 5051 3571 5119 τρόπῳ
3608 5051 3715 5100 τινὶ
3743 5067 3868 5102 τοι-

2279 5141 2421 5210 ούτῳ
2464 5139 2686 5209 νικῆσαι
2735 5141 2860 5202 τοὺς
2891 5142 3194 5211 ἀηττήτους
3225 5143 3252 5193 ὁ
3282 5141 3549 5211 δυσσεϐὴς
3597 5145 3870 5211 μηχανά)-

2284 5246 2480 5302 μενος·
2537 5231 2650 5284 ἀλλ’
2707 5232 2910 5301 ἔκαμνε
2971 5234 3148 5300 μάτην
3201 5233 3632 5302 ἀντιμαχόμενος
3666 5233 3872 5301 ἀληθεῖ

2281 5322 2431 5392 Θεῷ·
2468 5322 2584 5376 θεία
2613 5325 2724 5392 γάρ
2764 5340 2846 5385 τις
2881 5323 3038 5393 χάρις
3070 5326 3164 5375 καὶ
3194 5324 3420 5392 δύναμις
3448 5325 3560 5386 τοῖς
3587 5323 3655 5373 δι’
3691 5326 3869 5378 αὐτοῦ

2285 5416 2551 5484 μάρτυσιν
2586 5415 2642 5464 ἐν
2670 5413 2745 5482 τῷ
2766 5414 2954 5482 λάκκῳ
3005 5414 3210 5482 παρῆν,
3248 5413 3598 5480 άμϐλύνουσα
3630 5413 3730 5482 μὲν
3767 5415 3869 5482 τὴν

2284 5505 2564 5575 ἐνέργειαν
2596 5503 2688 5556 τοῦ
2712 5506 2951 5569 τιτάνου,
2982 5504 3150 5557 κακοῦ
3184 5505 3239 5558 δὲ
3264 5506 3492 5566 ἀπαθεῖς
3530 5504 3656 5568 τοὺς
3690 5507 3868 5572 ἀθλη-

2283 5600 2379 5662 τὰς
2412 5597 2677 5666 συντηροῦ
2689 5615 2749 5649 σα
2761 5639 2771 5650 .

2353 5693 2448 5744 IZ'.
2483 5692 2775 5759 Οὖαλέριος
2806 5690 2861 5742 δέ
2898 5691 3006 5759 ὅσῳ
3056 5691 3278 5743 πλείονα
3319 5691 3414 5759 τὴν
3446 5691 3606 5758 χάριν
3649 5692 3706 5740 ἐν
3750 5695 3870 5753 τοῖς

2286 5786 2458 5853 ἁγίοις
2485 5782 2902 5851 διαφαινομένην
2961 5782 3126 5853 ἐώρα,
3186 5783 3423 5851 τοσούτῳ
3463 5782 3664 5848 μᾶλλον
3698 5785 3867 5843 αὐτὸς
