3972 6504
514 427 615 479 121
1811 414 2089 475 MENSIS
2128 414 2457 475 APRILIS.
3647 404 3755 467 128

573 554 3751 589 _____________________________________.___.________.____.

1802 741 2477 862 ΑΘΛΗΣΙΣ

1062 970 1292 1058 ΤΟΥ
1363 972 1701 1058 ΑΙἾΟΥ
1752 974 1943 1055 ΚΑΙ
2020 964 2557 1057 ΕΝΔΟΞΟΥ
2612 976 2630 1057 ]

1631 972 1701 1058 Υ
1752 974 1943 1055 ΚΑΙ
2020 964 2557 1057 ΕΝΔΟΞΟΥ
2612 968 3199 1057 ΜᾹΡΤΥΡΟΣ

1617 1159 2669 1293 ΕΛΕΥΘΕΡΙΟΥ

1777 1560 2485 1665 CERTAMEN

1149 1790 1562 1878 SANC'I‘I
1647 1788 1794 1874 ET
1867 1782 2441 1875 GLORIOSI
2524 1780 3138 1869 MABTYRIS

953 2002 2242 2161 ELEUTHERII
2374 1997 3337 2153 EPISCOPI

543 2293 740 2354 (Latine
761 2293 891 2356 apud
915 2292 1113 2342 Surium
1140 2293 1201 2341 ad
1219 2291 1349 2340 diem
1374 2291 1433 2341 18
1455 2291 1659 2354 Aprilis,
1688 2291 1859 2342 Graece
1884 2291 2010 2352 apud
2031 2290 2263 2341 Bolland.
2284 2291 2405 2340 tom.
2432 2287 2474 2337 Π
2502 2288 2706 2351 Aprilis,
2730 2302 2781 2351 p.
2801 2287 2915 2347 976,
2940 2302 3000 2337 ex
3029 2290 3140 2339 cad.
3173 2288 3294 2339 1190
3314 2287 3548 2339 biblioth.
3587 2286 3782 2349 Valle.)

613 2595 654 2648 1.
685 2590 821 2644 Cum
853 2589 1024 2645 £lius
1043 2591 1310 2645 Adrianus
1332 2590 1589 2647 Romanis
1621 2591 1833 2662 quidem
1864 2592 2098 2662 impera-
2128 2594 2174 2652 Α

2274 2594 2350 2645 Ᾱ⁹.
2383 2592 2565 2645 Αἰλίου
2590 2588 2877 2660 Ἀδριανοῦ
2918 2589 3202 2659 Ῥωμαίων
3233 2588 3330 2655 μὲν
3375 2588 3782 2656 βασιλεύοντος,

540 2697 646 2749 ret,
678 2683 1017 2739 demonibus
1045 2694 1225 2737 autem
1258 2695 1310 2738 et
1343 2684 1644 2739 simulacris
1680 2686 1961 2752 diligenter
1990 2699 2106 2738 ser-

2222 2687 2425 2753 5αίμοσι
2454 2688 2512 2737 δὲ
2565 2687 2657 2737 καὶ
2687 2684 2925 2744 εἰδώλοις
2973 2684 3251 2750 ἐπιμελῶς
3284 2682 3651 2745 δουλεύοντος,
3687 2685 3790 2735 καὶ

542 2778 683 2831 viret
714 2793 728 2829 :
756 2773 1088 2827 admirabilis
1124 2789 1339 2843 quoque
1373 2775 1710 2828 Eleutlierius
1744 2774 1834 2827 illo
1869 2782 2108 2841 tempore

2223 2780 2237 2830 5
2264 2777 2575 2844 θαυμαστὴς
2618 2774 2952 2842 Ἐλευθέριος
2982 2774 3101 2825 κατ’
3124 2773 3300 2824 ὲκεῖνο
3324 2772 3540 2840 καιροῦ,
3576 2769 3668 2825 οἷά
3698 2790 3791 2836 τις

539 2866 793 2933 cognitus
819 2872 923 2927 est,
962 2863 1123 2914 veluti
1168 2864 1411 2929 quaedam
1449 2860 1601 2915 stella
1643 2862 1779 2917 diem
1812 2861 2106 2917 illustrans.

2221 2868 2613 2940 ἡμερολαμπὴς
2667 2866 2843 2938 ἀστὴρ
2895 2866 3245 2934 ὲγνωρῐζετο·
3274 2858 3318 2932 ᾧ
3370 2867 3567 2936 πατρὶς
3606 2866 3707 2934 μὲν
3752 2869 3789 2935 ἡ

545 2956 645 3011 Cui
690 2955 862 3024 patria
916 2953 1130 3023 quidem
1171 2953 1269 3007 fuit
1319 2954 1513 3025 inclyta
1545 2963 1598 3009 et
1638 2970 1826 3027 magna
1886 2955 2055 3009 Roma
2090 2973 2103 3010 :

2224 2960 2427 3029 μεγάλη
2466 2958 2560 3011 καὶ
2596 2957 2894 3030 περιφανὴς
2926 2954 3187 3025 ἐτύγχανε
3218 2952 3427 3025 Ῥώμη,
3459 2955 3700 3025 πατέρες
3726 2955 3792 3009 δὲ

544 3056 798 3118 parentes
828 3055 1007 3099 autem
1041 3059 1235 3115 genere
1275 3045 1488 3110 quidem
1523 3046 1863 3111 nobilissimi,
1910 3046 2111 3100 divitiis

2224 3052 2380 3119 γένει,
2413 3049 2626 3119 πλούτῳ
2654 3067 2711 3100 τε
2744 3051 2835 3101 καὶ
2862 3048 2986 3117 δόξῃ
3017 3047 3475 3116 περιφανέστατοι
3507 3048 3600 3099 καὶ
3635 3045 3792 3114 λαμ-

545 3155 677 3194 vero
722 3139 1140 3205 opulentissimi,
1194 3137 1361 3205 gloria
1413 3138 1573 3190 etiam
1638 3138 1946 3191 clarissimi.
2008 3138 2113 3191 Ter

2225 3142 2474 3209 πρότατοι
2500 3159 2512 3174 θ
2540 3140 2886 3209 τρισύπατον
2910 3141 3020 3208 γὰρ
3052 3138 3220 3191 αὖτοῦ
3257 3139 3346 3191 τὸν
3383 3140 3596 3209 πατέρα
3626 3139 3793 3205 γενέ-

550 3230 829 3284 consulem
866 3229 1007 3281 enim
1035 3227 1201 3283 fuisse
1231 3228 1345 3297 ejus
1376 3239 1606 3296 patrem,
1654 3227 1772 3298 ejus
1813 3229 2000 3283 scribit
2030 3229 2117 3283 bi-

2224 3229 2339 3282 σθαι
2366 3228 2553 3297 φασιν.
2623 3229 2784 3281 Ἀλλὰ
2838 3229 2933 3281 καὶ
2966 3229 3108 3280 οὓτω
3150 3230 3509 3297 περιφανεεας
3542 3228 3792 3296 ἔχοντες,

549 3323 741 3379 storia.
777 3322 883 3376 Sed
912 3337 1033 3377 cum
1060 3332 1248 3377 essent
1278 3323 1410 3377 adeo
1444 3323 1701 3391 insignes,
1731 3338 1829 3378 nec
1871 3325 1951 3378 eis
1991 3323 2114 3393 qui-

2228 3324 2335 3376 >ύδὲ
2390 3323 2487 3394 τῆς
2522 3323 2641 3375 κατ’
2670 3321 2952 3373 εὐσέϐειαν
2995 3321 3355 3374 ἀπελείποντο
3406 3320 3718 3387 εὐγενείας·
3760 3324 3796 3389 ἡ

547 3418 671 3469 dem
708 3417 895 3468 deerat
927 3414 1179 3467 nobilitas
1223 3429 1286 3466 ex
1328 3414 1526 3481 pietate
1558 3424 1675 3467 orta
1728 3425 1783 3467 et
1832 3413 2112 3480 religione.

2228 3416 2400 3484 μήτηρ
2456 3414 2566 3483 γὰρ
2618 3412 2767 3480 αύτῷ
2803 3412 3061 3476 Εὖανθία,
3092 3414 3210 3474 ταῖς
3240 3410 3334 3463 τοῦ
3388 3409 3535 3464 θείου
3569 3410 3796 3464 Παύλου

553 3508 680 3572 Ejus
708 3506 849 3559 enim
883 3514 1053 3558 mater
1075 3504 1359 3566 Evanthia,
1387 3520 1504 3559 cum
1529 3505 1696 3559 divini
1722 3504 1867 3556 Pauli
1900 3515 2117 3571 aposto-

2232 3504 2603 3567 Ξιποστολικαῖς
2658 3504 3021 3573 παραινέσεσι
3078 3502 3175 3575 τὴν
3224 3503 3408 3557 πίστιν
3443 3501 3800 3571 ικμαθοῦσα,

553 3596 674 3650 licis
706 3594 1163 3650 admonitionibus
1198 3595 1351 3648 ﬁdem
1374 3604 1629 3647 accurate
1663 3596 1958 3656 didicisset,
1996 3611 2117 3648 cum

2233 3593 2420 3662 πολλὴν
2448 3595 2663 3663 ὑπῆρχε
2690 3598 2786 3646 σὺν
2807 3596 2872 3662 τῇ
2920 3595 3088 3663 ἀρετῇ
3122 3594 3430 3647 πλουτοῦσα
3473 3598 3567 3648 καὶ
3598 3596 3801 3648 θεοσε-

553 3687 729 3741 studio
754 3686 994 3739 virtutis.
1019 3685 1110 3738 Dei
1132 3698 1347 3753 quoque
1366 3684 1512 3738 cultu
1539 3694 1657 3738 erat
1684 3684 1837 3739 valde
1864 3685 2117 3755 locuples.

2232 3683 2396 3736 Βειαν.
2449 3683 2597 3753 Αὕτη
2629 3682 2721 3734 τδν
2760 3683 2902 3751 ἱερὸν
2954 3682 3146 3734 τοῦτον
3200 3683 3545 3735 ἀποτεκοῦσα
3598 3684 3800 3746 παῖδα,

558 3779 630 3833 Ea
658 3794 777 3833 cum
811 3779 953 3833 hunc
984 3786 1231 3833 sanctum
1268 3776 1560 3845 peperisset
1587 3792 1830 3845 puerum,
1855 3777 2119 3834 Eleuthe—

2235 3774 2571 3846 Ἐλευθέριον
2597 3774 2696 3845 μὲν
2721 3772 3027 3843 ὠνόμασεν,
3079 3772 3403 3842 ἐλευθερίως
3434 3772 3491 3825 δὲ
3522 3772 3663 3825 οὕτω
3698 3776 3803 3828 καὶ

552 3868 694 3923 rium
754 3868 971 3937 quidem
1026 3864 1239 3921 vocavit
1293 3881 1357 3922 ex
1419 3866 1535 3936 ipso
1576 3877 1697 3920 ortu
1732 3885 1747 3921 :
1780 3867 1916 3919 adeo
1944 3878 2117 3921 autem

2234 3866 2403 3929 καλῶς
2431 3866 2803 3938 ἁναθρὲψασα,
2838 3866 2981 3919 ὥστε
3026 3866 3092 3936 τῇ
3125 3863 3317 3936 κλήσει
3353 3867 3663 3933 συμφωνεῖν
3693 3871 3802 3921 καὶ

553 3959 851 4015 liberaliter
892 3968 945 4012 et
973 3958 1199 4013 honeste
1243 3971 1365 4011 eum
1398 3958 1667 4020 educavit,
1698 3965 1755 4009 ut
1788 3956 1991 4009 nomini
2035 3972 2121 4011 res

2232 3959 2292 4012 τὰ
2320 3925 2659 4026 πράγματαί
2688 3925 2977 4027 Τραφέντα
3030 3925 3162 4025 γοῦν
3205 3925 3299 4013 διαὶ
3330 3925 3672 4030 ἀνδρωθέντα
3710 3958 3800 4029 τῷ

555 4065 770 4120 quoque
804 4047 1178 4103 convenirent.
1231 4046 1323 4101 Sic
1371 4061 1501 4117 ergo
1541 4049 1846 4112 educatum,
1880 4061 2001 4101 cum
2053 4046 2121 4102 ad

2236 4051 2470 4121 ὶρχιερεί
2489 4051 2586 4119 τῆς
2629 4049 2917 4118 Ῥωμαίων
2949 4049 3276 4121 Ἐκκλησεας
3315 4052 3580 4121 Ἀνικήτῳ
3603 4050 3804 4122 [Ἄνα-

560 4141 769 4194 virilem
825 4148 1037 4194 aetatem
1090 4140 1451 4206 pervenisset,
1488 4136 1596 4194 Deo
1627 4148 1681 4193 et
1720 4137 2123 4210 archiepiscopo

2233 4140 2431 4213 ιιλήτῳ]
2468 4140 2642 4213 δῶρον
2677 4141 2827 4206 ἄξιον
2856 4141 3092 4207 δίδωσιν,
3124 4142 3184 4206 ὃς
3214 4141 3277 4196 τὸ
3308 4142 3403 4196 τοῦ
3426 4135 3591 4213 ἠθους
3621 4140 3801 4196 αὐτοῦ

553 4229 782 4285 Aniceto
812 4227 888 4299 (l)
920 4228 1011 4282 dat
1031 4227 1394 4292 eum,donum
1429 4228 1547 4299 ipso
1569 4228 1809 4298 dignum.
1832 4229 1950 4299 Ipse
1976 4231 2121 4286 enim

2233 4234 2446 4306 ιιὸσμιον
2476 4235 2569 4287 καὶ
2597 4234 2696 4304 τὴν
2723 4234 2891 4300 ἄλλην
2929 4234 3074 4302 ὁρῶν
3118 4232 3342 4302 ἀρετὴν,
3401 4233 3646 4285 διάκονον
3693 4235 3801 4301 μὲν

557 4330 685 4374 tunc
716 4320 970 4374 Romanae
995 4328 1224 4388 praeerat
1252 4318 1524 4373 Ecclesiae.
1558 4319 1657 4385 Qui
1686 4320 1872 4375 videns
1911 4336 2119 4374 morum

2233 4327 2463 4397 πρῶτον,
2486 4321 2604 4377 εἶτα
2625 4324 2893 4394 πρεσϐύτε
2904 4339 3016 4391 ρον,
3040 4322 3135 4375 καὶ
3158 4322 3464 4377 τελευταῖον
3492 4320 3801 4380 ἐπίσκοπον

558 4411 679 4480 ejus
727 4409 1148 4463 moderationem
1199 4417 1253 4461 et
1291 4408 1428 4464 alias
1458 4411 1703 4474 virtutes,
1750 4424 1873 4463 eum
1909 4410 2123 4477 quidem

1458 4411 1703 4474 virtutes,
1750 4424 1873 4463 eum
1909 4410 2123 4477 quidem
2223 4417 2517 4489 χειροτονεῖ
2540 4412 2634 4466 τοῦ
2680 4413 3000 4483 Ἰλλυρικοῦ.

557 4501 791 4572 primum
814 4499 1125 4563 diaconum,
1178 4498 1370 4554 deinde
1415 4499 1814 4571 presbyterum,
1853 4512 2124 4570 postremo

556 4592 873 4662 episcOpum
907 4590 1129 4647 ordinat
1151 4590 1366 4662 Illyrici.

628 4683 696 4736 11.
731 4682 930 4749 Sicque
983 4681 1221 4742 lucerna,
1251 4693 1303 4734 ut
1325 4683 1630 4752 evangelice
1659 4684 1830 4738 dicam
1861 4686 1903 4748 ί,
1953 4686 2123 4754 posita

2297 4684 2373 4739 B'.
2405 4684 2514 4736 Kal.
2546 4684 2687 4737 οὕτω
2713 4684 2776 4752 δὴ
2797 4681 2891 4733 τοῦ
2927 4680 3142 4752 λύχνου,
3184 4679 3553 4746 εύαγγελικῶς
3593 4682 3797 4747 εἰπεῖν,

560 4787 724 4842 super
750 4770 1156 4836 candelabrum,
1172 4772 1383 4828 etverbi
1404 4772 1633 4841 vitaeque
1656 4774 1774 4829 luce
1790 4775 2127 4833 illuminante

2232 4776 2321 4828 ἐπὶ
2349 4774 2448 4841 τὴν
2475 4773 2697 4844 λυχνίαν
2726 4770 3001 4834 τεθέντος,
3061 4773 3154 4825 καὶ
3184 4769 3365 4838 πολλῷ
3416 4771 3492 4839 τῷ
3525 4770 3619 4825 τοῦ
3674 4770 3800 4840 βεου

561 4862 853 4917 multorum
881 4862 1239 4932 cogitationes
1271 4873 1353 4918 :et
1382 4864 1571 4920 falsam
1594 4866 1810 4935 quidem
1849 4870 2115 4925 mendacii

2235 4868 2324 4921 καὶ
2352 4866 2429 4935 τῷ
2464 4865 2558 4919 τοῦ
2612 4866 2772 4931 λόγου
2827 4864 2969 4931 φωτὶ
3015 4864 3115 4924 τὰς
3148 4861 3256 4913 τῶν
3288 4862 3499 4915 πολλῶν
3553 4862 3803 4926 διανοίας

561 4952 861 5007 doctrinam
885 4954 1254 5023 proculcante,
1290 4952 1546 5013 doctrina:
1573 4972 1822 5014 sermone
1854 4958 2125 5024 aliiueute,

2234 4959 2787 5026 περιαστράπτοντος,
2811 4954 2908 5006 καὶ
2946 4952 3381 5020 καθοδηγούντος
3424 4952 3561 5021 πρὸς
3607 4952 3802 5005 θεοσέ-

560 5045 628 5097 ad
690 5042 860 5099 solius
937 5053 1115 5097 autem
1186 5043 1278 5101 Dei
1323 5048 1681 5115 cognitionem
1748 5052 1942 5108 multos
1996 5069 2128 5109 con-

2230 5051 2382 5103 6ειαν
2407 5089 2422 5112 ,
2460 5049 2560 5101 οὑκ
2592 5034 2670 5116 ἦν’
2702 5044 2874 5098 ταῦτα
2930 5044 3123 5112 πράως
3144 5045 3234 5096 τὸν
3257 5043 3494 5112 πονηρὸν
3526 5045 3798 5110 ἐνεγκεῖν,

478 5124 488 5136 ⁸
564 5142 813 5188 vertente
871 5144 927 5189 et
995 5134 1292 5191 deducente
1360 5135 1427 5191 ad
1477 5138 1755 5207 pietatem,
1788 5157 1893 5197 non
1923 5155 2040 5211 pote

2236 5140 2367 5194 ἀλλὰ
2391 5139 2510 5193 κατ’
2546 5137 2710 5191 αὑτοῦ
2738 5137 2832 5191 καὶ
2870 5136 2967 5203 τῆς
2991 5135 3276 5197 εὐσεϐείας
3302 5133 3477 5187 δεινὸν
3524 5132 3675 5187 ἔπνει
3704 5138 3804 5188 καὶ

565 5223 836 5293 malignus
865 5225 979 5280 haec
1013 5224 1154 5281 ferre
1180 5227 1493 5287 moderate:
1529 5231 1621 5284 sed
1655 5233 1799 5285 rabie
1826 5233 2042 5302 quidem
2075 5237 2126 5289 in

2238 5234 2484 5306 μανικὸν,
2538 5230 2661 5284 ὅθεν
2714 5231 2808 5283 καὶ
2837 5229 2928 5281 τὸν
2968 5227 3244 5297 Ἀδριανὸν
3287 5225 3489 5283 ὑποδὺς
3515 5224 3658 5287 ὅλον,
3692 5227 3806 5293 πρδ

566 5315 744 5384 ipsum
777 5316 1101 5383 agitabatur,
1136 5325 1190 5371 et
1213 5318 1448 5387 graviter
1471 5319 1706 5389 spirabat
1731 5334 1920 5377 contra
1955 5325 2127 5395 pieta-

2236 5326 2343 5379 τῶν
2369 5325 2543 5378 ἄλλων
2571 5322 2846 5382 ἁπάντων,
2874 5321 2963 5373 τὸν
3002 5318 3335 5385 ’Ἐλευθέριον
3372 5316 3512 5368 ἑλεῖν
3534 5314 3804 5382 ἀγωνίζε-

569 5416 703 5459 tem.
734 5402 932 5461 Totum
954 5421 1083 5461 vero
1114 5407 1331 5462 subiens
1346 5408 1659 5474 Adriauum,
1692 5425 1813 5466 cum
1841 5412 1929 5466 illo
1952 5427 2131 5467 arma-

2238 5431 2347 5473 ται.
2389 5414 2513 5472 τοὺς
2541 5408 2975 5479 ὲπισημοτέρους
2995 5407 3104 5459 τῶν
3136 5404 3375 5458 εὐσεϐῶν
3401 5404 3647 5459 σπεύδων
3664 5405 3803 5458 ἀπο-

568 5507 659 5550 tur
689 5506 877 5551 contra
910 5499 1191 5553 veritatem
1229 5516 1244 5555 :
1277 5507 1330 5553 et
1362 5506 1486 5554 ante
1525 5500 1659 5554 alios
1698 5517 1883 5558 omnes
1910 5511 2133 5557 conten-

2241 5502 2500 5570 θερίζειν,
2518 5500 2705 5568 ὥσπερ
2736 5499 2797 5569 δή
2826 5515 2977 5559 τινας
3006 5496 3111 5549 τῶν
3131 5496 3417 5565 ἀσταχύων
3448 5494 3805 5565 προέχοντος,

640 5659 655 5689 ¹
694 5659 875 5717 Matth.
918 5678 968 5716 v.

642 5779 717 5845 (Ι)
763 5776 900 5847 Lege
960 5779 1234 5846 Aimclelo,
1302 5794 1424 5836 cum
1470 5782 1731 5837 Anicetus
1763 5782 1963 5836 sederit
2002 5790 2119 5850 post
2160 5780 2485 5838 Adrianum,
2521 5775 2621 5828 sub
2660 5789 2765 5843 quo
2801 5787 2989 5839 passus
3021 5779 3105 5825 est
3176 5768 3542 5822 Eleutherius.
