3972 6438
178 375 255 438 129
1328 368 1511 430 VITA
1554 367 1617 426 S.
1661 365 2167 428 ELEUTHERII.

3279 369 3383 432 130

168 490 308 549 Εὐθὺς
336 481 421 538 οὖν
444 483 614 553 Φίληξ
644 499 727 546 τις
752 483 863 536 τῶν
896 482 1243 551 στρατιωτῶν
1279 483 1582 552 πέμπεται,
1613 483 1681 535 τοι

1809 479 1887 534 dit
1921 482 1986 534 de
2020 482 2197 535 medio
2251 481 2439 536 tollere
2473 479 2861 549 Eleutherium,
2897 499 2960 537 cx
3017 485 3118 553 piis
3163 488 3382 539 studens

177 577 468 644 Ἐλευθέριον
493 575 573 644 τῷ
599 573 868 643 βασιλικῷ
905 573 1108 639 βήματι
1138 573 1488 642 παραστῆναι
1537 590 1690 626 κεκε-

165 668 434 735 λευσμένος.
499 668 541 718 0
565 667 621 718 δὲ
661 665 764 734 τὴν
795 664 1093 732 ἐκκλησίαν
1123 648 1476 728 καταλαϐὼν,
1495 663 1692 733 πλήθει

162 776 205 810 τε
233 757 763 825 περικυκλωσάμενος
826 755 1199 824 στρατιωτῶν,
1243 757 1337 807 καὶ
1393 755 1486 808 τὸν
1536 755 1690 821 ἀγιον

161 850 278 901 ἔνδον
305 849 607 907 ἀπολαϐὼν,
642 841 763 898 εἶτα
790 847 884 898 καὶ
913 844 1196 909 εἰσελθὼν,
1228 847 1322 898 καὶ
1367 846 1545 916 ἀγρίῳ
1595 848 1692 914 μὲν

157 942 348 1006 ὄμματι,
371 938 695 1007 ἀγριωτέρῳ
715 937 771 990 δὲ
799 938 1112 1006 φρονήματι
1134 941 1247 1000 τοῖς
1272 938 1441 1008 ὁρῶσι
1476 938 1687 1004 φανείς·

154 1031 208 1090 ὡς
235 1031 278 1082 δὲ
306 1026 432 1082 είδον
475 1030 638 1082 αὑτὸν
668 1035 730 1082 τὸ
755 1033 852 1098 τῆς
883 1029 1238 1090 διδασκαλίας
1290 1031 1507 1098 ἥδιστον
1541 1030 1690 1096 νᾶμα

158 1122 432 1188 προχέοντα,
461 1121 558 1172 καὶ
590 1121 687 1172 σὺν
709 1120 981 1190 εὐκοσμίᾳ
1008 1119 1174 1189 πολλῇ
1208 1123 1316 1182 τοῖς
1348 1119 1568 1171 συνοῦσι
1591 1122 1691 1188 τὴν

155 1212 392 1290 εὐσέϐειαν
420 1212 887 1279 καταγγέλλοντα,
920 1213 1018 1281 τὴν
1050 1211 1145 1264 τοῦ
1181 1209 1420 1278 Χριστοῦ
1455 1210 1685 1278 δύναμιν

154 1303 403 1370 θαυμάζων
435 1299 527 1372 ἦν.
556 1304 666 1356 Καὶ.
701 1301 1023 1371 μεταϐαλὼν
1057 1301 1258 1354 αὐτίκα
1287 1303 1386 1371 τῆς
1422 1301 1683 1369 ἀγριότη-

151 1411 238 1456 τκ,
265 1393 525 1463 πρόϐατον
548 1397 669 1449 ἀντὶ
694 1393 884 1458 λύκου,
917 1393 1008 1446 καὶ
1035 1391 1281 1462 μαθητὴς
1308 1391 1430 1445 ἀντὶ
1455 1391 1685 1444 διώκτου

150 1487 349 1550 γίνεται·
383 1489 474 1539 καὶ
510 1487 757 1556 ὑπερορᾷ
794 1487 893 1554 μὲν
917 1485 1083 1537 αὑτοῦ
1120 1483 1412 1554 βασιλέως,
1453 1481 1687 1553 προσπί-

147 1576 311 1630 πτειδὲ
339 1581 445 1639 τοῖς
473 1578 603 1630 ποσὶ
632 1576 727 1629 τοῦ
765 1575 943 1642 ἁγίου,
984 1576 1078 1628 καὶ⁵
1105 1575 1164 1628 τὸ
1195 1574 1304 1628 ἀπὸ
1329 1574 1481 1626 τοῦδε
1522 1574 1685 1643 συνῆν

147 1666 265 1733 αὐτῷ
293 1670 398 1728 τοῖς
429 1668 644 1720 ἐκείνου
677 1667 856 1732 λόγοις
889 1666 1025 1734 πρὸς
1047 1664 1147 1730 τὴν
1179 1663 1464 1716 εὐσέδειαν
1497 1679 1688 1733 στηρι-

1800 575 2078 627 demetere
2101 589 2215 637 eos,
2247 577 2338 643 qui
2371 586 2525 629 erant
2553 576 2893 645 insigniores,
2925 586 3180 644 tanquam
3209 580 3384 646 spicas

1800 665 2061 732 quasdam
2099 668 2309 720 czeteris
2340 668 2744 736 prestantiores
2777 686 2788 721 :
2825 680 2878 722 et
2901 670 3081 721 statim
3121 685 3243 724 cum
3279 680 3385 723 ter-

1802 752 2231 822 ribililegatione
2266 756 2498 809 mittitur
2518 756 2668 811 Felix
2693 756 2934 826 quidam,
2968 773 3104 812 unus
3132 772 3197 810 ex
3229 758 3383 811 duci-

1797 845 1899 897 bus
1951 845 2240 909 exercitus,
2271 845 2452 912 jussus
2484 857 2540 900 ut
2587 863 2682 916 per
2725 850 2830 902 vim
2865 849 3096 906 adducat
3128 849 3382 903 Eleuthe-

1799 936 1964 1000 rium,
1997 947 2052 990 et
2083 951 2204 991 eum
2233 939 2386 992 sistat
2413 950 2535 992 ante
2562 941 2797 994 tribunal
2825 941 3255 1010 imperatorium.
3276 942 3380 1010 Qui

1795 1042 1919 1080 cum
1940 1029 2005 1080 ad
2025 1028 2223 1082 Christi
2251 1031 2528 1084 mandram
2549 1032 2906 1098 pervenisset,
2931 1033 3238 1098 ecclesiam,
3257 1051 3378 1089 eam

1793 1123 2143 1173 extrinsecus
2205 1121 2551 1175 circumsidet
2614 1123 2956 1178 multitudine
3011 1126 3236 1180 militum
3275 1146 3292 1182 :
3325 1139 3380 1181 et

1794 1225 1915 1262 cum
1949 1211 2094 1265 intus
2128 1212 2505 1279 intercepisset
2539 1213 2931 1282 Eleutherium,
2967 1227 3216 1287 tanquam
3242 1237 3380 1288 pra:-

1793 1304 1916 1355 dam
1940 1303 2172 1372 aliquam
2209 1306 2678 1362 studebatbabere
2709 1323 2901 1377 agnum
2927 1311 3150 1364 Christi.
3179 1311 3379 1367 Deinde

1797 1395 2058 1463 templum
2097 1395 2394 1466 ingressus,
2428 1408 2480 1452 et
2514 1399 2830 1454 truculentis
2860 1400 3078 1468 quidem
3111 1403 3288 1457 oculis
3322 1415 3378 1459 et

1797 1491 2182 1547 truculentiore
2203 1493 2365 1549 etiam
2395 1495 2872 1566 spiritu,tanquam
2912 1499 3029 1568 ipso
3057 1499 3205 1552 vultu
3236 1499 3376 1567 ejus,

1794 1584 1885 1650 qui
1921 1585 2161 1647 miserat,
2183 1586 2496 1654 signiﬁcans
2538 1590 2828 1654 saevitiam,
2864 1605 2922 1644 se
2970 1593 3262 1645 ostendens
3289 1591 3377 1657 iis,

1795 1673 1891 1741 qui
1929 1673 2184 1729 videbant
2221 1696 2234 1730 :
2278 1686 2558 1747 postquam
2593 1680 2722 1733 vidit
2757 1681 3129 1736 Eleutherium
3158 1683 3376 1737 suavis-

147 1756 350 1823 ζέμενος.
401 1758 542 1809 Ἀλλ’
587 1757 730 1810 οὕτω
759 1755 861 1824 μὲν
905 1757 934 1807 δ
961 1755 1130 1824 Φίληξ
1164 1755 1363 1819 ἐποίει,
1419 1753 1515 1811 καὶ
1553 1755 1681 1824 πρὸς

1793 1761 1992 1814 simum
2029 1765 2290 1819 doctrina:
2327 1765 2588 1821 ﬂuentum
2634 1769 3067 1836 profundentem,
3107 1783 3162 1826 et
3209 1787 3376 1825 orna-

145 1849 213 1897 τὸν
249 1848 641 1901 ἀποστείλαντα
689 1846 944 1915 οὐδαμῶς
1007 1847 1375 1916 ἀναστρέφειν
1411 1845 1634 1916 ἠγάπα·
1667 1846 1681 1898 ί

1801 1852 2007 1908 tissime
2061 1855 2314 1924 pietatem
2375 1833 2783 1914 annuntiantem
2844 1860 2932 1925 iis,
2998 1833 3090 1931 qui
3135 1876 3258 1916 cum
3309 1876 3378 1917 eo

144 1935 255 1998 θεῖος
283 1936 333 1989 δὲ
376 1936 724 2008 Ἐλευθέριος
748 1935 1238 2008 παρρησιάσασθαι
1267 1935 1366 2006 τὴν
1398 1936 1691 1989 εὐσέϐειαν

141 2028 578 2098 προθυμούμενος,
633 2028 863 2097 πορείας
897 2028 1059 2091 εὐθὺς
1106 2027 1308 2098 εἴχετο,
1357 2028 1452 2080 καὶ
1484 2027 1574 2080 τὸν
1595 2026 1690 2079 Φί-

142 2119 257 2189 λῃκα
277 2123 640 2192 συνεπόμενον
673 2122 837 2190 ἔχων.
879 2120 966 2182 Ὠς
1002 2119 1060 2171 δὲ
1097 2121 1239 2172 κατὰ
1259 2119 1357 2190 τὴν
1388 2120 1506 2172 ὁδὸν
1533 2119 1691 2173 ὕδατι

141 2213 444 2284 περιέτυχον,
497 2214 663 2276 ἀλλος
691 2206 848 2275 οὗτος
882 2211 1176 2280 Κανδάκης
1204 2213 1232 2263 δ
1255 2207 1423 2280 Φίληξ
1450 2210 1688 2278 γίνεται,

142 2307 368 2375 ιαίπαρά
390 2307 665 2359 Φιλίππου
697 2305 796 2358 τοῦ
831 2303 976 2358 θείου
1029 2301 1372 2373 Ἐλευθερίου
1417 2301 1681 2374 βαπτίζε-

138 2410 225 2459 ται,
253 2397 344 2465 τὴν
373 2396 825 2466 είδωλολατρείαν
857 2413 916 2449 τε
951 2395 1347 2453 ἀποϐάλλεται.

1796 1944 2180 2010 versabantur,
2213 1945 2300 2000 ille
2323 1947 2624 2002 mirandum
2655 1950 2707 2004 in
2736 1950 2950 2004 modum
3005 1951 3378 2006 admirabatur

1791 2031 1996 2088 Christi
2033 2035 2288 2090 virtutem
2323 2055 2338 2090 :
2369 2045 2423 2091 et
2446 2037 2633 2093 statim
2660 2051 2862 2094 mutata
2903 2041 3109 2095 saevitia
3179 2043 3197 2108 (
3229 2041 3378 2098 visus

1791 2134 1877 2178 est
1909 2126 2055 2179 enim
2099 2125 2298 2181 habere
2335 2128 2574 2182 animum
2611 2139 2801 2197 aptum
2850 2134 2915 2184 ad
2972 2133 3375 2200 suscipiendum

1789 2214 1995 2268 semina
2026 2215 2290 2283 pietatis),
2323 2217 2516 2273 ﬂtovis
2531 2233 2626 2286 pro
2656 2219 2797 2288 lupo,
2826 2230 2880 2274 et
2916 2236 3010 2289 pro
3033 2231 3378 2289 persecutore

1791 2304 2087 2374 discipulus
2121 2319 2136 2359 :
2169 2316 2221 2360 et
2244 2310 2486 2375 priorum
2535 2310 2698 2362 veluti
2734 2313 2954 2377 oblitus,
3002 2330 3105 2366 non
3150 2313 3288 2366 latro
3323 2321 3378 2366 et

1789 2405 2132 2464 persecutor,
2171 2400 2264 2452 sed
2297 2397 2522 2466 Christi,
2557 2416 2716 2469 quem
2748 2403 3197 2472 persequebatur,
3239 2405 3379 2458 ami-

139 2499 211 2542 cus
239 2498 286 2543 et
318 2492 613 2560 discipulus
647 2509 661 2546 :
697 2503 751 2545 et
785 2491 1012 2562 despicit
1045 2493 1260 2560 quidem
1295 2493 1465 2558 ipsum
1503 2492 1885 2560 imperatorem
1914 2509 1928 2545 :
1963 2493 2208 2560 procedit
2271 2505 2454 2548 autem
2493 2501 2559 2550 ad
2620 2500 2781 2566 pedes
2847 2500 3052 2563 sancti,
3109 2512 3164 2556 et
3216 2500 3283 2554 ab
3314 2516 3378 2556 eo

142 2592 346 2652 tempore
374 2585 563 2640 lubens
584 2587 906 2640 versabatur
930 2599 1051 2638 cum
1081 2585 1362 2652 magistro,
1415 2583 1562 2636 illius
1605 2583 1783 2637 verbis
1846 2583 2202 2647 illuminatus,
2245 2596 2300 2639 et
2343 2586 2398 2640 in
2446 2589 2644 2656 pietate
2709 2592 3086 2644 confirmatus.
3122 2589 3226 2644 Sed
3297 2592 3376 2644 sic

135 2677 314 2741 quidem
339 2677 462 2728 iecit
487 2675 667 2738 Felix,
694 2686 747 2728 et
770 2689 1105 2744 nequaquam
1133 2675 1342 2728 curavit
1375 2673 1572 2726 reverti
1608 2672 1673 2726 ad
1717 2686 1864 2740 cum,
1935 2677 2024 2743 qui
2061 2677 2307 2731 miserat.
2343 2676 2460 2733 NOn
2490 2690 2608 2734 erat
2635 2691 2838 2745 autem,
2874 2681 2924 2733 id
2953 2680 3096 2749 quod
3155 2680 3375 2736 videba-

139 2777 203 2819 tur
232 2770 553 2824 Eleutherio.
586 2769 901 2824 Festinabat
925 2770 1068 2824 enim
1113 2770 1181 2823 ad
1220 2767 1623 2824 confessionem
1660 2786 1679 2824 ι
1715 2779 1942 2838 eratque
2007 2781 2256 2839 prompto
2286 2780 2340 2824 et
2406 2774 2574 2828 alacri
2607 2775 2789 2829 animo
2816 2778 2880 2828 ad
2913 2777 3168 2844 pietatem
3205 2777 3374 2833 libere

135 2860 578 2918 eﬂerendamJter
606 2862 1015 2932 certeprotinus
1059 2871 1144 2918 est
1199 2863 1495 2931 ingressus,
1554 2862 1763 2918 habens
1827 2864 1990 2917 etiam
2055 2878 2114 2918 se
2165 2875 2482 2934 sequentem
2540 2864 2770 2920 Felicem
2827 2869 3017 2920 ducem
3076 2871 3373 2924 exercitus.

133 2958 238 3011 Cum
286 2969 457 3014 autem
523 2964 670 3015 inter
721 2961 972 3014 eumdum
1027 2959 1080 3012 in
1141 2973 1336 3028 aquam
1393 2957 1729 3024 incidissent,
1761 2959 1819 3011 ﬁt
1852 2959 1940 3012 hic
1979 2958 2130 3014 Felix
2193 2962 2333 3016 alius
2393 2961 2671 3016 Caudaces
2707 2978 2721 3012 :
2763 2971 2817 3016 et
2854 2977 2883 3013 a
2919 2962 3098 3017 divino
3125 2962 3376 3032 Philippo

133 3045 398 3114 baptizatur
427 3047 466 3112 ',
523 3061 723 3114 nempe
795 3046 1145 3112 Eleutherio,
1227 3056 1284 3100 ct
1363 3045 1682 3100 idololatria:
1744 3046 2025 3116 caligine,
2115 3057 2370 3118 tanquam
2451 3051 2668 3118 putrido
2750 3051 2933 3119 aliquo
3003 3053 3372 3123 indumento,

133 3138 330 3190 exuitur.

187 3229 251 3286 Γ.
287 3233 434 3286 Ἐπεὶ
462 3232 635 3287 δὲκαὶ
661 3231 758 3302 τὴν
793 3231 1014 3304 Ῥώμην
1043 3232 1368 3297 κατέλαϐον,
1392 3233 1557 3304 Φίληξ
1586 3234 1681 3302 μὲν

1860 3233 1954 3291 lii.
1981 3233 2274 3302 Postquam
2297 3247 2421 3288 vero
2451 3232 2645 3288 itinere
2677 3234 2926 3289 confecto
2950 3233 3176 3291 Romam
3214 3253 3375 3294 vene-

133 3325 218 3384 τιίς
243 3326 295 3376 έν
359 3324 551 3397 Ῥώμῃ
615 3327 828 3387 πιστοῖς
887 3325 953 3379 τά
1011 3327 1154 3379 κατά
1204 3325 1294 3378 τὸν
1338 3323 1678 3393 Ἐλευθέριον

133 3415 450 3483 ἀπαγγέλλει,
525 3417 871 3486 Ἐλευθέριον
919 3419 976 3470 δὲ
1023 3420 1051 3471 ὁ
1082 3419 1336 3488 βασιλεὺς
1369 3417 1445 3487 τῷ
1483 3415 1678 3470 ἑαυτοῦ

131 3508 387 3576 παρίστησι
423 3508 643 3574 βήματι
667 3523 681 3536 ·
717 3507 775 3557 ὃν
816 3507 912 3558 καὶ
947 3507 1073 3558 ἰδὼν
1126 3509 1244 3558 νέον
1270 3525 1328 3561 τε
1388 3509 1484 3561 καὶ
1519 3524 1678 3578 περι-

131 3596 291 3663 καλλῆ,
345 3599 436 3648 καὶ
482 3595 564 3664 τῷ
625 3598 725 3664 τῆς
759 3597 962 3664 ἀρετῆς
998 3595 1189 3665 κόσμῳ
1226 3597 1406 3665 ψυχὴν
1435 3597 1553 3665 ἀμα
1586 3599 1680 3650 καὶ

128 3687 398 3754 ὀφθαλμοὺς
439 3686 804 3754 ἀγλαῒζοντα,
859 3684 973 3738 ’Ὶνα
1005 3686 1079 3750 τί,
1115 3688 1302 3754 φησὶν,
1350 3686 1675 3755 Ἐλευθέριε,

128 3779 204 3845 τὴν
226 3779 470 3848 πατρῴαν
497 3777 806 3849 θρησκείαν
829 3776 1134 3839 ἀπολιπὼν,
1157 3777 1343 3830 καινόν
1361 3793 1480 3829 τινα
1508 3792 1676 3846 πρεσ-

127 3867 270 3932 ϐεύεις
297 3871 447 3936 Θεὸν,
478 3874 578 3924 καὶ
612 3869 803 3923 τοῦτον
833 3869 1250 3938 ἐσταυρωμένον
1277 3885 1292 3934 ;
1339 3869 1678 3938 Ἐλευθέριος

126 3961 167 4011 δέ
188 3964 306 4030 πρὸς
327 3963 500 4024 οὕτως
528 3960 903 4014 ἀσυνετοῦντα
954 3961 1090 4028 μηδὲ
1130 3960 1529 4028 ἀποκρίνεσθαι
1585 3960 1675 4012 θέ-

127 4051 228 4117 λων,
256 4053 420 4115 ἄλλως
470 4069 531 4105 τε
566 4052 625 4104 δὲ
649 4051 742 4103 καὶ
767 4051 906 4104 αὐτὰ
924 4051 988 4122 δὴ
1011 4053 1078 4104 τά
1101 4051 1194 4104 τοῦ
1217 4051 1452 4122 Χριστοῦ
1483 4054 1541 4105 ὲν
1566 4056 1676 4116 τοῖς

127 4143 237 4214 ὑπὲρ
274 4142 508 4214 Χριστοῦ
551 4142 914 4212 μιμούμενος,
974 4143 1195 4197 σιωπῶν
1236 4145 1486 4215 ἑστήκει.
1535 4145 1674 4198 Ἀλλ’

127 4237 371 4307 ἀπόκρινε,
404 4237 503 4290 καὶ
545 4231 709 4296 αὖθις
734 4237 762 4287 ὀ
797 4234 1055 4303 βασιλεὺς
1082 4233 1208 4304 ἔφη,
1257 4237 1387 4304 περὶ
1420 4223 1494 4288 ὧν
1525 4237 1672 4305 ἠρωο

125 4327 283 4398 τήθης.
316 4324 447 4382 Εἶτα
478 4327 579 4381 καὶ
606 4327 704 4395 τῆς
743 4323 969 4394 πικρίας
1009 4325 1192 4388 ἐνδοὺς
1213 4366 1228 4390 ,
1263 4324 1523 4396 Πείσθητί
1561 4342 1672 4394 μοι,

128 4417 272 4483 ἔλεγε,
329 4423 422 4473 καὶ
464 4421 588 4483 τοῖς
640 4419 936 4488 ἀηττήτοις
985 4417 1148 4472 θῦσον
1197 4417 1380 4481 θεοῖς·
1433 4417 1556 4470 τίδ’
1586 4415 1671 4482 οὒ,

125 4509 330 4574 χαλεπὰς
357 4512 549 4574 ἐπάξω
582 4526 668 4560 σοι
697 4509 990 4578 τιμωρίας,
1013 4509 1322 4579 πειθομένῳ
1355 4510 1410 4562 δὲ
1443 4509 1542 4572 τὰς
1575 4527 1673 4578 με-

1793 3337 1948 3388 runt,
1973 3342 2001 3378 a
2039 3326 2288 3379 ﬁdelibus
2318 3325 2558 3393 quidem,
2595 3323 2684 3391 qui
2725 3335 2880 3379 erant
2919 3325 3120 3391 Reum,
3159 3329 3374 3394 agnitus

1787 3415 2064 3483 sigillatim
2115 3415 2181 3468 de
2219 3413 2535 3467 Eleutherio
2567 3413 2750 3466 omnia
2780 3415 3086 3468 annuntiat.
3116 3415 3370 3472 Eleuthe-

1790 3506 1934 3561 riutn
1981 3516 2164 3560 autem
2193 3506 2379 3572 jussus
2428 3507 2770 3572 imperatoris
2815 3506 3114 3573 imperabat
3151 3508 3267 3560 sisti
3304 3509 3372 3562 ad

1792 3600 1932 3654 illius
1963 3597 2218 3652 tribunal.
2251 3595 2344 3650 ille
2379 3609 2504 3648 vero
2557 3605 2664 3649 tam
2701 3610 2894 3665 magno
2921 3606 2974 3650 et
3005 3597 3221 3652 excelso
3253 3600 3372 3653 ani-

1787 3705 1875 3742 mo
1921 3687 2245 3755 ingreditur,
2278 3702 2340 3741 ac
2367 3688 2410 3740 si
2457 3702 2561 3740 non
2595 3688 2661 3739 ad
2693 3687 3010 3749 certamina,
3052 3688 3144 3738 sed
3191 3689 3257 3739 ad
3291 3689 3372 3743 l'e-

1788 3789 1933 3833 stum
1968 3787 2367 3830 accerseretur.
2426 3775 2598 3839 Quem
2646 3792 2767 3829 cum
2801 3779 3102 3845 aspexisset
3131 3779 3368 3847 impera-

1788 3880 1893 3934 tor,
1931 3877 1989 3923 ut
2028 3867 2161 3922 vidit
2189 3882 2311 3922 eum
2348 3881 2468 3922 esse
2517 3876 2572 3920 et
2597 3867 2851 3936 juvenem
2884 3877 2936 3921 et
2980 3866 3277 3922 formosum
3311 3877 3368 3925 et

1785 3959 2001 4010 virtutis
2058 3964 2380 4009 ornamento
2429 3961 2484 4006 et
2541 3955 2721 4006 animo
2763 3962 2818 4006 et
2863 3953 3031 4006 oculis
3055 3955 3314 4008 decorum
3345 3969 3366 4011 :

1783 4048 1912 4110 Cur,
1960 4047 2155 4116 inquit,
2201 4059 2233 4099 o
2280 4044 2577 4108 Eleutheri,
2614 4043 2785 4112 patria
2839 4043 3026 4098 relicta
3081 4044 3364 4114 religione,

1784 4143 2006 4195 deorum
2053 4138 2256 4194 cultum
2306 4136 2460 4192 nihili
2509 4136 2740 4200 faciens,
2813 4150 3012 4190 novum
3075 4136 3363 4205 quemdam

1784 4233 1953 4284 Deum
1984 4230 2119 4284 colis
2152 4247 2166 4282 :
2209 4229 2361 4296 isque
2393 4242 2514 4281 cum
2547 4243 2652 4281 non
2681 4227 2855 4282 solum
2889 4229 2962 4281 sit
3003 4240 3188 4296 aperte
3220 4245 3363 4284 mor-

1782 4331 1929 4383 tuus,
1965 4320 2059 4376 sed
2093 4319 2258 4373 etiam
2310 4326 2539 4374 mortem
2585 4315 2817 4371 subierit
2877 4315 3244 4384 turpissimam
3279 4317 3302 4370 ‘l
3337 4336 3355 4369 ι

1783 4411 2129 4465 Eleutherius
2155 4418 2335 4463 autem
2365 4408 2438 4470 ei,
2464 4407 2553 4475 qui
2591 4411 2650 4461 se
2682 4417 2788 4460 tam
2811 4407 2970 4462 stulte
2993 4407 3233 4478 gerebat,
3263 4423 3362 4463 nec

1785 4505 2218 4572 respondendum
2254 4501 2472 4571 quidem
2533 4513 2655 4553 esse
2700 4499 3016 4563 arbitratus,
3069 4510 3123 4553 et
3156 4500 3359 4567 alioqui

126 4601 282 4663 γίστας
315 4600 539 4670 παρέξω
571 4599 762 4667 τιμάς.
799 4599 908 4649 Καὶ
937 4601 966 4650 ὁ
1013 4598 1355 4666 Ἐλευθέριος
1383 4600 1669 4667 εὑπαρῤη-

1788 4599 1956 4664 ipsnm
2013 4594 2290 4648 Christum
2339 4593 2391 4645 iu
2449 4592 2535 4654 iis,
2569 4604 2686 4656 quae
2734 4604 2829 4656 pro
2858 4588 3074 4643 Christo
3101 4603 3358 4656 passurus

129 4691 357 4754 σιάστως·
395 4691 507 4743 Καὶ
564 4688 685 4752 πῶς
758 4690 845 4752 ἂν,
885 4688 1014 4760 ἔφη,
1072 4688 1338 4753 τοιούτοις
1395 4689 1679 4759 λατρεύσω

127 4778 270 4844 θεοῖς,
298 4781 328 4850 ἢ
359 4782 492 4837 ἀλλο
539 4780 862 4850 ἀνεχομὲνῳ
922 4780 1302 4851 συνθήσομαι;
1352 4781 1474 4842 Πῶς
1529 4779 1583 4832 δὲ
1614 4781 1676 4830 οὐ

133 4875 301 4939 μᾶλλον
333 4875 649 4944 ἀποστῆναι
675 4873 881 4926 τούτων
910 4873 1006 4928 καὶ
1030 4874 1157 4943 ὑμῖν
1184 4871 1678 4940 συμϐουλεύσαιμι;

130 4965 453 5028 ἀπειθοῦντας
520 4967 580 5018 δὲ
635 4962 893 5032 δακρύσω
924 4962 1023 5030 τῆς
1073 4961 1352 5024 ἀπονοίας,
1416 4961 1497 5013 ὅτι
1537 4961 1680 5030 λόγῳ

135 5059 235 5123 Epic
259 5059 386 5112 Θεοῦ
421 5055 779 5127 τιμηθέντες,
821 5055 995 5120 ξύὶων
1035 5058 1130 5108 καὶ
1174 5055 1336 5108 λίθων
1362 5053 1678 5121 ἀτιμότεροι

132 5146 494 5218 καθεστήκατε,
533 5145 696 5207 θεοὺς
726 5143 900 5196 ταῦτα
923 5142 1238 5211 ἡγούμενοι,
1272 5140 1474 5193 καὶτὸν
1502 5137 1675 5206 ἀληθῆ

133 5237 232 5287 θεὸν
255 5240 499 5307 ἀφρόνως
530 5236 1032 5303 ἀποστρεφόμενοι,
1072 5233 1130 5294 ὃς
1169 5232 1236 5284 τά
1272 5232 1447 5284 πάντα
1471 5230 1678 5300 ῥήματι

135 5332 464 5400 ςυνεστήσατο
565 5330 664 5380 καὶ
706 5327 856 5395 ἡμᾶς
907 5325 983 5386 δὲ,
1012 5325 1117 5376 τῶν
1169 5323 1332 5375 αὑτοῦ
1363 5322 1679 5390 κτισμάτων

133 5419 175 5467 τὲ
195 5424 459 5475 κάλλιστόν
484 5439 544 5473 τε
582 5421 678 5473 καὶ
710 5418 1062 5486 τιμιώτατον,
1094 5418 1141 5468 εί
1168 5417 1260 5468 καὶ
1289 5414 1477 5482 ὥσπερ
1503 5417 1558 5464 ὲν
1585 5431 1677 5464 νυ-

137 5517 388 5586 κτομαχίᾳ.
418 5518 478 5568 τὸ
507 5515 672 5583 φίλον
724 5529 784 5563 τε
818 5511 912 5564 καὶ
945 5509 1198 5578 πολέμιον
1231 5508 1554 5576 ἀγνοοῦμεν;
1587 5508 1680 5582 καί

141 5606 244 5670 πρὸς
271 5610 482 5671 μὲντδν
540 5607 818 5676 ἡμέτερον
877 5604 1153 5672 Δεσπότην
1207 5600 1677 5670 ἐκπολεμούμεθα,

189 5740 333 5793 Ἀρι.
370 5759 484 5794 νιει.
571 5741 589 5768 ³
640 5737 775 5790 Luc.
817 5750 926 5788 ut.

1778 4698 1917 4750 erat,
1951 4686 2171 4741 imitans
2199 4683 2378 4739 stabat
2405 4692 2609 4737 tacens.
2643 4700 2662 4734 ι
2697 4679 2803 4738 Sed
2837 4684 3126 4751 responde,
3165 4698 3360 4736 rursus

1779 4781 1912 4834 dixit
1949 4780 2278 4846 imperator:
2321 4776 2421 4842 Qui
2449 4777 2526 4839 lit,
2556 4776 2698 4841 quod
2727 4787 2776 4828 te
2811 4784 2916 4826 tam
2949 4774 3149 4828 stolide
3174 4791 3352 4846 geras,

1777 4880 1832 4924 et
1860 4871 1914 4922 in
1944 4869 2089 4921 hunc
2113 4866 2544 4919 Christianorum
2575 4863 2777 4916 cultum
2809 4863 3057 4918 insanum
3095 4873 3147 4918 le
3175 4864 3357 4918 immi-

1775 4961 1914 5016 seris
1947 4959 1970 5011 ‘!
2010 4975 2028 5008 ι
2072 4957 2273 5011 Deinde
2309 4956 2643 5024 aliquantum
2677 4957 2958 5010 remittens
2990 4956 3055 5009 de
3084 4957 3355 5008 acerbita-

1775 5061 1831 5106 te
1861 5069 1873 5105 :
1905 5069 1922 5101 ι
1961 5047 2120 5114 Pure,
2153 5048 2345 5117 inquit,
2374 5047 2506 5100 mihi
2535 5056 2588 5099 et
2614 5046 2719 5100 diis
2749 5044 2967 5098 invictis
2997 5045 3259 5100 sacriﬁca.
3294 5046 3353 5101 Si

1782 5147 1926 5198 enim
1963 5156 2259 5211 persuasus
2299 5140 2660 5201 convertaris,
2709 5137 2943 5190 honores
2981 5138 3072 5189 tibi
3104 5140 3354 5205 praebebo

1782 5234 2045 5288 maximos
2082 5251 2093 5286 :
2131 5232 2213 5285 sin
2259 5239 2439 5283 autem
2473 5245 2575 5281 non
2606 5242 2816 5296 pareas,
2863 5228 3177 5296 gravissima
3218 5229 3352 5284 infe-

1781 5342 1893 5379 ram
1958 5325 2242 5392 supplicia.
2305 5320 2646 5374 Eleutherius
2704 5336 2830 5373 vero
2908 5317 3136 5373 Domino
3203 5322 3353 5375 invo-

1778 5431 1918 5481 cato,
1989 5421 2077 5485 qui
2130 5416 2261 5467 dixit
2315 5434 2326 5467 ε
2379 5413 2553 5467 Nolite
2613 5427 2732 5466 esse
2780 5411 3032 5477 solliciti,
3082 5417 3350 5478 quomodo

1778 5520 1871 5562 aut
1920 5510 2046 5577 quid
2101 5508 2485 5573 respondeatis.
2538 5494 2757 5557 Dabitur
2805 5504 2946 5556 enim
2979 5503 3149 5566 vobis,
3179 5507 3350 5569 inquit

1782 5600 1888 5664 ille,
1932 5596 2216 5665 sapientia,
2255 5594 2337 5648 cui
2392 5594 2567 5648 nullus
2627 5594 2822 5662 poterit
2869 5592 3350 5656 resistere':Quo—
