3972 6434
609 373 702 439 |31
1892 359 2176 418 MENSIS
2209 360 2544 420 APRILIS.
3743 362 3833 423 132

607 484 787 548 modo,
825 480 1016 550 inquit,
1049 488 1237 548 potero
1277 476 1546 530 sustinere
1588 471 1786 525 talibus
1818 470 1922 524 diis
1950 471 2175 534 servire,

2285 469 2407 524 τοὺς
2437 468 2492 519 δέ
2515 466 2731 534 άληθῶς
2759 464 3054 532 πολεμίους
3081 466 3204 528 τοὺς
3227 466 3491 534 δαίμονας
3538 473 3722 538 τιμαῖς
3757 473 3837 524 οι.

610 586 702 631 aut
745 576 836 628 alii
883 573 1170 626 sustinenti
1204 569 1472 623 assentiar
1501 563 1834 633 [Quomodo
1864 572 2038 613 autem
2064 575 2168 612 non

2285 557 2592 630 ραπεύομεν
2623 559 2716 609 καὶ
2737 556 2968 618 θυσίαις.
3003 557 3219 622 Ἔγωγε
3241 556 3333 608 οὖν
3359 557 3452 609 τοῦ
3481 559 3614 626 ἐμοῦ
3642 563 3836 614 Δεσπό-

612 669 780 737 magis
815 667 966 720 vobis
1001 663 1360 718 consuluerim
1394 663 1459 713 ab
1480 659 1557 712 eis
1589 657 1822 710 deﬁcere
1859 664 1952 707 :et
1990 654 2032 707 si
2063 667 2169 705 non

2285 666 2370 700 του
2406 651 2494 700 ἀεὶ
2551 646 2875 716 περιέχομαι
2940 663 3000 698 τε
3065 647 3159 698 καὶ
3221 648 3565 716 περιέξνιμαι,
3624 651 3838 718 ἀτιμίας

607 757 867 828 parcatis,
899 765 1134 810 vestram
1167 751 1387 806 deﬂeam
1422 750 1738 809 amentiam,
1779 747 1918 814 quod
1965 745 2171 798 ratione

2285 739 2431 805 ὑμῶν
2463 737 2804 808 περιφρονῶν
2829 738 2922 788 καὶ
2946 739 3130 806 τιμάς,
3165 739 3260 790 καὶ
3289 740 3347 790 τὸ
3377 739 3670 792 ἁπιθανείν
3709 742 3838 812 ὑπὲρ

607 867 635 900 a
673 847 780 901 Deo
817 847 1095 909 honorari,
1125 844 1302 897 effecti
1347 844 1476 895 estis
1520 842 1738 892 \ilinres
1769 838 1923 906 lignis
1952 847 2002 890 et
2036 836 2170 902 lapi-

2285 832 2516 902 Χριστοῦ
2547 831 2760 900 τρυφὴν
2783 831 2877 882 καὶ
2906 829 3227 895 άγαλλίασιν
3250 830 3416 893 ὅντως
3446 833 3770 901 ἡγούμενος.

606 941 785 1003 dibus,
810 943 946 993 adeo
979 950 1034 991 ut
1072 939 1183 990 haec
1208 939 1336 990 deos
1357 950 1478 989 esse
1505 934 1706 1001 putetis
1738 950 1752 987 :
1787 941 1840 985 et
1871 947 1974 983 non
2007 931 2176 983 solum
2204 942 2348 991 esse,
2394 928 2489 981 sed
2524 926 2687 978 etiam
2725 925 2859 977 bene
2929 937 3052 979 esse
3091 925 3416 979 existimetis
3448 944 3459 976 :
3531 925 3696 994 quue
3726 941 3841 981 vero

608 1033 718 1084 Deo
757 1031 962 1090 relicto.
999 1032 1086 1096 qui
1122 1030 1324 1080 ratione
1349 1028 1626 1080 constituit
1661 1024 2010 1077 universum?
2074 1021 2281 1075 lenm
2355 1020 2497 1072 enim
2559 1028 2614 1071 et
2647 1027 2788 1070 terra
2840 1026 2965 1070 sunt
3028 1031 3163 1084 opus
3195 1033 3388 1070 manus
3430 1018 3597 1073 illius.
3648 1019 3839 1076 Sumus

605 1135 734 1173 vero
766 1135 862 1173 nos
885 1134 951 1172 ex
985 1120 1067 1179 iis,
1098 1134 1218 1186 quae
1248 1121 1474 1181 creavit,
1508 1131 1640 1182 opus
1674 1114 2091 1183 pulcherrimum
2117 1122 2170 1163 et
2212 1110 2696 1178 pretiosissimum:
2763 1108 2973 1162 etiamsi
3007 1118 3262 1176 tanquam
3333 1111 3386 1162 in
3417 1126 3590 1178 pugna
3628 1120 3841 1163 noctur-

606 1228 673 1263 na
736 1213 1048 1278 ignoramus
1092 1210 1143 1261 id
1195 1209 1334 1276 quod
1377 1217 1457 1260 est
1499 1210 1729 1260 amicum
1764 1217 1818 1258 et
1885 1204 2126 1258 hostile:
2197 1212 2249 1253 et
2290 1201 2548 1254 adversus
2597 1208 2836 1252 nostrum
2880 1200 3093 1266 quidem
3140 1201 3426 1254 Dominum
3477 1200 3672 1272 bellum
3714 1203 3845 1272 get-i-

605 1320 726 1357 mus
757 1321 769 1356 :
805 1318 896 1356 eos
923 1312 1120 1365 autem,
1151 1301 1241 1368 qui
1269 1310 1392 1353 sunt
1412 1315 1536 1353 vere
1561 1299 1726 1351 nostri
1758 1299 1960 1351 inimici
1988 1308 2042 1349 et
2068 1296 2250 1348 hostes
2274 1305 2325 1345 et
2360 1291 2654 1351 daemones,
2681 1291 2922 1358 inquam,
2961 1301 3197 1354 nostros,
3221 1307 3253 1344 ο
3281 1293 3570 1354 insaniam.
3601 1306 3844 1361 putamus

603 1415 726 1454 esse
757 1398 1026 1457 dominos.
1066 1407 1121 1449 et
1149 1411 1240 1449 eos
1273 1395 1567 1448 honoribus
1597 1393 1903 1446 extollimus
1925 1402 1978 1443 et
2008 1389 2309 1443 sacriﬁciis.
2356 1386 2468 1457 Ego
2539 1387 2702 1456 igitur
2738 1386 2965 1441 Domino
3001 1403 3122 1444 meo
3187 1389 3456 1449 adltereo.
3526 1399 3578 1444 et
3637 1406 3848 1460 semper

604 1493 915 1552 adliazrebo,
951 1503 1006 1546 et
1038 1489 1258 1544 Christo
1289 1502 1409 1538 meo
1442 1486 1698 1548 serviam,
1733 1485 2052 1551 ignominias
2105 1492 2314 1537 vestras
2365 1491 2420 1536 et
2479 1483 2734 1547 honores.
2791 1492 2845 1538 et
2871 1484 2966 1539 has
2989 1485 3223 1552 pueriles
3249 1486 3423 1539 larvas
3442 1486 3844 1553 suppliciorum,

605 1584 891 1640 infantium
919 1599 1038 1638 esse
1065 1583 1248 1652 plagas
1267 1589 1544 1649 reputans.
1575 1578 1700 1632 Mihi
1728 1579 1894 1643 enim,
1956 1590 2011 1632 ut
2047 1594 2199 1632 meus
2271 1577 2408 1631 dixit
2437 1578 2624 1631 doctor
2659 1578 2877 1644 Paulus,
2915 1589 3059 1632 totus
3091 1582 3318 1632 mundus
3345 1591 3427 1634 est
3459 1581 3772 1645 cruciﬁxus,
3799 1589 3848 1636 et

603 1698 705 1752 ego
737 1678 936 1734 mundo
961 1683 982 1714 ι
1011 1695 1026 1730 :
1058 1687 1113 1731 et
1141 1676 1274 1730 mori
1309 1690 1404 1744 pro
1433 1674 1671 1736 Christo,
1701 1675 1909 1727 deliciae
1945 1675 2072 1726 mihi
2099 1684 2223 1726 sunt
2264 1685 2316 1726 et
2345 1674 2662 1728 exsultatio.
2696 1691 2715 1724 ι

677 1772 768 1826 IV.
806 1771 885 1824 Ira
925 1770 1114 1837 plenus
1143 1782 1229 1836 per
1264 1769 1378 1821 hac
1423 1769 1602 1820 evadit
1629 1767 1938 1832 imperator,
1974 1777 2024 1817 et
2057 1781 2176 1830 gra-

2353 1764 2426 1817 A'.
2463 1764 2648 1830 Θυμοῦ
2681 1764 2948 1835 πλήρηςιδ
2981 1763 3232 1831 βασιλεῦς
3278 1764 3335 1814 ἐν
3373 1765 3586 1829 τούτοις
3617 1766 3847 1834 γίνεται,

611 1866 792 1919 batnm
821 1863 971 1930 jubet
1008 1859 1190 1912 aﬂ'ert'i
1222 1874 1454 1919 aeneum,
1489 1866 1541 1910 et
1587 1857 1634 1910 ei
1684 1856 1912 1908 tnttltutn
1961 1855 2175 1922 quidem

609 1953 751 2022 ignis
785 1949 1054 2006 snhsterni
1089 1965 1103 2002 :
1145 1963 1307 2018 supra
1359 1963 1480 2000 eum
1508 1958 1682 1997 autem
1720 1946 1916 1998 nudum
1965 1942 2176 1997 extendi

613 2045 894 2108 athletam,
928 2054 980 2094 et
1013 2041 1092 2094 sic
1117 2052 1374 2109 perpetuo
1413 2039 1732 2107 deﬁngrare,
1761 2040 1930 2090 donec
1958 2038 2178 2090 omnino

609 2134 896 2189 interierit.
960 2132 1252 2200 Postquam
1313 2132 1494 2188 autem
1543 2132 1654 2181 haec
1698 2135 1805 2181 cito
1851 2128 1988 2180 facta
2033 2133 2174 2193 sunt,

617 2235 823 2291 martyr
863 2223 1067 2275 insiluit
1109 2221 1161 2272 iu
1214 2227 1497 2288 grabatum
1523 2259 1536 2283 ,
1573 2227 1625 2271 et
1663 2228 1802 2270 totus
1848 2218 1898 2270 in
1937 2228 2047 2271 toto
2082 2217 2179 2270 fuit

613 2325 893 2369 extensus.
929 2313 1132 2367 Civitas
1171 2325 1298 2364 vero
1325 2326 1465 2380 aegre
1506 2310 1682 2364 ferens
1724 2310 1775 2362 id
1804 2312 1941 2377 quod
1978 2309 2178 2360 factum

612 2407 780 2459 fuerat
811 2406 1020 2474 (omnes
1057 2404 1200 2457 enim
1246 2402 1357 2455 fere
1404 2411 1771 2454 convenerant
1803 2401 1866 2450 ad
1895 2408 2180 2467 Slieflat'll‘

613 2498 746 2565 lum)
775 2495 1177 2564 exproprabant
1224 2493 1535 2562 imperatori
1573 2491 1941 2546 crudelitatem
1983 2508 1994 2543 :
2048 2491 2176 2550 Cur,

614 2589 877 2648 dicentes,
905 2586 985 2639 vir
1010 2587 1144 2638 adeo
1173 2584 1373 2647 clarus,
1403 2598 1704 2654 genereque
1735 2593 1788 2635 et
1812 2583 2072 2650 sapientia
2101 2584 2178 2633 in-

613 2679 803 2747 signis,
831 2677 966 2730 male
991 2678 1150 2744 perit,
1184 2687 1438 2745 tanquam
1465 2675 1681 2729 infamis
1709 2676 2016 2744 quispiam?
2042 2675 2180 2726 Deus

614 2780 796 2824 autem
866 2767 1106 2822 dolorem
1158 2768 1761 2836 allevabatesnperis:
1818 2777 1873 2818 et
1927 2778 2178 2832 tanquam

612 2863 845 2928 quodam
865 2875 987 2913 rore
1019 2858 1392 2928 refrigeratus,
1425 2867 1480 2910 et
1510 2859 1561 2906 in
1591 2855 1734 2907 molli
1769 2855 1930 2908 herba
1957 2855 2178 2917 cubans,

617 2959 824 3019 martyr
846 2949 1118 3003 sentiebat
1142 2946 1487 3016 voluptatem.
1520 2945 1813 3014 Imperator
1831 2955 2006 2999 autem
2032 2957 2178 3014 post-

614 3056 774 3110 quam
815 3039 978 3094 animi
1034 3039 1236 3094 rabiem
1291 3048 1557 3093 tormento
1596 3038 1707 3104 jam
1750 3038 1880 3094 satis
1930 3036 2174 3100 lenierat,

2279 1857 2374 1908 καὶ
2403 1853 2676 1923 κράδατον
2711 1853 2998 1922 ένεχθῆναι
3040 1853 3251 1906 κελεύει
3276 1855 3533 1921 χαλκοῦν,
3570 1851 3631 1909 οὗ
3671 1860 3846 1910 κάτω-

2277 1945 2369 1997 θεν
2396 1945 2494 2013 μιν
2526 1942 2639 2011 πῦρ
2667 1944 3083 2012 ὑποστρωθῆναι
3113 1943 3270 2006 πολὺ,
3301 1944 3509 1996 ἄνωθεν
3538 1945 3595 1996 δὲ
3635 1964 3850 2015 γυμνω-

2278 2038 2442 2089 θέντα
2478 2035 2801 2105 διαταθῆναι
2825 2036 2914 2088 τὸν
2943 2036 3202 2105 ἀθλητὴν,
3239 2036 3344 2100 ῑως
3373 2036 3438 2089 ἂν
3470 2038 3563 2090 καὶ
3591 2039 3671 2100 είς
3702 2039 3849 2099 τέλος

2277 2127 2569 2196 διαφθαρῇ.
2630 2128 2715 2189 ’ος
2746 2127 2800 2178 6's
2833 2127 3005 2180 ταῦτα
3031 2128 3224 2181 θᾶττον
3255 2130 3488 2196 ἐγίνετο,
3513 2131 3607 2181 καὶ
3643 2132 3672 2182 ὁ
3713 2130 3849 2199 μάρ-

2276 2235 2370 2279 τυς
2409 2219 2541 2278 ὅλως
2577 2217 2683 2286 ὅλῳ
2722 2217 2797 2284 τῷ
2834 2219 3091 2286 κραϐάτῳ
3123 2220 3432 2287 ἑφήπλωτο,
3476 2221 3524 2270 οἱ
3551 2221 3696 2272 κατά
3724 2221 3848 2272 οὲαν

2278 2308 2676 2374 άθροισΟέιτες,
2737 2309 2950 2375 βαρέως
3010 2311 3330 2374 ἐνεγκόντες
3373 2310 3434 2362 τδ
3477 2312 3726 2377 γεγονὸς,
3775 2311 3849 2372 είς

2277 2398 2537 2467 ὡμότητα
2570 2399 2870 2468 ἐλοιδόρουν
2907 2400 2994 2450 τὸν
3031 2399 3280 2466 βασιλέα,
3325 2401 3442 2452 Ἶνα
3477 2397 3554 2463 τί,
3583 2401 3850 2468 λέγοντες,

2279 2491 2415 2560 ἀνὴρ
2441 2491 2582 2544 οὕτω
2643 2493 2788 2559 γένει
2819 2509 2875 2543 τε
2906 2495 2999 2544 καὶ
3030 2494 3193 2561 σοφίᾳ
3241 2494 3623 2563 περίϐλεπτος,
3652 2489 3746 2546 οἷά
3773 2512 3852 2555 τις

2279 2582 2384 2633 τῶν
2454 2582 2663 2650 ἀτίμων
2718 2583 2902 2645 κακῶς
2959 2583 3303 2647 auditum;
3351 2583 3482 2648 Θεὸς
3527 2584 3582 2636 δὲ
3644 2586 3854 2638 ἄνωθεν

2280 2673 2606 2740 ἐπεκούφιζε
2631 2675 2727 2735 τὰς
2761 2669 2973 2737 ὀδύνας,
3013 2678 3108 2728 καὶ
3142 2675 3329 2744 ὥσπερ
3356 2677 3462 2728 τινὶ
3496 2677 3855 2746 μαλακῇ’πόᾳ

2282 2766 2374 2816 καὶ
2404 2765 2659 2833 δροσώδει
2701 2767 3130 2833 κατακείμενος,
3168 2768 3339 2828 οὕτως
3382 2771 3410 2820 δ
3438 2771 3644 2836 μάρτυς
3669 2771 3856 2818 ἐὐπα-

2281 2855 2388 2906 θῶν
2416 2851 2502 2924 ἦν.
2535 2857 2630 2906 Ὃν
2653 2859 2679 2908 ὁ
2704 2856 2967 2922 τύραννος
2989 2856 3242 2909 τεθνάναι
3273 2856 3581 2918 ὑπολαϐὼν,
3618 2857 3855 2925 ἀρθῆναι

2278 2947 2370 2998 τὸν
2398 2947 2606 2998 ἐκείνου
2637 2948 2829 3015 νεκρὸν
2850 2948 3122 3000 ἐκέλευεν.
3156 2949 3242 3011 Ὠς
3266 2948 3322 3000 δὲ
3348 2950 3445 3015 τῆς
3474 2948 3700 3018 σιδηρᾶς
3738 2949 3857 3001 κλί·

2279 3055 2375 3104 νης
2411 3038 2622 3105 ἐκείνης
2656 3040 2897 3102 ἀναστάς
2927 3042 2955 3093 ὁ
2996 3041 3233 3110 μάρτυς,
3272 3041 3491 3112 ἀπαθὴς
3541 3037 3610 3112 ἦν
3642 3043 3740 3094 καὶ
3768 3040 3859 3093 εὖ·

613 3132 930 3184 existimans
963 3147 1086 3185 eum
1114 3130 1223 3197 jam
1255 3145 1374 3182 esse
1404 3137 1692 3190 nmttuntn,
1723 3128 1872 3192 iubet
1902 3127 2046 3178 illinc
2075 3129 2176 3178 ιοι-

2285 3127 2469 3196 θυμος,
2501 3127 2734 3196 ’Υιιὼσω
2765 3131 2892 3193 σε,δ
2913 3105 3044 3193 Sed;
3072 3105 3198 3200 μου,
3231 3132 3258 3182 ό
3284 3105 3702 3201 Βασιλεύςμου,
3733 3131 3857 3202 μεθ’

615 3220 650 3274 li
701 3220 843 3274 illius
894 3233 1110 3286 corpus.
1157 3215 1444 3285 Postquam
1476 3215 1676 3269 electo
1732 3215 1908 3268 l’erreo
1948 3216 2181 3267 surrexit

615 3325 844 3380 martyr,
881 3325 986 3364 non
1021 3309 1193 3366 solum
1235 3307 1452 3371 illzsus,
1491 3305 1583 3359 sed
1615 3305 1776 3360 etiam
1817 3303 1966 3357 latus
1994 3312 2044 3356 et
2070 3302 2182 3355 ala-

615 3420 753 3457 cer:
790 3402 1054 3456 Extollant
1097 3412 1147 3454 te
1185 3401 1326 3454 Deus
1383 3415 1553 3465 mens,
1588 3398 1698 3452 Rex
1737 3411 1908 3456 meus.
1956 3397 2184 3451 canebat

617 3508 739 3548 cum
786 3493 1002 3562 gaudio,
1052 3499 1108 3546 et
1167 3489 1394 3542 laudabo
1444 3503 1636 3541 nomen
1687 3495 1834 3539 tuum
1904 3495 2184 3554 perpetuo.

617 3583 874 3638 Laudabo
925 3584 1116 3647 Deum,
1172 3583 1260 3649 qui
1316 3579 1549 3632 laetiﬁcat
1589 3577 1929 3642 iuventutem
1985 3590 2183 3631 meam.

616 3675 880 3740 Quoniam
914 3673 1192 3742 generatio
1224 3680 1275 3724 et
1301 3669 1577 3738 generatio
1604 3667 1843 3720 laudabit
1877 3681 2038 3734 opera
2065 3677 2177 3732 tua,

2275 3218 2468 3285 ἡδονῆς
2500 3218 2719 3284 ῐψαλλε,
2761 3222 2854 3271 καὶ
2885 3221 3083 3273 αίνέσω
3111 3223 3170 3273 τὸ
3197 3223 3369 3290 δνομά
3395 3239 3488 3275 σου
3510 3224 3597 3275 διὰ
3622 3225 3858 3286 παντός.

2289 3306 2444 3358 Ἐπεὶ
2504 3307 2560 3359 δὲ
2618 3308 2709 3359 τὸν
2756 3309 2890 3362 Θεὸν
2949 3309 3093 3362 οὕτω
3130 3312 3368 3376 δοξάζων
3403 3313 3862 3384 θαρῤαλεὼτερος

2279 3399 2404 3469 ἑξῆς
2435 3398 2512 3469 τῷ
2541 3402 2791 3470 τυράννῳ
2825 3404 3089 3473 παρέστη.
3120 3404 3320 3473 Βλέψον
3345 3408 3423 3468 είς
3448 3407 3568 3474 ipe,
3606 3405 3860 3474 βασιλεῦ,

2280 3491 2403 3557 ἔφη,
2439 3492 2497 3543 δν
2545 3495 2611 3544 σὺ
2648 3495 2820 3564 πυρὸς
2867 3497 3030 3562 ἔργον
3084 3497 3340 3563 γενέσθαι
3384 3498 3708 3566 νενόμικας,
3770 3498 3869 3550 καὶ

2287 3582 2443 3643 σύνες
2486 3583 2584 3651 μιν
2616 3584 2706 3635 τὸν
2738 3587 2830 3637 ὑπ’
2865 3588 3000 3653 έμοῦ
3053 3592 3480 3659 κηρυττόμενον,
3507 3589 3780 3658 έπίγνωθι
3809 3590 3868 3642 δὶ

2287 3674 2381 3724 καὶ
2409 3674 2515 3725 τῶν
2539 3674 2648 3727 σῶν
2675 3676 2814 3728 θεῶν
2839 3677 2937 3745 τὴν
2961 3679 3265 3734 ἀσθένειαν.

613 3782 667 3825 et
694 3767 986 3839 potentiam
1031 3775 1177 3820 tuam
1241 3761 1661 3826 annuntiabunt,
1717 3769 1772 3814 et
1838 3763 2099 3816 miracula
2171 3772 2258 3816 tua
2320 3767 2678 3820 narrabunt'.
2710 3767 2999 3837 Postquam
3055 3785 3184 3824 vero
3230 3771 3338 3824 Deo
3399 3772 3478 3827 sic
3536 3772 3865 3842 gloriﬁcato,

617 3860 875 3916 audacius
931 3858 1188 3923 deinceps
1237 3856 1408 3908 astitit
1456 3863 1578 3907 ante
1631 3862 1916 3925 tyrannum
1962 3870 1975 3905 :

2037 3853 2230 3924 Aspice
2282 3858 2348 3911 ad
2407 3875 2512 3924 me,
2567 3861 2674 3926 ait,
2740 3877 2774 3916 ο
2831 3861 3158 3932 imperator,
3209 3877 3367 3933 quem
3420 3874 3474 3918 tu
3531 3866 3868 3931 existimasti

617 3959 687 4014 ab
711 3957 830 4027 igne
857 3950 1219 4014 exedendum,
1246 3957 1303 4005 et
1324 3949 1560 4018 intellige
1619 3964 1766 4011 eum,
1831 3949 1924 4014 qui
1984 3963 2118 4000 ame
2170 3951 2521 4018 praedicatur.
2575 3955 2822 4024 Agnosco
2864 3969 3042 4010 autem
3095 3965 3307 4012 tuorum
3365 3973 3576 4030 quoque
3633 3965 3866 4022 deorum

621 4046 1068 4102 imbecillitatem.

695 4137 760 4192 ν.
814 4133 966 4188 Hanc
1013 4132 1293 4186 audaciam
1335 4140 1389 4185 et
1429 4130 1639 4186 dicendi
1673 4130 1999 4196 libertatem,
2033 4145 2184 4185 suam

619 4243 742 4285 esse
772 4222 1152 4282 contumeliam
1181 4223 1470 4293 imperator
1491 4224 1802 4282 arbitratus.
1824 4233 1878 4278 et
1907 4237 1965 4276 se
1989 4222 2186 4276 victum

2366 4129 2442 4186 ιε’.
2487 4132 2543 4185 ’0
2571 4131 2628 4186 δὲ
2659 4133 2940 4204 τύραννος,
2971 4134 3199 4204 νομίσας
3241 4137 3559 4206 ὑϐρίζεσθαι
3593 4117 3664 4210 τῇ
3716 4148 3872 4215 παῤ..

2297 4222 2462 4296 ρησίᾳ
2488 4222 2577 4276 τοῦ
2606 4222 2902 4293 μάρτυρος,
2943 4227 3036 4277 καὶ
3069 4227 3373 4296 ἡττηθῆναι
3402 4229 3562 4292 δόξας
3594 4231 3671 4299 τῷ
3698 4249 3871 4304 περι-

624 4328 744 4370 esse
771 4314 1044 4383 opinatus,
1077 4313 1221 4380 quod
1264 4320 1724 4374 contemneretur,
1773 4311 2089 4379 supplicium
2123 4325 2181 4366 eo

2293 4315 2544 4384 φρονητῷ
2571 4314 2670 4382 τῆς
2700 4315 2994 4379 κολάσεως,
3023 4317 3247 4381 μείζονα
3274 4318 3477 4388 ταύτης
3506 4324 3598 4373 καὶ
3627 4327 3871 4398 σφοδρο-

624 4408 898 4473 excogitat
944 4403 1120 4472 majus
1158 4411 1213 4453 et
1267 4401 1660 4456 vehementius.
1708 4402 1918 4456 Rursus
1965 4418 2094 4472 ergo
2133 4404 2184 4457 in

629 4497 807 4553 medio
867 4493 1184 4566 proponitur
1236 4493 1514 4560 craticula,
1562 4494 1684 4564 igne
1733 4495 1946 4564 quidem
1999 4498 2188 4552 subtus

622 4599 855 4642 accenso
888 4603 902 4640 :
932 4584 1053 4640 oleo
1089 4593 1269 4640 autem
1303 4585 1533 4653 desuper
1563 4600 1803 4654 aspersa,
1838 4595 1891 4640 et
1915 4584 2186 4639 ﬂammam

625 4676 864 4746 graviter
897 4676 1219 4729 accendens.
1253 4673 1360 4727 Sed
1391 4689 1455 4727 no
1485 4687 1612 4728 tunc
1645 4676 1861 4744 quidem
1892 4678 2062 4747 gratia
2095 4688 2189 4728 ne—

627 4767 794 4838 giexlt
835 4773 1128 4836 martyrem
1159 4781 1174 4819 :
1224 4766 1318 4820 sed
1351 4764 1673 4834 simulatque
1706 4767 1800 4825 fuit
1829 4769 1940 4836 ipse
1967 4765 2188 4835 imposi-

627 4870 716 4914 tus
746 4858 1037 4921 craticula,
1057 4859 1194 4925 ignis
1219 4861 1399 4914 statim
1435 4858 1536 4914 fuit
1574 4861 1894 4922 exstinctus,
1917 4869 1970 4912 et
1997 4859 2187 4912 carbo-

625 4962 723 5004 nes
771 4958 1204 5003 emarcuerunt:
1251 4951 1506 5004 craticula
1569 4965 1719 5012 vero,
1774 4959 2026 5018 tanquam
2080 4964 2184 5003 non

625 5041 830 5106 oleum,
865 5042 958 5094 sed
988 5057 1122 5110 aqua
1154 5040 1331 5109 potius
1357 5040 1587 5110 desuper
1616 5042 1782 5096 fuisse
1818 5039 2013 5105 infusa,
2070 5040 2184 5108 ipsa

626 5147 844 5202 quoque
895 5140 1013 5187 erat
1043 5131 1255 5200 frigida,
1287 5142 1532 5189 sanctum
1568 5146 1896 5187 conservans
1937 5133 2182 5185 illaesum.

624 5224 764 5288 Quid
789 5224 958 5278 vero?
987 5239 1109 5280 cum
1135 5224 1288 5278 hisne
1307 5223 1776 5280 fuitexstinctaria
1804 5222 2188 5291 imperatoris?

622 5313 974 5384 Nequaquam
1009 5334 1022 5369 :
1065 5317 1158 5371 sed
1198 5316 1344 5372 rabie
1376 5317 1541 5372 semel
1594 5315 1852 5384 percitus,
1887 5323 1941 5368 et
1979 5314 2044 5367 ad
2080 5315 2182 5367 alia

623 5406 844 5477 quidem
903 5408 1068 5462 nihilo
1118 5408 1312 5463 melius
1349 5407 1590 5473 aﬂ'ectus,
1627 5423 1789 5478 quam
1820 5421 1996 5461 caecus
2040 5425 2054 5461 :
2117 5405 2182 5458 ad

627 5497 732 5553 hoc
761 5507 942 5553 autem
974 5500 1145 5554 solum
1171 5501 1410 5562 intuens.
1431 5511 1489 5554 ut
1516 5504 1619 5557 diis
1649 5505 1761 5557 suis
1789 5503 2185 5573 gratiﬁcaretur

627 5587 683 5643 in
707 5599 894 5644 sancto
921 5591 1211 5658 puniendo,
1239 5594 1330 5662 qui
1353 5593 1572 5662 quidem
1599 5605 1720 5648 sunt
1743 5595 1963 5649 omnino
1981 5595 2181 5650 damo-

697 5723 720 5754 θ
741 5724 916 5778 Galat.
953 5742 1026 5780 vt.
1103 5729 1122 5759 ³
1155 5727 1292 5782 Psal.
1322 5744 1499 5785 cxuv.

2287 4407 2453 4474 τέραν
2476 4406 2699 4457 ἐπινοεῖ.
2772 4404 3013 4474 Ἐσχάρα
3059 4404 3188 4471 γοῦν
3235 4407 3293 4459 εν
3341 4409 3490 4479 μέσῳ
3518 4416 3870 4482 προτίθεται,

2289 4496 2422 4564 πυρὶ
2456 4495 2555 4564 μὲν
2590 4494 2837 4549 κάτωθεν
2890 4495 3273 4569 διακαιομένη,
3320 4501 3486 4574 έλαίῳ
3533 4505 3588 4558 δὲ
3646 4508 3871 4564 άνωθεν

2286 4584 2704 4657 διαδρεχομένη,
2752 4587 2847 4641 καὶ
2899 4590 2998 4660 τὴν
3037 4591 3209 4660 φλόγα
3270 4595 3460 4658 δεινῶς
3521 4598 3867 4662 έξάπτουσα.

2288 4677 2433 4743 Πλὴν
2487 4676 2608 4729 οὐδὲ
2659 4678 2779 4730 τότε
2807 4680 2903 4732 τοῦ
2937 4683 3217 4750 μάρτυρος
3265 4686 3297 4752 ὴ
3330 4685 3489 4754 χάρις
3520 4689 3718 4756 ἡμέλει
3741 4709 3757 4723 ο
3790 4695 3872 4758 ὡς

2287 4769 2394 4838 γάρ
2424 4768 2707 4822 έπετίθετο
2729 4775 2794 4841 τῇ
2833 4773 3064 4842 ἐσχάρα,
3085 4773 3144 4825 τὸ
3163 4773 3274 4842 πῦρ
3303 4776 3508 4841 εὐθέως
3544 4780 3872 4851 ἐσϐέννυτο,

2287 4861 2383 4912 καὶ
2411 4863 2460 4912 οῑ
2489 4860 2759 4928 ἄνθρακες
2786 4864 3151 4931 εμαραίνοντο
3170 4881 3183 4893 ·
3213 4867 3245 4936 ὴ
3281 4868 3489 4940 έσχάρα
3529 4870 3607 4934 δὲ,
3645 4872 3724 4936 ὡς
3763 4876 3873 4929 οὐκ

2287 4948 2467 5000 έλαίου
2495 4951 2696 5018 μᾶλλον
2734 4951 2849 5005 ἀλλ’
2906 4952 3096 5018 ὓδατος
3132 4957 3508 5029 έπιχεομένου,
3540 4961 3728 5033 ψυχρὰ
3771 4971 3872 5020 καὶ

2287 5040 2422 5110 αὐτὴ
2472 5037 2561 5110 ἧν,
2603 5043 2788 5094 κακῶν
2817 5045 3003 5116 ἀπαθῆ
3040 5047 3369 5118 διατηροῦσα
3425 5053 3517 5104 τὸν
3560 5055 3742 5118 ἆγιον.
3801 5060 3872 5113 τί

2285 5129 2341 5182 δέ
2369 5147 2383 5195 ;
2423 5130 2747 5183 συνέσόεστο
2777 5135 2984 5193 τούτοις
3026 5135 3131 5202 ἂρα
3162 5137 3251 5187 καὶ
3279 5138 3308 5188 δ
3337 5137 3427 5189 τοῦ
3461 5138 3733 5208 βασιλέως
3765 5146 3865 5199 ou.

2288 5221 2422 5289 36;;
2487 5220 2798 5288 Οὑμενοῦν·
2877 5223 3032 5284 αὖθις
3085 5227 3193 5296 γάρ
3258 5229 3544 5301 ἐνεχθῆναι
3615 5236 3872 5302 τήγανον

2285 5313 2635 5382 προστάττει,
2693 5315 2862 5383 κηρόν
2916 5332 2972 5366 τε
3023 5318 3115 5369 καὶ
3169 5319 3386 5384 πίσσαν,
3448 5326 3541 5375 καὶ
3597 5326 3776 5398 στέαρ
3811 5332 3872 5382 εν

2285 5404 2434 5474 αὐτῷ
2464 5403 2822 5474 ιμό).ηθῆναι,
2851 5408 2983 5476 πυρὶ
3003 5407 3060 5460 δὲ
3087 5409 3266 5478 πολλῷ
3301 5413 3562 5483 έκκαῆναι
3582 5415 3869 5485 κάτωθεν,

2285 5499 2376 5552 καὶ
2417 5497 2589 5563 οὕτως
2621 5501 2679 5550 ὲν
2713 5499 2862 5568 αὐτῷ
2888 5501 3052 5553 πάλιν
3097 5502 3415 5574 διαταθῆναι
3449 5507 3536 5559 τὸν
3571 5510 3866 5582 μάρτυρα.

2298 5591 2382 5652 Ὠ,
2409 5589 2502 5644 οὖν
2537 5590 2695 5661 ἔργον
2735 5590 2926 5660 γέγονε
2956 5591 3015 5646 τὸ
3056 5596 3502 5665 κεκελευσμένον,
3533 5602 3626 5652 καὶ
3660 5600 3724 5652 τὸ
3760 5603 3870 5666 rh-
