3972 6460
180 398 276 462 133

1382 394 1554 452 VlTA
1592 395 1654 453 S.
1692 393 2198 454 ELEUTHERII.

3327 401 3432 468 135

175 534 331 585 γανον
371 514 492 567 ὅλον
526 509 884 580 ἀνθρακῶδες
934 505 1020 579 ἧν,
1061 507 1245 559 ἵστατο
1278 507 1333 560 δὲ
1367 507 1461 560 καὶ
1486 508 1514 560 ὁ
1549 507 1761 576 μάρτυς

1873 521 1964 563 nes
1998 508 2307 577 homicidae,
2348 524 2538 565 rursus
2565 509 2718 578 jubet
2750 508 2936 566 all‘erri
2975 514 3327 585 sartaginem,
3360 535 3450 577 ce-

171 610 267 676 τὴν
303 603 579 674 τιμωρίαν
604 599 1024 668 ὑποδεξάμενος,
1059 599 1085 648 ὁ
1122 595 1384 665 τύραννος
1416 597 1585 649 πολλὰ
1613 613 1754 668 παρ-

174 700 391 757 αινέσας
423 693 593 760 αὐτῷ,
629 689 910 750 ποικίλαις
935 705 990 738 τε
1020 686 1306 748 κολακίαις
1341 686 1612 751 ὑπελθὼν,
1639 687 1761 739 ἐπεὶ

171 787 507 845 ἀπειθοῦντα
542 764 712 852 ἑώρα,
743 782 836 832 καὶ
861 781 959 840 τὰς
1002 779 1262 839 κολακίας
1289 779 1562 846 εὐστόχως
1601 777 1761 847 369a-

174 899 255 932 σιν
289 878 659 945 ἀμειϐόμενον
699 874 714 941 (
741 871 906 924 λύκον
936 871 1042 938 γὰρ
1094 871 1387 940 Ἀραὸικὸν
1419 869 1606 921 τοῦτον
1636 871 1764 922 ἐκά-

171 974 273 1032 λει,
307 971 398 1023 an;
435 971 542 1028 toi;
578 967 670 1018 τοῦ
698 965 938 1033 Χριστοῦ
970 965 1262 1034 προῦἀτοις
1295 962 1760 1030 ἐπιϐουλεύοντα),

171 1063 246 1129 τῷ
285 1063 504 1129 τηγάνῳ
529 1061 692 1111 αὐτὸν
726 1057 940 1110 κελεύει
968 1057 1311 1127 διαταθῆναι.
1370 1054 1546 1117 Εὐθὺς
1577 1051 1669 1107 οὖν
1695 1056 1762 1107 τά

172 1156 310 1206 αὑτά
341 1156 454 1214 τοῖς
489 1153 774 1219 προτέροις
815 1150 1195 1220 ἐπηκολούθει,
1231 1151 1325 1202 καὶ
1357 1149 1758 1219 μεταϐάλλεται

174 1251 272 1313 μὲν
308 1248 384 1306 εἰς
417 1244 606 1311 δρόσον
639 1243 699 1294 τὸ
725 1242 860 1313 πῦρ,
895 1241 1037 1313 αὖρα
1071 1243 1126 1295 δέ
1163 1259 1248 1304 τις
1300 1241 1491 1312 ήδίστη
1517 1239 1610 1292 τὸν
1639 1256 1764 1308 γενο

173 1341 327 1387 ναῖον
355 1333 652 1402 ἀνέψυχεν.

1862 616 2091 670 ramque
2119 611 2172 656 et
2215 603 2412 670 picem,
2461 614 2514 658 et
2547 604 2761 673 adipem
2797 605 2847 658 in
2881 619 2999 659 eam
3054 606 3228 674 injici,
3273 613 3447 668 multo

1863 707 1990 746 vero
2018 694 2139 760 igne
2169 695 2361 748 subtus
2389 694 2635 758 accendi,
2659 704 2714 748 et
2742 695 2819 749 sic
2842 697 2894 748 in
2914 711 2976 750 es
3008 712 3194 752 rursus
3227 705 3448 755 extendi

1867 793 2186 854 martyrem.
2229 785 2519 854 Postquam
2553 802 2684 856 ergo
2717 787 2918 840 factum
2951 787 3074 852 fuit,
3104 793 3243 858 quod
3270 792 3453 846 fuerat

1863 875 2217 945 imperatum,
2261 889 2316 931 et
2373 888 2599 946 sartago
2638 889 2748 934 tota
2803 893 2923 934 erat
2974 884 3259 940 candens:
3299 886 3453 938 stetit

1861 977 2045 1021 autem
2095 982 2304 1040 martyr
2351 986 2568 1039 quoque
2617 973 2896 1026 subiturus
2957 973 3324 1043 supplicium:
3374 975 3453 1031 Ne

1862 1057 2102 1121 dillcras,
2137 1060 2312 1127 inquit
2363 1062 2682 1128 imperator,
2729 1076 2762 1114 ο
2814 1059 3116 1128 Eletttlteri,
3149 1074 3264 1119 stas
3304 1067 3453 1119 enim

1865 1152 2074 1204 medius
2108 1152 2251 1205 inter
2282 1164 2513 1206 mortem
2571 1163 2622 1206 et
2667 1155 2853 1218 vitam,
2887 1170 3014 1208 cura
3062 1157 3112 1208 id
3161 1159 3307 1225 quod
3357 1158 3454 1212 tibi

1864 1239 2104 1294 futurum
2139 1251 2223 1296 est
2251 1245 2612 1298 conducibile.
2645 1243 2775 1299 Nam
2815 1261 2914 1314 ego
2945 1248 3161 1316 quidem
3199 1263 3452 1319 magnam

1867 1334 1942 1387 tui
1976 1349 2160 1387 curam
2206 1351 2424 1404 gerens,
2461 1352 2525 1388 ue
2559 1337 2702 1389 male
2729 1353 2940 1406 pereas,
2979 1340 3029 1392 in
3073 1348 3127 1393 te
3165 1356 3285 1394 sum
3316 1340 3454 1394 alre-

171 1440 312 1488 rtus,
352 1437 608 1494 tanquam
643 1427 694 1476 in
730 1437 1046 1492 germanum
1071 1420 1236 1475 lilium
1270 1437 1284 1474 :
1323 1435 1420 1475 nee
1448 1419 1640 1474 vellem
1705 1435 1801 1486 per
1839 1421 1990 1486 deos,
2027 1426 2201 1478 virum
2227 1437 2334 1479 tam
2373 1429 2539 1479 nubili
2583 1428 2702 1482 loco
2734 1439 2946 1493 uatum,
2982 1440 3037 1483 et
3074 1431 3164 1497 qui
3194 1439 3278 1485 est
3340 1432 3457 1498 ipse

170 1527 309 1575 adeo
344 1526 540 1580 hortus,
584 1529 690 1570 tam
725 1520 960 1570 disertus
987 1556 1000 1578 ,
1043 1525 1096 1569 et
1140 1524 1247 1568 tam
1300 1515 1520 1583 pulchra
1566 1515 1766 1581 specie,
1809 1516 2053 1582 seipsum
2126 1519 2527 1574 inconsiderate
2557 1522 2778 1589 injicere
2839 1525 2889 1576 in
2923 1524 3220 1591 periculum
3253 1542 3268 1576 :
3297 1526 3458 1591 idque

172 1628 398 1684 propter
431 1613 566 1666 nihil
597 1615 740 1665 aliud
760 1626 921 1680 quam
953 1619 1170 1678 propter
1188 1606 1544 1676 pervicacium
1607 1621 1797 1661 vanam
1839 1623 1892 1664 et
1927 1612 2193 1665 inutilem.
2261 1608 2752 1680 Pustquarnanrem
2784 1619 2934 1670 stetit
2958 1627 3166 1686 martyr
3197 1619 3460 1672 adversus

179 1717 292 1768 ιιι-ρ
333 1725 596 1779 generose
643 1709 955 1769 decertans,
998 1716 1120 1773 apte
1164 1707 1376 1773 probris
1412 1720 1771 1760 remunerans
1807 1707 2120 1770 blanditias,
2188 1719 2241 1761 ct
2285 1709 2432 1760 illum
2511 1708 2694 1776 lupum
2744 1714 3023 1778 appellans
3053 1714 3368 1780 Arabicum,
3399 1724 3460 1767 ut

171 1810 262 1875 qni
329 1805 523 1854 nvibus
567 1801 772 1855 Christi
808 1800 1116 1862 insidietur,
1151 1799 1366 1851 tandem
1407 1799 1521 1852 haec
1587 1813 1805 1867 quoque
1846 1800 2041 1868 adjecit
2069 1816 2083 1852 :
2110 1800 2379 1868 Quidquid
2448 1799 2666 1868 feceris,
2687 1817 2792 1857 non
2827 1804 2958 1858 mihi
2993 1807 3367 1876 persuadebis,
3397 1816 3460 1862 ut

116 1944 126 1959 .
172 1903 241 1952 ab
278 1901 379 1951 hac
413 1899 498 1965 pia
527 1907 580 1949 et
605 1897 760 1948 beata
791 1895 1045 1945 desistam
1074 1895 1401 1947 Constantia.

242 1991 336 2056 ετ.
384 1986 665 2058 Ἀδριανὸς
719 1984 775 2037 δὲ
825 1986 1043 2037 πάντων
1085 1983 1236 2052 αὐτῷ
1295 1985 1426 2052 πρὸς
1458 1984 1770 2037 τούναντίον
1804 1988 1844 2045 Β

172 2082 624 2152 μεθισταμένων,
691 2076 914 2142 ἀπορῶν
951 2075 1206 2141 ἐκάθητο,
1252 2074 1445 2144 ϐαθείᾳ.
1493 2075 1638 2145 λύπῃ
1667 2075 1767 2146 τὴν

171 2174 426 2240 γλῶτταν
468 2167 851 2236 πεπεδημένος
874 2183 885 2196 ·
915 2165 974 2217 ὃν
1029 2165 1154 2218 ἰδὼν
1193 2165 1366 2228 οὕτως
1397 2168 1594 2236 ἔχοντα
1625 2170 1651 2220 ὁ
1674 2185 1768 2237 τη-

170 2263 404 2317 νικαῦτα
439 2262 536 2328 τῆς
578 2260 788 2320 πόλεως
809 2257 1072 2328 ἔπαρχος,
1106 2257 1374 2327 Κορὲμων
1398 2259 1546 2327 αὐτῷ
1577 2260 1766 2330 ὄνομα,

168 2359 343 2416 δεινος
371 2355 426 2406 δὲ
463 2350 622 2415 οὗτος
667 2352 938 2420 βασάνους
973 2351 1220 2421 ἐξευρεῖν
1256 2353 1601 2422 καινοτέρας,
1632 2353 1770 2407 ἀλλὰ

170 2449 264 2501 καὶ
296 2449 363 2500 τὰ
417 2448 562 2497 κατά
621 2447 714 2496 τὸν
746 2444 1125 2513 στρατηλάτην
1184 2443 1397 2514 Φίληκα
1428 2445 1636 2514 μαθὼν,
1678 2449 1770 2498 καὶ

170 2541 271 2609 ἠδη
300 2538 402 2606 μὲν
430 2537 727 2605 σπέρματα
761 2537 858 2606 τῆς
891 2535 998 2587 τῶν
1031 2535 1378 2604 Χριστιανῶν
1430 2537 1664 2598 πίστεως
1691 2539 1769 2598 είς

172 2633 404 2699 καρδίαν
427 2630 748 2695 δεξάμενος,
784 2626 942 2677 ἔτιδὲ
976 2626 1084 2677 τῶν
1121 2625 1458 2692 Ἑλληνικῶν
1487 2628 1766 2694 ἐχόμενος,

173 2725 264 2773 καὶ
321 2720 400 2788 τῷ
461 2719 672 2787 βασιλεί
734 2715 1138 2786 χαριζόμενος·
1207 2711 1364 2776 οὗτος
1423 2718 1488 2784 δὴ
1525 2719 1643 2768 τοτε
1677 2723 1770 2772 τὸν

184 2813 467 2879 Ἀδριανδν
487 2807 858 2878 διαποροῦντα
892 2807 1058 2875 ὁρῶν,
1089 2808 1409 2878 προσελθών
1446 2826 1458 2838 ο
1513 2808 1654 2875 Ἐγώ
1686 2825 1766 2873 σε,

173 2911 332 2975 φησὶ,
392 2902 646 2972 βασιλεῦ,
688 2901 989 2965 ἀπαλλάξω
1019 2901 1386 2971 πραγμάτων,
1431 2902 1522 2952 καὶ
1558 2901 1770 2954 τουτονὶ

170 3000 261 3047 τὸν
287 2999 410 3046 νέον
438 2993 638 3056 διδάξω
670 2992 761 3044 τὸν
796 2990 1130 3044 ἀπειθοῦντά
1159 3007 1241 3043 σοι
1268 2991 1340 3058 μὴ
1362 2990 1621 3052 τοιούτοις
1645 2993 1768 3042 ἑπι-

171 3092 400 3156 χειρεῐν,
449 3086 585 3136 ἀλλὰ
624 3086 716 3135 καὶ
749 3082 1003 3143 κλίϐανος
1061 3083 1160 3150 μὲν
1201 3083 1479 3151 ὲνεχθήτω
1509 3083 1768 3150 χαλκοῦς,

171 3178 446 3230 “diem:
483 3175 538 3226 δὲ
565 3175 706 3238 ὀξεῖς
739 3171 824 3240 ἐφ’
847 3172 1088 3241 ἑκάτερα
1113 3170 1224 3223 τῶν
1256 3171 1438 3241 μερῶν
1475 3171 1645 3223 αὑτοῦ
1673 3175 1770 3241 ὲμ-

173 3273 538 3338 παγήτωσαν,
583 3268 675 3319 καὶ
734 3265 856 3334 ὕψει
907 3264 1031 3317 ὅσον
1097 3261 1254 3318 obrue
1291 3263 1383 3317 τὸν
1430 3264 1767 3332 Ἐλευθέριον

171 3363 203 3427 ἦ
243 3361 571 3429 πειθόμενον
598 3359 628 3428 ἢ
655 3358 841 3418 κακῶς
865 3356 1264 3426 ἀπολλύμενον.
1296 3357 1486 3409 ἰἀῦτα
1515 3357 1570 3409 δὲ
1596 3356 1768 3424 λέγων

173 3455 439 3506 ἐλάνθανε
483 3453 577 3504 τὸν
623 3451 813 3501 λέοντα
864 3449 1051 3516 φοϐεῖν
1094 3449 1345 3515 καλάμου
1393 3450 1630 3518 πληγαῖς
1665 3451 1773 3503 οἰό-

175 3563 361 3615 μενος.
399 3546 596 3611 Ὅμως
652 3541 856 3609 ἤρεσκε
915 3541 1094 3593 ταῦτα
1128 3538 1206 3609 τῷ
1264 3539 1496 3608 βασιλεῖ,
1533 3540 1629 3592 καὶ
1677 3541 1771 3593 τοῦ

175 3636 578 3706 μηχανήματος
614 3633 819 3703 σπουδῇ
852 3631 1224 3696 τελεσθέντος,
1258 3632 1397 3702 ἄρας
1425 3633 1550 3695 τοὺς
1585 3648 1774 3701 φαινο-

176 3733 369 3795 μένους
427 3726 548 3794 ἃμα
607 3725 701 3776 καὶ
749 3728 878 3786 τοὺς
929 3726 1158 3793 ἀφανεῖς
1189 3723 1529 3792 ὀφθαλμοὺς,
1557 3725 1773 3777 καὶτὸν

173 3819 290 3870 γοῦν
315 3819 442 3872 ὅλον
475 3821 555 3879 εἰς
587 3814 857 3886 οὐρανοὺς
898 3816 1201 3886 ἀπερείσας
1225 3831 1238 3844 ·
1298 3815 1629 3886 Εὐχαριστῶ
1667 3833 1772 3880 σοι,

172 3909 295 3977 hri,
325 3909 505 3978 Κύριε
552 3907 730 3977 Ἰησοῦ
761 3907 964 3976 Χριστὲ
992 3910 1087 3960 καὶ
1117 3907 1242 3971 Θεὶ,
1295 3907 1376 3960 ὅτι
1409 3907 1673 3960 τοιούτων
1705 3925 1772 3978 με

175 4005 265 4052 καὶ
299 4001 582 4052 τοσούτων
615 3998 839 4064 ἀγαθῶν
870 3998 1133 4065 ἠξίωσας,
1196 3998 1277 4049 ὅτι
1339 3999 1483 4068 χειρὶ
1535 3999 1774 4066 κραταιᾷ

177 4110 266 4144 σου
303 4093 545 4160 δύναμιν
590 4087 957 4158 περιέζωσας,
999 4089 1080 4141 ὅτι
1115 4086 1258 4158 ὑπὲρ
1298 4088 1392 4140 σοῦ
1417 4087 1642 4142 τοιαῦτα
1665 4089 1773 4142 πά-

179 4200 322 4251 σχειν
349 4182 660 4248 εὑόὀκησας
682 4197 694 4209 ·
734 4181 826 4232 καὶ
859 4179 955 4232 νῦν
989 4179 1287 4247 ἑπίὸλεψον
1316 4180 1374 4244 ἐξ
1397 4179 1648 4252 οὐρανοῦ,
1679 4180 1774 4232 καὶ

179 4277 245 4327 [δε
275 4271 366 4328 οἷα
400 4271 791 4326 τεκταίνουσιν
825 4273 874 4322 οξ
909 4269 1193 4337 μισοῦντές
1223 4287 1280 4322 σε
1320 4271 1440 4322 κατ’
1466 4270 1623 4338 ἐμοῦ,
1679 4270 1774 4321 καὶ

180 4366 336 4435 ῥῦσαι
396 4365 512 4420 ἀπ’)
564 4364 753 4433 βέλους
782 4363 968 4416 αὐτῶν
1009 4363 1110 4432 τὴν
1142 4362 1322 4433 ψυχήν
1354 4380 1480 4432 μου,
1515 4363 1600 4415 ἵνα
1625 4363 1772 4415 [Eunt

180 4461 401 4523 πάντες,
434 4459 521 4510 ὅτι
557 4456 702 4528 πλὴν
744 4455 840 4509 σοῦ
870 4455 972 4508 οὐκ
1005 4455 1120 4509 εστι
1162 4455 1318 4519 Θεός.
1355 4452 1487 4508 Εἶτα
1511 4455 1604 4508 καὶ
1633 4455 1773 4526 ὑπὲρ

181 4550 281 4602 τῶν
345 4549 718 4612 κολαζόντων,
778 4547 970 4618 ῶσπερ
1004 4547 1161 4608 ἀλλος
1192 4563 1274 4608 τις
1316 4547 1589 4612 Στέφανος
1631 4546 1772 4614 ὑπὲρ

1950 1981 2037 2034 γι.
2074 1981 2170 2034 Hic
2202 1981 2474 2036 Adrianus
2497 1983 2680 2037 animo
2707 1984 3204 2049 sauciatus,verbis
3233 1988 3461 2056 relictis,

1871 2073 1937 2126 ad
1981 2073 2122 2125 facta
2156 2088 2215 2126 se
2241 2074 2491 2136 contulit,
2521 2083 2576 2126 et
2619 2073 2776 2141 jubet
2819 2089 2946 2127 eum
2989 2079 3206 2130 extendi
3257 2080 3307 2131 in
3338 2095 3460 2134 sar-

1873 2167 2072 2234 tagine.
2102 2163 2256 2230 Quod
2289 2180 2413 2218 eum
2449 2165 2649 2220 factum
2687 2178 2854 2232 esset,
2878 2168 3092 2234 eadem,
3125 2186 3247 2238 quze
3283 2177 3456 2242 prius,

1872 2272 2063 2312 rursus
2107 2267 2233 2311 sunt
2281 2269 2571 2312 consecuta
2611 2275 2625 2311 :
2663 2269 2719 2313 et
2753 2260 2894 2326 ignis
2947 2264 3166 2331 quidem
3215 2276 3460 2321 mutatur

1874 2348 1929 2402 itt
1971 2364 2146 2402 rorem
2190 2366 2203 2402 :
2238 2363 2372 2401 aura
2411 2363 2542 2402 vero
2590 2351 2836 2418 quaedam
2893 2354 3218 2407 suavissima
3261 2357 3454 2411 fortem

1871 2458 1935 2496 ac
1968 2456 2293 2509 generosum
2329 2441 2507 2495 virum
2559 2441 2924 2511 refrigeravit.
2953 2446 3229 2503 Adrianus
3276 2461 3454 2506 autem

1871 2535 2140 2595 nesciens,
2176 2533 2306 2601 quid
2357 2542 2566 2600 ageret,
2604 2550 2728 2589 cum
2777 2537 2825 2590 ei
2876 2547 3219 2595 mutarentur
3273 2544 3460 2600 omnia

1870 2627 1922 2678 in
1963 2626 2320 2686 contrarium,
2354 2626 2580 2679 sedebat
2631 2627 2798 2682 animi
2847 2629 3065 2693 dubius,
3121 2634 3313 2687 bovem
3358 2637 3460 2689 Ita-

1871 2717 2001 2770 beus
2055 2715 2106 2769 in
2178 2717 2381 2785 lingua,
2446 2727 2504 2770 ut
2561 2716 2785 2784 dicitur,
2839 2728 2894 2774 et
2943 2721 3184 2789 linguam
3245 2726 3462 2781 vinctus

1870 2812 2137 2882 profundo
2175 2814 2382 2866 dolore.
2435 2814 2604 2878 Quem
2647 2829 2772 2868 cum
2823 2814 3052 2869 vidisset
3094 2815 3173 2870 sic
3206 2817 3457 2874 aﬂ'ectum

1871 2903 1937 2965 is,
1959 2903 2047 2969 qui
2075 2915 2201 2954 tunc
2229 2912 2342 2954 erat
2370 2903 2657 2970 praefectus
2684 2903 2858 2967 urbis,
2877 2906 3093 2959 nomine
3123 2907 3334 2963 Corebo
3358 2911 3458 2979 (2),

1871 2997 1933 3048 ad
1985 3012 2121 3048 nova
2173 2995 2494 3048 invenienda
2541 3005 2810 3050 tormenta
2859 2999 2941 3050 vir
2985 3002 3260 3070 egregius,
3299 3014 3354 3056 et
3391 3005 3459 3059 ad

1872 3088 2179 3141 faciendum
2250 3086 2478 3153 aliquid,
2537 3087 2683 3156 quod
2743 3090 3007 3144 adversus
3069 3093 3454 3151 necessitatem

1869 3189 2014 3232 esset
2038 3193 2164 3234 aere
2195 3188 2248 3234 et
2277 3178 2461 3233 enicas
2513 3181 2655 3250 (erat
2684 3189 2862 3234 autem
2896 3179 3196 3238 Christiani
3231 3183 3458 3256 dogma-

1876 3268 1946 3321 tis
1981 3286 2085 3321 non
2119 3271 2343 3322 omnino
2376 3270 2719 3337 ignarus,sed
2751 3280 2805 3324 et
2830 3287 2952 3340 qua:
2979 3271 3143 3328 Felici
3178 3279 3459 3333 exercitus

1876 3358 1996 3413 duci
2027 3359 2366 3423 acciderant,
2394 3360 2574 3414 verbis
2598 3370 2902 3428 acceperat,
2935 3371 2989 3416 et
3018 3362 3458 3422 Christianorum

1876 3449 1998 3503 lidei
2066 3447 2230 3502 veluti
2289 3450 2534 3518 quaedam
2593 3450 2800 3504 semina
2865 3460 2919 3505 et
2971 3451 3124 3511 initia
3185 3456 3236 3509 in
3295 3456 3463 3511 corde

1873 3551 2163 3608 acceperat
2203 3557 2215 3592 :
2253 3542 2430 3595 adhuc
2479 3555 2606 3596 vero
2654 3541 2972 3596 sectabatur
3027 3557 3116 3598 res
3153 3545 3456 3613 gentilium,

1873 3631 2088 3700 plurimi
2133 3631 2334 3686 faciens
2367 3632 2544 3685 colere
2594 3641 2648 3686 et
2685 3631 2975 3686 observare.
3025 3634 3461 3702 imperatorem),

1881 3722 2000 3788 ipse
2047 3731 2225 3773 autem
2278 3732 2401 3775 tunc
2445 3722 2634 3776 videns
2668 3722 2962 3775 Adrianum
3009 3723 3372 3792 dubitantem,
3409 3736 3466 3781 et

1877 3813 2208 3866 nescientem
2246 3815 2516 3881 quomodo
2557 3829 2616 3868 se
2669 3812 2722 3866 in
2777 3825 3027 3868 sanctum
3078 3826 3316 3885 gereret,
3363 3833 3459 3872 ac-

1875 3903 2072 3955 cedens
2123 3918 2137 3954 :
2197 3899 2305 3970 Ego
2355 3911 2426 3966 te,
2469 3901 2666 3970 inquit,
2700 3915 2734 3956 ο
2781 3901 3096 3972 imperator,
3142 3903 3384 3961 liberabo
3424 3923 3458 3961 a

1874 3990 2122 4057 negotiis,
2144 4000 2194 4044 et
2224 3991 2364 4045 hunc
2399 3991 2673 4060 juvenem,
2706 3991 2796 4060 qui
2835 4002 3099 4060 repugnat
3133 3993 3237 4048 tuis
3261 3993 3455 4060 jussis,

1874 4081 2077 4134 docebo
2118 4095 2396 4147 nunquam
2448 4082 2552 4134 tale
2589 4082 2718 4148 quid
2771 4082 3012 4151 aggredi.
3056 4082 3162 4135 Sed
3217 4084 3464 4141 clibanus

1875 4183 2093 4250 quidem
2155 4181 2424 4235 inferatur
2481 4195 2668 4237 azneus
2726 4199 2741 4236 :
2794 4179 2943 4234 acuti
2994 4189 3175 4235 autem
3235 4181 3462 4238 Obelisci

1875 4271 2233 4339 iullganturin
2255 4279 2483 4338 utraque
2499 4269 2614 4338 ejus
2633 4279 2804 4337 parte,
2824 4277 2877 4320 et
2898 4282 3020 4321 mox
3041 4271 3183 4325 scies
3203 4270 3460 4326 Eleuthe-

1876 4363 2016 4418 rium
2047 4372 2137 4416 aut
2161 4360 2409 4432 paruisse
2428 4370 2520 4416 aut
2545 4360 2683 4416 male
2703 4360 2951 4432 periisse.
2966 4359 3090 4416 Haec
3109 4375 3236 4416 vero
3251 4362 3463 4429 dicens,

1876 4471 1983 4510 non
2019 4454 2487 4509 animadvertebat
2517 4467 2574 4509 se
2604 4453 2812 4510 leonem
2850 4470 3044 4526 putare
3075 4471 3232 4525 posse
3259 4464 3467 4511 terrere

1877 4546 1984 4600 ictu
2018 4545 2318 4599 arundinis.
2367 4545 2492 4599 Hmc
2537 4555 2715 4600 tamen
2765 4549 3087 4616 placuerunt
3119 4551 3462 4618 imperatori,

178 4641 282 4694 τῶν
315 4640 684 4704 λιθαζόντων,
706 4637 1022 4710 εὐχόμενος,
1046 4638 1219 4708 Ἃψαι
1241 4637 1340 4705 τῆς
1364 4638 1568 4701 αὐτῶν,
1595 4635 1770 4704 ἔλεγε,

1883 4647 1938 4692 et
1961 4636 2068 4692 cito
2103 4635 2349 4690 confecta
2394 4636 2664 4702 machina,
2701 4649 2907 4712 martyr
2941 4640 2995 4695 in
3027 4640 3224 4694 cn-lum
3259 4640 3460 4696 tollens

180 4736 430 4804 καρδίας,
463 4731 732 4784 πολυιλεε
764 4732 1037 4798 Δέσποτα,
1081 4731 1178 4784 καὶ
1229 4730 1368 4801 πρὸς
1423 4729 1484 4781 τδ
1520 4730 1612 4782 σὺν
1646 4729 1770 4782 καθ-

1880 4729 2066 4784 oculos
2097 4738 2202 4782 tam
2241 4727 2332 4796 qui
2362 4740 2686 4794 cernuntur,
2721 4745 2883 4797 quam
2919 4733 3012 4800 qui
3050 4731 3152 4786 sub
3183 4742 3464 4801 aspectum

181 4827 449 4897 οδήγησον
491 4824 732 4894 θέλημα.
777 4823 862 4875 ἵνα
887 4822 1062 4890 γνῶσί
1095 4839 1155 4874 σε
1187 4823 1282 4874 τὸν
1326 4819 1489 4891 μόνον
1523 4820 1770 4892 ἀληθινὸν

1881 4835 1988 4874 ηοη
2032 4819 2254 4879 cadunt,
2291 4827 2344 4870 et
2385 4826 2554 4869 totam
2592 4829 2826 4871 mentem
2863 4821 2915 4873 in
2951 4821 3148 4875 cmlum
3198 4822 3463 4892 deﬁgens,

183 4914 332 4980 Θεὸν,
361 4917 458 4967 καὶ
497 4916 598 4983 τῆς
642 4912 894 4981 ὀλεθρίου
950 4910 1059 4964 τῶν
1095 4910 1336 4963 εἰδώλων
1366 4909 1650 4964 ἀποστῶσι
1682 4911 1770 4963 λα-

1881 4921 1935 4966 et
1967 4925 2076 4980 pra
2107 4908 2303 4978 gaudio
2343 4918 2486 4963 totus
2515 4909 2672 4979 quasi
2707 4925 2735 4962 a
2769 4909 2879 4965 Deo
2913 4913 3124 4967 amatus
3161 4930 3174 4966 :
3209 4915 3324 4981 Ago
3361 4913 3464 4968 tibi

184 5006 391 5073 τρείας,
426 5006 511 5056 ὅτι
541 5005 838 5072 εὐλογητὸς
862 4998 913 5056 εῐ
933 5004 1014 5066 είς
1041 5002 1169 5065 τοὺς
1197 5003 1426 5067 αἰῶνας.
1471 5003 1668 5074 Ἀμήν.

1883 5001 2106 5073 gratias,
2140 5000 2335 5068 inquit,
2370 5000 2592 5054 Domine
2625 4997 2753 5054 Jcsu
2795 4999 3010 5055 Christe
3039 5012 3094 5056 et
3125 5001 3288 5065 Deus,
3319 5000 3463 5069 quod

189 5115 268 5155 me
298 5101 502 5156 talibus
554 5111 610 5155 et
659 5101 823 5153 tantis
865 5100 1022 5154 bonis
1063 5099 1138 5154 sis
1179 5097 1433 5167 dignatus
1467 5115 1479 5151 :
1547 5099 1689 5167 quod
1726 5113 1812 5153 me
1854 5113 2015 5152 manu
2069 5105 2157 5150 tua
2196 5096 2402 5165 potenti
2471 5096 2668 5149 virtute
2709 5094 3035 5160 accinxcris,
3067 5097 3208 5164 quod
3243 5111 3340 5164 pro
3374 5107 3468 5152 tuo

189 5196 405 5250 neruine
439 5194 569 5247 talia
618 5194 712 5248 tibi
763 5194 872 5264 pati
946 5194 1119 5249 visum
1169 5195 1262 5249 sit.
1316 5192 1382 5247 Et
1463 5208 1607 5247 nunc
1657 5194 1841 5262 aspice
1883 5193 1949 5248 de
1995 5193 2154 5255 ctelo,
2199 5200 2252 5245 et
2309 5189 2428 5243 vide
2479 5191 2658 5260 qualia
2711 5196 2901 5244 contra
2954 5204 3041 5243 me
3094 5188 3456 5253 fabricantur,

191 5290 275 5357 qui
300 5298 366 5357 te
395 5289 634 5342 oderunt
669 5305 681 5339 :
717 5297 771 5340 et
805 5285 972 5340 libera
1024 5287 1259 5340 animam
1307 5295 1480 5340 meam
1515 5300 1543 5339 a
1579 5286 1760 5354 jaculo
1799 5301 2010 5348 eorum,
2081 5293 2133 5338 et
2174 5300 2202 5337 a
2238 5282 2369 5337 viris
2410 5284 2734 5353 sanguiuum
2759 5283 2803 5350 ⁸,
2837 5283 2927 5353 qui
2969 5283 3144 5338 bonus
3186 5299 3264 5346 es,
3299 5299 3460 5340 serva

194 5355 341 5436 me‘:
393 5390 453 5433 ut
499 5378 677 5432 sciant
731 5391 945 5440 omnes,
999 5388 1050 5432 te
1115 5393 1236 5434 esse
1313 5377 1485 5432 solum
1569 5379 1734 5432 Deum
1783 5387 1838 5432 et
1891 5377 2185 5447 gloriosum
2236 5375 2287 5428 in
2348 5385 2459 5428 toto
2514 5376 2644 5429 orbe
2696 5384 2984 5430 terrarum.
3041 5373 3243 5430 Deinde
3297 5377 3462 5431 etiam

197 5493 286 5546 pro
360 5475 429 5529 iis
490 5475 658 5542 ipsis,
730 5473 822 5540 qui
881 5472 1032 5526 illum
1092 5474 1445 5538 cruciabant,
1513 5474 1656 5528 sicut
1710 5472 2060 5540 Stephanus"
2125 5486 2220 5539 pro
2271 5470 2354 5534 iis,
2410 5471 2502 5540 qni
2549 5486 2672 5527 eum
2749 5471 3020 5540 lapidibus
3108 5474 3457 5541 appetebant,

197 5587 354 5625 orans
392 5589 405 5622 :
439 5567 626 5639 Tange
667 5583 764 5623 cor
795 5581 1010 5632 eorum,
1050 5568 1285 5635 dicebat,
1320 5585 1352 5622 ο
1396 5568 1644 5632 Domine,
1710 5569 1802 5637 qui
1844 5584 1902 5623 es
1949 5568 2129 5621 multa:
2167 5564 2576 5632 misericordiae,
2645 5576 2698 5620 et
2744 5574 2895 5620 tuum
2943 5577 3190 5622 sanctum
3241 5566 3324 5623 eis
3366 5581 3464 5622 no-

262 5665 283 5694 ‘
315 5663 455 5719 Psal.
485 5679 536 5719 v.
617 5665 635 5696 ⁷
667 5663 770 5718 Act
825 5675 921 5714 vtt.

269 5782 346 5852 (ἰ)
374 5781 619 5837 Correum
655 5783 803 5835 hunc
837 5789 992 5835 vocat
1030 5780 1171 5832 Beda
1209 5781 1261 5834 itt
1292 5779 1680 5851 Martyrologio
1724 5783 1787 5834 ad
1831 5783 1970 5836 hunc
1997 5783 2158 5836 diem.
