3972 6438
576 370 683 435 135

1870 365 2155 425 MENSIS
2191 366 2525 426 APRILIS.

3723 357 3821 425 136

577 496 698 537 men
739 479 824 535 fac
890 481 960 535 sit
1036 480 1336 548 cognitum,
1385 487 1440 531 et
1474 478 1646 531 deduc
1676 478 1740 531 ad
1779 488 1923 532 tuam
1978 479 2355 541 voluntatem:
2404 491 2464 533 ιιι
2542 488 2871 548 cognoscant
2926 486 2978 531 te
3044 476 3218 531 solum
3285 493 3471 532 verum
3535 477 3723 541 Deum,
3775 488 3824 531 et

576 574 839 629 desistant
873 588 901 626 a
949 572 1253 643 pernicioso
1299 570 1444 626 cultu
1479 569 1887 626 simulacrorum
1918 588 1935 625 :
1967 571 2223 640 quoniam
2256 571 2573 627 benedictus
2602 586 2661 625 es
2690 572 2741 625 in
2779 571 2984 625 secula.
3017 570 3212 623 Amen.

650 690 759 746 Vll.
790 690 924 745 Cum
970 690 1180 743 Corebo
1232 688 1312 744 sic
1364 697 1607 742 orantem
1643 687 1965 743 attendisset
2003 702 2145 741 mar-

2325 689 2399 741 Z'.
2432 688 2619 748 Οῦτως
2667 685 2953 756 εὐξαμένῳ
2986 685 3063 755 τῷ
3100 685 3339 755 μάρτυρι
3389 684 3640 755 προσχὼν
3674 687 3701 739 ό
3731 687 3830 739 Κο-

578 792 772 853 tyrem,
804 780 965 834 veluti
1009 792 1259 844 accenso,
1292 779 1382 847 qui
1434 786 1550 832 erat
1596 778 1645 833 ei
1694 779 1980 849 repositus,
2020 793 2142 831 car-

578 876 716 927 bone
751 872 994 941 pietatis,
1027 878 1248 939 repente
1291 878 1531 922 mutatur
1579 869 1739 938 longe
1781 868 2144 938 pulcherrima

576 962 881 1017 mutatione
925 976 939 1013 :
992 968 1047 1014 et
1096 969 1345 1029 tanquam
1402 974 1504 1013 non
1548 959 1599 1013 is
1647 968 1812 1024 esset,
1848 960 1937 1029 qui
1988 961 2147 1027 paulo

580 1066 705 1109 ante
774 1051 1113 1122 excogitabat
1176 1050 1440 1120 supplicia
1501 1050 1761 1105 adversus
1826 1061 2143 1120 martyrem,

578 1142 844 1196 accedens
878 1144 945 1195 ad
982 1142 1365 1209 imperatorem
1421 1156 1435 1195 :
1487 1140 1589 1195 Pro
1637 1155 1765 1209 quo,
1804 1140 1995 1209 inquit,
2031 1154 2146 1192 rna-

579 1233 771 1296 lelicio,
828 1242 921 1283 aut
972 1244 1067 1299 pro
1119 1246 1223 1299 quo
1275 1231 1503 1287 crimine
1558 1232 1640 1285 his
1688 1232 1868 1299 pmnis
1920 1230 2148 1285 aﬂlcitur

580 1323 967 1379 Eleutheriua?
996 1331 1089 1377 aut
1116 1338 1214 1393 pro
1255 1337 1359 1392 qua
1394 1337 1555 1377 causa
1581 1336 1754 1377 morte
1801 1332 1909 1377 tam
1953 1323 2147 1378 acerba

576 1416 907 1470 damnatur!
933 1416 1231 1483 Imperator
1256 1429 1387 1469 vero
1416 1416 1515 1468 hac
1554 1414 1832 1484 inopinata
1873 1414 2148 1470 auditione

579 1504 734 1560 valde
778 1515 1103 1570 commotus,
1140 1513 1294 1560 torve
1326 1505 1542 1559 intuens
1573 1503 1911 1560 Corebonem
1954 1523 1968 1558 :
2010 1505 2144 1559 Num

581 1609 633 1650 tu
669 1611 748 1663 es,
782 1596 974 1665 inquit,
1006 1595 1073 1660 is,
1102 1610 1261 1666 quem
1291 1610 1391 1666 ego
1421 1597 1566 1662 novi,
1599 1595 1854 1651 Corebo?
1878 1594 2145 1661 Quidnam

577 1699 755 1744 autem
806 1690 903 1744 tibi
954 1690 1173 1755 accidit,
1209 1697 1303 1742 aut
1339 1688 1597 1758 quidnam
1632 1689 1724 1742 tibi
1774 1687 1977 1743 factum
2018 1689 2148 1743 fuit?

576 1780 845 1850 Numquid
879 1792 929 1835 te
961 1781 1104 1849 cepit
1136 1794 1329 1833 aurum
1361 1778 1430 1832 ab
1463 1778 1610 1832 illius
1641 1788 1814 1833 matre
1842 1790 2146 1848 acceptum,

576 1881 633 1925 et
675 1884 783 1924 tam
835 1882 1052 1939 repente
1088 1868 1353 1923 mutavit?
1397 1868 1567 1934 Quam
1614 1868 1779 1923 multa
1828 1884 1954 1923 vero
1982 1870 2147 1924 etiam

576 1978 609 2017 a
670 1964 852 2018 multis
917 1962 1040 2017 aliis
1098 1962 1194 2017 tibi
1245 1962 1391 2027 data,
1434 1961 1711 2031 potuerint
1756 1960 1990 2016 conferri
2026 1976 2146 2015 cum

2248 781 2453 851 ρέμων,
2476 780 2569 832 καὶ
2595 779 2683 831 τὸν
2715 778 3186 848 προαποκεῐμενον
3217 777 3364 846 αὐτῷ
3390 777 3487 846 τῆς
3515 778 3827 839 θεοσεϐείας

2246 871 2494 939 ἄνθρακα
2549 867 2739 936 ὥσπερ
2804 869 3281 937 ἀναζωπυρηθεὶς,
3330 867 3485 935 ἄφνω
3519 867 3819 937 μεταϐολὴν

2251 960 2644 1031 μεταϐάλλεται
2672 961 2772 1028 τὴν
2798 960 3119 1029 καλλίστην,
3141 961 3234 1012 καὶ¹
3250 960 3326 1029 τῷ
3364 960 3577 1030 βασιλεῖ
3602 961 3826 1029 προσελο

2248 1054 2380 1118 θὼν,
2414 1053 2600 1116 Ποίου,
2635 1055 2820 1122 φησὶν,
2858 1054 3195 1122 ἀδικήματος
3220 1053 3379 1121 χάριν
3408 1055 3435 1105 ό
3458 1055 3654 1121 πικρὸς
3678 1050 3825 1113 οὗτος

2260 1144 2583 1215 Ἐλευθερίῳ
2614 1144 3057 1215 καταψηφίζεται
3107 1144 3370 1208 θάνατοςς
3433 1147 3543 1199 Καὶ
3599 1148 3626 1198 ὁ
3684 1145 3828 1214 βασι-

2247 1236 2393 1299 λεὺς,
2425 1236 2503 1307 τῷ
2531 1234 2824 1307 παραδόξῳ
2854 1236 2946 1290 τοῦ
2972 1237 3322 1308 ἀκούσματος
3348 1239 3673 1305 ἐκπλαγεὶς,
3702 1255 3821 1309 γορ-

2247 1327 2344 1393 γόν
2377 1343 2429 1378 τι
2483 1326 2577 1378 καὶ
2624 1325 2888 1396 βλοσυρὸν
2928 1326 3064 1397 πρὸς
3116 1328 3209 1381 τὸν
3268 1329 3559 1400 Κορέμονα
3588 1329 3824 1399 βλέψας·

2249 1413 2321 1467 Σὺ
2357 1413 2521 1478 αὐτὸς
2545 1410 2617 1481 εἷ,
2672 1415 2799 1486 εφη,
2839 1413 2898 1469 δν
2937 1414 3047 1485 ἐγὼ
3080 1415 3332 1484 γινώσκω
3378 1418 3701 1489 Κορέμονας
3739 1421 3830 1474 καὶ

2248 1508 2302 1560 τι
2336 1506 2571 1575 πάθοιςς
2629 1508 2777 1580 Μήτι
2835 1525 2893 1562 σε
2925 1510 3127 1579 χρυσὸς
3178 1504 3323 1563 εἷλεν
3378 1511 3482 1564 ὑπὸ
3520 1513 3619 1580 τῆς
3667 1512 3830 1566 αὐτοῦ

2248 1598 2532 1668 δεδομένος
2568 1603 2811 1668 μητρός;
2851 1598 2945 1651 xui.
2988 1600 3128 1653 πόσα
3162 1598 3229 1653 ἂν
3255 1613 3338 1652 σοι
3370 1601 3465 1653 καὶ
3502 1601 3658 1670 παρὰ
3708 1602 3835 1652 πολ-

2250 1690 2359 1744 λῶν
2398 1692 2605 1763 ἑτέρων
2644 1693 2920 1761 διδόμενα,
2978 1694 3089 1747 τῶν
3131 1692 3283 1763 ἐμῶν
3332 1692 3553 1764 δωρεῶν
3607 1694 3834 1758 ἀντάξια

2250 1783 2481 1850 γένοιτο,
2502 1784 2561 1834 ὃν
2597 1783 2708 1851 ἐγὼ
2750 1784 2841 1835 καὶ
2874 1783 3112 1851 πλούτῳ,
3150 1784 3245 1836 καὶ
3275 1782 3425 1855 δόξῃ,
3461 1786 3555 1837 καὶ
3592 1787 3657 1854 τῇ
3699 1787 3833 1854 πρὸς

2251 1871 2353 1941 ὲμὶ
2390 1873 2665 1926 οἰκειώσει
2718 1873 2959 1945 ζηλωτὸν
2993 1877 3050 1925 ἐν
3093 1876 3282 1945 Ῥώμῃ
3318 1877 3673 1947 κατέστησας
3719 1877 3833 1930 ἀλλ’
3872 1904 3877 1913 ι

2251 1966 2299 2017 εἰ
2340 1966 2433 2017 καὶ
2466 1966 2730 2019 πλειόνων
2784 1967 2935 2036 ὶρᾷς,
2968 1967 3015 2018 ot
3062 1966 3185 2034 ἐμοὶ
3222 1967 3425 2029 πάντες
3476 1969 3720 2020 ἀνεῖνται
3757 1985 3834 2022 σοι

578 2058 712 2111 meis
763 2056 941 2121 donis,
998 2070 1159 2123 quem
1218 2069 1318 2121 ego
1351 2063 1404 2107 et
1449 2056 1640 2121 opibus
1687 2064 1742 2107 et
1772 2054 1940 2121 gloria
1996 2069 2138 2118 mea,

2249 2056 2514 2126 θησαυροί
2550 2072 2565 2087 ο
2600 2056 2809 2110 τούτων
2831 2059 3170 2127 ἀμφοτέραις
3218 2059 3419 2124 ἄντλει,
3456 2059 3550 2112 καὶ
3586 2060 3663 2130 μὴ
3697 2060 3836 2113 οὕτω

577 2147 949 2202 familiaritate
996 2155 1055 2200 et
1089 2145 1471 2213 conjunctione
1528 2144 1741 2199 beatum
1795 2145 1979 2199 Romae
2025 2148 2147 2199 red-

577 2237 727 2291 didi?
753 2234 907 2302 Quod
936 2234 979 2289 si
1017 2234 1169 2305 plura
1197 2234 1496 2298 desideras,
1530 2236 1653 2290 licet
1681 2236 1775 2290 tibi
1814 2236 2014 2289 nostris
2043 2235 2149 2289 frui

577 2322 780 2379 aﬂatim
820 2342 835 2379 :
873 2323 964 2378 tibi
996 2333 1121 2377 sunt
1167 2323 1338 2393 aperti
1367 2337 1558 2377 omnes
1597 2324 1698 2376 mei
1750 2325 1987 2377 thesauri
2032 2340 2047 2378 :
2082 2339 2149 2378 ex

577 2416 664 2470 his
713 2416 869 2468 hauri
930 2415 1194 2468 ambabus
1260 2414 1527 2478 manibus,
1578 2428 1751 2481 neque
1802 2416 2026 2482 teipsqu
2076 2416 2148 2469 ita

579 2509 796 2578 prodas,
832 2523 863 2561 a
913 2506 1116 2560 femina
1176 2505 1319 2561 furto
1369 2506 1631 2571 sublatus,
1684 2515 1739 2560 et
1789 2521 1957 2575 pauco
2008 2523 2141 2563 auro

578 2612 810 2669 emptus.
853 2600 1063 2657 Corebo
1118 2610 1298 2654 autem
1346 2598 1459 2666 jam
1519 2608 1661 2653 t0tus
1719 2600 1955 2668 repletus
1998 2601 2139 2654 bono

576 2694 790 2758 Spiritu,
823 2701 878 2744 et
925 2694 1176 2760 martyris
1208 2692 1461 2758 precibus
1498 2701 1731 2744 mentem
1772 2692 1973 2744 habens
2022 2693 2143 2744 illu-

577 2784 856 2848 tttinatatn,
902 2783 1225 2838 exclamavit
1285 2781 1415 2834 illud
1466 2781 1783 2835 admirabile
1829 2791 1883 2835 et
1924 2783 2140 2850 dignum

575 2874 718 2942 quod
769 2873 1073 2927 celebretur
1126 2889 1139 2924 :
1192 2868 1428 2925 Pretium
1490 2879 1662 2937 tuum,
1705 2873 1913 2935 dicens,
1967 2883 2139 2927 tecum

576 2973 665 3018 eat
706 2967 757 3017 iu
797 2963 1177 3033 perditionem.
1207 2962 1334 3015 Tua:
1376 2977 1498 3016 vero
1548 2964 1784 3029 pecunia:
1818 2963 1925 3016 sint
1970 2962 2142 3016 fomes

577 3055 737 3126 ignis,
773 3055 865 3125 qui
894 3066 946 3111 te
974 3063 1172 3110 manet.
1206 3054 1345 3119 Quid
1375 3054 1516 3107 enim
1552 3061 1639 3105 tua
1679 3062 1872 3122 sponte
1897 3054 2141 3116 canentis,

2246 2144 2606 2215 καταπροδῷς
2659 2146 2912 2213 σεαυτὸν,
2972 2147 3196 2216 κλέμμα
3232 2147 3495 2212 γυναικὸς
3522 2150 3621 2201 καὶ
3648 2149 3834 2216 ὀλίγον

2246 2236 2449 2306 χρυσοῦ
2516 2238 2806 2307 γενόμενος
2855 2236 3036 2290 ὤνιον.
3107 2236 3167 2290 '0
3200 2239 3254 2291 δὲ
3291 2240 3584 2309 Κορὲμων,
3628 2242 3733 2310 ἥδη
3769 2245 3832 2310 τῇ

2246 2328 2340 2381 ⁴ιτοῦ
2378 2329 2656 2399 μάρτυρος
2688 2329 2819 2398 εὐχῇ
2852 2328 2949 2398 τὴν
2981 2328 3161 2399 ψυχὴν
3192 2331 3507 2398 φωτισθεὶς,
3533 2333 3593 2383 τὸ
3613 2331 3835 2401 θαυμα-

2250 2424 2383 2475 στὸν
2432 2421 2530 2474 καὶ
2584 2420 2917 2492 ἀξιύμνητον
2950 2422 3274 2490 ἐξεϐόησεν*
3314 2424 3515 2485 Ἔστω,
3569 2422 3836 2493 Mrem!)

2243 2512 2375 2581 τιμή
2418 2530 2513 2565 σου
2552 2514 2650 2564 σὺν
2679 2514 2763 2563 σοὶ
2791 2514 2871 2574 εἰς
2902 2511 3198 2577 ἀπώλειαν,
3234 2512 3300 2566 τά
3346 2512 3403 2564 δὲ
3448 2500 3715 2589 χρήματά
3744 2530 3835 2566 σου

2245 2603 2544 2672 ὑπόκαυμα
2569 2602 2647 2673 τῷ
2686 2603 3047 2673 περιμένοντι
3092 2619 3149 2655 σε
3185 2604 3320 2673 πυρὶ
3363 2606 3603 2672 γένοιτο·
3637 2605 3695 2656 τι
3729 2606 3837 2673 γάρ

2244 2693 2310 2760 δὴ
2338 2696 2429 2745 καὶ
2462 2693 2603 2745 ἑκὼν
2635 2694 2994 2761 τυφλώττεις,
3046 2698 3141 2747 καὶ
3194 2694 3366 2747 ταῦτα
3419 2696 3586 2765 πείρᾳ
3623 2696 3835 2765 μαθὼν,

2245 2784 2329 2835 ὅτι
2368 2782 2476 2836 τῶν
2510 2782 2608 2853 μὲν
2642 2783 2751 2835 σῶν
2785 2783 2925 2835 θεῶν
2955 2784 3131 2846 οὐδεὶς
3187 2784 3279 2835 τὸν
3323 2785 3665 2853 ὶμδληθέντα
3704 2786 3839 2854 πυρὶ

2249 2876 2420 2929 σῶσαι
2455 2876 2700 2940 δύναται,
2727 2876 2786 2929 δν
2823 2876 2878 2929 δὲ
2923 2877 2952 2928 ό
2991 2875 3336 2945 Ἐλευθέριος
3385 2870 3538 2937 οὗτος
3592 2877 3839 2939 σέϐεται,

2248 2967 2341 3019 καὶ
2383 2966 2553 3035 πυρὸς
2579 2967 2741 3019 αὐτὸν
2764 2966 3005 3018 δείκνυσι
3037 2968 3129 3018 καὶ
3161 2968 3338 3039 πάσης
3371 2966 3536 3036 ἄλλης
3561 2968 3838 3031 κολάσεως

2253 3057 2601 3127 ἰσχυρότερον
2627 3074 2641 3122 ;

576 3162 633 3206 et
669 3152 887 3205 conaris
919 3161 1137 3203 movere
1165 3162 1249 3213 ea,
1284 3161 1399 3215 qum
1431 3152 1558 3200 sunt
1591 3145 1921 3200 immobilia?
1955 3147 2137 3213 idque,
2178 3164 2300 3201 cum
2372 3149 2627 3205 didiceris
2670 3152 3033 3221 experientia,
3075 3152 3217 3222 quod
3295 3151 3471 3206 nullus
3516 3153 3739 3222 quidem
3773 3167 3840 3209 ex

578 3244 685 3299 tuis
724 3243 829 3297 diis
867 3249 1044 3311 potest
1075 3239 1237 3293 ullutn
1269 3253 1334 3291 ex
1368 3239 1455 3303 iis,
1486 3238 1578 3307 qui
1608 3238 1821 3303 adsunt,
1866 3238 1917 3291 in
1965 3237 2143 3307 ignem
2188 3240 2443 3307 injectum
2473 3256 2714 3296 servare.
2736 3242 2784 3297 Is
2814 3254 3019 3309 autem,
3046 3260 3205 3314 quem
3268 3245 3398 3300 colit
3460 3245 3840 3315 Eleutheriua,

579 3336 757 3392 reddit
786 3350 907 3390 eunt
939 3342 991 3387 et
1023 3334 1144 3403 igne
1186 3333 1543 3400 potentiorem
1575 3342 1629 3384 et
1662 3336 1852 3401 quovis
1886 3332 1989 3387 alio
2022 3334 2305 3404 supplicio.

650 3451 787 3505 Vlll.
822 3450 913 3504 His
949 3450 1027 3504 sic
1057 3449 1160 3502 dici
1195 3463 1297 3501 nou
1332 3457 1526 3517 potest,
1554 3459 1753 3517 quanta
1789 3451 1865 3503 ira
1902 3460 1956 3505 et
1987 3451 2143 3505 dictis

2324 3450 2404 3505 ΞΓ.
2438 3452 2663 3517 Τούτοις
2700 3453 2797 3508 ούκ
2832 3453 2979 3508 εστιν
3031 3456 3204 3511 εἰπεῖν
3234 3456 3366 3528 ὅσης
3391 3457 3559 3529 ὀργῆς
3608 3458 3708 3512 καὶ
3739 3478 3841 3529 μα-

578 3545 789 3599 insania
816 3544 1050 3610 repletus
1079 3540 1237 3593 fuerit
1270 3550 1548 3607 tyrannus.
1588 3540 1771 3595 Solent
1796 3543 1936 3594 enim
1962 3557 2146 3595 revera

576 3637 766 3689 valida:
824 3634 1073 3687 amicitia:
1128 3631 1332 3683 validas
1387 3647 1597 3697 quoque
1650 3632 1899 3685 similiter
1960 3646 2149 3698 parere

578 3727 917 3786 inimicitias.
972 3723 1129 3779 Unde
1182 3725 1345 3777 etiam
1382 3723 1535 3793 jubet
1591 3722 1900 3792 praefectum
1960 3726 2145 3777 eodem

577 3820 755 3891 puniri
792 3820 1025 3881 clibano,
1059 3831 1165 3885 quo
1212 3817 1325 3883 ipse
1363 3801 1730 3879 consuluerat,
1758 3827 1815 3866 ut
1866 3818 2147 3884 puniretur

578 3910 949 3965 Eleutlierius.
995 3907 1127 3963 Cum
1180 3921 1310 3975 ergo
1364 3907 1475 3974 jam
1528 3917 1981 3976 appropinquaret
2032 3915 2146 3959 tor-

579 4013 782 4066 mento,
831 4002 937 4054 Ora
998 4013 1096 4067 pro
1147 4012 1253 4063 me,
1309 3998 1564 4055 clamavit
1620 3998 1834 4055 Corebo
1897 4002 2143 4068 martyri,

577 4104 632 4148 et
665 4107 751 4149 me
783 4108 931 4146 arma
987 4092 1073 4145 his
1127 4093 1315 4155 armis,
1362 4106 1552 4159 nempe
1600 4092 1803 4147 Christi
1848 4093 2145 4159 signaculo,

577 4186 776 4254 quibus
805 4186 993 4238 ducem
1024 4181 1299 4237 exercitus
1336 4183 1555 4239 munisti
1588 4180 1841 4237 Felicem.
1880 4183 1971 4237 Sic
2018 4199 2145 4253 ergo

578 4277 786 4331 Corebo
837 4286 1076 4331 armatus
1122 4292 1150 4330 a
1203 4285 1466 4347 martyre,
1508 4285 1562 4331 et
1614 4278 1863 4345 protinus
1917 4275 2147 4343 injectus

578 4372 633 4424 in
664 4370 957 4432 clibannm,
995 4370 1107 4438 ipse
1142 4384 1358 4438 quoque
1403 4369 1601 4420 mansit
1646 4368 1896 4421 similiter
1925 4369 1991 4419 ab
2027 4368 2148 4436 igne

580 4478 686 4515 non
745 4470 1106 4531 expugnatus.
1164 4459 1437 4514 Adrianus
1492 4466 1673 4513 autem
1729 4458 1812 4511 his
1870 4459 2149 4512 tormentis

2252 3542 2369 3604 νίας
2396 3544 2641 3615 ἐπλήσθη
2672 3548 2699 3596 ό
2731 3547 2994 3615 τύραννος
3023 3564 3035 3577 ·
3066 3549 3292 3601 εἰώθασι
3346 3552 3453 3619 γάρ
3503 3553 3557 3603 αἱ
3619 3553 3842 3624 ἰσχυραὶ

2252 3634 2424 3701 φιλίαι
2460 3638 2686 3705 ἰσχυράς
2716 3636 2917 3706 ὁμοίως
2941 3638 3141 3709 ἔχθρας
3177 3643 3488 3710 ἅπογεννᾷν
3589 3643 3715 3697 ὅθεν
3751 3647 3844 3697 καὶ

2249 3728 2399 3798 αὐτῷ
2424 3728 2596 3799 τούτῳ
2624 3730 2834 3783 κελεύει
2891 3732 2967 3801 τῷ
3006 3732 3247 3802 κλιϐάνῳ
3297 3734 3687 3803 τιμωρηθῆναι
3749 3738 3844 3789 τὸν

2250 3821 2511 3889 ἔπαρχον,
2550 3816 2707 3890 ᾧπερ
2764 3822 2927 3883 αὐτὸς
2980 3823 3315 3892 κολασθῆναι
3364 3825 3455 3876 τὸν
3499 3826 3841 3898 Ἐλευθέριον

2250 3907 2655 3960 συνεϐούλευεν.
2693 3908 2780 3972 Ὠς
2805 3908 2859 3961 δὲ
2892 3911 2955 3979 τῇ
2992 3908 3209 3982 βασάνῳ
3251 3916 3648 3983 προσήγγισεν,
3671 3914 3843 3983 Εῦξαι

2250 3998 2387 4069 ὑπὲρ
2415 3998 2573 4069 ἐμοῦ,
2597 3998 2626 4051 ὁ
2658 4001 2927 4071 Κορέμων
2962 4003 3040 4073 τῷ
3066 4004 3306 4076 μάρτυρι
3332 4009 3619 4077 ἐπεϐόησε,
3650 4014 3751 4065 καὶ
3778 4015 3841 4083 τῇ

2247 4091 2341 4142 τοῦ
2382 4090 2623 4156 Χριστοῦ
2686 4109 2756 4161 με
2816 4094 3072 4162 σφραγῖδι
3127 4095 3474 4163 καθόπλισον,
3531 4094 3698 4170 ᾗκαὶ
3754 4104 3845 4154 τὸν

2254 4180 2633 4251 στρατηλάτην
2694 4183 3103 4254 περιετύχησας
3161 4185 3391 4257 Φιληκα.
3451 4188 3643 4255 Οὕτως
3684 4189 3845 4245 οὖνὸ

2252 4270 2517 4342 Κορέμων
2548 4272 2655 4325 ὑπὸ
2705 4273 2798 4326 τοῦ
2836 4275 3114 4346 μάρτυρος
3165 4276 3465 4345 όπλισθεὶς,
3508 4282 3601 4332 καὶ
3632 4281 3711 4350 τῷ
3744 4284 3846 4364 dp:

2249 4364 2401 4433 γὰνῳ
2432 4363 2677 4434 βληθεὶς,
2710 4364 2984 4425 ἀνάλωτος
3014 4370 3149 4435 πυρὶ
3185 4368 3278 4421 καὶ
3309 4370 3471 4432 αὐτὸς
3492 4365 3580 4440 ἦν.
3626 4363 3846 4443 ’Δδριαὲ

2251 4457 2336 4517 νὸς
2368 4457 2424 4509 δὲ
2454 4455 2521 4508 τὰ
2555 4454 2661 4507 τῶν
2698 4454 2951 4525 βασάνων
2988 4458 3331 4529 ἀπειρηκὼς,
3360 4459 3503 4530 ξίφει
3536 4463 3636 4531 τὴν
3666 4482 3847 4534 κεφα-

580 4550 845 4617 defessus,
878 4566 1001 4606 eum
1046 4550 1396 4616 c0udemnat,
1434 4561 1492 4604 ιιι
1526 4552 1573 4603 ei
1612 4556 1773 4620 caput
1821 4558 2145 4619 amputetur.

2250 4543 2347 4613 λὴν
2378 4544 2542 4596 αύτου
2597 4546 2943 4615 ἐκτμηθῆναι
2982 4547 3214 4602 κελεύει.
3272 4552 3382 4603 Καὶ
3430 4552 3704 4622 Κορέμων
3742 4557 3845 4625 μὲν

578 4643 646 4703 Et
681 4643 952 4697 Coreboni
1006 4641 1224 4708 quidem
1271 4642 1353 4693 sic
1398 4641 1637 4697 succedit
1688 4642 1811 4697 fluis
1851 4642 2094 4711 martyrii
2132 4659 2146 4695 :

577 4739 633 4784 et
689 4731 844 4800 quia
896 4730 1139 4785 multisa
1201 4731 1398 4786 saeculo
1433 4732 1807 4795 desideratur,
1860 4733 1945 4786 hic
2002 4735 2146 4787 brevi

2251 4631 2406 4699 οὗτος
2440 4630 2518 4689 ἐν’
2554 4637 2745 4707 βραχεῖ
2804 4638 2895 4691 τὸν
2928 4638 3139 4701 πολλοῖς
3171 4640 3230 4704 ἐξ
3272 4641 3466 4704 αἰῶνος
3496 4644 3843 4714 ποθουμενον

2249 4730 2467 4799 ἥρπασε
2527 4729 2824 4801 θησαυρόν.
2889 4727 2969 4782 Τὰ
3021 4729 3077 4783 δὲ
3110 4732 3250 4801 μετὰ
3306 4732 3482 4788 ταῦτα
3531 4737 3695 4804 τίνα;
3735 4743 3844 4793 Και

581 4830 822 4887 tempore
869 4821 1181 4874 thesaurum
1237 4821 1485 4891 arripuit.
1538 4822 1797 4891 Ourenam
1849 4838 1977 4875 vero
2027 4835 2145 4878 sunt

2270 4819 2605 4887 Ἐλευθέριος
2637 4820 2715 4889 τῷ
2742 4819 2982 4891 κλιὸάνῳ
3014 4822 3365 4893 ιμῦάλλεται,
3393 4827 3623 4891 καὶτοῖς
3653 4829 3839 4882 όὸελί·

577 4906 890 4965 Eleutberio
953 4922 1145 4979 postea
1222 4913 1555 4966 consecuta?
1630 4913 1870 4967 Primum
1930 4914 2150 4983 quidem

580 5000 695 5068 ipse
726 5000 777 5053 in
802 5001 1069 5055 clibauum
1095 5001 1407 5057 immittitur
1431 5021 1443 5055 :
1472 5004 1666 5059 deinde
1689 5007 1850 5059 etiam
1876 5008 2148 5075 obeliscis,

581 5099 641 5144 ut
672 5091 977 5156 videbatur,
1012 5094 1374 5164 transﬂgitur.
1410 5091 1477 5148 Et
1504 5097 1751 5151 clibanus
1782 5096 1998 5165 quidem
2030 5114 2150 5151 rur-

581 5194 701 5246 sus,
730 5182 872 5235 sicut
910 5186 1060 5253 prius
1110 5186 1474 5256 exstinguitur
1507 5204 1521 5241 :
1552 5199 1940 5244 convertuntur
1970 5199 2147 5244 autem

580 5274 825 5338 protinus
865 5276 1113 5343 cuspides
1149 5275 1535 5342 obeliscorum,
1583 5280 1978 5347 quodammodo
2020 5296 2139 5336 car-

581 5374 705 5415 nem
738 5362 1062 5417 honorautes
1088 5365 1363 5434 martyris,
1392 5378 1443 5419 et
1477 5368 1612 5439 ejus,
1638 5368 1726 5435 qui
1754 5368 1928 5434 punit,
1954 5369 2147 5422 anima:

582 5459 873 5518 arguentes
899 5455 1197 5508 caecitatem
1238 5472 1252 5507 :
1287 5457 1581 5525 quinetiam
1614 5458 1812 5510 inultos
1840 5473 1905 5510 ex
1936 5458 2023 5520 iis,
2056 5458 2149 5525 qui

582 5542 850 5608 astabant,
887 5546 1219 5600 attrahentes
1253 5550 1318 5601 ad
1362 5545 1456 5600 Dei
1486 5548 1872 5618 cognitionem,
1911 5550 2000 5617 qui
2038 5552 2151 5604 haec

2254 4925 2404 4971 σκοις
2462 4926 2520 4961 τε
2552 4912 2610 4963 τδ
2649 4910 2827 4965 δοκεῖν
2857 4915 3277 4985 περιπείρεται·
3339 4917 3455 4970 ἀλλ’
3479 4919 3641 4984 εὐθὺς
3672 4922 3703 4974 ό
3741 4923 3845 4992 μὲν

2251 5000 2504 5066 κλίϐανος
2538 5003 2845 5068 σσέννυται,
2880 5007 3204 5076 στρέφονται
3231 5007 3287 5062 δὲ
3331 5011 3499 5063 καὶαι
3528 5012 3635 5065 τῶν
3662 5013 3846 5067 ὀϐελί-

2251 5110 2398 5145 σκων
2456 5094 2653 5162 ἁκμαὶ,
2688 5097 2925 5165 τιμῶσαι
2983 5094 3173 5169 ὥσπερ
3208 5103 3417 5171 σάρκας
3462 5109 3842 5174 μαρτυρικὰς,

2250 5184 2345 5239 καὶ
2382 5186 2561 5256 ψυχῆς
2616 5187 2889 5256 τύφλωσιν
2955 5190 3281 5262 ὲλέγχουσαι
3339 5192 3433 5248 τοῦ
3491 5196 3843 5267 κολάζοντος,

2251 5277 2386 5331 ἀλλὰ
2433 5281 2527 5332 καὶ
2572 5281 2800 5346 πολλοὺς
2827 5284 2937 5337 τῶν
2972 5286 3343 5353 παρεστώτων
3398 5288 3478 5349 cl;
3533 5288 3841 5355 ἐπίγνωσιν

2256 5371 2391 5424 Θεοῦ
2422 5373 2515 5427 τοῦ
2554 5373 2726 5427 ταῦτα
2752 5377 3295 5447 θαυματουργοῦντος
3326 5380 3602 5441 ἓλ-κουσαι,
3636 5380 3685 5432 οἳ
3723 5384 3833 5448 καλε

2255 5463 2443 5531 Μέγας
2467 5466 2493 5516 ὁ
2515 5466 2644 5528 Θεὸς
2675 5467 2783 5519 τῶν
2816 5468 3179 5537 Χριστιανῶν,
3201 5471 3388 5537 ἐὸόων,
3421 5473 3449 5523 ό
3474 5471 3540 5529 δι’
3587 5471 3836 5524 Ἐλευθε-

2260 5558 2375 5624 ρίου
2417 5558 2548 5625 ἡμῖν
2578 5575 2647 5628 κη
2657 5560 2888 5629 ρυττόμε
2897 5576 3003 5623 νος.

581 5634 818 5691 faciebat
852 5635 1172 5695 miracula:
1225 5643 1318 5710 qui
1369 5644 1556 5710 etiam,
1634 5643 1862 5714 Magnus
1918 5658 2002 5700 est
2055 5645 2196 5703 Deus
2264 5650 2718 5719 Christianorum,
2766 5656 3095 5722 clamabant,
3140 5660 3230 5727 qui
3293 5659 3445 5713 nobis
3510 5659 3845 5728 pradicatur

582 5742 680 5798 per
714 5728 1103 5785 Eleutlteritnn.
