3972 6448
189 366 267 435 131
1373 366 1547 427 Vl’l‘A
1585 365 1644 425 S.
1689 363 2206 428 ELEUTHERU.

3320 367 3421 431 138

240 476 306 533 α.
331 470 489 538 Αὖθις
520 468 615 529 οὖν
640 474 849 546 ἀπορία
878 472 969 527 καὶ
1006 473 1067 527 λύ
1082 492 1149 544 κη
1206 474 1479 545 λαμιὰνει
1513 476 1604 529 τὸν
1643 474 1740 530 τύ-

1918 473 2009 529 lX.
2068 473 2282 529 Rursus
2334 487 2464 544 ergo
2495 481 2550 529 et
2586 473 2852 529 limitatio
2902 484 2956 528 et
3007 491 3234 549 magnus
3268 481 3424 538 dolor

188 585 365 641 ραννον,
396 563 491 620 καῖ
520 566 642 619 τότε
692 565 794 635 μὲν
819 568 883 636 τῇ
915 568 1127 636 φρουρᾷ
1153 570 1245 619 τὸν
1299 568 1555 637 μάρτυρα
1581 566 1738 621 δίδω-

187 679 271 724 σιν,
320 659 545 729 ὕστερον
585 659 643 712 δὲ
694 656 766 711 δι’
795 657 925 727 ὅλης
964 658 1180 730 ἡμέρας
1239 660 1572 731 σκεψαμένῳ
1604 658 1744 731 μετὰ

182 755 271 809 τῶν
304 754 387 806 ὑπ’
425 750 616 817 αὐτοῦ,
679 749 784 805 ποῦ
816 752 913 805 καὶ
960 750 1111 815 ὅπως
1155 752 1497 823 Ἐλευθέριος
1528 752 1744 826 ὑπόσχῃ

182 846 261 916 τὴν
282 845 564 916 τιμωρίαν,
599 844 768 909 εδοξε.
800 842 978 907 Τόπος
1005 843 1105 913 μὲν
1140 846 1167 913 ἡ
1201 846 1432 915 φρουρὰ,
1460 845 1662 914 τρόπος
1685 843 1745 898 δὲ

182 940 419 1000 οίκτιστος
458 939 489 991 6
543 935 631 989 διὰ
686 934 875 1006 λιμοῦ.
927 935 1138 1006 Συχνας
1196 931 1293 990 οὖν
1324 938 1540 1006 ἡμέρας
1592 940 1652 990 ὲν
1674 938 1741 1009 τῇ

180 1032 343 1101 ιιρκτῇ
370 1028 710 1082 ὲπυκτεύετο
740 1026 819 1098 τῷ
844 1027 991 1100 λιμῷ
1016 1045 1031 1059 -
1058 1028 1174 1081 ἀλλ’
1205 1030 1233 1082 6
1256 1026 1332 1099 τῷ
1363 1029 1565 1099 Δανιὴλ
1588 1044 1741 1097 ποτε,

181 1124 257 1175 καὶ
280 1120 350 1191 τῷ
378 1120 539 1193 Ἠλία
563 1121 709 1192 μετὰ
740 1120 939 1183 ταῦτα,
970 1120 1180 1193 τροφὴν
1231 1121 1321 1175 διὰ
1374 1122 1582 1191 πτηνοῦ
1612 1138 1744 1193 χορ-

182 1214 385 1280 ηγήσας,
410 1212 508 1265 καὶ
528 1210 719 1265 τοῦτον
745 1211 936 1281 τρέφει
957 1210 1044 1264 διὰ
1070 1213 1423 1281 περιστερᾶς.
1457 1212 1565 1266 Καὶ
1584 1214 1613 1265 6
1644 1211 1744 1283 μὲν

183 1306 472 1371 εὐχαρίστει
497 1300 638 1372 Θεῷ,
669 1301 752 1353 ὅτι
787 1302 893 1352 τῶν
922 1300 1053 1353 ἰσων
1086 1302 1197 1362 τοῖς
1245 1301 1506 1370 μεγάλοις
1532 1300 1743 1363 τούτοις

177 1391 372 1460 ἠξίωται
395 1406 406 1419 ⁶
438 1392 471 1444 ό
501 1392 558 1446 δὲ
590 1390 859 1462 τύραννος
885 1392 1176 1461 ὲμεμήνει,
1197 1390 1276 1457 ώς
1304 1390 1563 1454 ἀσθενοῦς
1595 1390 1745 1461 αύτῷ

179 1484 506 1563 ίλετκθέντος
547 1483 644 1538 τοῦ
716 1484 1148 1555 μηχανήματος·
1210 1483 1333 1537 ὅθεν
1392 1488 1484 1542 καὶ
1544 1484 1746 1549 ἵππους

178 1577 379 1648 ἀγρίους
408 1576 520 1630 ὑπὸ
546 1576 717 1645 ζυγὸν
754 1576 970 1629 κελεύει
1000 1574 1226 1643 δεθῆναι
1260 1578 1353 1628 καὶ
1382 1576 1471 1627 τὸν
1501 1576 1747 1631 Ἐλευθέ-

186 1685 301 1737 ριον,
325 1669 408 1723 ῐνα
434 1669 549 1722 τῶν
570 1669 755 1721 ἵππων
774 1668 999 1736 ἀμαθῶν
1022 1668 1196 1719 ὅντων
1214 1666 1382 1734 ζυγοῦ
1404 1668 1495 1720 καὶ
1512 1668 1741 1737 ἀγρίων,

184 1760 249 1828 τῷ
270 1762 427 1831 ῥοίζῳ
467 1777 529 1812 τε
560 1759 656 1811 τοῦ
693 1758 937 1829 ἅρματος
989 1758 1128 1822 ἄγαν
1170 1757 1624 1828 ἐκταραχθέντων
1651 1760 1744 1812 καὶ

1854 568 2068 624 invadit:
2137 576 2445 639 tyrannum.
2516 564 2584 621 Et
2648 576 2772 622 tunc
2832 567 3051 636 quidem
3132 582 3424 644 martyrem

1850 660 2024 715 tradit
2064 660 2116 715 In
2162 656 2465 714 custodiam
2499 673 2513 711 :
2555 668 2747 728 postea
2788 667 2969 714 autem
3001 659 3233 719 eximios
3260 679 3341 722 ει
3362 666 3429 721 iis

1844 750 1937 821 qui
1986 749 2036 805 ei
2101 748 2384 820 parebant,
2441 758 2770 804 convocatos
2824 759 3249 822 congregatzet
3299 770 3428 817 cum

1848 853 1961 898 toto
1989 842 2079 899 die
2110 841 2489 907 deliberasset,
2512 840 2601 896 ubi
2635 852 2695 896 et
2721 855 2957 911 quonam
2987 845 3145 900 modo
3172 844 3431 904 Eleuthe-

1848 935 1963 991 rius
2034 935 2245 992 subiret
2316 933 2692 1005 supplicium,
2755 934 2904 990 visus
2982 945 3067 992 est
3150 938 3201 993 ei
3278 937 3430 994 locns

1848 1028 2066 1100 quidem
2101 1042 2289 1083 carcer
2332 1043 2349 1081 :
2408 1027 2606 1082 modus
2658 1041 2791 1083 vero
2844 1026 3084 1084 maxime
3134 1030 3426 1087 miserabi-

1846 1119 1937 1188 lis,
1969 1134 2163 1190 nempe
2219 1134 2319 1189 per
2373 1117 2594 1174 (amem.
2658 1117 2728 1175 Et
2792 1130 3080 1190 postquam
3134 1120 3249 1178 hac
3312 1126 3429 1177 visa

1845 1222 1996 1288 sunt,
2057 1212 2257 1269 multos
2307 1211 2523 1280 quidem
2571 1210 2687 1266 dies
2736 1211 2791 1267 in
2847 1226 3073 1271 carcere
3134 1214 3435 1269 decertavit

1848 1316 1970 1356 cum
2052 1301 2213 1356 fame.
2287 1299 2393 1356 Sed
2450 1297 2543 1370 qui
2608 1297 2737 1353 olim
2812 1299 3019 1356 Danieli
3062 1300 3083 1332 '
3132 1313 3187 1355 et
3241 1301 3377 1360 Elite
3410 1302 3432 1332 ’

1849 1410 1943 1464 per
1994 1395 2266 1451 volucrem
2322 1394 2638 1451 alimentum
2702 1393 3086 1467 suppeditavit,
3123 1408 3247 1451 eum
3293 1411 3433 1467 quo—

1850 1502 1954 1558 que
1986 1488 2083 1541 alit
2116 1502 2211 1556 per
2241 1487 2573 1554 columbam,
2607 1495 2663 1542 et
2701 1485 2819 1555 ejus
2848 1485 3085 1539 animam
3114 1484 3302 1553 implet
3337 1487 3435 1539 bo-

1852 1579 1956 1632 nis.
2018 1578 2083 1631 Et
2150 1577 2239 1630 ille
2303 1578 2520 1647 quidem
2576 1576 2771 1648 agebat
2838 1574 3078 1646 gratias,
3136 1575 3278 1644 quod
3346 1574 3435 1632 his

1850 1670 2065 1739 magnis
2104 1669 2260 1724 bonis
2291 1670 2365 1723 sit
2413 1669 2612 1740 dignus
2664 1668 2883 1723 habitus
2912 1686 2927 1721 :
2958 1675 3227 1739 tyrannus
3253 1677 3436 1723 autem

1853 1764 2179 1828 insaniebat,
2207 1772 2263 1819 et
2294 1763 2435 1833 quod
2471 1774 2753 1819 ostensum
2783 1768 2931 1819 esset
2974 1762 3434 1819 machinationem

185 1851 502 1922 πλημμελῶς
534 1851 876 1921 φερομένων,
905 1854 930 1902 ὸ
954 1850 1165 1920 μάρτυς
1192 1849 1427 1919 πέτραις
1445 1851 1539 1903 καὶ
1568 1848 1742 1914 ἄλλοις

1852 1854 2019 1911 fuisse
2053 1854 2401 1923 imbecillam,
2425 1852 2760 1910 eﬂerabatur
2796 1873 2811 1911 :
2847 1865 2903 1910 et
2934 1853 3057 1910 ideo
3085 1869 3258 1925 equos
3287 1852 3438 1912 feros

186 1944 697 2014 προστρασσόμενος,
728 1943 829 2005 τὰς
860 1942 1068 2013 σάρκας
1088 1942 1426 2013 διασπασθῇ,
1462 1942 1555 1996 καὶ
1586 1944 1749 2014 μελη-

180 2037 610 2097 δδνγέιτακοπεὶς
657 2034 945 2105 ἀπορρήξῃ
991 2035 1089 2103 τὴν
1139 2035 1339 2104 ψυχήν.
1389 2035 1529 2086 Ἀλλ’
1558 2034 1747 2106 ὥσπερ

176 2130 354 2193 ίιεῖνος
400 2131 506 2181 οὐκ
564 2128 773 2197 ἔκαμνε
805 2127 873 2179 τὰ
933 2126 1070 2196 πρὸς
1119 2125 1423 2196 διαφθορὰν
1476 2126 1742 2197 ἐνεργῶν,

173 2223 322 2285 οὕτως
367 2223 492 2277 οὐδὲ
533 2221 771 2292 Χριστὸς
822 2221 889 2271 τὰ
924 2218 1059 2288 πρὸς
1110 2218 1386 2288 σωτηρίαν
1408 2218 1741 2288 οἰκονομῶνθ

174 2312 376 2379 ἄγγελος
428 2314 548 2382 γὰρ
580 2311 639 2377 se
687 2309 922 2379 ούρανοῦ
958 2306 1210 2370 ἐπιστὰς,
1236 2310 1361 2370 τοὺς
1390 2308 1617 2378 ἀγρίους
1651 2308 1745 2360 ἴπ-

174 2421 286 2467 πους
317 2403 563 2464 ἐκείνους
593 2402 838 2471 ἡμέρους
871 2400 1026 2466 ἄφνω
1054 2397 1252 2462 ἐποίει,
1290 2404 1386 2452 καὶ
1419 2399 1512 2451 τὸν
1557 2399 1746 2451 Ἐλευ-

174 2495 329 2565 θέριον
348 2496 548 2561 λύσας,
584 2492 900 2556 ιπιδιῦάζει
922 2490 999 2561 τῷ
1031 2492 1264 2561 ἅρματι,
1296 2489 1393 2543 καὶ
1430 2491 1566 2561 πρὸς
1597 2491 1655 2545 τὸ
1680 2493 1745 2563 τῇ

172 2590 301 2641 πόλει
357 2586 641 2655 γειτονοῦν
676 2585 804 2654 ὅρος
856 2584 981 2645 τοὺς
1033 2584 1236 2645 ἵππους
1275 2582 1483 2647 ίθύνας,
1521 2582 1747 2647 ἀλύπως

174 2679 252 2729 καὶ
297 2677 517 2745 ὁμαλῶς
572 2674 822 2727 ἀνελθεῖν
867 2673 960 2725 τὸν
1022 2671 1279 2741 μάρτυρι
1331 2671 1741 2743 παρεσκεύασε.

175 2770 499 2838 Προσγίνεται
529 2765 584 2820 δὲ
618 2766 798 2835 τούτῳ
823 2765 917 2818 καὶ
951 2763 1144 2835 ἔτερόν
1173 2781 1225 2815 τι
1259 2763 1365 2816 τῶν
1399 2764 1743 2832 παραδόξων.

185 2861 258 2914 Ἐν
283 2862 355 2931 τῷ
385 2861 501 2929 δρει
540 2860 658 2931 γὰρ
706 2858 1001 2928 γενομένου
1049 2855 1145 2910 τοῦ
1184 2856 1486 2927 μάρτυρος,
1524 2858 1617 2909 καὶ
1655 2858 1748 2909 τὸν

174 2954 285 3007 θεὸν
314 2953 560 3024 συνήθως
589 2950 897 3016 αἰνοῦντος,
929 2949 1126 3019 ἄρκτοι
1159 2949 1253 3002 καὶ
1292 2948 1530 3012 λέοντες,
1565 2949 1661 3001 καὶ
1693 2948 1751 3001 εῐ

175 3062 215 3096 τι
248 3046 363 3097 ἀλλο
408 3045 519 3096 τῶν
578 3042 877 3111 ἀνημέρων
929 3039 1140 3109 θηρίων
1198 3040 1613 3109 προσελθόντες,
1652 3059 1747 3095 κυ-

173 3132 333 3187 ιλοῦσί
363 3150 420 3187 τε
442 3134 539 3185 τδν
560 3130 661 3185 τοῦ
693 3128 832 3183 Θεοῦ
864 3128 1051 3183 δοῦλον
1077 3130 1172 3182 καὶ
1206 3130 1613 3199 περισαίνουσι,
1652 3133 1747 3185 καὶ

173 3220 243 3279 οἷα
267 3227 360 3297 τῆς
388 3227 610 3281 ἐκείνου
642 3222 894 3277 συνιέντα
928 3222 1135 3293 φωνῆς,
1165 3223 1520 3289 συνευλογεϊν
1547 3242 1605 3276 τε
1650 3228 1745 3281 καὶ

173 3323 468 3386 προσκυνεῖν
498 3318 791 3390 ὥρμηντο,
821 3316 912 3369 καὶ
944 3314 1104 3367 τοῦτο
1135 3313 1325 3384 ἐδήλου
1375 3317 1441 3385 τῇ
1494 3332 1552 3368 τε
1603 3316 1742 3386 πρὸς

172 3412 259 3482 γῆν
290 3415 487 3480 νεύσῃ,
519 3414 620 3467 καὶ
673 3413 739 3480 τῇ
770 3409 905 3476 πρδς
938 3408 1078 3478 ἀέρα
1128 3407 1236 3460 τῶν
1276 3406 1450 3461 ποδῶν
1481 3408 1739 3479 ὲπάρσει,

169 3507 249 3561 καὶ
270 3511 330 3577 τῇ
363 3506 498 3577 ἄλλῃ
531 3501 875 3557 διατυπώσει
908 3497 1003 3551 τοῦ
1032 3498 1310 3567 σώματος.

1851 1956 1905 2001 et
1937 1945 2160 2000 minime
2194 1956 2529 2007 mansuetos,
2561 1944 2644 1998 eis
2672 1943 2833 2015 longe
2867 1943 3087 2009 saevior,
3114 1942 3274 2013 jubet
3304 1943 3438 2013 jugo

1851 2039 2081 2109 alligari,
2113 2048 2167 2094 et
2207 2036 2288 2092 eis
2318 2037 2482 2093 etiam
2520 2034 2728 2104 alligari
2766 2035 3143 2091 Eleutherium
3176 2052 3190 2089 :
3224 2044 3281 2088 ut
3310 2050 3435 2090 cum

1849 2130 1996 2199 equi,
2027 2130 2115 2196 qui
2142 2128 2331 2195 jugum
2368 2125 2509 2180 ferre
2541 2141 2646 2179 non
2678 2126 3005 2191 didicerant,
3036 2136 3091 2179 et
3118 2135 3278 2179 erant
3306 2124 3438 2179 alio-

1849 2220 1940 2289 qui
1968 2218 2091 2285 fcri,
2128 2218 2359 2288 strepitu
2394 2232 2593 2272 currus
2626 2218 2782 2271 valde
2811 2225 2995 2271 essent
3032 2218 3355 2285 perturbati,
3380 2228 3438 2271 et

1852 2313 1957 2368 liuc
2010 2321 2064 2366 et
2114 2310 2242 2366 illuc
2291 2321 2495 2365 temere
2546 2308 2841 2376 ferrentur,
2882 2310 3131 2379 martyri.
3172 2310 3342 2377 petris
3382 2320 3437 2363 et

1852 2403 1973 2457 aliis
2022 2402 2197 2463 alliso,
2244 2401 2639 2455 divellerentur
2689 2410 2743 2453 et
2780 2401 3153 2453 lacerarentur
3185 2416 3377 2455 carnes
3414 2408 3435 2454 ἕ

1851 2507 1908 2551 ιιι
1945 2496 2025 2551 sic
2055 2494 2422 2567 particulatim
2450 2502 2504 2548 et
2535 2492 2881 2548 membratim
2906 2492 3187 2559 com-istis,
3214 2496 3437 2548 abrum-

1849 2596 2003 2658 peret
2043 2588 2303 2641 animam.
2352 2586 2459 2641 Sed
2517 2602 2617 2641 nee
2671 2588 2786 2641 haec
2834 2586 2882 2640 ei
2934 2597 3321 2655 processerunt
3367 2601 3435 2639 ex

1848 2677 2015 2732 animi
2043 2678 2348 2741 sententia;
2378 2677 2472 2729 sed
2513 2676 2787 2744 quomodo
2818 2675 2905 2728 ille
2952 2690 3058 2728 non
3099 2677 3346 2728 cessabat
3371 2687 3435 2728 ea

1850 2767 2089 2839 operari,
2121 2781 2241 2837 quae
2284 2766 2352 2820 ad
2387 2766 2493 2819 vim
2530 2764 2834 2819 faciendam
2887 2762 3253 2833 pertinebant,
3284 2774 3337 2819 et
3367 2766 3436 2819 ad

1851 2859 2186 2917 afferendum
2218 2859 2499 2915 interitum
2534 2878 2550 2917 ;
2592 2856 2676 2914 ita.
2720 2872 2818 2911 nec
2851 2856 3105 2912 Christus
3138 2873 3201 2912 ea
3254 2859 3437 2929 provi-

1849 2949 2001 3016 dere,
2035 2964 2157 3015 quze
2198 2948 2518 3017 spectabant
2560 2947 2627 2999 ad
2664 2946 2916 3000 salutem.
2961 2946 3199 3015 Angelus
3232 2947 3375 3001 enitn
3405 2963 3437 3003 ο

1849 3042 1992 3099 caelo
2020 3039 2337 3103 adveniens,
2370 3048 2423 3093 et
2454 3038 2599 3093 feros
2625 3037 2748 3093 illos
2784 3054 2955 3107 equos
2981 3049 3201 3107 repente
3249 3039 3436 3093 reddi-

1854 3137 1933 3192 dit
1967 3136 2125 3191 mites
2152 3144 2213 3189 et
2234 3142 2547 3189 mansuetos
2580 3149 2596 3187 :
2626 3139 2680 3186 et
2712 3146 2832 3185 cum
2880 3131 3132 3187 solvisset
3174 3130 3435 3187 Eleuthe-

1853 3230 2019 3293 rium,
2050 3240 2175 3281 eum
2209 3224 2450 3278 immittit
2480 3223 2535 3277 in
2580 3237 2802 3277 currum
2838 3240 2851 3277 :
2890 3232 2946 3277 et
2976 3239 3097 3278 cum
3144 3224 3441 3278 direxisset

1850 3330 2022 3386 equos
2081 3314 2148 3368 ad
2210 3323 2449 3375 montem
2524 3311 2761 3365 vicinum
2822 3312 3055 3377 civitati,
3111 3313 3320 3378 effecit,
3378 3320 3439 3367 ut

1850 3418 2060 3477 martyr
2092 3409 2413 3461 ascenderet
2447 3404 2647 3458 leniter
2684 3412 2737 3458 et
2768 3402 3002 3472 placide.
3033 3404 3092 3458 Ei
3126 3421 3254 3459 vero
3289 3407 3437 3461 aliud

1849 3515 2065 3573 quoque
2114 3494 2324 3551 accedit
2384 3494 2704 3549 admirabile
2745 3505 2798 3549 et
2850 3506 3043 3550 centra
3099 3499 3436 3567 opinionem.

172 3601 281 3655 Nam
308 3618 425 3657 enm
453 3602 537 3655 sic
564 3599 625 3652 in
656 3606 890 3650 montem
926 3595 1165 3649 venisset
1199 3601 1424 3663 martyr,
1488 3605 1543 3648 et
1617 3598 1815 3658 deinde
1856 3596 2121 3656 rationale
2205 3591 2555 3654 sacriﬁcium,
2630 3600 2947 3660 consuetam
3020 3593 3126 3646 Deo
3197 3593 3435 3660 laudem,

169 3694 501 3757 sacriﬁcaret,
538 3701 668 3761 quae
701 3689 933 3746 aderant
980 3687 1259 3754 animalia,
1292 3688 1403 3743 ursi
1434 3696 1489 3745 et
1550 3688 1761 3764 leones,
1804 3703 1859 3747 et
1900 3693 1943 3747 si
1982 3705 2102 3759 quae
2147 3699 2305 3740 erant
2350 3686 2468 3739 aliae
2536 3684 2687 3749 ferae,
2734 3688 3059 3746 accedentes
3094 3687 3441 3747 circumdant

171 3788 245 3845 Dei
282 3790 565 3853 famulum,
609 3796 669 3840 et
704 3786 754 3841 ei
794 3785 1147 3840 blandiuntur
1184 3804 1195 3839 :
1237 3796 1292 3841 et
1340 3788 1596 3858 tanqnan'l
1668 3788 1815 3846 illius
1857 3802 2043 3845 vocem
2091 3783 2483 3853 intelligentes,
2517 3778 2837 3834 benedicere
2872 3794 3157 3849 (ceperunt
3199 3792 3253 3835 et
3300 3783 3439 3836 ado-

170 3902 294 3953 rare,
323 3900 373 3941 et
408 3891 513 3942 hoc
563 3884 975 3952 signiﬁcabant,
1042 3883 1183 3951 quod
1257 3892 1310 3935 et
1357 3882 1409 3935 in
1462 3893 1667 3940 terram
1726 3895 2062 3949 annucrent,
2135 3892 2192 3937 et
2226 3894 2415 3936 rursus
2445 3878 2497 3932 in
2529 3890 2709 3931 aerem
2745 3873 2970 3946 pedibus
3000 3875 3349 3943 cﬂ‘errentur,
3380 3885 3439 3931 ct

167 3980 267 4035 aliis
291 3983 446 4034 ctiam
478 3980 735 4047 gestibus
759 3976 1027 4043 corporis.

222 4077 272 4132 I'.
313 4075 470 4131 Ἀλλὰ
511 4073 584 4124 τὰ
651 4071 753 4139 μὲν
790 4069 957 4139 θηρία
1006 4069 1150 4123 οὕτω
1193 4071 1293 4141 τὴν
1328 4071 1550 4143 χορείαν
1576 4070 1744 4142 ἔπλη-

168 4168 510 4238 ρουν,ὧσπερ
562 4161 901 4236 χορολέκτου
937 4163 1031 4214 καὶ
1075 4167 1470 4231 πρωτοστάτου
1509 4166 1745 4236 τυχόντα

167 4259 242 4313 τοῦ
286 4261 601 4331 μάρτυρος’
678 4252 958 4326 Ἀδριανὸς
1011 4250 1067 4305 δὲ
1101 4252 1201 4323 οὐχ
1253 4253 1333 4304 ὃτι
1371 4254 1587 4318 τούτου,
1628 4255 1744 4306 ἀλλ’

166 4351 265 4404 οὐδὲ
326 4353 432 4405 τῶν
483 4348 705 4421 θηρίων
762 4344 946 4400 αὐτῶν
1004 4345 1184 4417 ᾐδεῖτο
1230 4344 1329 4416 τὴν
1362 4343 1615 4398 σύνεσιν·
1664 4346 1744 4407 είς

166 4443 307 4516 ἀκοὴν
351 4442 460 4516 γὰρ
516 4442 757 4497 ἑκείνων
798 4439 991 4502 ἐλθὼν,
1062 4438 1343 4508 Ἀδριανὸς
1394 4434 1463 4510 ἦν
1503 4436 1737 4502 ὸαὺτδς,
1766 4478 1821 4538 D

168 4535 321 4604 ιο)λῷ
373 4538 468 4588 καὶ
521 4533 747 4603 θηρίων
797 4533 894 4583 καὶ
953 4530 1091 4581 ὄνων
1146 4530 1501 4600 ἀνοητότερός
1551 4549 1609 4585 τε
1644 4533 1739 4585 καλ⁸

166 4627 473 4698 ἀγριώτερος
496 4643 510 4655 ·
547 4625 615 4676 οὐ
667 4622 834 4693 μόνον
867 4620 975 4692 γὰρ
1030 4619 1259 4690 βελτίων
1312 4620 1466 4674 οὐδὲν
1506 4622 1615 4673 ἀπὸ
1648 4621 1742 4674 τοῦ

167 4719 413 4789 θαύματος
477 4718 743 4787 γέγονεν,
777 4713 915 4769 ἀλλὰ
964 4714 1059 4767 καὶ
1113 4711 1456 4784 στρατιώτας
1488 4713 1743 4784 ξιφήρεις

166 4812 372 4883 (mpm,
401 4813 607 4868 θᾶττον
646 4806 1093 4878 συλληψομένους
1142 4805 1233 4857 τὸν
1283 4804 1643 4877 Ἐλευθέριον,
1674 4802 1743 4857 τὰ

166 4905 210 4958 ἃ
231 4908 404 4974 θηρία,
441 4906 519 4965 ώς
562 4905 637 4957 ἂν
680 4899 928 4970 ἀκριὸώς
958 4900 1150 4960 εἰδότα,
1180 4898 1275 4951 καὶ
1324 4897 1511 4965 φίλους
1536 4898 1743 4969 κρίνειν

166 4993 242 5049 τοῦ
268 4996 469 5051 ἑαυτῶν
501 4992 784 5047 δεσπότου
816 4989 915 5042 καὶ
946 4989 1263 5059 πολεμίους,
1293 4987 1368 5051 ὡς
1406 4988 1567 5058 μόνον
1599 4986 1738 5043 εἶδον

165 5092 269 5150 τοὺς
298 5087 673 5161 στρατιώτας,
710 5082 924 5152 ταχέως
977 5081 1257 5151 ἐφέροντο,
1299 5079 1394 5132 καὶ
1442 5076 1640 5149 μικροῦ
1674 5078 1740 5132 ἂν

168 5180 240 5231 καὶ
266 5181 635 5235 διεσπάσαντο
665 5174 894 5249 τρύτους
922 5172 1117 5242 κέρασι
1149 5169 1243 5222 καὶ
1274 5168 1509 5233 ὀδοῦσιν,
1540 5170 1589 5219 εί
1614 5168 1689 5237 μὴ
1710 5168 1739 5221 6

170 5274 347 5344 pdpzu;
402 5276 519 5335 τοῖς
559 5270 667 5339 μὲν
701 5265 780 5327 ὡς
831 5264 959 5335 περί
1014 5274 1142 5315 τινα
1204 5262 1425 5330 χαλινὸν
1456 5260 1547 5313 τὸν
1582 5260 1740 5329 λόγον

168 5366 412 5434 ἐμϐαλὼν,
441 5365 573 5421 ὅθεν
604 5359 776 5433 ἦλθον
810 5357 1093 5411 ἐπανιέναι
1124 5356 1482 5426 προσέταττε,
1533 5355 1644 5416 τοῖς
1676 5352 1734 5406 δὲ

172 5460 502 5528 στρατιώταις
548 5456 730 5517 λύσας
782 5453 874 5506 τὸν
900 5448 1088 5520 φόϐον,
1121 5448 1221 5502 καὶ
1256 5448 1354 5518 τὴν
1389 5444 1508 5510 μεθ’
1550 5446 1733 5501 ὅπλων

172 5548 353 5605 lituum
380 5551 689 5609 ὀνειδίσας.
728 5545 804 5596 Οὐ
832 5544 943 5614 γὰρ
962 5542 1053 5595 ἐπί
1074 5557 1215 5604 τινα,
1252 5540 1441 5609 φησὶν,
1468 5535 1734 5609 ἀνδρόφο-

174 5644 295 5707 wall
323 5644 527 5716 λῃστὴν
557 5639 790 5712 ήλθιτε,
825 5632 920 5697 οὓς
955 5634 1060 5687 εδει
1093 5632 1326 5702 νεύματι
1358 5630 1504 5701 μόνῳ
1554 5630 1736 5701 σημή-

233 5789 251 5821 ⁸
273 5793 399 5846 Dan.
424 5804 536 5845 xiv.
619 5785 643 5817 ⁸
670 5782 741 5839 111
776 5781 911 5852 Reg.
942 5796 1073 5836 xvu.

465 5889 746 5945 PATBOL.
792 5885 908 5938 Un.
941 5879 1128 5938 C.\'\'.

1922 4064 1988 4123 x.
2034 4062 2142 4119 Sed
2192 4061 2275 4117 sic
2317 4060 2537 4131 quidem
2589 4058 2741 4124 fere,
2776 4058 3001 4127 perinde
3044 4073 3106 4111 ac
3143 4059 3187 4113 si
3230 4068 3435 4132 martyr

1846 4169 1994 4217 esset
2027 4156 2179 4213 cliori
2209 4154 2485 4208 iustitutor
2510 4160 2565 4205 et
2593 4152 2804 4217 ductor,
2830 4162 2883 4205 et
2914 4166 3035 4204 cum
3068 4150 3113 4205 is
3145 4151 3435 4220 incepisset

1846 4264 2064 4311 canere,
2096 4262 2173 4301 ea:
2206 4259 2424 4314 quoque
2464 4246 2722 4298 choream
2752 4243 3039 4311 implentes
3067 4244 3431 4298 circumsilie-

1848 4344 1978 4395 bant
2027 4348 2080 4393 et
2124 4337 2278 4408 quasi
2328 4335 2749 4405 respondebant,
2787 4342 2842 4386 et
2877 4334 3213 4403 magistrum,
3249 4337 3431 4406 quoad

1848 4432 1965 4502 ejus
1987 4431 2102 4487 ﬁeri
2121 4437 2354 4501 poterat,
2370 4430 2744 4498 sequebantur
2776 4426 3192 4480 admirabiliter.
3238 4428 3429 4483 Adria-

1851 4540 1951 4579 nns
1979 4536 2158 4579 autem
2180 4539 2283 4577 non
2309 4522 2484 4575 solum
2528 4520 2808 4588 martyris,
2844 4518 2936 4571 sed
2958 4535 3025 4571 ne
3044 4520 3282 4587 ipsarum
3309 4522 3433 4592 qni-

1846 4621 1967 4673 dem
2004 4616 2242 4670 ferarum
2278 4611 2625 4665 reverebatur
2656 4608 3067 4678 intelligentiam
3116 4627 3128 4661 :
3163 4612 3257 4665 sed
3303 4628 3426 4667 cum

1846 4715 1911 4762 ad
1967 4708 2089 4761 illas
2139 4703 2373 4757 venisset
2421 4700 2749 4765 audiendas,
2799 4713 2917 4757 erat
2967 4701 3111 4757 idem
3159 4704 3429 4761 Adrianus

1844 4800 2031 4855 multis
2063 4798 2225 4853 etiam
2264 4796 2396 4852 feris
2442 4805 2495 4851 et
2545 4795 2715 4851 asinis
2762 4795 3108 4865 insipientior
3135 4806 3189 4851 et
3234 4796 3429 4852 effera-

1848 4896 1973 4950 tior.
2013 4892 2163 4947 Multi
2220 4893 2390 4955 enim,
2432 4888 2628 4957 quibus
2678 4903 2827 4941 cura:
2871 4897 2989 4941 erat
3030 4889 3265 4953 venatio,
3302 4905 3431 4942 cum

1843 4989 1960 5044 haec
1995 4988 2111 5041 suis
2142 4987 2401 5039 vidissent
2428 4978 2625 5047 oculis,
2658 4979 3045 5034 renuntiarunt
3104 4980 3418 5051 imperaturi

1845 5081 1937 5135 sed
1970 5078 2061 5132 ille
2084 5084 2226 5144 erat,
2264 5085 2321 5129 ut
2352 5084 2435 5129 est
2467 5074 2522 5129 in
2558 5074 2865 5143 proverbio,
2896 5073 3083 5126 asinus
3123 5076 3189 5127 ad
3222 5074 3421 5144 lyram.

1846 5171 1963 5227 Non
1992 5170 2168 5225 solum
2200 5169 2343 5223 enim
2377 5166 2645 5222 miraculo
2689 5165 2827 5219 nihil
2868 5166 3045 5220 evasit
3084 5164 3299 5230 melior,
3329 5157 3430 5221 sed

1844 5263 2011 5319 etiam
2062 5270 2309 5317 armatos
2348 5261 2533 5314 emisit
2572 5258 2799 5321 milites,
2830 5272 2953 5310 mox
3005 5255 3428 5326 comprehensu-

1846 5371 1937 5411 ros
1986 5354 2381 5411 Eleutherium.
2418 5350 2570 5406 Fere
2620 5362 2807 5405 autem
2866 5362 2970 5402 non
3022 5349 3426 5405 conservabant

1846 5462 2032 5518 parem
2066 5447 2119 5501 in
2154 5446 2275 5502 illos
2317 5444 2719 5500 observantiam
2755 5459 2769 5497 :
2804 5442 2896 5497 sed
2925 5449 2983 5495 ut
3010 5455 3131 5510 qua:
3174 5448 3431 5495 accurate

1846 5543 2050 5596 scirent
2081 5541 2165 5595 sui
2207 5538 2415 5595 domini
2454 5538 2769 5594 discernere
2813 5534 3018 5590 amicos
3049 5541 3103 5587 et
3144 5532 3424 5594 inimicos.

1844 5647 1969 5689 cum
2011 5633 2245 5702 primum
2288 5633 2684 5695 eosviderunt,
2726 5628 3013 5684 celerrime
3056 5626 3111 5680 in
3156 5640 3249 5679 eos
3275 5625 3422 5680 tere-

2946 5867 2981 5927 5
