3972 6434
561 344 671 406 159

591 468 750 511 antur

555 460 750 515 bantur
798 474 810 509 :
858 463 912 511 st
961 468 1147 523 parum
1204 460 1394 521 abfuit,
1442 460 1572 523 quin
1622 467 1714 507 eos
1766 460 2127 520 discerperent

555 551 813 606 cornibus
863 558 917 604 et
973 546 1245 611 dentibus,
1305 545 1407 599 nisi
1482 555 1688 615 martyr
1750 545 1853 598 illis
1912 544 2129 614 quidem

564 646 819 714 tanquam
852 639 1007 696 freno
1038 639 1221 707 aliquo
1252 653 1358 692 non
1395 636 1737 706 aspectabili,
1776 636 1972 705 injecta
2003 652 2131 691 ora-

559 738 729 802 tione,
775 735 1030 803 iussisset
1079 747 1172 787 eas
1220 729 1419 786 reverli
1471 731 1612 785 unde
1661 740 1939 784 venerant.
1993 730 2129 784 Cum

552 828 821 885 militibus
852 841 982 879 vero
1028 835 1227 877 metum
1259 823 1534 887 solvisset,
1566 832 1620 876 et
1650 822 1741 891 qui
1792 837 1914 875 cmn
1959 821 2129 876 armis

1871 345 2153 406 MENSlS
2192 347 2503 408 APRILIS

798 474 810 509 :
858 463 912 511 st
961 468 1147 523 parum
1204 454 1394 521 abfuit,
1442 453 1572 523 quin
1622 467 1714 507 eos
1766 454 2127 520 discerperent

2240 472 2433 517 ναντας
2456 458 2545 508 τὸν
2573 458 2905 526 ζητούμενον
2932 459 3081 528 ιχιιν
3115 462 3399 531 ἑπόμενον.
3436 464 3621 529 οὕτως
3657 470 3822 520 εἰπὼν

3720 357 3819 420 160

2246 548 2540 618 προθύμως
2592 550 2879 618 ἠκολούθει
2906 568 2918 580 '
2958 553 3130 605 πολλά
3162 555 3218 606 δὲ
3256 556 3397 607 κατὰ
3441 553 3541 625 τῆν
3595 561 3823 627 πορείαν

2241 639 2451 701 τούτοις
2477 640 2886 711 διαλεγόμενος,
2913 645 3178 708 ἐπιεικῶς
3212 663 3267 698 τε
3307 648 3594 717 παραινῶν
3612 653 3716 717 ,καὶ
3745 651 3821 702 ὄι-

2240 730 2476 797 δάσκων,
2528 734 2739 799 πολλοῖς
2770 736 2952 789 αὐτῶν
2991 738 3052 790 τὸ
3078 740 3176 809 τῆς
3222 716 3487 809 ἀληθείας
3540 716 3822 812 “huc:

2241 842 2379 894 ςως.

552 923 772 978 Inerant
815 920 897 973 eis
942 920 1227 972 adventum
1274 917 1659 985 exprobrasset
1720 915 1918 983 (neque
1966 917 2113 969 enim
2179 916 2246 969 ad
2316 918 2643 985 parricidam
2679 919 2917 990 aliquem
2949 923 3168 980 venisse
3204 937 3296 981 aut
3366 928 3656 985 latronem,
3692 944 3823 996 quos

550 1015 858 1084 oportebat,
892 1028 1013 1065 cum
1051 1022 1184 1065 nutu
1226 1010 1400 1063 solum
1470 1010 1897 1079 signiﬁcassent,
1964 1019 2284 1078 sequentem
2339 1014 2543 1069 habere
2608 1032 2753 1080 cum,
2789 1018 2880 1086 qui
2927 1018 2996 1074 ab
3078 1021 3157 1073 eis
3191 1022 3499 1091 quaeritur),
3554 1024 3657 1077 hoc
3702 1039 3820 1076 cum

552 1108 804 1172 dixisset,
840 1107 964 1160 laeto
994 1114 1049 1160 et
1082 1104 1249 1160 alacri
1296 1104 1480 1158 animo
1549 1108 1907 1173 sequebatur,
1964 1104 2205 1158 multum
2263 1106 2543 1163 disserens
2597 1110 2652 1164 in
2708 1110 2903 1165 itinere
2949 1130 2961 1167 :
3015 1123 3070 1167 et
3127 1115 3171 1168 si
3223 1117 3358 1170 nihil
3417 1119 3586 1181 aliud,
3638 1121 3823 1173 dicens

548 1214 804 1276 oportere
835 1218 929 1257 eos
969 1203 1206 1256 revereri
1239 1202 1473 1255 ferarum
1508 1201 1945 1270 intelligentiam,
2009 1210 2066 1256 et
2135 1216 2200 1256 ex
2242 1202 2323 1257 eis
2374 1218 2571 1273 capere
2616 1217 2824 1261 certum
2875 1209 3183 1278 exemplum
3234 1214 3301 1264 ad
3349 1227 3497 1275 eum,
3534 1213 3628 1282 qui
3684 1213 3826 1282 ipsos

550 1299 778 1362 creavit,
836 1299 1265 1367 agnoscendum.
1326 1295 1531 1351 Deinde
1596 1298 1800 1364 optime
1864 1312 1989 1350 cum
2052 1296 2135 1350 eis
2212 1297 2470 1352 disseruit
2518 1302 2582 1355 de
2636 1317 2802 1372 regno
2855 1305 3113 1359 caelorum
3170 1316 3224 1361 ct
3273 1308 3575 1376 gehenna:
3647 1322 3702 1365 et
3751 1312 3828 1364 sic

550 1412 647 1467 per
684 1405 852 1450 totam
896 1394 1037 1448 viam
1070 1392 1461 1460 benignissime
1498 1391 1800 1447 admonens
1831 1400 1885 1446 et
1915 1393 2141 1458 docens,
2182 1399 2390 1447 tantam
2451 1395 2558 1449 vim
2598 1397 2805 1464 habuit,
2874 1410 2930 1454 ut
2982 1403 3168 1456 multis
3208 1418 3273 1457 ex
3317 1405 3400 1459 eis
3448 1409 3823 1473 persuaderet,

548 1493 920 1560 efﬁceretque,
978 1498 1038 1543 ut
1081 1492 1173 1542 lux
1225 1489 1471 1543 verttatis
1524 1488 1728 1542 luceret
1780 1488 1835 1542 in
1891 1486 2107 1543 illorum
2146 1490 2365 1546 animis.

621 1607 713 1662 XI.
744 1607 1035 1676 Postquam
1071 1618 1197 1658 vero
1222 1598 1445 1656 Romam
1478 1614 1864 1671 pervenerunt,
1896 1602 2133 1672 impera-
2172 1613 2215 1668 Β

551 1710 639 1755 tor
680 1699 864 1755 statim
920 1696 1214 1750 maximam
1253 1705 1518 1749 convocat
1565 1695 1910 1761 concionem,
1951 1694 2135 1749 volens

551 1794 756 1848 habere
814 1790 1082 1860 plurimos
1135 1795 1305 1841 testes
1362 1788 1617 1841 interitus
1671 1789 1945 1857 martyris.
1996 1786 2132 1840 Cum

554 1898 738 1943 autem
770 1885 995 1939 fuerunt
1038 1886 1219 1936 omnia
1260 1890 1478 1949 parata,
1507 1890 1559 1934 et
1592 1879 1852 1948 frequens
1882 1881 2134 1935 convenit

552 1983 805 2053 populus,
859 1994 1017 2034 secus
1069 1978 1272 2040 evenit,
1323 1991 1483 2045 quam
1542 1975 1767 2042 putabat
1815 1976 2129 2043 imperator.

553 2076 656 2141 Qui
690 2074 834 2127 enim
852 2074 1097 2133 aderant,
1124 2086 1230 2122 non
1263 2069 1515 2137 martyris
1531 2068 1844 2129 occisionis,
1864 2069 1954 2120 sed
1973 2066 2133 2119 Chri-

550 2171 644 2233 sti,
677 2182 797 2237 quae
829 2167 880 2219 in
915 2165 1031 2233 ipso
1059 2173 1199 2225 erat,
1235 2160 1451 2214 virtutis
1486 2159 1703 2213 fuerunt
1736 2157 1912 2229 potius
1944 2166 2131 2223 testes,

552 2259 701 2314 omni
742 2259 1069 2322 exceptione
1103 2256 1363 2321 majores.
1398 2252 1529 2305 Nam
1565 2252 1731 2307 leaena
1772 2252 1990 2321 quidem
2038 2252 2133 2303 atl-

552 2351 772 2405 modum
817 2363 957 2403 θωνα
1004 2348 1058 2400 in
1101 2361 1223 2400 eum
1276 2344 1589 2398 immittitur
1624 2362 1637 2398 :
1668 2360 1787 2414 qua:
1831 2344 2003 2398 instar
2040 2341 2132 2395 teli

550 2457 749 2512 magno
780 2442 982 2510 impetu
1023 2439 1185 2493 irruit
1214 2447 1267 2491 et
1294 2438 1359 2491 ad
1392 2447 1638 2490 sanetum
1668 2436 1902 2496 accedit,
1933 2450 2039 2487 non
2077 2442 2135 2487 ut

550 2532 922 2588 Eleutherium
948 2532 1306 2597 discerperet,
1334 2538 1428 2579 aut
1454 2526 1537 2579 vel
1567 2527 1763 2595 exiguo
1793 2541 1975 2579 morsu
2006 2541 2129 2579 eum

548 2626 850 2683 oﬂenderet
881 2641 896 2677 :
943 2623 1037 2679 sed
1083 2624 1260 2691 potius
1295 2631 1351 2674 ut
1390 2620 1534 2673 illius
1567 2624 1731 2689 pedes
1763 2634 1872 2687 prae
1924 2633 2124 2687 magna

547 2718 967 2787 amplecteretur
999 2711 1397 2767 benevolentia.
1428 2708 1580 2774 Quod
1614 2710 1831 2777 quidem
1877 2708 2003 2760 feeit
2038 2724 2129 2759 ae-

546 2824 796 2864 currens.
835 2806 1119 2860 lnclinavit
1155 2805 1300 2856 enim
1356 2803 1625 2855 cervicem
1675 2800 1793 2866 ejus
1839 2799 2064 2866 pedibus
2114 2812 2129 2849 :

547 2905 729 2972 lingua
761 2917 887 2954 vero
915 2897 1191 2951 lambebat
1216 2893 1336 2964 ejus
1365 2892 1595 2963 plantas.
1625 2888 1921 2945 Videbatur
1949 2902 2128 2944 autem

547 3011 690 3067 aegre
718 2993 889 3056 ferre,
925 2991 1065 3061 quod
1093 3004 1199 3043 non
1247 2989 1412 3041 etiam
1458 3001 1642 3040 voeem
1681 2986 1905 3038 haberet
1940 2985 2132 3037 huma-

550 3105 701 3150 nam,
730 3100 852 3154 qua:
887 3099 984 3151 pro
1014 3085 1215 3149 pietate
1242 3078 1559 3145 loqueretur
1583 3090 1706 3127 cum
1737 3081 1995 3143 martyre.
2027 3074 2132 3126 Sed

547 3194 650 3234 nec
674 3180 787 3231 haec
811 3175 1137 3244 persuadent
1166 3169 1501 3239 imperatori,
1526 3166 1617 3236 qui
1640 3175 1759 3219 erat
1782 3166 1917 3221 duro
1942 3168 2129 3231 conlo,

546 3272 687 3327 sicut
724 3280 777 3323 et
821 3269 908 3321 ille
954 3265 1187 3329 Pharao,
1226 3272 1281 3315 ut
1330 3263 1587 3329 pietatem
1635 3276 1699 3314 ex
1744 3258 1827 3314 eis
1861 3260 2129 3325 disceret;

545 3362 642 3416 sed
674 3372 730 3413 ut
759 3360 853 3426 qui
899 3358 1126 3410 bestiam
1168 3355 1479 3409 damnasset
1525 3351 1942 3415 imbecillitatis,
1986 3355 2130 3419 quod

547 3468 610 3507 ca
642 3462 787 3506 esset
820 3449 1039 3511 femina,
1065 3448 1219 3515 jubet
1250 3447 1415 3500 etiam
1450 3459 1657 3497 marem
1708 3444 1868 3496 simul
1908 3443 2129 3497 immitti

548 3544 607 3600 in
630 3540 1053 3612 martyremJlle
1080 3554 1205 3590 vero
1229 3540 1373 3589 velut
1396 3538 1733 3588 contendens
1754 3551 1876 3587 cum
1905 3537 2128 3600 femina,

551 3647 605 3691 et
635 3652 739 3689 non
776 3636 953 3686 minus
984 3629 1278 3685 benevolus
1316 3629 1504 3683 volens
1552 3628 1726 3681 videri
1761 3629 1810 3681 in
1842 3628 2127 3691 athletam,

550 3729 699 3783 illam
726 3726 943 3797 quidem
979 3723 1190 3792 repellit
1224 3739 1236 3775 :
1275 3722 1389 3791 ipse
1422 3732 1603 3775 autem
1637 3737 1934 3775 aecurrcns
1966 3727 2130 3791 pedes

552 3819 922 3890 amplectitur,
953 3818 1215 3877 adhaeret,
1252 3814 1462 3874 lambit,
1493 3811 1665 3871 exilit,
1699 3821 1875 3880 gestu,
1912 3823 2129 3876 aspectu

551 3921 609 3965 et
639 3920 783 3962 motu
804 3923 960 3961 suam
990 3904 1274 3957 annuntiat
1299 3902 1755 3957 benevolentiam.
1780 3899 1854 3956 Ex
1886 3898 1950 3956 iis
1984 3917 2128 3967 vero,

552 4000 645 4071 qui
676 4001 902 4053 aderant
945 4005 1000 4049 et
1044 3994 1157 4049 haec
1204 3992 1476 4057 videbant,
1526 3994 1617 4062 qui
1668 3994 1865 4047 animat
1910 3993 2127 4061 quidem

554 4094 727 4151 oculis
773 4101 1045 4155 utcunque
1088 4089 1459 4150 intuebantur,
1519 4089 1766 4151 promtus
1822 4085 2132 4138 clamabant

556 4198 808 4254 magnum
873 4194 993 4234 esse
1046 4177 1236 4244 Deum,
1290 4176 1383 4246 qui
1436 4176 1631 4229 colitur
1678 4176 1746 4231 ab
1793 4173 2127 4230 Eleutherio.

2313 1604 2413 1660 IA'.
2468 1608 2556 1671 Ὠς
2584 1610 2647 1663 δὲ
2705 1610 2803 1680 τὴν
2868 1612 3091 1684 Ῥώμην
3128 1615 3452 1683 κατέλαϐεν,
3503 1621 3531 1672 ὁ
3568 1618 3826 1689 βασιλεὺς

2237 1695 2465 1767 θέατρον
2498 1701 2753 1769 μέγιστον
2778 1709 3023 1774 συνιστᾷ,
3052 1708 3332 1776 μάρτυρας
3360 1712 3648 1774 πλείστους
3683 1712 3825 1781 ἔχειν

2238 1788 2559 1857 βουλόμενος
2585 1792 2685 1862 τῆς
2716 1794 2809 1846 τοῦ
2841 1799 3121 1869 μάρτυρος
3173 1800 3465 1864 ἀπωλείας.
3496 1805 3825 1855 Τοὺναντίον

2234 1880 2523 1951 δὲμᾶλλον
2575 1886 2858 1940 ἐπέὅαινεν
2902 1890 2933 1958 ἢ
2996 1890 3174 1943 ἐδόκει
3206 1892 3283 1962 τῷ
3333 1893 3581 1962 βασιλεῖ’
3632 1899 3683 1948 οἱ
3716 1899 3822 1966 γὰρ

2236 1974 2509 2043 παρόντες
2560 1978 2619 2029 οὐ
2654 1979 2753 2047 τῆς
2809 1980 2905 2032 τοῦ
2948 1983 3229 2053 μάρτυρος
3281 1986 3641 2055 ἀναιρέσεως,
3685 1989 3823 2041 ἀλλὰ

2235 2062 2334 2132 τῆς
2368 2066 2455 2117 ἐπ’
2484 2068 2634 2139 αὐτῷ
2662 2069 2946 2141 δυνάμεως
2974 2074 3068 2125 τοῦ
3109 2075 3351 2145 Χριστοῦ
3380 2078 3582 2146 μᾶλλον
3612 2082 3824 2150 μάρτυ-

2235 2171 2327 2225 ρες
2352 2152 2495 2226 ἦσαν
2533 2162 2785 2229 φανερῶς
2841 2164 3293 2232 ἀπαρὰγρατττοι.
3349 2169 3552 2219 Λέαινα
3589 2171 3691 2235 μὲν
3716 2173 3825 2237 γὰρ

2234 2247 2384 2315 αὑτῴ
2443 2252 2735 2317 ὲπαφίεται
2811 2252 2952 2305 πάνυ
3018 2255 3204 2324 ἀγρία,
3266 2258 3387 2325 ἥτις
3445 2257 3693 2327 σφοδρῶς
3729 2262 3827 2327 μὲν

2234 2338 2413 2391 ἔπεισι
2434 2340 2511 2409 τῷ
2555 2341 2741 2411 Ἀγίῳ,
2776 2345 2834 2396 οὐ
2871 2344 2978 2414 μὴν
3007 2345 3147 2398 ὥστε
3196 2347 3542 2415 λαφὺξασθαι
3585 2353 3617 2421 ἢ
3653 2354 3827 2422 ὀλίγῳ

2233 2430 2473 2499 δήγματι
2503 2433 2763 2502 λυπῆσαι,
2798 2436 2909 2487 ἀλλ’
2938 2437 3079 2491 ὥστε
3108 2440 3233 2501 τοὺς
3288 2443 3501 2494 ἐκείνου
3529 2444 3699 2506 πόδας
3736 2448 3826 2497 εὑ-

2235 2525 2430 2588 νοῖκῶς
2463 2527 2906 2597 περιπτύξασοαι
2931 2547 2945 2561 '
3005 2531 3183 2584 ἔκλινε
3216 2533 3315 2601 μὲν
3368 2536 3477 2605 γὰρ
3509 2537 3697 2600 αὐτοῖς
3737 2539 3827 2589 τὸν

2233 2616 2458 2685 αὐχένα,
2498 2617 2715 2681 ὑπένιξε
2774 2620 2831 2671 δὲ
2861 2624 2926 2690 τῇ
2956 2621 3175 2691 γλώττῃ
3208 2625 3275 2677 τὰ
3328 2625 3473 2695 ἴχνη,
3508 2637 3607 2680 και
3634 2628 3827 2699 ὥσπερ

2233 2706 2427 2774 ήχθετο
2443 2707 2523 2758 ὃτι
2546 2710 2619 2773 μὴ
2638 2710 2730 2759 καὶ
2753 2715 2935 2777 φωνην
2961 2712 3309 2780 ἀνθρωπεῖαν
3332 2714 3442 2785 εἶχε
3479 2721 3828 2786 συμφθεγγο-

2235 2797 2403 2867 μένην
2459 2797 2601 2868 ὑπὲρ
2638 2799 2918 2862 εὐσεϐείας
2973 2801 3050 2871 τῷ
3109 2808 3374 2875 μάρτυρι.
3432 2810 3507 2860 Οὐ
3555 2810 3613 2860 δὲ
3648 2811 3828 2863 ταῦτα

2236 2892 2485 2944 πείθουσι
2514 2891 2604 2944 τὸν
2628 2894 2770 2945 κατὰ
2794 2894 2885 2946 τὸν
2912 2894 3113 2965 Φαραὼ
3141 2898 3570 2968 σκληροκάρδιον
3590 2901 3829 2968 βασιλέα

2240 2984 2579 3053 μεταμαθεῖν
2638 2986 2735 3057 τὴν
2786 2988 3098 3053 εὐσέϐειαν,
3143 2990 3257 3044 ἀλλ’
3284 2992 3477 3062 ὥσπερ
3510 2993 3825 3060 ἀσθένειαν,

2236 3073 2317 3125 ὅτι
2371 3074 2528 3143 οῆλυ,
2584 3080 2889 3146 καταγνοὺς
2939 3074 3032 3134 τοῦ
3096 3083 3308 3154 θηρίου,
3369 3089 3460 3139 καὶ
3500 3089 3713 3159 ἄρρενα
3749 3090 3828 3159 τῷ

2238 3167 2475 3236 μάρτυρι
2508 3170 2877 3238 συναφεθῆναι
2905 3174 3119 3225 κελεύει
3148 3191 3163 3205 ·
3189 3179 3440 3237 κανεῖνος
3480 3182 3648 3231 oio/el.
3688 3185 3826 3251 πρὸς

2233 3259 2332 3327 τὴν
2356 3258 2578 3327 θηλειαν
2634 3262 3039 3328 ἁμιλλώμενος,
3101 3265 3402 3318 ἀπωθεῖται
3457 3270 3555 3336 μὲν
3589 3273 3825 3340 ταύτην,

2233 3347 2384 3412 οὗτος
2411 3352 2466 3403 δὲ
2498 3352 2575 3420 τῷ
2612 3352 2848 3420 μάρτυρι
2884 3355 3252 3424 προσδραμὼν
3278 3360 3677 3427 περιπλέκεται
3713 3367 3825 3426 τοῖς

2236 3442 2385 3502 ποσὶ,
2415 3440 2766 3510 περιφύεται,
2829 3444 3028 3510 σαίνει,
3083 3450 3303 3517 σκιρτᾷ,
3350 3451 3595 3519 σχήμασί
3634 3470 3693 3504 τε
3728 3455 3826 3507 καὶ

2235 3535 2487 3601 νεύμασι,
2523 3536 2613 3586 καὶ
2642 3538 2922 3603 κινήμασι,
2960 3540 3057 3608 τὴν
3084 3539 3298 3593 εὖνοιαν
3321 3543 3681 3611 ἀπαγγέλλει.
3701 3546 3825 3598 Τῶν

2234 3623 2291 3677 δὲ
2323 3624 2497 3677 ταῦτα
2526 3625 2854 3693 βλεπόντων,
2889 3630 2938 3679 οἱ
2975 3629 3076 3697 μὲν
3113 3632 3295 3696 ποσῶς
3316 3634 3547 3702 ὁρῶντες
3573 3640 3689 3699 τοῖς
3722 3640 3826 3706 τῆς

2232 3720 2411 3787 ψυχῆς
2470 3719 2789 3785 ὀφθαλμοῖς.
2851 3721 3011 3781 εὐθὺς
3080 3725 3249 3775 ἐῦἁων
3312 3728 3485 3792 μέγαν
3536 3723 3680 3780 εἶναι
3732 3734 3826 3780 τὸν

2248 3810 2589 3878 Ἐλευθερίου
2620 3811 2773 3874 Θεὸν,
2802 3811 2850 3861 oi
2885 3810 2939 3862 δὲ
2976 3813 3381 3880 τυφλώττοντες
3436 3817 3526 3868 διὰ
3562 3819 3664 3886 τὴν
3698 3823 3828 3872 ασί-

2236 3901 2411 3966 ϐειαν,
2444 3902 2640 3959 πλάνον
2677 3907 2769 3957 καὶ
2798 3908 3091 3973 φαρμακὸν
3126 3906 3214 3960 τὸν
3251 3908 3440 3976 Ἀγιον
3480 3913 3824 3970 ἀπεκάλουν.

2248 3998 2387 4051 Ἀλλ’
2419 4000 2770 4069 ἐμφραγῆναι
2797 4002 3011 4063 πάντως
3044 4002 3149 4055 ἔδει
3180 4008 3242 4058 τὰ
3278 4008 3427 4079 χείλη
3453 4011 3517 4063 τὰ
3542 4012 3716 4074 δόλια,
3748 4016 3827 4078 ὡς

2235 4089 2264 4140 ὁ
2293 4090 2434 4149 θεῖος
2466 4091 2569 4158 ἔφη
2600 4090 2780 4152 Δαυῖδ,
2810 4095 2876 4143 τὰ
2928 4094 3194 4148 λαλοῦντα
3254 4102 3394 4151 κατὰ
3447 4103 3540 4154 τοῦ
3598 4084 3825 4159 δικαίου

2238 4183 2488 4251 ἀνομίαν,
2529 4183 2586 4233 ἐν
2634 4182 3013 4258 ὑπερηφανείᾳ
3070 4189 3162 4240 καὶ
3224 4191 3592 4255 ὲξουδενώσει,
3626 4188 3827 4268 ὥσπερ

552 4273 793 4345 Quorum
825 4284 1005 4329 autem
1038 4272 1233 4325 mentis
1264 4270 1411 4324 visus
1437 4268 1777 4335 excutiebat,
1809 4270 1845 4323 ii
1877 4282 2126 4324 sanctum

2240 4276 2347 4346 ἄρα
2366 4278 2456 4328 καὶ
2483 4276 2890 4346 ἑνεφράγησαν,
2919 4282 3012 4331 καὶ
3034 4285 3129 4348 τὴν
3152 4283 3387 4351 ἐσχάτην
3418 4288 3630 4355 σιωπὴν
3656 4293 3826 4343 ὲσιώ.

553 4372 827 4424 vocabant
894 4366 1114 4435 planum
1173 4372 1230 4416 et
1299 4362 1623 4425 maleﬁcum,
1679 4365 1770 4432 qui
1830 4364 1942 4418 haec
2002 4364 2134 4418 solis

553 4460 846 4532 praestigiis
897 4454 1034 4511 falso
1084 4452 1317 4509 faciebat
1362 4468 1643 4521 apparere.
1693 4452 1800 4507 Sed
1849 4454 1963 4508 ﬁeri
2023 4471 2129 4510 non

2237 4385 2419 4438 πησαν
2442 4384 2455 4397 ·
2493 4368 2690 4435 μεταξὺ
2730 4369 2836 4435 γὰρ
2860 4369 2965 4421 τῶν
3000 4369 3171 4437 λόγων
3200 4374 3450 4441 ἀοράτως
3486 4378 3822 4449 πληγέντες,

2232 4462 2464 4513 θάνατον
2488 4457 2651 4521 εὐθὺς·
2687 4454 2843 4528 εὗρον
2877 4462 2943 4514 τὰ
2978 4463 3075 4531 τῆς
3114 4462 3471 4537 βλασφημίας
3504 4469 3785 4543 ἐπίχειρα.

553 4566 786 4629 poterat.
836 4556 894 4609 ut
944 4557 994 4608 in
1046 4552 1131 4607 his
1177 4550 1358 4606 divina
1387 4549 1957 4620 quiescerctjustitia;
2013 4557 2106 4609 sed

2240 4557 2431 4612 n'tebat
2481 4557 2700 4610 omnino
2770 4558 2978 4611 obstrui
3025 4560 3171 4613 labra
3222 4564 3430 4629 dolosa,
3501 4575 3560 4619 ut
3598 4569 3828 4624 divinus

555 4652 689 4709 dicit
731 4647 925 4710 David,
955 4659 1075 4713 qua
1106 4644 1366 4697 adversus
1430 4643 1638 4713 justum
1706 4642 2068 4712 loquebantur
2132 4646 2501 4721 iniquitatem.
2553 4650 2605 4702 in
2655 4650 2906 4718 Superbia
2978 4653 3186 4706 ευῖίίυει
3236 4665 3291 4707 ει
3334 4661 3747 4728 εοιιιθπιρίίοηε
3806 4681 3823 4718 ε

556 4745 699 4798 sicut
733 4739 895 4795 etiam
931 4735 1207 4792 obstructa
1242 4746 1392 4799 sunt,
1428 4747 1482 4789 et
1513 4735 1707 4788 ultimo
1738 4736 1940 4792 siluere
2006 4739 2246 4798 silentio.
2314 4742 2449 4796 Nam
2506 4742 2649 4795 inter
2720 4744 3047 4812 loquendum
3121 4747 3226 4801 ictu
3273 4751 3541 4817 percussi,
3580 4753 3674 4821 qui
3710 4768 3823 4807 non

557 4834 785 4894 cadebat
812 4830 916 4886 sub
956 4838 1258 4897 aspectum,
1293 4825 1540 4896 pr0tinus
1581 4826 1855 4896 accipiunt
1899 4841 2127 4882 mortem
2169 4835 2389 4899 praemia
2424 4832 2789 4901 blasphemiae.

628 4950 748 5008 ΧΠ.
803 4948 1025 5015 Iniquus
1055 4954 1237 4998 autem
1297 4944 1591 5011 imperator
1637 4944 1691 4998 in
1744 4957 2010 4999 summam
2045 4947 2139 4997 ad-

560 5044 758 5100 duetus
787 5037 1200 5101 dubitationem,
1234 5044 1520 5104 postquam
1556 5036 1689 5090 vidit
1719 5037 1903 5093 omnia
1940 5037 2136 5091 cedi-re

560 5137 817 5207 martyris
848 5129 1018 5187 menti
1044 5139 1101 5182 et
1146 5130 1357 5196 gratim,
1392 5144 1519 5183 eum
1551 5138 1729 5184 morte
1776 5129 2132 5193 condemnat,

563 5244 688 5302 qua
721 5225 902 5296 gladio
929 5224 1001 5278 sit
1026 5222 1079 5276 ei
1114 5219 1416 5275 aiferenda.
1446 5220 1581 5275 Nam
1604 5223 1863 5291 quoniam
1888 5224 2132 5294 martyrii

564 5331 765 5376 cursus
812 5329 926 5369 non
980 5323 1200 5384 poterat
1253 5311 1412 5365 aliter
1444 5312 1603 5366 tinem
1660 5315 1931 5383 accipere,
1957 5327 2009 5367 et
2038 5317 2127 5368 hic

562 5414 679 5481 ipse
701 5408 900 5464 athleta
936 5411 1123 5458 venire
1148 5408 1214 5458 ad
1240 5402 1539 5470 Christum,
1572 5419 1729 5475 quem
1766 5408 2131 5470 desiderabat,

562 5504 738 5573 ipsum
760 5499 1000 5569 quidem,
1020 5497 1109 5564 qui
1126 5506 1253 5552 sunt
1274 5493 1432 5562 hujus
1450 5499 1525 5548 rei
1550 5497 1807 5559 ministri,
1830 5498 2012 5565 gladio
2038 5500 2122 5552 in-

565 5593 839 5646 terimunt.
864 5587 1064 5641 Deinde
1086 5595 1310 5637 matrem
1334 5600 1545 5652 quoque
1563 5602 1682 5653 qua:
1705 5598 1819 5639 erat
1850 5588 1967 5654 ejus
1992 5587 2131 5641 οοιιο

560 5681 908 5743 circumfusa,
932 5690 986 5732 et
1014 5681 1058 5732 ei
1087 5679 1256 5747 magis
1286 5686 1447 5733 corde
1469 5694 1634 5745 quant
1659 5694 1753 5732 ore
1779 5682 2123 5735 adhtcrehat:

560 5772 691 5831 nihil
743 5780 918 5825 autem
959 5772 1225 5826 muliebre
1278 5779 1368 5823 aut
1422 5781 1723 5824 maternum
1773 5771 2123 5840 loquebatur,

2310 4948 2408 5003 IB'.
2447 4947 2506 5003 ⁸ο
2538 4950 2721 5019 μέντοι
2753 4950 3071 5021 παράνομος
3099 4952 3353 5022 βασιλεὺς
3379 4962 3491 5021 τοῖς
3521 4960 3666 5024 ὅλοις
3690 4966 3825 5019 ἀπο.

2239 5039 2445 5110 ρηθεῖς,
2481 5044 2603 5093 ἐπεὶ
2628 5043 2721 5093 καὶ
2746 5042 2921 5095 πάντα
2963 5044 3106 5114 ἐώρα
3130 5048 3228 5114 τῆς
3256 5051 3349 5100 τοῦ
3394 5051 3631 5123 ἀθλητοῦ
3666 5060 3817 5122 γνώ-

2239 5149 2347 5201 μης
2382 5132 2688 5201 ἡττώμενα,
2739 5136 2967 5190 Θάνατον
3018 5137 3184 5190 αὑτοῦ
3240 5144 3562 5214 κατακρίνει
3600 5147 3694 5200 τὸν
3730 5152 3821 5205 διὰ

2238 5226 2535 5295 μαχαίρας.
2570 5227 2739 5277 Αὐτὸν
2773 5228 2869 5295 μὲν
2896 5224 2988 5281 οὖν
3016 5230 3183 5287 εὐθὺς
3224 5234 3274 5284 οἱ
3330 5237 3467 5305 πρὸς
3502 5238 3667 5291 τουτο
3700 5242 3819 5297 δια-

2236 5316 2516 5379 κονοῦντες
2544 5318 2827 5386 ἀναιροῦσι
2871 5319 2946 5388 τῷ
2979 5321 3144 5387 ξίςςει,
3183 5325 3415 5379 Ἔπειτα
3450 5336 3540 5380 καὶ
3565 5334 3664 5398 τὴν
3708 5353 3817 5406 μη-

2235 5408 2369 5476 τέρα
2402 5410 2833 5478 περιπλακεῖσαν
2869 5414 3033 5465 αὑτοῦ
3056 5414 3133 5484 τῷ
3170 5419 3449 5488 τραχήλῳ,
3490 5426 3583 5473 και
3613 5432 3819 5495 καρδίᾳ

2239 5498 2486 5568 Pii-10"“.
2517 5500 2740 5566 στόματι
2764 5508 3299 5575 περιπτυτσομένην,
3331 5517 3641 5575 γυναικεῖον
3660 5485 3820 5569 esse;

2236 5591 2267 5659 ἢ
2295 5593 2558 5658 μητρικὸν
2587 5594 3077 5665 επιφῢεγγομένην,
3100 5602 3159 5651 οὐ
3194 5601 3236 5651 δ’
3268 5604 3484 5666 ἀνάξιόν
3526 5625 3573 5658 τ,
3600 5610 3816 5663 τοιςςίε

2235 5683 2445 5768 παιδὸς,
2483 5684 2619 5736 ἀλλὰ
2644 5690 2736 5738 καὶ
2772 5690 2881 5747 τοῖς
2908 5691 3116 5754 ἀγῶσιν
3141 5693 3303 5744 αὐτοῦ
3346 5696 3547 5761 μᾶλλον
3583 5702 3816 5771 φαιδρυ-

2234 5776 2486 5844 νομένην,
2519 5774 2761 5847 ἁνηλεως
2782 5781 2829 5831 οἱ
2870 5779 3149 5846 δυσσεϐεῖς
3184 5787 3451 5857 ἐχομένην
3492 5790 3585 5841 τοῦ
3620 5794 3813 5857 παιδὸς
