3972 6450
520 373 625 441 155

1815 392 2100 453 MENSIS
2140 398 2471 459 APRlLlS.

3663 406 3771 470 156

518 493 893 561 pbantasticos
935 493 1333 561 substitueret;
1368 500 1461 553 sed
1517 516 1545 553 a
1590 513 1826 573 martyre
1857 522 1959 559 non
1993 509 2090 561 mi-

2206 511 2437 578 γεγονός.
2466 512 2544 563 Δι’
2574 513 2637 580 ἣν
2668 514 2847 566 αἰτίαν
2881 517 2975 567 καὶ
3042 517 3359 571 Ἀθανάσιόν
3417 519 3491 588 (8)
3528 540 3650 576 τινα
3681 526 3771 587 εἰς

516 598 617 637 nus
655 582 772 636 falsi
804 586 1090 639 convictus
1143 596 1222 639 est
1256 603 1414 655 quam
1447 590 1535 656 qui
1581 590 1785 663 Moysis
1818 599 2092 653 miraculis

513 674 639 726 olim
702 675 1131 729 olitestareutur.
1189 676 1324 731 Hinc
1377 681 1529 735 multi
1586 686 1865 750 gentilium
1927 700 2086 757 atque

516 770 821 822 incantator
867 771 983 838 ipse
1019 771 1389 837 Athanasius,
1432 775 1698 828 idolorum
1740 778 1971 833 falsitate
2006 796 2087 834 re-

515 862 752 924 cognita,
783 860 941 912 almae
984 862 1205 926 pietatis
1246 864 1349 918 luci
1387 880 1446 918 se
1481 882 1602 918 eum
1642 867 1832 921 ﬁducia
1869 872 2087 925 dedide-

516 960 663 1002 runt.
702 950 803 1015 Qui
852 966 1043 1008 omnes
1079 971 1179 1007 una
1231 973 1352 1009 cum
1404 973 1468 1011 eo
1521 975 1678 1027 quem
1713 960 1976 1031 Georgius
2021 967 2086 1018 ad

513 1047 675 1093 vitam
708 1047 1015 1110 reduxerat,
1054 1058 1281 1114 tyranno
1306 1050 1549 1119 jubeute,
1605 1053 1798 1121 capitis
1848 1056 2085 1110 damnati

513 1142 663 1193 sunl,
694 1134 896 1187 Cltrisd
933 1138 1113 1204 sigillo
1144 1150 1301 1193 antea
1340 1142 1601 1211 insigniti.

2201 604 2363 672 μέσον
2392 605 2737 673 παραχθῆναι
2790 607 3022 669 κελεύει,
3070 608 3229 672 δόξαν
3271 610 3364 663 ’ὅτι
3421 612 3680 682 πλείστην
3703 617 3773 668 ὲκ

2196 695 2447 763 γοητείας
2492 696 2671 764 ἑαυτῷ
2716 699 3165 768 περιτιθέμενον,
3226 702 3555 771 ἀνατρέπειν
3623 706 3775 759 οὕτω

2195 789 2313 845 ταῖς
2341 786 2505 838 αὑτοῦ
2542 789 2863 854 φαντασίαις
2894 791 3235 858 πειρώμενον
3260 792 3357 861 τὴν
3392 795 3650 863 ἀλήθειαν
3671 814 3684 827 ·
3709 798 3773 860 δς

2196 878 2346 929 οὐδὲν
2371 872 2532 949 ἦττον
2555 879 2793 950 εὐχερῶς
2822 881 2925 932 ὑπὸ
2961 882 3053 933 τοῦ
3086 886 3361 953 μάρτυρος
3392 886 3703 956 διελέγχθη,
3734 890 3771 957 ῆ

2195 972 2242 1019 0i
2268 970 2344 1038 τῷ
2395 969 2619 1023 Μωῡσέἰ
2655 974 2920 1042 πρότερον
2949 974 3518 1046 ἁντιθαυματουργείν
3548 977 3772 1047 νομιζό-

2201 1078 2371 1129 μενοι.
2406 1064 2681 1133 Ταύτῃτοι
2706 1064 2803 1117 καὶ
2834 1064 3021 1119 πολλοὶ
3044 1065 3154 1118 τῶν
3190 1068 3482 1136 Ἑλλήνων,
3518 1068 3653 1121 ἀλλὰ
3678 1071 3778 1123 καὶ

2194 1153 2355 1216 αὐῑὺς
2390 1149 2568 1220 οὗτος,
2606 1159 2633 1209 ό
2662 1159 2761 1227 τὴν
2800 1158 3059 1227 γοητείαν
3112 1160 3245 1213 πολὺ
3294 1161 3635 1225 ’Δθανάσιος,
3670 1164 3778 1231 τῆς

514 1226 745 1280 εἰδώλων
777 1230 981 1299 πλάνης
1010 1234 1337 1301 ὲτοιμότατα
1375 1237 1758 1303 καταγνόντες,
1786 1238 1862 1307 τῷ
1893 1241 2087 1306 φέγγει
2124 1244 2219 1311 τῆς
2277 1247 2557 1311 εὐσεϐείας
2588 1250 2805 1317 θερμῶς
2836 1252 3211 1322 προσέδραμον
3237 1269 3253 1283 '
3280 1254 3350 1319 οἶ,
3407 1258 3501 1307 καὶ
3528 1271 3778 1325 προστα-

513 1323 607 1388 γὲν
640 1323 781 1378 οὑτω
837 1329 987 1396 παρὰ
1021 1329 1114 1381 τοῦ
1170 1332 1457 1400 τυράννου,
1489 1336 1587 1401 τὴν
1629 1335 1717 1388 διά
1769 1335 1957 1405 ξίφους
1991 1338 2235 1409 δέχονται
2288 1342 2540 1413 τελευτὴν
2582 1346 2677 1397 σὺν
2704 1345 2782 1415 τῷ
2820 1347 2884 1399 ὲκ
2909 1349 3115 1417 νεκρῶν
3145 1351 3461 1415 ἀναστάντι,
3503 1352 3773 1422 πρότερον

512 1416 611 1483 τὴν
630 1421 686 1469 ὲν
707 1421 924 1489 Χριστῷ
946 1424 1219 1491 σφραγῖδα
1255 1426 1407 1494 παρὰ
1433 1424 1527 1477 τοῦ
1569 1425 1754 1493 Ἀγίου
1778 1427 2085 1499 δεξάμενοι.

586 1512 707 1568 XX.
738 1513 1034 1571 Idololatrae
1070 1534 1229 1586 purro
1264 1520 1468 1573 immoti
1506 1521 1586 1574 his
1624 1522 1785 1577 rebus
1831 1524 1884 1577 in
1922 1540 2085 1580 sensu

513 1602 859 1659 abundabant
899 1623 1015 1671 suo,
1067 1620 1212 1663 artes
1261 1614 1431 1664 mulas
1462 1617 1786 1669 exercendo.
1826 1615 2082 1671 Miraculo

514 1698 660 1746 enim
693 1708 909 1763 peracto
948 1700 1173 1752 multum
1216 1700 1387 1753 abfuit
1416 1713 1471 1754 ut
1509 1706 1761 1771 pietatem
1794 1709 2088 1775 amplecte-

516 1800 724 1850 rentur,
762 1801 819 1842 ut
869 1802 1145 1845 auctorem
1196 1795 1441 1849 miraculi
1494 1811 1823 1865 Cognoscere
1857 1800 2083 1865 vellent;

514 1895 544 1930 e
576 1892 765 1933 contra
818 1883 1061 1936 veritatis
1104 1893 1428 1939 sectatorem
1478 1890 1714 1956 pessime
1760 1891 2087 1958 tractabant,

515 1969 571 2025 in
605 1986 875 2026 carcerem
912 1990 1097 2029 rursus
1127 1978 1484 2032 detrudendo.
1516 1980 1617 2035 Sed
1647 1979 1740 2035 Dei
1772 1996 1961 2037 osores
1987 1999 2090 2039 non

515 2064 745 2130 gratiam
780 2080 993 2134 quoque
1045 2070 1159 2120 viro
1208 2081 1397 2123 sancto
1435 2070 1760 2139 impertitam
1792 2088 1914 2126 cum
1974 2077 2093 2145 ipso

516 2155 928 2210 conclttserunt.
966 2157 1245 2213 Multitudo
1292 2162 1435 2213 enim
1488 2165 1821 2217 credentium
1856 2165 1927 2217 ibi
1966 2182 2094 2219 con-

515 2248 682 2312 venit,
709 2259 761 2301 et
796 2260 1019 2317 argento
1054 2252 1373 2305 custodibus
1407 2253 1590 2306 oblato
1620 2255 1668 2306 id
1706 2253 2004 2310 effecerunt
2037 2267 2095 2311 ut

514 2340 689 2392 sancti
747 2341 956 2393 vultum
999 2342 1324 2407 aspicerent,
1377 2345 1789 2415 gratiarumque
1838 2348 2095 2417 multipli-

514 2434 659 2485 cium
692 2431 795 2497 ipsi
817 2442 1096 2499 compotes
1122 2432 1331 2485 tierent.
1367 2434 1689 2504 Quicunque
1715 2438 1857 2490 enim
1889 2439 2092 2493 moibis

519 2522 851 2588 laborarent,
884 2540 914 2578 a
944 2528 1263 2595 propinquis
1293 2528 1355 2581 ad
1389 2531 1625 2585 carceris
1670 2530 1812 2586 fores
1856 2534 2092 2587 adduce-

473 2633 477 2637 ”
521 2616 739 2683 bantur,
780 2619 867 2671 ubi
909 2622 1195 2675 sanitatem
1238 2622 1597 2675 desideratam
1626 2626 2091 2691 adipiscebantur.

518 2705 665 2761 Inter
700 2724 832 2777 quos
855 2708 1140 2781 Glycerius
1171 2715 1407 2781 quidam.
1444 2729 1647 2783 pauper
1691 2719 1947 2779 rusticus,
1971 2732 2091 2770 eum

519 2798 617 2854 bos
645 2800 691 2852 ei
727 2802 871 2854 inter
893 2806 1154 2857 arandqu
1178 2806 1442 2870 periisset.
1472 2805 1537 2859 ad
1570 2816 1813 2861 sanctum
1842 2807 2091 2874 accessit,

519 2889 759 2959 fusisque
790 2894 1037 2959 plurimis
1073 2894 1327 2966 lacrymis
1360 2897 1649 2966 Geoi'giunt
1677 2900 1960 2965 permovit.
1988 2897 2093 2952 Sed

518 2985 607 3051 qui
640 2986 830 3051 apibus
875 3004 979 3041 non
1022 2989 1197 3051 dives,
1234 2991 1279 3042 is
1329 2990 1528 3059 pietate
1564 3006 1670 3043 non
1718 3006 1922 3059 pauper
1952 2998 2090 3055 erat,

520 3078 719 3145 quippe
751 3080 840 3146 qui
875 3082 1115 3132 animum
1154 3080 1383 3135 fertilem
1426 3092 1478 3135 et
1524 3082 1739 3151 pietatis
1782 3082 1974 3136 semini
2007 3095 2093 3134 re-

2269 1531 2348 1583 K'.
2382 1531 2441 1583 Οἱ
2463 1529 2519 1582 δὲ
2547 1526 2657 1581 τῶν
2681 1525 2916 1579 εἰδώλων
2943 1526 3275 1596 θεραπευταὶ
3308 1525 3598 1579 ἀσάλευτοι
3626 1520 3773 1596 μᾶλ-

2194 1623 2281 1675 λον
2340 1618 2482 1693 ἦσαν
2535 1622 2631 1674 καὶ
2686 1622 2840 1673 αὐτοὶ
2866 1619 3232 1691 διαφερόντως
3258 1620 3336 1681 είς
3377 1620 3575 1672 κακίαν
3600 1636 3615 1650 ’
3642 1619 3768 1673 δέον

2194 1716 2302 1783 γὰρ
2331 1714 2423 1766 τοῦ
2456 1710 2737 1781 θαύματος
2764 1712 3060 1779 γενομένου
3106 1710 3442 1779 μεταμαθεῖν
3480 1710 3578 1779 τὴν
3605 1711 3766 1762 εὐσέ-

2197 1806 2381 1857 ϐειαν·
2409 1804 2547 1868 δέον,
2600 1804 2681 1866 τίς
2710 1806 2737 1857 ό
2776 1803 2948 1855 ποιῶν
2974 1801 3170 1866 ταῦτα,
3208 1802 3421 1871 μαθεῖν.
3476 1804 3538 1854 Οἱ
3598 1802 3653 1854 δὲ
3702 1804 3767 1856 οὐ

2196 1895 2398 1955 γνῶναι
2432 1894 2631 1966 μᾶλλον
2655 1894 2903 1962 οὐδαμῶς
2938 1892 3230 1956 ἔσπευσαν,
3261 1892 3399 1945 ἀλλά
3429 1896 3521 1944 καὶ
3543 1893 3633 1943 τὸν
3665 1892 3773 1961 τῆς

2195 1987 2451 2058 ἀληθείας
2516 1987 2899 2057 προσκυνητὴν
2969 1985 3154 2048 κακῶς
3209 1984 3521 2055 ἠμείϐοντο,
3576 1985 3666 2036 καὶ
3700 1988 3772 2055 τῇ

2196 2081 2383 2151 εἱρκτῇ
2413 2080 2574 2132 πάλιν
2603 2080 2652 2131 oi
2681 2078 2955 2148 θεομισείς
2990 2078 3286 2130 ὲνέκλειον.
3327 2076 3471 2147 Πλὴν
3503 2075 3617 2130 ἀλλ’
3645 2077 3775 2145 οὐχὶ

2196 2173 2290 2223 καὶ
2322 2172 2419 2241 τὴν
2475 2172 2751 2238 ἑπομένην
2812 2168 2962 2237 αὐτῷ
3011 2170 3171 2237 χάριν
3206 2167 3474 2237 οὐμενοῦν
3528 2184 3778 2235 συγκατ-

2196 2257 2438 2308 έκλεισν*
2494 2259 2554 2308 τὸ
2592 2258 2698 2326 γάρ
2764 2255 2966 2325 πλῆθος
3014 2254 3123 2307 τῶν
3181 2260 3593 2310 πιστευσάντων
3654 2260 3781 2309 ἐκεῖ

2198 2347 2396 2409 συνιὸν,
2424 2347 2517 2398 καὶ
2551 2346 2678 2409 τοὺς
2702 2345 3069 2415 φυλάττοντας
3095 2342 3154 2399 εὖ
3186 2346 3581 2416 ὑπερχόμενον,
3608 2346 3779 2401 ὤνιόν

2194 2457 2251 2494 τε
2277 2440 2369 2493 καὶ⁵
2390 2440 2689 2509 χρημάτων
2713 2439 3027 2508 ποιούμενοι
3050 2439 3148 2507 τὴν
3184 2438 3278 2492 τοῦ
3316 2438 3593 2507 μάρτυρος
3621 2438 3775 2506 ὄψιν,

2196 2534 2511 2602 πολυτίμων
2549 2534 2703 2585 αὐτοὶ
2732 2532 2971 2602 χαρίτων
3018 2531 3261 2601 ἀτεχνῶς
3306 2529 3580 2583 ἀπέλαϐον
3608 2544 3622 2559 ·
3655 2530 3780 2583 ὅσοι

2196 2629 2302 2696 γὰρ
2330 2623 2470 2697 ἦσαν
2491 2624 2806 2693 ὁμιλοῦντες
2845 2623 3043 2684 νόσοις,
3068 2617 3214 2675 οὑτοι
3260 2623 3412 2690 παρὰ
3455 2621 3563 2673 τῶν
3599 2638 3778 2689 προσ-

2195 2721 2437 2785 ηκόντων
2484 2720 2564 2779 είς
2608 2718 2709 2787 τήν
2738 2715 2964 2785 εἱρκτὴν
3014 2714 3233 2781 ἤγοντο,
3291 2713 3384 2765 καὶ
3432 2708 3498 2784 ἧς
3562 2714 3783 2765 ἐδέοντο

2198 2810 2381 2876 ὑγείας
2416 2808 2476 2861 οὐ
2508 2809 2898 2877 διημάρτανον.
2936 2804 3070 2857 Μεθ’
3105 2798 3178 2856 ὧν
3220 2804 3315 2855 καὶ
3368 2803 3655 2873 Γλυκέριός
3688 2820 3781 2865 τις

2198 2905 2371 2970 πένης
2404 2901 2498 2952 καὶ
2550 2903 2829 2969 ἄγροικος,
2863 2901 2987 2970 ἄρτι
3024 2897 3115 2951 τοῦ
3165 2896 3283 2967 βοὸς
3314 2896 3467 2966 αὐτῷ
3518 2896 3647 2964 περὶ
3672 2896 3782 2960 τὴν

2197 2994 2387 3064 ἄροσιν
2427 2993 2704 3055 πεσόντος,
2731 2993 3010 3063 προελθὼν
3053 2994 3257 3053 ἐκεῖνος
3284 2989 3361 3059 τῷ
3392 2992 3652 3059 μάρτυρι,
3680 2991 3784 3040 καὶ

2196 3089 2409 3159 δάκρυα
2455 3088 2602 3152 δοὺς,
2646 3089 2790 3157 ἀπερ
2821 3082 2933 3155 εἶχε
2967 3086 3061 3138 καὶ
3108 3078 3187 3146 οἷς
3228 3084 3318 3135 τὸν
3353 3083 3542 3148 ’Δγιον
3573 3082 3784 3147 μᾶλλον

520 3169 769 3244 eipieudo
795 3178 977 3239 aptum
1014 3175 1236 3241 gerebat
1268 3174 1571 3246 (dictitabat
1607 3177 1775 3239 enim,
1822 3174 2095 3230 Christum

2206 3182 2623 3252 καμφθήσεσθαι
2656 3181 2904 3251 ἤλπισεν,
2935 3173 3055 3229 εἶτα.
3086 3178 3179 3228 καὶ
3209 3177 3337 3243 περὶ
3374 3174 3473 3244 τὴν
3495 3172 3785 3225 εὐσέϐειαν

522 3259 637 3314 Ιπεό
663 3260 840 3315 facere
880 3280 1037 3332 posse
1072 3277 1257 3332 utpote
1285 3267 1458 3321 solum
1491 3285 1676 3323 verum
1708 3270 1921 3339 Deum).
1955 3270 2099 3324 Dixit

524 3352 591 3404 ei'
640 3354 807 3420 igitur
859 3360 942 3409 vir
994 3369 1213 3414 sanctus
1272 3374 1287 3412 :
1350 3361 1405 3415 Si
1455 3365 1652 3429 credis,
1712 3365 1900 3418 bovem
1951 3372 2099 3417 tuum

521 3443 701 3498 vivum
734 3450 995 3517 reperies.

2204 3278 2264 3328 οὑ
2298 3275 2465 3344 πένης
2512 3276 2831 3341 ἀναφανεὶς,
2876 3268 3011 3321 ἀλλὰ
3043 3267 3220 3337 ψυχὴν
3251 3266 3391 3334 ἔχων
3442 3264 3650 3330 εὔγειον
3680 3268 3786 3316 καὶ

2210 3370 2499 3435 σπέρματα
2522 3364 2775 3425 δέξασθαι
2797 3362 2890 3429 τῆς
2910 3360 3190 3420 εὐσεϐείας
3211 3356 3523 3425 ἐπιτηδείαν
3553 3354 3793 3425 (εἴρηκε.

2209 3462 2319 3531 γὰρ
2346 3458 2620 3513 πιστεύειν
2644 3457 2904 3509 δύνασθαι
2957 3454 3130 3509 ταῦτα
3187 3453 3277 3506 τὸν
3310 3453 3545 3522 Χριστὸν
3582 3452 3783 3513 ποιεῖν,

520 3545 617 3594 καὶ
649 3543 810 3597 αὐτὸν
846 3542 987 3599 εἶναι
1025 3548 1186 3617 μόνον
1245 3551 1420 3622 ἀληθῆ
1464 3554 1632 3623 Θεόν)
1662 3574 1676 3587 ο
1707 3556 1879 3621 οὑτως
1912 3559 2116 3624 ἐκεῖνος
2174 3558 2336 3630 ἔχων,
2367 3558 2533 3630 ήκουε
2564 3554 2716 3627 παρὰ
2746 3551 2838 3606 τοῦ
2873 3552 3062 3621 Ἀγίου
3090 3569 3101 3582 ·
3156 3551 3214 3602 El
3269 3548 3570 3611 πιστεύεις,
3616 3546 3791 3599 ἀπελ-

522 3635 631 3689 θὼν
660 3640 916 3709 εὑρήσεις
947 3642 1125 3706 ζῶντα
1165 3645 1256 3698 τὸν
1292 3646 1440 3700 Βοῦν.

594 3730 734 3787 XXI.
788 3734 853 3787 Et
905 3750 1024 3791 cum
1078 3753 1268 3795 revera
1323 3744 1654 3811 reperiisset,
1702 3748 1807 3800 rittt
1865 3748 2094 3805 Judaico

528 3834 862 3894 contempto,
915 3828 1184 3884 Samarita
1246 3834 1305 3886 lit
1337 3844 1391 3887 et
1431 3836 1770 3907 tlterapeuta,
1817 3842 1907 3907 qui
1961 3841 2101 3897 inter

523 3918 763 3969 eundum
810 3920 915 3973 Deo
940 3928 1141 3987 gratias
1166 3925 1376 3979 dicebat
1407 3937 1456 3981 et
1500 3928 1654 3984 ﬁdem
1692 3941 1933 3985 sanctam
1972 3948 2101 4002 pro-

525 4012 775 4079 pagabat.
831 4011 1037 4066 Idcirco
1064 4015 1174 4084 jam
1219 4032 1350 4083 non,
1391 4028 1446 4071 ut
1482 4032 1662 4082 antea,
1696 4022 1747 4073 in
1784 4032 2103 4091 paupertate

522 4103 679 4165 vivit,
715 4108 807 4156 sed
839 4106 1042 4159 divitia:
1084 4111 1184 4175 ipsi
1226 4125 1435 4179 magna:
1476 4122 1531 4165 et
1563 4111 1937 4167 iualieuabiles
1968 4129 2099 4167 con-

523 4197 814 4251 ceduntur.
872 4195 989 4252 Non
1038 4200 1180 4253 enim
1250 4218 1543 4270 paucorum
1598 4204 1851 4274 iugerum
1947 4216 2103 4260 terrae

531 4287 785 4342 dominus
811 4302 950 4355 erat,
1002 4294 1095 4343 sed
1142 4308 1359 4345 onmem
1412 4300 1720 4361 paradisum
1754 4301 2100 4367 possidebat;

528 4380 582 4435 id
614 4394 794 4435 autem
847 4389 1139 4450 quomodo,
1173 4386 1321 4439 audi.
1368 4386 1587 4457 Martyri
1645 4390 1735 4458 qui
1782 4405 1847 4445 ex
1884 4404 2103 4445 carcere

529 4478 903 4532 rchrtebatur
946 4479 1091 4533 obvii
1143 4481 1268 4534 facti
1311 4484 1755 4549 praevaricatores
1788 4485 1960 4553 impii,
2006 4500 2100 4539 eoo

2273 3754 2408 3804 ΚΝ.
2451 3748 2604 3799 Ἐπεὶ
2639 3740 2732 3797 οὖν
2763 3744 2859 3795 καὶ
2893 3739 3146 3793 ἀπελθὼν
3182 3736 3355 3798 οὑτως
3386 3728 3536 3805 εὗρε,
3587 3733 3647 3786 τὸ
3671 3735 3788 3789 τῶν

2218 3842 2491 3900 Ἰουδαίων
2523 3842 2758 3910 μισήσας
2783 3836 2881 3909 (9),
2907 3833 3255 3903 Σαμαρείτης
3275 3834 3331 3882 ὲν
3356 3830 3529 3897 τούτῳ
3553 3828 3796 3897 γίνεται,

2206 3942 2299 3993 καὶ
2351 3941 2488 4008 πρὸς
2528 3938 2617 3991 τὸν
2670 3932 3016 4005 θεραπευτὴν
3071 3930 3473 3997 ἐπανέρχεταιο
3536 3927 3627 3980 καὶ
3656 3928 3797 3990 τοὺς

2211 4030 2309 4099 μὲν
2344 4029 2511 4087 πόδας
2540 4030 2572 4095 η
2608 4024 2805 4091 πορεία
2834 4019 2970 4090 εἶχε,
2999 4020 3067 4071 τὰ
3093 4020 3245 4087 χείλη
3277 4018 3333 4069 δὲ
3373 4018 3405 4084 ἡ
3437 4015 3794 4083 εὐχαριστία,

2206 4122 2355 4190 καὶὴ
2408 4120 2506 4190 τῆς
2561 4116 2746 4184 ὑγιοῦς
2808 4114 3043 4175 πίστεως
3078 4108 3434 4181 ἀνακήρυξις.
3484 4107 3583 4161 Διά
3611 4105 3792 4161 ταῦτα

2204 4212 2336 4282 γοῦν
2360 4210 2480 4265 οὐδὲ
2508 4210 2752 4278 ἀφίεται,
2775 4209 2850 4271 ὡς
2878 4208 2939 4259 τὸ
2964 4206 3229 4276 πρότερον
3259 4206 3359 4274 τὴν
3390 4203 3581 4255 πενίαν
3605 4198 3795 4252 σύνοι-

2208 4322 2301 4355 κον
2332 4302 2499 4371 ἔχειν,
2526 4301 2661 4351 ἀλλὰ
2704 4299 2936 4359 πλοῦτος
2971 4296 3123 4365 αὐτῷ
3175 4294 3376 4347 δίδοται
3406 4292 3573 4354 πολύς
3602 4308 3659 4342 τε
3689 4295 3793 4346 καὶ

2208 4392 2402 4454 ἄσυλος
2424 4407 2437 4421 ·
2466 4391 2559 4443 καὶ
2606 4392 2714 4459 γάρ
2747 4388 2930 4441 οὐκέτι
2955 4387 3203 4455 πλέθρων
3231 4385 3428 4452 ὀλίγων
3462 4383 3565 4452 γῆς
3599 4382 3796 4452 κύριος

2204 4480 2295 4555 ἦν,
2328 4484 2441 4538 ἀλλ’
2470 4483 2587 4536 ὅλον
2626 4482 2956 4551 κληρονομεῖ
2983 4480 3072 4531 τὸν
3106 4478 3440 4547 παράδεισον
3462 4493 3474 4507 ο
3503 4478 3596 4529 καὶ
3614 4476 3793 4542 ὅπως,

528 4568 677 4638 gnito
714 4579 917 4635 quanto
939 4572 1118 4622 studio
1150 4576 1309 4623 rebus
1342 4572 1666 4627 Christianis
1696 4573 1923 4641 faveret,
1951 4593 2095 4630 nomo

2209 4577 2324 4645 ι’ὐρα
2358 4574 2571 4646 μαθεῖν.
2614 4572 2998 4626 Ἐπανελθόντι
3024 4572 3122 4638 τῆς
3153 4569 3375 4639 εἱρκτῆς
3404 4568 3498 4620 καὶ
3519 4567 3610 4618 τοῦ
3641 4567 3794 4637 μάρὶ.

530 4664 855 4728 prehensum
908 4674 1029 4713 eum
1080 4661 1145 4714 ad
1194 4661 1581 4733 imperatorem
1638 4664 1874 4731 ducunt;
1911 4669 2004 4735 qui
2039 4683 2104 4723 ne

528 4752 688 4806 solita
719 4752 936 4819 quidem
968 4754 1390 4822 interrogatione
1418 4772 1541 4811 euut
1565 4746 1817 4826 dignatus
1847 4766 1899 4811 et
1925 4772 2101 4812 rerum

530 4846 862 4899 tnutalarutn
921 4860 1141 4900 cau5am
1203 4849 1561 4917 investigandi
1598 4852 1817 4905 minime
1850 4852 2102 4918 cupidus,

531 4939 648 4992 solo
692 4940 904 4989 aurium
943 4938 1145 5003 judicio
1174 4937 1337 4993 tinent
1366 4954 1546 4994 causa!
1588 4941 1863 5009 imponere
1902 4943 2101 5013 gestie-

530 5028 659 5094 bat;
694 5043 827 5082 ense
868 5028 1011 5081 enim
1060 5040 1304 5083 sanctum
1361 5032 1506 5085 brevi
1554 5042 1675 5101 post
1724 5033 1882 5100 plceti
1920 5034 2103 5104 jussit.

538 5122 629 5173 Sic
660 5121 824 5191 igitur
855 5122 1015 5174 vitam
1044 5122 1216 5173 tinivit
1249 5133 1562 5189 paupertate
1587 5124 1896 5193 gloriOSam,
1930 5136 2105 5181 murto

532 5223 851 5267 cancrorum
878 5214 1422 5284 :xmulationedigua,
1452 5217 1668 5285 proprio
1708 5232 1806 5271 suo
1834 5219 2095 5285 sanguine

530 5304 859 5375 baptizatus.

2213 4683 2393 4737 τυρός,
2436 4664 2751 4732 ἐντυχόντες
2778 4664 2828 4716 οί
2854 4664 2953 4731 τῆς
2979 4661 3238 4719 ἀσεϐείας
3273 4660 3535 4727 ὑπουργοὶ
3567 4657 3797 4724 δραστι-

2212 4761 2465 4824 κώτατοι,
2507 4762 2600 4813 καὶ
2659 4758 2920 4829 μαθόντες
2958 4756 3104 4816 ὅπως
3142 4751 3209 4804 τὰ
3242 4747 3589 4821 Χριστιανῶν
3620 4749 3795 4818 ἐπρέ-

2213 4853 2371 4905 σϐευέ
2430 4870 2489 4905 τε
2548 4854 2641 4904 καὶ
2694 4850 2999 4918 διαρρήδην
3050 4848 3320 4913 ἐκήρυττε
3353 4885 3368 4908 ,
3428 4841 3791 4906 συλλαϐόντες

2210 4946 2401 5011 ἄγουσι
2432 4944 2567 5013 προς
2591 4942 2681 4993 τὸν
2719 4939 2946 5009 βασιλέα
2968 4955 2979 4967 ’
3020 4941 3111 4990 καὶ
3136 4938 3217 4997 ὃς,
3251 4935 3369 4986 οὐδὲ
3392 4934 3491 5001 τῆς
3526 4933 3793 5001 συνήθους

2212 5038 2535 5105 ἐρωτήσεως
2590 5034 2851 5097 ἀξιώσας,
2882 5029 3004 5084 οὐδὲ
3054 5029 3149 5098 τὴν
3185 5025 3366 5079 αἰτίαν
3395 5026 3663 5091 ἀναγνοὺς
3689 5025 3793 5095 τῆς

2214 5130 2542 5199 μεταϐολῆς,
2596 5128 2812 5195 ἕτοιμος
2869 5121 2935 5195 ἦν
2965 5128 3094 5193 περὶ
3126 5122 3355 5191 τὴντῶν
3408 5118 3792 5173 ἀκουσθέντων

2211 5224 2383 5292 τομὴν
2421 5225 2512 5276 καὶ
2538 5222 2812 5289 ἀπότομος
2833 5236 2847 5251 ι
2879 5220 3023 5284 ξίφει
3052 5219 3159 5285 γὰρ
3194 5213 3413 5267 ἐκέλευε
3444 5210 3791 5279 παραχρῆμα

2212 5314 2615 5382 κατακοπῆναι.
2653 5314 2755 5364 Καὶ
2788 5311 2931 5364 οὕτω
2995 5306 3317 5367 τελειοῦται,
3346 5306 3444 5373 τῆς
3475 5304 3575 5373 μὲν
3601 5304 3793 5362 πενίας

533 5410 696 5477 ζήλου
732 5401 959 5473 μηδενὸς
1014 5400 1288 5473 ἄξιοςῑῶν,
1317 5400 1411 5454 τοῦ
1440 5402 1496 5455 δὲ
1542 5405 1728 5467 τέλους
1765 5405 2152 5475 ἁξιοζήλωτος,
2198 5408 2410 5477 μάρτυς
2440 5405 2681 5476 γεγονὼς
2728 5405 2960 5475 σχέδιος,
2998 5405 3092 5454 καὶ
3120 5399 3197 5469 τῷ
3247 5398 3434 5468 οἰκείῳ
3467 5398 3663 5467 αἶματι
3690 5397 3794 5465 βα-

533 5498 803 5558 πτισθείς.

610 5642 688 5711 (8)
719 5641 854 5695 Acta
880 5640 1060 5693 Omnia
1099 5639 1199 5693 alia
1249 5640 1399 5709 prius
1443 5639 1712 5694 adducunt
1761 5639 2117 5695 Athanasium

544 5710 707 5784 quam
744 5720 905 5779 agant
930 5710 996 5764 de
1023 5720 1234 5784 mortuo
1259 5712 1541 5784 suscitato.

625 5784 701 5853 t9)
731 5784 997 5835 Alluditur
1033 5782 1095 5833 ad
1133 5782 1267 5833 istud
1307 5781 1604 5849 Evangelii,
1662 5782 1749 5836 ubi
1813 5798 1878 5837 ex
1936 5785 2118 5836 decem

2233 5637 2459 5705 leprosis
2512 5630 2802 5692 mundatis,
2875 5641 3110 5705 quorum
3170 5624 3795 5705 novem“[suppopuutnr

2240 5689 2404 5761 inisse
2453 5704 2642 5765 Judaei,
2677 5689 3052 5755 Sattiariiattus
3105 5696 3254 5749 solus
3285 5695 3461 5765 rediit,
3490 5692 3555 5743 ad
3592 5689 3797 5742 beneli-

2228 5780 2369 5833 cium
2404 5794 2430 5829 a
2468 5764 2749 5829 Salvatore
2814 5780 3088 5837 receptum
3120 5764 3539 5835 agnoscendum.
