3972 6442
193 377 281 444 165
1490 368 1672 431 VlTA
1716 369 1747 427 Ξ

1855 364 2093 427 IARCI.

248 492 313 543 f'.
350 490 405 541 Ὀ
442 489 497 541 δὲ
538 488 818 557 μακάριος
847 489 1073 559 Μάρκος
1114 488 1179 556 τῇ
1208 485 1435 554 δευτέρᾳ
1458 483 1644 554 ἡμέρᾳ
1670 484 1748 542 εἰς
1782 491 1823 546 Α

186 583 268 644 τὴν
299 580 704 650 Ἀλεξάνδρειαν
732 582 1067 651 παρεγένετο
1089 578 1181 631 καὶ
1204 576 1299 630 τοῦ
1324 576 1508 629 πλοίου
1539 574 1750 636 ἀποδὰς

185 672 330 745 ἦλθεν
385 675 467 732 εἰς
526 690 651 725 τινα
686 672 852 725 τόπον
890 672 1230 741 καλούμενον
1281 670 1534 724 Μένδιον.
1574 667 1749 721 Αὑτοῦ

186 768 271 835 τὴν
293 767 463 837 πύλην
492 767 832 829 εἰσελθόντος
857 768 953 834 τῆς
975 766 1203 827 πόλεως,
1231 766 1390 828 εὐθὺς
1414 764 1475 816 τὸ
1498 763 1752 832 ὑπόδημα

186 859 333 913 αὑτοῦ
392 860 682 930 διερῤάγη.
765 860 823 912 '0
866 860 921 911 δὲ
964 860 1237 929 μακάριος
1264 858 1561 922 ἀπόστολος
1590 860 1751 925 γνοὺς

186 955 277 1022 ἔφη
297 969 308 982 ·
336 956 539 1015 Ὄντως
567 956 599 1021 ἠ
629 953 745 1015 666;
773 952 1015 1015 εῦλυτος.
1059 953 1440 1021 Παλαιοράφον
1465 952 1521 1004 δὲ
1552 949 1749 1003 θεασά-

186 1063 331 1115 μενος
372 1047 654 1098 ἐπέδωκεν
720 1045 869 1114 αὐτῷ
907 1047 967 1098 τὸ
996 1046 1283 1113 ὑπόδημαο
1348 1045 1407 1096 τὸ
1462 1044 1633 1115 ράφος
1674 1042 1751 1113 τῷ

183 1138 372 1206 όπητέῳ
398 1137 637 1204 ἑπλῃξεν
669 1133 838 1189 αὑτοῦ
875 1141 972 1206 τὴν
998 1136 1295 1207 ἀριστερὰν
1343 1140 1497 1206 χεῖρα
1527 1136 1620 1189 καί
1644 1154 1747 1205 φη-

186 1244 287 1279 σιν·
350 1224 439 1289 Εἷς
476 1227 630 1291 Θεός.
703 1228 761 1281 '0
806 1230 863 1281 δὲ
903 1230 1175 1299 μακάριος
1213 1230 1435 1299 Μάρκος
1471 1229 1744 1292 ἀκούσας·

184 1314 264 1381 Εἷς
287 1320 439 1382 Θεὸς,
478 1320 581 1389 ἔφη
624 1322 679 1373 ὲν
714 1320 894 1388 ἑαυτῷ
926 1321 1164 1389 γελάσας
1187 1337 1200 1351 ⁸
1240 1322 1501 1375 Εὐώδωσε
1544 1322 1749 1391 Κύριος

180 1412 266 1481 τὴν
291 1412 404 1465 ὀδόν
434 1430 559 1483 μου.
589 1414 698 1465 Καὶ
732 1414 946 1477 πείσας
978 1416 1172 1484 χαμαί,
1210 1416 1469 1485 ἐποίησεν
1491 1414 1659 1483 πηλὸν
1689 1417 1754 1467 ἐκ

178 1504 261 1557 τοῦ
292 1506 609 1574 πτύσματος
629 1507 1002 1576 καὶὲπὲχρισε
1075 1509 1173 1577 τὴν
1213 1510 1373 1577 χεῖρα
1409 1506 1505 1559 τοῦ
1555 1509 1748 1577 ἀνδρὸς

181 1593 370 1659 λέγων·
428 1595 519 1648 Ἐν
570 1596 648 1664 τῷ
695 1596 927 1664 ὀνόματι
985 1594 1159 1663 Ἰησοῦ
1196 1594 1454 1660 Χριστοῦ,
1488 1594 1580 1646 τοῦ
1614 1593 1748 1647 Υίοῦ

180 1686 261 1737 τοῦ
307 1686 440 1740 Θεοῦ
479 1687 573 1738 τοῦ
631 1688 834 1751 ζῶντος
866 1688 943 1748 εἰς
989 1685 1113 1746 τοὺς
1145 1686 1369 1747 αἰῶνας,
1425 1685 1532 1737 ἴσθι
1565 1686 1744 1753 ὑγιής.

180 1777 274 1828 Καὶ
293 1778 495 1839 εὐθέως
530 1777 655 1846 ἰάθη
708 1779 739 1845 ἡ
783 1777 905 1845 χεὶρ
951 1776 1044 1830 τοῦ
1083 1778 1297 1846 ἀνδρός.
1334 1775 1392 1828 '0
1428 1776 1483 1828 δὲ
1518 1776 1745 1829 παλαιο-

3329 374 3431 439 166

1925 480 2009 535 lll.
2048 478 2244 534 Beatus
2301 492 2429 535 vero
2480 478 2693 537 Marcus
2736 484 2999 551 postridie
3044 485 3431 542 Alexandriam

1855 581 2001 627 venit
2035 573 2129 643 (l).
2163 570 2407 642 Cumque
2436 574 2805 631 descendisset
2832 590 2862 630 e
2894 577 3042 645 navi,
3080 579 3214 632 adiit
3250 579 3432 634 locum

1855 669 2171 734 quemdam,
2223 665 2317 733 qui
2353 665 2647 719 vocabatur
2711 666 2987 721 Mendiou.
3049 668 3181 723 Cum
3249 683 3431 725 autem

1854 756 1974 823 ejus
2012 757 2164 809 urbis
2216 766 2423 825 portam
2476 757 2756 823 ingressus
2809 771 2975 821 esset,
3022 762 3204 817 statim
3262 762 3433 830 ipsius

1854 848 2280 901 calceamentum
2321 847 2647 901 dissolutum
2683 849 2803 905 fuit.
2843 851 2993 917 Quod
3039 855 3231 907 beatus
3294 870 3430 921 apo-

1855 939 2025 993 stolus
2072 940 2382 1011 intelligens
2414 959 2428 995 :
2458 938 2620 1007 Vere,
2659 942 2858 1010 inquit,
2898 945 2984 1006 via
3039 945 3149 998 haec
3179 947 3430 1014 expedita

1854 1041 1908 1084 et
1962 1031 2139 1086 facilis
2195 1044 2301 1087 est.
2336 1030 2576 1102 Visoque
2632 1046 2873 1088 veterum
2935 1038 3427 1094 calceamentorum

1854 1130 2062 1188 siitore,
2096 1123 2527 1178 culceamentum
2569 1125 2922 1181 reficiendum
2971 1128 3020 1182 ei
3064 1130 3303 1183 tradidit.
3337 1129 3430 1184 Ille

1854 1228 1985 1267 vero
2033 1214 2527 1269 calceamentorum
2577 1227 2727 1270 sutor
2766 1218 2953 1271 subula
2994 1219 3273 1273 sinistram
3316 1236 3433 1273 mtt-

1857 1320 1981 1358 num
2015 1321 2165 1393 suaom
2220 1308 2512 1374 percussit,
2541 1318 2596 1360 et
2627 1309 2887 1362 continuo
2938 1308 3195 1363 clamavit
3232 1330 3245 1364 :
3281 1310 3433 1366 Unus

1856 1398 1998 1453 Deus
2029 1408 2130 1453 est.
2166 1398 2231 1453 ld
2264 1415 2386 1453 cum
2419 1401 2604 1454 beatus
2650 1400 2863 1457 Marcus
2897 1403 3215 1461 audivisset.
3242 1418 3428 1456 secum

1853 1496 2096 1561 cogitans
2125 1508 2188 1547 ac
2221 1492 2409 1548 ridens
2440 1493 2576 1546 dixit
2614 1510 2628 1548 :
2661 1492 2984 1561 Prospei-um
3016 1494 3144 1547 fecit
3172 1494 3431 1548 Dominus

1854 1585 1956 1637 iter
1992 1600 2194 1639 meum.
2226 1584 2473 1653 Cumque
2506 1585 2558 1639 in
2594 1586 2814 1639 humum
2844 1584 3169 1655 despuisset,
3202 1600 3268 1639 ex
3312 1588 3430 1655 ipso

1851 1685 2011 1741 sputo
2044 1675 2210 1727 lutum
2240 1676 2498 1741 confecit,
2529 1686 2583 1729 et
2619 1676 2735 1742 ejus
2767 1678 2867 1729 viri
2905 1692 3119 1730 manum
3162 1676 3382 1735 illinens
3414 1694 3429 1730 :

1854 1762 1908 1817 In
1951 1770 2195 1828 nomine,
2228 1767 2421 1834 inquit,
2450 1763 2577 1819 Jesu
2610 1766 2813 1819 Christi
2848 1768 3079 1821 viventis
3117 1769 3169 1818 iu
3204 1773 3427 1832 saecula,

180 1870 333 1937 ράιρος
389 1870 683 1936 ιστορήσας
726 1870 826 1938 τὴν
869 1868 1098 1937 δύναμιν
1130 1868 1225 1921 τοῦ
1269 1867 1484 1937 ἀνδρὸς,
1518 1867 1611 1921 καὶ
1651 1868 1747 1937 τὴν

1860 1866 1977 1911 esto
2009 1872 2207 1923 sanus;
2242 1872 2304 1910 ac
2350 1858 2535 1911 statim
2566 1858 2681 1929 ejus
2712 1859 2811 1913 viri
2849 1874 3043 1914 manus
3090 1856 3429 1917 sanata'est.

178 1965 441 2033 ίνὲργειαν
474 1963 570 2016 τοῦ
604 1963 765 2031 λόγου
789 1963 976 2027 αὑτοῦ,
1003 1965 1095 2015 καὶ
1125 1963 1185 2014 τὸ
1210 1961 1505 2030 ἀσκητικὸν
1540 1962 1745 2031 σχῆμα,

180 2052 317 2110 εἶπεν
350 2058 533 2124 αὐτῷ·
566 2056 770 2123 Δέομαί
806 2073 924 2117 σου,
974 2055 1229 2124 ἄνθρωπε
1262 2053 1353 2105 τοῦ
1385 2053 1543 2117 Θεοῦ,
1589 2053 1750 2122 δεῦρο

178 2148 466 2201 κατάλυσον
508 2149 749 2219 σήμερον
787 2148 868 2207 εἰς
926 2149 1016 2198 τὸν
1068 2141 1217 2198 οἶκον
1256 2144 1348 2196 τοῦ
1387 2144 1577 2206 παιδός
1629 2162 1746 2209 σου,

175 2240 259 2293 καί
296 2240 607 2309 φαγώμεθα
656 2239 795 2308 ὁμοῦ
854 2238 1045 2308 ψωμὸν
1101 2239 1294 2309 ἄρτου,
1333 2238 1422 2290 ὅτε
1487 2238 1750 2308 ἐποίησας

176 2333 309 2394 tito;
346 2332 464 2394 μετ’
507 2331 643 2400 ἐμοῦ
704 2335 968 2401 σήμερον.
1045 2330 1101 2383 '0
1132 2333 1187 2384 δὲ
1226 2332 1495 2401 μακάριος
1524 2332 1753 2398 Μάρκος

177 2423 471 2494 περιχαρὴς
506 2426 802 2494 γενόμενος
830 2424 934 2493 ἔφη
956 2442 969 2454 ·
1012 2423 1068 2477 '0
1100 2422 1302 2489 Κύριος
1330 2422 1441 2491 δῴῃ
1475 2439 1557 2473 σοι
1587 2422 1752 2491 ἄρτον

174 2516 305 2585 ζωῆς
329 2518 689 2585 ἐπουρανίου.
736 2517 797 2570 '0
823 2516 879 2568 δὲ
927 2515 1212 2584 ἄνθρωπος
1256 2514 1633 2582 παρεόιάσατο
1660 2517 1750 2567 τὸν

172 2607 457 2659 ἀπόστολον
494 2606 592 2685 καὶ
624 2606 945 2674 εἰσήνεγκεν
972 2604 1136 2657 αὐτὸν
1172 2604 1249 2665 εἰς
1279 2602 1372 2654 τὸν
1413 2598 1561 2656 οἷκον
1582 2604 1749 2658 αὐτοῦ

173 2697 380 2767 χαίρων.

232 2879 300 2929 Δ’.
332 2874 613 2928 Εἰσελθὼδ
642 2874 699 2928 δὲ
725 2876 753 2928 6
785 2876 1057 2948 μακάριος
1090 2877 1320 2948 Μάρκος
1348 2873 1503 2933 εἶπεν
1527 2895 1544 2911 ⁸
1582 2879 1750 2932 Εὐλο-

172 2968 255 3034 γία
307 2971 521 3037 Κυρίου
577 2963 679 3022 ὦδε
705 2986 719 2999 ⁸
755 2970 1049 3038 εὐξόμεθα,
1105 2972 1350 3040 ἀδελφοί.
1381 2973 1488 3025 Kal.
1515 2971 1750 3042 ηὔξαντο

174 3061 295 3128 ἃμα,
321 3066 416 3113 καὶ
450 3062 597 3131 μετὰ
623 3062 722 3130 τὴν
752 3062 919 3131 εὐχὴν
953 3063 1353 3132 ἁνεκλῄθησαν.
1398 3065 1485 3129 Ὠς
1516 3066 1571 3118 δὲ
1608 3068 1751 3135 ἠγαο

1856 1946 2018 2001 Sutor
2053 1960 2230 2001 autem
2273 1948 2363 2003 ille
2397 1964 2517 2003 cum
2551 1951 2781 2019 apostoli
2815 1950 2978 2005 Marci
3016 1956 3337 2020 potentiam,
3371 1962 3427 2008 et

1854 2040 2121 2093 oratiOnis
2154 2039 2551 2106 eﬂicacitatem,
2607 2042 2963 2113 habitumque
3010 2046 3228 2098 virtutis
3265 2058 3430 2099 exer-

1852 2129 2100 2181 citationi
2150 2131 2568 2184 convenientem
2619 2133 3100 2189 animadvertisset
3152 2153 3165 2189 :
3208 2134 3429 2204 Precor,

1853 2216 2052 2285 inquit,
2084 2226 2156 2280 te,
2189 2217 2353 2271 liomo
2393 2216 2511 2282 Dei,
2550 2233 2608 2272 ut
2642 2223 2826 2274 venias
2878 2224 3037 2275 hodie
3083 2234 3137 2275 et
3190 2224 3434 2279 divertas

1853 2311 1920 2363 ad
1980 2315 2197 2363 domum
2257 2312 2400 2364 servi
2449 2312 2549 2375 tui,
2598 2322 2656 2365 ut
2708 2313 2870 2367 simul
2929 2329 3067 2383 pane
3126 2330 3431 2384 vescamur,

1854 2402 2111 2470 quoniam
2152 2404 2523 2459 misericordia
2574 2406 2735 2460 hodie
2782 2421 2867 2461 me
2901 2419 3219 2475 prosecutus
3257 2408 3431 2465 fuisti.

1853 2497 2053 2555 Beatus
2114 2498 2393 2568 apostolus
2458 2499 2674 2554 Marcus
2724 2516 2789 2555 ea
2837 2517 2895 2557 re
2951 2502 3106 2555 valde
3148 2504 3359 2560 Iactatus
3415 2524 3433 2565 ς

1855 2592 2139 2659 Dominus,
2176 2595 2371 2661 inquit,
2406 2593 2554 2649 dabit
2590 2595 2683 2648 tibi
2738 2610 2930 2663 partem
2990 2598 3111 2649 vita:
3166 2599 3431 2653 cmlestis.

1854 2683 2026 2739 Homo
2079 2686 2244 2754 igitur
2301 2687 2390 2739 ille
2440 2689 2594 2740 valde
2645 2686 2856 2752 hilaris,
2903 2688 3084 2756 coegit
3127 2690 3434 2757 apostolum

1854 2779 2072 2834 domum
2106 2795 2257 2833 suam
2289 2780 2583 2834 divertere.

1929 2873 2019 2930 IV.
2057 2874 2227 2939 Quum
2262 2888 2381 2926 cum
2420 2872 2612 2925 beatus
2652 2869 2865 2927 Marcus
2894 2871 3236 2929 introivisset
3270 2892 3283 2929 :
3328 2873 3433 2928 Be-

1854 2968 2112 3030 nedictio,
2147 2966 2345 3031 inquit,
2398 2965 2609 3017 Domini
2654 2966 2740 3018 hic
2782 2968 2873 3018 sit.
2905 2963 3199 3018 Precemur
3241 2965 3466 3029 Deum,_

1856 3061 2070 3115 fratres.
2126 3060 2200 3111 Ac
2255 3057 2416 3110 simul
2478 3058 2683 3127 precati
2746 3068 2896 3118 sunt,
2946 3067 2999 3110 et
3056 3068 3177 3125 post
3238 3073 3429 3126 preces

171 3153 451 3223 οὐνθησαν,
489 3146 650 3204 εἶπεν
672 3153 699 3204 6
727 3150 1017 3221 ἄνθρωπος
1047 3168 1062 3183 ·
1109 3154 1311 3224 Πάτερ,
1354 3157 1407 3208 τι
1434 3158 1563 3226 ἄρα,
1598 3159 1747 3210 καλῶ

1855 3152 2252 3207 accubuerunt.
2286 3148 2357 3205 Ut
2388 3164 2515 3203 vero
2557 3149 2785 3219 benigne
2816 3162 2876 3203 se
2913 3148 3148 3203 vicissim
3199 3165 3430 3218 accepe-

172 3259 243 3305 es,
282 3244 363 3306 τίς
394 3239 445 3295 εἷ
474 3244 574 3296 καὶ
601 3243 767 3295 πόθεν
809 3244 836 3295 6
866 3242 1022 3311 λόγος
1052 3238 1205 3306 οὗτος
1236 3247 1264 3296 6
1290 3244 1511 3308 δυνατὸς
1542 3249 1601 3297 ἐν
1629 3248 1747 3313 σοις

172 3336 289 3392 εἷπε
344 3340 400 3392 δὲ
432 3342 462 3393 ὁ
488 3341 650 3408 ἅγιος
676 3339 902 3408 Μάρκος
926 3355 939 3368 ·
986 3338 1130 3407 Ἰεγὼ
1160 3338 1345 3402 δοῦλός
1377 3342 1495 3411 εἰμι
1516 3340 1614 3393 τοῦ
1639 3343 1752 3392 Κυ-

173 3434 275 3499 ρίου
318 3434 498 3505 Ἰησοῦ
539 3432 785 3501 Χριστοῦ
822 3432 915 3486 τοῦ
950 3434 1081 3489 Υἰοῦ
1112 3434 1205 3488 τοῦ
1236 3434 1395 3491 Θεοῦ.
1456 3432 1588 3489 Eius
1641 3436 1696 3487 δὲ
1720 3434 1748 3487 6

169 3523 489 3593 ἄνθρωπος’
564 3526 909 3596 Ἐϐουλόμην
966 3529 1132 3582 αὐτὸν
1192 3532 1342 3585 ἰδεῖν.
1407 3529 1542 3584 Εἶπε
1602 3533 1658 3585 δὲ
1720 3534 1748 3586 6

170 3616 305 3679 ᾰγιος
332 3618 554 3685 μάρτυς
582 3615 678 3691 τοῦ
707 3617 948 3687 Χριστοῦ
977 3619 1204 3689 Μάρκος
1229 3636 1243 3651 ·
1298 3621 1441 3687 Ἐγώ
1476 3638 1557 3673 σοι
1582 3624 1749 3676 αὑτὸν

165 3706 405 3763 δεικνύω.
437 3708 556 3761 Καὶ
586 3708 794 3779 ἤρξατο
821 3711 848 3762 6
885 3710 1042 3777 ἆγιος
1093 3712 1320 3780 Μάρκος
1367 3715 1541 3783 ἀρχὴν
1580 3716 1748 3765 ποιεῖ-

165 3800 275 3853 σθαι
298 3801 392 3854 τοῦ
422 3803 773 3869 Εὐαγγελίου
810 3802 986 3874 Ἰησοῦ
1011 3803 1273 3873 Χριστοῦ,
1310 3804 1436 3857 Υἱοῦ
1467 3805 1560 3858 τοῦ
1586 3804 1743 3871 Θεοῦ,

170 3893 282 3946 Υἱοῦ
310 3893 602 3964 Ἀϐραὰμ,
637 3896 732 3946 καὶ
756 3894 1030 3946 δεικνύειν
1053 3895 1201 3961 αὑτῷ
1231 3896 1299 3944 τα
1330 3898 1457 3962 περὶ
1482 3896 1588 3946 τῶν
1614 3912 1746 3963 προσ

164 3989 334 4053 φητὼν
350 3987 553 4038 αὑτοῦ.
590 3984 651 4035 '0
681 3985 736 4036 δὲ
762 3985 1051 4053 ἅνθρωπος
1111 3980 1267 4037 εἰπε·
1301 3988 1526 4053 Δέομαι,
1565 3986 1742 4056 κύριε,

164 4078 260 4145 ἐγὼ
285 4077 512 4148 γραφὰς
557 4076 742 4145 ἇσπερ
772 4078 834 4128 σὺ
857 4077 1058 4143 λέγεις,
1091 4078 1344 4131 οὐδέποτε
1377 4080 1605 4149 ηκουσα,
1631 4080 1744 4131 ἀλλ’

173 4171 356 4225 Ἰλίιόα
385 4174 483 4224 καὶ
536 4169 883 4230 Ὀδυσειάδα.
923 4170 1019 4222 καὶ
1052 4171 1154 4223 ὅσα
1188 4172 1506 4237 σοφίζονται
1547 4176 1594 4222 οἱ
1636 4189 1744 4225 των

160 4263 461 4330 Αἰγυπτίων
499 4262 722 4322 παῖδες.
756 4261 941 4313 Τότεὸ
973 4262 1128 4330 ἅγιος
1174 4263 1399 4331 Μάρκος
1452 4263 1742 4329 εὐαγγελί-

161 4350 333 4414 ζεσθαι
372 4352 534 4422 αὺτῷ
565 4353 663 4405 τὸν
694 4352 929 4422 Χριστὸν
965 4354 1061 4404 καὶ
1094 4352 1362 4404 δεικνύειν
1395 4352 1543 4423 αὐτῷ
1594 4355 1677 4405 ὅτι
1709 4354 1741 4421 ἡ

162 4448 306 4513 cogi:
327 4448 422 4500 τοῦ
447 4449 671 4514 κόσμου
704 4445 895 4496 τούτου
924 4448 1109 4516 μωρία
1142 4448 1294 4515 παρὰ
1313 4448 1391 4517 τῷ
1414 4448 1540 4516 Θεῴ
1570 4449 1741 4501 ἐστιν.

1855 3256 2002 3310 runt,
2039 3245 2175 3299 dixit
2225 3242 2386 3297 homo
2416 3243 2503 3297 ille
2539 3258 2552 3294 :
2588 3241 2768 3305 Pater,
2798 3244 3030 3297 obsecro
3066 3252 3139 3306 te,
3167 3244 3289 3311 quis
3324 3243 3431 3297 es?

1852 3338 1917 3391 Et
1951 3339 2217 3391 undenum
2268 3336 2445 3389 oratio
2496 3336 2597 3387 ista
2645 3344 2753 3387 tam
2790 3346 2982 3402 potens
3016 3336 3066 3385 in
3102 3345 3152 3387 te
3185 3336 3427 3404 profecta

1851 3428 1975 3484 est?
2003 3431 2101 3482 Cui
2136 3438 2357 3481 sanctus
2405 3426 2621 3481 Marcus
2653 3428 2789 3480 dixit
2832 3445 2846 3479 :
2889 3426 2999 3496 Ego
3046 3443 3239 3482 servus
3298 3443 3419 3481 sum

1854 3520 2066 3575 Domitii
2098 3516 2222 3572 Jesu
2256 3516 2480 3577 Christi,
2519 3518 2637 3569 Filii
2674 3519 2788 3570 Dei.
2830 3516 3054 3579 Vellem,
3088 3519 3260 3585 inquit
3315 3516 3425 3577 ille,

1853 3616 2023 3668 Deum
2056 3614 2254 3667 videre.
2289 3609 2426 3663 Tum
2484 3616 2703 3663 sanctus
2758 3607 2971 3662 Mzirctrs
3006 3625 3019 3661 :
3050 3608 3205 3662 lllum
3240 3610 3417 3677 ipsum

1849 3708 1943 3760 tibi
1960 3711 2262 3759 ostendam.
2284 3705 2573 3772 Ca'pitque
2594 3712 2815 3757 sanctus
2844 3703 3125 3771 apostolus
3150 3717 3424 3771 exponere

1851 3796 2063 3851 initium
2104 3796 2244 3848 illius
2281 3796 2553 3861 Evangelii
2606 3810 2618 3844 :
2669 3792 2832 3845 Liber
2888 3796 3255 3861 generationis
3294 3792 3421 3847 Jesn

1848 3889 2074 3952 Christi,
2111 3888 2200 3941 ﬁlii
2231 3885 2417 3948 David,
2444 3886 2541 3939 lilii
2563 3886 2869 3938 Abraliam‘
2895 3885 3085 3953 :eiqtte
3110 3886 3419 3947 ostendere,

1847 3995 1967 4048 qua:
1998 3981 2273 4046 pmphetae
2301 3981 2398 4046 ipsi
2440 3978 2508 4032 de
2528 3980 2745 4032 Christo
2774 3977 3164 4047 praedixerunt.
3199 3975 3292 4030 Vir
3323 3992 3427 4030 au-

1852 4084 1953 4127 tem
1978 4073 2063 4127 ille
2091 4090 2103 4125 :
2128 4071 2285 4131 Istas,
2312 4072 2511 4137 inquit,
2532 4072 2769 4131 domine,
2788 4071 3096 4136 Scripturas
3113 4085 3247 4137 quas
3270 4082 3325 4122 tu
3343 4070 3424 4120 di-

1848 4167 2227 4233 cis.nunquum
2252 4179 2351 4233 ego
2372 4162 2571 4228 audivi,
2601 4164 2692 4215 sed
2717 4160 2935 4216 Iliadem
2952 4172 3006 4213 et
3028 4159 3347 4231 Odysseaui,
3368 4171 3421 4215 ct

1847 4271 2199 4325 ηυειευιιιιιψιο
2229 4253 2601 4323 Aigpyiioruin
2641 4253 2733 4303 lilii
2789 4256 2969 4304 doceri
3020 4254 3213 4304 solent.
3271 4252 3421 4304 Tum:

1848 4349 2015 4416 coepit
2065 4358 2288 4401 sanctus
2341 4344 2671 4414 evangelism
2724 4340 2937 4396 Murcus
2994 4341 3269 4395 Chi-istum
3322 4343 3422 4411 ipsi

1851 4443 2126 4502 nuntiare,
2160 4450 2321 4507 atque
2352 4440 2639 4491 ostendero
2685 4436 2845 4503 hujus
2879 4435 3062 4489 mundi
3102 4438 3422 4501 sapientiam

170 4534 476 4589 Ἐπ.στευσε
543 4536 607 4586 6's
626 4536 655 4585 6
685 4533 973 4603 ἄνθρωπος
1007 4535 1085 4604 τῷ
1110 4536 1226 4606 Θεῴ
1255 4538 1343 4587 διὰ
1376 4538 1484 4587 τῶν
1514 4538 1617 4589 ὑπὸ
1650 4537 1741 4589 τοῦ

1855 4536 2131 4587 stultitiam
2172 4547 2294 4585 esse
2319 4532 2457 4597 apud
2493 4530 2675 4585 Deum.
2698 4528 2938 4580 Credidit
2974 4529 3135 4580 homo
3170 4529 3258 4581 ille
3294 4528 3421 4591 Deo,

159 4627 369 4698 Μαρίου
392 4626 729 4696 λεγομένων
756 4626 1003 4697 σημείων
1034 4629 1130 4680 καί
1162 4630 1430 4696 τεράτων,
1468 4631 1563 4680 καὶ
1597 4631 1744 4696 ἐφω-

156 4721 300 4792 τίσθη
328 4721 525 4785 αὐτὸς,
564 4719 666 4771 καὶ
694 4718 816 4782 ὅλος
840 4722 869 4773 6
918 4715 1064 4783 οἶκος
1088 4720 1276 4786 αὑτοῦ,
1309 4721 1403 4773 καὶ
1432 4720 1567 4773 πολὺ
1603 4719 1742 4788 ττλῆ-

157 4813 236 4878 οος
270 4816 361 4870 τοῦ
389 4816 571 4869 τόπου
603 4813 844 4867 ἐκείνου.
880 4808 989 4866 Ἦν
1018 4813 1075 4867 δὲ
1105 4813 1167 4866 τὸ
1195 4813 1368 4883 ὄνομα
1399 4811 1494 4866 τοῦ
1527 4811 1739 4882 ἀνθρώ-

157 4922 248 4961 που
273 4914 358 4963 ix:
371 4912 489 4964 ίνου
533 4905 815 4970 Ἁνανίας.

215 5097 286 5154 E‘.
326 5098 417 5162 Ὣς
458 5097 519 5149 δὲ
556 5092 725 5164 δχλος
757 5093 978 5162 ῑγὲνετο
999 5092 1110 5147 τῶν
1140 5092 1505 5146 πιστευόντων
1536 5091 1627 5142 ἐπὶ
1650 5090 1743 5143 τὸν

157 5192 364 5262 Κύριον,
389 5193 654 5265 ἧκουσαν
673 5188 720 5239 οἱ
746 5188 939 5255 ἄνδρες
970 5187 1068 5256 τῆς
1095 5187 1330 5249 πόλεως,
1351 5186 1435 5239 ὅτι
1457 5183 1742 5246 Γαλιλαῖος

157 5298 226 5345 τις
276 5284 630 5354 παρεγένετο
690 5276 952 5341 ἐνταῦθα,
1014 5279 1107 5331 καὶ
1169 5278 1469 5347 ἀνατρέπει
1508 5275 1605 5336 τὰς
1633 5276 1741 5327 τῶν

158 5373 279 5427 θεῶν
302 5378 524 5440 θυσίας,
559 5373 664 5427 καὶ
693 5370 894 5425 κωλύει
925 5370 1105 5423 αὐτῶν
1136 5373 1233 5433 τὰς
1265 5370 1588 5440 θρησκείας,
1643 5368 1737 5419 καὶ

158 5468 362 5540 ἐζήτουν
392 5473 570 5524 αὐτὸν
605 5468 958 5528 ἀποκτεῖναι,
1008 5464 1100 5516 καὶ
1136 5463 1339 5532 ἔθηκαν
1367 5461 1514 5532 αὑτῴ
1532 5460 1735 5527 ,ἐνεδρα

158 5563 323 5618 πολλὰ.
366 5560 677 5629 Ἐπιγνοὺς
708 5559 764 5612 δὲ
800 5559 829 5608 6
858 5555 1012 5623 arto;
1049 5556 1272 5625 Μάρτιος
1307 5556 1401 5614 τὰς
1439 5554 1733 5614 ἐπιϐουλὰς

220 5684 235 5712 ¹
268 5681 457 5734 Matth.
494 5695 537 5743 ι,
586 5676 637 5743 Ι,
676 5676 733 5729 2.

1846 4636 2065 4696 propter
2091 4640 2153 4678 ea
2180 4638 2301 4694 qua:
2327 4638 2357 4676 a
2383 4620 2567 4674 Marco
2591 4620 2732 4672 dictu
2763 4629 2911 4683 sunt,
2933 4629 2986 4671 et
3017 4633 3237 4689 prepter
3266 4622 3423 4688 signa

1846 4732 1897 4771 et
1934 4719 2177 4788 prodigis
2221 4731 2317 4787 per
2359 4726 2481 4769 eum
2544 4713 2681 4766 licia
2717 4729 2730 4766 :
2777 4712 2999 4780 ipseque
3044 4720 3099 4764 et
3150 4720 3260 4763 tota
3304 4726 3425 4779 ejus

1846 4810 2061 4871 domus,
2112 4814 2166 4859 et
2225 4820 2420 4873 magna
2486 4804 2605 4870 ejus
2674 4802 2912 4869 regionis
2985 4801 3298 4863 multitudo,
3354 4803 3423 4855 ab

1846 4900 2174 4969 eVnngelista
2209 4898 2324 4967 ipso
2348 4894 2649 4948 illuminat:
2678 4900 2782 4947 est.
2814 4892 2945 4946 Erat
2974 4904 3154 4946 autem
3187 4894 3423 4947 hominis

1846 4993 1987 5047 illius
2018 5006 2212 5044 nomen
2244 4990 2509 5043 Attianos.

1917 5085 1979 5139 V.
2011 5083 2145 5138 Cum
2190 5098 2317 5136 vero
2367 5082 2633 5136 crevisset
2688 5093 2948 5135 numerus
3003 5092 3193 5135 corum
3230 5080 3320 5147 qui
3364 5079 3420 5131 in

1844 5177 2074 5233 Domino
2136 5178 2523 5238 crediderunt,
2577 5173 2900 5227 audiverunt
2967 5173 3208 5225 civitatis
3276 5172 3421 5223 illius

1840 5274 2151 5337 optimates,
2200 5270 2479 5323 Galilueum
2534 5269 2819 5337 quemdam
2876 5266 3001 5319 illuc
3043 5268 3287 5329 venisse,
3324 5266 3417 5333 qui

1840 5365 2061 5419 deorum
2126 5364 2397 5416 sacriticia
2465 5373 2755 5426 everteret,
2807 5368 2862 5413 et
2917 5361 3156 5426 ipsorum
3213 5359 3413 5414 cultum

1840 5458 2145 5525 impediret.
2178 5454 2540 5521 Quamobrem
2573 5468 2698 5507 euut
2755 5452 3065 5505 interﬁcere
3102 5450 3411 5513 studebant,

1839 5563 2000 5619 atque
2035 5547 2260 5601 insidias
2308 5550 2501 5601 multas
2538 5547 2583 5599 ei
2629 5546 2919 5599 faciebant.
2955 5544 3101 5609 Quas
3135 5559 3255 5597 cum
3289 5556 3411 5594 sane

218 5828 467 5893 (tuneo
504 5822 580 5877 ις
624 5816 779 5871 venit
819 5814 1220 5871 Alexandriam.
1263 5812 1395 5869 Vide
1437 5812 1635 5867 Euseb.
1676 5813 1725 5867 in
1773 5811 1967 5866 Chron.
1995 5808 2194 5865 Baron.
2232 5824 2298 5863 an
2330 5806 2419 5863 45.
