3972 6442
183 341 266 402 169
1451 338 1631 398 νιΤΑ
1671 339 1732 396 S.

1853 335 2042 396 \RCI.

3314 347 3414 405 ΠΟ

174 455 497 509 ἀπολοῦνται.
552 454 776 525 Ταύτην
836 455 936 525 τὴν
998 453 1265 508 ὀπτασίαν
1302 452 1643 522 θεασάμενος
1707 453 1734 504 ὸ

1861 469 1890 506 n
1924 451 2090 507 caelos
2137 447 2456 521 suscipient,
2503 451 2825 524 etreliquia:
2872 463 2976 513 tua:
3021 457 3074 514 in
3122 462 3282 517 terris
3310 480 3416 518 non

175 546 419 616 μακάριος
449 547 705 615 Μάρκος,
737 546 832 609 τὰς
868 547 1057 616 χεῖρας
1086 543 1252 598 αὑτοῦ
1283 545 1525 607 τανύσας
1558 540 1734 597 εἶπεν·

173 638 473 707 Εὐχαριπῶ
515 654 614 702 σοιγ
656 638 834 708 Κύριέ
865 655 970 706 μου
1029 636 1205 705 Ἰησοῦ
1251 637 1492 706 Χριστδ,
1524 638 1608 689 ὅτι
1641 636 1741 689 οὐκ

172 733 515 798 ιγκατέλιπές
572 749 639 802 με
668 770 686 795 ,
744 732 878 785 ἀλλὰ
914 731 1445 802 συγκατηρίθμησάς
1498 748 1564 800 με
1603 730 1742 802 μετὰ

171 824 262 876 τῶν
289 825 459 892 ἁγίων
495 841 612 878 σου.
658 823 862 891 Δέομαί
896 841 1012 888 σου,
1078 822 1254 893 Κύριε
1295 821 1468 891 Ἰησοῦ
1513 821 1738 892 Χριστὲ,

172 918 359 986 πρόσδε
373 917 461 981 Eat
488 919 546 969 ὲν
575 917 770 987 εἰρήνη
802 916 899 987 τὴν
937 916 1118 988 ψυχήν
1147 934 1249 986 μου
1275 917 1368 968 καὶ
1402 915 1474 984 μή
1517 931 1582 983 με
1608 915 1745 966 ἀπο-

171 1011 458 1080 δοκιμάσῃς
525 1009 636 1061 ἀπὸ
665 1009 764 1078 τῆς
795 1009 1025 1079 χάριτός
1082 1027 1198 1062 σου.
1234 1009 1344 1059 Καὶ
1374 1007 1546 1059 ταῦτα
1575 1004 1741 1059 αὐτοῦ

170 1104 424 1165 εἰπόντος,
453 1105 482 1155 ό
516 1102 723 1172 Κύριος
767 1101 978 1170 Ἰησοῦς
1033 1099 1372 1169 παρεγένετο
1413 1099 1550 1169 πρὸς
1580 1099 1742 1150 αὐτὸν

170 1197 236 1265 τῷ
262 1200 501 1267 σχήματι
523 1191 567 1265 ᾧ
599 1193 667 1268 ἦν
703 1198 842 1266 μετὰ
863 1195 970 1249 τῶν
1000 1192 1262 1266 μαθητῶν
1300 1191 1491 1254 αὑτοῦ,
1533 1190 1628 1242 καὶ
1656 1189 1745 1259 οἵᾳ.

174 1293 337 1357 μορφῇ
392 1285 460 1358 ἧν
514 1289 622 1358 πρὸ
662 1289 756 1342 τοῦ
789 1288 986 1342 παθεῖν
1038 1285 1206 1340 αὐτὸν
1235 1283 1329 1337 καὶ
1353 1282 1617 1352 ταφῆναι,
1650 1279 1747 1335 καὶ

169 1377 301 1442 λέγει
323 1379 478 1449 αὑτῷ
500 1396 513 1410 ο
552 1380 762 1450 Εἰρήνη
794 1396 894 1444 σοι,
928 1377 1166 1447 ἡμέτερε
1207 1375 1427 1445 Μάρκε,
1459 1371 1748 1440 είδαγγελι⁴

170 1474 257 1523 στα
281 1490 404 1538 μου.
444 1474 504 1525 'O
527 1473 584 1524 δὲ
617 1472 891 1542 μακάριος
918 1471 1148 1541 Μάρκος
1185 1464 1340 1521 εἶπεν
1365 1484 1380 1498 °
1407 1467 1611 1538 Εἰρήνη
1638 1482 1748 1532 σοιν

172 1562 328 1630 Κύριέ
358 1579 463 1630 μου
497 1561 676 1632 Ἰησοῦ
699 1562 923 1630 Χριστέ.

227 1659 297 1707 Θ’.
338 1656 562 1724 Πρωῖας
589 1655 646 1706 δὲ
677 1639 1002 1721 γενομένης,
1035 1647 1204 1723 ἦλθεν
1249 1650 1414 1704 πάλιν
1454 1651 1514 1703 τὸ
1542 1649 1747 1720 πλῆθος

169 1745 251 1811 τῆς
283 1745 492 1806 πόλεως
526 1745 620 1796 καὶ
644 1745 1036 1811 ἐξενέγκαντες
1067 1744 1232 1797 αὑτὸν
1259 1746 1321 1797 ὲκ
1347 1746 1447 1813 τῆς
1469 1743 1744 1813 φυλακῆς,

167 1836 336 1889 ἱϐαλον
371 1837 537 1890 πάλιν
568 1837 628 1890 τὸ
659 1836 901 1906 σχοινίον
928 1838 1009 1901 είς
1035 1837 1126 1888 τὸν
1155 1837 1431 1906 τράχηλον
1467 1836 1631 1889 αὑτοῦ
1653 1835 1749 1888 καὶ
1783 1833 1824 1889 Β
1853 1830 2138 1884 multitudo
2188 1845 2202 1884 :

167 1924 339 1994 ῑευρον
363 1925 620 1990 λέγοντες
641 1941 656 1954 ·
686 1925 937 1995 Σύρομεν
959 1925 1053 1976 τὸν
1080 1921 1349 1994 βούϐαλον
1381 1927 1461 1987 είς
1507 1926 1574 1977 τὰ
1617 1925 1748 1992 βου-

167 2016 327 2068 κόλου.
380 2015 442 2069 ὐ
473 2017 531 2069 δὲ
569 2019 842 2088 μακάριος
867 2018 1094 2086 Μάρκος
1121 2016 1508 2086 εὐχαριστείας
1546 2016 1746 2085 μᾶλλον

162 2106 468 2172 ἁνίπεμπεν
501 2107 578 2177 τῷ
608 2110 1012 2179 παντοκράτορι
1060 2108 1254 2178 Κυρίῳ
1302 2107 1480 2178 Ἰησοῦ
1523 2107 1746 2179 Χριστῷ

165 2199 340 2268 λέγων*
368 2203 464 2264 Ei;
487 2203 678 2273 χεῖράς
704 2219 823 2268 σου,
848 2203 1046 2273 Κύριε,
1073 2203 1423 2275 παρατίθημι
1441 2203 1501 2257 τὸ
1527 2203 1750 2273 πνεῦμὰ

166 2309 278 2359 μου.
307 2295 414 2347 Καὶ
443 2294 608 2348 τοῦτο
629 2295 805 2350 είπὼν
838 2298 1129 2366 παρέδωκε
1183 2297 1247 2350 τὸ
1283 2297 1529 2368 πνεῦμα.
1585 2299 1659 2351 Τὸ
1689 2299 1748 2352 δὲ

166 2384 350 2454 πλῆθος
379 2387 496 2440 τῶν
529 2386 813 2442 δυσσεὸῶν
856 2390 1128 2461 Ἐλλήνων
1161 2389 1273 2460 πῦρ
1317 2391 1626 2460 ἀνάψαντες
1669 2391 1750 2454 είς

164 2478 273 2540 τοὺς
305 2479 687 2549 καλουμένους
740 2480 1037 2549 ἀγγέλους,
1068 2482 1388 2552 έτέφρωσαν
1409 2481 1469 2534 τὸ
1496 2481 1749 2551 λείψανον

163 2566 245 2618 τοῦ
270 2568 510 2622 δικαίου.
548 2571 683 2624 Τότε
723 2572 955 2642 προνοίᾳ
982 2573 1081 2628 τοῦ
1132 2573 1343 2644 Κυρίου
1379 2573 1474 2628 καὶ
1494 2573 1749 2644 Σωτῆρος

164 2656 307 2724 ἡμῶν
365 2656 551 2728 Ἰησοῦ
602 2659 846 2732 Χριστοῦ
917 2645 1126 2734 κατέϐη
1185 2663 1411 2732 λαίλαψ,
1459 2665 1556 2717 καὶ
1610 2662 1749 2733 ζάλη

165 2751 349 2821 ἀνόμου
379 2755 614 2821 ἐγένετο
651 2755 888 2825 μεγάλη,
919 2757 1014 2810 καὶ
1039 2760 1067 2810 ό
1094 2756 1246 2829 ἣλιος
1283 2755 1624 2811 συνέστειλεν
1651 2755 1750 2817 τὰς

165 2840 392 2912 ἀκτῖνας,
427 2847 533 2901 καὶ
560 2849 780 2913 ἐγένετο
811 2849 1054 2919 βροντῶν
1084 2845 1217 2921 ἦχος
1257 2848 1429 2913 πολὺς
1473 2847 1570 2902 καὶ
1596 2847 1752 2909 ὑετὸς

166 2933 400 3000 πλεῖστος
452 2937 603 3007 μετὰ
666 2940 912 3008 χαλάζης
967 2943 1072 3002 ῑως
1129 2941 1397 3012 ἑσπέρας,
1455 2940 1600 2994 ὥστε
1655 2939 1750 2994 καὶ

165 3028 425 3096 οίκὴματα
457 3028 638 3081 πολλὰ
679 3031 1050 3083 καταπίπτειν
1083 3033 1180 3084 καὶ
1224 3034 1459 3095 πολλοὺς
1485 3034 1750 3104 τεθνηκέ-

1844 546 2115 614 peribunt.
2149 543 2301 600 Hanc
2330 546 2592 602 visionem
2627 563 2749 602 cum
2781 548 2972 606 beatus
3003 550 3220 610 Marcus
3252 556 3422 612 vidis-

1843 646 1947 702 set,
1981 652 2176 692 manus
2205 650 2331 693 suas
2367 640 2423 693 in
2454 639 2650 695 ctelum
2669 642 2914 698 extendit
2945 659 3009 699 ac
3033 646 3167 702 dixit
3199 665 3212 720 ;
3240 668 3258 702 ‹
3281 650 3422 706 Gra-

1847 731 1951 786 tias
2001 745 2104 796 ago
2138 730 2255 799 tibi,
2303 730 2528 787 Domine
2571 734 2642 788 mi
2695 732 2825 789 Jesu
2872 735 3105 803 Christe,
3138 741 3280 810 quod
3314 756 3423 797 non

1846 818 2186 889 dereliquisti
2225 835 2334 885 me,
2361 823 2454 876 sed
2480 837 2603 877 cum
2631 823 2832 879 sanctis
2858 826 2965 881 tuis
3002 843 3088 882 me
3129 844 3428 887 connume-

1847 909 2003 963 rasti.
2037 909 2239 966 Precor
2282 919 2356 980 te,
2410 912 2639 969 Domine
2664 913 2794 970 Jesu
2822 915 3054 985 Christe,
3103 929 3159 974 ut
3192 923 3424 994 accipias

1848 1000 1902 1054 in
1943 1015 2074 1070 pace
2119 1003 2357 1058 animam
2407 1019 2608 1071 meam,
2663 1022 2840 1078 neque
2889 1025 2975 1065 me
3021 1014 3300 1082 reprobes,
3337 1026 3434 1070 aut

1848 1095 2107 1149 excludas
2150 1111 2178 1149 a
2230 1096 2404 1166 gratia
2449 1107 2592 1152 tua.)
2630 1097 2874 1170 Cumque
2905 1101 3019 1158 haec
3052 1105 3140 1160 ille
3188 1107 3428 1174 dixisset,

1850 1185 2110 1242 Dominus
2149 1185 2310 1244 Jesus
2351 1189 2604 1246 Christus
2653 1193 2720 1246 ad
2759 1208 2880 1248 eum
2921 1197 3069 1251 venit
3123 1198 3294 1267 ﬁgura
3340 1200 3432 1254 illa

1848 1294 2010 1349 quam
2041 1279 2294 1347 habebat,
2328 1297 2435 1351 quo
2481 1293 2726 1352 tempore
2757 1284 3073 1341 versabatur
3101 1303 3224 1343 cum
3267 1291 3433 1346 disci-

1849 1371 1990 1441 pulis
2024 1371 2158 1435 suis,
2207 1383 2260 1427 et
2310 1388 2414 1441 qua
2459 1373 2632 1429 forma
2680 1385 2820 1440 erat,
2866 1387 3160 1446 antequam
3212 1395 3433 1436 crucem

1849 1476 2067 1531 passus,
2110 1469 2166 1516 et
2205 1463 2452 1533 sepultus
2507 1464 2718 1521 fuisset.
2755 1465 2855 1533 Qui
2906 1475 2962 1522 et
3001 1467 3052 1524 ei
3101 1470 3239 1524 dixit
3272 1489 3285 1524 :
3320 1471 3434 1528 Pax

1851 1552 1969 1616 tibi,
2002 1551 2182 1606 Marce
2220 1555 2550 1622 evangelista
2601 1573 2779 1614 meus.
2812 1559 3012 1617 Beatus
3057 1577 3188 1618 vero
3215 1562 3433 1621 Marcus

1850 1644 2028 1698 dixit:
2056 1643 2165 1698 Pax
2198 1645 2316 1711 tibi,
2355 1645 2579 1702 Domine
2604 1647 2731 1704 Jesu
2767 1650 3002 1708 Christe.

1926 1734 2019 1791 IX.
2053 1735 2188 1792 Cum
2219 1752 2348 1793 vero
2379 1737 2497 1794 dies
2521 1740 2810 1808 illuxisset,
2850 1744 2998 1799 venit
3031 1744 3158 1801 illuc
3193 1749 3433 1806 civitatis

2258 1846 2379 1900 quae
2434 1837 2558 1886 cum
2608 1833 2758 1886 illum
2812 1835 3148 1893 eduxissete
3192 1855 3434 1908 carcere,

1852 1937 2041 1978 rursus
2084 1923 2136 1976 in
2179 1921 2298 1990 ejus
2347 1924 2546 1979 collum
2607 1923 2791 1980 funem
2841 1926 3163 1996 injecerunt,
3204 1948 3440 2003 eumque

1850 2016 2255 2084 pertrahentes,
2312 2016 2564 2070 dicebant
2624 2035 2638 2072 :
2694 2019 3004 2076 Trahamus
3060 2023 3316 2078 bubalum
3379 2026 3436 2081 in

1849 2105 2071 2160 bubulci
2121 2106 2420 2164 stabulum.
2469 2109 2540 2162 At
2595 2111 2784 2166 beatus
2830 2110 3046 2168 Marcus
3090 2129 3156 2170 eo
3202 2116 3437 2186 majores

1849 2199 2058 2270 gratias
2089 2199 2452 2270 omnipotenti
2505 2200 2736 2257 Domino
2773 2201 2904 2258 Jesu
2951 2205 3174 2263 Christo
3216 2211 3434 2278 agebat,

1851 2292 2040 2348 dicens
2091 2309 2106 2348 :
2163 2308 2183 2344 ε
2239 2292 2295 2346 ln
2343 2308 2539 2349 manus
2601 2303 2744 2359 tuas,
2804 2295 3052 2364 Domine,
3108 2303 3433 2357 commendo

1849 2385 2101 2454 spiritum
2137 2399 2319 2440 meum
2342 2385 2364 2416 '
2395 2402 2412 2441 :
2454 2403 2472 2438 υ
2511 2386 2759 2457 Cumque
2792 2389 2896 2444 hoc
2923 2386 3178 2458 dixisset,
3209 2393 3438 2448 tradidit

1853 2477 1964 2533 Deo
1990 2478 2264 2547 spiritum.
2297 2477 2590 2548 impiorum
2620 2495 2750 2536 vero
2779 2479 3094 2538 Grecorum
3121 2484 3434 2549 multitudo.

1851 2581 1973 2621 cum
2017 2568 2220 2637 ignem,
2257 2581 2323 2622 eo
2356 2567 2409 2621 in
2443 2566 2562 2622 loco
2594 2568 2686 2638 qui
2725 2570 3060 2639 Angelorum
3098 2573 3318 2626 nomine
3342 2588 3438 2642 ap-

1853 2658 2108 2729 pellatur,
2169 2660 2532 2726 accendisset,
2597 2659 2740 2715 illius
2812 2661 2913 2716 viri
2982 2661 3117 2730 justi
3181 2665 3440 2735 reliquias

1852 2753 2229 2809 comburebat.
2259 2753 2416 2809 Tunc
2449 2754 2663 2808 Domini
2694 2763 2748 2808 et
2774 2753 3075 2810 Salvatoris
3107 2756 3278 2812 nostri
3306 2755 3437 2812 Jesu

1850 2842 2054 2898 Christi
2107 2843 2448 2913 providentia
2500 2843 2704 2898 factum
2755 2856 2861 2912 est,
2896 2856 2956 2901 ut
3005 2847 3164 2903 turbo
3209 2849 3430 2918 quidam

1852 2945 2191 3005 erumperet,
2224 2945 2279 2990 et
2327 2944 2620 3004 tempestas
2670 2951 2864 3006 magna
2917 2939 3088 3002 iteret,
3121 2949 3176 2994 et
3208 2939 3291 2995 sol
3323 2941 3439 3010 ipse

1849 3027 2036 3083 radios
2093 3040 2220 3081 suos
2286 3030 2662 3094 contraheret,
2724 3027 3078 3098 tonitrusque
3135 3040 3194 3086 et
3241 3045 3436 3087 eorum

166 3132 260 3170 ναι.
285 3118 630 3189 Φοδηθέντες
657 3121 716 3175 δὲ
752 3122 981 3176 ὲάσαντο
1017 3122 1276 3193 λείψανον
1317 3124 1414 3177 τοῦ
1451 3126 1608 3192 ἁγίου
1655 3127 1746 3179 καὶ

1853 3117 2069 3172 sonitus
2113 3116 2318 3170 multus
2368 3117 2672 3184 audiretur,
2718 3118 2950 3186 plurima
2989 3134 3209 3190 quoque
3257 3122 3439 3191 pluvia

165 3205 369 3276 ιφιγον.
399 3184 635 3280 Ἕτεροι
672 3211 730 3265 δὲ
765 3184 1220 3284 διαχλευάζοντες
1267 3213 1478 3284 ελεγον,
1499 3184 1587 3278 ’ὥς
1608 3215 1690 3269 ὅτι
1717 3219 1746 3271 ὁ

1853 3223 1975 3262 cum
2002 3207 2270 3279 grandine
2293 3207 2578 3263 contmista
2604 3223 2772 3278 usque
2791 3207 2859 3262 ad
2886 3223 3164 3278 vesperam
3192 3212 3438 3280 duraret,

167 3303 567 3373 τρισμακάριος
616 3304 859 3373 Σέραπις
915 3306 1097 3359 αὐτῶν
1137 3305 1238 3373 τὴν
1286 3305 1595 3378 ἐπισκοπὴν
1649 3305 1744 3362 τοῦ

1853 3301 1926 3356 ita
1973 3309 2031 3354 ut
2070 3300 2302 3355 aediﬁcia
2356 3299 2520 3353 multa
2566 3309 2910 3366 corruerent,
2939 3309 2996 3357 et
3032 3301 3282 3360 homines
3325 3320 3433 3362 non

169 3390 340 3460 ἀνδρὸς
372 3398 685 3463 ἐποιήσατο
713 3398 802 3448 διὰ
831 3397 890 3448 τὸ
923 3397 1090 3450 αὑτοῦ
1121 3398 1420 3466 γενέθλιον.

1853 3393 2012 3464 pauci
2039 3392 2240 3447 mortui
2270 3392 2551 3450 caderent.
2585 3390 2714 3462 Ejus
2750 3393 2919 3464 igitur
2967 3397 3047 3452 rei
3077 3397 3274 3454 timore
3308 3413 3432 3469 per-

173 3484 316 3550 (υἱεῖ,
380 3487 654 3556 reliquias
704 3490 878 3543 sancti
947 3489 1112 3543 Marci
1156 3491 1569 3559 dereliquerunt
1619 3507 1683 3545 ac
1747 3492 2019 3560 fugerunt.
2072 3487 2179 3543 Alii
2236 3502 2364 3542 vero
2435 3485 2726 3543 irridentes
2793 3486 3066 3556 dicebant,
3119 3488 3436 3548 beatissima

172 3578 364 3634 illorum
403 3581 696 3651 Serapidis
737 3586 1073 3648 providentia
1112 3586 1226 3641 haec
1284 3587 1336 3640 in
1373 3587 1461 3642 illo
1500 3589 1619 3642 viro
1660 3586 1830 3642 fuisse
1858 3585 2002 3639 facta
2035 3594 2258 3652 propter
2283 3582 2516 3636 natalem
2557 3584 2728 3650 ipsius
2756 3585 2921 3640 diem.

230 3676 279 3730 l'.
309 3678 442 3732 Τότε
507 3678 768 3744 ελθόντες
827 3682 1022 3752 ἄνδρες
1073 3685 1347 3749 εὐλαϐεῖς,
1397 3685 1748 3740 συνέστειλαν

169 3763 402 3834 λείψανον
455 3769 553 3823 τοῦ
619 3770 830 3826 δικαίου
877 3773 986 3827 ἀπὸ
1024 3775 1122 3845 τῆς
1143 3776 1349 3845 τέφρας
1381 3778 1476 3829 καὶ
1508 3778 1748 3848 ἡνεγκαν

169 3859 283 3910 ὅπου
311 3861 407 3923 τὰς
436 3864 618 3931 εὐχὰς
641 3865 821 3916 αὐτῶν
847 3867 943 3918 καλ⁵
964 3868 1062 3930 τὰς
1086 3867 1407 3940 ψαλμῳδίας
1432 3868 1743 3934 ἐπετέλουν,

171 3951 250 4004 καὶ
271 3953 579 4022 εκήδευσαν
617 3954 782 4006 αὑτὸν
840 3956 1026 4021 καθὼς
1057 3961 1179 4024 ἔθος
1207 3965 1275 4032 τῇ
1309 3962 1485 4024 πόλει,
1521 3961 1617 4015 καὶ
1638 3962 1746 4017 ἀπ-

168 4041 332 4100 έθεντο
379 4049 439 4100 εν
473 4047 640 4116 τόπῳ
692 4046 1124 4119 λελατομημένῳ
1187 4054 1415 4119 ἐνδόξως
1463 4055 1748 4118 τελοῦντες

168 4135 313 4190 αὖτοῦ
334 4141 432 4209 τὴν
462 4141 700 4211 μνήμην
727 4141 866 4210 μετὰ
891 4143 1260 4212 σωφροσύνων
1283 4147 1378 4199 καὶ
1403 4145 1748 4215 προσευχῶν,

167 4223 231 4287 ὡς
256 4227 468 4296 πρῶτον
502 4232 805 4300 κειμήλιον
835 4233 895 4285 ὲν
951 4233 1339 4306 ’Δλεξανδρείᾳ
1395 4235 1750 4306 κεκτημένοι,

1925 3682 1996 3739 X.
2029 3681 2184 3736 Tunc
2212 3690 2480 3735 venerunt
2512 3680 2761 3736 homines
2805 3680 3042 3752 religiosi
3081 3691 3138 3740 et
3165 3686 3268 3742 viri
3298 3687 3436 3758 justi

1851 3777 2111 3845 reliquias
2139 3789 2168 3830 a
2199 3776 2387 3831 cinere
2416 3784 2788 3836 secreverunt,
2818 3784 2982 3844 atque
3010 3778 3064 3831 in
3093 3793 3216 3832 eum
3252 3780 3429 3835 locum

1849 3866 2113 3929 tulerunt,
2171 3864 2260 3916 ubi
2323 3877 2514 3932 preces
2572 3870 2628 3918 et
2676 3862 2914 3931 psalmos
2977 3879 3106 3922 suos
3161 3869 3430 3936 canebat;

1849 3957 2074 4027 ejusque
2103 3954 2266 4010 {unus
2296 3962 2582 4021 curarunt,
2617 3961 2678 4008 ut
2708 3955 2950 4011 civitatis
2984 3972 3100 4013 mos
3139 3969 3282 4016 erat.
3322 3961 3432 4017 Re-

1847 4049 2046 4118 liquias
2075 4058 2256 4102 autem
2297 4047 2667 4116 deposuerunt
2693 4047 2749 4100 in
2784 4046 2905 4102 loco
2943 4047 3137 4103 illustri
3169 4066 3200 4105 e
3232 4051 3430 4120 1³ρίάί-

1847 4143 1952 4196 bus
2000 4138 2209 4201 exciso,
2249 4138 2420 4206 ipsius
2475 4138 2797 4190 memoriam
2848 4138 3030 4194 sobrie
3067 4149 3124 4196 et
3171 4141 3260 4212 pie
3302 4156 3428 4200 cum

1847 4232 2102 4303 precibus
2133 4229 2504 4293 celebrantes,
2540 4244 2650 4300 quo
2683 4229 2816 4286 nihil
2853 4233 3148 4300 pretiosius
3188 4237 3429 4293 Alexan-

168 4318 249 4370 καὶ
276 4321 351 4385 είς
375 4323 437 4374 τὸ
460 4323 796 4376 ἀνατολικὸν
830 4325 1000 4397 μέρος
1029 4327 1318 4383 ἀπέθεντο.
1387 4329 1692 4402 Ἑκοιμήθη
1722 4329 1746 4381 δ

1853 4326 2004 4379 drina
2024 4324 2215 4380 civitas
2237 4322 2573 4392 possidebat.
2613 4322 2738 4378 Illas
2759 4336 2939 4381 autem
2965 4327 3220 4398 reliquias
3238 4328 3432 4387 Orien-

168 4412 420 4479 μακάριος
444 4414 690 4483 Μάρκος
714 4414 744 4466 ό
783 4416 1183 4489 εὐαγγελιστὴς
1215 4419 1312 4472 καὶ
1340 4422 1746 4491 πρωτομάρτυς

1853 4425 1958 4469 tem
2007 4429 2204 4470 versus
2260 4412 2623 4471 collocarunt.
2681 4413 2864 4468 Codex
2921 4415 3035 4471 IIS.
3091 4422 3255 4473 etiam
3314 4423 3432 4477 hac

165 4495 247 4548 τοῦ
277 4500 480 4583 Κυρίου
535 4499 708 4570 ἡμῶν
752 4503 929 4573 Ἰησοῦ
978 4507 1220 4577 Χριστοῦ
1268 4509 1328 4562 ὲν
1363 4507 1745 4580 Ἀλεξανδρείᾳ

1853 4506 2000 4562 addit
2034 4524 2048 4561 :
2091 4504 2215 4560 Fuit
2248 4513 2430 4558 autem
2477 4504 2654 4559 forma
2685 4505 2990 4564 beatissimi
3026 4509 3194 4569 Marci
3238 4514 3425 4583 hujus-

166 4589 220 4655 τῇ
252 4575 380 4662 πρὸς
392 4593 688 4662 Αιγυπτον
716 4596 847 4666 μηνὶ
868 4596 989 4650 κατ’
1007 4575 1341 4666 Ᾰίγυπτίους
1371 4575 1652 4671 Φαρμουθὶ
1677 4575 1746 4664 λ’..

1853 4598 2046 4653 modi:
2084 4596 2269 4666 Longo
2318 4611 2473 4664 naso,
2525 4598 2794 4655 subducto
2844 4603 3153 4672 supercilio,
3207 4575 3434 4678 pulcher

169 4681 293 4735 κατὰ
313 4683 366 4737 δὲ
411 4684 736 4757 Ῥωμαίους
764 4689 900 4758 πρὸς
925 4688 993 4743 τε
1023 4691 1323 4746 Καλανδῶν
1349 4692 1545 4746 Matth
1568 4707 1583 4724 ο
1604 4691 1746 4746 κατὰ

1853 4690 2039 4754 oculis,
2093 4691 2445 4754 recalvaster,
2495 4693 2701 4760 prolixa
2747 4694 2935 4760 barba,
2981 4696 3158 4763 velox,
3215 4702 3434 4759 habito-

166 4773 214 4828 ἃ
251 4777 537 4852 Ἐὕραίους
570 4781 897 4854 Νισαδρίων
950 4787 1414 4859 ἑπτακαιδεκάτῃ,
1471 4790 1562 4841 ἐπὶ
1596 4789 1746 4859 βασι-

1853 4783 1992 4838 diuis
2037 4784 2277 4853 optime,
2318 4783 2494 4837 aetatis
2521 4784 2733 4849 mediae,
2779 4787 2934 4842 canis
2975 4802 3250 4858 aspersus,
3297 4795 3432 4853 affe-

170 4866 303 4956 λείας
330 4871 495 4926 Γαΐου
528 4874 798 4945 Τισερίου
829 4875 1106 4948 Καίσαρος
1132 4895 1144 4910 ·
1177 4881 1320 4932 κατὰ
1340 4879 1398 4933 δὲ
1442 4881 1591 4950 ἡμᾶς
1621 4881 1746 4944 τοὺς

1854 4876 2036 4932 ctione
2064 4875 2376 4938 continens,
2409 4876 2585 4944 gratia
2635 4873 2732 4932 Dei
2781 4876 2995 4946 plenus.
3026 4880 3225 4939 Beatus
3265 4886 3435 4956 igitur

170 4955 519 5030 Χριστιανοὺς
570 4961 962 5034 βασιλεύοντος
994 4966 1089 5020 τοῦ
1126 4969 1335 5038 Κυρίου
1375 4970 1535 5040 ὴμῶν
1569 4969 1746 5039 Ἰησοῦ

1857 4968 2072 5024 Marcus
2144 4967 2500 5035 evangelista,
2570 4970 2778 5040 primus
2840 4973 3043 5029 Christi
3096 4955 3307 5049 martyr
3372 4982 3427 5035 in

172 5053 413 5128 Χριστοῦ,
476 5054 524 5129 ᾦ
559 5062 594 5132 ἠ
631 5058 762 5125 δόξα
796 5064 892 5114 καὶ
940 5062 1002 5116 τὸ
1035 5067 1236 5135 κράτος
1272 5063 1354 5127 είς
1387 5064 1513 5126 τοὺς
1543 5063 1746 5126 αίῶνας

1859 5061 2082 5134 Egypti
2145 5061 2496 5129 Alexandria,
2553 5076 2762 5132 mense,
2809 5067 2904 5136 qui
2952 5069 3094 5137 apud
3148 5068 3432 5141 Egyptios

171 5147 263 5200 τῶν
291 5152 529 5208 αἰώνων.
578 5154 785 5224 ’Δμήικ

1861 5153 2308 5220 Pharmutias,et
2326 5156 2468 5224 apud
2493 5153 2749 5213 ﬂebratos
2771 5156 2934 5213 Nisan
2959 5160 3433 5233 dicitur,septimo

175 5237 418 5303 Kalendas
485 5247 648 5314 Ilaii,
707 5258 768 5302 ut
819 5245 1048 5305 Romani
1113 5260 1418 5314 numerant,
1483 5251 1587 5306 hoc
1645 5257 1749 5313 est,
1794 5247 1995 5317 Aprilis
2042 5247 2298 5302 vicesimo
2349 5247 2560 5318 quinto,
2600 5250 2754 5315 obiit,
2811 5253 3138 5324 imperatore
3201 5258 3428 5316 Claudio

176 5333 366 5395 Nerone
388 5341 616 5401 Czsare
647 5360 664 5396 :
696 5340 857 5396 nobis
878 5353 1058 5398 autem
1120 5340 1450 5399 Christianis
1519 5345 1822 5411 imperante
1865 5340 2094 5396 Domino
2150 5352 2340 5397 nostro
2389 5341 2520 5401 Jesu
2570 5344 2825 5413 Christo;
2873 5351 2961 5406 cui
3017 5351 3188 5421 gloria
3241 5365 3326 5410 est
3375 5364 3431 5410 et

177 5428 439 5501 imperium
478 5450 609 5491 cum
646 5433 811 5490 Patre
855 5444 912 5490 et
942 5434 1150 5506 Spiritu
1196 5445 1410 5501 sancto,
1444 5436 1497 5492 in
1550 5432 1745 5490 sacula
1782 5431 2124 5498 saeculorum,
2157 5431 2354 5489 Amen.

236 5551 253 5581 '
277 5550 402 5610 Luc.
430 5571 599 5620 xxm,
634 5553 731 5610 ιε.

413 5872 707 5930 Ριτιιοι..
745 5868 865 5928 Gn.
929 5871 1113 5932 CXV.

3013 5884 3047 5945 6
