3966 6482
575 392 680 461 175

1869 401 2151 461 MENSlS
2184 404 2507 467 APRlLlS.

3700 418 3802 485 176

572 526 693 563 nem
725 520 776 564 et
810 509 959 565 fabas
992 510 1047 562 in
1081 522 1233 565 cena
1287 512 1647 580 apposuisset,
1700 523 1753 566 et
1802 529 1899 581 pro
1936 515 2124 569 viribn:

2250 518 2343 568 καὶ
2366 519 2578 571 δεῖπνον
2598 522 2779 585 αὐτοῖς
2815 524 3101 593 παραθεὶς,
3137 527 3299 593 ἄρτον
3322 546 3386 581 τε
3422 530 3516 582 καὶ
3546 537 3815 600 κυάμους,

570 604 875 657 convivium
906 604 1270 665 etltibuisSet,
1320 604 1511 658 deinde
1564 620 1623 660 se
1664 621 1783 660 esse
1826 608 2140 661 Anthimum

573 695 868 750 renuntiat.
905 695 1057 761 Quod
1078 696 1295 764 quidem
1324 710 1442 749 cum
1470 696 1541 749 illi
1568 696 1923 760 amlivissent,
1949 712 2144 767 prope-

570 790 789 843 modum
820 789 1236 856 obstupuerunt,
1265 797 1318 842 et
1350 803 1447 842 nec
1504 789 1570 842 ad
1622 788 1762 842 illius
1789 790 2005 859 quidem
2051 806 2141 843 ea-

566 896 672 937 nos
711 891 961 949 poterant
1012 883 1239 934 omnino
1290 881 1507 939 intueri.
1565 892 1876 950 reputantes
1922 883 2136 952 quidem

570 989 843 1035 mensam,
872 984 929 1026 et
971 987 1203 1037 caenam,
1243 981 1296 1025 et
1347 971 1666 1040 hospitium,
1726 987 1913 1027 rursus
1960 983 2136 1026 autent

564 1070 890 1137 eugitantes,
935 1082 1165 1135 quanam
1206 1073 1272 1120 de
1306 1080 1495 1131 causa,
1527 1076 1579 1119 et
1610 1077 1828 1135 propter
1865 1066 1992 1136 quid
2038 1067 2135 1120 du-

565 1159 707 1212 cturi
740 1167 914 1213 essent
945 1172 1067 1212 eum
1092 1159 1156 1211 ad
1189 1156 1595 1221 Masimianum,
1628 1158 1693 1210 ad
1718 1168 1960 1211 extrema
1992 1157 2138 1210 scili-

563 1259 650 1304 cel
683 1250 842 1315 mala,
874 1260 929 1303 et
960 1259 1168 1303 certum
1212 1248 1565 1317 supplicium.
1626 1248 1781 1314 Quod
1812 1248 2028 1317 quidem
2081 1256 2135 1299 ct

559 1358 748 1398 eorum
775 1342 973 1395 animis
1006 1340 1263 1409 majorem
1285 1339 1546 1393 afferebat
1576 1340 1839 1400 dolorem,
1872 1337 2135 1392 eteﬂlcie—

561 1440 680 1498 bat,
706 1445 764 1487 ut
789 1434 927 1501 apud
957 1433 1273 1486 Antltirnum
1300 1432 1703 1486 erubescerent.
1739 1429 1846 1485 Hac
1875 1431 1939 1485 de
1969 1445 2131 1485 causa

557 1541 681 1580 cum
715 1540 777 1580 os
813 1525 956 1579 illius
993 1523 1290 1577 veridicum
1330 1522 1591 1575 haberent
1623 1521 1740 1590 ejus
1778 1520 2038 1587 indicem,
2078 1533 2132 1576 et

558 1632 625 1670 ex
671 1615 786 1683 ejus
838 1616 1019 1684 lingua
1056 1613 1423 1682 intelligerent
1473 1628 1593 1668 eum
1630 1626 1751 1667 esse
1790 1614 2127 1679 Anthimum,

554 1726 678 1763 eum
704 1711 951 1763 lubenter
979 1704 1342 1766 dimittebant,
1392 1715 1446 1759 et
1475 1716 1533 1760 ut
1578 1706 1878 1769 recederet,
1930 1707 2129 1761 suade-

556 1805 684 1858 bant
722 1803 1009 1856 :seiebant
1036 1799 1180 1852 enim
1214 1798 1347 1851 nihil
1371 1800 1494 1851 boni
1528 1799 1575 1853 ei
1595 1814 1717 1853 esse
1742 1814 2122 1853 successurum

553 1909 622 1949 ex
650 1909 748 1948 suo
782 1896 1009 1947 adventu
1042 1892 1108 1946 ad
1143 1891 1557 1945 Maximianum.
1616 1889 1782 1947 Nobis
1844 1903 2024 1946 autem
2054 1892 2121 1947 ad

554 1998 823 2052 nostram,
861 1986 1104 2049 aiebant,
1145 1983 1339 2038 sul'licit
1372 1981 1762 2049 defensionem,
1807 1984 2121 2038 Antbimum

551 2084 768 2150 quidem
803 2081 1030 2134 multum
1064 2076 1380 2146 quaasivisse
1408 2091 1503 2145 per
1539 2076 1843 2131 universam
1874 2076 2123 2129 Nicome-

552 2176 724 2239 diam,
760 2187 864 2227 non
891 2172 1135 2243 potuisse
1183 2180 1362 2225 tamen
1400 2185 1521 2223 eum
1574 2171 1834 2224 invenire.
1893 2168 1996 2225 Sed
2028 2169 2120 2238 qui

551 2265 645 2323 Dei
682 2275 949 2335 pracepta
990 2278 1208 2331 semper
1262 2262 1624 2315 meditabatur
1672 2262 1983 2325 Antbimus,
2032 2275 2125 2314 eos

550 2358 781 2414 omnino
813 2356 1113 2410 adhortans
1149 2362 1202 2407 et
1232 2353 1457 2415 docens,
1487 2360 1545 2405 ut
1576 2352 1852 2405 veritatem
1895 2353 2123 2420 loquan-

549 2461 640 2506 tur
671 2456 724 2503 tn
760 2448 923 2501 corde
952 2460 1072 2508 suo.
1127 2455 1181 2499 et
1234 2459 1335 2499 nec
1367 2443 1488 2498 illos
1541 2453 1757 2513 propter
1816 2445 1989 2515 ipsum
2042 2445 2120 2499 vel

554 2541 689 2597 solis
726 2540 893 2595 labris
953 2537 1172 2593 mentiri
1215 2538 1517 2600 sustinens,
1546 2545 1597 2589 et
1629 2536 1737 2590 alio
1775 2537 1864 2605 qui
1906 2549 2123 2605 propter

474 2633 479 2637 ’
547 2633 830 2689 Christum
859 2640 1091 2686 mortem
1133 2629 1350 2694 sitiens,
1398 2642 1504 2681 una
1565 2643 1684 2682 cum
1738 2630 1820 2683 eis
1864 2628 2009 2683 illinc
2039 2640 2123 2683 est

552 2723 849 2797 profectus,
900 2730 952 2776 et
988 2721 1091 2774 iter
1132 2721 1271 2774 iniit.
1342 2719 1473 2775 Cum
1523 2734 1618 2774 eos
1659 2732 1838 2774 autem
1896 2721 2119 2773 multum

548 2828 694 2873 esset
717 2818 1034 2871 exhortatus
1056 2815 1121 2867 ad
1154 2812 1431 2881 pietatem,
1459 2820 1513 2864 et
1564 2812 1629 2865 de
1664 2809 1860 2864 futuris
1890 2825 2011 2863 cum
2041 2812 2123 2865 eis

551 2910 924 2969 disseruisset,
969 2905 1091 2959 etsi
1122 2904 1248 2973 quid
1273 2903 1352 2956 eis
1399 2902 1591 2956 durum
1645 2910 1699 2957 et
1747 2916 2000 2970 asperum
2056 2917 2119 2956 ex

551 3003 750 3071 pietate
776 3000 973 3061 inerat,
996 2997 1047 3051 id
1081 2994 1389 3065 levigasset,
1418 3002 1473 3049 et
1511 2993 1935 3063 complanasset,
1960 3006 2008 3050 et
2039 2997 2119 3051 eis

550 3094 743 3148 animae
782 3105 971 3161 agrum
1000 3088 1285 3149 tuendum,
1313 3096 1369 3140 et
1394 3085 1458 3138 ad
1489 3086 1704 3155 pietatis
1729 3102 1912 3142 semen
1946 3088 2120 3143 susci-

2247 610 2427 672 καὶὼς
2456 608 2570 680 εἶχε
2599 614 2780 681 χειρὸς
2813 616 3210 683 καὶδυνάμεως
3239 621 3515 683 ἑστιάσας.
3552 622 3669 674 εἶτα
3694 625 3822 676 tau-

2242 699 2332 751 τὸν
2386 695 2525 754 εἶναι
2577 702 2669 754 τὸν
2704 706 2964 772 Ἀνϐιμον
3018 708 3391 774 ἀπαγγέλλει·
3446 713 3581 780 ὅπερ
3622 717 3819 765 ἐκεῖνοι

2242 788 2594 852 ἀκούσαντες,
2630 790 2813 859 ὀλίγου
2858 793 2965 845 δεῖν
2994 796 3343 863 ἐπεπήγεσαν
3390 800 3482 850 καὶ
3514 801 3634 852 οὐδὲ
3670 806 3818 852 ἀντι-

2241 878 2461 931 ϐλέπειν
2493 885 2572 943 εἰς
2624 882 2722 951 τὴν
2758 884 2976 936 ἐκείνου
3019 886 3211 939 πολιὰν
3252 890 3457 956 ἴσχυον,
3500 891 3818 958 ἀναλογιζό-

2242 986 2393 1037 μενοι
2440 972 2537 1040 μὲν
2586 973 2684 1042 τὴν
2722 975 3025 1042 τράπεζαν,
3076 979 3173 1030 καὶ
3220 980 3277 1030 τὸ
3323 981 3558 1044 δεῖπνον,
3595 984 3687 1034 καὶ
3718 988 3816 1053 τὴν

2241 1060 2441 1123 ξενίαν.
2488 1062 2913 1134 ἘνΟυμοιίμενοι
2938 1066 2993 1119 δὲ
3030 1069 3212 1130 πάλιν,
3252 1070 3374 1122 ὅτου
3413 1072 3575 1125 ἕνεκα
3611 1075 3704 1125 καὶ
3732 1075 3816 1142 ἐφ’

2237 1153 2343 1222 ὅτῳ
2372 1154 2619 1223 μέλλοιεν
2646 1155 2810 1208 αὐτὸν
2843 1157 2995 1226 παρά
3019 1160 3363 1229 Μαξιμιανδν
3382 1165 3632 1231 ἀγαγεῖν,
3658 1166 3819 1234 δῆλον

2237 1246 2476 1308 πάντως,
2509 1244 2584 1307 ὼς
2637 1248 2729 1298 ἐπὶ
2761 1250 2951 1309 κακοῖς
2990 1250 3239 1317 ἐσχάτοις
3273 1252 3364 1303 καὶ
3404 1256 3817 1325 ὁμολογουμένῃ

2237 1336 2509 1406 τιμωρία·
2542 1337 2568 1390 δ
2603 1338 2667 1407 δὴ
2702 1340 2795 1391 καὶ
2830 1340 3033 1407 μᾶλλον
3063 1341 3254 1396 ἐλύπει
3283 1360 3341 1395 τε
3370 1346 3547 1397 αὐτῶν
3575 1352 3672 1409 τας
3712 1351 3814 1416 ψυ-

2233 1432 2333 1497 χὰς
2359 1430 2613 1499 καὶπρὸς
2650 1431 2738 1482 τὸν
2794 1433 3055 1501 Ἀνθιμον
3094 1434 3276 1499 αἰδοῦς
3306 1438 3596 1491 ἀνεπίπλα.
3632 1442 3817 1511 Ταύτῃ

2234 1535 2315 1571 τοι
2349 1521 2442 1572 καὶ
2481 1524 2729 1592 μηνυτὴν
2758 1525 2850 1575 τοῦ
2876 1524 3071 1594 ἀνδρὸς
3102 1526 3307 1597 ἀψευδῆ
3335 1528 3393 1580 τὸ
3418 1529 3629 1581 ἐκείνου
3660 1533 3814 1601 ἕχον-

2232 1627 2320 1672 τες
2350 1614 2528 1681 στόμα
2572 1615 2666 1667 καὶ
2697 1614 2771 1677 ὡς
2804 1616 2966 1677 αὐτὸς
3001 1618 3261 1688 ’Δνθιμος
3294 1621 3379 1689 εἴη
3411 1624 3560 1691 παρά
3592 1624 3689 1693 τῆς
3719 1628 3818 1678 αὐ-

2230 1704 2323 1758 τοῦ
2356 1706 2601 1776 γλώττης
2634 1710 3019 1777 μανθάνοντες,
3078 1714 3229 1780 ὅμως
3286 1715 3517 1783 ἠφίεσάν
3562 1735 3619 1770 τε
3650 1720 3816 1772 αὐτὸν

2230 1800 2447 1861 ἑκόντες
2480 1801 2576 1853 καὶ
2609 1801 2915 1871 ὑποχωρεῖν
2950 1804 3381 1873 προετρέποντο·
3423 1808 3643 1876 ᾕδεισαν
3677 1814 3812 1881 γὰρ,

2226 1889 2302 1953 ὠς
2351 1891 2504 1943 οὐδὲν
2545 1892 2785 1961 χρηστὸν
2842 1894 2940 1962 τῆς
2974 1895 3123 1964 παρὰ
3173 1896 3521 1964 Μαξιμιανοῦ
3574 1903 3813 1965 ἀφίξεως

2224 1984 2542 2036 ἀπολαύσοι.
2584 1985 2741 2054 Ἡμῖν
2763 1984 2817 2037 δὲ
2848 1985 3086 2056 ἀπόχρη,
3118 1986 3349 2054 ἔφασαν,
3381 1991 3461 2051 είς
3490 1990 3811 2057 ἀπολογίαν,

2222 2075 2284 2127 τὸ
2314 2075 2486 2128 πολλὰ
2518 2076 2618 2145 μὲν
2648 2079 2739 2130 τὸν
2766 2078 3028 2148 Ἀνϐιμον
3052 2082 3153 2133 ἀνὰ
3189 2081 3289 2150 τὴν
3313 2082 3674 2152 Νικομηδέων
3701 2090 3813 2139 πᾶ-

2226 2184 2323 2221 σαν
2360 2168 2618 2239 ζητῆσαι,
2650 2172 2798 2240 ὅμως
2824 2172 2881 2223 δὲ
2920 2175 2994 2241 μὴ
3025 2173 3321 2243 δυνηθῆναι
3358 2178 3630 2245 ἀνευρεῖν.
3658 2179 3809 2230 Ἀλλ’

2224 2262 2256 2329 ὴ
2301 2262 2407 2314 τῶν
2440 2262 2667 2314 ἐντολῶν
2722 2263 2816 2315 τοῦ
2849 2262 2985 2315 Θεοῦ
3018 2266 3239 2334 μελέτη,
3282 2269 3310 2318 δ
3344 2269 3488 2337 ίερὸς
3543 2272 3634 2323 τοῦ
3665 2272 3809 2324 Θεοῦ

2227 2353 2512 2421 ’Λνθιμος,
2546 2354 2725 2407 λαλεῖν
2752 2355 3009 2424 ἀλήθειαν
3037 2359 3093 2407 ἐν
3115 2360 3312 2429 καρδία
3339 2362 3545 2427 πάντας
3574 2382 3816 2436 προτρε-

2223 2444 2459 2512 πόμενος
2490 2446 2582 2495 καὶ
2612 2444 2904 2509 διδάσκων,
2932 2447 3162 2509 ἐκείνοις
3207 2451 3341 2517 μηδὲ
3389 2454 3445 2505 ὲν
3477 2457 3661 2521 μονοις
3692 2462 3812 2515 τοῖς

2222 2536 2424 2605 χείλεσι
2458 2534 2763 2604 ψεύσασθαι
2814 2536 2880 2589 δι’
2926 2538 3090 2589 αὑτὸν
3130 2539 3479 2609 ἀνεχόμενος,
3537 2544 3712 2606 ἄλλως
3754 2550 3811 2600 δὲ

2222 2627 2316 2679 καὶ
2343 2628 2432 2677 τὸν
2471 2627 2610 2694 ὑπὲρ
2666 2626 2904 2695 Χριστοῦ
2955 2628 3125 2697 διψῶν
3179 2630 3425 2697 θάνατον,
3459 2639 3814 2707 συναπήρετο

2223 2723 2406 2783 αὐτοῖς
2437 2722 2646 2773 ὲκεῑοεν
2680 2724 2774 2773 καί
2836 2722 2959 2774 ὀδοῦ
3021 2723 3216 2791 εἴχετο.
3278 2728 3458 2782 Πολλὰ
3504 2733 3561 2783 δὲ
3593 2734 3813 2799 τούτοις

2225 2813 2361 2880 πρὸς
2394 2812 2682 2865 εὐσέϐειαν
2705 2816 3044 2883 παραινέσας
3082 2819 3173 2868 καὶ
3202 2821 3332 2887 περὶ
3357 2821 3465 2871 τῶν
3500 2824 3815 2889 μελλόντων

2220 2902 2509 2968 διεξελθὼν
2549 2906 2639 2957 καὶ
2675 2906 2782 2957 πᾶν
2817 2908 2869 2958 εἴ
2899 2923 2950 2958 τι
2988 2908 3223 2978 σκληρὸν
3256 2911 3364 2962 ἀπὸ
3400 2912 3497 2979 τῆς
3550 2915 3814 2980 ἀσεϐείας

2222 2997 2402 3059 αὐτοῖς
2439 2998 2470 3069 ἢ
2504 2998 2801 3050 ἀντίτυπον
2851 3000 3151 3070 ἑνυπῆρχε,
3206 3002 3401 3065 λεάνας
3434 3021 3489 3056 τε
3531 3007 3661 3059 αὐτὸ
3711 3012 3813 3063 καὶ

2221 3088 2561 3156 διομαλίσας,
2588 3092 2680 3140 καὶ
2710 3090 2960 3158 καθαρὰν
2985 3093 3168 3153 αὐτοῖς
3189 3095 3287 3163 τὴν
3310 3096 3406 3164 τῆς
3429 3096 3602 3167 ψυχῆς
3637 3100 3811 3168 ἄρου-

550 3185 806 3255 piendum
862 3187 1047 3249 aptum
1084 3176 1431 3240 reddidisset,
1464 3175 1680 3230 divinas
1711 3178 1860 3244 prius
1895 3177 2121 3231 eﬂ'undit

2229 3197 2324 3249 ραν
2360 3181 2453 3231 καὶ
2509 3181 2587 3241 είς
2647 3181 2930 3247 εὐσεϐείας
2998 3188 3201 3253 σπόρον
3252 3188 3568 3257 ἐπιτηδείαν
3622 3207 3813 3260 παρα-

551 3291 738 3342 preces
770 3290 786 3327 :
813 3260 1009 3329 deinde
1047 3283 1168 3325 cum
1208 3267 1429 3323 ﬂuvium
1460 3267 1778 3325 oli‘endisset
1826 3270 1878 3324 iu
1910 3271 2121 3338 itinere,

558 3383 654 3423 eos
690 3366 952 3435 baptizat,
1012 3372 1066 3416 et
1106 3364 1206 3417 iter
1258 3376 1447 3416 rursus
1476 3374 1711 3432 emptum
1764 3366 2124 3434 persequitur,

554 3462 725 3514 donec
758 3456 900 3511 venit
930 3457 982 3510 in
1016 3454 1312 3518 civitatem,
1343 3463 1395 3508 et
1417 3454 1483 3508 ad
1520 3454 1752 3509 tribunal
1793 3460 2001 3527 tyranni
2044 3458 2125 3511 in-

554 3549 815 3619 greditur.
871 3563 1012 3617 pone
1048 3547 1265 3616 quidem
1298 3560 1489 3599 manus
1546 3547 1780 3601 vinetus.
1838 3547 1928 3601 Sic
1982 3551 2123 3602 enim

554 3653 775 3714 propter
820 3643 1077 3712 pietatem
1129 3638 1435 3709 oportebat,
1492 3648 1743 3708 tanquam
1799 3640 2121 3705 maletieum,

566 3738 684 3794 sisti
723 3748 848 3791 ante
890 3736 1269 3803 imperatorem
1307 3751 1320 3786 :
1360 3742 1595 3786 mentem
1638 3743 1817 3787 autem
1851 3736 1915 3787 ad
1960 3736 2125 3791 celos

554 3829 901 3891 extendebat,
932 3827 1074 3880 unde
1103 3824 1170 3879 ad
1220 3837 1284 3880 se
1340 3823 1599 3893 sperabat
1634 3831 1916 3879 venturum
1968 3826 2123 3878 auxi-

555 3924 708 3978 lium.

626 4014 691 4069 γ.
728 4001 925 4067 Valens
979 4025 1107 4079 ergo
1152 4012 1448 4077 imperator
1481 4007 1561 4061 vel
1598 4009 1711 4077 ipso
1759 4010 1873 4065 solo
1906 4022 2122 4081 aspectu

551 4106 811 4163 Antbimo
835 4102 1142 4166 ostendere,
1180 4113 1344 4169 quam
1378 4108 1525 4153 esset
1554 4114 1719 4164 grave
1769 4109 1823 4154 et
1868 4101 2123 4154 acerbum

552 4199 802 4251 aditurus
855 4191 1176 4262 periculum,
1230 4199 1286 4242 ut
1340 4204 1461 4244 eum
1523 4189 1706 4243 statim
1764 4190 1813 4243 in
1863 4190 2124 4261 principio

554 4288 829 4343 inveniret
865 4284 1188 4347 molliorem,
1246 4281 1603 4335 instrumenta
1662 4282 1869 4351 publica
1905 4283 1971 4337 ad
2010 4295 2114 4338 tor-

551 4379 827 4450 quendum
864 4384 1202 4444 comparata,
1232 4375 1280 4427 ei
1318 4375 1466 4441 prius
1498 4376 1745 4442 producit
1792 4375 1847 4429 in
1903 4392 2124 4445 conspe-

554 4483 703 4528 ctum
741 4488 753 4524 :
785 4480 839 4524 et
880 4484 1002 4523 cum
1032 4483 1153 4522 eum
1186 4466 1329 4520 intro
1359 4477 1603 4519 vocasset
1637 4466 1753 4519 :Tu
1788 4481 1865 4531 es,
1918 4470 2118 4536 inquit,

2230 3274 2521 3333 σκευάσας.
2585 3273 2682 3335 τάς
2739 3273 2889 3335 θείας
2914 3275 3349 3343 προκαταδάλλει
3415 3279 3617 3347 εὑχὰς’
3683 3279 3811 3336 εἶτα

2227 3366 2318 3416 καὶ
2350 3366 2592 3433 ποταμὸν
2626 3368 2681 3416 ὲν
2712 3369 2777 3434 τῇ
2835 3367 3054 3435 παρόδῳ
3085 3370 3424 3433 καταλαϐὼν,
3450 3372 3672 3440 τούτους
3704 3375 3811 3443 βα-

2227 3456 2404 3518 πτίζει
2437 3455 2656 3525 καὶτῆς
2697 3458 3069 3526 προκειμένης
3107 3461 3288 3527 ἔχεται
3344 3463 3504 3516 πάλιν
3553 3470 3813 3535 πορείας,

2226 3546 2330 3609 ἕως
2360 3547 2451 3598 ἐπὶ
2474 3548 2571 3617 τὴν
2603 3548 2758 3600 πόλιν
2792 3548 3023 3616 ἀφίκετο
3048 3552 3141 3603 καὶ
3171 3552 3229 3603 τδ
3256 3555 3576 3623 τυραννικθιν
3605 3558 3808 3612 εἴσεισι

2228 3630 2400 3701 βῆμα,
2434 3634 2611 3686 ὀπίσω
2647 3637 2744 3705 μὲν
2774 3638 2852 3708 τῷ
2883 3642 3033 3709 χεῖρε
3052 3640 3338 3710 δεδεμένος
3363 3660 3374 3671 ·
3409 3644 3550 3697 οὕτω
3580 3648 3689 3716 γὰρ
3717 3650 3811 3702 διὰ

2225 3725 2325 3795 τὴν
2356 3726 2635 3780 εὐσέϐειαν
2661 3729 2736 3790 ὡς
2792 3730 3104 3798 κακοῦργον
3149 3733 3549 3799 ἐμφανισοὲῃναι
3588 3738 3693 3787 ἔδει
3728 3740 3811 3807 τῷ

2230 3817 2462 3885 βασιλεῖ,
2486 3821 2566 3882 είς
2592 3822 2854 3888 οὐρανοὺς
2877 3822 2933 3873 δὲ
2958 3820 3056 3891 τὴν
3079 3822 3312 3875 διάνοιαν
3344 3826 3655 3893 ἀνατείνων,
3677 3829 3813 3883 ὅθεν

2227 3910 2323 3960 καὶ
2348 3908 2498 3977 ἥξειν
2526 3909 2675 3979 αὑτῷ
2706 3912 2802 3981 τὴν
2837 3911 3088 3982 βοήθειαν
3125 3913 3373 3984 ἠλπιζεν.

2295 4001 2370 4055 Ε’.
2418 4001 2475 4054 ’0
2500 4000 2753 4071 βασιλεὺς
2777 4004 2957 4059 τοίνυν
2994 4007 3189 4077 πείρας
3217 4010 3417 4079 πικρὸν
3442 4012 3534 4064 καὶ
3564 4013 3669 4065 ἀπὸ
3706 4016 3808 4083 ψι-

2225 4091 2323 4162 λῆς
2342 4091 2466 4154 Θέας
2503 4094 2745 4162 Ἀνθίμῳ
2782 4096 3102 4165 βουλόμενος
3154 4100 3442 4167 ἐπιδεῖξαι,
3473 4103 3619 4165 ὅπως
3651 4107 3814 4179 αὑτῴ

2226 4186 2318 4235 καί
2347 4183 2720 4255 μαλακωτέρῳ
2748 4185 2844 4256 τὴν
2878 4187 3100 4259 πρώτην
3142 4194 3556 4261 προσενεχθεξη,
3590 4195 3657 4247 τὰ
3708 4215 3810 4251 κο-

2226 4275 2489 4344 λαστήρια
2529 4278 2796 4348 πρότερον
2821 4280 2912 4333 ὑπ’
2943 4282 3066 4349 ὄψιν
3103 4282 3316 4353 ὄργανα
3353 4285 3587 4355 δημοσία
3614 4293 3810 4357 προτί-

2228 4369 2351 4437 Θησι
2392 4372 2486 4422 καὶ
2544 4371 2705 4421 αὑτὸν
2738 4372 3099 4435 εἰσκαλέσας⁸
3154 4375 3226 4426 Σὺ
3261 4370 3331 4441 εἷ,
3382 4377 3533 4445 φησὶ,
3565 4380 3592 4431 ὁ
3625 4380 3815 4437 ὀπίσω

2227 4459 2321 4511 τοῦ
2358 4460 2655 4529 λεγομένου
2711 4463 2947 4531 Χριστοῦ
3005 4465 3355 4535 πλανώμενος
3402 4472 3665 4541 "avom,-
3706 4480 3809 4531 καὶ

552 4565 644 4635 qui
680 4574 803 4633 post
830 4563 1134 4623 Christum,
1166 4558 1258 4625 qui
1288 4557 1508 4620 dicitur,
1566 4572 1740 4622 erras,
1790 4556 2076 4611 Autbimus
2109 4578 2121 4611 :

2231 4552 2321 4607 τὸν
2362 4553 2529 4606 πολὺν
2562 4555 2733 4626 ἀφελῆ
2762 4558 2853 4609 καὶ
2887 4557 3107 4612 εὔκολον
3136 4561 3420 4631 ἄνθρωπον
3456 4568 3521 4634 τῇ
3561 4566 3645 4635 ἴση
3672 4562 3809 4637 ττέρὶ

552 4655 877 4723 facilemque
912 4661 965 4706 et
996 4650 1296 4720 simplicem
1337 4649 1552 4703 turbam
1590 4649 1641 4701 in
1674 4649 1920 4703 eumdem
1954 4652 2121 4704 addu-

553 4747 632 4800 cis
665 4758 928 4805 errorem,
962 4752 1014 4795 et
1040 4743 1171 4793 deos
1203 4750 1416 4793 nostros
1451 4738 1949 4794 imtumerabilibus
1993 4757 2124 4794 con.

554 4836 795 4893 tumeliis
866 4833 1087 4888 atlicis?
1138 4833 1229 4887 Ille
1276 4844 1452 4886 autem
1509 4849 1572 4885 ex
1628 4849 1782 4901 aequo
1839 4836 2020 4889 ridens
2071 4846 2125 4890 et

550 4938 819 4984 tormenta
872 4926 1170 4997 proposita,
1214 4935 1267 4977 et
1299 4940 1360 4979 ea
1391 4939 1515 4993 quae
1562 4927 1775 4977 dixerat
1812 4936 2070 4996 tyrannus
2106 4943 2121 4981 :

548 5020 627 5077 Ne
666 5020 731 5073 ad
760 5019 877 5072 inec
912 5020 1154 5087 quidem,
1188 5018 1379 5085 inquit,
1413 5017 1503 5070 tibi
1530 5018 1938 5084 responderem,
1970 5028 2119 5072 certo

547 5114 715 5177 scias,
744 5128 775 5165 ο
811 5113 1125 5179 imperator,
1166 5112 1268 5165 nisi
1309 5111 1439 5163 mibi
1497 5126 1652 5165 sacer
1680 5122 1733 5164 et
1765 5112 1984 5166 divinus
2028 5114 2123 5166 do-

548 5216 666 5261 ctor
700 5203 898 5258 Paulus
924 5203 1294 5272 persuaderet,
1331 5203 1531 5255 docens
1567 5204 1585 5232 ¹
1621 5218 1719 5257 nos
1754 5219 1874 5258 esse
1903 5218 2119 5271 paratos

557 5298 779 5350 euiltbet
828 5295 1028 5365 petenti
1082 5296 1305 5349 reddere
1360 5296 1644 5348 rationem.
1702 5294 1981 5349 Pollicitus
2036 5306 2119 5351 est

548 5388 695 5441 enim
724 5389 876 5443 nobis
908 5387 1051 5441 Deus
1082 5387 1194 5442 oris
1232 5388 1579 5455 sapientiam,
1620 5406 1636 5436 ι
1676 5390 1758 5440 cui
1791 5404 1893 5440 non
1928 5400 2115 5455 potue-

547 5490 675 5534 runt
702 5478 955 5534 resistere
986 5496 1174 5535 onmes
1208 5482 1377 5534 nostri
1407 5482 1701 5534 adversarii
1737 5482 1776 5534 ³.
1810 5501 1827 5529 ι
1860 5481 1991 5535 Nam
2020 5499 2117 5553 ego

549 5574 767 5638 quidem
816 5571 965 5640 prius
999 5574 1073 5627 tui
1108 5574 1160 5627 in
1198 5573 1490 5628 simulacra
1543 5575 1767 5638 erroris,
1816 5582 1871 5627 et
1922 5578 1973 5627 in
2019 5592 2115 5631 eos

545 5678 682 5732 quos
710 5662 843 5718 dicis
871 5665 1021 5726 deos,
1079 5663 1400 5719 damnabunt
1455 5663 1875 5717 crassitudinem
1914 5682 1929 5721 ι
1971 5682 2114 5722 nunc

614 5846 635 5880 ³
661 5841 825 5898 Hebr.
861 5857 975 5907 xm,
1006 5842 1098 5907 l7;
1136 5839 1152 5895 Ι
1191 5841 1333 5897 Petr.
1371 5858 1451 5905 ιιι,
1490 5842 1572 5896 15.
1653 5844 1671 5874 ³
1704 5842 1835 5898 Luc.
1873 5860 1986 5910 XXI,
2022 5844 2109 5898 15.

2222 4649 2381 4701 αὐτὸν
2437 4650 2782 4718 ὑπαγόμενος
2828 4654 3012 4723 ἀπάτῃ
3071 4655 3165 4707 καὶ
3222 4658 3420 4726 μυρίαν
3481 4660 3637 4728 ὕϐριν
3686 4663 3807 4714 τῶν

2223 4742 2506 4810 ἡμετέρων
2531 4742 2668 4793 Θεῶν
2692 4745 3006 4812 καταχέων;
3054 4744 3113 4799 Ὀ
3144 4748 3198 4801 δὲ
3223 4750 3309 4802 ἐπ’
3345 4751 3465 4821 ῐσης
3494 4753 3561 4804 τά
3588 4771 3644 4803 τε
3674 4771 3808 4822 προ-

2224 4834 2451 4904 κείμενα
2474 4834 2681 4903 δργανα
2714 4838 2807 4888 καὶ
2836 4839 2961 4901 τοὺς
2993 4838 3086 4892 τοῦ
3115 4842 3382 4908 τυράννου
3419 4841 3607 4908 λόγους
3634 4843 3802 4909 γελά-

2227 4940 2326 4985 σας
2350 4939 2363 4953 ·
2403 4923 2536 4975 Οὐδὲ
2578 4926 2960 4997 ἀπεκρινάμην
3014 4929 3079 4982 ἄν
3110 4947 3213 4990 σοι,
3243 4931 3399 4997 φησι,
3432 4932 3565 5000 προς
3598 4934 3798 5000 ταῦτα,

2226 5014 2354 5077 ἴσοι,
2388 5008 2432 5068 ὦ
2469 5015 2719 5085 βασιλεῦ,
2740 5021 2786 5069 εἰ
2822 5020 2894 5088 μή
2922 5036 2987 5087 με
3022 5022 3049 5071 ὁ
3078 5020 3220 5088 ἱερὸς
3248 5022 3341 5073 καὶ
3369 5022 3506 5084 Gaio;
3539 5022 3800 5078 δ.δάσκα-

2225 5105 2311 5170 λος
2344 5107 2528 5159 ἔπειθε
2566 5108 2797 5173 Παῦλος,
2842 5111 3097 5180 ἑτοίμους
3132 5113 3277 5181 ἡμᾶς
3332 5110 3471 5165 εἷναι
3505 5115 3798 5183 διδάσκων,

2226 5202 2390 5254 παντὶ
2425 5203 2502 5271 τῷ
2535 5202 2773 5255 αἰτοῦντι
2814 5204 2968 5272 λόγον
3019 5206 3253 5258 διδόναι·
3291 5208 3657 5275 ἐπηγγείλατο
3686 5210 3801 5279 γὰρ

2226 5294 2358 5363 ἡμῖν
2391 5296 2417 5347 ὀ
2450 5296 2579 5358 Θεὸς
2608 5296 2805 5348 διδόναι
2834 5302 2924 5347 καὶ
2954 5297 3129 5365 στόμα
3167 5298 3259 5351 καὶ
3295 5300 3507 5365 σοφίαν,
3613 5299 3674 5351 οὐ
3707 5300 3803 5352 δυ·-

2226 5390 2481 5456 νήσονται
2519 5390 2831 5457 ἀντιστῆναι
2878 5391 3077 5453 πάντες
3126 5394 3175 5443 οἱ
3228 5392 3597 5458 ἀντικείμενοι
3639 5396 3796 5461 ἡμῖν.

2234 5481 2321 5542 Ὠς
2355 5481 2529 5547 ἔγωγε
2562 5482 2763 5552 πολλήν
2799 5500 2892 5535 σου
2932 5485 3025 5537 καὶ
3066 5487 3330 5555 πρότερον
3368 5485 3654 5555 παχύτητα
3694 5487 3798 5556 ἢδη

2224 5574 2654 5640 καταγινώσκων
2683 5577 2779 5645 τῆς
2801 5594 2861 5629 πε
2875 5578 2926 5648 ρ“ι
2954 5582 3021 5630 τὰ
3043 5578 3236 5629 εἴδωλα
3266 5578 3470 5649 πλάνης
3502 5580 3625 5640 τοὺς
3658 5580 3800 5645 ὑμε-

2224 5669 2437 5737 τέρους,
2460 5668 2533 5731 ὡς
2556 5668 2710 5737 ἔᾳης,
2738 5669 2915 5734 Οεους,
2949 5669 3041 5726 νῦν
3067 5671 3288 5725 πλείονά
3318 5689 3409 5725 σον
3444 5674 3532 5725 καὶ
3556 5670 3806 5738 φανερὰν
