3966 6436
538 391 639 452 1Ίο

1833 364 2114 429 MENSiS
2158 363 2490 424 APRlLlS.

3682 364 3786 427 1:50

529 508 679 558 illinc
707 501 857 557 audit
889 513 1079 553 vocem
1107 510 1232 552 eum
1266 494 1435 562 magis
1466 489 1834 547 roborantem,
1861 490 1914 534 et
1943 492 2102 546 spon-

2218 474 2393 543 φωνῆς
2425 473 2636 527 ἐκεῖθεν
2657 474 2750 525 ἐπὶ
2775 473 2974 543 μᾶλλον
3003 474 3165 527 αὑτὸν
3190 474 3543 544 ἑνισχυούῑης
3571 474 3785 542 ἀκούει,

526 602 744 651 dentem
808 592 1115 652 victoriam,
1177 597 1231 641 et
1292 582 1511 654 praemia
1572 577 1996 649 promittentem,
2051 578 2103 622 et

531 704 654 743 mox
712 702 929 741 manum
989 683 1316 752 praebentem
1368 692 1490 747 quae
1533 674 1773 741 imponat
1818 678 2098 720 coronam.

533 782 642 836 Vox
676 792 859 836 autem
894 779 1012 849 ejus
1043 778 1279 830 animum
1318 767 1588 826 convertit
1627 764 1691 818 ad
1731 758 2102 828 tranquillita-

529 881 659 939 tem,
712 883 763 928 et
813 873 929 936 ejus
981 870 1183 923 vultum
1253 863 1486 920 reddidit
1543 856 1887 913 alacriorem.
1938 849 2107 901 Porro

530 981 712 1021 autem
768 964 1038 1032 jucundus
1090 975 1305 1031 quoque
1340 955 1558 1027 quidam
1610 950 1857 1006 snlnisus
1910 942 2109 999 insidet

529 1060 647 1126 ejus
704 1058 890 1117 labris,
927 1054 1244 1121 significans
1281 1051 1547 1100 interuatn
1581 1042 1763 1096 cordis
1798 1033 2106 1105 tranquilli-

530 1156 716 1205 tatem.
752 1144 875 1198 Haec
905 1159 1036 1213 ergo
1070 1142 1257 1195 videns
1291 1137 1671 1197 Maximianus,
1705 1129 1954 1199 stupebat
1985 1126 2104 1193 qui-

529 1244 673 1299 dem,
720 1246 777 1290 ut
808 1244 932 1291 erat
977 1244 1400 1289 consentaneum
1463 1225 1669 1295 (quidni
1720 1224 1861 1276 enim
1920 1228 2105 1284 stupe-

529 1328 699 1398 reti):
742 1328 816 1382 rei
848 1339 1026 1382 tamen
1065 1325 1474 1388 detrahebat,et
1501 1335 1618 1375 eam
1646 1316 1870 1370 vocabat
1899 1312 2107 1381 priesti-

528 1426 661 1490 gias,
694 1431 747 1475 et
780 1420 1230 1481 incantationem,
1264 1426 1317 1468 et
1358 1412 1579 1481 rogabat
1635 1423 1879 1464 causmn.
1912 1403 2103 1458 Justus

528 1524 735 1579 autem,
770 1513 930 1575 Sunt,
972 1511 1167 1579 ittquit,
1208 1508 1339 1562 mihi
1376 1504 1687 1577 praesentia,
1719 1517 1751 1556 ο
1782 1503 2103 1567 imperator,

529 1610 667 1661 bona
702 1608 924 1674 prmmia
962 1615 1017 1659 et
1048 1615 1194 1658 certa
1230 1600 1517 1670 promissio
1571 1598 1898 1650 futurorum.
1950 1588 2105 1643 Brevi

531 1699 676 1750 enim
730 1698 1047 1751 convincam
1093 1704 1141 1749 te
1174 1695 1374 1747 frustra
1408 1704 1527 1745 esse
1582 1718 1590 1740 ι
1638 1690 1841 1749 lutum,
1874 1692 1928 1735 et
1957 1682 2105 1741 deos,

532 1806 671 1849 quos
734 1791 998 1849 nominas,
1058 1789 1340 1841 ostendam
1407 1797 1528 1835 esse
1595 1775 1844 1832 cumanis
1905 1772 2107 1825 viribus

534 1885 686 1951 longe
716 1881 1124 1941 imbecilliores,
1150 1879 1281 1930 adeo
1310 1886 1365 1927 ut
1396 1884 1444 1929 te
1471 1875 1541 1929 sit
1566 1873 1809 1927 subitura
1839 1868 2106 1937 paeniten-

531 1979 626 2035 tia,
651 1976 792 2045 quod
824 1975 924 2027 tnci
956 1973 1147 2026 feceris
1176 1968 1467 2039 periculum
1489 1982 1503 2021 :
1525 1962 1736 2033 etquod
1761 1976 1864 2014 non
1893 1977 1918 2012 a
1956 1958 2110 2011 nobis

529 2070 689 2121 citius
718 2068 1027 2127 recesseris,
1067 2081 1171 2118 non
1208 2064 1321 2117 leve
1356 2061 1433 2115 sis
1456 2064 1710 2114 damnum
1742 2054 2105 2121 iudieaturus.

608 2161 733 2216 Vlll.
796 2160 891 2215 His
942 2160 1295 2212 vehementer
1355 2164 1660 2207 commotus
1726 2149 2106 2208 Maximianus,

521 2257 678 2324 jubet
713 2262 1004 2323 martyrem
1040 2260 1168 2303 rota:
1197 2247 1497 2315 alligatum,
1522 2242 1865 2295 continenter
1892 2239 2108 2305 quidem

532 2350 583 2399 in
615 2357 728 2399 rota
764 2344 990 2408 versari,
1020 2343 1159 2413 ignis
1186 2350 1364 2395 autem
1399 2334 1739 2404 lampadibus
1768 2330 1884 2398 ejus
1915 2343 2110 2384 carnes

530 2436 776 2491 consumi
812 2445 865 2488 et
914 2433 1162 2501 eliqnari.
1202 2431 1380 2498 Atque
1412 2426 1738 2480 Maximiano
1770 2422 1986 2492 quidem
2043 2417 2110 2472 ad

530 2528 783 2583 effectum
825 2529 1007 2581 statim
1042 2526 1305 2579 deductus
1341 2521 1442 2575 fuit
1473 2520 1658 2587 jussus
1696 2536 1709 2571 :
1746 2526 1798 2570 et
1832 2514 2111 2584 lampades

451 2629 456 2633 ’
533 2626 584 2675 in
621 2638 782 2675 manu
819 2622 1082 2675 habentes
1134 2617 1372 2679 lictores,
1400 2620 1753 2667 aecusserunt
1788 2609 1851 2662 ad
1905 2617 2108 2675 ntarly-

534 2732 648 2769 rem
686 2715 776 2785 qni
830 2722 947 2769 erat
995 2721 1257 2766 extensus
1308 2708 1361 2760 in
1416 2714 1574 2769 rota,
1621 2704 1796 2770 ignem
1845 2700 2113 2768 spirantes

535 2812 710 2872 ignem
768 2807 1033 2868 videntes,
1092 2804 1268 2873 ignem
1323 2799 1561 2853 ferentes
1612 2814 1624 2849 :
1666 2794 1865 2848 animis
1901 2794 1953 2847 in
1990 2807 2111 2845 eum

532 2899 805 2952 flammam
860 2895 1125 2965 spiiantes
1180 2891 1495 2953 ferventius,
1530 2901 1694 2956 quam
1749 2884 1907 2953 ignis,
1950 2896 2109 2951 quem

535 2992 805 3046 habebant
836 2991 887 3043 in
926 2989 1194 3047 manibus,
1232 2999 1296 3037 ac
1329 2982 1716 3051 propemodum
1756 2978 2111 3036 arbitrantes,

532 3103 589 3139 se
622 3084 879 3138 athletam
917 3080 1158 3134 facturos
1208 3091 1334 3131 esse
1379 3084 1549 3128 totum
1586 3071 1921 3126 flammeum.
1957 3066 2114 3120 Post-

2209 569 2303 619 καὶ
2356 568 2453 636 τὴν
2501 567 2656 635 νίκην
2687 566 3113 636 παρεγγυώσης,
3173 571 3266 621 καλ⁵
3312 568 3381 619 τά
3437 569 3644 621 ἔπαθλα
3681 570 3788 620 ὑπο

2211 661 2591 729 ιτχνουμένης,
2626 661 2719 713 καὶ
2744 660 2867 712 ὅσον
2898 660 3109 712 οὐδέπω
3140 663 3296 729 χεῖρα
3334 661 3633 730 ὀρεγούσης
3669 678 3791 714 στε-

2209 754 2521 822 φανηφὸρον
2546 770 2557 782 ’
2598 755 2691 806 καὶ
2724 756 2754 823 ἡ
2786 754 2938 825 φωνὴ
2971 771 3108 823 προς
3140 755 3199 806 τὸ
3227 754 3591 824 εὐθυμότερον
3618 754 3789 807 αὐτοῦ

2207 846 2306 913 τὴν
2362 846 2540 914 ψυχὴν
2582 846 2908 914 μεταϐάλλει
2944 849 3039 901 καὶ
3092 847 3451 918 φαιδρότερον
3510 846 3792 915 διατίθησι

2210 938 2301 989 τοῦ
2329 938 2621 1008 προσώπου
2646 939 2743 1009 τὴν
2777 940 2926 1009 ὤραν
2956 941 3047 992 καί
3082 957 3133 992 τι
3187 942 3281 992 καὶ
3310 940 3569 1009 μειδίαμα
3601 938 3792 1009 χαρίεν

2208 1034 2318 1092 τοῖς
2356 1031 2590 1096 χείλεσιν
2627 1032 2892 1098 ἑφιζάνει,
2930 1032 3028 1101 τὴν
3063 1032 3210 1083 ἔνδον
3239 1032 3336 1098 τῆς
3362 1031 3593 1100 καρδίας
3617 1033 3793 1097 γαλὴ-

2208 1143 2303 1193 νην
2336 1125 2728 1193 ὑποσημαῖνον.
2768 1125 2955 1179 Ταῦτα
3015 1124 3106 1178 οὖν
3138 1125 3279 1194 ὁρῶν
3322 1125 3666 1193 Μαξιμιανδς
3708 1124 3795 1187 ἐξ-

2208 1220 2503 1286 επλήττετο
2540 1220 2639 1288 μὲν
2670 1220 2857 1289 ὥσπερ
2884 1220 3029 1282 εἰκὸς
3079 1220 3165 1289 (τί
3211 1222 3317 1289 γὰρ
3344 1221 3443 1273 οὐκ
3486 1220 3713 1291 ἔμελλεν
3737 1222 3790 1287 ;)

2208 1312 2422 1378 διέσυρε
2452 1313 2508 1365 δε
2533 1314 2681 1381 ὅμως
2707 1312 2766 1363 τὸ
2796 1316 3031 1383 πρᾶγμα
3062 1314 3154 1366 καὶ
3198 1314 3457 1381 γοητείαν
3479 1313 3665 1365 ἐκάλει
3699 1315 3795 1365 καὶ

2208 1405 2306 1471 τὴν
2328 1404 2506 1457 αἰτίαν
2538 1406 2891 1459 ἐπυνθάνετο.
2940 1406 2997 1459 Ὀ
3028 1406 3083 1458 δὲ
3119 1406 3332 1468 δίκαιος
3358 1420 3372 1436 °
3409 1406 3638 1475 Χρηστά
3674 1423 3791 1471 μοι,

2209 1496 2336 1563 ἔψη,
2370 1498 2633 1565 προοίμια
2664 1498 2733 1549 τά
2763 1498 3031 1567 παρόντα,
3057 1493 3101 1550 ὦ
3133 1497 3377 1567 βασιλεῦ,
3421 1498 3515 1551 καὶ
3551 1496 3796 1565 ἀψευδὴς

2206 1588 2315 1639 τῶν
2348 1587 2649 1656 μελλόντων
2681 1588 2988 1654 ἐπαγγελία
3019 1603 3032 1617 ⁵
3067 1587 3329 1655 διελέγξω
3379 1587 3489 1655 γάρ
3520 1602 3578 1638 σε
3611 1590 3796 1654 μάτην

2209 1678 2620 1747 ἀηιαφυσόμενον
2667 1679 2771 1731 οὐκ
2806 1681 2889 1740 εἰς
2923 1679 3139 1747 μακρὰν
3176 1681 3270 1731 καὶ
3329 1677 3508 1740 θεοὺς,
3559 1674 3653 1738 οὓς
3682 1677 3797 1728 δνο-

2216 1770 2428 1836 μάζεις,
2454 1770 2879 1840 ἀσθενεστέρους
2906 1769 3086 1839 πολλῷ
3124 1770 3409 1838 δυνάμεως
3444 1769 3798 1840 ἀνθρωπίνης

2213 1866 2308 1917 καὶ
2338 1865 2535 1927 αὐτοὺς
2572 1864 2843 1929 ἐπιδείξω,
2876 1864 2951 1927 ὡς
2984 1862 3364 1933 μεταμελῆσαί
3401 1879 3484 1914 σοι
3530 1861 3629 1928 τῆς
3662 1859 3798 1927 παρ’

2212 1958 2315 2027 ἐμὲ
2340 1958 2534 2024 πείρας
2565 1959 2657 2009 καὶ
2680 1958 2814 2020 ὅλως
2835 1959 2916 2010 ὅτι
2945 1959 3018 2027 μὴ
3046 1957 3241 2011 θάττον
3264 1956 3419 2029 ἡμῶν
3444 1955 3796 2025 ἀπηλλάγης,

2215 2053 2419 2121 ζημίαν
2448 2052 2509 2102 οὐ
2540 2052 2638 2121 τὴν
2672 2051 2943 2120 τυχοῦσαν
2971 2055 3175 2118 κρῖναι.

2286 2144 2368 2197 ll’.
2401 2144 2624 2206 Τούτοις
2680 2143 3021 2210 ὀξυκινηθεὶς
3054 2141 3420 2209 Μαξιμιανὸς,
3452 2138 3667 2192 κελεύει
3705 2137 3804 2191 ἐπὶ

2214 2235 2409 2305 τροχοῦ
2439 2238 2529 2288 τὸν
2577 2236 2830 2305 μάρτυρα
2883 2234 3221 2299 διαδεθέντα,
3266 2232 3670 2305 συστρέφεσθαι
3701 2232 3804 2302 μὲν

2218 2329 2457 2399 συνεχῶς
2482 2330 2560 2397 τῷ
2585 2330 2785 2399 τροχῷ,
2826 2328 3078 2399 λαμπάσι
3125 2330 3293 2399 πυρὸς
3324 2330 3419 2391 τὰς
3454 2330 3664 2398 σάρκας
3699 2328 3806 2379 αὑ-

2213 2422 2308 2474 τοῦ
2359 2423 2837 2477 καταδαπανᾶσοαι
2891 2424 2985 2476 καὶ
3028 2422 3407 2492 διατήκεσθαι.
3468 2419 3808 2487 Magme

2218 2515 2317 2584 μὲν
2357 2510 2450 2568 οὖν
2491 2516 2707 2584 ἔργονὴ
2746 2514 3043 2584 πρόσταξις
3074 2512 3142 2585 ἦν
3176 2516 3271 2568 καὶ
3314 2512 3401 2566 διὰ
3432 2512 3612 2582 Χειρδς
3644 2511 3804 2581 ἔχω’

2216 2624 2305 2670 τες
2324 2611 2371 2660 οί
2398 2608 2579 2677 δήμιοι
2604 2608 2701 2671 τὰς
2724 2607 3361 2677 λαμπάδας,προσῄεσαν
3391 2610 3527 2659 κατὰ
3558 2604 3652 2657 τοῦ
3678 2622 3811 2673 τρο-

2217 2702 2313 2771 χοῦ
2350 2703 2633 2771 τεταμένῳ
2664 2700 2741 2771 τῷ
2772 2703 3033 2771 μάρτυρι,
3054 2700 3166 2771 πῦρ
3187 2700 3460 2759 πνέοντες,
3495 2698 3603 2765 πῦρ
3626 2698 3804 2763 ὀρῶν-

2217 2816 2327 2861 τες,
2360 2797 2471 2866 πῦρ
2496 2798 2775 2865 φέροντες,
2819 2795 2998 2863 πολλῴ
3031 2796 3129 2855 τὰς
3158 2793 3336 2862 ψυχὰς
3366 2793 3455 2844 ἐπ’
3486 2792 3649 2843 αὑτὸν
3708 2792 3806 2843 τοῦ

2218 2894 2273 2943 ἐν
2304 2892 2464 2960 χερσὶ
2493 2890 2663 2958 πυρὸς
2701 2889 3036 2958 θερμότερον
3072 2886 3307 2950 ζέοντες,
3353 2887 3579 2954 μονονοὺ
3624 2885 3809 2953 φλόγα

2217 2984 2306 3035 τὸν
2342 2980 2578 3050 ἀθλητὴν
2605 2979 2828 3047 ποιῆσαι
2856 2980 3118 3047 οἰόμενοι.
3156 2978 3239 3039 Ὠς
3264 2977 3318 3030 δὲ
3352 2978 3450 3048 ἤδη
3481 2976 3572 3029 τοῦ
3604 2976 3807 3046 τροχοῦ

2218 3074 2448 3144 πλησίον
2482 3069 2645 3145 ἦλθον
2689 3071 2768 3144 (ὦ
2824 3072 3149 3140 θαυμαστῆς
3181 3088 3276 3123 σου
3314 3072 3441 3139 περὶ¹
3478 3070 3569 3121 τὸν
3606 3070 3807 3141 ἄνδρα,

532 3193 695 3248 quam
743 3183 922 3229 autem
965 3174 1077 3243 jam
1114 3178 1380 3225 venerunt
1424 3181 1591 3237 prope
1624 3172 1818 3229 rotam,
1851 3162 1904 3232 (ο
1937 3160 2109 3213 admi-

2220 3166 2443 3235 Χριστὲ,
2472 3167 2759 3233 δυνάμεως
2782 3164 2829 3233 ί)
2863 3165 2992 3229 ἔστη
3026 3164 3124 3231 μὲν
3157 3162 3316 3224 εὐθὺς
3339 3162 3548 3214 ἐκείνου
3580 3161 3680 3229 τῆς
3718 3179 3774 3211 κι
3796 3191 3808 3200 -

533 3271 754 3324 rabiletn
803 3279 971 3330 tuam,
1012 3281 1044 3320 o
1094 3264 1333 3329 Christe,
1393 3263 1447 3316 in
1514 3275 1634 3315 eum
1688 3255 1988 3319 virtutem),
2022 3251 2111 3306 illa

532 3366 752 3435 quidem
789 3362 1050 3417 continuo
1081 3357 1287 3413 destitit
1332 3354 1539 3409 moveri
1575 3369 1589 3405 :
1632 3351 1704 3406 illi
1736 3365 1861 3405 vero
1913 3348 2115 3402 cadunt

534 3460 591 3511 iu
646 3469 868 3519 terram,
914 3463 969 3507 et
1023 3452 1194 3506 ﬂuunt
1253 3447 1531 3518 lampades
1577 3459 1607 3499 e
1661 3443 1930 3501 manibus,
1994 3452 2115 3507 qua:

532 3553 737 3606 nullam
798 3563 986 3604 earum
1046 3560 1230 3598 curam
1294 3550 1487 3611 gerunt
1538 3557 1549 3591 :
1600 3546 1655 3590 et
1708 3536 1816 3603 jam
1870 3532 2114 3587 dimissa:

536 3654 664 3701 sunt
691 3656 891 3703 vacme,
916 3638 1075 3694 veluti
1100 3635 1332 3706 quodam
1357 3644 1555 3703 sapore
1576 3644 1668 3683 eas
1695 3627 2109 3696 torpefaciente.

536 3740 764 3806 Propter
825 3735 941 3788 lucc
1010 3731 1091 3786 ira
1160 3729 1405 3799 percitus
1476 3727 1806 3796 imperator,
1879 3729 2115 3773 tortores

531 3831 900 3885 insectabatur
985 3823 1332 3886 maledictis,
1384 3829 1438 3874 et
1490 3817 1886 3872 criminabatur
1967 3811 2112 3881 quod

528 3923 679 3986 jussa
740 3917 962 3988 exsequi
1013 3915 1367 3984 negligerent.
1416 3920 1469 3967 et
1521 3907 1873 3979 praesentium
1930 3918 2111 3958 rerum

533 4029 719 4070 curam
768 4026 983 4066 omnem
1018 4009 1339 4076 abjicereut.
1375 4004 1440 4058 Et
1470 4023 1483 4058 :
1520 4000 1827 4068 Quomodo,
1875 3999 2113 4060 dicebat,

533 4126 598 4166 eo
620 4107 846 4161 venistis
874 4104 1134 4164 audaciae,
1162 4109 1222 4153 ut
1242 4114 1339 4155 vos
1365 4106 1513 4152 tanta
1547 4092 1809 4149 invaserit
1838 4091 2111 4155 socordia,

532 4212 588 4255 ct
620 4200 778 4253 istum
822 4204 1010 4251 nostro
1044 4194 1274 4263 imperio
1305 4189 1677 4262 praztuleritis,
1711 4186 1846 4240 adeo
1908 4196 1964 4239 ut
2014 4200 2112 4239 no-

532 4307 645 4350 stra
703 4293 917 4359 quidem
970 4290 1122 4357 jussa
1183 4284 1515 4353 reliqueritis
1578 4281 1914 4348 imperfecta,
1964 4276 2111 4331 humi

534 4396 713 4440 autem
767 4378 1151 4441 accubueritis,
1182 4386 1240 4430 tit
1274 4385 1328 4430 et
1364 4372 1660 4441 vobisipsis
1708 4369 2112 4439 gratilicemini,

532 4492 584 4535 et
618 4480 802 4532 labore
834 4475 1079 4530 defessos
1114 4468 1414 4527 recreetis?
1444 4466 1620 4531 Videt,
1653 4462 2111 4533 quemadmodum

2224 3264 2465 3329 νὴσεως·
2524 3261 2573 3312 οἱ
2629 3258 2685 3310 δὲ
2729 3259 2869 3311 κατά
2905 3258 3009 3325 γῆς
3032 3257 3292 3308 πίπτουσι
3343 3256 3437 3307 καὶ
3469 3255 3809 3324 ὑπορρέουσι

2222 3355 2331 3407 τῶν
2366 3351 2567 3422 χειρῶν
2618 3353 2673 3404 αἱ
2720 3350 3003 3419 λαμπάδες
3030 3365 3043 3379 ·
3100 3348 3240 3401 αἰδὲ
3286 3350 3467 3415 χεῖρες
3508 3343 3810 3411 ἀμελοῦσιν

2224 3447 2404 3501 αὐτῶν
2440 3451 2535 3497 καὶ
2565 3445 2764 3515 ἔρημοι
2796 3443 2896 3512 ἤδη
2929 3445 3202 3511 ἀφεῖνται,
3236 3440 3425 3508 ὧσπερ
3462 3437 3631 3489 ὕπνου
3656 3438 3811 3499 τινὸς

2223 3542 2394 3602 αὐτάς
2419 3535 2974 3608 καταρῥαθυμοῢντος
3035 3536 3158 3587 Ἑπῖ⁴
3185 3534 3397 3595 τούτοις
3428 3532 3567 3601 ὀργὴ
3591 3532 3812 3599 λαμϐά-

2223 3652 2301 3688 νει
2332 3634 2422 3687 τὸν
2454 3632 2676 3702 βασιλέα
2704 3632 2797 3684 καὶ
2825 3630 3013 3687 κακῶς
3038 3628 3193 3693 ἔλεγε
3222 3628 3349 3686 τοὺς
3401 3626 3652 3694 δημίους,
3688 3624 3804 3675 ὀλι-

2224 3728 2433 3795 γωρίαν
2464 3744 2522 3778 τε
2559 3727 2743 3785 αὐτοῖς
2766 3723 2874 3775 τῶν
2898 3719 3249 3789 προστάξεως)
3282 3716 3524 3768 ἐνεκάλει
3560 3716 3647 3767 καί
3668 3715 3812 3782 ἀμέ-

2225 3821 2375 3869 λειαν
2406 3817 2513 3868 τῶν
2555 3817 2612 3866 ὲν
2657 3812 2816 3884 χερσὶ
2870 3810 3171 3880 φροντίδων
3203 3808 3296 3861 καί
3319 3824 3336 3849 ε
3386 3806 3509 3868 Πῶς
3539 3809 3616 3869 εἰς
3646 3805 3811 3859 τοῦτο

2224 3910 2453 3979 τόλμης,
2513 3908 2721 3975 ἔλεγεν,
2764 3908 2919 3972 ὑμεῖς
2950 3902 3165 3974 ἤλθετε,
3205 3902 3286 3955 ὅτι
3342 3902 3436 3955 καὶ
3470 3902 3627 3962 ὄκνος
3662 3893 3811 3951 εἷλεν

2227 4003 2371 4068 ὑμᾶς
2403 4005 2497 4051 καὶ
2523 3998 2712 4049 τοῦτον
2741 3996 2835 4048 τοῦ
2860 3996 3131 4065 ἡμετέρου
3160 3994 3584 4060 προστάγματος
3614 3991 3809 4044 ἔθεσθε

2227 4092 2645 4162 προτιμότερον,
2680 4090 2754 4151 ὡς
2786 4087 3156 4157 ἡμιτελῆομεν
3196 4084 3265 4138 τά
3295 4083 3656 4154 ὲπιταχθέντα
3704 4102 3814 4136 κα-

2225 4188 2495 4251 ταλιπεῖν,
2538 4183 2932 4253 κατακλιθῆναι
2960 4182 3016 4235 δὲ
3055 4180 3133 4250 τῷ
3178 4181 3387 4247 ἐδάφει,
3429 4180 3515 4230 ἵνα
3552 4178 3643 4229 καὶ
3673 4179 3812 4231 ἑαυ-

2222 4285 2336 4343 τοῖς
2385 4298 2436 4333 τι
2476 4279 2779 4349 χαρίσησθε
2830 4278 2925 4329 καὶ
2977 4272 3358 4343 πεπονηκότας
3414 4271 3476 4322 ὲκ
3508 4269 3600 4322 τοῦ
3634 4272 3814 4323 κόπου

2223 4370 2659 4439 διαναπαύσητε;
2736 4369 2897 4438 Ὁρᾷς
2944 4364 3020 4427 ὡς
3072 4364 3193 4417 οὐδὲ
3243 4363 3534 4416 ἀναλαϐεῖν
3579 4363 3813 4423 ἑαυτοὺς

2222 4464 2476 4517 δῦνανται
2529 4463 2648 4517 οὐδὲ
2703 4460 3012 4532 χρήσασθαι
3083 4461 3204 4521 ταῖς
3262 4459 3449 4527 χερσὶν
3506 4458 3584 4518 είς
3642 4455 3812 4519 δέον;

535 4588 601 4625 ne
630 4572 841 4638 scipsos
871 4568 1089 4636 quidem
1129 4563 1339 4632 possint
1374 4558 1685 4624 restituere,
1719 4570 1895 4627 neque
1932 4554 2108 4608 mani-

2218 4557 2481 4627 άγνοῶνό
2524 4558 2775 4626 μάταιος,
2811 4556 2893 4608 ὃτι
2938 4554 3061 4606 θεία
3090 4553 3320 4619 δύναμις
3362 4550 3586 4601 ἓσὸεσεν
3626 4549 3813 4601 αὐτῶν

530 4669 634 4720 bus
665 4666 739 4719 uti
777 4663 843 4717 ad
866 4663 916 4716 id
941 4661 1081 4729 quod
1108 4669 1188 4715 est
1217 4671 1353 4724 opus
1391 4673 1403 4709 :
1438 4655 1530 4711 sed
1557 4652 1837 4725 ignorabat
1860 4649 2109 4716 stolidus,

533 4760 774 4813 divinam
831 4757 1114 4818 virtutem,
1173 4769 1281 4808 non
1345 4759 1525 4804 autem
1584 4748 1913 4811 socordiam,
1972 4745 2113 4800 vires

533 4870 719 4907 eorum
777 4850 1125 4904 exstinxisse.
1190 4846 1267 4901 llli
1323 4853 1502 4899 autem
1554 4862 1565 4895 :
1613 4841 1729 4893 Non
1783 4839 1854 4892 ita
1915 4853 2001 4891 res
2054 4854 2112 4892 se

533 4950 755 5013 habent,
810 4960 842 4999 ο
891 4946 1203 5011 imperator,
1264 4939 1679 5009 responderunt,
1740 4947 1915 5002 neque
1976 4932 2111 4985 tardi

535 5055 722 5092 sumus
758 5040 809 5091 in
852 5036 957 5091 tuis
981 5035 1149 5102 jussis
1183 5030 1582 5102 exsequendis:
1620 5027 1780 5089 absit,
1815 5036 1871 5081 ut
1906 5033 2112 5079 tantum

538 5133 873 5187 insanianms
929 5147 942 5183 :
1004 5142 1183 5198 neque
1247 5127 1514 5181 cessimus
1576 5120 1876 5183 socordiae,
1939 5134 2115 5188 neque

538 5240 729 5277 manus
792 5230 993 5276 nostrae
1046 5234 1241 5288 magno
1287 5216 1515 5271 defessze
1572 5224 1699 5268 sunt
1752 5211 1936 5263 labore
1973 5226 1985 5261 :
2022 5209 2115 5263 sed

537 5319 793 5371 terribilis
840 5317 1084 5382 quaedam
1132 5315 1271 5367 visio
1324 5326 1424 5365 nos
1474 5310 1551 5361 sic
1599 5307 1800 5370 affecit,
1854 5320 1973 5373 qua:
2016 5320 2115 5358 nos

536 5409 685 5463 bntni
720 5408 935 5474 dejecit,
979 5417 1031 5463 et
1082 5423 1270 5459 mximis
1303 5411 1518 5458 nostras
1552 5400 1799 5454 dissolvit
1843 5415 1856 5450 :
1904 5406 1957 5452 et
2003 5397 2114 5465 jam

536 5520 725 5559 sumus
750 5504 1008 5557 membris
1030 5500 1297 5562 dissoluti,
1317 5512 1369 5553 et
1390 5497 1562 5553 elTecti
1586 5495 1807 5547 omnino
1832 5492 2111 5546 imbecilli.

537 5600 671 5652 Tres
700 5598 844 5651 enim
870 5596 992 5659 viri,
1024 5603 1244 5664 aspectu
1275 5592 1492 5663 quidem
1524 5588 1763 5651 candidi,
1792 5596 1842 5640 et
1868 5585 2117 5641 candidis

539 5692 710 5749 induti
785 5689 1046 5753 vestibus,
1100 5689 1279 5756 specie
1348 5696 1527 5741 autem
1599 5682 1891 5744 terribiles,
1960 5679 2116 5734 nobis

541 5784 885 5850 apparentes,
928 5792 1080 5836 torve
1136 5781 1185 5834 in
1221 5796 1316 5833 nos
1350 5793 1400 5833 et
1448 5777 1699 5833 ferociter
1733 5784 2059 5844 aSpexernnt
2104 5792 2110 5799 ·

540 5887 592 5933 et
632 5878 767 5948 ignis
800 5878 890 5948 qui
926 5886 1039 5931 erat
1068 5875 1119 5932 in
1162 5872 1430 5937 manibus,
1465 5889 1528 5928 ex
1564 5871 1901 5942 lampadibus
1933 5886 2112 5924 θείων

2218 4653 2315 4722 τὴν
2348 4653 2520 4722 ίσχνν,
2545 4650 2660 4703 ἀλλ’
2686 4650 2810 4719 οὐχὶ
2834 4649 3012 4710 ὖκνος.
3038 4647 3101 4698 Ui
3123 4645 3180 4696 δέ
3202 4660 3217 4675 ⁸
3248 4641 3454 4707 Ταῦτα,
3481 4637 3524 4697 ὦ
3554 4641 3808 4712 βασιλεῦ,

2217 4748 2602 4816 ἀπεκρίναντο,
2636 4744 2756 4797 οὐδὲ
2794 4741 3015 4811 βραδεῖς
3046 4740 3175 4809 περὶ
3205 4740 3303 4800 τὰς
3338 4739 3437 4798 σὰς
3476 4735 3810 4806 προστάξεις

2220 4842 2401 4908 ἡμεῖς,
2428 4840 2547 4892 οὐδὲ
2575 4840 2683 4890 ἀπὸ
2712 4835 2801 4888 τοῦ
2832 4833 3030 4888 πολλοῦ
3062 4835 3234 4887 κόπου
3270 4831 3480 4899 ἔκαμον
3520 4829 3575 4881 al
3619 4830 3809 4898 χεῖρες

2218 4936 2369 5003 ἡμῖν,
2401 4933 2534 4984 ἀλλὰ
2564 4932 2770 5002 φοϐερά
2798 4950 2879 4995 τις
2926 4931 3049 4997 ὄψις
3093 4928 3236 4981 οὕτω
3265 4926 3519 4993 διέθηκεν
3556 4925 3702 4992 ἡμᾶς
3739 4927 3807 4992 τῇ

2221 5032 2286 5096 γῇ
2324 5024 2873 5096 προσκαταόαλοῦσα,
2909 5022 3005 5074 καὶ
3028 5019 3341 5090 παρείμεθα
3365 5020 3462 5079 τὰς
3493 5017 3673 5080 δεξιὰς
3709 5018 3810 5070 καὶ

2219 5118 2559 5187 ὲκλελύμεθα
2589 5116 2688 5185 ἤδη
2722 5116 2815 5167 καὶ
2864 5112 2924 5165 τὸ
2957 5114 3077 5165 ὅλον
3119 5112 3297 5165 ἄτονοι
3335 5107 3766 5173 καθεστήκαμεν
3791 5122 3803 5136 ·

2220 5216 2365 5282 τρεῖς
2424 5211 2532 5279 γὰρ
2589 5210 2801 5279 ἄνδρες,
2834 5206 3020 5259 λευκοὶ
3064 5205 3165 5273 μὲν
3199 5202 3296 5271 τὴν
3330 5202 3479 5261 θέαν,
3528 5198 3719 5249 λευκοὶ
3749 5199 3808 5249 δὲ

2219 5306 2317 5373 τὴν
2347 5303 2635 5369 ἀναόολὴν,
2672 5299 2897 5367 φοϐεροὶ
2935 5298 2997 5348 τὸ
3057 5293 3219 5356 εἶδος,
3251 5290 3615 5359 ἐπιφανέντες
3645 5290 3805 5354 ἡμῖν,

2222 5398 2419 5465 πικρόν
2454 5412 2511 5447 τε
2551 5398 2627 5456 εἰς
2659 5395 2805 5462 ἡμᾶς
2833 5394 2925 5442 καὶ
2956 5390 3147 5458 ἄγριον
3195 5384 3335 5439 εἶδον
3366 5381 3544 5436 καὶτὸ
3578 5379 3809 5433 ἐπὶτῶν

2220 5491 2419 5562 χειρῶν
2480 5488 2587 5558 πῦρ
2636 5487 2757 5539 καθ’
2800 5483 2956 5554 ἡμῶν
3005 5481 3168 5541 εὐθὺς
3191 5476 3298 5529 άπὸ
3335 5474 3443 5526 τῶν
3499 5468 3808 5539 λαμπάδων

2222 5586 2412 5637 ἐπιτειο
2475 5581 2667 5632 ἔπειτα
2728 5577 3091 5635 κελεύσαντες
3159 5569 3468 5624 ἀποστῆναι
3541 5561 3805 5629 ’Λνθίμου

2224 5677 2564 5745 (θεράποντα
2594 5674 2648 5726 δὲ
2672 5670 2808 5723 Θεοῦ
2838 5668 3026 5720 τοῦτον
3064 5665 3331 5731 ἐκάλουν)
3367 5657 3807 5715 καταϐάλλουσιν

2226 5774 2367 5839 ἡμᾶς
2404 5770 2493 5821 καὶ
2528 5766 2701 5825 οὕτως
2735 5760 3044 5824 αὑτίκα,ὠς
3076 5760 3229 5828 ὁρᾷς,
3268 5755 3611 5809 διατιθιίσιν.
3640 5748 3806 5807 Οὗτοι

2230 5872 2320 5938 μὶ»
2351 5865 2441 5919 οὖν
2475 5861 2730 5931 ἀλλήλοις
2764 5858 3029 5927 enimn
3098 5858 3289 5907 ταῦτα.
