3966 6454
548 386 649 449 183
1881 383 2166 444 MENSIS

2237 383 2445 443 lAlUS
3708 370 3809 435 184

540 500 635 569 qui
673 512 779 553 non
810 505 985 567 potest
1013 496 1401 566 comprehendi
1435 512 1447 547 :
1482 496 1575 551 sed
1605 496 1767 551 etiam
1794 495 2120 551 sacriﬁcavit
2151 497 2172 553 ἐ

2237 496 2326 547 καὶ
2377 496 2787 566 ἀπερίληπτοςο
2843 494 2981 549 ἀλλὰ
3028 494 3124 546 καὶ
3182 492 3373 545 ἑαυτὸν
3405 491 3636 546 τέθεικεν
3667 489 3811 556 ὑπὲρ

544 592 927 660 seipsum'pro
970 589 1203 648 ovibus:
1237 598 1288 641 et
1326 587 1378 641 in
1413 603 1632 643 crucem
1681 597 1857 654 actus,
1886 597 2117 641 mort-em

540 678 873 746 suscepit,et
896 676 982 730 die
1011 677 1170 731 tertio
1199 676 1520 739 resurrexit,
1546 684 1603 729 et
1629 675 1680 729 in
1706 674 1900 730 malum
1929 689 2119 729 rursus

541 768 807 835 ascendit,
831 783 917 822 me
942 782 1158 838 quoque
1185 768 1345 823 simul
1375 767 1634 831 evehens,
1668 768 1760 835 qui
1795 765 1941 820 illinc
1971 766 2120 819 ceci-

540 865 727 917 rlcram
802 871 1023 931 propter
1098 861 1541 915 inobedientiam.
1611 858 1785 929 Hujus
1846 872 1966 913 sum
2020 872 2121 927 ego

541 952 823 1017 sacerdos,
856 961 909 1007 et
934 951 982 1008 ei
1013 952 1278 1021 meipsum
1305 952 1471 1006 statui
1498 950 1695 1007 olIerre
1725 951 1980 1006 hostiam.
2013 950 2123 1005 Res

544 1054 723 1097 autem
780 1053 996 1110 vestrm,
1043 1054 1097 1097 et
1144 1054 1469 1108 vestrorum,
1514 1053 1572 1097 ut
1622 1043 1827 1110 dicitis,
1874 1042 2117 1109 deorum,

543 1138 721 1205 digna:
773 1147 900 1192 sunt
953 1146 1110 1192 nocte
1161 1144 1217 1190 et
1272 1138 1508 1207 angulis,
1547 1144 1603 1191 et
1652 1150 1773 1204 quae
1836 1136 2123 1204 lugeantur

548 1227 725 1296 potius
751 1238 971 1297 propter
999 1228 1279 1283 interitum
1303 1238 1357 1283 ct
1380 1226 1747 1283 calamitatem
1772 1242 1933 1296 quam
1960 1241 2123 1297 appe-

549 1328 731 1371 tanlur
755 1318 1071 1373 maledictis.

618 1407 734 1462 XII.
771 1406 865 1462 His
892 1409 961 1462 ita
997 1409 1234 1479 percitus
1262 1409 1578 1479 imperator,
1611 1408 1762 1483 jubet
1799 1422 2121 1478 generosum

544 1501 863 1553 Anthimum
898 1501 1017 1554 duci
1053 1500 1118 1553 ad
1150 1510 1403 1555 mortem.
1440 1500 1665 1556 Ducitur
1716 1516 1846 1570 ergo
1897 1499 2119 1562 athleta,

546 1603 641 1658 spe
689 1588 991 1642 futurorum
1026 1587 1233 1643 habens
1269 1589 1539 1659 vigentem
1591 1589 1852 1643 laetitiam.
1886 1588 1954 1643 Et
1997 1604 2122 1643 cum

547 1682 887 1751 pervenisset
939 1682 1005 1737 ad
1065 1681 1266 1746 locum,
1316 1682 1370 1735 in
1424 1696 1533 1752 quo
1582 1691 1702 1737 erat
1747 1698 1843 1751 per
1894 1693 2124 1738 mortem

546 1785 912 1840 perventurus
945 1772 1011 1825 ad
1051 1773 1216 1826 vitam
1268 1773 1362 1843 (2),
1398 1775 1467 1829 ad
1509 1774 1839 1843 precandum
1883 1782 2127 1843 tempore

2228 586 2338 640 τῶν
2372 590 2685 659 προδάτων,
2742 592 2841 643 καὶ
2880 586 3120 659 σταυροῦ
3154 585 3378 654 γεύεται
3406 587 3499 638 καὶ
3552 584 3812 650 Θανάτου,

2229 679 2325 732 καὶ
2370 682 2669 751 τριήμερος
2705 682 3017 747 ἀνίσταται,
3067 680 3165 733 καὶ
3198 679 3281 741 el;
3310 678 3578 747 οὐρανοὺς
3633 676 3814 729 ἄνεισι

2228 773 2411 851 πᾶλιν,
2446 772 2837 843 συναναφέρων
2889 790 2957 842 με
2989 772 3081 825 τὸν
3120 770 3336 824 ἱκεῖθεν
3384 769 3476 822 διὰ
3504 768 3603 837 τὴν
3631 785 3817 837 παρα-

2227 864 2359 934 κοὴν
2416 862 2784 916 πεπτωκότα·
2825 863 3017 915 τούτου
3083 861 3266 931 ἱερεὺς
3316 858 3434 927 ἐγὼ
3483 858 3580 911 καὶ¹
3633 857 3815 927 τούτῳ

2228 960 2601 1028 προσαγαγεῖν
2621 955 2859 1025 ἐμαυτὸν
2894 953 3087 1007 θυσίαν
3109 953 3431 1023 προῄρημαι
3450 967 3469 983 ⁸
3498 950 3569 1003 τὰ
3596 950 3653 1003 δὲ
3678 948 3817 1017 ὗμι-

2228 1064 2362 1115 τερα
2384 1046 2475 1099 καὶ
2508 1045 2618 1098 τῶν
2650 1044 2956 1115 ὑμετέρων.
2982 1041 3057 1103 ὥς
3084 1058 3244 1109 φατε,
3270 1038 3430 1101 Οεῶν,
3465 1036 3663 1099 νυκτὸς
3690 1034 3820 1099 ἄξια

2228 1143 2322 1195 καί
2353 1141 2553 1208 γωνίας
2586 1137 2938 1208 Θρηνούμενα
2992 1133 3080 1186 διὰ
3130 1132 3230 1201 τὴν
3260 1130 3542 1185 ἀπώλειαν
3591 1131 3687 1183 καὶ
3718 1126 3819 1197 τὴν

2232 1250 2296 1287 συ
2304 1232 2522 1304 μφορὶν
2550 1231 2750 1300 μᾶλλον
2774 1230 2806 1299 ἦ
2839 1225 3080 1297 λοιδορού
3090 1240 3249 1295 μενα.

2301 1386 2402 1441 lB'.
2458 1384 2686 1447 Τούτοις
2734 1385 3047 1454 ὑπερζέσας
3098 1380 3177 1452 τῷ
3236 1379 3395 1451 θυμῷ
3448 1377 3820 1449 Μαξιμιανδς,

2232 1478 2447 1531 κελεύει
2467 1479 2559 1530 τὸν
2586 1480 2835 1544 γενναῖον
2862 1477 3126 1544 Ἀνθιμον
3161 1476 3260 1544 τὴν
3289 1472 3382 1527 ἐπὶ
3414 1471 3647 1524 θάνατον
3686 1471 3819 1535 ἂγε-

2234 1572 2359 1626 σθαι
2380 1589 2393 1602 ·
2432 1571 2626 1638 ἄγεται
2653 1569 2832 1621 τοίνυν
2854 1570 2882 1621 ὀ
2921 1567 3166 1638 ἀθλητὴς
3219 1562 3641 1633 ὲνακμάζουσαν
3670 1558 3822 1629 αὐτῷ

2232 1663 2298 1732 τῇ
2324 1659 2431 1713 τῶν
2467 1658 2774 1729 μελλόντων
2806 1656 3115 1728 ἐπαγγελίᾳ
3148 1656 3288 1725 ἔχων
3314 1654 3414 1723 τὴν
3447 1650 3646 1721 ἡδονήν
3675 1667 3688 1681 ·
3726 1650 3825 1701 καὶ

2234 1752 2326 1804 τὸν
2357 1751 2519 1802 τόπον
2554 1748 2898 1809 καταλαόὼν,
2938 1748 2995 1799 ὲν
3047 1740 3092 1815 ᾦ
3148 1746 3235 1798 διὰ
3270 1742 3365 1797 τοῦ
3411 1741 3645 1794 Θανάτου
3680 1738 3826 1807 πρὸς

532 1864 715 1933 ,ριξιίιο
756 1874 809 1919 et
858 1874 1103 1933 accepto,
1148 1879 1269 1919 cum
1316 1874 1592 1935 postremo
1638 1873 1788 1919 esset
1846 1853 2172 1933 precatus,‘

2237 1842 2324 1914 τὴν
2364 1841 2511 1911 ζωὴν
2563 1838 2757 1908 ἔμελλε
2802 1836 3078 1905 διαϐῆναι,
3144 1836 3339 1904 καιρὸν
3390 1833 3472 1896 εἰς
3510 1829 3826 1901 προσευχὴν

547 1964 599 2009 et
632 1954 799 2009 Deum
830 1956 1119 2021 allocutus,
1146 1959 1193 2010 ei
1223 1959 1440 2011 beatum
1471 1957 1600 2011 illud
1631 1966 1793 2027 caput
1815 1965 2130 2026 amputatur

2237 1936 2481 2005 αἰτήσας,
2516 1933 2611 1985 καὶ
2641 1929 2845 1992 λαϐὼν,
2874 1931 2968 1983 καὶ
2998 1930 3065 1981 τὰ
3094 1928 3386 1981 τελευταῖα
3436 1924 3825 1997 προσευξάμεε

551 2046 712 2101 tertio
739 2049 940 2102 mensis
984 2048 1341 2115 Septembris.
1380 2045 1612 2117 Vespere
1647 2059 1826 2103 autem
1856 2048 2129 2102 acceden-

2230 2044 2319 2089 νος
2350 2026 2443 2079 καὶ
2474 2023 2776 2095 διαλεχθεὶς
2806 2023 2884 2093 τῷ
2934 2020 3077 2093 Θεῷ,
3133 2019 3233 2090 τὴν
3268 2018 3548 2089 μακαρίαν
3600 2016 3827 2083 ἐκείνην

552 2148 636 2191 tes
686 2138 906 2207 quidam
969 2139 1177 2203 ﬁdeles,
1227 2155 1347 2194 cum
1396 2141 1691 2209 pretiosum
1737 2156 1933 2210 corpus
1987 2140 2130 2194 illius

2237 2118 2477 2187 κεφαλὴν
2509 2118 2848 2186 ἀφαιρεῖται,
2901 2114 3063 2185 τρίτῃ
3089 2110 3183 2166 τοῦ
3212 2108 3592 2179 Σεπτεμϐρίου
3627 2108 3826 2177 μηνός.

556 2229 928 2297 sustulissent,
954 2242 1251 2300 sancteque
1274 2242 1327 2287 et
1350 2232 1648 2287 honoriﬁce
1667 2234 2129 2299 composuissent,

2242 2212 2513 2279 Ἐσπέρας
2532 2210 2587 2262 δὲ
2616 2226 2762 2271 τινες
2794 2205 3231 2275 παραγενόμενοι
3256 2203 3364 2253 τῶν
3384 2200 3613 2260 πιστῶν,
3641 2197 3743 2252 καὶ
3765 2198 3828 2248 τὸ

554 2319 610 2372 in
652 2320 769 2388 ipso
816 2321 958 2388 loco,
998 2322 1050 2375 in
1104 2338 1211 2391 quo
1270 2322 1371 2376 fuit
1419 2332 1853 2385 consummatus,
1905 2322 2132 2392 pulchre

2237 2304 2447 2357 ἐκείνου
2472 2300 2633 2370 σῶμα
2652 2299 2714 2350 τὸ
2735 2299 2916 2364 τίμιον
2934 2296 3268 2363 ἀνελόμενοι,
3285 2293 3381 2344 καὶ
3399 2290 3558 2352 ὁσίως
3574 2289 3669 2341 καὶ
3686 2287 3832 2358 λαμ-

556 2414 855 2485 dcponunt,
878 2414 1158 2469 laudantes
1188 2413 1427 2477 Patrem,
1458 2423 1511 2467 et
1540 2412 1759 2478 Filium,
1788 2423 1843 2467 et
1866 2412 2129 2479 Spiritum

2236 2394 2390 2464 πρῶς
2412 2390 2879 2461 περιστείλαντες,
2902 2386 3031 2457 παρ’
3057 2385 3218 2437 αὑτὸν
3239 2383 3331 2435 τὸν
3357 2386 3455 2452 τῆς
3488 2380 3831 2441 τελειώσεως

556 2514 828 2569 sanctum,
861 2521 1021 2559 unam
1053 2506 1395 2561 divinitatem
1425 2516 1479 2562 et
1524 2521 1784 2577 regnum;
1821 2506 1905 2560 cui
1953 2506 2134 2562 omnis

2239 2490 2404 2542 τόπον
2432 2482 2757 2553 διαπρεπῶς
2784 2483 2924 2549 ἄγαν
2954 2476 3338 2538 κατατιθέασι,
3364 2472 3682 2539 δοξάζοντες
3716 2472 3829 2523 [Ια-

2864 2575 2872 2577 _
2920 2572 2960 2577 _
3031 2570 3055 2577 -
3178 2568 3200 2577 _
3426 2565 3437 2577 .
3569 2563 3580 2577 .
3680 2560 3707 2577 ,η
3784 2560 3798 2577 .

559 2595 753 2662 gloria,
804 2598 978 2651 honor
1028 2606 1084 2651 et
1137 2598 1385 2652 adoratio
1434 2597 1486 2652 in
1532 2597 1724 2655 saecula
1785 2598 2129 2653 saeculorum.

559 2689 753 2742 Amen.

2241 2578 2396 2648 τέρα,
2455 2577 2551 2630 καὶ
2588 2575 2739 2636 Υἰὺν,
2792 2575 2885 2626 καὶ
2920 2570 3143 2639 Πνεῦμα
3176 2568 3355 2635 ἅγιον,
3386 2565 3485 2634 τὴν
3520 2563 3651 2633 μίαν
3680 2560 3830 2613 05:6-

2242 2684 2383 2737 τῃτα
2429 2666 2524 2717 καὶ
2577 2662 2879 2733 βασιλείαν,
2910 2656 3169 2735 ᾖπρέπει
3202 2660 3351 2711 πᾶσα
3382 2654 3530 2719 δόξα,
3562 2652 3702 2722 τιμὴ
3735 2649 3830 2703 καὶ

2246 2756 2621 2828 προσκύνησις
2650 2756 2730 2817 είς
2762 2754 2887 2817 τοὺς
2922 2752 3127 2815 αἰῶνας
3162 2750 3272 2803 τῶν
3303 2747 3536 2803 αἰώνων.
3590 2745 3793 2815 ’Δμήν.

632 2888 713 2962 (9)
745 2892 874 2947 Vide
920 2893 1118 2949 Euseb.
1171 2892 1316 2949 Hist.
1363 2892 1564 2949 Eccles.
1619 2895 1712 2949 lih.
1760 2912 1878 2959 vm,
1912 2913 1960 2949 c.
1990 2895 2043 2961 ϐ,
2086 2905 2137 2949 et
2177 2894 2375 2952 Baron.
2408 2911 2499 2949 an.
2531 2894 2659 2949 302.

590 3034 3824 3084 Μ

1405 3247 1859 3422 ΜΕΝ
1868 3245 2184 3425 SIS
2336 3241 3013 3422 MAIUS

976 3723 1155 3835 DE
1246 3722 1811 3840 SANCTO
1896 3726 2557 3837 PHILIPPO
2649 3722 3394 3836 APOSTOLO

1580 3948 1918 4006 MARTYRE
1958 3950 2326 4011 lllERAPOLl
2368 3952 2437 4009 IN
2470 3951 2798 4009 PHRYGIA.

904 4098 1036 4153 (Maii
1060 4100 1140 4151 die
1167 4102 1207 4153 l.
1235 4108 1354 4161 Acta
1379 4108 1669 4155 Sanctorum
1699 4105 1923 4155 Bolland.
1950 4108 2062 4156 Maii
2089 4114 2206 4156 tom.
2244 4108 2283 4167 Ι,
2310 4124 2357 4170 p.
2382 4109 2407 4155 7
2435 4107 2638 4169 latine;
2662 4110 2829 4159 Graece
2863 4123 2912 4170 p.
2936 4109 3047 4167 755,
3072 4120 3134 4156 ex
3160 4110 3268 4156 eod.
3299 4105 3443 4167 Ναί.)

646 4415 697 4467 i.
740 4415 985 4467 Celebris
1034 4424 1119 4467 est
1170 4416 1233 4467 ad
1295 4414 1565 4470 Kalendas
1618 4402 1744 4470 Maii
1796 4420 2057 4473 memoria
2108 4418 2167 4474 S.
2211 4419 2441 4487 Philippi
2503 4415 2734 4487 apostoli
2788 4416 2842 4470 in
2896 4414 3295 4487 antiquissimis
3348 4415 3528 4473 Paetis
3578 4414 3820 4471 Latinis-

562 4512 943 4565 Pervetustum
998 4504 1365 4580 Martyrologii
1412 4508 1831 4584 Hieronymiani
1884 4515 2277 4585 apographum,
2318 4529 2346 4567 a
2391 4512 2537 4567 mille
2584 4526 2751 4582 prope
2801 4512 2962 4567 annis
3013 4522 3321 4579 exaratum,
3374 4529 3483 4583 quo
3536 4513 3604 4568 ab
3656 4512 3819 4566 initio

564 4602 745 4669 operis
779 4610 838 4654 ut
872 4612 1057 4655 nostro
1090 4603 1172 4655 usi
1209 4616 1416 4669 sumus,
1442 4605 1699 4673 quodque
1734 4604 2223 4675 Epternacensibus
2261 4615 2314 4658 ut
2348 4621 2505 4659 suum
2541 4603 2884 4672 exigentibus
2923 4604 3277 4670 reddidimus,
3320 4603 3483 4657 habet
3535 4604 3823 4671 praeﬁxum

566 4694 864 4749 lndiculum
897 4695 960 4748 de
980 4695 1130 4751 festis
1161 4697 1527 4765 apostolorum
1548 4698 1756 4761 diebus,
1787 4708 1840 4753 et
1877 4698 2161 4754 referenda
2195 4700 2260 4753 ad
2296 4699 2563 4753 Kalendas
2594 4696 2713 4751 Maii
2749 4699 2851 4751 ista
2880 4695 3123 4765 suggerit
3156 4714 3171 4751 :
3208 4696 3473 4755 «Natalis
3501 4694 3559 4749 S.
3584 4694 3821 4763 Philippi

567 4786 817 4854 apostoli,
849 4787 901 4839 in
934 4787 1156 4841 civitate
1198 4787 1469 4858 Hierapoli
1520 4791 1811 4859 provincia:
1854 4790 2015 4843 Asiaz.
2054 4809 2071 4841 ι
2104 4790 2303 4844 Verum
2342 4790 2395 4842 in
2429 4798 2677 4843 contextu
2708 4788 3078 4861 Martyrologii
3118 4789 3183 4844 ad
3217 4786 3489 4842 Kalendas
3521 4783 3643 4840 Maii
3699 4786 3820 4843 hare

566 4879 738 4933 solum
783 4879 1034 4948 leguntur
1073 4897 1087 4933 :
1130 4899 1148 4930 ι
1193 4878 1395 4935 Natalis
1423 4892 1732 4936 sanctorum
1767 4883 2134 4952 apostolorum
2167 4882 2395 4949 Philippi
2422 4890 2476 4935 et
2500 4879 2704 4935 Jacobi.
2744 4900 2761 4932 ι
2796 4879 2853 4934 In
2890 4882 3199 4950 apographo
3228 4880 3546 4936 Corbeiensi
3584 4880 3820 4937 Parisiis

566 4984 765 5023 excuso
824 4969 1068 5039 ejusdem
1106 4969 1471 5041 Martyrologii
1514 4970 1918 5043 llieronytniani
1956 4976 2026 5029 ita
2061 4974 2298 5027 habetur
2349 4991 2361 5027 :
2399 4993 2416 5023 ι
2447 4973 2503 5027 ln
2558 4973 2686 5026 Asia
2723 4971 2995 5041 llierapoli
3036 4973 3141 5028 SS.
3195 4972 3428 5045 Philippi
3484 4973 3714 5043 apostoli
3766 4984 3823 5030 et

568 5061 776 5115 Jacobi.
821 5079 841 5113 ι
882 5061 956 5115 De
998 5059 1055 5114 S.
1095 5058 1321 5125 Jacobo,
1374 5063 1464 5129 qui
1516 5077 1617 5117 non
1663 5072 1871 5133 spectat
1929 5066 1997 5119 ad
2047 5062 2401 5132 Hierapolim,
2454 5081 2576 5118 nlox
2635 5065 2865 5119 seorsim
2923 5080 3163 5136 agemus.
3215 5064 3425 5120 Similia
3476 5067 3542 5121 de
3582 5078 3820 5138 utroque

569 5157 837 5211 habentur
860 5154 915 5207 in
945 5154 1343 5223 antiquioribus
1377 5153 1553 5210 Fastis
1585 5172 1715 5211 mss.
1745 5172 1881 5226 quos
1910 5174 2014 5212 non
2042 5166 2123 5212 est
2154 5171 2331 5227 operte
2366 5158 2603 5228 pretium
2660 5157 2924 5213 indicare.
2956 5157 3292 5214 Venerabilis
3322 5159 3461 5213 Beda
3492 5160 3544 5214 in
3574 5161 3819 5226 genuino

572 5265 670 5303 suo
722 5248 1129 5318 Martyrologio,
1162 5247 1305 5316 quod
1344 5256 1468 5301 ante
1524 5258 1724 5315 tornuin
1771 5252 2066 5303 secundum
2111 5252 2369 5305 Actorum
2412 5250 2588 5304 Martii
2626 5267 2691 5305 ex
2739 5260 2861 5305 octo
2906 5251 3145 5319 antiquis
3198 5254 3474 5306 codicibus
3519 5251 3813 5317 edidimus,

572 5346 674 5397 ista
710 5344 901 5397 scribit
940 5360 952 5395 :
999 5362 1017 5394 ‹
1060 5342 1117 5396 1η
1154 5341 1425 5411 Hierapoli
1460 5339 1690 5411 Philippi
1726 5344 1976 5410 apostoli,
2014 5353 2066 5398 et
2101 5343 2285 5399 Jacobi
2323 5344 2548 5415 apostoli
2579 5344 2762 5397 fratris
2798 5342 3031 5399 Domini.
3074 5363 3089 5394 ι
3126 5345 3285 5397 Addit
3324 5344 3519 5398 Florus
3550 5361 3564 5398 :
3604 5362 3622 5395 ι
3658 5342 3816 5410 Quo-

571 5447 690 5488 rum
719 5433 921 5501 primus
952 5434 1002 5486 in
1030 5432 1155 5487 Asia
1188 5432 1242 5486 in
1274 5431 1491 5486 civitate
1541 5431 1808 5502 Hierapoli
1851 5435 2138 5503 provinciae
2176 5434 2418 5507 Phrygiae
2438 5450 2628 5505 passus
2656 5445 2761 5500 est,
2799 5436 2979 5505 ibique
3028 5450 3145 5489 cum
3187 5434 3395 5490 ﬁliabus
3448 5438 3560 5492 suis
3593 5439 3815 5507 requie-

570 5528 692 5581 scit.
730 5544 747 5577 ›
785 5525 1057 5589 Rabanus,
1091 5534 1247 5579 aetate
1282 5525 1581 5592 proximus,
1616 5526 1694 5579 sic
1725 5527 1918 5581 scribit
1956 5547 1969 5583 :
2009 5546 2027 5579 ι
2063 5528 2117 5582 1η
2153 5528 2423 5597 Hierapoli
2456 5530 2683 5601 Philippi
2723 5529 2977 5595 apostoli,
3016 5528 3105 5597 qui
3138 5525 3519 5583 Ehionitarum
3550 5530 3808 5587 hreresim

564 5620 846 5686 exstinxit,
882 5631 935 5674 et
968 5619 1171 5687 quievit
1218 5619 1268 5671 in
1303 5633 1452 5686 pace.
1496 5635 1514 5667 ι
1559 5617 1838 5675 Usuardus
1869 5624 2074 5693 scripto
2120 5624 2393 5679 mandavit
2426 5624 2540 5678 haec
2582 5623 2743 5678 verba
2783 5642 2794 5677 :
2833 5644 2849 5674 ι
2908 5620 3101 5677 Natale
3159 5622 3521 5689 apostolorum
3577 5622 3813 5694 Philippi

564 5722 615 5765 et
656 5710 866 5771 Jacobi,
901 5728 962 5765 ex
1003 5710 1197 5778 quibus
1245 5708 1523 5780 Philippus
1577 5720 1857 5791 postquam
1911 5717 2185 5785 Scythiam
2253 5717 2315 5771 ad
2366 5716 2521 5772 ﬁdem
2575 5717 2771 5772 Christi
2828 5717 3203 5779 convertisset,
3253 5714 3392 5786 apud
3450 5715 3805 5786 Hierapolim,

569 5809 705 5862 Asiae
738 5807 1033 5872 civitatem,
1070 5805 1301 5875 gloriose
1336 5810 1435 5861 tine
1475 5812 1697 5878 quiem.
