3966 6464
183 402 268 464 185
1223 402 1403 462 VITA
1448 403 1508 462 S.
1555 401 1903 463 PlllLIPPI
1944 401 2335 466 APOSTOLI.
3329 399 3432 468 186

235 516 282 566 2.
303 513 415 566 Ado
443 513 900 583 archiepiscopus
923 510 1272 577 Viennensis,
1296 515 1348 566 in
1377 513 1558 568 libello
1589 513 1664 568 De
1687 513 2062 581 festivitatibus
2086 523 2389 566 sanctorum
2421 509 2807 580 apostoioruui,
2830 510 2931 564 hoc
2954 509 3189 580 elogium
3223 506 3432 562 edidit:

181 628 196 658 i
232 605 427 660 Natalis
461 606 752 660 beatorum
802 607 1170 672 apostolorum
1218 605 1452 675 Philippi
1486 617 1540 661 et
1581 606 1768 663 Jacobi
1807 625 1820 661 :
1852 624 1918 660 ex
1965 608 2165 674 quibus
2208 606 2514 673 Philippus,
2547 619 2668 658 cum
2720 619 2854 672 pene
2885 603 3165 674 Scythiam
3199 616 3432 656 conver-

176 712 330 763 tisset,
366 699 712 763 diaconibus,
746 697 1076 768 presbyteris
1115 709 1171 752 et
1217 700 1489 770 episcopis
1523 700 1592 753 ibi
1632 701 1966 760 constitutis,
1999 713 2256 753 reversus
2286 708 2370 754 est
2400 699 2465 751 ad
2499 700 2708 762 Asiam,
2738 697 2825 751 ubi
2859 697 3115 750 cominus
3157 696 3427 763 praedica-

178 796 306 847 tione
334 809 428 862 per
461 794 670 864 aliquot
705 810 878 850 annos
913 796 1202 859 insistens,
1253 793 1659 848 multitudinem
1718 795 2034 864 populorum
2075 791 2316 855 Christo,
2366 793 2643 847 laboribus
2691 793 2795 860 piis
2839 807 3052 860 semper
3099 791 3430 856 inserviens,

175 888 402 942 lucratus
429 899 518 941 est
550 907 562 941 :
597 891 802 956 quique
839 890 980 958 apud
1013 887 1345 954 Hierapolim
1380 889 1521 941 Asize
1551 888 1826 940 civitatem
1859 886 2116 940 dormivit
2148 900 2272 940 cum
2305 885 2548 955 patribus
2575 885 2709 949 suis,
2742 885 2902 939 beato
2953 884 3059 938 line
3101 884 3364 952 sepultus.
3405 905 3424 938 ι

175 982 282 1037 llaec
318 985 430 1036 Δάο
459 1001 473 1047 ;
506 984 708 1052 quibus
743 984 895 1037 addit
931 982 1200 1037 Notkerus
1231 1000 1245 1035 :
1291 1001 1308 1033 ι
1348 982 1625 1036 Exstincto
1673 979 1864 1034 haeresi
1917 979 2314 1044 Ebionitarum,
2345 980 2435 1048 qui
2475 977 2751 1032 Christum
2783 976 2966 1032 Jesum
3019 987 3142 1031 ante
3175 978 3429 1032 lncarna-

174 1079 317 1132 tionis
351 1088 564 1148 tempus
599 1080 769 1132 fuisse
811 1079 1103 1148 negabant.
1144 1097 1162 1129 ι
1201 1077 1258 1130 In
1289 1076 1558 1130 hodierno
1595 1073 1984 1144 Martyrologio
2027 1072 2270 1125 Romano
2320 1072 2594 1125 adduntur
2629 1073 2883 1125 nonnulla
2918 1072 2983 1124 de
3013 1071 3130 1138 ejus
3165 1073 3429 1143 martyrio

171 1172 242 1223 his
274 1171 447 1223 verbis
487 1189 500 1224 :
537 1191 555 1222 ι
597 1169 805 1225 Natalis
848 1172 1126 1225 beatorum
1166 1171 1539 1237 apostolorum
1589 1168 1816 1234 Philippi
1857 1176 1911 1220 et
1955 1165 2162 1226 Jacobi,
2197 1179 2261 1218 ex
2297 1164 2494 1232 quibus
2540 1161 2844 1233 Philippus,
2883 1173 3167 1230 postquam
3207 1180 3424 1219 omnem

172 1265 264 1316 fere
318 1264 600 1333 Scythium
639 1265 702 1316 ad
757 1265 913 1316 tidem
949 1264 1150 1317 Christi
1189 1263 1570 1326 convertisset,
1616 1263 1757 1331 apud
1792 1260 2117 1328 Hierapolim
2151 1258 2290 1312 Asiae
2324 1259 2622 1322 civitatem,
2662 1261 2810 1312 cruci
2835 1259 3047 1320 allisus,
3071 1267 3124 1312 ct
3161 1259 3428 1326 lapidibus

170 1356 401 1419 obrutus,
437 1359 682 1427 glorioso
713 1358 823 1412 line
855 1358 1080 1428 quievit.
1121 1376 1139 1411 ι
1177 1357 1302 1413 Haec
1329 1359 1425 1424 ibi,
1459 1358 1654 1427 quibus
1682 1358 1877 1410 similia
1909 1356 1961 1410 in
1999 1371 2096 1410 suo
2125 1354 2508 1426 Martyrologio
2548 1357 2713 1408 tradit
2743 1353 3074 1418 Galesinius,
3102 1355 3171 1409 At
3201 1356 3424 1410 Mauro-

170 1455 302 1520 lycus
337 1453 625 1516 aliquanto
662 1451 820 1520 plura
859 1455 1216 1515 interserens,
1251 1471 1268 1504 t
1309 1452 1520 1517 Natale,
1554 1452 1749 1521 inquit,
1790 1453 2070 1505 beatorum
2105 1453 2471 1519 apostolorum
2519 1449 2752 1517 Philippi
2787 1459 2843 1504 et
2872 1448 3080 1513 Jacobi,
3110 1467 3177 1506 ex
3223 1452 3426 1520 quibus

169 1547 442 1615 Philippus,
480 1557 768 1616 postquam
805 1546 1083 1619 Scythiam
1111 1548 1176 1601 ad
1207 1546 1363 1599 fidem
1394 1547 1596 1601 Christi
1632 1546 1919 1610 convertit,
1950 1545 2038 1598 ubi
2082 1546 2294 1612 dejecto
2325 1543 2514 1599 Martis
2546 1545 2841 1598 simulacro
2877 1552 3131 1598 erexerat
3178 1559 3424 1606 crucem,

169 1651 215 1692 et
251 1655 579 1695 renenosnm
610 1641 911 1694 draconem
947 1641 1369 1701 exterminarat;
1415 1641 1555 1709 apud
1594 1637 1924 1706 Hierapolim
1969 1638 2244 1692 civitatem
2277 1638 2419 1691 Asia:
2468 1636 2704 1705 glorioso
2758 1636 2863 1690 fine
2905 1635 3112 1704 quievit
3144 1653 3156 1688 :
3195 1637 3308 1688 sive
3356 1639 3422 1688 ab

167 1729 406 1786 Ebionitis
437 1735 588 1789 cruci
623 1733 814 1788 afﬁxus
848 1747 898 1788 et
927 1736 1192 1804 lapidatus
1222 1736 1477 1790 occubuit
1508 1753 1520 1787 :
1549 1735 1700 1804 juxta
1729 1748 1890 1802 quem
1940 1733 2061 1786 dote
2106 1731 2228 1786 filite
2283 1733 2403 1801 ejus
2441 1733 2681 1801 virgines
2731 1732 3010 1786 tumulata:
3062 1742 3214 1796 sunt;
3265 1733 3424 1787 tertia

168 1823 336 1889 Ephesi
367 1828 540 1896 jacet.
581 1846 597 1878 ι
632 1825 758 1883 11ωο
791 1828 1130 1900 Maurolycus
1169 1847 1182 1883 :
1219 1838 1418 1897 prmtcr
1447 1843 1568 1898 qua:
1599 1827 1988 1880 Constantinus
2012 1824 2249 1882 Felicius
2281 1825 2534 1879 nonnulla
2570 1826 2761 1880 miscet
2799 1839 2862 1879 ex
2903 1825 3056 1879 Actis
3098 1824 3326 1890 Griecis,
3354 1825 3421 1881 de

163 1919 337 1987 quibus
370 1937 500 1974 mox
532 1939 788 1991 agemus.

221 2013 266 2062 5.
303 2013 528 2067 Vocatio
564 2015 797 2086 Philippi
853 2016 915 2070 ad
951 2016 1309 2084 apostolatum
1350 2015 1627 2069 nonnullis
1667 2017 1832 2070 etiam
1871 2013 2044 2067 Fastis
2083 2015 2147 2066 ad
2179 2013 2248 2066 ‘28
2306 2011 2587 2068 Februarii
2633 2000 2924 2068 riseribitnr
2962 2029 2975 2065 :
3040 2012 3133 2066 sed
3197 2016 3300 2066 ista
3358 2026 3426 2068 sx

165 2129 173 2165 ι
211 2106 285 2158 die
318 2106 436 2160 Maii
469 2108 635 2162 latius
661 2111 974 2164 deducenda
1019 2109 1189 2172 fuere.
1217 2120 1274 2164 ut
1318 2111 1402 2163 via
1438 2120 1773 2163 sterneretur
1807 2109 1872 2164 ad
1919 2119 2036 2162 acta
2076 2106 2288 2169 Latina,
2319 2107 2491 2173 primo
2521 2107 2639 2161 loco
2673 2107 2873 2171 danda,
2903 2107 2954 2160 in
2989 2107 3190 2177 quibus
3212 2092 3416 2159 'omnia

164 2197 513 2264 mntineutur,
550 2216 672 2269 qua:
701 2202 752 2255 in
782 2204 963 2256 citatis
999 2202 1402 2273 Martyrologiis
1430 2203 1789 2273 attingnntur.
1820 2201 2019 2255 Eadem
2046 2203 2180 2254 Acta
2217 2201 2481 2254 habemus
2511 2200 2562 2254 in
2606 2200 2776 2254 tribus
2808 2201 3112 2254 illustribus
3146 2201 3428 2254 codicibus

165 2293 360 2353 nostris,
396 2310 635 2362 quorum
671 2297 870 2364 aliquis
905 2309 1031 2352 ante
1064 2301 1407 2368 octingentos
1439 2313 1609 2352 annos
1644 2298 1855 2350 videtur
1887 2306 2164 2349 exaratos.
2202 2295 2467 2348 Prteterea
2499 2296 2809 2364 accepimus
2833 2295 3022 2349 eadem
3060 2294 3332 2362 descripta
3358 2309 3427 2352 ex

165 2387 367 2439 tctustis
403 2390 694 2444 codicibus
749 2391 1061 2447 Trevir-ensi
1102 2393 1160 2446 S.
1199 2392 1443 2457 Martini,
1482 2391 1679 2460 doplici
1715 2389 2112 2444 Andomarcnsi
2149 2387 2406 2442 Ecclesia:
2453 2389 2803 2448 cathedralis.
2850 2386 3203 2458 Ultrajcctino
3241 2388 3424 2442 cccle-

163 2478 239 2532 δίε
279 2479 335 2535 S.
373 2482 707 2552 Salvatoris,
748 2485 994 2539 Roinano
1028 2489 1321 2540 cardinalis
1353 2487 1589 2540 Baronii.
1632 2484 1948 2538 Invenimus
1997 2486 2110 2553 ipsa
2145 2484 2306 2536 etiam
2348 2483 2402 2536 in
2454 2485 2629 2537 tribus
2679 2483 2880 2550 regina:
2932 2478 3143 2535 Succize
3199 2479 3428 2549 signatis

167 2590 372 2630 numero
400 2579 493 2640 8|,
531 2578 642 2631 482
674 2582 733 2630 et
766 2579 925 2642 1604,
965 2579 1260 2634 Parisieosi
1291 2580 1588 2639 cardinalis
1619 2578 1902 2642 Mazarini,
1946 2580 2214 2632 Duacensi
2251 2578 2564 2633 monasterii
2596 2576 2985 2645 Aquit-inclini,
3015 2575 3310 2629 Bodcccnsi
3368 2575 3423 2629 in

170 2661 509 2734 Westphalia,
544 2680 605 2723 et
644 2669 696 2722 in
729 2670 922 2724 codice
948 2688 1050 2726 ms.
1091 2672 1375 2742 hospitalis
1408 2672 1468 2726 S.
1499 2671 1703 2725 Nicolai
1736 2686 1899 2740 prope
1924 2671 2118 2725 Cusam
2152 2688 2165 2724 :
2200 2687 2373 2739 neque
2409 2671 2476 2723 ab
2509 2671 2593 2724 his
2633 2671 2851 2722 diversa
2887 2678 3036 2733 sunt,
3073 2681 3194 2735 qure
3235 2668 3426 2720 habuit

161 2772 330 2814 auctor
359 2763 610 2818 historia:
650 2765 715 2818 de
748 2764 1129 2822 Trauslatione
1159 2767 1365 2820 brachii
1406 2766 1464 2820 S.
1499 2766 1726 2834 Philippi
1782 2763 2134 2817 Florentiani.
2174 2763 2506 2834 Legemlaria
2541 2763 2584 2817 si
2638 2761 2885 2815 libuisset
2932 2772 3219 2827 exemere,
3269 2763 3421 2830 plura

161 2871 420 2921 possemus
449 2859 706 2914 indicare
735 2860 1006 2930 exempla.
1031 2859 1135 2914 Sed
1169 2861 1220 2913 in
1253 2861 1446 2928 primis
1477 2860 1845 2914 memorabilis
1869 2869 1951 2913 est
1976 2859 2133 2913 nobis
2157 2863 2346 2911 eadem
2378 2858 2508 2910 Acta
2539 2859 2824 2912 continens
2854 2859 3022 2911 codex
3056 2869 3425 2928 pervetustns,

161 2954 418 3015 quadratis
467 2955 780 3012 litterarum
817 2953 1072 3010 ductibus
1104 2964 1160 3010 et
1197 2955 1512 3008 discrimine
1548 2954 2013 3022 diphthongorum
2050 2964 2214 3021 atque
2262 2955 2527 3008 vocalium
2585 2963 2840 3009 accurate
2876 2965 3090 3007 servato
3139 2969 3427 3024 exaratos,

161 3046 236 3112 qui
284 3047 407 3098 olim
466 3049 736 3116 pertinuit
790 3048 857 3101 ad
911 3047 1303 3102 monasterium
1360 3046 1459 3100 SS.
1506 3044 1650 3100 Petri
1703 3058 1757 3098 ct
1810 3045 1961 3098 Pauli
2003 3046 2055 3098 in
2099 3044 2460 3114 Wissenburg
2515 3045 2770 3100 dimensis
2813 3046 3112 3114 Spirensis,
3168 3066 3308 3103 nunc
3345 3059 3428 3103 est

161 3142 459 3208 amplissimi
497 3142 727 3196 baronis
760 3140 981 3207 Blnmii,
1019 3141 1221 3210 sapius
1269 3155 1295 3192 a
1332 3141 1490 3194 nobis
1525 3141 1839 3204 memorati,
1873 3141 1944 3196 ob
1994 3149 2265 3195 vetustum
2303 3139 2668 3212 Martyrologii
2723 3140 3134 3214 llieronymiani
3190 3160 3427 3215 apogra—

161 3239 325 3301 phum,
379 3238 523 3305 quod
580 3237 698 3306 ipse
728 3253 793 3291 ex
855 3236 1042 3292 eodem
1093 3235 1429 3289 monasterio
1461 3244 1738 3303 acceptum
1776 3251 1876 3303 pro
1907 3250 2004 3292 sua
2063 3235 2404 3290 humanitate
2458 3235 2903 3291 communicavit.
2943 3235 3016 3289 Ex
3063 3237 3165 3292 hoc
3211 3249 3427 3294 vetusto

158 3326 320 3382 codice
354 3330 489 3382 Acta
531 3325 800 3381 virtutum
840 3339 892 3382 et
923 3328 1238 3398 passionum
1273 3334 1587 3380 sanctorum
1632 3325 1837 3380 Christi
1873 3325 2267 3395 apostolorum,
2299 3326 2595 3382 Reinoldus
2625 3329 2882 3394 Delinius,
2915 3330 3198 3385 societatis
3226 3344 3426 3388 nostra

160 3421 225 3472 vir
259 3424 526 3490 eruditus,
561 3423 840 3495 descripta
873 3427 1024 3480 nobis
1062 3424 1390 3480 transmisit.

213 3518 260 3571 4.
295 3519 606 3588 Ρηιείίεἱιητ
655 3520 781 3574 huic
831 3521 1005 3575 codici
1062 3537 1083 3572 c
1131 3520 1360 3590 epistola
1397 3519 1687 3586 Melitonis,
1745 3541 1763 3572 ι
1807 3520 1929 3578 aliis
1971 3518 2182 3587 Molliti,
2230 3540 2248 3571 α
2303 3521 2544 3590 episcopi
2591 3521 2965 3586 Laodicensis,
3015 3523 3082 3576 ad
3133 3523 3424 3580 universos

156 3610 411 3682 episcopos
444 3621 498 3663 et
534 3609 818 3665 Ecclesias
843 3610 1270 3680 Catholicorum,
1303 3614 1369 3669 de
1402 3615 1635 3684 quodam
1670 3613 1892 3678 Leucio,
1921 3616 2012 3684 qui
2048 3616 2410 3684 quorumdam
2442 3616 2610 3669 Actus
2641 3614 3013 3679 apostolorum
3047 3615 3361 3684 scripserat.
3399 3638 3417 3665 ι

156 3701 291 3757 Natat
321 3705 465 3760 hunc
499 3703 690 3762 Mulito
742 3705 994 3763 falsitatis
1029 3707 1204 3772 titulo,
1255 3710 1598 3778 potissimum
1631 3709 1754 3778 quia
1787 3710 1945 3775 dixit,
2002 3728 2020 3758 ε
2055 3723 2150 3762 eos
2185 3709 2441 3763 docuisse
2475 3709 2581 3761 duo
2629 3705 2896 3777 principia
2937 3706 3063 3762 boni
3094 3717 3147 3761 et
3185 3706 3333 3774 mali,
3368 3718 3424 3763 et

160 3800 275 3850 bona
303 3816 329 3852 a
364 3800 514 3857 bono
563 3809 620 3855 et
672 3801 813 3857 mala
849 3817 876 3856 a
916 3802 1057 3858 malo
1108 3803 1420 3858 substitisse
1472 3802 1759 3872 principio.
1799 3822 1816 3853 ι
1871 3801 2071 3856 Eadem
2115 3801 2348 3872 epistola
2399 3802 2699 3871 prtefigitur
2744 3813 2870 3854 ante
2910 3802 3044 3854 Acta
3097 3801 3156 3855 S.
3197 3801 3424 3860 Joannis

157 3898 472 3964 trangelista:
499 3897 650 3967 apud
682 3897 1057 3974 Florentinum
1087 3899 1152 3952 ad
1188 3898 1640 3968 Martyrologium
1678 3897 2189 3967 Ilieronymiauum.
2231 3897 2431 3952 Metilio
2465 3897 2710 3967 praedicti
2749 3896 2959 3965 Leucii,
2992 3899 3112 3954 aliis
3174 3897 3416 3963 Leontii,

156 3987 341 4040 videtur
385 3990 505 4042 fieri
558 3990 614 4042 in
665 3988 926 4044 Tractatu
981 3991 1054 4046 De
1099 3992 1205 4062 ﬁde
1259 3994 1364 4045 sire
1411 3993 1474 4044 de
1512 3991 1734 4045 (fuitate
1771 3991 2054 4045 Trinitatis
2103 4005 2287 4044 contra
2350 3990 2698 4058 Manio/raros,
2745 3993 2838 4063 qui
2891 4003 3038 4048 tomo
3076 3993 3140 4048 Vl
3182 3993 3420 4062 Operum

157 4080 202 4134 S.
250 4081 539 4153 Augustini
600 4085 920 4138 continetur
962 4098 978 4137 :
1024 4101 1211 4139 verum
1269 4101 1375 4140 non
1432 4085 1661 4140 habetur
1710 4086 1763 4139 in
1815 4085 2318 4139 Retractationibns
2362 4083 2500 4153 ejus,
2541 4100 2716 4152 neque
2758 4087 2812 4138 in
2852 4084 3097 4142 lndiculo
3151 4086 3420 4154 Possidii;

155 4179 436 4244 asseritque
466 4176 760 4247 Philippus
807 4175 988 4231 Labhe
1025 4175 1099 4231 De
1133 4178 1497 4246 Scriptor-ibus
1537 4181 1934 4245 ecclesiasticis,
1977 4199 1995 4232 t
2034 4181 2269 4236 evicisse
2310 4180 2661 4234 Sirmondnm
2697 4180 2746 4233 in
2779 4178 3016 4233 llistoria
3052 4180 3422 4235 Prtedestina-

159 4266 280 4321 tiaua
307 4287 369 4324 ex
399 4272 506 4326 fide
537 4287 680 4327 mss.
725 4274 995 4339 codicum,
1035 4274 1306 4344 prtecipue
1342 4274 1722 4338 Corbeiensis,
1761 4277 1903 4344 quod
1935 4276 2010 4328 sit
2044 4274 2231 4334 Evodii
2264 4276 2504 4345 episcopi
2540 4275 2850 4340 Uzalcnsis,
2887 4297 2906 4330 ι
2948 4296 2998 4332 In
3031 4277 3416 4332 Proconsulari

157 4364 409 4425 provincia
451 4366 671 4432 Africa,
711 4370 778 4421 ad
809 4383 972 4436 quem
1005 4378 1222 4423 exstant
1253 4369 1414 4423 variae
1450 4365 1508 4422 S.
1538 4367 1828 4440 Augustini
1873 4367 2117 4439 epistolze
2157 4385 2170 4422 :
2206 4377 2264 4421 ut
2298 4367 2381 4422 vel
2418 4377 2544 4424 tunc
2597 4379 2722 4424 ante
2763 4369 3034 4424 indicatus
3079 4369 3261 4424 Melita
3304 4370 3418 4425 sive

159 4455 366 4509 iletlitus
394 4459 696 4527 episcopus
731 4462 932 4515 vixisse
967 4462 1233 4516 videatur.

212 4549 260 4605 5.
294 4551 432 4608 Sunt
479 4555 604 4607 haec
649 4551 1020 4620 apostolorum
1063 4562 1182 4610 acta
1214 4553 1562 4622 postmodum
1610 4554 1762 4608 varie
1802 4561 1983 4616 aucta,
2018 4560 2072 4606 et
2099 4552 2200 4606 sub
2230 4553 2453 4605 nomine
2483 4553 2688 4618 Abdize,
2728 4553 3040 4624 Babylonia:
3072 4559 3313 4625 episcopi
3352 4563 3419 4612 ab

157 4650 392 4714 apostolis
437 4647 708 4712 ordinati,
742 4648 944 4715 saepius
989 4663 1218 4714 recusa;
1256 4647 1413 4718 quasi
1458 4663 1519 4702 ea
1566 4663 1636 4704 ex
1682 4647 1950 4703 llebraica
2001 4646 2052 4698 in
2104 4645 2348 4698 Graecam
2400 4646 2643 4715 linguam
2703 4648 3077 4702 transtulisset
3115 4649 3419 4720 discipulus

155 4741 315 4795 Abdita
354 4740 686 4809 Eutropius.
720 4751 775 4794 et
817 4739 944 4795 hinc
971 4740 1022 4793 in
1053 4737 1304 4794 Latinam
1352 4741 1582 4797 vertisse
1618 4757 1678 4796 se
1726 4742 1872 4795 dicat
1917 4739 2094 4796 Julius
2135 4739 2444 4806 Africanus,
2491 4745 2581 4811 qui
2633 4745 2794 4798 tertio
2848 4745 3260 4798 smculiiniiruit
3315 4747 3418 4802 sub

156 4834 556 4902 imperatoribus
610 4835 960 4905 lleliogabald
986 4847 1040 4890 et
1070 4835 1383 4890 Alexandro
1414 4836 1707 4890 Mammma:
1737 4836 1869 4890 filio.
1894 4836 2162 4890 Baronius
2199 4837 2250 4889 in
2289 4838 2431 4891 notis
2473 4837 2539 4889 ad
2572 4839 2714 4890 hunc
2743 4839 2915 4897 diem,
2949 4856 2966 4888 ι
3009 4838 3183 4905 Licet,
3219 4839 3416 4907 inquit,

155 4935 432 5001 apocrypha
473 4943 814 4987 censeantur
845 4931 958 4986 haec
999 4934 1099 4987 sub
1150 4931 1369 4988 nomine
1414 4933 1624 4993 Abdize,
1653 4947 1780 4987 vera
1826 4941 2007 4986 tamen
2048 4931 2313 4985 nonnulla
2344 4933 2417 4985 ibi
2451 4947 2573 4988 esse
2627 4935 2756 4988 mihi
2796 4933 2957 4990 facile
3004 4938 3308 5004 persuadeo
3342 4955 3353 4990 :
3394 4957 3412 4988 ι

156 5028 361 5081 maxime
385 5029 619 5096 quando
645 5026 865 5081 aliunde
886 5041 948 5080 ea
973 5025 1106 5082 Aeta
1142 5037 1223 5096 (ut
1253 5028 1340 5082 hic
1364 5031 1430 5081 de
1458 5029 1516 5083 S.
1545 5028 1836 5097 Philippo),
1867 5027 2001 5084 satis
2029 5029 2353 5096 probantur.
2380 5026 2609 5080 Exstant
2634 5029 2826 5081 eadem
2854 5042 3053 5082 exeusa
3084 5045 3229 5083 anno
3260 5031 3418 5095 l55l,

156 5119 273 5175 inter
303 5120 622 5188 fiapsodias
650 5119 923 5190 Anonymi
974 5119 1266 5175 Philalethi
1302 5120 1622 5188 Eusebiani,
1655 5123 1710 5175 in
1754 5120 1926 5187 Vitas,
1960 5121 2221 5175 miracula
2275 5121 2669 5191 passionesqne
2706 5123 3080 5189 apostolorum
3137 5139 3166 5176 a
3209 5121 3415 5177 Frede‘

159 5233 250 5268 τ.εο
296 5215 504 5271 Nausea
557 5211 866 5270 collectas:
901 5224 954 5268 et
999 5214 1051 5268 in
1101 5214 1371 5284 plerisque
1409 5214 1602 5268 horum
1654 5227 1761 5268 non
1811 5214 2008 5282 legitur
2055 5212 2197 5282 quod
2242 5212 2522 5282 Philippus
2558 5231 2576 5264 ι
2608 5216 2755 5268 cruci
2792 5212 2986 5268 aliixus
3030 5224 3085 5267 et
3139 5214 3413 5282 lapidibus

156 5312 359 5366 obrutus
393 5312 588 5366 fuerit.
634 5331 652 5358 ι
698 5305 896 5362 Verum
932 5309 1136 5362 inserta
1171 5318 1299 5363 sunt
1327 5310 1410 5363 illa
1445 5309 1608 5362 verba
1638 5307 1778 5376 apud
1811 5305 2067 5360 Joninum
2109 5305 2502 5367 Mombritium,
2533 5307 2584 5360 in
2619 5306 2956 5375 Legendario
2995 5318 3121 5360 ante
3153 5309 3418 5363 ducentos

157 5418 303 5457 annos
335 5419 547 5460 excuso
585 5420 597 5456 :
630 5402 759 5454 itum
795 5401 850 5454 in
879 5399 1159 5455 Breviario
1189 5403 1435 5457 Romano
1462 5401 1590 5455 anni
1627 5401 1767 5454 15-32
1798 5410 1964 5470 atque
1999 5415 2064 5454 eo
2102 5399 2244 5469 quod
2272 5400 2425 5468 jussu
2457 5398 2608 5452 Pauli
2641 5414 2796 5476 papa:
2825 5397 2892 5453 lli
2917 5417 2944 5452 a
2973 5400 3250 5454 cardinale
3283 5402 3417 5468 Qui-

157 5500 332 5560 gnonio
376 5500 698 5552 ordinatum
739 5507 793 5551 et
845 5495 922 5550 l‘ii
955 5493 998 5552 γ
1027 5495 1180 5564 jussu
1235 5505 1422 5565 postea
1465 5495 1668 5550 editum
1725 5495 1988 5548 hactenus
2038 5503 2375 5554 asserVatur.
2428 5493 2555 5547 licet
2591 5493 2643 5546 in
2684 5494 2832 5548 hisce
2865 5493 2998 5546 Aeta
3055 5493 3266 5564 integra
3305 5510 3414 5549 non

157 5597 341 5655 dentur,
389 5603 448 5646 ut
493 5594 548 5648 in
589 5589 886 5659 antiquiori
923 5589 1220 5647 Breviario.
1255 5589 1410 5643 Prior
1454 5604 1580 5657 pars
1623 5591 1883 5642 Actorum
1929 5587 2149 5656 integra
2193 5587 2421 5640 habetur
2454 5585 2505 5639 in
2538 5585 2821 5641 Brevrario
2849 5587 2976 5639 anni
3011 5587 3168 5650 H79,
3201 5589 3337 5642 I490
3361 5599 3416 5641 et

159 5682 470 5749 sequentium
518 5704 532 5740 :
565 5687 620 5738 in
657 5700 832 5754 eaque
857 5693 1012 5754 parte
1048 5685 1400 5738 continentur
1429 5683 1514 5736 illa
1556 5699 1674 5751 qua:
1712 5683 1834 5735 inde
1868 5681 2215 5749 Maurolycus
2257 5695 2414 5747 supra
2465 5680 2686 5734 tradidit
2725 5679 2789 5734 de
2818 5699 2835 5731 ε
2875 5695 3146 5735 vcneuoso
3175 5682 3413 5736 dracone

159 5785 514 5843 Neruiinato,
561 5802 579 5832 ι
626 5791 720 5833 aut
749 5781 932 5832 forsan
974 5778 1194 5833 diabolo
1225 5779 1326 5833 sub
1375 5779 1496 5833 tetri
1545 5777 1772 5832 monstri
1826 5777 2019 5843 figura.
2066 5775 2272 5828 Similia
2332 5776 2527 5830 habent
2582 5774 2770 5832 Petrus
2815 5777 2877 5831 de
2921 5775 3198 5831 Natalibus
3245 5779 3333 5831 lib.
3365 5795 3413 5831 tv

160 5873 394 5946 Latalogi,
431 5895 557 5947 cap.
613 5875 732 5942 107,
770 5873 1047 5945 Philippus
1078 5873 1362 5931 Ferrarius
1399 5873 1470 5928 Dc
1505 5872 1697 5927 sancti.)

824 5873 1047 5945 ltilippus
1078 5873 1362 5931 Ferrarius
1399 5873 1470 5928 Dc
1505 5872 1697 5927 δαιιίίὶ.)
1739 5871 1938 5935 Italia”,
1975 5882 2022 5924 et
2067 5871 2247 5940 phines
2280 5869 2390 5924 alii.
