3966 6436
503 343 614 413 199

1838 341 2121 403 MENSIS
2162 341 2423 402 MAIUS.

3665 333 3765 396 200

507 514 3763 544 MM”—

1800 675 2388 764 ΥΠΟΜΝΙΙΜ
2400 679 2464 762 Α

1086 876 1349 1003 ΕΙΣ
1427 870 1772 1002 ΤΟΝ
1849 867 2133 1001 ΑΓΙ

2209 871 2368 1001 )Ν
2447 869 3185 1002 ΙΑΚΩΒΟΝ

1598 1086 2014 1140 ΔΠΟΣΤΟΛΟΝ
2059 1086 2177 1137 ΚΑΙ
2221 1086 2670 1140 ΔΔΕΛΦΟΘΕΟΝ

2115 1270 2185 1281 .—

1663 1419 2621 1517 COMMENTARIUS

706 1649 865 1772 IN
951 1642 1697 1774 SANCTUM
1793 1643 2521 1773 JACOBUM
2617 1641 3581 1771 APOSTOLUM

1713 1886 1816 1949 ET
1849 1889 2232 1950 FRATREM
2279 1888 2569 1949 DOMlNI

1275 2059 1420 2126 (Acta
1446 2061 1739 2114 Sanctorum
1782 2058 1999 2110 Bolland.
2035 2058 2095 2108 ad
2131 2059 2264 2108 diem
2293 2058 2309 2106 1
2343 2057 2472 2118 Hall,
2497 2057 2670 2108 Grmce
2697 2059 2750 2106 et
2785 2047 3001 2119 Latine.)

1958 2361 2349 2420 PROLOGUS.

577 2491 618 2547 l.
665 2492 809 2547 Nihil
845 2502 927 2548 est
975 2493 1092 2547 viro
1126 2494 1267 2549 bono
1311 2501 1366 2547 et
1400 2492 1620 2545 virtutis
1667 2489 1895 2543 amatori
1943 2503 2137 2556 :rque,

2271 2486 2349 2540 A'.
2379 2487 2492 2557 Οὐχ
2521 2487 2691 2548 οὓτως
2729 2483 2826 2555 ἡδύ
2854 2501 2906 2535 τι
2938 2482 3014 2551 τῷ
3049 2482 3328 2551 φιλαρέτῳ
3372 2483 3465 2534 καὶ⁵
3492 2479 3642 2553 κόρῳ
3678 2498 3787 2553 μη-

390 2632 394 2636 .
502 2587 823 2656 jucundum,
849 2595 902 2638 et
926 2587 1068 2652 quod
1098 2585 1244 2637 nulla
1277 2586 1455 2638 minus
1481 2583 1731 2636 satietate
1758 2580 2091 2642 oﬂendatur,

508 2689 674 2746 atque
734 2676 865 2744 justi
929 2677 1208 2741 memoria,
1261 2685 1315 2729 ct
1372 2674 1629 2736 maxime,
1683 2674 1726 2726 si
1781 2686 1973 2740 passus
2023 2670 2096 2723 sit

509 2781 733 2841 propter
763 2770 1064 2824 Christum.
1096 2768 1168 2822 Ea
1203 2770 1346 2821 enim
1389 2767 1536 2820 illum
1573 2769 1745 2834 magis
1785 2765 1985 2819 excitat
2025 2763 2092 2815 ad

510 2863 776 2926 lwtitiaut,
808 2879 966 2926 quam
996 2878 1186 2914 aurum
1241 2862 1482 2929 pecunim
1521 2869 1812 2921 amatores,
1849 2865 1901 2911 et
1949 2870 2097 2925 quae-

510 2969 724 3021 cunque
775 2963 901 3006 sunt
944 2957 1056 3005 visu
1104 2952 1440 3007 delectabilia
1476 2966 1738 3004 novarum
1793 2963 1970 3001 rerum
2003 2961 2098 3000 cu-

511 3047 686 3114 pidos.
717 3043 870 3097 Adde
901 3044 1042 3109 quod
1072 3045 1184 3110 ipsa
1210 3044 1339 3111 justi
1378 3043 1635 3096 memoria
1669 3055 1774 3094 non
1810 3039 1984 3093 solum
2013 3047 2099 3093 est

505 3137 768 3204 jucunda,
821 3137 914 3189 sed
955 3138 1116 3189 etiam
1155 3136 1309 3188 valde
1358 3134 1538 3200 utilis;
1572 3149 1694 3186 cum
1729 3131 1960 3199 aliquem
1995 3129 2096 3183 zeli

511 3238 568 3281 et
614 3229 970 3281 annulationis
1020 3227 1299 3280 stimulum
1357 3226 1612 3278 immittat
1663 3223 1879 3285 animis,
1929 3233 1984 3276 et
2034 3222 2100 3274 ad

514 3320 715 3373 similia
744 3318 1107 3386 aggredienda
1142 3319 1362 3372 excitet.
1393 3317 1636 3386 Agedum
1672 3330 1802 3383 ergo
1834 3329 1932 3368 nos
1961 3329 2099 3382 quo-

514 3426 619 3480 que
660 3425 910 3479 magnum
943 3408 1206 3463 Jacohum
1244 3411 1298 3462 In
1339 3410 1571 3464 medium
1613 3408 1950 3460 adducentes
1988 3405 2100 3474 (qui

516 3518 642 3556 vere
690 3513 772 3554 est
804 3501 997 3555 Justus
1027 3512 1081 3554 et
1125 3501 1457 3563 nominatur,
1491 3511 1544 3553 et
1579 3509 1635 3553 ut
1681 3499 1884 3553 Christi
1935 3499 2102 3550 frater

516 3603 809 3647 vocaretur
833 3595 1031 3646 eximie
1064 3602 1148 3646 est
1179 3595 1458 3658 aSSCCIHls)
1491 3603 1920 3648 communemex
1943 3592 2103 3644 rebus

517 3687 660 3740 illius
733 3687 1023 3744 utilitatem
1104 3689 1386 3754 capiamus
1445 3695 1497 3738 et
1555 3685 1902 3752 voluptatem.
1969 3682 2102 3735 Nam

517 3776 642 3830 licet
673 3777 822 3829 multi
857 3777 968 3840 alii,
998 3776 1088 3846 qui
1120 3779 1172 3831 in
1200 3777 1571 3830 ecclesiastica
1605 3775 1896 3828 scribenda
1929 3777 2102 3827 histo-

2197 2581 2308 2634 δενὶ
2332 2579 2730 2649 λυμαινόμενον
2753 2577 2828 2638 ὠς
2860 2576 3050 2645 μνήμη
3077 2573 3289 2628 δικαίου
3316 2591 3328 2604 ·
3373 2577 3468 2628 καὶ
3503 2576 3711 2643 μᾶλλον
3741 2579 3790 2629 ει

2197 2675 2284 2727 διὰ
2331 2674 2571 2743 Χριστὸν
2622 2671 2890 2732 παθόντος
2942 2669 3276 2738 κατέστηκε.
3337 2669 3445 2721 Καὶ
3489 2670 3598 2738 γὰρ
3650 2668 3792 2739 αὕτη

2200 2766 2400 2821 πλείων
2464 2766 2658 2834 ἐκείνῳ
2700 2765 2730 2834 ἢ
2793 2762 2995 2833 χρυσὸς
3049 2764 3162 2824 τοῖς
3193 2762 3654 2831 φιλοχρημάτοις,
3697 2763 3793 2815 καὶ

2199 2863 2297 2914 ὅσα
2326 2859 2425 2929 τὴν
2463 2859 2612 2927 ὤραν
2638 2857 2768 2927 ἡδέα
2807 2857 2931 2917 τοὺς
2970 2857 3046 2924 (a)
3102 2855 3451 2920 φιλοκαίνους
3478 2857 3559 2918 εἰς
3586 2855 3792 2923 εὐφρο-

2203 2951 2368 3019 σύνην
2406 2949 2736 3020 παρακαλεῖ.
2775 2948 2930 2999 Ἐπε)⁵
2957 2943 3050 2999 οὖν
3099 2947 3196 3016 οὐχ
3225 2947 3378 3011 ἡδεῖα
3427 2947 3586 3015 μόνον
3629 2949 3664 3015 ἡ
3696 2946 3794 2998 τοῦ

2199 3044 2410 3096 δικαίου
2461 3044 2673 3111 μνήμη,
2725 3040 2861 3092 ἀλλὰ
2918 3039 3011 3091 καὶ
3042 3040 3162 3091 λίαν
3205 3039 3506 3107 ὠφέλιμος,
3535 3039 3704 3108 ζήλου
3743 3057 3795 3092 τι

2205 3135 2432 3201 κέντρον
2471 3136 2590 3195 ταῖς
2612 3133 2810 3201 ψυχαῖς
2842 3132 3068 3194 ὲνιεῖσα,
3095 3130 3190 3182 καὶ
3215 3130 3323 3181 τῶν
3356 3132 3486 3182 ῐσων
3516 3131 3797 3184 ἅπτεσθαι

2204 3224 2585 3294 διεγείρουσα·
2636 3223 2768 3290 φέρε
2831 3221 2894 3289 δὴ
2927 3223 3020 3272 καὶ
3057 3223 3218 3290 ἡμεῖς
3268 3221 3359 3273 τὸν
3393 3223 3569 3288 μέγαν
3596 3222 3798 3274 τοῦτον

2219 3317 2475 3370 Ἰάκωϐον
2528 3317 2606 3376 εἰς
2657 3316 2822 3382 μέσον
2852 3314 3172 3381 προθέντες,
3205 3314 3296 3365 τὸν
3325 3313 3543 3380 ἀληθῶς
3578 3315 3799 3367 δίκαιον

2205 3411 2333 3462 ὄντα
2355 3426 2412 3461 τε
2441 3410 2533 3459 καὶ
2562 3408 2965 3476 ὀνομαζόμενον
2987 3422 3000 3435 ·
3036 3408 3093 3468 ὃς
3129 3407 3224 3458 καὶ
3261 3408 3321 3458 τὸ
3347 3407 3574 3472 ἁδελφὸς
3606 3409 3800 3460 καλεῖ-

2208 3503 2332 3556 σθαι
2356 3502 2592 3570 Χριστοῦ
2617 3501 2986 3570 διαφερόντως
3021 3500 3392 3569 πεπλούτηκε,
3431 3501 3618 3568 κοινὴν
3650 3500 3800 3564 ὠφέ-

2207 3597 2357 3648 λειαν
2415 3595 2484 3646 τὰ
2536 3594 2746 3647 ἐκείνου
2786 3593 2880 3645 καὶ
2911 3593 3109 3661 ἡδονὴν
3142 3591 3526 3660 ποιησώμεθα.
3573 3592 3803 3652 Πολλοῖς

2212 3690 2311 3757 μὲν
2342 3688 2450 3757 γὰρ
2476 3690 2567 3740 καὶ
2597 3687 2774 3748 ἄλλοις
2804 3685 3013 3754 ὑπῆρξε
3052 3685 3160 3736 τῶν
3190 3687 3316 3753 περὶ
3368 3685 3462 3750 τὴν
3495 3685 3807 3752 ἐκκλησια-

2211 3778 2401 3845 στικὴν
2473 3778 2710 3846 ἱστορίαν
2768 3775 3188 3828 ἐσπουδακότων
3242 3774 3370 3843 περὶ
3432 3772 3526 3824 τοῦ
3581 3773 3804 3825 δικαίου

519 3869 596 3922 ria
628 3869 865 3922 studium
894 3879 1214 3936 posuerunt,
1249 3871 1314 3922 de
1348 3871 1447 3922 hoc
1471 3865 1618 3936 justo
1652 3869 2014 3932 narraverint,
2054 3878 2106 3921 ct
2134 3842 2137 3899 ί

2211 3872 2400 3924 τούτου
2422 3871 2734 3936 διεξελθεῖν,
2784 3871 2879 3922 καὶ
2932 3869 3035 3938 πρό
3067 3885 3129 3935 γε
3183 3867 3398 3920 πάντων
3460 3867 3807 3936 Ἦγησίππῳ

518 3970 642 4012 ante
676 3976 866 4013 omnes
919 3959 1254 4029 Hegesippns
1295 3971 1349 4014 et
1392 3958 1640 4012 Clemens
1677 3977 1689 4012 :
1740 3975 1967 4027 quorum
2023 3959 2110 4013 ille

2213 3964 2308 4015 καὶ
2363 3963 2658 4031 Κλήμεντι,
2722 3955 2795 4014 ὧν
2826 3963 2852 4013 ὁ
2888 3961 2986 4028 μὲν
3027 3959 3083 4011 έν
3120 3975 3181 4026 γε
3224 3957 3301 4026 τῷ
3359 3959 3594 4027 πέμπτῳ
3628 3957 3808 4010 αὖτοῦ

517 4055 733 4121 quidem
763 4052 815 4106 iu
849 4053 1038 4120 quinto
1078 4067 1176 4106 suo
1217 4051 1374 4115 libro,
1408 4052 1493 4105 hic
1531 4063 1707 4104 autem
1742 4051 1792 4103 in
1830 4062 1980 4102 sexta
2011 4065 2107 4103 ea-

519 4159 663 4205 rum,
719 4159 838 4212 qum
889 4152 1157 4196 vocantur
1210 4142 1606 4212 llypOtyposcs,
1638 4141 1894 4194 nonnulla
1936 4157 2001 4194 ex
2045 4142 2108 4194 iis

520 4251 640 4304 qua:
668 4237 734 4290 ab
767 4237 882 4303 ipso
911 4244 1059 4304 gesta
1093 4247 1242 4297 sunt,
1275 4245 1636 4296 assumcntes,
1676 4233 1906 4300 posteris
1939 4234 2109 4285 tradi-

525 4329 702 4382 derint
738 4345 752 4385 :
792 4343 949 4381 nemo
981 4336 1158 4381 tamen
1188 4343 1246 4381 se
1288 4327 1534 4380 extendit
1572 4329 1635 4377 ad
1682 4328 1886 4389 Omnia,
1936 4341 2109 4392 neque

527 4417 805 4471 contendit
831 4418 896 4470 de
922 4432 986 4470 eo
1013 4418 1191 4470 dicere
1223 4416 1556 4484 singulatim.
1590 4414 1764 4469 Causa
1795 4429 1974 4466 autem
2002 4425 2104 4480 est,

528 4507 671 4574 quod
705 4522 809 4560 non
845 4506 947 4560 fuit
987 4520 1174 4560 eorum
1227 4508 1532 4560 institutum
1566 4508 1630 4557 de
1673 4507 1787 4574 ipso
1829 4504 2104 4569 scribere;

532 4597 627 4650 sed
667 4606 787 4652 erat
830 4598 1047 4667 quidem
1091 4600 1170 4652 eis
1223 4599 1366 4651 aliud
1429 4598 1758 4666 propositum
1821 4613 2108 4665 argumen-

532 4699 646 4743 tum
693 4709 706 4744 :
753 4692 805 4742 in
852 4701 1006 4758 parte
1055 4700 1259 4756 autem,
1305 4707 1426 4746 cum
1475 4692 1545 4745 ita
1593 4691 1902 4750 accidisset,
1961 4689 2104 4743 illius

533 4782 914 4838 meminerunt.

2213 4055 2589 4123 ὑπομνήματι,
2617 4055 2643 4105 ὁ
2681 4054 2736 4106 δὲ
2784 4055 2841 4104 ὲν
2864 4056 2928 4120 τῇ
2961 4053 3093 4122 ἕκτῃ
3131 4051 3241 4103 τῶν
3282 4050 3632 4120 καλουμένων
3669 4052 3808 4103 ὑπο-

2212 4145 2534 4208 τυπώσεων,
2564 4144 2680 4197 ἔνια
2713 4144 2822 4194 τῶν
2854 4143 3004 4212 αὑτῴ
3048 4142 3464 4213 πεπραγμένων
3493 4141 3812 4194 ἀπολαὸόν-

2213 4256 2303 4300 τες
2366 4239 2670 4307 παρέδοσαν
2729 4240 2839 4298 τοῖς
2895 4237 2973 4298 εἰς
3019 4237 3284 4304 ὕστερον⁸
3347 4234 3464 4286 ἀλλ’
3515 4233 3697 4296 οὐδεὶς
3724 4235 3811 4296 εἰς

2212 4332 2429 4385 ἅπαντα
2490 4329 2736 4396 καθῆκεν
2773 4329 2984 4392 ἑαυτὸν,
3019 4328 3140 4380 οὐδὲ
3171 4327 3237 4380 τὰ
3267 4328 3405 4382 κατὰ
3436 4327 3599 4396 μέρος
3623 4329 3811 4379 εἰπεῖν

2210 4423 2659 4491 ἐφιλοτιμήσατο.
2714 4422 2787 4474 Τὸ
2849 4421 2905 4475 δὲ
2962 4424 3158 4486 αἴτιον,
3192 4422 3275 4474 ὅτι
3304 4420 3378 4491 μὴ
3407 4420 3461 4472 δὲ
3489 4419 3578 4472 τὸν
3628 4420 3813 4490 ἄνδρα

2213 4515 2417 4568 σκοπὸν
2447 4514 2631 4567 ἔθεντο
2653 4531 2666 4544 ·
2692 4515 2806 4567 ἀλλ’
2840 4515 3003 4584 ἑτέρα
3030 4516 3128 4584 μὲν
3157 4515 3234 4584 τῷ
3266 4516 3404 4582 λόγῳ
3426 4513 3687 4577 ὑπόθεσις
3713 4511 3810 4585 ἦν,

2209 4610 2258 4658 οἱ
2293 4607 2345 4658 δὲ
2377 4608 2436 4658 ὲν
2461 4606 2539 4674 τῷ
2567 4608 2725 4676 μέρει
2752 4606 2848 4658 τοῦ
2893 4607 3089 4677 ἀνδρὸς
3121 4607 3452 4678 ἐμέμνηντο.
3500 4607 3596 4659 καὶ
3627 4606 3813 4664 ταῦτα

2212 4700 2273 4751 δὴ
2303 4701 2408 4751 ἀπὸ
2430 4698 2522 4752 τοῦ
2554 4699 2913 4768 παρήκοντος.

2003 4940 2232 4998 CAPUT
2300 4981 2316 4998 .

1354 5060 1563 5127 Patria,
1612 5060 1834 5130 epistola
1879 5063 2080 5131 scripta
2115 5072 2162 5115 et
2203 5060 2494 5114 elucidata.
2528 5061 2662 5116 Alia:
2699 5062 2940 5116 uirtutes.

615 5200 678 5255 ll.
714 5200 914 5255 Iacobo
959 5213 1088 5268 ergo
1137 5199 1320 5254 divino
1360 5202 1530 5269 patria
1580 5200 1680 5254 fuit
1716 5200 1922 5268 Judaea,
1971 5213 2122 5273 pater

2302 5205 2375 5256 Βι,
2415 5203 2654 5270 ἰακώόῳ
2676 5204 2854 5256 τοίνυν
2882 5203 2959 5276 τῷ
2999 5205 3149 5278 Θείῳ,
3176 5208 3371 5276 πατρὶς
3401 5206 3653 5277 Ἰουδαία,
3703 5233 3788 5269 πα

537 5290 735 5359 Ioseph
783 5292 883 5360 (l),
916 5306 1006 5361 qui
1044 5301 1260 5360 propter
1309 5291 1572 5359 insignem
1628 5291 1880 5347 virtutem
1922 5303 1974 5346 et
2005 5309 2118 5348 mo-

2227 5297 2330 5365 τὴρ
2369 5295 2589 5366 ’Ῑιιισὴφ,
2613 5296 2669 5359 ὃς
2694 5297 2780 5348 διά
2813 5315 2871 5350 τε
2900 5299 2956 5350 τὸ
2989 5299 3087 5365 τῆς
3114 5301 3315 5370 ἀρετῆς
3346 5301 3554 5373 περιὸν,
3599 5306 3697 5358 καί
3722 5309 3818 5361 διὰ

544 5398 664 5437 rum
692 5383 1010 5450 bonitatem,
1039 5383 1138 5437 fuit
1165 5398 1394 5453 sponsus
1422 5383 1678 5454 Virginis,
1701 5400 1819 5455 quae
1843 5385 2126 5440 Dominum

2235 5390 2334 5458 τὴν
2360 5390 2466 5440 τῶν
2508 5390 2725 5459 τρόπων
2750 5391 3117 5462 χρηστότητα,
3165 5396 3229 5464 τῇ
3254 5394 3343 5446 τὸν
3365 5395 3599 5465 Χριστὸν
3646 5401 3816 5469 ἡμῶν

624 5522 702 5596 (Ι)
738 5521 884 5576 llanc
912 5525 1214 5591 aliquorum
1249 5521 1560 5596 Graecorum
1595 5522 1919 5596 sententiain
1961 5537 2125 5590 supra

552 5593 862 5660 rejecimns,
919 5596 1364 5663 ostetulintusque
1408 5593 1595 5663 luisse‘
1635 5593 1801 5663 ﬁlium
1851 5594 2123 5659 Cleophw,

555 5658 648 5734 qui
683 5665 976 5718 secundum
1010 5662 1220 5730 aliquos
1246 5658 1362 5718 erat
1392 5663 1520 5718 dicti
1569 5658 1625 5715 S.
1661 5661 1879 5732 Iosephi
1930 5658 2120 5729 frater,

2237 5527 2320 5578 vel
2344 5526 2534 5579 saltem
2575 5531 2804 5580 maritus
2847 5527 3052 5591 Mariae,
3098 5541 3324 5584 uatze'ex
3357 5533 3518 5584 amita
3562 5534 3641 5585 vel
3690 5549 3817 5590 ma-

2236 5606 2434 5650 tertera
2467 5596 2731 5667 Deiparae,
2769 5599 2996 5668 ideoque
3027 5602 3181 5656 dictae
3216 5599 3382 5658 Soror
3416 5601 3625 5658 Mai-(tr.

631 5782 707 5856 (τι)
758 5784 1086 5849 Φιλοκάλους
1154 5784 1368 5840 videtur
1427 5785 1624 5858 legisse
1697 5789 1965 5859 interpres
2014 5803 2121 5858 quo
2164 5787 2487 5861 Lipomanus
2519 5807 2649 5847 usus
2682 5791 2733 5846 in
2767 5806 2867 5845 ms.
2899 5786 3122 5847 Veneto.
