3966 6432
518 355 625 418 203

1852 348 2132 408 MENSIS
2174 348 2437 408 MAIUS.

3666 340 3783 404 206

520 466 1075 539 pratermittendum;
1111 465 1361 535 protinus
1403 464 1569 527 enim,
1607 471 1680 527 et,
1714 470 1770 513 ttt
1800 461 2021 523 dicitur,
2072 478 2098 514 a

2221 478 2294 511 :at
2322 458 2426 529 γὰρ
2468 458 2633 519 εὐθὺς
2660 457 2768 509 ἀπὸ
2796 454 3063 526 γραμμῆς
3095 453 3191 508 τοῦ
3240 456 3401 523 ἀγίου
3428 452 3490 509 τδ
3527 456 3787 527 μέτριονο

516 562 851 625 carceribus,
886 559 1223 629 signiﬁcatur
1255 556 1429 610 sancti
1468 552 1754 608 modeStia.
1791 551 1883 607 Sic
1916 566 2097 605 autem

524 656 685 708 habet
718 655 790 706 ¹ι
842 671 859 702 t
905 651 1137 704 Jacobus
1190 650 1281 702 Dei
1337 658 1388 701 et
1443 646 1650 700 Domini
1707 644 1835 699 Jesu
1897 644 2097 699 Christi

520 762 733 808 servus,
781 742 1064 796 duodcrim
1126 740 1387 802 tribubus,
1442 754 1563 807 quae
1600 747 1727 791 sunt
1777 738 1829 790 itt
1880 738 2098 806 disper-

522 839 695 898 sione,
760 833 1015 888 salutem.
1074 852 1090 881 ι
1148 831 1277 884 Nam
1344 846 1467 883 cum
1519 831 1566 885 ei
1623 830 1807 883 liceret
1865 830 2101 897 seipsum

520 940 713 977 vocare
748 922 1074 990 apostolum,
1110 931 1200 973 aut
1234 921 1571 987 episcOpum,
1607 930 1697 971 aut
1744 921 1889 987 quod
1930 918 2104 985 majus

518 1028 620 1076 est,
653 1015 874 1067 fratrem
914 1014 1148 1075 Detnini,
1184 1016 1385 1081 quibus
1416 1012 1727 1065 nominibus
1756 1012 1930 1079 ipsum
1964 1026 2103 1076 quu-

514 1121 621 1169 que
652 1103 853 1158 Paulus
887 1103 1210 1171 significavit
1246 1104 1492 1155 scribens
1520 1103 1585 1155 ad
1617 1100 1836 1156 Galatas
1860 1103 1879 1132 '
1906 1139 1923 1165 ,
1957 1101 2104 1153 vide—

515 1204 600 1251 tur
652 1196 905 1250 deiectari
942 1194 1344 1257 humilioribus;
1375 1209 1434 1246 se
1477 1209 1597 1246 esse
1648 1209 1865 1247 sertum
1900 1192 2104 1245 Christi

518 1290 607 1341 Dei
637 1288 909 1356 signiﬁcat
937 1286 1185 1339 tribubus
1209 1285 1443 1349 lsraelis,
1463 1285 1546 1337 vel
1574 1287 1805 1341 maxime
1830 1285 2103 1353 proprium

518 1381 764 1449 magistri
824 1381 1034 1448 insigne
1088 1380 1292 1433 habens
1337 1379 1787 1443 moderationem,
1818 1390 1870 1432 et
1902 1394 1963 1431 ca
2000 1378 2105 1432 sibi

524 1478 693 1546 magis
726 1476 973 1546 placens,
997 1491 1157 1543 quam
1190 1474 1533 1544 episcopatus
1555 1484 1717 1542 atque
1748 1473 2108 1529 fraternitatis

519 1571 805 1637 dignitate.

590 1659 655 1714 ν.
695 1662 797 1714 Sed
833 1677 951 1730 age,
987 1660 1268 1721 nonnulla,
1306 1674 1423 1727 qua:
1462 1659 1713 1728 leguntur
1755 1660 1807 1712 itt
1844 1659 2105 1727 Epistula,

522 1764 781 1823 quantum
841 1752 1181 1813 conceditur,
1238 1763 1649 1818 persequamur,
1702 1764 1797 1817 per
1835 1764 1954 1817 qua:
1998 1750 2109 1801 erit

525 1844 809 1900 manifesta
868 1843 1012 1896 illius
1069 1846 1265 1896 mentis
1318 1845 1545 1911 ptttitas,
1588 1852 1643 1895 et
1693 1853 1949 1895 accurata
2007 1840 2103 1893 do-

514 1946 708 1993 ctrina.
746 1938 876 1989 Nant
914 1952 1035 1989 cum
1088 1935 1278 1989 fuisset
1323 1935 1373 1987 in
1413 1936 1678 2003 principio
1730 1935 2005 2001 Epistolte,
2054 1940 2107 1985 et

514 2031 916 2097 contemplante
978 2028 1143 2080 animi
1210 2026 1367 2078 oculo
1429 2027 1847 2086 considerasset,
1918 2035 1976 2081 ut
2026 2033 2109 2078 est

515 2136 877 2190 consequens,
917 2121 1055 2187 quod
1084 2118 1330 2186 quisquis
1366 2119 1431 2169 ad
1460 2117 1623 2170 Deum
1656 2117 1882 2177 accedit,
1919 2115 2107 2169 incidit

519 2215 571 2268 in
614 2216 942 2268 tentationes
986 2211 1140 2279 (Boni
1180 2211 1323 2263 enim
1362 2210 1685 2277 principium
1728 2217 1782 2261 et
1813 2208 1987 2270 radix,
2025 2216 2109 2260 est

519 2310 657 2362 Deus
695 2324 708 2360 :
748 2309 945 2359 bonum
997 2314 1198 2363 autem,
1236 2311 1319 2354 est
1353 2303 1523 2352 virtus
1559 2317 1572 2351 :
1617 2300 1702 2351 via
1750 2308 1954 2362 autem,
1991 2315 2111 2367 qua:

520 2399 623 2451 fert
671 2400 734 2451 ad
770 2398 1047 2459 virtutem,
1093 2401 1177 2446 est
1224 2405 1414 2460 aspera
1467 2400 1519 2444 et
1550 2390 1805 2452 dillicilis,
1846 2400 1900 2444 et
1946 2390 2109 2443 multa

518 2492 682 2546 habet
715 2492 940 2543 adversa
994 2496 1095 2539 :et
1143 2486 1263 2537 ideo
1297 2485 1476 2537 evenit
1526 2485 1769 2545 omnino,
1806 2493 1862 2537 ut
1908 2485 1999 2551 qui
2043 2486 2108 2538 ad

426 2629 430 2633 .
518 2583 685 2637 Deum
715 2582 999 2643 accedunt,
1032 2580 1081 2631 in
1118 2593 1202 2631 res
1236 2578 1473 2631 incidant
1507 2578 1820 2645 inaequales)
1856 2592 1868 2629 :
1906 2579 2108 2631 exhor—

521 2684 667 2727 tatur
713 2682 930 2726 sanctos
966 2670 1031 2723 ad
1070 2671 1324 2722 invictam
1365 2670 1679 2738 patientiam
1732 2678 1784 2722 et
1836 2684 2108 2737 nunquam

521 2770 825 2827 cedentem,
856 2764 1023 2817 bonos
1059 2764 1276 2815 imitans
1308 2776 1595 2829 puerorum
1645 2771 2025 2830 prmccptores,
2059 2770 2114 2816 et

519 2859 610 2927 qui
641 2857 1030 2910 convenienter
1065 2854 1268 2922 legibus
1304 2854 1687 2909 decertationis
1721 2854 1901 2906 sciunt
1934 2856 2112 2906 decer-

523 2960 656 3002 tare.
691 2949 829 3002 Dicit
859 2946 999 2999 enim
1036 2963 1048 2999 :
1086 2962 1103 2996 ι
1141 2943 1311 2999 Omne
1342 2947 1595 3013 gaudium
1629 2946 1958 3007 existimate,
1996 2947 2109 2998 fra-

524 3052 635 3095 tres
669 3042 793 3104 mei,
827 3038 1039 3103 quando
1088 3037 1138 3090 itt
1175 3036 1502 3089 tentationes
1550 3036 1727 3089 varias
1792 3034 2109 3099 incideritis,

2206 550 2318 619 ἔχει
2368 550 2423 601 δὲ
2480 547 2653 610 οὕτως
2685 565 2701 579 ·
2736 568 2753 599 ι
2808 545 3042 608 Ιάκωϐος
3069 545 3205 597 Θεοῦ
3242 547 3337 598 καὶ
3372 546 3577 615 Κυρίου
3614 545 3794 616 Ἰησοῦ

2206 642 2443 712 Χριστοῦ
2480 640 2689 704 δοῦλος,
2729 643 2846 701 ταῖς
2872 639 3082 691 δώδεκα
3123 638 3316 706 φυλαῖς
3350 641 3472 701 ταῖς
3499 641 3558 691 ὲν
3583 642 3647 709 τῇ
3680 640 3793 693 δια-

2207 736 2384 803 σπορᾷ
2436 732 2668 803 χαίρειν.
2714 754 2732 782 ι
2774 731 2923 795 Ἐξον
2947 732 3058 801 γὰρ
3089 732 3236 798 αὑτῷ
3275 732 3578 785 ἀπόστολον
3609 735 3796 784 καλεῖν

2207 826 2421 889 ἑαυτὸν,
2455 826 2486 895 ἢ
2515 825 2840 888 ἐπίσκοπον,
2878 823 2909 892 ἢ
2938 824 2997 874 τό
3032 841 3094 889 γε
3126 824 3312 891 μεῖζον
3358 826 3537 876 εἰπεῖν
3561 825 3795 891 ἀδελφὸν

2206 916 2300 967 τοῦ
2330 917 2562 985 Κυρίου,
2597 910 2686 976 ,οἷς
2707 916 2969 983 ὀνόμασιν
3002 914 3165 966 αὑτὸν
3196 917 3289 966 καὶ
3332 916 3543 977 Παῦλος
3566 917 3797 983 γράφων

2207 1007 2476 1069 Γαλάταις
2512 1006 2783 1075 ἐδήλωσεν
2819 1023 2831 1035 ·
2882 1007 2909 1057 ὁ
2941 1005 2995 1057 δὲ
3027 1008 3137 1066 τοῖς
3168 1008 3577 1076 ταπεινοτέροις
3610 1007 3799 1072 φαίνει

2206 1119 2296 1153 ται
2356 1102 2585 1171 χαίρων,
2637 1103 2733 1153 καὶ
2768 1099 2955 1151 δοῦλον
2989 1099 3181 1151 ἑαυτὸν
3236 1099 3477 1166 Χριστοῦ
3534 1098 3628 1150 τοῦ
3659 1096 3795 1151 Θεοῦ

2207 1195 2321 1253 ταῖς
2348 1196 2543 1260 φυλαῖς
2568 1190 2661 1243 τοῦ
2700 1189 2919 1259 Ἰσραὴλ
2954 1186 3094 1241 εἶναι
3140 1191 3400 1258 γνωρίζει
3427 1206 3439 1219 ο
3477 1188 3539 1239 τὸ
3571 1189 3799 1240 ἰδιαίτα-

2208 1300 2299 1335 τον
2330 1282 2423 1333 τοῦ
2449 1282 2773 1334 διδασκάλου
2804 1282 3137 1349 παράσημον
3186 1281 3286 1348 τὴν
3324 1278 3801 1349 μετριοξροσύνψ

2210 1371 2376 1440 ἔχων,
2437 1373 2532 1424 καὶ
2590 1372 2766 1441 ταύτῃ
2818 1373 3224 1440 σεμνυνόμενος
3268 1372 3471 1440 μᾶλλον
3506 1371 3649 1441 ἢτῴ
3701 1373 3801 1440 τῆς

2210 1463 2520 1533 ἐπισκοπῆς
2556 1466 2651 1516 καὶ
2682 1464 2760 1533 τῷ
2794 1466 2891 1533 τῆς
2921 1463 3283 1531 ἀδελφότητος
3323 1463 3617 1534 ἀξιώματι.

2285 1641 2359 1695 E'.
2405 1644 2545 1694 Ἀλλ’
2580 1643 2728 1705 ὅπως
2756 1642 2871 1694 ἔνια
2903 1642 2995 1694 καὶ
3021 1641 3128 1693 τῶν
3160 1644 3226 1711 τῇ
3250 1640 3542 1709 Ἐπιστολῇ
3560 1639 3806 1710 φερομέ-

2212 1752 2317 1786 νων
2348 1737 2488 1787 κατᾶ
2520 1737 2580 1787 τὸ
2608 1734 2885 1804 ἐγχωροῦν
2908 1734 3301 1804 διεξέλθωμεν,
3334 1734 3401 1786 δι’
3432 1726 3507 1786 ὧν
3530 1732 3804 1803 εὔληπτον

2212 1827 2364 1879 ἕσται
2391 1827 2486 1878 καὶ
2516 1828 2616 1896 τῆς
2641 1828 2885 1888 διανοάς
2911 1828 3123 1879 ἐκείνου
3156 1828 3216 1878 τὸ
3242 1827 3485 1896 καθαρὸν
3511 1830 3605 1879 καὶ
3639 1830 3672 1896 ἡ
3706 1831 3804 1893 τῆς

2210 1918 2564 1980 διδασκαλίας
2588 1918 2864 1988 ἀκρίϐεια.
2898 1920 3007 1970 Καὶ
3035 1920 3144 1987 γὰρ
3178 1921 3233 1969 ἐν
3258 1923 3320 1987 τῇ
3344 1921 3483 1988 ἀρχῇ
3517 1923 3613 1988 τῆς
3652 1920 3809 1971 Ἐπι-

2214 2013 2409 2083 στολῆς
2440 2013 2736 2080 γενόμενος
2765 2012 2858 2063 καὶ
2907 2013 3190 2081 σκοπήσας
3224 2012 3299 2081 τῷ
3331 2012 3657 2083 θεωρητικῷ
3706 2012 3807 2081 τῆς

2212 2106 2394 2175 ψυχῆς
2429 2103 2720 2173 ὀφθαλμῷ,
2770 2105 2850 2157 ὅτι
2880 2104 3059 2157 πάντα
3088 2104 3151 2173 δὴ
3184 2105 3275 2157 τὸν
3306 2106 3385 2174 τῷ
3421 2105 3541 2175 Θεῷ
3568 2124 3807 2176 προσερ-

2212 2199 2445 2269 χόμενον
2496 2197 2793 2250 ἀκόλουθον
2834 2199 3162 2267 πειρασμοῖς
3214 2199 3567 2266 περιπίπτειν
3622 2201 3807 2270 (ἀρχὴ

2217 2294 2316 2362 μὲν
2351 2292 2457 2361 γὰρ
2490 2292 2584 2343 καὶ
2617 2289 2744 2359 ῥίζα
2803 2288 2896 2341 τοῦ
2926 2288 3134 2354 ἀγαθοῦ
3190 2291 3217 2341 ὁ
3251 2290 3403 2355 Θεὸς,
3438 2293 3642 2359 ἀγαθὸν
3689 2296 3745 2348 δὲ
3773 2297 3805 2363 ἡ

2213 2385 2404 2454 ἀρετὴ,
2431 2385 2463 2453 ή
2499 2382 2554 2435 δέ
2584 2399 2647 2451 γε
2674 2381 2810 2452 πρὸς
2842 2380 3046 2450 ἀρετὴν
3079 2381 3332 2450 φέρουσα,
3362 2387 3589 2451 τραχεῖά
3614 2404 3675 2438 τε
3710 2388 3808 2439 καὶ

2216 2478 2491 2545 προάντης
2519 2477 2611 2526 καὶ
2641 2474 2811 2526 πολλὰ
2847 2474 2915 2526 τά
2944 2474 3305 2541 ἀντικείμενα
3334 2472 3538 2542 ἔχουσα
3557 2489 3570 2501 ·
3598 2478 3693 2528 καὶ
3720 2477 3810 2529 διὰ

2213 2569 2374 2623 τοῦτο
2410 2567 2702 2636 συμὸαίνει
2736 2568 2953 2627 παντως
2984 2568 3097 2629 τοῖς
3139 2567 3277 2635 πρὸς
3323 2566 3458 2617 Θεὸν
3482 2570 3810 2636 ἐρχομένοις

2214 2661 2529 2727 ἀνωμάλοις
2565 2658 2858 2725 πράγμασι
2896 2656 3297 2724 περιπίπτειν)’
3320 2657 3478 2709 τοῦτο
3507 2658 3569 2727 δὴ
3598 2661 3814 2730 σκοπή-

2216 2768 2316 2813 σας
2339 2749 2551 2816 ἀλείφει
2587 2750 2711 2810 τοὺς
2762 2748 2987 2809 πιστοὺς
3024 2749 3158 2816 πρὸς
3189 2749 3470 2816 ὑπομονὴν
3502 2751 3809 2816 ἀνένδοτον,

2212 2847 2341 2905 τοὺς
2366 2844 2565 2911 σοφοὺς
2602 2841 2944 2913 μιμούμενος
2988 2841 3367 2910 παιδοτρίϐας,
3420 2844 3514 2895 καὶ
3548 2846 3695 2896 κατὰ
3727 2846 3815 2897 νό-

2219 2954 2351 3007 μους
2412 2936 2695 3004 ἀθλήσεως
2755 2934 2937 2997 καλῶς
3002 2933 3304 3002 γυμνάζειν
3365 2936 3815 3004 ἐπισταμένους·

2216 3028 2353 3097 φησι
2380 3027 2507 3097 γάρ’
2542 3044 2560 3076 ι
2587 3027 2775 3078 Πᾶσαν
2800 3027 2972 3095 χαρὰν
3007 3026 3305 3093 ἡγήσασθε,
3328 3026 3546 3095 ἀδελφοί
3578 3047 3707 3097 μου,
3732 3029 3813 3082 ὅτ’

521 3133 756 3186 scientes
786 3130 927 3195 quod
964 3127 1210 3197 probatio
1243 3125 1363 3179 ﬁdei
1400 3135 1591 3179 vestrae
1631 3124 1945 3193 patientiam
1978 3140 2111 3195 ope-

2221 3119 2282 3173 ἂν
2324 3121 2651 3188 πειρασμοῖς
2700 3118 3036 3188 περιπέσητε
3078 3116 3345 3177 ποικίλοις
3418 3136 3435 3168 ι
3464 3122 3813 3187 καὶήαῐτία,

524 3220 758 3290 ratur(5)
788 3236 801 3272 :
828 3216 1109 3289 [patientia
1135 3226 1311 3269 autem
1338 3218 1634 3285 perfectum
1655 3231 1788 3284 opus
1814 3218 2030 3282 habeat,
2062 3229 2119 3272 ut

526 3310 580 3363 in
624 3311 772 3362 nullo
826 3307 1109 3360 deﬁciatis.
1158 3306 1213 3360 Si
1284 3307 1370 3360 cui
1427 3316 1606 3359 autem
1658 3317 1896 3359 vestrum
1964 3308 2120 3362 deest

526 3402 811 3469 sapientia,
846 3408 995 3468 petat
1025 3414 1052 3450 a
1093 3397 1224 3460 Deo,
1256 3398 1345 3466 qui
1402 3400 1491 3451 dat
1541 3397 1795 3451 omnibus
1843 3398 2117 3465 absolute,

528 3508 714 3550 etnon
764 3493 1056 3562 exprobra.
1113 3507 1131 3539 ι
1186 3487 1481 3544 Considera
1537 3499 1889 3554 autem,cnm
1916 3498 2119 3555 quanta

538 3591 784 3641 hortatur
816 3585 1103 3653 sapientia.
1135 3580 1250 3634 Non
1283 3581 1427 3633 enim
1460 3580 1798 3633 solummodo
1827 3581 2118 3644 snsdnere,

2226 3232 2244 3264 ι
2284 3214 2520 3276 Εἱδότες,
2552 3212 2710 3282 φησὶ,
2742 3212 2909 3264 ὅτιτὸ
2945 3212 3188 3281 δοκίμιον
3227 3214 3379 3280 ὑμῶν
3417 3214 3515 3281 τῆς
3572 3216 3813 3278 πίστεως

2220 3306 2498 3377 ὑπομονὴν
2530 3302 3020 3373 κατεργάζεταιψ)
3067 3328 3085 3353 η
3121 3300 3247 3355 Εἶτα
3265 3303 3323 3354 τὸ
3346 3305 3472 3373 περὶ
3493 3306 3589 3375 τὴν
3626 3309 3816 3362 πίστιν

2218 3397 2594 3467 ἁναμφῦ.ογόν
2626 3412 2685 3447 τε
2737 3396 2832 3447 καὶ
2866 3394 3123 3465 σταθερὸν
3185 3395 3539 3463 ὑποτίθησιν·
3585 3415 3603 3446 ι
3642 3398 3814 3467 Ἀνὴρ

2218 3488 2462 3558 δίψυχος,
2488 3488 2686 3557 λέγων,
2746 3487 3127 3550 ἀκατάστατος
3173 3487 3232 3540 ἐν
3287 3488 3489 3549 πάσαις
3519 3490 3638 3551 ταῖς
3666 3489 3811 3551 ὁδοῖς

2219 3599 2409 3637 αυτου.
2454 3603 2470 3633 D

534 3684 627 3736 scd
660 3684 823 3736 etiam
854 3678 1090 3748 gaudere
1122 3674 2121 3745 ingruentibusjubettentationibus;
2163 3692 2265 3732 nec
2296 3679 2469 3733 solum
2539 3682 2798 3748 gaudere,
2879 3681 2973 3736 scd
3031 3683 3080 3738 id
3131 3683 3295 3736 etiam
3344 3698 3504 3737 omne
3552 3685 3810 3753 gaudium

537 3776 753 3827 ducere.
793 3769 976 3839 Neque
1010 3781 1135 3823 vero
1167 3766 1297 3821 dicit
1327 3765 1590 3835 quaslibet
1626 3766 1988 3831 tentationes;
2022 3769 2116 3820 sed
2156 3783 2173 3816 ι
2213 3767 2439 3832 Quando
2485 3770 2535 3821 itt
2610 3772 2789 3824 varias
2819 3770 3118 3825 incideritis
3159 3770 3535 3842 tentationes].
3580 3791 3598 3822 ι
3630 3771 3812 3826 Causa

536 3878 716 3920 autem
763 3873 847 3919 est

538 4062 590 4105 et
626 4049 889 4104 instabilis
926 4047 975 4101 in
1009 4044 1259 4100 omnibus
1292 4044 1392 4099 viis
1439 4045 1572 4098 suis.
1606 4064 1625 4093 ι

612 4145 699 4201 γι.
760 4146 913 4212 Quod
983 4154 1162 4197 autem
1229 4151 1410 4209 postea
1469 4140 1623 4206 dicit,
1676 4152 1933 4211 quantam
1999 4159 2123 4197 cum

541 4246 826 4296 venustate
880 4236 1042 4289 habet
1092 4234 1253 4288 etiam
1291 4231 1746 4300 profunditatem?
1800 4254 1817 4285 ι
1851 4235 2127 4290 Glorietttr

542 4333 707 4393 enim,
740 4328 933 4398 inquit,
986 4327 1202 4380 humilis
1257 4326 1474 4393 quidem
1526 4328 1577 4379 itt
1629 4343 1726 4382 sua
1773 4328 2057 4382 altitudine
2109 4344 2122 4379 :

542 4423 693 4477 dives
722 4430 900 4475 autem
934 4419 987 4471 in
1029 4433 1126 4471 sua
1160 4416 1484 4470 humilitate.
1534 4438 1553 4467 ii
1588 4417 1721 4469 Nam
1773 4434 1893 4471 cum
1927 4419 2126 4475 divitia:

891 3880 961 3916 ιι
1001 3860 1273 3923 Scientes,
1323 3857 1520 3925 inquit,
1569 3857 1713 3926 quod
1764 3858 2010 3927 probatio
2062 3859 2182 3916 ﬁdei
2221 3873 2411 3918 vestrae
2459 3865 2770 3928 patientiam
2822 3876 3096 3934 Operatur.
3164 3886 3182 3916 ι
3271 3866 3473 3919 Deinde
3514 3865 3813 3935 subjung'tt,

537 3961 588 4009 in
624 3958 727 4011 ﬁde
780 3956 978 4010 debere
1024 3969 1143 4007 esse
1183 3953 1509 4016 ﬁrmitatem,
1546 3962 1601 4008 et
1643 3954 2027 4019 constantiam,
2096 3966 2150 4011 et
2191 3958 2387 4013 nullam
2459 3961 2870 4025 dubitationem,
2910 3962 3096 4016 dicens

3138 3979 3151 4015 :
3188 3980 3208 4012 ι
3245 3959 3340 4014 Vir
3374 3960 3552 4014 animo
3586 3960 3811 4028 duplex.

2297 4141 2389 4209 ς’.
2438 4142 2503 4194 '0
2537 4140 2593 4195 δὲ
2635 4142 2774 4210 μετὰ
2796 4140 2967 4196 ταῦτα
2999 4143 3168 4210 λέγει,
3192 4142 3360 4194 πόσον
3397 4141 3508 4209 ἔχει
3542 4140 3685 4211 μετὰ
3716 4145 3814 4215 χά-

2228 4254 2373 4307 ριτος
2398 4240 2492 4293 καὶ⁵
2520 4236 2579 4289 τὺ
2604 4237 2805 4306 βάθος;
2836 4256 2855 4287 ι
2886 4236 3197 4304 Καυχάσθω
3227 4238 3353 4305 γὰρ,
3384 4238 3555 4307 ἔφη,ό
3589 4240 3691 4306 μὲν
3722 4258 3817 4293 τα-

2226 4333 2409 4393 πεινδς
2434 4333 2489 4381 ὲν
2514 4330 2591 4397 τῷ
2632 4328 2757 4395 ὕψει
2787 4328 2976 4393 αὐτοῦ,
3010 4332 3036 4381 ὁ
3056 4330 3111 4381 δὲ
3144 4328 3403 4391 πλούσιος
3434 4333 3493 4381 ὲν
3527 4333 3591 4401 τῇ
3617 4342 3815 4385 ταπειι

2228 4421 2626 4474 νὼσειαύτοῦ.ι
2651 4420 2802 4472 Ἐπεὶ
2830 4423 2938 4489 γὰρ
2970 4425 2995 4474 ὁ
3021 4423 3117 4491 μὲν
3148 4422 3375 4484 πλοῦτος
3409 4424 3705 4493 ἐπαγωγὸν
3733 4431 3815 4491 εἰς

545 4515 761 4583 quidem
813 4511 1052 4567 alliciant
1098 4509 1163 4562 ad
1203 4508 1535 4579 superbiam,
1594 4520 1883 4578 paupertas
1945 4520 2113 4565 auten

2232 4512 2575 4578 ἀλαζονείαν,
2614 4515 2645 4585 ή
2699 4514 2861 4566 πενία
2912 4513 2968 4566 δὲ
3012 4513 3267 4565 ταπεινὸν
3292 4518 3385 4567 καὶ
3428 4518 3811 4588 μικρόψυχον·

547 4610 612 4660 ad
655 4606 1013 4661 humilitatem
1050 4613 1104 4656 et
1151 4602 1318 4655 animi
1370 4602 1763 4669 dejectionem;
1816 4605 1902 4657 ille
1936 4614 2124 4658 contra

542 4690 688 4769 iubet
751 4696 960 4758 facere,
1017 4692 1236 4748 divitem
1298 4691 1511 4761 quidem
1582 4709 1735 4748 suam
1792 4695 2126 4750 conStitucre

550 4790 888 4845 aititndinem
920 4789 973 4839 in
1012 4787 1268 4839 modestis
1296 4787 1635 4849 actionibus;
1670 4803 1959 4855 pauperem
2000 4803 2128 4843 vero

551 4885 652 4936 hoc
672 4884 845 4949 ipsum
864 4877 1501 4947 existimareidignitatent
1532 4893 1634 4930 non
1656 4881 2125 4944 contemnendam,

541 4980 588 5030 si
628 4989 822 5043 magno
852 4983 903 5026 et
938 4970 1155 5025 eaeelso
1203 4970 1382 5023 animo
1432 4969 1572 5023 ferat
1618 4983 2011 5040 paupertatem.
2048 4974 2124 5026 Ita

542 5072 919 5132 paupertatem
947 5070 1001 5114 et
1028 5060 1263 5124 divitias,
1296 5073 1415 5127 qua
1469 5070 1591 5113 sunt
1628 5076 1768 5128 saepe
1806 5063 1982 5116 multis
2015 5078 2127 5115 nia-

540 5156 687 5209 teria
718 5156 783 5208 ad
815 5153 1169 5221 peccandum,
1197 5152 1477 5205 materiam
1510 5151 1669 5205 ellicit
1699 5154 1761 5205 ad
1786 5152 1874 5205 Dei
1901 5156 2124 5207 cultum.

545 5246 753 5301 Deinde
790 5259 977 5298 rursus
1022 5258 1143 5295 cum
1195 5242 1380 5304 sciret,
1429 5243 1583 5309 cujus
1630 5245 1836 5311 gloriae,
1874 5258 1925 5298 et
1961 5264 2123 5315 quam

544 5337 842 5391 multorum
884 5338 1143 5388 bonorum
1194 5336 1299 5387 sint
1356 5336 1683 5390 tentationes
1731 5340 2126 5393 cont-iliatrices

544 5426 611 5478 iis
662 5428 752 5493 qui
786 5442 841 5480 se
875 5424 1084 5479 fortiter
1118 5434 1333 5493 gerunt,
1374 5436 1624 5491 repetens
1659 5427 1786 5478 dicit
1818 5446 1829 5481 :
1931 5427 2124 5482 Beatus

627 5546 643 5573 ‘
675 5543 791 5597 Jac.
829 5558 867 5605 ι,
912 5543 932 5593 1
999 5556 1152 5610 seqq.
1258 5542 1276 5570 ²
1310 5539 1487 5593 Galat.
1520 5555 1558 5603 t,
1601 5540 1683 5593 l‘).

2230 4605 2437 4667 ἐκεῖνος
2462 4605 2770 4658 τούναντίον
2795 4604 3007 4657 κελεύει
3036 4608 3205 4657 ποιεῖν
3261 4605 3393 4673 ὕψος
3417 4608 3611 4661 ἑαυτοῦ
3636 4614 3809 4665 ποιεῖ-

2230 4696 2354 4749 σθαι
2388 4697 2450 4747 τὸ
2478 4696 2817 4763 μετριάζειν,
2845 4697 2935 4747 τὸν
2960 4700 3167 4765 πένητα
3196 4698 3253 4750 δὲ
3290 4700 3421 4751 αὐτὸ
3454 4701 3614 4752 τοῦτο
3642 4704 3808 4768 ἀξίω-

2234 4804 2309 4856 μα
2346 4786 2588 4855 νομίζειν
2613 4787 2672 4838 οὐ
2702 4788 2761 4839 τὸ
2790 4787 2973 4855 τυχὸν,
3030 4790 3087 4839 τὸ
3124 4789 3224 4855 τὴν
3260 4789 3453 4841 πενίαν
3489 4790 3675 4858 φέρειν
3715 4812 3810 4860 με-

2231 4877 2555 4948 γαλοψύχως
2575 4896 2587 4909 ·
2624 4879 2766 4931 οὕτω
2793 4881 2886 4931 καὶ
2918 4880 3108 4931 πενίαν
3137 4878 3230 4933 κάὶ
3263 4881 3511 4943 πλοῦτον,
3535 4884 3660 4936 ὄντα
3694 4889 3805 4947 τοῖς

2234 4971 2447 5033 πολλοῖς
2483 4972 2741 5031 πολλάκις
2786 4974 2865 5033 εἰς
2895 4973 3171 5041 ἁμαρτίαν
3196 5014 3210 5037 ,
3258 4973 3390 5041 ὓλην
3430 4978 3509 5031 εἰς
3540 4975 3673 5025 Θεοῦ
3720 4978 3804 5029 θε-

2233 5064 2465 5130 ραπείαν
2492 5062 2672 5128 τίθησι
2711 5062 2801 5113 καὶ
2826 5064 3131 5133 ἀμφότερα.
3174 5065 3403 5117 Ἔπειτα
3436 5067 3598 5118 πάλιν
3648 5068 3803 5127 εἰδὼς

2230 5157 2343 5217 οἵας
2358 5156 2535 5223 δόξης,
2555 5156 2694 5207 ὅσων
2721 5158 2939 5222 ἀγαθῶν
2966 5159 3212 5225 πρόξενοι
3231 5160 3343 5221 τοῖς
3368 5160 3728 5228 καρτεροῦσιν
3756 5160 3802 5210 οἱ

2231 5245 2549 5314 πειρασμοὶ,
2576 5245 3071 5315 ὲπαναλαμὸἀνων,
3105 5267 3121 5297 ι
3149 5248 3459 5316 Μακάριος,
3490 5250 3679 5316 φησιν,
3711 5249 3805 5300 ἇν-

2228 5336 2446 5405 θρωπος
2476 5335 2534 5397 ὃς
2564 5336 2824 5404 ὑπομένει
2858 5338 3179 5406 πειρασμὸν,
3217 5339 3297 5390 ὅτι
3322 5338 3541 5407 δόκιμος
3573 5339 3802 5404 γενόμε-

2228 5445 2336 5491 νος,
2367 5428 2595 5498 λὴιζίεται
2626 5429 2716 5481 τὸν
2750 5430 3011 5497 στέφανον
3046 5431 3144 5498 τῆς
3178 5431 3320 5498 ζωῆς
3346 5447 3360 5460 ·
3402 5450 3420 5481 ι
3458 5432 3534 5499 τῷ
3563 5447 3802 5499 μακαρι-

628 5659 702 5726 (5)
737 5656 866 5722 Quae
910 5658 996 5709 hic
1027 5664 1346 5722 sequuntur,
1374 5656 1523 5707 uncis
1557 5655 1786 5715 inclusa,
1820 5653 2017 5709 desunt
2065 5657 2117 5707 iit
2153 5665 2336 5709 nostro
2366 5670 2467 5708 ms.
2495 5656 2700 5710 Graeco.

622 5777 691 5845 (bi
721 5776 879 5830 Plura
908 5776 1185 5845 aliquanto
1222 5774 1484 5828 habentur
1515 5776 1567 5828 itt
1604 5791 1704 5831 ms.
1741 5775 1965 5841 Veneto,
1998 5790 2119 5845 quae
2161 5776 2278 5831 vide
2308 5777 2356 5829 itt
2388 5778 2635 5831 versione
2659 5775 2872 5840 Latina,
2905 5776 2918 5846 [
2968 5777 2979 5845 l
3013 5778 3164 5829 uncis
3193 5768 3421 5828 inclusa.
