3966 6436
563 396 667 459 10'!

1877 392 2160 451 MENSIS
2203 391 2473 452 MMUS.

3715 394 3822 456 208

564 516 879 593 placeamus
912 508 1239 573 hominibus,
1274 520 1447 575 neque
1475 518 1786 574 quaramus
1818 503 2040 573 gloriam
2078 517 2140 556 ex

2253 501 2489 567 ἐπίλεξιν
2517 502 2803 569 γινόμενον
2846 503 3080 572 ἀναιρεῖ,
3107 502 3373 556 διδάσκων
3410 503 3486 573 μὴ
3520 502 3655 572 πρὸς
3687 502 3819 572 ἀρέ·

565 602 893 665 hominihus,
916 601 1137 654 humilia
1162 610 1216 654 et
1242 600 1451 668 ahjecta
1476 597 1776 665 cogitantes
1806 612 1821 650 :
1852 596 1943 649 sed
1968 594 2135 648 Deum

560 699 735 751 solum
778 706 1045 753 amemus.
1094 698 1147 743 et.
1194 689 1312 757 ejus
1352 688 1493 756 quod
1531 687 1589 739 ﬁt
1633 685 1931 739 habeamus
1960 685 2135 754 ipsum

562 790 916 848 laudatorem,
943 795 997 837 et
1028 784 1521 836 remunerationem
1548 780 1614 833 ab
1643 793 1708 832 eo
1734 786 2133 847 exspectemus.

562 882 798 936 Diceudo
834 893 961 930 vero
996 892 1118 930 eum
1153 874 1321 940 legem
1358 872 1581 939 implere
1620 871 1847 937 regiam,
1894 868 1984 935 qui
2015 867 2136 917 dili-

556 977 632 1043 git
664 962 968 1041 proximum
1000 966 1139 1018 sicut
1171 964 1429 1030 seipsuin,
1466 958 1667 1013 excitat
1699 957 1763 1009 ad
1794 954 2020 1007 fratrum
2055 953 2135 1003 di-

560 1065 881 1120 lectionem,
932 1070 994 1108 ex
1056 1053 1171 1121 ejus
1230 1050 1320 1119 qui
1376 1050 1545 1117 legem
1608 1046 1807 1098 tulerat
1856 1043 2133 1109 dignitate,

560 1161 738 1211 sciens
769 1154 928 1221 hujus
964 1146 1221 1219 praecepti
1265 1141 1692 1212 magnitudinem
1735 1146 1788 1192 et
1837 1133 2135 1204 pulchritu-

558 1254 739 1306 dinem
768 1258 871 1302 :-et
905 1243 1048 1312 quod
1079 1240 1235 1309 plena
1270 1236 1404 1305 legis
1432 1233 1770 1302 adimpletio,
1811 1238 1896 1282 est
1919 1225 2138 1281 dilectio

561 1344 614 1395 in
649 1341 997 1408 proximum;
1049 1345 1101 1389 et
1138 1330 1241 1386 hoc
1278 1329 1454 1398 ipsum
1494 1334 1577 1380 est
1606 1337 1815 1378 summa
1847 1320 2135 1374 bonorum.

552 1658 560 1667 .
632 1610 701 1665 Χ.
754 1605 1037 1674 Quomodo
1084 1607 1263 1654 autem
1316 1601 1495 1649 movet
1545 1591 1610 1644 ad
1666 1579 2139 1642 misericordiam?

566 1703 797 1757 Ttrrctts
826 1690 1242 1751 iininisericordi
1277 1699 1330 1741 et
1363 1682 1685 1746 inevitabili,
1713 1679 1854 1749 quod
1880 1677 1989 1730 illic
2031 1681 2136 1737 est,

564 1794 783 1863 judicio.
824 1809 841 1840 ι
881 1786 1175 1846 Judicium,
1231 1780 1447 1849 inquit,
1491 1778 1607 1831 sine
1656 1770 2024 1827 misericordia
2060 1768 2135 1830 ei,

2245 610 2433 645 σκειαν
2484 592 2633 661 βιοῦν
2662 592 3039 663 ἀνθρωπίνην,
3103 594 3237 664 μηδὲ
3290 594 3391 664 τὴν
3433 596 3493 659 ἐξ
3515 594 3821 666 ἀνθρώπων

2240 684 2518 754 ἐπιζητεῖν
2538 686 2716 749 δόξαν,
2747 685 3058 755 χαμαίζηλα
3083 686 3412 756 φρονοῦντας
3448 687 3539 738 καὶ
3568 685 3819 738 ταπεινά*

2241 777 2376 830 ἀλλὰ
2428 775 2561 827 Θεὸν
2616 777 2774 845 μόνον
2813 778 3009 845 φιλεῖν,
3070 781 3162 831 καὶ
3204 780 3499 846 ἐπαινέτην
3554 776 3821 847 ἔχειντοῦ

2241 870 2555 939 γινομένου,
2593 870 2686 920 καὶ
2717 871 2843 938 παρ’
2874 869 3041 921 αὑτοῦ
3071 870 3169 939 τὴν
3213 870 3486 921 ἀντίδοσιν
3525 870 3822 937 ἀπεκδέχε-

2243 964 2390 1017 σθαι.
2430 960 2520 1031 Τῷ
2551 962 2606 1013 δὲ
2659 962 2754 1013 καὶ
2787 961 2947 1028 νόμον
2975 962 3142 1028 φάναι
3182 961 3460 1031 βασιλικὸν
3510 958 3825 1029 ἐκπληροῦν

2239 1055 2330 1107 τὸν
2359 1054 2664 1121 ἀγαπῶντα
2690 1054 2781 1104 τὸν
2815 1052 3041 1121 πλησίον
3072 1052 3144 1113 ὡς
3176 1052 3385 1116 ἐαυτὸν,
3429 1052 3565 1119 πρὸς
3594 1050 3694 1121 τὴν
3720 1049 3827 1102 τῶν

2238 1146 2482 1214 ἀδελφῶν
2512 1145 2735 1212 ἀγάπην
2756 1144 3043 1212 διερεθίζει
3072 1142 3150 1211 τῷ
3180 1142 3450 1211 ἀξιώματι
3479 1142 3573 1193 τοῦ
3599 1139 3824 1209 νομοθε-

2238 1240 2526 1304 τήσαντος,
2559 1235 2658 1302 τῆς
2694 1234 2917 1300 ἐντολῆς
2946 1232 3148 1301 ταύτης
3174 1230 3329 1295 είδὼς
3373 1233 3434 1284 τὸ
3467 1231 3698 1299 μέγεθος
3730 1229 3825 1283 καὶ

2240 1328 2301 1381 τὸ
2334 1328 2552 1390 κάλλος,
2583 1326 2675 1378 καὶ
2706 1326 2787 1377 ὅτι
2821 1325 3095 1393 πλήρωμα
3132 1323 3300 1390 νόμον
3332 1324 3365 1393 ή
3404 1324 3539 1391 πρὸς
3567 1322 3658 1374 τὸν
3694 1320 3826 1388 πλη-

2244 1418 2359 1469 σίον
2382 1417 2593 1485 ἀγάπη,
2622 1418 2715 1468 καὶ
2737 1416 2895 1469 τοῦτο
2920 1416 2985 1485 δὴ
3013 1414 3170 1467 τοῦτο
3196 1413 3304 1466 τῶν
3328 1412 3552 1481 ἀγαθῶν
3575 1414 3636 1465 τδ
3655 1412 3830 1481 κεφά-

2241 1510 2418 1564 λαιον.

2313 1603 2369 1654 l'.
2403 1602 2591 1663 Ὅπως
2626 1601 2681 1654 δέ
2714 1598 2809 1654 xui.
2846 1597 2978 1667 πρὸς
3014 1597 3163 1651 ἔλεον
3199 1596 3451 1667 διεγείρει
3482 1614 3496 1661 ;
3546 1595 3710 1649 Μάλα
3745 1612 3832 1648 σο-

2241 1692 2356 1761 φῶς
2380 1692 2648 1744 δυσωπῶν
2674 1690 2750 1761 τῷ
2785 1690 3005 1759 ἀνηλεεί
3038 1690 3133 1741 καὶ¹
3158 1688 3534 1758 ἀπαρακλήτῳ
3566 1689 3662 1757 τῆς
3687 1688 3829 1739 ἐκεῖ·

2244 1783 2335 1836 θεν
2362 1784 2617 1852 κρίσεως.
2665 1801 2681 1833 ι
2713 1780 2960 1833 Ἀνέλεον
3013 1797 3044 1845 γ
3093 1796 3122 1848 ρ
3154 1778 3257 1847 ἔφη
3310 1780 3407 1848 τὴν
3442 1779 3620 1847 κρίσιν
3642 1776 3722 1847 τῷ
3758 1776 3833 1846 μὴ

565 1908 653 1957 qui
687 1902 790 1939 non
823 1882 948 1935 fecit
979 1875 1404 1931 misericordiam
1440 1888 1452 1924 :
1493 1889 1510 1921 ι
1544 1883 1637 1937 per
1672 1867 1771 1919 hoc
1810 1862 2138 1922 concedens,

2253 1882 2533 1946 ποιήσαντι
2553 1874 2701 1925 ἔλεον
2726 1890 2770 1924 ’1
2806 1874 2897 1925 καὶ
2925 1869 3380 1938 κατακαυχᾶσθαι
3402 1869 3549 1921 ἔλεον
3571 1868 3831 1938 κρίσεως,

566 1993 619 2033 ut
654 1973 1021 2031 misericordia
1048 1968 1311 2039 glorietur
1341 1965 1459 2031 plus
1498 1977 1658 2031 quam
1686 1957 1979 2027 judicium,
2008 1967 2143 2020 qua-

570 2084 727 2124 tenus
772 2067 847 2119 illi
889 2064 980 2116 dat
1022 2058 1327 2113 victoriam.
1360 2056 1498 2119 Quin
1526 2053 1690 2105 etiam
1716 2051 1787 2102 ita
1818 2048 1951 2100 dicit
1984 2046 2141 2097 iidem

567 2178 701 2232 opus
744 2161 940 2213 habere
991 2154 1229 2213 actione,
1279 2149 1421 2203 sicut
1475 2159 1671 2214 corpus
1722 2151 1846 2211 eget
1903 2141 2137 2208 spiritu:

568 2256 770 2320 absque
799 2265 859 2302 ca
897 2256 1075 2300 autem
1113 2256 1233 2295 esse
1270 2248 1536 2294 mortuam
1569 2246 1621 2289 et
1655 2233 1923 2295 inutilem,
1949 2240 2004 2281 ut
2036 2243 2141 2281 non

569 2343 907 2400 conﬁdamus
944 2339 997 2389 in
1028 2351 1091 2387 eo
1119 2333 1289 2386 solum
1326 2330 1464 2397 quod
1499 2327 1805 2389 credamus,
1832 2332 1884 2376 et
1908 2323 2145 2375 inaniter

569 2438 883 2506 gloriemur.
923 2429 1036 2483 Hoc
1071 2434 1250 2478 autem
1285 2421 1477 2490 prohat
1524 2418 1735 2481 statim,
1780 2414 2055 2469 Abraham
2092 2418 2147 2463 et

566 2503 723 2579 iisab
770 2523 1047 2575 adducens
1106 2517 1158 2568 in
1229 2511 1647 2566 testimonium:
1698 2507 1847 2559 illum
1902 2503 2140 2571 quidem,

569 2616 660 2685 qui
693 2628 813 2666 cum
842 2610 945 2662 fide
970 2608 1119 2658 Isaac
1148 2615 1358 2671 quoque
1383 2598 1574 2652 obtulit
1605 2614 1618 2661 ;
1655 2597 1794 2648 hanc
1826 2603 2001 2645 autem
2027 2604 2145 2659 qua:

569 2680 934 2775 speculatores
993 2711 1087 2765 per
1127 2694 1285 2746 aliain
1332 2692 1472 2742 viain
1531 2684 1857 2740 transmisit.
1904 2681 1967 2733 Et
2014 2680 2143 2749 quid

568 2774 705 2864 opus
744 2802 848 2854 est,
879 2800 936 2841 ut
967 2784 1173 2853 singula
1205 2778 1556 2836 enumerem?
1591 2776 1688 2828 Vix
1724 2774 1886 2827 ullam
1920 2780 2147 2839 praster-

577 2860 725 2940 niisit
757 2897 823 2935 ex
856 2877 1149 2932 virtutibus
1196 2872 1511 2930 moralibus,
1547 2870 1613 2920 ad
1651 2879 1811 2934 quam
1860 2878 1963 2915 non
2012 2860 2147 2912 inci-

575 2977 771 3032 taverit
812 2973 985 3025 virum
1023 2969 1167 3037 pium
1202 2980 1263 3017 ac
1299 2962 1629 3028 religiosum,
1668 2973 1787 3010 cum
1821 2956 1984 3009 multa
2020 2967 2145 3022 pro-

574 3069 879 3129 babilitate,
926 3061 1096 3129 gratia
1142 3073 1204 3110 ac
1245 3054 1605 3123 jucunditate.
1650 3046 1700 3101 Is
1746 3047 1941 3114 lingua:
1975 3045 2143 3111 legem

2242 1967 2419 2037 τούτῳ
2452 1967 2627 2027 διδοὺς
2658 1966 2801 2035 ἥπερ
2844 1964 3028 2033 ἐκείνῃ
3069 1962 3139 2013 τὰ
3172 1961 3494 2030 νικητήρια.
3534 1960 3697 2012 ’Δλλὰ
3739 1958 3836 2009 καὶ

2242 2060 2340 2128 τὴν
2370 2061 2553 2111 πίστιν
2582 2058 2726 2109 οὑτω
2756 2055 2964 2108 δεῖσθαί
3000 2071 3133 2124 φησι
3176 2053 3277 2122 τῆς
3316 2053 3589 2121 πράξεως.
3621 2050 3701 2114 ὡς
3732 2051 3837 2103 δεῖ-

2243 2168 2331 2202 ται
2380 2150 2439 2202 τὸ
2502 2150 2658 2217 σῶμα
2716 2147 2810 2199 τοῦ
2857 2147 3205 2213 πνεύματος·
3260 2144 3466 2211 ταύτης
3548 2144 3603 2196 δὲ
3663 2144 3835 2213 χωρὶς

2244 2245 2448 2311 νεκρὰν
2507 2237 2617 2291 οἷον
2665 2241 2940 2307 ὑπάρχειν
2973 2240 3143 2307 αὑτὴν
3165 2240 3259 2289 καὶ
3292 2240 3551 2307 ἀνόνητον
3574 2255 3586 2267 ·
3626 2239 3717 2291 ἴνα
3761 2237 3835 2307 μὴ

2245 2335 2306 2383 τὸ
2342 2329 2620 2381 πιστεύειν
2647 2332 2810 2398 μόνον
2840 2327 3230 2396 ἐπιθαρρῶμεν
3285 2329 3379 2380 καὶ
3414 2328 3504 2379 ad
3548 2328 3714 2397 κενῆς
3743 2330 3837 2393 ιγ.

2249 2422 2604 2493 καυχώμεθα.
2665 2422 2803 2473 Kat'
2840 2420 3016 2471 πείθει
3060 2419 3222 2471 τοῦτο
3273 2419 3470 2487 λέγων,
3526 2418 3693 2481 εὐθὺς
3744 2420 3836 2471 τίν

2259 2514 2511 2584 Ἀϐραὰμ
2573 2514 2665 2564 καὶ
2715 2511 2813 2581 τὴν
2857 2511 3031 2564 Ῥαάό
3069 2512 3341 2579 παράγων
3381 2513 3463 2572 είς
3520 2509 3834 2580 μάρτυρας,

2246 2605 2338 2656 τὸν
2372 2604 2470 2673 μὲν
2503 2604 2640 2671 μετὰ
2664 2602 2763 2669 τῆς
2794 2601 3032 2663 πίστεως
3061 2604 3156 2654 καὶ
3184 2602 3276 2653 τὸν
3314 2600 3501 2654 Ἰσαάκ
3535 2601 3841 2671 προσενέγ-

2247 2712 2440 2754 κοντα,
2476 2694 2573 2756 τὴν
2607 2694 2662 2743 δὲ
2694 2696 2806 2753 τοῖς
2843 2696 3216 2755 κατασκόποις
3250 2694 3315 2746 δι’
3350 2695 3541 2763 ἐτέρας
3574 2692 3699 2747 ὁδοῦ
3735 2710 3838 2746 πα-

2250 2783 2699 2855 ραπεμφθεῐσαν.
2732 2782 2840 2834 Καὶ
2877 2782 2927 2833 τί
2961 2799 3029 2850 με
3080 2783 3161 2833 δεῖ
3186 2785 3253 2834 τὰ
3286 2784 3407 2836 καθ’
3448 2786 3685 2838 ἕκαστον
3717 2788 3838 2855 ἀρι-

2247 2877 2505 2947 θμεῖσθαι
2539 2891 2553 2942 ;
2598 2875 2787 2945 σχεδὸν
2821 2875 2929 2944 γὰρ
2958 2874 3077 2927 οὑδὲ
3134 2874 3265 2943 μίαν
3315 2876 3543 2927 ὑπέλιπε
3576 2876 3687 2928 τῶν
3721 2878 3842 2945 ἠθι-

2246 2969 2359 3021 κῶν
2397 2968 2629 3038 ἀρετῶν,
2696 2967 2831 3036 πρὸς
2883 2968 2949 3037 ἣν
3011 2968 3111 3019 οὐκ
3165 2966 3388 3037 ἠρέθισε
3427 2965 3519 3019 τὸν
3562 2966 3837 3035 φιλόθεον,

2251 3060 2389 3127 μετὰ
2419 3058 2616 3109 πολλοῦ
2648 3057 2743 3109 τοῦ
2781 3057 3011 3111 πιθανοῦ
3053 3060 3147 3111 καὶ
3174 3060 3272 3127 τῆς
3299 3061 3543 3129 χάριτος.
3574 3054 3748 3123 Οὗτος
3770 3062 3837 3131 τῇ

576 3164 741 3221 dedit,
778 3167 833 3207 ut
859 3156 948 3223 qui
980 3163 1032 3203 et
1061 3152 1113 3201 in
1146 3159 1385 3213 tempore
1408 3142 1714 3198 tacendum,
1749 3147 1801 3189 et
1825 3137 1879 3187 in
1907 3145 2145 3201 tempore

2253 3151 2470 3223 γλώσσῃ
2497 3150 2699 3221 θεσμὸν
2733 3151 2993 3221 ἐπέθηκε,
3020 3153 3235 3221 σιωπᾷν
3263 3169 3321 3203 τε
3348 3153 3490 3206 κατά
3514 3155 3711 3224 καιρὸν
3744 3154 3841 3207 καὶ

572 3250 859 3307 dicendum
890 3249 1142 3296 accurate
1173 3237 1413 3291 doceret.
1462 3232 1508 3285 ls
1544 3240 1767 3298 paterne
1798 3227 1953 3280 docet
1994 3227 2146 3290 sequi

575 3344 792 3413 quidem
829 3336 1139 3389 veritatem.
1188 3343 1216 3379 a
1265 3326 1400 3379 falso
1432 3333 1609 3376 autem
1652 3317 1943 3371 abstinere.
1981 3313 2149 3368 Porro

576 3405 755 3483 autem
791 3425 1029 3491 linguam
1073 3431 1287 3486 quoque
1319 3413 1633 3465 maledicam
1679 3420 1730 3462 et
1773 3405 2149 3461 calumniatri-

575 3536 690 3575 cem
718 3516 1007 3585 plurimum
1038 3518 1280 3562 accusat.
1312 3504 1378 3556 Et
1409 3504 1474 3556 de
1508 3502 1813 3571 propinquo
1844 3498 2148 3552 clanculum

575 3608 881 3670 detrahere,
922 3602 1204 3656 autetiam
1240 3611 1363 3648 eum
1408 3595 1676 3663 judicare,
1723 3590 1790 3642 ab
1825 3588 2020 3640 animis
2058 3588 2154 3637 ho-

583 3701 782 3752 minum
820 3694 1003 3764 procul
1036 3692 1329 3758 propulsat.

648 3787 741 3843 ll.
775 3784 949 3839 Tuum
983 3796 1115 3850 opus
1146 3788 1252 3840 est,
1295 3791 1325 3830 ο
1360 3772 1533 3838 Juste,
1562 3772 1753 3827 divites
1784 3784 1996 3839 quoque
2030 3784 2152 3823 rur-

578 3897 672 3937 sus
699 3891 749 3933 et
774 3890 1041 3949 pauperes
1071 3873 1363 3926 admonere
1391 3885 1406 3923 :
1462 3867 1579 3919 illos
1607 3865 1848 3932 quidem,
1880 3877 1946 3915 ne
1980 3863 2151 3913 conli-

583 3973 712 4025 dant
749 3972 801 4021 in
833 3967 1038 4019 divitiis
1072 3979 1086 4015 :
1123 3964 1223 4014 hos
1247 3971 1448 4021 autem,
1483 3969 1540 4009 ut
1571 3956 1708 4009 mala
1739 3956 1913 4007 ferant
1948 3954 2156 4021 patien-

578 4075 683 4129 ter,
711 4068 765 4114 ut
794 4059 883 4128 qui
914 4056 1022 4109 sint
1055 4052 1346 4108 tolerantia-
1374 4048 1646 4119 accepturi
1682 4046 2008 4111 mercedem,
2035 4057 2156 4113 quas

581 4170 685 4209 non
737 4160 912 4220 potest
962 4148 1163 4201 auferri
1209 4162 1223 4198 :
1282 4154 1335 4198 et
1390 4144 1494 4196 illis
1553 4142 1767 4209 quidem
1824 4136 2155 4193 inﬁdelitatis

582 4252 962 4314 argumentum
1007 4238 1227 4292 divitias
1271 4235 1530 4304 objicere,
1574 4241 1633 4285 ut
1666 4233 1755 4301 qui
1789 4231 1843 4283 in
1877 4231 1957 4283 eis
1984 4228 2154 4282 conﬂ-

584 4340 739 4401 dant,
770 4344 824 4388 et
855 4348 960 4387 non
989 4331 1042 4384 in
1079 4330 1168 4383 Dei
1196 4329 1341 4393 sinu,
1375 4327 1462 4396 qui
1491 4339 1766 4395 nunquam
1800 4322 2151 4385 exhauritur;

584 4427 670 4480 his
708 4438 908 4486 autem,
951 4432 1208 4489 tanquam
1256 4421 1573 4488 prophetam
1624 4418 1973 4479 annuntiare,
2010 4410 2155 4484 quod

2253 3245 2431 3313 λέγειν
2463 3247 2916 3315 ἀκριϐωσάμενος
2938 3262 2951 3273 '
2979 3238 3134 3307 οὗτος
3166 3246 3265 3311 τῆς
3295 3245 3395 3313 μὲν
3420 3244 3683 3314 ἀληθείας
3717 3246 3839 3315 ἐχε-

2256 3339 2400 3404 σθαι,
2435 3338 2528 3390 τοῦ
2580 3338 2811 3405 ψεύδους
2844 3338 2899 3389 δέ
2932 3338 3023 3389 καὶ
3056 3337 3186 3405 μίαν
3214 3335 3518 3405 ἀπέχεσθαι
3550 3336 3841 3407 πατρικῶς

2252 3430 2521 3483 διδάσκει·
2577 3431 2637 3481 οὑ
2691 3428 2800 3497 μὴν
2833 3428 2971 3480 ἀλλᾶ
3010 3430 3103 3479 καὶ
3126 3429 3224 3495 τῆς
3259 3429 3553 3497 φιλοψόγου
3589 3429 3841 3500 γλώττης

2254 3522 2349 3573 καὶ
2374 3521 2625 3574 διαϐόλου
2652 3520 2881 3572 πλεῖστα
2908 3521 3223 3585 κατηγορεῖ,
3253 3520 3346 3571 καὶ
3375 3522 3435 3571 τὸ
3453 3522 3628 3589 λάθρα
3664 3523 3725 3575 δέ
3745 3522 3841 3577 τοῦ

2255 3611 2485 3679 πλησίον
2533 3611 2881 3673 καταλαλεῖν,
2916 3611 2947 3681 ἢ
2988 3609 3081 3661 καὶ
3114 3610 3322 3675 κρίνειν
3363 3608 3461 3676 τῆς
3488 3612 3596 3663 τῶν
3620 3612 3841 3684 ἀνθρὼο

2255 3718 2373 3756 πων
2392 3701 2635 3763 διανοίας
2665 3702 2885 3772 μακρὰν
2911 3701 3237 3757 ἀπωθεῖται.

2326 3794 2423 3848 IA'.
2460 3796 2558 3846 Σὺν
2590 3794 2770 3863 ἔργον,
2816 3788 2858 3847 ὦ
2892 3795 3090 3859 δίκαιε,
3142 3795 3237 3848 καὶ
3265 3794 3325 3847 τδ
3371 3792 3649 3859 πλουσίοις
3680 3790 3844 3857 αὖθις

2257 3884 2351 3933 καὶ
2374 3884 2568 3950 πένησι
2596 3882 2951 3950 παραινέσαι,
2978 3884 3106 3945 τοὺς
3142 3884 3236 3934 ἐπὶ
3267 3885 3345 3953 τῷ
3379 3885 3593 3957 πλούτῳ
3632 3888 3712 3958 μὴ
3742 3903 3844 3939 πε-

2257 3970 2527 4035 ποιθέναι,
2551 3973 2675 4032 τοὺς
2694 3970 2749 4022 δὲ
2770 3969 3145 4039 μακροθύμως
3177 3972 3365 4041 φέρειν
3390 3974 3465 4037 ὠς
3495 3974 3843 4045 ληψομένους

2261 4060 2451 4127 μισθὸν
2480 4066 2576 4133 τῆς
2621 4062 2900 4133 ὑπομονῆς
2954 4063 3349 4132 ἀναφαίρετον·
3410 4068 3690 4129 κάκείνοις
3742 4068 3844 4138 μὲν

2259 4155 2479 4224 ἔλεγχον
2509 4156 2607 4224 τῆς
2653 4156 2911 4219 ἀπιστίας
2964 4158 3057 4209 τὸν
3092 4156 3324 4211 πλοῦτον
3371 4159 3604 4221 τιθέναι,
3633 4158 3735 4211 hu
3778 4159 3843 4229 δὴ

2259 4244 2345 4296 ἐπ’
2379 4244 2525 4315 αὑτῷ
2560 4246 2893 4315 θαῤῥήυάσι,
2927 4249 3020 4297 καί
3050 4246 3125 4313 μὴ
3158 4247 3381 4308 κόλποις
3421 4250 3532 4309 τοῖς
3565 4245 3843 4315 μηδέποτε

2261 4334 2606 4401 κενουμένοις
2634 4351 2646 4363 ·
2703 4338 2814 4395 τοῖς
2844 4335 2901 4386 δέ
2937 4331 3025 4387 οἶα
3064 4337 3355 4406 προφήτης
3385 4335 3844 4404 εὐαγγελίζεσθαι

2262 4426 2367 4494 πρὸ
2404 4424 2509 4475 τῶν
2542 4422 2722 4495 Θυρῶν
2754 4426 2976 4479 ἑστάναι
3010 4426 3099 4477 τὸν
3125 4426 3407 4497 κρίναντα.
3447 4426 3519 4480 Τὸ
3551 4428 3605 4481 δὲ
3643 4428 3722 4500 μὴ
3747 4429 3845 4500 τὴν

582 4532 679 4587 pro
718 4515 921 4570 foribus
965 4523 1071 4566 stat
1114 4513 1160 4565 is
1213 4511 1303 4579 qui
1336 4509 1563 4578 judieat.
1609 4508 1745 4562 Illud
1802 4517 2007 4569 autem,
2048 4520 2146 4559 non

2262 4514 2570 4582 ἐπιορκίαν,
2597 4514 2734 4568 άλλά
2772 4517 2866 4570 καὶ
2907 4516 3070 4569 αὑτὸν
3101 4519 3190 4571 τὸν
3241 4520 3403 4589 ὅρκον
3428 4520 3615 4583 ἁπλῶς
3647 4521 3842 4594 ἐκτρέ-

581 4608 873 4678 perjurium
898 4606 1095 4669 solum,
1116 4604 1208 4657 sed
1236 4603 1317 4656 vel
1341 4603 1514 4671 ipsum
1537 4600 1758 4654 omnino
1779 4596 2156 4668 jusjurandum

583 4698 838 4751 declinari
882 4697 1097 4757 debere,
1151 4693 1437 4761 cujusnam
1482 4692 1727 4755 alterius,
1760 4705 1920 4760 quam
1962 4688 2158 4756 lingua:

576 4790 741 4856 justa:
784 4786 948 4841 fuerit
990 4785 1309 4848 admonitio,
1350 4782 1621 4838 dicentis‘
1657 4798 1671 4833 :
1714 4802 1733 4833 ο
1779 4785 1920 4836 Ante
1951 4778 2154 4845 omnia,

582 4878 784 4935 fratres
818 4879 943 4941 mei,
989 4877 1156 4930 nolite
1190 4878 1412 4928 omnino
1454 4875 1665 4943 jurare,
1715 4888 1890 4942 neque
1919 4888 2015 4941 per
2046 4885 2161 4925 cm-

583 4971 720 5033 lum,
778 4984 950 5036 neque
994 4982 1089 5035 per
1132 4976 1357 5027 terram,
1391 4979 1563 5035 neque
1597 4965 1763 5019 ullum
1816 4965 1961 5019 aliud
2005 4966 2162 5034 jura-

587 5070 868 5114 mentum:
903 5061 972 5113 sit
1014 5069 1194 5112 autem
1230 5070 1491 5120 vestrum,
1525 5058 1687 5113 Certe
1722 5067 1887 5123 certe,
1929 5067 2003 5124 et,
2041 5058 2158 5112 Non

584 5164 715 5211 non,
775 5163 841 5200 ne
892 5147 993 5200 sub
1040 5148 1243 5214 judicio
1293 5147 1579 5201 deeidatis.
1637 5168 1654 5198 ι
1714 5148 1839 5212 Eos,
1891 5150 1981 5218 qui
2032 5158 2158 5203 sunt

586 5251 778 5293 Sereno
812 5247 863 5289 et
914 5236 1207 5306 tranquillo
1240 5237 1441 5300 animo,
1495 5238 1669 5300 docet,
1727 5248 1785 5291 ut
1824 5252 1881 5291 se
1914 5240 2161 5293 muniant

585 5332 871 5392 oratione;
920 5345 1033 5392 eos,
1080 5330 1169 5396 qui
1220 5339 1505 5397 aegrotant,
1538 5330 1736 5384 utoleo
1766 5340 1986 5384 utantur
2031 5347 2152 5385 cum

583 5421 828 5472 oratione
885 5420 1182 5473 sacerdotis
1233 5422 1298 5472 ad
1342 5420 1674 5484 unctionem,
1710 5430 1767 5475 et
1818 5424 1869 5477 id
1920 5423 2156 5477 habeant

586 5526 684 5579 pro
710 5510 880 5563 morbi
918 5511 1206 5575 medicina,
1252 5520 1433 5579 utpote
1473 5514 1614 5580 quod
1648 5513 1846 5576 oratio,
1873 5516 1957 5569 cui
1990 5530 2152 5582 opera

585 5600 761 5651 ferunt
791 5601 1074 5667 auxilium,
1120 5607 1351 5658 maxima
1388 5606 1555 5673 possit
1585 5604 1813 5661 efﬁcere.
1848 5604 1984 5671 Quid
2018 5623 2153 5676 opus

678 5761 698 5792 "
728 5762 841 5816 Jac.
874 5779 923 5828 ν,
958 5766 1046 5819 1⁸1.

2260 4609 2479 4671 πεσθαι,
2502 4608 2648 4671 τίνος
2680 4608 2847 4677 ἄλλης
2879 4609 2912 4677 ἢ
2944 4609 3041 4678 τῆς
3088 4610 3304 4674 δικαίας
3350 4612 3599 4682 γλώττης
3638 4616 3845 4685 παραίο

2257 4716 2422 4763 νεσις,
2456 4700 2561 4768 πρὸ
2608 4700 2826 4753 πάντων
2880 4699 3180 4770 λεγούσηςο
3216 4721 3233 4753 ι
3288 4701 3536 4772 Ἀδελφοί
3594 4720 3722 4773 μου,
3770 4706 3844 4775 μὴ

2257 4789 2487 4858 ὀμνύετε
2540 4790 2696 4853 ὅλως,
2755 4792 2829 4859 μή
2861 4806 2919 4842 τε
2957 4793 3051 4844 τὸν
3081 4792 3331 4863 οὐρανὸν,
3382 4795 3455 4864 μή
3492 4811 3552 4847 τε
3580 4797 3679 4864 τὴν
3712 4797 3842 4867 γῆν,

2262 4882 2335 4951 μή
2370 4897 2425 4931 τε
2458 4881 2616 4933 ἄλλον
2647 4881 2810 4950 ὅρκον
2832 4883 2954 4935 τινά
2974 4899 2987 4912 ·
3019 4883 3161 4935 ἔστω
3190 4883 3243 4934 δὲ
3270 4884 3423 4954 ὑμῶν
3448 4886 3506 4939 τὸ
3540 4886 3651 4940 Ναὶ
3678 4886 3795 4942 Ναί
3822 4902 3836 4917 ⁸

2255 4972 2348 5023 καὶ
2386 4971 2443 5023 τὸ
2469 4969 2543 5024 Οὒ
2581 4972 2655 5024 Ub
2677 4988 2689 5003 ο
2726 4973 2812 5024 ῐνα
2841 4974 2914 5041 μὴ
2942 4972 3019 5036 είς
3051 4974 3339 5047 ὑπόκρισιν
3373 4977 3597 5049 πέσητε.
3632 4996 3653 5031 ι
3698 4980 3840 5043 Τοὺς

2255 5062 2629 5131 ἐνθυμοῦντας
2665 5064 2970 5132 ἀσφάλειαν
2998 5067 3206 5119 ἐαυτῶν
3234 5070 3506 5121 ποιεῖσθαι
3532 5070 3632 5139 τὴν
3662 5087 3841 5141 προσο

2254 5153 2422 5225 ευχὴν
2456 5156 2722 5222 διδάσκει,
2754 5159 2881 5220 τοὺς
2909 5158 3203 5221 νοσοῦντας
3228 5161 3393 5231 ἐλαίῳ
3434 5161 3574 5230 μετὰ
3597 5178 3842 5232 προσευ-

2256 5248 2355 5317 χῆς
2385 5248 2575 5317 ἱερέως
2606 5250 2683 5311 είς
2704 5250 2933 5321 ἀλοιφὴν
2963 5250 3220 5320 χρῆσθαι,
3253 5254 3347 5303 καὶ
3377 5250 3535 5304 τοῦτο
3561 5254 3657 5323 τῆς
3680 5255 3840 5308 νόσου

2267 5343 2441 5392 ποιεῖν
2477 5340 2646 5409 ταμαο
2680 5341 2753 5404 ὠς
2800 5343 2898 5409 τῆς
2930 5342 3096 5412 εὐχῆς
3126 5345 3235 5413 ἄρα
3267 5344 3366 5413 τῆς
3407 5343 3497 5397 διά
3525 5344 3634 5398 τῶν
3659 5344 3841 5415 ἐργων

2267 5429 2663 5500 βοηθουμένης,
2694 5434 2940 5501 ἐνεργεῖν
2970 5434 3036 5485 τὰ
3070 5435 3302 5503 μέγιστα
3328 5434 3653 5503 δυναμένης.
3683 5436 3749 5489 Τί
3785 5438 3839 5489 δὲ

2265 5517 2369 5589 χρὴ
2392 5519 2460 5572 τά
2482 5521 2578 5589 τῆς
2605 5520 2863 5589 γλυκείας
2884 5521 3082 5593 ταύτης
3101 5522 3421 5592 Ἐπιστολῆς
3445 5523 3625 5577 πάντα
3656 5524 3841 5581 διαλα-

2266 5610 2401 5678 ϐεῖν,
2438 5613 2557 5677 ἐξὸν
2594 5615 2941 5685 ἐντυγχάνειν
2972 5617 3109 5686 αὐτῇ
3138 5615 3213 5685 τῷ
3247 5616 3561 5687 βουλομένῳ
3588 5620 3841 5673 κάκεῖθεν
