3966 6486
549 401 658 463 219

1860 398 2148 460 MENSIS
2185 396 2451 460 MAIUS.

3693 410 3812 472 220

550 530 696 572 ctum
748 514 849 567 hoc
886 514 1045 567 modo
1094 529 1155 567 se
1197 514 1382 567 habuit
1417 533 1428 566 :
1472 515 1602 567 Cum
1656 515 1872 569 Firmus
1911 514 2123 583 quidam

2245 515 2322 565 ιαὶ
2348 514 2580 583 ἀξίωμα.
2604 516 2682 569 Τὰ
2703 515 2757 569 δὲ
2790 518 2905 569 κατ’
2932 518 3093 571 αὐτὸν
3119 520 3289 582 οὕτως
3312 520 3423 589 ἔχει
3454 521 3546 575 τὸν
3576 524 3810 592 τρόπον-

552 609 799 663 tnilitaris
824 607 1032 661 ordinis
1064 617 1208 661 esset
1234 608 1483 659 tribunus
1514 622 1703 660 eorum
1730 607 1819 674 qui
1849 606 2122 660 Romano-

550 714 670 751 rum
709 697 889 765 lingua
923 695 1119 759 Martii,
1162 694 1350 748 Graece
1385 710 1509 748 vero
1543 698 1752 765 Ἄρειοι
1784 695 2123 759 dicebantur,

550 802 605 841 et
634 794 735 842 sub
770 805 834 841 eo
872 790 1088 841 tribuno
1156 789 1401 841 centurio
1441 800 1586 842 esset
1625 790 1875 851 Aeacius,
1912 788 2126 842 Firmus

552 880 666 947 ipse
707 881 946 946 singulos
982 880 1178 932 milites
1236 882 1301 932 ad
1337 895 1394 933 se
1442 882 1736 935 accersitos
1772 882 2031 943 tentabat,
2069 890 2127 935 ut

559 988 717 1039 quem
770 974 1009 1025 animum
1039 973 1264 1039 quisque
1302 973 1543 1035 haberet,
1577 975 1809 1041 experiri
1871 990 1931 1026 ac
1986 974 2128 1027 seire

556 1075 759 1131 posset.
817 1063 1062 1132 Cumque
1124 1065 1321 1117 inuitos
1388 1066 1580 1128 partim
1640 1064 2126 1126 assentationibus,

557 1155 751 1221 partim
784 1156 939 1207 minis
984 1157 1048 1207 ad
1085 1156 1349 1208 idolorum
1384 1155 1819 1222 superstitionem
1856 1165 2014 1222 atque
2047 1157 2128 1209 in—

559 1246 773 1298 teritum
822 1246 1109 1309 allexisset,
1137 1248 1484 1314 posteaquam
1524 1245 1722 1297 tribuni
1786 1249 2009 1297 tentatio
2064 1247 2128 1300 ad

558 1336 815 1388 Acacium
850 1338 1116 1404 pervenit,
1174 1348 1303 1389 tunc
1363 1337 1552 1389 beatus
1614 1336 1707 1387 ille
1766 1336 1908 1388 clara
1956 1353 2127 1390 voce:

561 1427 924 1493 Christianus,
953 1430 1154 1494 inquit,
1179 1444 1277 1496 ego
1305 1438 1458 1480 natus
1487 1427 1560 1481 fui
1598 1447 1610 1480 :
1650 1429 1829 1495 itaque
1861 1428 2132 1480 Christia-

572 1533 671 1570 nus
710 1528 761 1569 et
786 1534 926 1581 sum,
968 1528 1017 1571 et
1052 1534 1166 1580 ero,
1203 1518 1425 1572 Domino
1472 1535 1592 1572 meo
1621 1519 1752 1573 Jesu
1779 1518 1996 1573 Christo
2031 1521 2132 1573 hoc

564 1613 892 1676 approbante
931 1629 943 1664 :
989 1627 1108 1663 nam
1166 1621 1219 1665 et
1252 1628 1318 1665 ex
1359 1612 1693 1679 parentibus,
1726 1621 1778 1665 et
1814 1627 1877 1665 ex
1914 1612 2135 1679 majori-

563 1701 664 1753 bus
696 1701 1023 1756 Christianis
1073 1713 1233 1755 natus
1278 1718 1417 1756 sum.
1457 1703 1566 1757 lloc
1602 1717 1722 1756 cum
1759 1702 1849 1755 ille
1881 1703 2130 1765 dixisset,

562 1803 623 1844 et
647 1792 862 1845 Firmus
907 1794 1066 1846 tertio
1095 1809 1219 1846 eum
1276 1802 1527 1855 tentaret,
1582 1809 1644 1847 ac
1676 1795 1830 1847 modo
1880 1795 2133 1863 gravibus

564 1882 746 1945 minis,
792 1887 949 1937 modo
988 1885 1271 1951 promissis
1302 1885 1610 1953 ingentibus
1635 1894 1935 1952 promptam
1963 1884 2129 1937 animi

565 1973 901 2027 alacritatem
934 1983 988 2027 et
1016 1973 1136 2039 ejus
1170 1978 1531 2029 constantiam
1562 1973 1867 2040 debilitare,
1896 1984 1950 2028 et
1983 1974 2131 2027 illum

566 2064 633 2116 ad
664 2078 721 2115 se
750 2064 969 2116 trahere
1009 2072 1320 2126 conaretur,
1360 2065 1429 2115 ita
1463 2075 1719 2117 constans
1748 2076 1802 2117 et
1835 2064 2134 2117 immobilis

567 2155 621 2207 in
654 2152 853 2208 Christi
890 2155 1231 2208 confessione
1268 2156 1458 2208 beatus
1493 2155 1582 2208 ille
1615 2155 1869 2223 perstitit,
1904 2164 1960 2207 ut
1987 2156 2137 2208 dein-

568 2259 695 2311 ceps
739 2241 955 2297 Firmus
996 2254 1219 2297 coaetus
1252 2244 1431 2309 fuerit,
1471 2254 1627 2312 prout
1661 2244 1839 2297 edicto
1870 2244 2017 2311 regio
2042 2242 2133 2309 ju-

568 2335 812 2398 bebatnr,
872 2334 1047 2388 virum
1102 2346 1347 2389 sanctum
1396 2336 1653 2388 Acacium
1697 2334 1929 2387 vinculis
1975 2334 2135 2387 asu-i-

569 2433 735 2483 etum,
786 2427 850 2475 ad
896 2423 1180 2476 Bihianum
1211 2425 1497 2492 quemdam
1537 2425 1773 2489 mittere,
1826 2426 1914 2494 qui
1962 2426 2123 2479 totius

569 2513 840 2568 exercitus
875 2515 1163 2583 imperium
1203 2516 1637 2570 administrabat.

644 2602 730 2656 Ill.
765 2604 895 2656 Cum
930 2606 1094 2673 igitur
1128 2606 1213 2658 hic
1245 2620 1339 2674 pro
1382 2605 1636 2658 tribunali
1695 2606 1928 2669 sederet,
1963 2613 2015 2655 et
2047 2618 2139 2656 eos

567 2691 999 2761 lnterrogatnrus
1021 2707 1189 2759 esset,
1217 2697 1304 2764 qui
1342 2695 1433 2748 Dei
1469 2695 1874 2749 confessionem
1913 2696 2136 2765 profite-

570 2784 787 2846 bantur,
819 2785 1124 2839 Antoninns
1156 2788 1329 2839 scriba
1352 2788 1415 2838 ad
1442 2787 1724 2839 Bibiannm
1754 2788 1865 2838 haec
1900 2786 2136 2839 detulit:

569 2872 748 2928 Pridie
792 2875 953 2942 hujus
990 2877 1118 2936 diei,
1150 2875 1374 2927 Bibiane
1426 2890 1647 2943 prmses,
1680 2875 1893 2927 Firmus
1928 2891 2137 2941 eorum,

568 2968 660 3034 qui
711 2967 885 3020 Martii
913 2969 1189 3031 dicuntur,
1230 2968 1558 3029 tribunatum
1602 2983 1816 3037 gerens,
1880 2969 2137 3022 Acacium

573 3060 950 3111 centurionem
981 3059 1219 3111 vinetum
1265 3058 1409 3111 misit
1472 3060 1535 3110 ad
1589 3068 1908 3124 potestatein
1966 3070 2137 3123 tuam,

2228 605 2449 671 Φήρμου
2510 606 2654 667 τινὸς
2710 607 3134 676 ταξιαρχοῦντος
3185 611 3294 661 τῶν
3344 612 3652 679 λεγομένων
3710 617 3811 667 τοῦ

2230 694 2465 763 ἀριθμοῦ
2495 696 2631 746 κατά
2664 698 2761 763 μὲν
2782 697 2881 766 τὴν
2910 698 3018 749 τῶν
3048 700 3336 768 Ῥωμαῖων
3370 700 3611 765 γλῶτταν
3642 704 3811 769 Μαρ-

2232 785 2431 851 τησίων
2490 787 2859 855 καλουμένων,
2919 790 3057 842 κατά
3115 791 3168 843 δὲ
3221 792 3317 859 τὴν
3366 792 3475 844 τῶν
3534 793 3815 861 Ἑλλήνων

2245 878 2487 945 ’Λρείων,
2545 885 2971 948 στρατευομένου
3016 881 3071 933 δὲ
3120 882 3283 934 αὑτοῦ
3325 882 3401 953 τῷ
3432 885 3651 951 ἀριθμῷ
3688 902 3788 934 κεν

2229 971 2509 1039 τυρίωνος,
2544 972 2637 1024 καὶ
2661 973 2891 1025 ’ἑκαστον
2926 972 3033 1024 τῶν
3070 976 3416 1043 στρατιωτῶν
3460 978 3813 1042 προσκαῖιουο

2236 1060 2397 1127 μένου
2432 1062 2525 1111 τοῦ
2564 1062 2811 1130 Φήρμου,
2844 1062 2937 1113 καὶ
2976 1064 3320 1131 πειρωμένου
3354 1066 3419 1114 τὰ
3452 1065 3549 1131 τῆς
3574 1065 3813 1131 γνώμης

2234 1152 2485 1209 ἑκάστου,
2520 1153 2612 1203 καὶ
2640 1152 2865 1214 πολλοὺς
2894 1153 2959 1204 τά
3002 1154 3102 1220 μὲν
3137 1154 3468 1217 κολακείαις,
3511 1158 3577 1207 τά
3602 1156 3654 1207 δὲ
3712 1159 3817 1208 καὶ

2232 1242 2484 1304 ἀπειλαῖς
2514 1242 2858 1305 δελεάζοντος
2884 1246 2960 1304 είς
2995 1246 3094 1311 τὴν
3125 1244 3422 1310 ἀπώλειαν,
3453 1247 3526 1307 ὡς
3567 1249 3815 1311 ἔφθασεν

2234 1333 2325 1383 καὶ
2374 1334 2454 1393 είς
2509 1333 2666 1384 αὑτὸν
2702 1335 2734 1401 ή
2793 1336 2957 1401 πεῖρα
3011 1335 3104 1387 τοῦ
3132 1335 3415 1405 ἄρχοντος,
3444 1339 3754 1404 ἀνέκραγεν
3789 1342 3816 1390 δ

2235 1424 2519 1491 Μακάριος
2564 1427 2712 1491 φωνῇ
2776 1426 2985 1493 μεγάλῃ
3039 1426 3421 1494 λέγων-Ἐγὼ
3482 1430 3821 1497 Χριστιανὶς

2235 1514 2553 1583 ἐγεννήθην,
2616 1516 2709 1568 καὶ
2749 1516 2887 1585 εἰμὶ,
2938 1517 3032 1568 καὶ
3086 1518 3301 1586 ἔσομαι,
3337 1519 3429 1570 τοῦ
3463 1521 3669 1589 Κυρίου
3709 1540 3819 1588 μου

2246 1604 2421 1673 Ἰησοῦ
2438 1607 2674 1675 Χριστοῦ
2705 1607 2866 1660 τοῦτο
2892 1610 3400 1677 παρακελευομένου
3428 1612 3521 1665 καὶ
3542 1612 3822 1677 θέλοντος·

2238 1698 2332 1749 καὶ
2370 1698 2476 1765 γὰρ
2518 1698 2611 1749 καὶ
2671 1698 2874 1764 γονέων
2936 1700 3031 1753 καὶ⁷
3066 1701 3260 1766 γένους
3297 1703 3624 1771 Χριστιανοῦ
3656 1709 3782 1774 εἰμι
3810 1720 3821 1732 ·

2236 1788 2394 1840 τοῦτο
2427 1785 2521 1841 οὖν
2559 1788 2747 1855 τρίτον
2784 1790 3099 1859 ἀπόπειραν
3130 1794 3457 1861 ποιουμένου
3517 1795 3612 1847 τοῦ
3665 1797 3827 1865 Φὴρ-

2241 1894 2341 1946 μου
2376 1878 2467 1930 καὶ
2505 1880 2635 1930 ποτὶ
2672 1879 2769 1947 μὲν
2801 1880 2998 1950 ἀπειλῇ
3039 1880 3255 1951 βαρείᾳ.
3300 1885 3429 1935 ποτὲ
3457 1884 3513 1937 δὲ
3567 1886 3825 1953 tacitos»

2238 1967 2595 2035 ὑποσχέσεσιν
2628 1969 2933 2038 ἐκμαλάξαι
2968 1970 3132 2023 αὑτοῦ
3163 1974 3222 2024 τὸ
3249 1975 3530 2042 πρόθυμον
3557 1974 3823 2042 βουλομέ-

2235 2072 2327 2106 νου
2378 2056 2472 2107 καὶ
2526 2058 2855 2123 ἑξέλκοντος,
2892 2060 3107 2126 ἔμεινεν
3145 2062 3444 2125 ἀσάλευτος
3468 2065 3495 2115 ό
3530 2064 3826 2133 Μακάριος

2236 2148 2300 2215 τῇ
2330 2145 2611 2218 ὁμολογία,
2662 2147 2737 2211 ὡς
2768 2149 2954 2201 λοιπὸν
3004 2153 3421 2220 ἀναγκασθῆναι
3470 2154 3561 2206 τὸν
3590 2156 3827 2226 Φῆρμον

2239 2238 2329 2286 καὶ
2391 2234 2533 2288 κατὰ
2585 2241 2644 2289 τὸ
2703 2237 3036 2308 πρόσταγμα
3098 2241 3158 2292 τὸ
3192 2241 3474 2309 βασιλικὸν
3531 2245 3828 2312 δεδεμένον

2240 2328 2552 2380 ἀποστεῖλαι
2589 2330 2679 2379 τὸν
2709 2330 2861 2395 ἅγιον
2899 2331 3149 2383 Ἀκάκιον
3188 2334 3422 2403 Βιδιανῷ
3479 2351 3585 2387 τινι
3617 2336 3697 2406 τῷ
3738 2338 3825 2390 δι-

2240 2413 2427 2467 έποντι
2456 2415 2554 2485 τὴν
2586 2416 2817 2471 καθόλου
2858 2418 2947 2470 τοῦ
2983 2420 3212 2488 στρατοῦ
3253 2423 3428 2487 ἀξίαν.

2312 2592 2385 2647 Γ’.
2422 2592 2621 2645 Τούτου
2653 2593 2744 2646 οὖν
2777 2592 3133 2657 καθεσθέντος
3179 2594 3288 2664 πρὸ
3321 2592 3413 2646 τοῦ
3445 2590 3695 2662 βήματος
3730 2598 3829 2647 καὶ

2241 2686 2582 2755 ὲπερώτησιν
2640 2685 2931 2754 μέλλοντος
2991 2686 3265 2739 ποιεῖσθαι
3318 2684 3426 2738 τῶν
3460 2680 3538 2747 είς
3568 2684 3660 2737 τὸν
3691 2687 3831 2739 Θεὸν

2240 2776 2643 2843 τὴνόμολογίαν
2671 2778 3002 2843 ἐσχηκότων,
3042 2777 3354 2838 Ἀντωνῖνος
3388 2777 3831 2846 κομενταρήσιος

2242 2869 2500 2935 ἀναφέρει
2542 2867 2615 2935 τῷ
2671 2868 2907 2937 Βιδιανῷ
2957 2870 3165 2935 λέγων’
3231 2870 3399 2938 Κύριέ
3444 2887 3569 2937 μου,
3603 2875 3670 2937 τῇ
3700 2871 3830 2939 χθὲς

2244 2958 2425 3025 ἡμέρα
2473 2958 2692 3025 Φῆρμος
2722 2961 2749 3010 ό
2785 2957 3069 3028 τριὸοὖνος
3120 2959 3225 3011 τῶν
3253 2959 3562 3026 λεγομένων
3591 2962 3827 3029 Μαρτη-

2247 3050 2373 3099 σίων
2432 3050 2684 3101 Ἀκάκιόν
2738 3066 2856 3102 τινα
2899 3050 3239 3120 στρατιώτην
3269 3052 3396 3103 ὅντα
3427 3050 3518 3103 τοῦ
3552 3055 3829 3121 νουμέρου

570 3152 768 3217 quippe
804 3151 895 3217 qui
932 3150 1277 3201 dominorum
1337 3162 1641 3202 nostrorum
1702 3160 1755 3202 et
1816 3152 2134 3204 invictornm

2246 3135 2410 3187 αὐτοῦ
2441 3137 2658 3203 δέσμιον
2692 3138 3055 3207 παρέπεμψεν
3096 3140 3229 3208 πρὸς
3268 3141 3369 3206 τὴν
3401 3142 3499 3208 σὴν
3547 3141 3829 3207 ἐξουσίαν,

570 3247 935 3310 Augustorum
969 3244 1150 3296 edicto
1181 3258 1373 3311 parere
1408 3245 1660 3308 noluerit,
1702 3260 1765 3297 eo
1807 3248 1947 3314 quod
1978 3246 2137 3299 Chri-
2170 3242 2173 3246 ’

568 3333 872 3386 uianorum
910 3334 1217 3404 religionem
1248 3348 1523 3402 sequatur.
1584 3335 1875 3405 Diligenter
1926 3352 2140 3404 quoque

572 3438 792 3475 causam
826 3425 996 3491 ipsius
1027 3425 1092 3475 ad
1127 3432 1177 3476 te
1207 3425 1441 3490 scripsit.
1488 3423 1743 3477 Bihiantts
1779 3436 1904 3477 tunc
1953 3426 2087 3477 dixit
2123 3443 2134 3477 :

569 3512 909 3576 Beriteniur,
944 3529 1063 3580 qua:
1087 3516 1151 3565 ad
1181 3530 1264 3565 ine
1293 3516 1489 3579 scripta
1526 3523 1646 3565 sunt
1674 3516 1739 3566 ab
1786 3517 1991 3581 optimo
2026 3518 2139 3567 viro

569 3603 751 3658 Firmo
792 3605 1032 3656 tribuno.
1085 3603 1324 3655 Recitata
1363 3614 1539 3655 autem
1578 3614 1726 3662 sunt.
1777 3620 1893 3671 qua
1939 3608 2137 3675 scripta

569 3704 727 3747 crant
771 3696 821 3747 in
873 3695 1009 3746 hanc
1038 3696 1381 3748 sententiam.
1423 3694 1645 3747 Flacvus
1672 3694 1884 3749 Firmus
1913 3697 2139 3751 Bibiano

569 3786 691 3835 duci
718 3784 943 3836 salutem
980 3802 993 3834 :
1029 3784 1290 3836 Acacium
1355 3786 1725 3836 centurionem
1770 3786 1869 3839 sub
1919 3804 2001 3839 me
2044 3790 2136 3840 tri-

573 3874 719 3927 buno
760 3874 1110 3933 militantem,
1142 3874 1477 3941 multumque
1514 3889 1542 3926 a
1570 3874 1724 3926 nobis
1771 3879 1966 3943 partim
2025 3879 2139 3933 ille-

572 3963 768 4022 cebris,
800 3963 992 4030 partim
1037 3964 1336 4031 promissis,
1374 3967 1567 4032 partim
1612 3965 1772 4016 etiam
1819 3967 1979 4019 minis
2016 3985 2137 4034 pro-

567 4066 836 4113 Vucatum,
870 4065 978 4105 uta
1008 4053 1445 4107 Christianorum
1476 4065 1621 4107 secta
1656 4056 1980 4117 discederet,
2016 4075 2136 4111 cunt

568 4157 627 4195 se
654 4141 1024 4195 Christianum
1057 4158 1178 4197 esse
1229 4156 1591 4210 asseveraret,
1626 4154 1681 4197 et
1724 4147 1773 4195 in
1828 4161 1887 4198 ea
1927 4149 2138 4201 confes-

566 4234 720 4287 sione
767 4245 1084 4287 constanter
1138 4248 1497 4301 permaneret,
1567 4251 1666 4305 ego
1718 4237 2040 4291 invictarum
2077 4255 2139 4294 ac

568 4326 1018 4393 lriumphantimn
1100 4331 1485 4394 imperatorum
1568 4341 1879 4383 nostrorum
1968 4332 2136 4398 jussis

564 4418 847 4479 obediens,
888 4419 1037 4468 illum
1088 4416 1324 4469 vinetum
1370 4419 1434 4469 ad
1490 4428 1540 4471 te
1589 4420 1728 4482 misi,
1767 4422 1855 4487 qui
1895 4432 2133 4475 tormen-

2249 3227 2322 3288 ώς
2350 3230 2423 3299 μὴ
2456 3228 2783 3298 βουληθέντα
2811 3226 2950 3295 εἶξαι
2982 3232 3056 3300 τῷ
3089 3232 3471 3301 προστάγματι
3501 3232 3605 3283 τῶν
3628 3234 3828 3284 δεσπο-

2248 3318 2356 3371 τῶν
2389 3319 2544 3388 ήμῶν
2593 3320 2699 3371 τῶν
2736 3322 3025 3389 ἀηττήτων
3083 3322 3433 3386 Αὑγούστων,
3488 3324 3553 3389 τῇ
3607 3321 3663 3373 δὲ
3717 3322 3830 3373 τῶν

2250 3408 2587 3475 Χριστιανῶν
2617 3408 2881 3477 θρησκείᾳ
2906 3408 3387 3469 ὲξακολουθοῦντα,
3412 3409 3657 3476 ἀκριδῶς
3691 3411 3826 3480 γρά-

2248 3500 2352 3567 ψας
2386 3499 2479 3551 καὶ
2512 3500 2611 3568 τὴν
2662 3500 2841 3551 αἰτίαν
2896 3497 3062 3551 αὑτοῦ
3095 3502 3158 3569 τῇ
3218 3502 3283 3567 σῇ
3345 3501 3534 3569 ἀρετῇ.
3576 3499 3830 3563 Βιδιανος

2249 3587 2428 3642 εἶπεν·
2483 3590 2907 3657 Ἀναγνωσθήτω
2942 3588 3204 3658 πρότερον
3226 3589 3292 3640 τά
3320 3590 3599 3657 γραφέντα
3623 3592 3691 3658 τῇ
3720 3591 3829 3658 sua

2251 3681 2571 3734 καθοσιώσει
2604 3682 2755 3750 παρὰ
2785 3681 2877 3732 τοῦ
2917 3681 3103 3749 κυρίου
3139 3697 3241 3748 μου
3274 3683 3365 3731 καὶ
3401 3682 3657 3749 ἐναρέτου
3683 3683 3829 3750 Mp-

2251 3794 2350 3844 μου
2373 3775 2464 3827 τοῦ
2494 3775 2790 3841 ταξιάρχου
2812 3789 2823 3803 ·
2853 3774 2945 3821 καὶ
2982 3772 3227 3838 παρευθὺ
3262 3772 3603 3839 ἀνεγνώσθη.
3636 3770 3747 3824 Ἶιν
3772 3774 3830 3825 δὲ

2249 3868 2314 3916 τὰ
2349 3868 2627 3932 γραφέντα
2680 3862 2936 3915 τοιαῦτα·
2990 3861 3221 3923 Φλάϐιος
3277 3862 3505 3931 Φῆρμος
3554 3861 3629 3929 τῷ
3683 3868 3831 3916 κατά

2250 3958 2427 4009 πάντα
2492 3973 2583 4024 μοι
2645 3955 2926 4024 σεϐασμίῳ
2982 3952 3221 4021 Βιδιανῷ
3271 3953 3516 4023 χαίρειν·
3584 3954 3831 4005 Δκάκιον

2248 4046 2584 4115 στρατιώτην
2604 4046 2696 4099 τοῦ
2730 4044 2965 4115 ἀριθμοῦ
2991 4044 3332 4113 τυγχάνοντα
3358 4042 3452 4095 τοῦ
3475 4046 3499 4095 οἱ
3513 4045 3565 4095 π’
3597 4044 3699 4109 ἐμὲ
3731 4059 3827 4093 πο-

2247 4140 2310 4188 λά
2349 4138 2475 4205 παρ’
2503 4140 2659 4207 ἡμῶν
2677 4140 2834 4188 τοῦτο
2852 4140 2945 4205 μὲν
2990 4137 3305 4197 κολακείαις
3352 4136 3444 4187 καὶ
3483 4135 3817 4202 ὑποσχέσεσι

2247 4228 2651 4297 προτραπέντι,
2694 4227 2853 4280 τοῦτο
2881 4226 2935 4280 δὲ
2973 4229 3064 4280 καὶ
3094 4228 3348 4289 ἀπειλαῖς
3384 4226 3830 4293 ὑπομνησθέντα,

2249 4320 2575 4386 Χριστιανὸν
2608 4319 2662 4370 δὲ
2686 4318 2877 4370 ἑαυτὸν
2908 4319 3138 4384 λέγοντα
3171 4317 3265 4368 καὶ¹
3294 4316 3529 4376 ἀκλινιῖλς
3558 4317 3687 4383 περὶ
3704 4314 3826 4368 τού-

2244 4428 2337 4462 του
2396 4410 2611 4477 έχοντα,
2636 4409 2890 4479 ,πληρῶν
2922 4410 2983 4459 τὸ
3015 4410 3349 4479 πρόσταγμα
3398 4408 3506 4458 τῶν
3536 4406 3830 4476 ἀηττήτων

570 4509 637 4562 tis
667 4524 729 4559 ar
760 4507 1038 4575 suppliciis
1070 4509 1262 4577 subjici
1316 4509 1496 4573 debet,
1527 4519 1580 4561 ut
1612 4510 1819 4579 legibus
1854 4512 1981 4581 ipsis
2006 4514 2134 4566 ohe-

2248 4502 2621 4581 trrortatouxoi'r
2651 4500 2917 4569 βασιλέων
2946 4500 3126 4570 ήμῶν,
3166 4500 3471 4553 ἀπέστειλα
3508 4500 3825 4568 δέσμιονοτῇ

566 4599 698 4655 diat.

638 4863 727 4920 ιν,
757 4861 866 4916 Hac
900 4863 1124 4930 epistola
1162 4862 1409 4924 recitata,
1446 4859 1701 4915 Bibianus
1733 4863 1867 4915 dixit
1904 4881 1916 4916 :
1949 4863 2137 4919 Addu-

567 4965 722 5011 catur
768 4957 1019 5017 Aeacius,
1074 4969 1234 5022 quem
1303 4954 1553 5008 tribunus
1607 4955 1757 5009 dicit.
1800 4955 1974 5008 Adest
2029 4958 2137 5024 ille,

569 5052 765 5115 inquit,
794 5050 1098 5103 Antoninus
1119 5050 1639 5103 Commentariorum
1666 5051 1970 5116 pra-fectus.
2004 5053 2139 5103 Aca-

569 5142 688 5194 cius
748 5156 874 5193 vero
904 5151 1031 5193 tunc
1059 5141 1166 5195 illic
1200 5141 1353 5195 stetit
1408 5141 1602 5194 ridenti
1661 5142 1807 5193 vultu
1846 5160 1858 5194 :
1893 5157 2013 5211 quae
2055 5157 2141 5194 res

570 5233 808 5287 futurum
842 5235 960 5302 ejus
998 5235 1095 5287 viri
1142 5235 1395 5303 gaudium
1429 5236 1711 5304 ﬁgurabat.
1770 5233 1935 5287 lude:
1976 5235 2141 5303 igitur

573 5324 647 5379 illi
681 5324 818 5378 dixit
864 5326 1186 5389 :Quodnam
1238 5327 1336 5378 tibi
1396 5342 1587 5381 nomen
1643 5328 1773 5380 est?
1838 5328 2136 5398 Respondit

572 5415 660 5470 ille
707 5432 722 5469 :
761 5417 1006 5483 Optabile
1039 5430 1091 5471 et
1124 5419 1251 5471 mihi
1286 5426 1340 5472 et
1373 5419 1468 5471 toti
1524 5421 1703 5485 generi
1761 5434 1882 5473 meo
1942 5436 2134 5473 nomen

571 5519 655 5563 est
695 5524 725 5563 a
758 5507 975 5563 Christo
1006 5510 1306 5564 derivatum
1341 5529 1353 5563 :
1387 5510 1513 5562 illud
1541 5525 1685 5571 vero,
1742 5525 1849 5577 quo
1907 5511 2139 5565 humano

576 5615 673 5652 usu
704 5600 963 5668 appellor,
1000 5601 1231 5654 Aeacius
1282 5612 1387 5654 est.
1423 5602 1500 5653 Ad
1530 5600 1641 5653 haec
1680 5600 1849 5654 Judex
1885 5621 1895 5653 :
1933 5601 2137 5667 Quare,

579 5691 771 5757 inquit,
829 5691 1055 5745 Aeacius
1099 5696 1442 5755 nominatus,
1491 5702 1551 5744 nt
1603 5692 1713 5759 ipse
1763 5693 1917 5757 dit-is,
1972 5694 2141 5777 majus

577 5795 720 5835 nunc
753 5799 833 5846 es,
862 5792 963 5837 non
1006 5782 1264 5838 obediens
1321 5782 1511 5841 edictis
1560 5784 1992 5852 imperatorum?
2029 5782 2140 5837 Hae

2249 4598 2313 4661 σῇ
2352 4593 2695 4661 στερρότητι,
2731 4591 3017 4658 ὀφείλοντα
3051 4591 3269 4657 πρῶτον
3318 4590 3686 4658 ἐρωτηθῆναι,
3724 4585 3828 4641 εἷθ’

2243 4683 2414 4746 οὕτως
2444 4682 2734 4755 στρέϐλαις
2773 4682 3152 4750 ὑποῦληθῆναι
3194 4684 3289 4735 καὶ
3328 4683 3644 4752 τιμωρίαις,
3669 4683 3823 4744 ὅπως

2242 4776 2359 4845 εἴξῃ
2393 4779 2506 4839 τοῖς
2532 4774 2638 4827 τῶν
2663 4775 3088 4844 αὐτοκρατόρων
3121 4775 3327 4842 νόμοις.

2315 4874 2386 4921 Δ¹.
2435 4867 2903 4935 Ἀναγνωσθείσης
2939 4868 2996 4918 δὲ
3036 4868 3134 4935 τῆς
3188 4868 3506 4936 ἐπιστολῆς,
3567 4866 3823 4928 Βιϐιανδς

2244 4961 2423 5027 λέγει·
2465 4961 2785 5029 Εἰσαχθήτω
2843 4952 3097 5022 Ἀκάκιος
3144 4960 3173 5011 ὁ
3225 4960 3321 5010 καὶ
3359 4959 3820 5029 ὲπιζητούμενος.

2258 5054 2571 5115 Ἀντωνῖνος
2627 5053 3057 5122 κομενταρήσιος
3111 5052 3291 5119 λέγει’
3327 5053 3592 5121 "Batnas,
3635 5053 3820 5123 κύριε.

2247 5146 2470 5206 Σταθεῖς
2524 5146 2579 5197 δὲ
2621 5147 2648 5197 ό
2681 5145 2955 5214 μακάριος
3002 5143 3256 5205 Ἀκάκιος
3314 5145 3419 5213 πρὸ
3453 5144 3545 5194 τοῦ
3576 5141 3820 5211 βήματος

2246 5234 2524 5295 Βιόιανοῦ,
2559 5231 2703 5303 εἶχεν
2757 5236 2815 5286 τδ
2851 5235 3144 5301 πρόσωπον
3179 5231 3369 5301 ῶσπερ
3409 5233 3562 5302 ῥόδον
3595 5233 3815 5301 μειδιῶν

2246 5329 2340 5380 καὶ
2374 5325 2662 5389 ἀνθοῦντα,
2698 5327 2797 5395 ήδη
2828 5324 3345 5395 προεικονιζόμενος
3375 5325 3475 5392 τὴν
3508 5325 3684 5394 χαρὰν
3720 5326 3817 5396 τὴν

2253 5419 2553 5487 μέλλουσαν
2567 5419 2729 5471 αὑτὸν
2751 5418 3111 5488 διαδέχεσθαι.
3127 5416 3287 5483 Λέγει
3308 5416 3454 5485 αὐτῷ
3477 5419 3502 5468 ό
3530 5417 3812 5485 δικαστής’

2246 5512 2340 5571 Τίς
2384 5510 2669 5574 καλεῖσαις
2716 5510 2773 5563 Ὀ
2797 5509 2947 5576 ἅγιος
2986 5509 3240 5570 Ἀκάκιος
3262 5504 3433 5559 εἶπεν·
3468 5507 3541 5560 Τίι
3566 5508 3812 5560 ποθεινὸν

2246 5604 2412 5670 ὄνομα
2448 5602 2569 5670 ἐμοί
2595 5620 2651 5653 τε
2682 5606 2773 5655 καὶ
2824 5603 2982 5655 παντὶ
3019 5602 3093 5672 τῷ
3124 5603 3267 5669 γένει
3307 5618 3406 5669 μου
3448 5598 3771 5669 Χριστιανός
3795 5613 3808 5627 ο

2248 5691 2309 5741 τὸ
2338 5690 2390 5741 δὲ
2418 5691 2511 5757 τῆς
2558 5692 2807 5760 χρήσεως
2858 5692 2956 5760 τῆς
2998 5693 3130 5760 πρὸς
3161 5690 3479 5761 ἀνθρώπους
3534 5690 3809 5749 Ἀκάκιος.

2262 5783 2317 5832 'O
2373 5781 2630 5850 δικαστὴς
2685 5780 2863 5836 εἶπενο
2905 5786 3007 5839 Καὶ
3047 5785 3134 5837 διὰ
3188 5784 3258 5849 τί,
3324 5786 3508 5855 φησιν,
3558 5783 3811 5839 ’Λκάκιθς
