3966 6466
537 397 648 460 223
1850 394 2134 456 MENSIS

2244 395 2440 454 AIUS.
3691 395 3812 457 224

541 517 742 575 potest,
777 508 823 563 si
858 517 941 563 est
968 507 1110 562 Deus
1142 521 1263 563 vere
1303 518 1517 578 potens.
1576 508 1654 562 Ex
1689 509 1792 561 hoc
1839 507 1979 577 ipso,
2030 505 2110 557 ln-

2247 501 2336 568 ός;
2379 503 2435 554 Ὀ
2465 503 2619 569 ᾶγιος
2674 505 2926 568 Ἀκάκιος
2949 501 3104 559 εἴπεν
3127 523 3140 537 ’
3187 507 3279 559 Ἐκ
3311 510 3501 561 τούτου
3526 509 3633 577 γὰρ
3660 510 3812 577 μᾶλ-

538 596 656 662 quit
703 596 978 661 Aeacius,
1008 611 1159 655 eum.
1213 612 1273 651 ac
1329 600 1450 666 ejus
1490 596 1785 650 bonitatem
1829 607 1877 650 et
1923 605 2114 664 poten-

2245 610 2324 656 ον,
2351 594 2598 657 δικαστά,
2625 595 2863 662 ὀφείλεις
2897 597 3164 666 γνωρίσαι
3199 599 3383 659 αὑτὸν,
3416 603 3506 650 καὶ
3530 599 3628 668 τὴν
3661 600 3812 665 ἁγα-

539 687 670 737 tiam
701 699 1029 752 cognoscere
1059 697 1232 754 potes,
1273 689 1414 754 quod
1449 703 1569 741 cum
1608 688 1818 755 injuria:
1844 689 1916 742 illi
1953 690 2108 755 ﬁant,

2248 685 2412 752 ότητα
2441 685 2628 747 αὑτοῦ,
2663 685 2756 737 καὶ
2782 685 2878 755 τὴν
2902 685 3156 754 δύναμιν,
3189 688 3270 739 ὅτι
3312 689 3404 739 καὶ
3437 688 3812 755 ὑϐριζόμενος

543 790 648 827 non
694 777 873 828 statim
907 791 1093 842 pmtias
1123 777 1276 830 vobis
1317 777 1503 842 refert,
1541 781 1634 832 sed
1681 780 1884 835 diutius
1913 795 2108 852 exspe-

2246 774 2311 824 ύκ
2349 774 2549 836 εὐθέως
2584 776 3010 828 ἀνταποδίδωσιν
3040 779 3170 846 ἡμῖν
3192 817 3206 841 ,
3237 779 3593 847 ἐκδεχόμενος
3637 781 3809 847 ὑμῶν

539 874 672 925 etat,
707 876 763 916 ut
800 881 894 918 vos
927 866 1149 920 Graecos
1193 868 1470 934 pmniteat,
1504 868 1594 936 qui
1630 870 1832 922 eultum
1869 881 1920 923 et
1952 885 2113 926 vene-

2247 863 2320 915 ὦν
2367 863 2636 932 Ἑλλήνων
2682 867 2782 933 τὴν
2821 869 3110 934 μετάνοιαν
3164 871 3257 921 καὶ
3292 870 3656 938 ἐπιστροφὴν,
3687 871 3812 921 τῶν

544 960 810 1011 rationem
847 956 957 1011 Deo
985 967 1395 1028 congruentem,
1420 961 1753 1014 dmmouibus
1773 961 2000 1018 alfertis.
2033 964 2111 1017 Ad

2247 955 2272 1007 δ
2295 954 2440 1023 αὐτῷ
2469 958 2678 1023 πρέπον
2716 957 2879 1018 σέϐας
2915 961 3027 1018 τοῖς
3067 958 3285 1027 δαίμοσι
3334 962 3765 1029 προσφερόντων
3789 978 3807 994 ο

545 1047 660 1100 haec
691 1057 744 1097 et
779 1061 1086 1110 servorum,
1122 1051 1214 1114 qui
1253 1049 1299 1102 ei
1333 1050 1472 1116 grati
1506 1060 1656 1111 sunt,
1695 1053 2012 1105 electionem
2051 1067 2113 1107 ac

2248 1063 2294 1097 τι
2347 1047 2402 1098 δὲ
2460 1050 2553 1098 καὶ
2613 1047 2720 1098 τῶν
2754 1048 3198 1116 εὑαρεστούντων
3246 1051 3391 1118 αύτῷ
3435 1052 3636 1103 δούλων
3695 1052 3810 1120 τὴν

542 1153 887 1206 progressum
927 1141 1033 1191 hoc
1067 1139 1225 1191 modo
1255 1140 1577 1206 compellere
1609 1142 1742 1194 vult.
1796 1143 1982 1210 Itaque
2017 1144 2116 1196 hac

2247 1137 2446 1204 κλογὴν
2474 1139 2568 1189 καὶ
2603 1139 2888 1207 προκοπὴν
2927 1139 3252 1207 βουλόμενος
3286 1129 3595 1206 ὲκτελὲσαιί
3617 1144 3810 1206 οὕτως

547 1229 884 1296 providentia
921 1230 1112 1283 utitur.
1144 1230 1275 1282 Nam
1311 1231 1352 1283 si
1385 1231 1570 1284 statim
1598 1236 1748 1286 vobis
1789 1249 2003 1302 pmnam
2036 1237 2116 1286 in-

2244 1229 2594 1296 ικονόμησεν.
2632 1228 2693 1280 El
2725 1230 2832 1296 γὰρ
2868 1229 3128 1296 ἠϐούλετο
3177 1231 3376 1291 εὐθέως
3407 1232 3534 1300 ὑμῖν
3562 1233 3810 1284 ἀποδοῦ-

546 1317 689 1372 ferre
729 1318 908 1384 vellet,
940 1331 993 1372 et
1025 1335 1116 1373 vos
1153 1323 1250 1390 ipsi
1292 1322 1342 1374 in
1375 1333 1691 1390 perpetuum
1723 1325 2038 1391 periissetis,
2063 1336 2118 1380 et

2251 1338 2304 1372 αι
2337 1322 2430 1372 καὶ
2459 1322 2598 1388 ὑμᾶς
2623 1322 2960 1375 ἀπόλλυσθαι
2986 1323 3240 1387 αἰωνίως,
3275 1328 3366 1376 καὶ
3405 1327 3455 1376 ot
3488 1326 3668 1376 δοῦλοι
3701 1327 3813 1377 αὑ-

544 1409 713 1474 ipsius
746 1410 888 1462 servi
918 1410 1184 1464 manifesti
1221 1428 1324 1466 non
1353 1412 1582 1476 fierent;
1626 1417 1754 1483 quin
1795 1417 1957 1469 etiam
1991 1433 2116 1487 gra-

2244 1409 2308 1461 οὗ
2337 1411 2436 1462 οὐκ
2489 1412 2727 1476 ἐγίνοντο
2772 1413 3015 1479 φανεροὶ,
3068 1412 3202 1464 ἀλλὰ
3250 1414 3340 1465 καὶ
3381 1413 3670 1482 ἡδύναμις
3700 1414 3815 1482 τῆς

544 1499 632 1552 tiae
662 1501 832 1567 ipsius
863 1504 1102 1570 potentia
1155 1505 1330 1557 etiosa
1360 1509 1772 1572 permansisset.
1828 1507 2116 1573 Quomodo

2244 1497 2440 1564 [άριτος
2477 1497 2642 1549 αὑτοῦ
2683 1499 2827 1568 ἀργὴ
2869 1500 3132 1568 διέμενεν.
3170 1503 3277 1554 Καὶ
3310 1502 3426 1564 πῶς
3468 1498 3614 1571 εἶχεν
3644 1504 3817 1569 δοξα-

540 1593 687 1644 cnim
725 1592 988 1647 Dominus
1023 1606 1207 1648 noster
1232 1595 1466 1664 gloriose
1519 1597 1727 1651 laudari
1762 1612 1964 1666 posset,
2013 1602 2114 1654 nisi

2244 1589 2410 1656 τθῆναι
2463 1590 2490 1640 ὀ
2546 1591 2748 1656 Κύριος
2786 1592 2942 1658 ἡμῶν
3000 1591 3206 1659 Ἰησοῦς
3239 1593 3500 1661 Χριστὸς,
3535 1597 3580 1646 εί
3617 1598 3692 1664 μὴ
3736 1592 3815 1666 ἦν

543 1684 797 1736 diuturna
828 1684 879 1736 in
920 1686 1119 1736 vestris
1177 1685 1476 1738 sceleribus
1519 1688 1803 1751 puniendis
1862 1691 2114 1758 patientia

2244 1680 2577 1748 ιακρόουμος
2611 1682 2702 1730 ἐπὶ
2732 1682 2850 1741 ταῖς
2882 1682 3166 1750 πονηρίαις
3200 1683 3390 1750 ὑμῶνς
3430 1685 3543 1736 Νῦν
3575 1685 3630 1737 δὲ
3665 1703 3815 1752 συγ-

545 1775 822 1827 uteretur?
853 1774 1006 1827 Nunc
1039 1789 1166 1827 vero
1217 1776 1328 1830 haec
1380 1778 1449 1830 ita
1485 1777 1596 1829 fieri
1629 1779 1910 1846 permittit,
1954 1793 2010 1834 ut
2063 1791 2116 1836 et

2244 1775 2387 1839 ςωρεῖ
2413 1770 2584 1822 ταῦτα
2619 1771 2792 1833 οὕτως
2828 1773 3102 1838 γενέσθαι,
3141 1775 3227 1827 ἵνα
3258 1775 3350 1827 καὶ
3393 1776 3550 1843 ὑμεῖς
3577 1777 3694 1828 ὅσοι
3748 1779 3816 1829 οὐ

545 1881 662 1929 vos,
691 1866 780 1934 qui
839 1881 941 1918 non
989 1867 1325 1934 resipiscitis,
1360 1869 1450 1921 sed
1482 1871 1792 1923 diuturnam
1831 1873 1999 1939 ipsius
2035 1891 2118 1942 pa-

2244 1868 2557 1926 ιετανοεῐτε,
2586 1865 2718 1916 ἀλλὰ
2754 1867 3205 1929 καταπτύσαντες
3230 1867 3330 1935 τῆς
3359 1869 3556 1936 ἀνοχῆς
3581 1869 3677 1920 καὶ
3708 1871 3819 1937 τῆς

545 1958 790 2011 tientiam
825 1967 1162 2023 respueutes,
1189 1960 1242 2010 in
1265 1969 1442 2012 vestra
1469 1961 1668 2012 saevitia
1707 1963 2024 2026 persistitis,
2059 1975 2114 2018 et

2244 1953 2790 2022 ιακροουμίαςαὺτοῦ
2847 1957 3112 2024 ἐμμένετε
3153 1959 3217 2026 τῇ
3246 1956 3489 2024 ὠμότητι
3527 1958 3682 2025 ὑμῶν
3715 1959 3820 2011 καὶ

547 2047 618 2100 ab
653 2060 717 2100 eo
755 2046 921 2116 magis
955 2049 1234 2115 magisque
1285 2048 1669 2114 desciscentes,
1724 2053 1788 2104 ad
1838 2052 2116 2107 interitum

2244 2049 2285 2113 τῇ
2311 2047 2606 2098 ἀποστάσει
2631 2048 2727 2116 τῆς
2774 2048 3047 2110 ἀπωλείας
3081 2051 3528 2118 αὑτοκατάκριτοι
3560 2050 3819 2120 γίνησῦε,

546 2140 876 2204 properatis,
937 2149 1113 2190 vestra
1163 2138 1314 2206 culpa
1367 2140 1830 2205 condemnemini,
1886 2153 1942 2196 et
1997 2160 2114 2209 nos,

2244 2138 2316 2190 ιαὶ
2346 2140 2503 2206 ἡμεῖς
2559 2139 2615 2191 δὲ
2663 2141 2727 2190 ἐκ
2781 2139 3095 2208 προθέσεως
3131 2141 3230 2208 τὴν
3269 2142 3592 2194 δεσποτείαν
3632 2141 3818 2194 αὑτοῦ

547 2226 639 2290 qui
669 2227 787 2293 ejus
834 2229 1119 2294 imperium
1154 2231 1493 2296 agnovimus.
1548 2244 1808 2299 perpetue
1855 2249 1974 2287 eum
2030 2236 2120 2290 illo

2244 2229 2551 2292 πιγνόυτες,
2575 2229 2828 2298 ζήσωμεν
2851 2230 3033 2291 esse»;
3068 2231 3162 2282 σὺν
3191 2231 3362 2295 αύτῷ,
3417 2232 3508 2283 καὶ
3542 2233 3728 2300 ήδόξα
3759 2233 3818 2284 δὲ

549 2317 817 2370 vivamus.
845 2319 980 2384 Quin
1005 2320 1168 2372 etiam
1199 2320 1366 2387 ipsius
1405 2320 1572 2386 gloria
1598 2322 1648 2373 in
1674 2322 1780 2377 illis
1807 2325 2120 2380 hominibus

2244 2316 2388 2367 ιύτοῦ
2439 2318 2724 2387 φανερωθῇ
2760 2317 2852 2372 διὰ
2902 2319 3012 2371 τῶν
3047 2321 3455 2387 μετανοούντων
3500 2322 3819 2391 ἀνθρώπων

549 2407 891 2461 mnifestior
923 2411 1031 2472 lict,
1059 2411 1148 2479 qui
1179 2410 1382 2465 scelera
1416 2426 1511 2464 sua
1534 2425 2004 2479 recognoscentes,
2042 2415 2121 2469 vi-

2244 2411 2320 2462 ιαὶ
2341 2411 2740 2483 διορθουμένων
2769 2413 2857 2465 τὸν
2888 2413 3098 2465 ἑαυτῶν
3133 2411 3268 2480 βίον.

551 2505 660 2548 tam
701 2498 1132 2552 emcndaverint.

626 2584 736 2640 ΥΠ.
774 2585 927 2640 Tunc
963 2588 1255 2645 Bibianus:
1297 2589 1532 2646 Litteras
1559 2593 1738 2647 forsan
1772 2594 2026 2660 didicisti,
2051 2598 2121 2652 ob

551 2677 716 2744 idque
754 2681 832 2731 sic
881 2679 1082 2733 diserte
1128 2683 1447 2748 respondes.
1481 2683 1614 2737 Nam
1671 2703 1763 2753 per
1799 2689 1926 2740 deos
1979 2691 2122 2755 ipsos

553 2782 864 2821 sermonem
925 2771 1119 2822 rationi
1159 2783 1586 2826 consentaneum
1631 2776 1885 2841 habuisti,
1937 2787 1992 2829 ut
2026 2779 2123 2830 lto-

557 2857 764 2910 minum
803 2859 1031 2912 salutent
1064 2859 1166 2914 sub
1203 2861 1290 2914 Dei
1336 2864 1575 2928 potentia
1629 2879 1749 2918 esse
1781 2868 2118 2924 ostenderes.

2301 2590 2372 2644 Z'.
2410 2590 2655 2653 Βιϐιανδς
2707 2587 2897 2644 εἶπεν·
2950 2594 3196 2657 Ἀκάκιε,
3237 2594 3438 2664 ἔμαθες
3472 2599 3816 2667 γράμματα.

2224 2681 2302 2733 ὅτι
2335 2680 2505 2739 οὕτως
2525 2682 2803 2748 προσόχως
2821 2683 3091 2751 ἀποκρίνῃ
3113 2700 3126 2714 ο
3157 2686 3233 2750 μὰ
3252 2687 3376 2746 τοὺς
3409 2687 3565 2750 θεοὺς
3593 2689 3818 2757 ἐνδεχό-

2227 2788 2386 2840 μενον
2413 2771 2566 2837 λόγον
2599 2768 2777 2834 εἴπας,
2808 2773 2930 2825 ὅσον
2979 2772 3036 2824 τὸ
3072 2775 3166 2825 ὑπ’
3199 2775 3446 2839 ἐξουσίαν
3476 2773 3614 2829 εἶναι
3669 2779 3816 2831 Θεοῦ

2224 2865 2455 2935 τὴντῶν
2489 2865 2793 2933 ἀνθρώπων
2850 2866 3151 2934 σωτηρίαν.
3222 2865 3279 2917 '0
3332 2867 3487 2933 ἅγιος
3551 2869 3817 2934 Ἀκάκιος

559 2949 636 3005 Ex
662 2951 762 3005 hoc
792 2953 930 3021 ipso,
971 2953 1142 3022 inquit
1180 2953 1430 3022 Aeacius,
1469 2957 1559 3012 Dei
1601 2959 1840 3015 omnium
1876 2961 2122 3017 domina.

2244 2952 2377 3009 μὶπεν
2399 2975 2413 2988 ·
2462 2957 2549 3010 Ἓν
2579 2959 2751 3026 τούτῳ
2783 2957 2890 3028 γὰρ
2928 2959 3150 3027 μᾶλλον,
3212 2951 3256 3010 ὧ
3293 2959 3544 3024 δικαστὰ,
3571 2961 3818 3027 ὀφείλεις

555 3042 688 3095 toris
722 3044 1018 3111 potentiam
1053 3054 1106 3098 et
1140 3046 1370 3111 gratiam
1422 3063 1718 3115 agnoscere
1774 3063 1946 3118 potes,
1980 3054 2124 3122 quod

2244 3046 2491 3115 γνωρίσαι
2530 3048 2628 3115 τὴν
2680 3048 2910 3116 δύναμιν
2943 3051 3036 3100 καὶ
3071 3051 3170 3119 τὴν
3212 3051 3372 3118 χάριν
3421 3051 3514 3103 τοῦ
3540 3051 3675 3104 Θεοῦ
3718 3053 3816 3107 τοῦ

554 3147 676 3184 eum
716 3148 820 3186 non
855 3135 1137 3187 didicerim
1203 3136 1411 3192 litteras
1461 3137 1601 3203 illas,
1638 3157 1757 3209 qua
1792 3145 1946 3199 vobis
1973 3145 2123 3200 valde

2244 3139 2444 3190 τάντων
2467 3137 2624 3208 ἡμῶν
2650 3139 2940 3202 Δεσπότου,
2966 3140 3045 3190 ὃτι
3078 3139 3150 3207 μὴ
3177 3139 3441 3207 μαθόντος
3466 3142 3530 3193 τὰ
3547 3141 3816 3195 δοκοῦντα

555 3219 820 3287 Optabiles
849 3222 1119 3286 videntur,
1154 3224 1257 3278 nisi
1302 3235 1510 3281 tantum
1543 3245 1709 3297 pauca
1763 3236 2006 3300 quaedam
2058 3239 2124 3291 ad

2244 3230 2357 3299 ὅμῖν
2392 3229 2834 3298 περισπούδαστα
2878 3229 3207 3297 γράμματα,
3256 3231 3303 3280 εί
3341 3230 3416 3298 μὴ
3459 3232 3618 3298 μόνον
3649 3235 3817 3300 ὀλίγα

557 3311 864 3363 divinarum
916 3311 1240 3368 Litterarum
1295 3317 1582 3370 lectionem
1628 3325 1956 3385 necessaria,
2014 3326 2128 3394 ipse

2244 3325 2361 3388 ιτρδς
2385 3320 2482 3386 τὴν
2513 3319 2822 3382 ἀνάγνωσιν
2854 3317 2960 3368 τῶν
2993 3317 3152 3367 Οείων
3184 3317 3437 3384 Γραφὼν,
3468 3320 3630 3383 αὐτὸς
3665 3322 3818 3394 ὑπὲρ

558 3400 701 3453 Deus
726 3416 822 3468 pro
857 3405 1011 3456 nobis
1043 3405 1446 3461 miserabilibus
1471 3411 1582 3461 suis
1609 3414 1781 3466 servis
1817 3419 2127 3481 respondet,

2244 3410 2385 3478 hy.th
2412 3409 2519 3459 τῶν
2550 3406 2800 3459 ἐλεεινῶν
2861 3407 3062 3459 δούλων
3094 3407 3261 3460 αὐτοῦ
3297 3409 3558 3476 ἀπολογεῖ
3605 3429 3665 3463 τε
3719 3417 3819 3468 καὶ

558 3490 800 3560 facitque
844 3503 902 3545 ut
929 3495 994 3547 ab
1025 3496 1278 3551 omnibus
1324 3499 1654 3562 hominibus,
1706 3506 1834 3570 quin
1872 3506 2032 3558 etiam
2075 3516 2132 3560 ut

2244 3504 2374 3551 ποιεί
2429 3500 2533 3551 ὑπὸ
2600 3500 2817 3552 πάντων
2874 3499 3198 3569 ἀνθρώπων,
3239 3500 3372 3553 ἀλλὰ
3417 3504 3509 3555 καὶ
3540 3504 3628 3571 ὑφ’
3656 3506 3819 3576 ὑμῶν

558 3591 612 3638 et
641 3597 669 3635 a
705 3583 854 3637 vobis
881 3585 1031 3652 ipsis,
1081 3589 1170 3653 qui
1203 3591 1399 3640 eruditi
1451 3593 1602 3653 estis,
1637 3593 1943 3648 laudemur.
1992 3596 2126 3650 Nam

2244 3590 2339 3643 τῶν
2365 3591 2815 3661 πεπαιδευμένων
2844 3593 3186 3646 ἐπαινεῖσθαι
3208 3609 3220 3622 ⁸
3255 3597 3350 3647 καὶ
3380 3598 3486 3665 γὰρ
3515 3599 3609 3649 ἀπ’
3633 3599 3817 3668 ἀρχῆς

560 3685 617 3728 et
643 3676 710 3727 ab
754 3676 909 3730 initio
943 3693 1064 3730 cum
1105 3678 1527 3747 dispensationis
1573 3680 1766 3736 divinae
1807 3700 1941 3753 opus
1972 3687 2132 3755 perﬁ-

2244 3683 2457 3750 πληρῶν
2486 3683 2582 3745 τὴν
2611 3684 2923 3748 οἰκονομίαν
2951 3683 3043 3734 καὶΙ
3082 3683 3291 3750 μέλλων
3329 3685 3624 3753 κηρύσσειν
3647 3691 3704 3741 ὲν
3736 3689 3816 3757 τῷ

560 3776 727 3833 ceret,
759 3777 812 3823 et
855 3783 1006 3823 suum
1040 3770 1204 3837 ipsius
1243 3787 1461 3841 regnum
1499 3773 1616 3826 orbi
1669 3783 1935 3826 terrarum
1993 3791 2129 3841 βιαιο

2244 3772 2426 3837 κόσμῳ
2459 3767 2554 3836 τὴν
2605 3768 2800 3820 ἑαυτοῦ
2837 3769 3135 3837 βασιλείαν,
3171 3771 3269 3822 οὐκ
3294 3772 3560 3840 ἐχρήσατο
3602 3776 3818 3846 ἀνθρώ-

561 3861 846 3914 dicandum
881 3872 1121 3924 curaret,
1157 3879 1261 3915 non
1292 3863 1609 3917 hominibus
1639 3879 1833 3930 genere
1863 3875 1949 3917 aut
1988 3865 2133 3920 divi-

2244 3877 2356 3922 ποις
2387 3860 2418 3930 ἢ
2455 3860 2622 3926 γένει,
2663 3860 2694 3929 ἦ
2725 3859 2962 3929 πλούτῳ,
2996 3859 3026 3930 ἢ
3058 3860 3222 3928 λόγῳ,
3257 3860 3289 3929 ἢ
3325 3862 3620 3932 γράμμασι
3648 3866 3814 3920 δυνα-

564 3953 674 4016 tiis,
699 3955 1022 4006 orationisve
1043 3965 1134 4006 aut
1155 3953 1452 4006 litterarum
1481 3955 1733 4011 facultate
1758 3960 2135 4020 praestantibus

2244 3955 2345 4011 τοῖς
2376 3953 2510 4018 πρὸς
2544 3950 2604 4002 τὸ
2639 3951 2902 4019 κήρυγμα
2931 3950 3026 4003 τοῦ
3075 3952 3431 4019 Εύαγγελίου,
3455 3953 3568 4006 ἀλλ’
3604 3956 3817 4010 ἁλιεῦσι

565 4045 630 4094 ad
673 4043 945 4112 Evangelii
990 4045 1070 4099 sui
1106 4047 1562 4116 praedicationem,
1595 4049 2063 4114 sedpiscatoribus
2084 4059 2135 4103 et

2244 4043 2333 4093 καὶ
2363 4040 2644 4101 τελώναις,
2685 4043 2780 4092 καὶ
2807 4041 3084 4104 παντελῶς
3120 4045 3177 4093 ὲν
3199 4050 3443 4111 πτωχαῖς
3475 4048 3818 4112 περιουσίαις

563 4133 888 4202 publicanis,
926 4151 988 4189 ac
1019 4138 1346 4204 pauperibus
1374 4135 1699 4206 quibusdam
1734 4153 1861 4191 usus
1889 4150 1990 4193 est.
2023 4139 2135 4196 lloc

2244 4132 2533 4200 ιχρήσατο.
2589 4133 2758 4186 Τοῦτο
2788 4132 2844 4186 δὲ
2899 4135 3154 4200 εποίησεν
3184 4136 3212 4184 ό
3247 4135 3629 4204 φιλάνθρωπος
3659 4136 3817 4201 Θεὸς,

562 4233 745 4276 autem
785 4224 931 4290 fecit,
964 4238 1019 4278 ul
1049 4227 1164 4295 ejus
1196 4230 1458 4296 potentia,
1493 4244 1611 4297 qu:e
1652 4240 1889 4284 mentem
1922 4247 2135 4286 omnem

2244 4222 2322 4276 ἵνα
2355 4225 2386 4292 ἡ
2420 4223 2834 4292 ὑπερϐάλλουσα
2862 4226 3039 4276 πάντα
3068 4225 3192 4275 νοῦν
3216 4224 3446 4293 δύναμις
3472 4225 3638 4278 αὑτοῦ
3677 4245 3819 4294 γνω-

562 4329 876 4382 exsuperat,
920 4328 1362 4384 cognosceretur,
1399 4329 1585 4375 sancto
1623 4334 1688 4376 ac
1733 4321 1913 4376 divino
1933 4322 2135 4392 Spiritu

2244 4317 2424 4386 ρισίὶῇ,
2466 4315 2559 4367 τοῦ
2593 4315 2736 4367 θείου
2760 4316 2853 4366 καὶ
2874 4314 3031 4382 ἁγίου
3065 4315 3384 4386 Πνεὺματος
3414 4319 3471 4372 ἐν
3504 4320 3638 4371 πᾶσι
3686 4336 3815 4370 συν-

565 4409 682 4473 ejus
737 4408 1025 4477 discipulos
1067 4410 1375 4474 adiuvante.

2244 4406 2528 4476 εργοῦντος
2550 4405 2756 4468 αὐτοῖς.

641 4495 771 4551 \‘lll.
807 4499 929 4554 Post
965 4500 1254 4568 haecjudex
1284 4521 1296 4557 :
1323 4501 1592 4558 Omittens
1625 4519 1743 4574 ego,
1770 4507 1909 4574 quod
1933 4522 2122 4577 opporo

2303 4499 2384 4551 Μ’.
2433 4499 2490 4551 '0
2542 4499 2801 4568 δικαστὴς
2834 4494 3029 4552 εἶπενο
3082 4498 3225 4567 Ἐγὼ
3253 4501 3420 4562 ίάσας
3475 4500 3534 4553 τὸ
3579 4501 3816 4573 καίριον,

565 4592 696 4642 tune
731 4591 856 4642 mihi
912 4590 1217 4645 faciendum
1252 4603 1356 4657 est,
1419 4603 1594 4648 tecum
1635 4611 1832 4665 nugor,
1866 4597 1965 4666 qui
2006 4601 2133 4654 talia

570 4683 816 4737 disseris.
852 4683 928 4736 Tu
961 4685 1070 4737 seis
1119 4686 1509 4753 imperatorum
1539 4688 1709 4741 edicta
1744 4692 1887 4743 omni
1931 4700 2138 4746 terrore

572 4772 724 4841 plena
749 4773 899 4828 vobis
928 4777 1203 4843 proposita
1244 4792 1386 4840 esse,
1423 4787 1478 4830 ut
1505 4793 1598 4832 vos
1636 4779 1924 4834 Christiani
1957 4783 2135 4836 homi—

573 4880 673 4918 nes
704 4866 784 4920 vel
808 4867 1152 4931 sacrificetis,
1193 4883 1245 4923 et
1274 4871 1402 4924 deos
1454 4871 1599 4939 ipsos
1629 4873 1842 4936 colatis,
1870 4874 1924 4927 iu
1961 4875 2141 4928 omni-

575 4956 678 5009 bus
710 4958 868 5011 rebus
903 4975 996 5012 vos
1027 4946 1132 5013 illis
1164 4959 1512 5028 subjicientes
1548 4972 1709 5030 atque
1759 4979 1825 5018 eo
1858 4966 2017 5019 modo
2043 4966 2142 5019 ho-

576 5061 737 5101 nores
814 5049 883 5102 ab
959 5051 1063 5102 illis
1127 5054 1481 5120 reponetis:
1545 5055 1646 5118 vel,
1716 5055 1759 5109 si
1829 5057 2140 5114 sacriﬁcare

578 5138 883 5204 nolueritis,
918 5141 1376 5208 eondemncmini,
1430 5155 1484 5199 et
1534 5147 1812 5215 suppliciis
1853 5163 1918 5201 ac
1969 5151 2140 5216 pmnis

575 5231 961 5301 subjiciamini.
1016 5232 1186 5288 Velim
1239 5235 1402 5306 igitur
1445 5237 1614 5302 dicas,
1669 5256 1794 5292 num
1851 5240 1958 5294 diis
2011 5241 2142 5309 ipsis

579 5308 872 5387 nacrilices,
905 5334 959 5378 et
986 5323 1191 5390 legibus
1223 5329 1585 5395 obtemperes,
1619 5345 1685 5382 an
1718 5341 1767 5384 te
1797 5332 1847 5385 id
1871 5308 2138 5386 facturum

581 5429 763 5482 neges.
801 5414 1097 5482 Respondit
1130 5418 1395 5472 Aeacius:
1424 5419 1576 5488 Saepe
1607 5431 1659 5473 et
1686 5437 1715 5478 a
1754 5422 1934 5476 Firmo
1973 5424 2140 5477 inter-

582 5519 819 5575 rogatus,
853 5510 1216 5566 Christianum
1247 5528 1327 5565 me
1357 5529 1475 5566 esse
1508 5513 1788 5568 confessus
1821 5533 1959 5569 sum.
1991 5518 2139 5579 Quod

587 5612 720 5665 ergo
757 5601 888 5662 dixi,
949 5602 1139 5654 iterum
1184 5603 1324 5667 dico,
1384 5621 1465 5659 me
1503 5607 1872 5661 (Iliristianum
1923 5623 2060 5669 esse,
2092 5621 2142 5661 et

587 5691 814 5756 impuris
846 5693 1178 5747 daemonibus
1229 5711 1331 5749 non
1389 5699 1714 5752 sacriﬁcare.
1786 5699 1915 5767 Ego.
1971 5701 2140 5767 inquit

583 5781 762 5848 iudex.
811 5784 967 5836 etiam
1012 5801 1150 5839 nunc
1189 5798 1396 5841 aetatem
1429 5790 1582 5844 istam
1611 5800 1750 5844 tuam
1779 5793 2141 5844 iniserirordia

2235 4590 2310 4652 ὡς
2332 4591 2501 4642 εἰπεῖν
2522 4590 2672 4659 ληρῶ
2700 4591 2838 4659 μετὰ
2864 4589 2958 4642 σοῦ
2988 4591 3213 4643 τοιαῦτα
3234 4591 3638 4660 διαλεγόμενος
3667 4589 3818 4654 οἶδας

2237 4683 2313 4747 δὲ,
2339 4683 2417 4735 ὅτι
2451 4683 2650 4743 παντὸς
2682 4681 2849 4749 φόϐου
2881 4682 3012 4750 ἡμῖν
3057 4685 3175 4735 ἐστι
3205 4681 3446 4751 γέμοντα
3471 4684 3538 4736 τὰ
3571 4684 3814 4753 προστά-

2239 4790 2427 4844 γματα
2455 4775 2557 4826 τῶν
2591 4772 3030 4842 αὐτοκρατόρων,
3057 4773 3199 4824 ὥστε
3223 4773 3256 4841 ἢ
3289 4772 3515 4835 θύοντας
3533 4776 3626 4826 καὶ
3651 4775 3817 4844 Θερα-

2245 4864 2511 4927 πεύοντας
2532 4866 2658 4927 τοὺς
2685 4861 2840 4927 Θεοὺς
2875 4864 3019 4932 ὑμᾶς
3056 4864 3180 4923 τοὺς
3204 4865 3569 4934 Χριστιανοὺς
3600 4867 3658 4918 ὲν
3681 4865 3815 4919 πᾶσί

2244 4973 2306 5010 τε
2344 4957 2619 5027 ὑπηκόους
2657 4956 2855 5018 αὖτοὺς
2927 4955 3260 5025 γενομένους
3305 4955 3400 5009 καὶ
3454 4956 3620 5025 τιμάς
3683 4956 3816 5024 παρ’

2241 5049 2416 5101 αὐτῶν
2449 5047 2793 5117 κομίζεσθαι,
2822 5049 2946 5109 τοὺς
2976 5048 3032 5100 δὲ
3069 5047 3142 5117 μὴ
3187 5047 3418 5109 Θύοντας
3450 5051 3812 5118 τιμωρεῖσθαι

2244 5141 2384 5194 κατὰ
2402 5140 2619 5210 κράτος.
2639 5139 2797 5200 Θύεις
2827 5137 2919 5191 οὖν
2943 5141 3055 5201 τοῖς
3079 5138 3222 5198 Θεοῖς
3245 5139 3341 5190 καὶ
3369 5137 3685 5207 πειθαρχεῐς
3707 5139 3816 5199 τοῖς

2240 5237 2426 5305 νόμοις
2455 5237 2563 5303 τῷν
2598 5235 2884 5305 βασιλέων,
2917 5233 3155 5304 ἢάκμὴν
3186 5235 3528 5301 ἀντιλέγεις;
3579 5234 3634 5284 Ὀ
3661 5232 3814 5300 ἆγιος

2256 5331 2508 5393 ’Δκάκιος
2540 5325 2692 5382 εἶπεν
2713 5345 2726 5359 ο
2789 5330 2896 5381 Καὶ
2931 5329 3023 5380 ἐπὶ
3055 5329 3278 5397 Φήρμου
3310 5328 3570 5389 πολλάκις
3604 5330 3815 5393 ἐπερω-

2244 5424 2448 5492 τηθεὶς,
2473 5423 2794 5492 ὡμολόγησα
2813 5421 3134 5488 Χριστιανὸν
3154 5419 3342 5472 ἑαυτὸν
3363 5416 3519 5483 εἶναι,
3547 5421 3638 5471 καὶ
3658 5419 3813 5472 πάλιν

2247 5515 2386 5580 λέγω
2416 5517 2494 5567 ὅτι
2525 5514 2842 5582 Χριστιανός
2872 5512 3006 5576 εἰμι,
3039 5515 3133 5563 καὶ
3165 5511 3225 5561 ού
3256 5511 3369 5563 Θύω
3397 5511 3648 5577 δαίμοσιν
3678 5512 3814 5562 ἀκα-

2248 5608 2466 5675 Θάρτοις
2503 5608 2650 5660 ποτέ.
2703 5609 2768 5657 ’0
2811 5605 3068 5670 δικαστὴς
3102 5599 3285 5655 εἶπεν·
3341 5603 3479 5666 Ἐγὼ
3516 5603 3592 5653 ἔτι
3629 5603 3687 5652 τὸ
3719 5601 3811 5662 τῆς

2250 5700 2461 5765 ἡλικίας
2499 5717 2588 5752 σου
2623 5700 2818 5767 μέτρον
2849 5696 3128 5764 οίκτεῖρω·
3174 5696 3282 5760 ὁρῶ
3316 5694 3419 5761 γάρ
3454 5710 3510 5743 σε
3550 5692 3621 5759 μὴ
3655 5692 3809 5741 πλέον

2251 5791 2420 5843 εἴκοσι
2444 5793 2529 5844 καί
2565 5800 2599 5840 ε’
2639 5791 2772 5841 ἐτῶν
2802 5790 2926 5840 ὅντα
2951 5805 2959 5814 ·
2988 5787 3119 5837 ἀλλὰ
3157 5786 3243 5838 καὶ
3271 5783 3325 5834 τι
3360 5786 3445 5834 τοῦ
3482 5781 3807 5845 στρατιώτου
