3966 6444
161 366 253 430 935

1238 369 1406 427 VlTA
1451 370 1511 429 S.
1554 368 1807 428 ACACII
1853 369 2340 433 CAPPADOCIS.

3286 380 3399 441 226

158 480 324 549 σχῆμα
349 474 643 539 αἰδεσὸεὶς,
676 474 781 529 οῦκ
804 474 1045 545 ἠθέλησα
1082 475 1374 544 τιμωρίαις
1420 492 1477 528 σε
1516 475 1720 530 ὑποσα-

1831 495 2149 549 prosequur.
2188 478 2358 535 Video
2381 482 2522 535 enim
2551 490 2602 537 te
2632 497 2735 537 non
2768 484 2999 553 amplius
3031 501 3192 555 quam
3218 492 3407 559 viginti

156 572 281 623 λείν·
316 569 408 621 ιάν
444 569 502 620 δὲ
529 568 795 637 ἑμμένεις
834 570 900 637 τῇ
934 566 1116 636 μωρία
1148 565 1355 637 ἐκείνῃ,
1386 567 1722 633 ἀναγκάσεις

157 680 212 732 ut
239 660 326 713 τοῦ
374 661 684 726 ἐπαγαγεῖν
744 674 827 711 σοι
864 656 1128 726 βασάνους
1164 658 1367 725 πικρὰς
1406 657 1500 708 καὶ
1525 656 1725 725 άνηκέ-

156 772 317 816 στους.
354 756 412 807 Ὁ
452 757 607 820 Ξιγιος
654 754 909 813 Ἀκάκιος
933 747 1087 805 εἶπεν
1109 767 1122 780 ·
1164 753 1228 804 Ὃ
1256 752 1458 821 βούλει,
1494 752 1639 805 ποίει
1668 753 1726 803 ὲν

154 847 312 915 τάχει,
346 844 504 914 κάγὼ
538 846 648 915 γάρ
677 846 705 898 ὃ
734 846 828 899 νῦν
858 846 998 897 ποιῶ
1024 845 1124 897 οῦκ
1154 844 1271 897 ἐστι
1326 844 1528 913 μωρὸν,
1588 842 1726 895 ἀλλὰ

154 944 231 992 11‘.
266 943 404 992 nim
437 942 741 1009 φρόνιμον,
773 940 859 991 ἵνα
888 943 978 993 τὸν
1004 939 1311 1008 ποιήσαντά
1338 955 1403 1006 με
1434 938 1529 991 καὶ
1556 937 1725 1007 μέχρι

151 1034 231 1085 τοῦ
261 1033 352 1084 νῦν
377 1032 784 1099 προνοούμενόν
812 1050 903 1098 μοι
931 1032 1004 1101 μὴ
1046 1030 1455 1099 ὲγκαταλείπω.
1494 1029 1586 1081 τὸν
1622 1030 1721 1097 μό-

154 1144 229 1178 νον
264 1125 524 1193 άληῧινδν
576 1125 730 1178 Θεὸν.
774 1126 835 1177 Ὀ
870 1124 1127 1193 δικαστὴς
1187 1118 1368 1176 εἶπεν·
1408 1121 1531 1183 Πῶς
1565 1121 1727 1190 μόνον

154 1218 270 1286 ἐφῇς
292 1212 432 1268 εἶναι
466 1215 722 1284 ἀληθινὸν
752 1216 903 1281 Θεὸν,
938 1216 1101 1268 ὁπότε
1139 1214 1340 1281 λέγεις,
1363 1214 1455 1266 τὸν
1484 1214 1722 1284 Χριστὸν

154 1310 262 1360 Tibi
292 1304 433 1361 εἶναι
464 1308 634 1373 Θεοῦ;
670 1309 882 1378 ἀνάγκη
917 1308 1084 1371 πᾶσα,
1124 1309 1172 1359 εἰ
1206 1307 1331 1369 Υἱὸς
1372 1306 1465 1359 καὶ
1501 1306 1613 1369 ῐσος
1639 1306 1725 1375 εἴη

152 1399 215 1467 τῷ
254 1399 451 1468 Πατρὶ,
508 1398 602 1451 δύο
638 1398 835 1461 αὐτοὺς
873 1396 1033 1465 εἶναι,
1088 1398 1274 1451 λοιπὸν
1328 1400 1421 1449 καὶ
1464 1397 1587 1467 οὐχὶ
1631 1396 1727 1449 ενα

150 1492 285 1543 θεόν.
320 1491 425 1543 Δύο
456 1486 599 1545 εἶναι
634 1493 727 1543 καὶ
756 1491 911 1543 αὐτοὶ
942 1490 1195 1559 λέγοντες
1229 1490 1421 1552 θεοὺς.
1465 1487 1582 1552 πῶς
1617 1487 1716 1543 νῦν

149 1585 228 1636 ιη
286 1586 599 1652 imprimi”
665 1584 1027 1651 ’Δναγκάζεις
1104 1600 1172 1652 με
1240 1582 1350 1653 γὰρ
1409 1581 1724 1650 ληρο).ογεῖν

153 1676 269 1741 μετὰ
304 1675 419 1739 σοῦ,
449 1678 625 1738 οὕτως
656 1674 902 1743 ἔκθεσμα
929 1675 1024 1725 καί
1058 1674 1383 1743 ἀνάρμοστα
1416 1672 1645 1739 ὁμιλῶν.

155 1770 345 1828 dicatis.
400 1784 580 1835 quare
636 1784 780 1821 nunc
813 1783 978 1821 unum
1036 1767 1203 1821 Deum
1262 1764 1509 1836 prol'ers?
1558 1762 1718 1833 Cogis

152 1866 197 1908 et
228 1858 550 1910 inconcinna
577 1857 728 1910 dicas
767 1873 781 1909 :

202 1949 271 2005 ϐ’.
310 1952 367 2004 '0
391 1938 555 2018 ἅγιος
596 1954 855 2015 Ἀκάκιος
903 1950 1091 2007 εἶπεν·
1146 1951 1396 2005 Πιστεύω
1416 1950 1494 2021 τῷ
1547 1948 1723 2021 Ἰησοῦ

145 2041 211 2112 τῷ
239 2044 611 2113 σταυρωθέντι
650 2044 745 2097 ἰπὶ
775 2044 999 2096 Ποντίου
1037 2043 1294 2105 Πιλάτου,
1348 2043 1571 2111 δοθῆναί
1633 2058 1723 2109 μοι

146 2132 283 2199 λόγον
311 2135 398 2187 διὰ
429 2134 530 2186 τοῦ
568 2134 886 2202 Πνεῦματος
922 2132 1087 2185 αὑτοῦ
1127 2131 1221 2183 τοῦ
1255 2132 1414 2198 άγίου
1458 2132 1595 2203 πρὸς
1627 2131 1725 2199 τὴν

146 2223 465 2291 ιπερώτησιν
501 2222 712 2290 ταύτην
739 2219 834 2272 τοῦ
866 2220 1208 2288 διασαφῆσαι
1233 2219 1437 2287 αὑτήνο
1467 2219 1526 2269 οῦ
1556 2219 1663 2285 γὰρ
1688 2219 1721 2285 ἡ

145 2312 360 2379 culo-3:51
392 2313 549 2361 ἐστιν
597 2309 737 2378 αῦτη
784 2309 1146 2377 ἐπερώτησις,
1192 2306 1308 2368 πῶς
1336 2304 1430 2357 δύο
1472 2302 1725 2369 λέγοντες

146 2401 299 2463 θεοὺς,
339 2402 433 2453 ἱνα
471 2401 808 2469 προσκυνεῖν
836 2398 969 2452 Θεὸν
994 2396 1449 2465 ἐπαγγελλόμεθα
1470 2412 1485 2425 ·
1530 2392 1641 2460 ἐγὼ
1667 2393 1724 2447 δέ

148 2509 214 2544 σοι
240 2493 395 2559 λέγω,
428 2494 695 2551 δικαστά,
738 2493 832 2543 καὶ
859 2492 918 2542 τὸ
954 2490 1181 2558 Πνεῦμα
1215 2487 1274 2539 τὸ
1309 2488 1465 2553 ὄιγιον
1515 2486 1722 2553 ἀχώρι-

148 2600 251 2636 στον
280 2582 418 2638 εἶναι
457 2582 560 2636 τοῦ
615 2583 828 2651 Πατρὸς
857 2583 950 2634 καὶ
984 2580 1077 2633 τοῦ
1129 2578 1281 2643 Υἰοῦ,
1328 2579 1420 2630 καὶ
1452 2572 1589 2629 εἶναι
1624 2577 1722 2644 μὲν

145 2678 253 2743 τρία
285 2677 561 2745 πῴσωπα
588 2675 646 2724 ὲν
681 2674 828 2742 τρισὶ
863 2672 1282 2742 προσηγορίαις,
1319 2669 1447 2738 μίαν
1479 2669 1533 2722 δὲ
1556 2668 1719 2721 δῦνα-

150 2784 227 2833 μιν
272 2770 363 2819 καὶ
397 2765 642 2834 θεότητα
684 2762 889 2815 τούτων
930 2761 1039 2814 τῶν
1099 2762 1381 2829 ὀνομάτων
1412 2760 1680 2829 ὑπάρχειν
1706 2772 1719 2786 ·

146 2858 226 2910 ἱνα
247 2860 298 2911 δὲ
337 2860 580 2928 λέγομεν
614 2857 749 2910 Θεὸν
782 2856 971 2926 ἔχοντα
998 2854 1093 2908 καὶ
1120 2855 1314 2921 Λόγον,
1344 2854 1436 2905 καί
1471 2852 1597 2903 ἄνευ
1626 2849 1720 2901 τοῦ

147 2950 354 3010 ζωτικοῦ
426 2950 759 3017 Πνεὺματος
824 2949 900 3019 μὴ
930 2944 1092 3000 εἶναι.
1146 2947 1353 3016 Δίδωμι
1400 2945 1458 2997 δέ
1517 2960 1598 2996 σοι
1630 2943 1722 2995 καὶ

148 3041 425 3109 ὑπόδειγμα
452 3040 744 3109 ἐγχωροῦν
771 3040 892 3091 ὅσον
928 3039 1063 3107 πρὸς
1092 3039 1190 3105 τὴν
1212 3038 1491 3107 ἡμετέραν
1510 3036 1721 3106 ἀνθρω-

147 3132 283 3200 πίνῃν
309 3133 544 3200 δύναμιν
578 3133 635 3180 ὲν
670 3129 846 3199 τούτῳ
936 3128 1126 3198 ὥσπερ
1159 3131 1186 3180 ό
1243 3130 1497 3196 βασιλεὺς
1528 3130 1556 3180 ό
1604 3127 1718 3192 νῦν,

145 3223 191 3274 ὃν
222 3226 275 3276 σῦ
293 3223 635 3293 ἐπιγράψεις
659 3222 950 3291 δεσπότην,
978 3220 1088 3289 ἐγὼ
1114 3220 1222 3290 γάρ
1248 3220 1535 3288 ἄνθρωπον
1560 3219 1722 3271 αὑτὸν

1826 571 2063 639 quinque
2123 585 2294 624 annos
2344 582 2562 625 natum.
2619 571 2951 640 Quinetiam
2985 577 3273 632 militarem
3326 580 3411 636 di-

1828 661 2088 730 gnitatem
2118 664 2404 726 reveritus,
2439 664 2583 717 nolui
2635 674 2684 719 te
2724 666 2908 720 statim
2962 672 3244 726 tormentis
3280 672 3412 726 sub-

1828 750 2018 821 jicere.
2047 752 2117 804 At
2154 754 2199 807 si
2253 754 2459 808 diutius
2491 755 2543 809 in
2575 756 2678 811 ista
2717 766 2806 810 tua
2860 757 3071 813 insania
3128 762 3408 828 persistes,

1826 857 1987 912 coges
2018 857 2104 897 me
2146 843 2555 898 iucvitabilibus
2593 848 2881 902 tormentis
2923 860 2974 903 te
3005 850 3296 918 subjicere.
3326 853 3409 907 Ad

1830 934 1945 989 hac
1974 932 2207 988 Aeacius
2242 953 2255 989 :
2287 935 2441 1001 Quod
2497 937 2618 991 volo
2649 936 2831 992 facere
2875 955 2979 994 non
3010 943 3253 1005 stultum,
3311 944 3410 997 sed

1830 1026 1987 1079 valde
2018 1024 2252 1094 prudens
2282 1036 2338 1080 et
2365 1029 2473 1078 Deo
2502 1038 2716 1095 gratum
2742 1044 2879 1096 Opus
2904 1041 3008 1095 est,
3043 1042 3098 1083 ut
3140 1047 3281 1097 eum,
3310 1034 3407 1101 qui

1831 1128 1918 1167 me
1943 1114 2172 1179 creavit,
2207 1123 2262 1167 et
2284 1114 2347 1167 ad
2384 1115 2525 1168 hunc
2556 1130 2727 1183 usque
2758 1117 2899 1170 diem
2930 1121 3272 1187 providentia
3306 1137 3405 1175 sua

1832 1216 2154 1274 prosecutus
2222 1214 2327 1268 est,
2386 1222 2492 1261 non
2538 1206 2785 1261 deseram
2849 1225 2862 1260 :
2918 1210 3104 1272 illum,
3161 1212 3409 1281 inquam,

1834 1295 2035 1366 ipsum,
2068 1294 2160 1363 qui
2193 1295 2341 1348 solus
2370 1305 2450 1348 est
2485 1310 2647 1350 verus
2705 1297 2869 1351 Deus.
2907 1298 3206 1367 Quomodo,
3235 1300 3411 1371 inquit

1828 1386 2014 1456 judex,
2051 1385 2239 1441 dixisti
2274 1385 2449 1438 solum
2483 1401 2607 1440 esse
2645 1402 2833 1441 verum
2874 1389 3061 1454 Deum,
3097 1407 3219 1444 eum
3256 1392 3410 1445 dicas

1829 1477 2109 1533 Christum
2143 1477 2238 1533 Dei
2278 1474 2473 1533 Filium
2521 1478 2691 1535 esse?
2738 1477 2974 1533 Omnino
3003 1485 3149 1535 enim
3186 1498 3413 1537 necesse

1827 1580 1931 1633 est,
1970 1581 2027 1623 ut
2056 1571 2101 1625 si
2140 1569 2313 1624 Filius
2349 1582 2454 1638 est,
2497 1581 2550 1625 et
2589 1570 2736 1626 Patri
2774 1587 2867 1643 par
2901 1573 3017 1629 sit:
3051 1582 3106 1631 et
3165 1574 3239 1631 ita
3300 1594 3410 1633 non

1829 1679 1991 1729 unus,
2026 1662 2119 1715 sed
2151 1662 2257 1716 duo
2287 1663 2397 1716 sint
2422 1664 2518 1716 dii.
2541 1664 2676 1718 Cum
2708 1666 2869 1735 igitur
2899 1676 2952 1720 et
2984 1670 3081 1735 ipsi
3111 1670 3243 1723 duos
3272 1669 3414 1724 Deos

1789 1760 1932 1815 enim
1970 1771 2056 1811 me
2089 1766 2265 1809 tecum
2294 1756 2512 1824 nugari,
2547 1771 2668 1810 cum
2705 1759 2808 1811 ista
2894 1769 2947 1811 tu
2992 1776 3137 1813 nunc
3176 1748 3413 1817 absurda

1905 1943 1992 1997 IX.
2024 1941 2162 1996 Tum
2205 1940 2439 1995 Aeacius
2483 1959 2496 1994 :
2536 1939 2648 2011 Ego
2688 1946 2873 2006 credo.
2919 1958 2971 1997 et
3028 1945 3081 1999 in
3120 1944 3269 2013 Jesu,
3318 1948 3410 2018 qui

1833 2039 1935 2091 sub
1968 2037 2159 2090 Pontio
2200 2034 2373 2087 Pilato
2404 2034 2699 2090 cruciﬁxus
2725 2036 2846 2100 fuit,
2883 2051 3034 2105 spem
3084 2039 3280 2104 habeo,
3322 2040 3413 2097 fu-

1834 2140 2031 2187 lurutu,
2059 2139 2115 2180 ut
2147 2130 2277 2181 mihi
2308 2144 2405 2195 per
2430 2136 2676 2181 sanctum
2709 2128 2826 2197 ejus
2847 2130 3107 2197 Spiritum
3140 2138 3410 2189 sermonis

1830 2216 2059 2271 facultas
2086 2227 2433 2285 suggeratur,
2484 2232 2586 2282 qua
2622 2217 3031 2286 interi-agationi
3064 2232 3165 2274 tua:
3190 2236 3413 2288 respon-

1832 2309 1984 2369 dere,
2024 2318 2076 2361 et
2105 2308 2458 2376 qttwstionem
2514 2317 2660 2360 tuam
2697 2307 2972 2374 explicare
3019 2312 3245 2377 possim.
3289 2312 3408 2366 Non

1834 2398 2071 2465 vulgaris
2102 2396 2332 2466 quaestio
2363 2398 2477 2450 haec
2508 2408 2612 2458 est,
2647 2412 2813 2465 quare
2844 2415 2966 2452 cum
2998 2401 3135 2454 duos
3158 2404 3407 2457 nomine-

1834 2504 1976 2551 mus,
2014 2504 2177 2541 unum
2222 2488 2385 2540 Deum
2424 2505 2452 2540 a
2490 2490 2643 2542 nobis
2688 2490 2790 2543 coli
2849 2493 3221 2559 proliteamur.
3277 2494 3410 2549 Dico

1832 2578 1992 2646 igitur
2026 2579 2119 2633 tibi
2146 2589 2201 2632 et
2225 2577 2491 2649 Spiritum
2524 2596 2779 2635 sanctum
2805 2599 2834 2636 a
2867 2583 3028 2639 Patre
3054 2595 3107 2639 et
3130 2584 3267 2639 Filio
3284 2602 3411 2641 esse

1833 2671 2277 2739 inseparabilem,
2340 2688 2404 2725 ac
2454 2683 2563 2727 tres
2604 2677 2822 2743 quidem
2881 2692 3143 2745 personas
3196 2694 3316 2734 esse
3352 2681 3405 2734 itt

1832 2765 2003 2819 tribus
2076 2764 2552 2833 appellationibus,
2612 2768 2705 2821 sed
2766 2783 2928 2821 uuam
2980 2779 3161 2823 tamen
3213 2770 3406 2825 horum

1833 2857 2111 2910 nominum
2178 2859 2474 2925 potentiam
2523 2874 2645 2913 esse
2704 2875 2768 2915 ac
2807 2860 3163 2918 divinitatem.
3229 2862 3408 2918 Unum

1829 2958 2007 2999 autem
2043 2948 2274 3003 dicimus
2332 2948 2521 3017 Deum,
2586 2950 2876 3005 habentem
2922 2962 2975 3006 et
3025 2953 3282 3020 Verbum,
3352 2964 3410 3011 et

1833 3037 2094 3108 Spiritum
2152 3052 2428 3095 sanctum.
2493 3044 2963 3099 Absurdissimum
3040 3048 3183 3099 enim
3235 3058 3407 3115 esset,

1834 3130 1999 3185 Deum
2036 3131 2151 3185 sine
2205 3130 2405 3198 Verbo,
2447 3143 2501 3187 et
2553 3134 2674 3189 sine
2726 3136 2873 3189 vitali
2932 3136 3135 3207 Spiritu
3202 3139 3406 3195 dicere.

1832 3220 1997 3290 quue
2032 3224 2283 3294 exemplo
2335 3226 2431 3279 tibi
2463 3229 2770 3300 ostendam,
2809 3231 2872 3282 ad
2910 3230 3048 3285 hanc
3080 3232 3249 3299 ipsam
3289 3248 3404 3287 rem

146 3314 284 3381 λέγω,
317 3316 455 3367 ἀλλὰ
488 3320 591 3367 καί
625 3314 806 3382 κρίσει
842 3314 1051 3382 μείζονι
1092 3309 1480 3380 ὑποκείμενον,
1516 3309 1629 3379 ἔχει
1664 3311 1720 3363 δὲ

1829 3314 2205 3382 explicandam
2256 3320 2694 3384 accommodato,
2732 3330 3003 3388 quatenus
3039 3322 3289 3378 humanae
3326 3324 3407 3380 l’a-

149 3408 239 3456 υἱὸν
269 3408 358 3457 καὶ
405 3406 665 3471 λέγεται,
701 3405 749 3453 εἰ
803 3403 979 3472 τύχοι,
1012 3396 1167 3464 οὗτος
1202 3401 1565 3467 Μαξιμιανὸς,
1604 3402 1631 3453 ὁ
1665 3400 1724 3453 δὲ

148 3498 240 3557 uti;
262 3496 421 3548 αὑτοῦ
458 3494 799 3558 Μαξέντιος,
837 3497 931 3547 καὶ
955 3496 1062 3546 εἰσι
1085 3493 1179 3545 δύο
1212 3494 1308 3561 μὲν
1362 3494 1655 3563 πρόσωπα,
1690 3495 1722 3564 ἡ

144 3589 354 3655 δὲφύσις
388 3588 607 3648 αὐτῶν,
642 3583 791 3636 τοῦτ’
828 3586 976 3636 ἔστιν
1016 3586 1115 3651 τῆς
1151 3585 1598 3654 άνΟρωπότητοςι
1629 3588 1725 3655 μία

145 3682 275 3749 καὶὴ
324 3679 595 3751 βασιλεία
651 3677 751 3744 μία
788 3679 881 3728 καὶ
916 3678 1223 3746 ἀδιαίρετος
1255 3677 1350 3728 τοῦ
1394 3679 1601 3747 πατρὸς
1634 3682 1727 3731 καὶ

145 3774 220 3825 τοῦ
258 3776 398 3827 υἱοῦ·
444 3773 687 3843 τιμᾶται
718 3769 828 3842 γὰρ
862 3772 888 3823 ὁ
918 3772 1031 3833 υἱὸς
1057 3771 1145 3823 διὰ
1176 3770 1267 3825 τὸν
1295 3771 1530 3841 πατέρα,
1566 3771 1660 3824 καὶ
1693 3774 1722 3825 ό

145 3866 302 3934 πατὴρ
343 3864 433 3917 διὰ
494 3865 596 3915 τὸν
626 3863 745 3915 υἱόν
769 3877 784 3890 ·
820 3861 911 3913 τὸν
963 3862 1127 3915 αὑτὸν
1170 3861 1234 3933 δὴ
1270 3864 1471 3932 τρόπον
1505 3865 1597 3915 καὶ
1627 3862 1723 3916 ἐπὶ

145 3955 219 4004 τοῦ
250 3956 378 4006 Θεοῦ
413 3957 511 4023 τῆς
547 3954 708 4013 θείας
734 3954 921 4013 οὐσίας
950 3954 1077 4021 μίας
1098 3952 1264 4020 οὔσης
1297 3956 1390 4005 καὶ
1420 3954 1719 4023 άτρέπτου,

146 4043 257 4099 Θεοῦ
288 4064 344 4101 τε
426 4047 527 4100 καὶ
574 4042 671 4096 τοῦ
704 4045 879 4111 Λόγου
910 4043 1098 4109 αὐτοῦ,
1135 4044 1229 4097 καὶ
1276 4044 1369 4096 τοῦ
1404 4047 1725 4114 Πνεύματος

147 4142 287 4194 αἰτοῦ
308 4142 401 4195 τοῦ
432 4141 601 4209 ἁγίου
627 4156 640 4171 ·
678 4132 759 4203 εἷς
793 4139 886 4191 καὶ
916 4137 1123 4208 ἀληθὴς
1161 4136 1293 4200 Θεὸς
1328 4138 1356 4188 ὁ
1400 4140 1529 4207 παρ’
1564 4139 1723 4207 ἡμῶν

147 4233 639 4302 προσκυνούμενος.

1828 3406 2044 3460 cultatis
2068 3408 2307 3462 conditio
2334 3410 2559 3476 patitur.
2592 3413 3056 3477 Quemadmodum
3088 3413 3405 3483 imperator,

1827 3498 1918 3568 qui
1952 3514 2094 3554 nunc
2118 3508 2225 3563 est,
2260 3516 2419 3569 quem
2447 3512 2500 3555 tu
2529 3503 2830 3569 dominum,
2858 3518 2957 3575 ego
2979 3520 3111 3560 vero
3134 3507 3405 3564 hominem

1828 3590 1975 3655 dico,
2008 3602 2062 3646 et
2112 3593 2305 3661 majori
2337 3593 2544 3661 judicio
2604 3596 2931 3664 subjectum,
2985 3607 3041 3651 et
3092 3600 3234 3654 illius
3286 3601 3407 3668 ejus

1829 3682 2087 3749 (quorum
2138 3685 2227 3749 qui
2260 3694 2414 3748 pater
2456 3696 2561 3747 εει,
2602 3684 2967 3743 Maximianus
2995 3689 3212 3753 dicitur,
3268 3692 3410 3747 illius

1830 3782 2007 3825 autem
2045 3771 2349 3827 Maxentius
2376 3775 2702 3847 appellatur)
2750 3778 2855 3831 duo
2891 3780 3108 3847 quidem
3148 3782 3221 3836 illi
3255 3794 3404 3845 sunt,

1816 3870 1906 3919 sed
1934 3865 2171 3934 ipsorum
2198 3877 2374 3920 tamen
2403 3878 2627 3933 naturae,
2662 3869 2931 3935 humanae,
2956 3872 3195 3940 inquam,
3220 3876 3408 3928 condi-

1816 3957 1976 4010 tionis
2002 3958 2138 4009 ratio
2168 3973 2270 4009 una
2295 3968 2394 4022 est,
2431 3957 2823 4028 imperiumque
2845 3964 3016 4030 patris
3052 3974 3106 4017 et
3129 3967 3219 4019 lilii
3240 3983 3405 4020 unum

1818 4056 1873 4102 et
1904 4047 2301 4115 inseparabile;
2326 4047 2633 4103 honoratur
2653 4051 2864 4105 etenim
2892 4051 3031 4105 ﬁlius
3054 4071 3148 4122 per
3168 4062 3405 4123 patrem,

1820 4148 1875 4191 et
1901 4149 2055 4207 pater
2087 4154 2184 4208 per
2239 4140 2429 4194 (ilium.
2468 4139 2672 4198 Eodem
2719 4146 2877 4198 modo
2906 4155 2959 4200 et
2994 4146 3129 4200 Deus
3158 4151 3406 4204 conside-

1823 4240 1974 4283 ratur
2011 4247 2023 4282 :
2061 4246 2184 4284 nam
2229 4248 2351 4285 cum
2393 4236 2573 4287 divina
2616 4233 2821 4295 Patris,
2865 4235 3049 4301 Verbi,
3084 4248 3138 4291 et
3171 4240 3407 4308 Spiritus

150 4329 301 4387 sancti
362 4330 636 4390 essentia,
689 4341 795 4381 una
851 4326 1154 4397 eademque
1213 4324 1286 4379 sit
1336 4322 1719 4389 immutabilis,
1759 4335 2047 4393 propterea
2101 4341 2263 4390 unus,
2326 4334 2381 4379 et
2451 4341 2575 4382 vere
2608 4327 2749 4382 Deus
2780 4337 2885 4394 est,
2919 4330 3067 4399 quia
3104 4334 3261 4389 nobis
3314 4348 3408 4390 co-

147 4415 271 4473 litttr.

205 4508 253 4563 i'.
302 4511 359 4563 Ὀ
394 4512 677 4580 δικαστὴς
717 4506 905 4563 εἶπενο
946 4508 1210 4571 Πολλάκις
1246 4509 1341 4560 καὶ
1370 4510 1461 4559 ἐπὶ
1491 4509 1551 4560 τδ
1586 4526 1720 4579 προ·

1904 4502 1973 4556 Χ.
2006 4504 2087 4555 Ad
2119 4503 2234 4557 hac
2278 4505 2441 4573 judex
2496 4525 2509 4560 :
2549 4508 2722 4577 Smpe,
2784 4509 2981 4578 inquit,
3052 4523 3101 4565 te
3162 4515 3408 4571 hortatus

146 4601 371 4671 κείμενον
401 4602 544 4673 ἐμοῦ
586 4602 1047 4673 προτρεψαμένου
1075 4618 1155 4665 σε,
1185 4602 1251 4654 σὺ
1281 4602 1392 4663 τοῖς
1425 4600 1603 4667 λόγοις
1632 4618 1722 4651 σου

149 4692 329 4758 τούτοις
360 4698 472 4757 τοῖς
513 4692 694 4763 μηδὲν
733 4710 793 4744 σε
821 4693 1097 4761 ὠφελοῦσι
1142 4692 1471 4761 μεταϐαλεῖν
1501 4706 1566 4775 μς
1598 4690 1722 4759 βού-

146 4792 211 4837 λει
234 4802 245 4815 ’
278 4789 531 4857 πείσθητι
562 4785 665 4840 οὖν
694 4801 806 4853 μοι,
834 4785 927 4836 καὶ
951 4784 1137 4846 οῦσον,
1166 4785 1264 4835 καὶ
1304 4782 1570 4850 ὲπίγνωΟι
1598 4782 1723 4844 τοῦς

150 4876 410 4945 “tapeta;
436 4877 627 4939 Θεοῦς,
662 4874 728 4926 δι’
759 4870 852 4935 οὓς
899 4875 967 4923 τά
1003 4874 1186 4923 πάντα
1223 4872 1557 4939 συνέστηκεν
1579 4887 1592 4899 ·
1630 4872 1723 4922 ἐπὶ

148 4968 259 5020 πολὺ
290 4968 396 5035 γάρ
427 4986 525 5021 σου
559 4966 895 5035 ἐφεισάμην.
943 4965 1000 5016 Ὀ
1033 4963 1185 5031 ἅγιος
1249 4963 1499 5022 Ἀκάκιος
1536 4962 1719 5030 λέγει’

150 5059 221 5125 Μή
255 5079 314 5129 με
342 5060 582 5129 νομίσῃς
628 5056 821 5127 φόϐοις
875 5059 1100 5108 κτυπεῖν
1122 5073 1137 5085 ·
1168 5056 1311 5124 ἔχεις
1345 5053 1404 5104 τὸ
1433 5053 1589 5118 σῶμά
1622 5072 1721 5122 μου

151 5152 214 5211 εἰς
246 5156 518 5219 μάστιγας
549 5151 779 5215 ἕτοιμον
799 5163 811 5176 ⁸
847 5147 921 5209 ὡς
952 5147 1149 5216 βούλει,
1180 5145 1296 5215 χρῶ
1326 5145 1506 5214 αὐτῷ·
1550 5145 1640 5196 τὸν
1666 5146 1721 5197 δὲ

151 5239 382 5312 λογισμὸν
408 5244 511 5313 τῆς
535 5239 725 5311 ψυχῆς
757 5256 857 5307 μου
883 5238 1006 5291 οὗτε
1033 5238 1121 5301 σὺ,
1151 5236 1273 5290 οὒτε
1304 5239 1329 5288 ό
1364 5236 1721 5306 αὐτοκράτωρ

154 5349 251 5398 σου,
287 5335 408 5388 οὔτε
445 5339 479 5405 ἡ
548 5332 837 5400 παρουσία
888 5332 998 5383 τῶν
1046 5330 1317 5399 δαιμόνων
1370 5348 1462 5383 σου
1498 5331 1721 5382 δύναται

158 5428 471 5495 μετατρέψαι
510 5427 612 5477 ἐπὶ
650 5425 709 5475 τὸ
731 5420 937 5490 φαῦλόν
967 5439 1119 5475 ποτε.
1168 5422 1225 5473 ’0
1256 5422 1517 5489 δικαστὴς
1543 5418 1717 5473 εἶπεν

164 5514 296 5568 Ἐπεὶ
320 5516 409 5569 οὖν
444 5515 629 5577 οὕτως
660 5514 859 5584 βούλει,
898 5514 1109 5582 ἀνάγκη
1150 5530 1241 5583 μοι
1274 5514 1419 5563 πᾶσα
1454 5516 1532 5574 εἰς
1575 5514 1722 5564 αἰκισ-

160 5613 303 5673 σμοῦς
335 5611 591 5681 χωρῆσαι
623 5607 770 5659 κατὰ
800 5605 893 5659 σοῦ
925 5607 1019 5658 καὶ
1046 5606 1101 5658 τὸ
1132 5606 1456 5674 πρόσταγμα
1489 5604 1723 5672 2651::-

159 5695 285 5751 λικὸν
323 5702 622 5773 πληρῶσαι
650 5712 664 5726 ·
697 5698 963 5750 ἀδύνατον
998 5698 1104 5765 γάρ
1138 5712 1195 5746 σε
1225 5696 1451 5765 τοιαύτῃ
1480 5693 1721 5757 ἐξετάσει

160 5789 500 5861 ὑποπεσόντα,
558 5788 925 5860 ἀναχωρῆσαι
958 5788 1127 5851 οὕτως
1180 5788 1593 5853 καταπαίξσιντα
1626 5788 1719 5840 τοῦ

1831 4612 1972 4661 sum,
2008 4609 2063 4650 ut
2096 4598 2159 4650 ad
2195 4614 2306 4651 rem
2346 4603 2677 4668 propositam
2712 4603 2925 4671 redeas;
2968 4612 3019 4657 at
3054 4614 3109 4657 tu
3142 4606 3258 4659 istis
3302 4610 3408 4660 tuis

1830 4688 2172 4741 sermonibus
2238 4689 2435 4743 nullam
2514 4693 2607 4744 tibi
2672 4694 2959 4749 utilitatem
3029 4697 3406 4766 afferentibus,

1830 4781 2017 4834 studes
2042 4796 2125 4833 me
2153 4796 2179 4831 a
2219 4783 2497 4850 proposito
2534 4784 2821 4840 abducere.
2878 4788 2985 4842 Fac
3022 4788 3205 4858 igitur,
3263 4794 3407 4858 quod

1830 4871 1943 4940 ipse
1973 4874 2115 4936 dico,
2165 4882 2217 4927 et
2253 4876 2580 4929 sacrificium
2640 4878 2855 4943 oderas,
2911 4898 2973 4935 ac
3022 4883 3228 4950 patrios
3278 4883 3408 4937 deos

1828 4981 2115 5035 agnoscas,
2140 4984 2232 5035 per
2258 4983 2392 5036 quos
2417 4971 2593 5022 omnia
2629 4972 2742 5023 haec
2776 4975 3157 5029 caustitcruut.
3190 4976 3404 5034 Diutius

1828 5060 1970 5111 enim
1999 5059 2090 5112 tibi
2116 5060 2350 5127 peperci.
2379 5058 2477 5113 Cui
2503 5062 2734 5118 Aeacius
2761 5080 2773 5115 :
2805 5064 2879 5119 Ne
2906 5077 3079 5133 putes,
3107 5071 3406 5127 terroribus

1829 5147 1950 5201 istis
1985 5166 2067 5199 me
2107 5149 2415 5217 perculsum
2454 5150 2539 5203 iri.
2583 5152 2659 5203 Eu
2710 5154 2875 5207 habes
2902 5170 3097 5223 corpus
3124 5172 3303 5211 meum
3336 5160 3403 5213 ad

1829 5238 2036 5308 ﬂagella
2097 5240 2413 5307 excipienda
2471 5242 2928 5308 paratissimum;
2988 5256 3141 5298 utere
3187 5246 3299 5311 illo,
3348 5258 3405 5301 ut

1830 5328 1958 5382 libet
1989 5349 2000 5382 :
2035 5344 2267 5381 mentem
2299 5344 2423 5383 vero
2449 5342 2500 5384 et
2528 5332 2691 5383 animi
2730 5335 2828 5384 mei
2866 5336 3195 5403 propositum
3229 5353 3404 5406 neque

1832 5432 1906 5485 tu,
1940 5437 2113 5489 neque
2145 5424 2436 5488 imperator
2468 5434 2609 5484 tuus,
2643 5437 2817 5492 neque
2850 5426 3147 5478 dat-tuonum
3185 5438 3400 5482 tuorum

1828 5516 2113 5580 priusmtia
2152 5529 2383 5582 unquam
2419 5513 2745 5581 pervertere,
2779 5528 2829 5571 et
2871 5519 2932 5568 ad
2958 5518 3137 5574 scelus
3162 5522 3401 5589 cumpri-

1829 5604 1936 5658 lcrc
1973 5606 2190 5671 poterit.
2236 5606 2385 5659 Tunc
2419 5607 2490 5659 illi
2538 5608 2701 5676 jude‘t
2742 5628 2752 5661 :
2796 5608 2958 5678 Ergo,
2998 5616 3210 5679 quando
3244 5624 3295 5664 ttt
3330 5615 3401 5665 ita

1828 5698 1929 5758 vis,
1968 5696 2187 5749 omnino
2225 5712 2440 5750 necesse
2468 5709 2547 5751 est
2581 5700 2899 5753 verberibus
2934 5716 2994 5753 ac
3031 5702 3317 5755 tarmeutis
3348 5713 3398 5755 te

1828 5789 2115 5856 subjicere,
2178 5800 2230 5844 et
2284 5789 2630 5860 imperatoris
2670 5794 2901 5848 edictum
2957 5795 3199 5864 exsequi.
3262 5795 3393 5848 Nam
