3966 6430
533 359 637 421 221

1861 357 2143 417 HENSIS
2183 357 2451 417 MAIUS.

3703 352 3809 418 228

535 472 651 525 ﬁeri
714 486 815 524 non
853 480 1052 540 potest,
1079 483 1132 523 ut
1195 475 1284 524 tali
1345 470 1630 539 quaestioni
1693 470 1988 534 subjectus,
2029 469 2108 521 sic

2233 466 2601 533 ῖικαστηρίου.
2638 467 2747 518 Καὶ
2781 467 3055 535 θυμωθεὶς
3091 470 3119 520 ὁ
3145 467 3326 537 ἄρχων
3358 467 3494 538 πρὸς
3528 466 3628 536 τὴν
3651 467 3808 531 τάξιν

534 564 748 626 redeas,
807 560 1073 631 judicium
1131 573 1373 614 nostrum
1414 560 1665 612 illudens.
1723 558 1874 611 Tunc
1907 571 2113 625 prmses

535 657 715 706 furore
747 655 1003 722 percitus,
1038 664 1091 707 et
1116 656 1393 707 cohortem
1424 651 1655 705 affatus:
1686 650 1879 719 Figite,
1910 651 2107 716 inquit.

532 756 767 811 quatuor
797 755 998 805 vectes,
1023 756 1078 798 et
1103 746 1154 797 in
1197 746 1301 797 illis
1336 745 1590 799 Acacium
1624 744 1864 812 alligaie,
1897 744 2103 795 crudis-

534 852 637 903 que
668 840 850 891 nervis
880 838 1054 907 ipsius
1105 848 1253 905 terga
1302 847 1356 889 et
1389 847 1634 890 ventrem
1694 836 2000 894 verberate,
2056 844 2113 885 ut

534 930 711 981 discat
764 930 889 981 talia
933 943 1041 980 non
1104 930 1313 996 nugari,
1363 943 1539 995 neque
1599 937 1749 995 putet
1794 942 1851 978 se
1907 924 2109 988 aliquid

533 1022 854 1082 seire,cum
908 1022 1039 1074 nihil
1095 1022 1251 1074 sciat.
1292 1020 1581 1073 Videamus
1640 1034 1707 1070 an
1763 1018 1929 1085 ipsius
1982 1016 2119 1067 Deus

534 1114 795 1165 auxilium
834 1113 880 1166 ei
920 1112 1132 1173 afferat,
1204 1114 1428 1181 ejusque
1478 1125 1631 1163 mens
1687 1125 1747 1162 ac
1784 1120 2115 1176 proposumu

535 1218 693 1271 quam
736 1204 947 1256 ﬁrmum
979 1216 1032 1257 et
1074 1203 1413 1261 immutabile
1452 1203 1543 1265 sit,
1582 1202 1948 1267 experiamur.
1981 1199 2112 1252 Cum

536 1298 697 1362 igitur
765 1298 996 1350 Aeacius
1026 1297 1079 1348 in
1117 1296 1221 1348 illis
1275 1295 1515 1348 vectibus
1548 1296 1797 1363 alligatus
1845 1304 2013 1354 esset,
2057 1300 2111 1343 et

2217 560 2406 624 λέγει’
2464 561 2677 628 Πήξατε
2710 561 2988 630 τέσσαρας
3044 562 3250 623 πάλους
3279 561 3338 613 ὲν
3361 563 3426 629 τῇ
3454 564 3523 630 γῇ
3561 563 3656 613 καὶ
3692 563 3815 613 ἐκεῖ

2216 653 2542 720 ἐνδήσαντες
2607 654 2792 716 αὑτὸν,
2846 670 3060 721 νεύροις
3097 653 3270 721 ὠμοῖς
3320 654 3603 722 χρήσασθε
3657 653 3811 723 αὐτῷ

2215 745 2338 796 καθ’
2370 746 2610 813 ἑκάτερα
2647 745 2786 813 μέρη
2820 744 2989 796 νώτου
3019 746 3111 796 καὶ
3140 744 3371 807 κοιλίας,
3415 746 3503 796 ἴνα
3553 747 3702 816 μάθῃ
3738 746 3816 815 μὴ

2218 835 2480 901 φλυαρεῖν
2507 832 2741 885 τοσαῦτα
2774 836 2867 885 καὶ
2900 836 3143 902 νομίζειν
3176 835 3376 887 εἰδέναι
3400 852 3471 895 τι,
3503 834 3669 903 μηδὲν
3690 838 3815 886 ἐπι-

2217 927 2503 993 στάμενος.
2536 924 2793 986 Δεθὲντος
2816 926 2871 977 δὲ
2903 926 3070 977 αὑτοῦ
3098 929 3153 976 ὲν
3176 929 3288 988 τοῖς
3316 928 3583 995 τέσσαρσι
3619 926 3816 989 πάλοις

2223 1020 2313 1069 xa‘i
2349 1016 2751 1083 μαστιζομὲνου
2788 1018 3035 1083 σφοδρῶς
3085 1020 3207 1070 καθ’
3236 1020 3481 1086 ἑκάτερα
3536 1021 3681 1087 μέρη
3716 1020 3816 1070 τοῦ

2220 1110 2494 1177 σώματος,
2523 1109 2661 1175 αὕτη
2694 1110 2830 1179 μόνη
2858 1109 3075 1176 ἐγένετο
3106 1108 3236 1178 παρ’
3277 1109 3442 1160 αὐτοῦ
3474 1110 3627 1173 φωνή
3656 1109 3677 1130 ⁸
3706 1111 3819 1178 ’¹η”

2221 1199 2314 1250 οοῦ
2355 1200 2579 1267 Χριστὲ,
2642 1198 2829 1268 βοήθει
2877 1217 2988 1266 μοι,
3025 1198 3103 1267 τῷ
3160 1198 3408 1252 ταπεινιῖι
3461 1198 3634 1266 δούλῳ
3682 1200 3817 1250 σουέ

2221 1289 2413 1357 Κύριε,
2450 1291 2520 1357 μή
2557 1308 2622 1359 με
2657 1291 3094 1360 ὲγκαταλείπῃςί

534 1390 651 1456 ejus
714 1401 863 1459 terga
924 1392 1163 1459 undique
1219 1391 1674 1451 verberarentur,
1732 1390 1873 1440 hanc
1940 1388 2108 1439 solam
2188 1400 2371 1438 vocem
2433 1385 2519 1437 ille
2568 1388 2850 1438 emittebat
2896 1402 2908 1437 :
2950 1384 3187 1448 ChriSte,
3245 1398 3399 1453 opem
3452 1386 3597 1441 feras
3684 1382 3824 1437 mihi

538 1482 725 1536 humili
763 1498 919 1537 servo
961 1492 1052 1536 tuo
1084 1500 1097 1541 :
1134 1483 1355 1535 Domine
1387 1481 1549 1543 Deus,
1618 1494 1686 1533 ne
1738 1493 1824 1532 me
1881 1478 2248 1546 derelinquas.

603 1575 693 1629 XI.
730 1575 861 1629 Cum
889 1590 1018 1627 vero
1052 1589 1146 1627 sex
1183 1573 1475 1625 carniﬁces
1518 1572 1755 1624 vicissim
1802 1571 1948 1623 illum
1985 1585 2108 1620 ver-

536 1666 812 1729 berareut,
845 1678 898 1719 et
932 1668 1050 1735 ejus
1084 1668 1310 1735 sanguis
1350 1666 1402 1718 in
1443 1674 1639 1716 terram
1669 1664 1879 1717 abunde
1912 1661 2111 1715 diﬂ‘un-

537 1756 777 1818 deretur,
821 1764 1099 1823 totumque
1143 1769 1343 1821 corpus
1380 1755 1692 1809 vulneribus
1747 1752 2112 1806 acerbissimis

2296 1564 2397 1619 IA'.
2426 1567 2535 1618 Καὶ
2569 1566 2914 1633 άλλαγέντων
2942 1568 3029 1620 ἐπ’
3064 1567 3215 1637 αὐτῷ
3241 1569 3299 1631 ἒξ
3338 1570 3552 1639 δημίων
3584 1570 3693 1622 τῶν
3722 1570 3824 1623 καὶ

2218 1661 2534 1722 τυπτόντων
2590 1660 2772 1721 αὐτὸν,
2827 1662 2921 1712 καὶ
2955 1660 3048 1711 τοῦ
3102 1661 3336 1729 αἵματος
3376 1661 3544 1714 αὐτοῦ
3579 1664 3677 1731 τὴν
3709 1663 3821 1731 γῆν

2220 1749 2645 1818 πληρώσαντος,
2688 1749 2784 1801 καὶ
2814 1750 2934 1801 ὅλου
2956 1750 3047 1802 τοῦ
3078 1752 3326 1818 σώματος
3348 1752 3511 1804 αὑτοῦ
3560 1755 3827 1821 χαλεπῶς

540 1845 796 1899 laniatum
835 1856 1000 1909 esset,
1053 1847 1215 1914 jndex
1277 1851 1391 1915 ipse
1448 1863 1569 1900 cum
1606 1846 1943 1899 miserabiles
1997 1844 2115 1897 illas

2233 1841 2569 1903 διατεθέντος
2629 1844 2741 1903 τοῖς
2781 1841 3115 1910 τραύμασιν,
3176 1846 3202 1893 ὀ
3262 1845 3523 1914 δικαστὴς
3563 1845 3707 1913 ὁρῶν
3760 1844 3826 1895 τὸ

539 1937 722 2007 plagas
758 1937 985 1999 videret,
1020 1949 1074 1991 et
1113 1943 1371 2008 martyris
1402 1947 1637 1991 mentem
1676 1952 1739 1989 ae
1789 1937 2116 1989 voluntatem

539 2039 880 2083 constantem
916 2038 1080 2098 atque
1126 2029 1455 2083 immobilem
1482 2044 1604 2083 esse
1626 2030 2117 2082 animadverteret:

538 2119 700 2186 Num,
756 2123 952 2190 inquit,
987 2138 1129 2177 nunc
1166 2122 1543 2177 sacriﬁcahis?
1577 2120 1724 2175 Itane
1780 2122 1946 2175 miser
1991 2120 2119 2183 dici,

537 2224 700 2285 quam
735 2217 942 2269 amicus
979 2217 1369 2285 imperatorum
1404 2232 1524 2271 esse
1556 2217 1789 2269 maluisti
1818 2216 1841 2266 ?
1875 2216 1954 2267 Ad
2004 2217 2118 2268 hmc

537 2308 675 2362 dixit
708 2309 945 2364 Aeacius
979 2328 994 2365 :
1034 2309 1388 2378 Neqiiaquaiu
1450 2326 1550 2379 ego
1596 2309 1849 2361 sacriﬁco
1893 2326 1906 2361 :
1949 2309 2122 2363 habeo

538 2400 681 2453 enim
714 2398 997 2454 Dominum
1040 2417 1216 2453 meum
1267 2398 1452 2454 Jesuin
1486 2401 1764 2455 Christum
1797 2414 1951 2468 opem
1989 2400 2119 2454 mihi

540 2492 844 2558 ferentem;
884 2495 1064 2562 itaque
1104 2494 1223 2546 istis
1256 2494 1365 2546 tuis
1399 2494 1727 2547 cruciatibus
1758 2494 2116 2548 robustiorem

539 2601 600 2643 ac
633 2588 1020 2653 promptiorem
1059 2602 1141 2639 me
1173 2586 1475 2640 reddidisti.
1510 2587 1787 2641 Hactenus
1820 2588 1964 2638 enim
2000 2595 2115 2638 tor-

540 2690 849 2735 mentorum
891 2680 1251 2745 exspectatio,
1288 2680 1463 2745 aliqua
1490 2694 1553 2731 ex
1587 2687 1740 2746 parte
1766 2678 2122 2745 cogitationes

540 2781 689 2819 meas
723 2768 1075 2835 perturbabat
1110 2787 1122 2820 :
1154 2784 1277 2821 eum
1310 2784 1438 2821 vero
1489 2771 1572 2820 vis
1608 2769 1754 2819 illata
1787 2778 1891 2827 eSt,
1923 2780 1972 2819 et
2010 2768 2122 2821 hrec

543 2860 653 2927 pati
717 2862 880 2927 ccepi,
916 2875 1013 2927 per
1062 2857 1246 2911 Jesum
1301 2857 1579 2913 Christum
1649 2858 1777 2911 mihi
1832 2859 2120 2927 potentiam

542 2961 948 3018 suggerenrem,
979 2951 1387 3005 robustissimus
1418 2950 1591 3004 factus
1621 2966 1761 3010 sum,
1783 2948 1915 3003 etad
1943 2950 2121 3002 omnia

545 3049 813 3093 tormenta
849 3042 1196 3109 suscipienda
1236 3041 1636 3110 paratissimus.
1677 3041 1787 3093 Deo
1840 3042 1957 3107 ipso
2006 3040 2123 3091 sine

542 3132 881 3185 dubitatione
944 3132 1118 3198 aliqua
1174 3133 1432 3186 conlisus.
1503 3131 1638 3183 Tum
1701 3132 1869 3202 judex
1928 3149 1941 3184 :
1992 3130 2118 3194 Ista,

2225 1934 2396 1995 πάθος
2437 1932 2669 1984 ἐλεεινὸν
2701 1935 3072 2003 γεγενημένον
3129 1936 3224 1987 καὶ
3278 1939 3369 1987 τὸν
3423 1936 3687 2005 λογισμὸν
3719 1936 3821 1989 τοῦ

2223 2027 2508 2095 μάρτυρος
2567 2027 2975 2095 ἀμετακίνητον
3014 2028 3163 2091 ὄντα,
3215 2027 3365 2094 λέγει
3426 2031 3561 2093 πρὸς
3602 2028 3817 2080 αὐτόν·

2220 2118 2401 2179 Θύεις,
2440 2117 2686 2182 Ἀκάκιε,
2749 2118 2781 2185 ἥ
2825 2118 3009 2186 ἀκμὴν
3058 2120 3399 2185 άντιλέγεις;
3438 2119 3500 2169 σὺ
3550 2120 3656 2185 γάρ
3698 2120 3823 2187 ἥλω

2224 2208 2410 2269 ἄθλιος
2462 2208 2663 2275 μᾶλλον
2707 2209 2941 2273 φανῆναι
2977 2209 3008 2277 ἦ
3056 2209 3203 2275 φίλος
3234 2209 3488 2276 γενέσθαι
3518 2211 3625 2261 τῶν
3662 2211 3825 2279 βασι-

2221 2298 2379 2350 λέων.
2423 2298 2481 2349 Ὀ
2518 2298 2673 2364 ἅγιος
2725 2298 2980 2360 Ἀκάκιος
3013 2298 3196 2364 λέγει·
3242 2302 3315 2352 02'.
3362 2301 3475 2353 θύω
3501 2300 3667 2354 ποτέ·
3703 2300 3824 2371 ἔχω

2222 2394 2329 2461 γάρ
2353 2392 2445 2442 τὸν
2477 2391 2681 2461 Κύριον
2722 2409 2823 2460 μου
2864 2390 3072 2457 Ἰησοῦν
3102 2391 3341 2459 Χριστὸν
3380 2393 3472 2443 τὸν
3506 2393 3825 2461 βοηθοῦντά

2226 2499 2319 2551 μοι
2357 2482 2476 2534 άεί·
2501 2484 2599 2552 ἐμὲ
2632 2483 2741 2552 γάρ
2783 2485 2846 2536 ἐκ
2877 2483 2987 2535 τῶν
3019 2484 3270 2552 βασάνων
3307 2500 3399 2535 σου
3430 2483 3636 2535 τούτων
3664 2485 3827 2553 ισχυ-

2225 2571 2467 2642 ρώτερον
2532 2573 2733 2642 μᾶλλον
2783 2575 2876 2624 καὶ
2924 2574 3369 2641 θαρσαλεώτερον
3424 2575 3775 2637 κατέστησας
3807 2591 3823 2606 ⁸

2222 2663 2326 2724 ἓως
2355 2669 2460 2732 γάρ
2491 2665 2615 2731 ἄρτι
2646 2667 2679 2731 ἡ
2714 2667 3012 2731 προσδοκία
3042 2669 3149 2717 τῶν
3194 2666 3386 2717 δεινῶν
3427 2668 3533 2717 κᾶν
3557 2669 3619 2717 ὲν
3654 2670 3824 2736 μέρει

2222 2756 2309 2806 τὸν
2338 2756 2601 2822 λογισμόν
2663 2774 2764 2825 μου
2812 2758 3139 2824 ἐτάραττεν,
3182 2758 3452 2825 γενομένη
3503 2758 3559 2808 δὲ
3589 2758 3620 2827 ή
3647 2762 3828 2829 πεῖρα

2222 2847 2314 2898 τοῦ
2350 2848 2558 2909 πάθους
2584 2848 2675 2899 καὶ
2726 2848 3012 2917 ἐνεχθεῖσα
3065 2848 3153 2900 διὰ
3184 2850 3274 2901 τὸν
3312 2849 3722 2919 ἐνδυναμοῦντά
3752 2870 3827 2920 με

2226 2940 2431 3009 Κύριον
2503 2941 2715 3009 Ἰησοῦν
2758 2943 3014 3008 Χριστὸν,
3071 2941 3281 3011 σφόδρα
3316 2959 3382 3010 με
3414 2942 3829 3007 γενναιώτατον

2225 3035 2482 3102 ἐποίησεν
2526 3033 2660 3100 πρὸς
2710 3036 2892 3085 πᾶσαν
2926 3036 3201 3101 τιμωρίαν
3255 3037 3631 3087 πιστεύσαντα
3661 3035 3829 3086 a621-

2228 3128 2430 3193 κρίτως
2488 3124 2565 3193 τῷ
2600 3125 2742 3194 Θεῷ.
2789 3124 2847 3176 '0
2883 3125 3145 3194 δικαστὴς
3196 3123 3352 3177 εἶπεν
3389 3131 3408 3147 ⁸
3462 3126 3683 3193 Ἐπειδὴ
3722 3128 3831 3189 τὰς

543 3223 744 3289 inquit,
779 3220 942 3283 dicis,
978 3222 1235 3290 quoniam
1293 3222 1497 3288 majora
1548 3227 1818 3275 tormenta
1873 3223 1966 3275 tibi
2016 3238 2118 3275 non

2233 3215 2482 3282 μείζονάς
2543 3231 2623 3265 σοι
2675 3215 2950 3284 τιμωρίας
2992 3215 3253 3266 οὐδέποτε
3305 3217 3610 3285 ἐπήγαγον,
3642 3215 3829 3268 ταῦτα.

544 3315 724 3368 intuli.
776 3315 881 3369 Sed
911 3330 1013 3383 ego
1054 3317 1415 3367 temeritatem
1468 3315 1625 3367 istam
1668 3325 1810 3367 tuam
1847 3314 2119 3380 dejiciant.

542 3408 620 3458 Eo
652 3409 819 3465 enim,
852 3408 995 3474 quod
1039 3407 1305 3461 haetenus
1341 3407 1434 3459 tibi
1472 3409 1709 3475 peperci,
1757 3410 2038 3470 audacem,
2066 3417 2124 3461 ut

545 3497 705 3559 dicis.
746 3508 797 3550 te
838 3498 1068 3552 reddidi.
1106 3498 1203 3551 Cui
1229 3499 1460 3553 Aeacius
1495 3498 1637 3555 :Fac
1666 3501 1948 3553 celerrime
1972 3500 2124 3566 quid.

544 3589 670 3655 quid
711 3590 809 3642 vis.
845 3588 992 3653 Quos
1024 3591 1166 3641 enim
1199 3591 1481 3642 cruciatus
1515 3592 1643 3642 mihi
1678 3589 1871 3642 aﬂ'erre
1895 3590 2122 3660 cogitas,

548 3679 625 3732 illi
678 3678 969 3733 utilitatem
1014 3679 1146 3733 mihi
1184 3678 1409 3733 aﬁ‘erent
1452 3696 1465 3733 :
1515 3691 1568 3733 et
1609 3698 1715 3749 quo
1766 3682 1967 3751 majora
2016 3693 2125 3735 tor-

547 3781 729 3825 menta
775 3772 1082 3836 adhibebis,
1122 3788 1185 3826 eo
1216 3772 1477 3841 majorem
1513 3772 1725 3826 Domini
1764 3776 1866 3825 mei
1896 3774 2125 3841 gratiam

549 3862 754 3915 invitus
804 3861 938 3915 mihi
970 3864 1310 3915 conciliabis.
1344 3862 1488 3923 Haec,
1528 3864 1701 3932 inquit
1724 3865 1909 3932 judex,
1938 3864 2122 3933 loque-

550 3954 645 4017 ris,
671 3953 931 4020 quoniam
961 3967 1164 4020 corpus
1194 3962 1342 4005 tuum
1373 3956 1608 4010 nondum
1637 3957 1956 4009 verberibus
1984 3958 2125 4009 lace-

550 4056 727 4096 ratum
764 4056 870 4097 est.
927 4044 1063 4098 Tum
1126 4048 1361 4101 Aeacius
1412 4045 1576 4105 :Jam
1626 4049 1758 4109 dixi,
1805 4060 1864 4099 ut
1896 4048 2122 4111 faceres,

550 4136 809 4204 quidquid
835 4136 934 4198 vis,
957 4151 1061 4187 non
1081 4137 1224 4188 enim
1258 4138 1483 4206 impuris
1505 4139 1835 4191 daemonibus
1856 4140 2126 4203 sacriﬁco,

551 4238 725 4293 neque
762 4227 1023 4280 voluntati
1051 4237 1182 4287 tuac.
1210 4238 1303 4281 aut
1332 4229 1503 4297 patris
1550 4230 1623 4283 tui
1658 4229 1875 4283 Salaria:
1922 4246 2126 4283 morem

549 4328 699 4381 gero.
735 4313 828 4367 llis
856 4316 1078 4377 auditis,
1113 4318 1277 4382 judex
1310 4329 1615 4369 commotus
1637 4319 1774 4371 dixit
1803 4336 1816 4371 :
1854 4318 2130 4375 Plumbeis

551 4406 769 4458 laminis
798 4406 921 4474 ejus
978 4407 1228 4461 maxillas
1276 4410 1611 4471 contundite,
1671 4426 1737 4464 ne
1798 4414 1899 4466 iste
1946 4424 2129 4467 nostra

550 4498 803 4552 diuturna
852 4500 904 4550 in
934 4509 1056 4550 eum
1093 4501 1353 4566 patientia
1398 4502 1696 4552 temerario
1730 4502 1886 4554 modo
1942 4505 2131 4555 abuta-

552 4600 663 4643 tur.
694 4590 819 4642 Post
847 4591 959 4642 hiec
993 4593 1227 4644 Aeacius
1282 4608 1295 4643 :
1353 4592 1428 4643 En
1463 4591 1661 4645 factum
1698 4604 1799 4655 est,
1862 4596 2001 4661 quod
2043 4611 2132 4650 vo-

553 4681 721 4741 luisti,
744 4696 918 4749 neque
934 4683 1223 4752 quidquam
1252 4683 1483 4750 amplius
1509 4685 1784 4751 proiecisti
1813 4703 1828 4751 ;
1854 4704 1956 4740 non
1988 4690 2131 4741 enim

556 4774 709 4825 mala:
739 4786 885 4826 artes
915 4784 1018 4826 tuae
1055 4791 1229 4826 meam
1265 4778 1317 4826 in
1352 4776 1629 4827 Christum
1685 4780 2007 4830 charitatem
2040 4794 2134 4832 su-

556 4866 841 4930 perabunt.
876 4865 1154 4930 Sacrillca,
1191 4867 1367 4933 inquit
1395 4867 1585 4934 judex,
1618 4879 1667 4921 et
1705 4872 1773 4922 ab
1804 4870 2135 4924 imminenti-

560 4960 657 5010 bus
692 4961 913 5025 reliquis
971 4960 1256 5012 tormentis
1310 4960 1445 5012 liber
1482 4972 1624 5017 esto.
1661 4961 1957 5029 Respondit
2002 4965 2140 5015 Aca-

559 5050 677 5103 cius
725 5068 735 5102 :
774 5049 1056 5119 Nunquam
1088 5050 1168 5118 (ut
1193 5050 1326 5119 dixi)
1353 5053 1675 5106 sacriﬁcabo
1712 5071 1725 5107 :
1763 5065 1961 5106 tantum
1994 5055 2135 5106 enim

561 5144 907 5196 imminentes
956 5146 1232 5200 Cl‘UCiﬂiUS
1283 5148 1545 5215 despicio,
1598 5156 1860 5215 quantum
1902 5157 1956 5201 et
1988 5159 2141 5201 ante-

562 5238 814 5286 udnntcs
872 5252 973 5286 non
1017 5235 1227 5297 curavi,
1261 5236 1370 5290 Dco
1410 5237 1525 5304 ipso
1564 5238 1693 5290 mihi
1743 5239 1953 5292 animos
2013 5255 2138 5308 sug-

564 5335 806 5393 gerente.

635 5504 746 5557 Xll.
780 5506 859 5557 Ad
893 5505 1008 5558 hmo
1033 5503 1195 5573 judex
1234 5521 1245 5554 τ
1282 5507 1580 5568 Quomodo,
1618 5508 1814 5573 inquit,
1870 5518 1923 5560 tu
1985 5510 2143 5562 miles

570 5600 731 5666 atque
758 5598 1069 5661 illiteratus,
1111 5600 1181 5650 ita
1226 5614 1441 5654 causam
1478 5615 1624 5656 tuam
1662 5602 1812 5669 agis?
1842 5600 1944 5655 Cui
2004 5603 2143 5654 Aca-

570 5707 684 5748 citis
718 5710 734 5747 :
771 5694 1002 5748 Putasne
1038 5696 1254 5764 propria
1294 5698 1487 5749 virtute
1526 5713 1621 5751 nos
1649 5697 1759 5749 haec
1785 5692 2147 5763 respondere?

578 5785 818 5854 Minime,
858 5789 1095 5856 inquam,
1134 5802 1231 5841 nos
1268 5804 1378 5845 race
1408 5789 1658 5855 facimus,
1687 5789 1781 5843 sed
1829 5787 2062 5857 locuples
2095 5798 2153 5841 et

2228 3307 2445 3373 λέγεις·
2486 3305 2596 3373 ἐγώ
2641 3322 2733 3357 σου
2771 3307 2828 3359 τὸ
2859 3306 3057 3376 θράσος
3094 3308 3346 3377 καθαιρῶ
3390 3309 3548 3371 τοῦτο
3572 3325 3586 3339 ο
3623 3307 3829 3375 φεισά-

2230 3415 2384 3466 μενο,
2421 3400 2529 3466 γάρ
2553 3416 2669 3459 σου,
2698 3398 2999 3468 θαρσαλέον
3034 3417 3114 3463 σε,
3143 3401 3219 3463 ὡς
3276 3402 3478 3469 λέγεις,
3514 3402 3825 3469 πεποίηκα.

2245 3486 2303 3540 Ὀ
2328 3488 2483 3555 ἅγιος
2523 3491 2778 3550 Ἀκάκιος
2806 3490 2991 3555 λέγει’
3034 3493 3181 3543 Ποίει
3212 3494 3301 3544 διὰ
3331 3494 3525 3563 τάχους
3559 3495 3586 3545 ὃ
3619 3493 3826 3557 θέλειςο

2226 3579 2291 3642 ἃς
2319 3598 2425 3650 γάρ
2456 3583 2699 3649 νομίζεις
2730 3583 3003 3651 βασάνους
3039 3600 3127 3652 μοι
3155 3584 3406 3651 ἐπάγειν,
3435 3586 3518 3647 εἰς
3548 3586 3829 3651 ὠφέλειάν

2230 3675 2332 3744 μού
2362 3676 2500 3727 εἰσιν
2522 3692 2534 3706 ·
2566 3679 2657 3729 καὶ
2684 3678 2808 3729 ὅσον
2828 3676 3086 3745 μείζονάς
3118 3694 3209 3745 μοι
3229 3679 3516 3747 ὲπιφέρεις
3542 3679 3827 3744 κολάσεις,

2227 3770 2482 3822 τοσοῦτον
2521 3774 2611 3821 καὶ
2645 3774 2707 3821 ἐν
2744 3772 2821 3838 τῷ
2866 3773 3053 3839 Κυρίῳ
3103 3774 3262 3839 χάριν
3311 3774 3459 3825 ἄκων
3492 3773 3715 3845 χαρίζῃ.
3764 3776 3831 3828 ὐ

2227 3861 2490 3933 δικαστὴς
2537 3864 2724 3930 λέγει·
2758 3864 2943 3915 Ταῦτα
2993 3865 3197 3928 λαλεῖς,
3253 3867 3501 3929 Ἀκάκιε,
3538 3868 3729 3937 ἐπειδὴ
3765 3870 3834 3922 τὸ

2231 3940 2392 4021 σῶμά
2420 3972 2514 4006 σου
2537 3954 2750 4006 οὐδέπω
2773 3952 3082 4021 κατεξάνθη
3105 3956 3218 4017 τοῖς
3243 3956 3547 4023 αἰκισμοῖς.
3582 3954 3640 4009 '0
3665 3955 3835 4021 ἅγιος

2242 4044 2500 4105 ’Λκάκιος
2534 4039 2692 4097 εἶπεν
2715 4062 2728 4075 ·
2770 4046 2879 4098 Καὶ
2901 4045 3005 4113 ήδη
3039 4061 3120 4095 σοι
3152 4045 3312 4113 ἔφην,
3347 4047 3439 4096 καὶ
3470 4044 3632 4096 πάλιν
3654 4046 3832 4114 λέγω,

2233 4137 2378 4188 ποίει
2415 4136 2443 4188 δ
2464 4136 2638 4199 θέλεις
2663 4154 2675 4167 ·
2708 4138 2766 4188 οὐ
2791 4136 2905 4188 θύω
2933 4138 3039 4207 γὰρ
3068 4137 3292 4204 δαίμοσι
3319 4137 3678 4205 ἀκαθάρτοις,
3697 4136 3835 4191 οὕτε

2236 4227 2343 4296 μὴν
2374 4229 2513 4280 ποιῶ
2546 4229 2607 4280 τὸ
2639 4228 2855 4299 θέλημά
2878 4246 2993 4294 σου,
3022 4230 3145 4281 οὐδὲ
3182 4231 3274 4281 τοῦ
3320 4232 3527 4295 πατρός
3572 4246 3689 4291 σου,
3725 4230 3834 4283 τοῦ

2234 4321 2471 4375 Σατανᾶ.
2509 4320 2567 4374 Ὀ
2593 4322 2857 4389 δικαστὴς
2882 4321 3035 4373 εἶπεν
3060 4338 3073 4351 ο
3099 4322 3346 4374 Θλάσατε
3375 4322 3542 4375 αὐτοῦ
3574 4323 3673 4384 τὰς
3707 4339 3834 4376 σια.

2232 4410 2413 4480 γῶνας
2434 4412 2731 4481 μολιϐδίσιν
2756 4452 2771 4477 ,
2798 4413 2884 4465 ἴνα
2910 4412 2985 4483 μὴ
3004 4414 3447 4485 άπαυθαδίζηται
3478 4418 3544 4485 τῇ
3575 4416 3836 4487 ἡμετέρᾳ

2236 4506 2325 4555 ἐπ’
2354 4505 2503 4574 αὐτῷ
2532 4506 2907 4578 μακροθυμίᾳ.
2958 4509 3066 4559 Καὶ
3097 4508 3291 4561 τούτου
3331 4511 3388 4559 ὲν
3416 4509 3570 4575 τάχει
3596 4512 3835 4577 γενομέ-

2239 4614 2354 4661 νου,
2391 4597 2592 4663 eligis;
2643 4600 2900 4661 Ἀκάκιος
2948 4595 3106 4651 εἶπεν
3136 4615 3150 4627 ⁸
3193 4600 3302 4651 Ἴδε
3336 4600 3431 4651 καὶ
3471 4602 3528 4651 ὲν
3582 4600 3759 4668 τούτῳ
3804 4602 3836 4654 ὃ

2239 4688 2483 4756 ἠθέλησα
2523 4731 2537 4753 ,
2563 4688 2849 4757 ἐποίησας,
2887 4688 3142 4757 τύραννε,
3178 4691 3271 4742 καὶ
3302 4691 3458 4743 οὐδὲν
3482 4690 3643 4741 πλέον
3675 4689 3839 4757 ὠφέ-

2238 4781 2446 4848 λησαςο
2502 4780 2563 4830 οὐ
2599 4780 2707 4848 γάρ
2744 4782 3063 4848 νικήσουσιν
3120 4785 3175 4836 αἱ
3209 4782 3565 4850 κακοτεχνίαι
3594 4797 3690 4832 σου
3725 4782 3839 4855 τὴν

2241 4874 2321 4932 εις
2348 4870 2589 4941 Χριστόν
2620 4889 2721 4939 μου
2751 4872 3000 4938 ἀγάπην.
3040 4873 3099 4924 '0
3130 4873 3392 4942 δικαστὴς
3424 4868 3607 4925 εἷπενο
3650 4872 3839 4929 Θῦσον

2240 4965 2426 5016 λοιπον
2462 4965 2556 5017 καὶ
2582 4964 2933 5034 ἀπαλλάγηθι
2975 4965 3084 5015 τῶν
3119 4965 3401 5032 μενουσῶν
3440 4982 3500 5016 σε
3545 4964 3836 5033 βασάνων.

2253 5055 2310 5109 Ὀ
2341 5057 2495 5122 ἆγιος
2564 5056 2819 5117 Ἀκάκιος
2869 5055 3059 5122 λέγει·
3121 5052 3289 5107 Εἶπον
3326 5073 3404 5108 σοι
3482 5055 3526 5108 ὦ
3569 5056 3835 5124 δικαστά,

2243 5149 2531 5209 πολλάκις,
2563 5148 2645 5197 ὅτι
2695 5147 2758 5197 οὐ
2793 5146 2906 5198 θύω
2953 5148 3175 5215 δαίμοσί
3230 5164 3365 5198 ποτε
3388 5160 3400 5174 ’
3431 5145 3687 5197 τοσοῦτον
3719 5148 3836 5218 γὰρ

2245 5240 2351 5291 τῶν
2407 5237 2719 5307 μελλουσῶν
2756 5238 3009 5307 βασάνων
3042 5240 3385 5301 κατέπτυσα,
3416 5240 3540 5291 ὅσον
3574 5240 3672 5288 καὶ
3718 5236 3829 5291 τῶν

2245 5331 2344 5398 ήδη
2370 5330 2763 5397 προλαὸουσῶν
2785 5331 2884 5382 οὐκ
2912 5330 3227 5396 ἑφρᾶντισα,
3265 5329 3356 5381 τοῦ
3393 5329 3529 5380 Θεοῦ
3560 5346 3662 5399 μου
3691 5347 3825 5399 χορο

2253 5420 2513 5490 ηγοῦντός
2549 5438 2636 5486 μοι
2668 5422 2766 5489 τὴν
2793 5423 3021 5489 δύναμιν

2319 5509 2422 5566 IB'.
2470 5510 2530 5565 '0
2555 5513 2820 5579 δικαστὴς
2852 5507 3005 5563 εἶπεν
3028 5527 3042 5542 ο
3085 5513 3207 5573 Πῶς
3241 5528 3583 5583 στρατιωτης
3626 5512 3703 5565 ὣν
3737 5513 3839 5565 καὶ

2250 5608 2637 5673 ἀγράμματος,
2690 5604 2939 5666 Ἀκάκιε,
2965 5603 3137 5665 οὕτως
3185 5605 3418 5671 ἑτοίμως
3454 5604 3839 5673 ἀπολογῆσαι;

2261 5696 2318 5750 Ὀ
2381 5696 2536 5762 ἆγιος
2606 5693 2863 5756 ’Λκάκιος
2916 5691 3104 5747 εἶπεν·
3138 5696 3200 5745 Τί
3237 5696 3375 5763 γάρ;
3410 5695 3653 5763 νομίζεις
3684 5698 3840 5765 ἡμᾶς

2251 5786 2637 5855 ἀπολογεῖσθαι
2665 5786 2722 5850 ἐξ
2758 5788 2894 5849 ἰδίας
2929 5786 3171 5853 σκέψεως
3218 5786 3249 5856 ἦ
3285 5788 3610 5856 μαθήσεως;
3657 5783 3795 5857 Οῢχί
3824 5806 3835 5817 ο
