3966 6460
154 354 258 416 229

1256 356 1433 416 νΙΤΑ
1478 356 1537 418 S.
1574 354 1825 416 ACACII
1867 356 2351 423 CAPPADOCIS.

3309 362 3419 425 230

151 466 279 521 ἀλλὰ
312 466 373 519 τδ
402 465 661 521 πλούσιον
688 467 785 520 καὶ
806 466 963 536 ἅγιον
984 466 1213 538 Πνεῦμα
1234 469 1328 521 τοῦ
1347 468 1482 523 Θεοῦ
1511 471 1738 539 χορηγεῖ

1848 475 2063 525 sanctus
2121 474 2211 527 Dei
2250 473 2489 543 Spiritus
2523 474 2696 529 servis
2720 476 2830 529 suis
2857 475 3080 529 liberam
3116 481 3420 535 oralionem

150 561 256 621 τοῖς
286 559 504 622 δούλοις
529 559 695 612 αὐτοῦ
722 560 820 629 τὴν
847 562 1047 632 πολλὴν
1079 562 1170 615 καὶ
1186 562 1421 629 ἄφθονον
1452 562 1547 615 τοῦ
1572 563 1733 631 λόγου

150 648 478 718 παρρησίαν
533 651 631 703 καὶ
661 652 763 715 τὴν
807 650 1112 719 ὑπομονὴν,
1138 650 1323 714 καθὼς
1361 652 1458 705 καὶ
1489 656 1516 705 ὁ
1543 653 1735 723 Σωτὴρ

147 739 416 805 ἐδίδαξεν,
458 739 783 810 προσειπὼν
832 741 944 803 τοῖς
993 740 1267 811 μαθηταῖς
1297 740 1499 795 αὐτοῦ’
1560 761 1579 794 t
1620 744 1734 795 "Ot'

144 830 230 891 Ξιν,
287 834 454 901 φησὶ,
515 833 882 902 παραδίδωσιν
928 834 1071 902 ὑμᾶς
1126 835 1240 897 τοῖς
1274 834 1504 904 ἄρχουσι
1553 836 1643 887 διὰ
1678 836 1736 887 τὸ

143 922 323 988 haud
369 942 502 992 μου,
550 926 626 993 μὴ
664 925 1067 993 μεριμνήσητε,
1100 926 1219 989 πῶς
1273 926 1306 997 ἢ
1339 929 1391 979 τε
1421 927 1694 996 λαλήσητε
1717 942 1731 958 ·

142 1013 441 1083 δοθήσεται
485 1016 594 1085 γάρ
620 1018 747 1083 ὑμῖν
767 1020 825 1068 ὲν
849 1016 1035 1090 ἐκείνῃ
1069 1021 1134 1088 τῇ
1182 1018 1301 1089 ὥρα
1333 1020 1394 1072 τὸ
1419 1020 1471 1072 τί
1500 1021 1692 1090 εἴπητε
1717 1037 1731 1050 ·

141 1105 202 1155 οὐ
237 1106 353 1175 γάρ
409 1108 571 1175 ὑμεῖς
617 1108 744 1159 ἐστε
784 1109 833 1160 oi
869 1108 1176 1175 λαλοῦντες,
1234 1110 1370 1162 ἀλλὰ
1416 1111 1476 1162 τὸ
1509 1110 1735 1179 Πνεῦμα

140 1196 233 1248 τοῦ
277 1199 502 1268 Πατρδς
541 1198 697 1268 ὑμῶν
726 1200 787 1252 τὸ
813 1200 1010 1255 λαλοῦν
1037 1202 1095 1252 ἐν
1120 1201 1270 1270 ὑμῖν.
1314 1202 1599 1264 Ἀντώνιος
1638 1219 1734 1255 κο-

143 1293 521 1360 μενταρήσιος
548 1291 699 1359 λέγει
737 1292 814 1362 τῷ
860 1294 999 1363 ἁγίῳ
1044 1292 1318 1364 μάρτυρι·
1376 1295 1440 1347 Τί
1481 1294 1731 1363 ὠφελεῖς,

138 1381 317 1445 ἄθλιε,
362 1382 598 1435 τοιαῦτα
658 1386 1008 1453 νουθετηῠεὶς
1061 1389 1157 1439 καὶ
1205 1387 1280 1457 μὴ
1339 1390 1605 1453 πεισθεὶς,
1638 1390 1736 1441 ἐὰν

144 1472 378 1542 ὕστερον
416 1476 562 1542 μετὰ
590 1476 845 1544 βασάνων
877 1475 1199 1547 βαρυτέρων
1224 1479 1456 1547 ποιήσῃς
1478 1479 1539 1530 τὸ
1562 1480 1733 1547 πρόσ-

141 1580 333 1631 ταγμα
392 1565 507 1617 τῶν
550 1567 860 1635 βασιλέων;
936 1570 976 1621 Ο
1032 1569 1189 1636 ἆγιος
1252 1570 1504 1630 Ἀκάκιος
1555 1564 1731 1622 εἶπενο

146 1654 399 1723 ’Υπαγεῑ
439 1658 771 1728 νουθέτησον
828 1662 1086 1724 σεαυτὸν,
1140 1659 1494 1730 ταλαίπωρει
1538 1660 1598 1713 ΕΞ
1626 1662 1734 1732 γὰρ

145 1749 234 1799 τοῦ
287 1751 564 1820 ἄρχοντός
600 1771 694 1805 σου
723 1755 819 1806 καὶ
847 1754 957 1805 τῶν
1011 1755 1254 1808 ἀπειλῶν
1307 1757 1471 1809 αὑτοῦ
1506 1758 1735 1811 καὶτῶν

1842 573 1892 617 et
1926 565 2240 632 patientiam
2287 568 2619 636 suppeditat,
2649 569 2752 622 illis
2800 570 3105 637 providens,
3162 577 3421 641 quemad-

1844 660 2059 707 modum
2099 656 2350 712 Salvator
2383 660 2498 727 ipse
2531 660 2825 729 discipulos
2870 677 2997 716 suos
3045 666 3247 731 docuit,
3297 684 3419 721 cum

1846 747 1925 800 sic
1962 747 2099 800 dixit
2146 765 2210 800 ει
2275 750 2502 814 Quando
2565 768 2656 805 vos
2713 754 3034 807 tradiderint
3085 758 3419 826 principibus

1844 850 2067 907 propter
2122 855 2315 894 nomen
2348 857 2548 906 meum,
2586 859 2652 897 ne
2680 847 2893 900 solliciti
2925 848 3066 913 sitis,
3126 855 3420 919 quomodo,

1843 943 1937 984 aut
1996 933 2120 999 quid
2168 933 2458 1001 loquamini
2494 954 2510 990 :
2544 937 2762 993 dabitur
2814 941 2958 991 enim
3014 942 3165 995 vobis
3224 944 3275 997 in
3335 946 3423 997 illa

1845 1023 1997 1089 hora,
2031 1025 2159 1092 quid
2192 1027 2384 1080 dicatis
2420 1046 2435 1080 ι
2472 1044 2576 1081 ηοη
2606 1031 2748 1083 enim
2792 1047 2885 1085 vos
2934 1035 3084 1097 estis,
3121 1038 3209 1104 qui
3246 1038 3421 1105 loqui-

1845 1114 1997 1177 mini,
2035 1116 2126 1169 sed
2177 1114 2413 1181 Spiritus
2449 1117 2627 1174 Patris
2683 1123 2873 1187 vestri,
2928 1127 3017 1193 qui
3074 1127 3311 1197 loquitur
3370 1133 3421 1188 in

1842 1206 1994 1259 vobis
2033 1208 2072 1260 '.
2108 1225 2125 1257 ι
2164 1208 2473 1265 Antoninus
2526 1212 2702 1265 scriba
2744 1214 2881 1268 dixit
2907 1228 3096 1272 sancto
3145 1222 3370 1289 martyri
3406 1238 3420 1275 :

1846 1296 1909 1352 Et
1940 1314 2185 1368 quaenam
2226 1303 2340 1364 tibi,
2382 1304 2566 1367 miser,
2623 1307 2829 1362 utilitas
2864 1308 3040 1363 l'ntnra
3092 1322 3195 1377 est,
3256 1314 3299 1367 si
3352 1314 3420 1367 de

1846 1392 2045 1447 talibus
2101 1395 2263 1448 rebus
2319 1399 2628 1452 admonitus
2682 1403 2995 1467 persuaderi
3060 1420 3163 1459 non
3216 1408 3316 1471 vis,
3356 1423 3420 1463 ac

1843 1492 2025 1552 postea
2051 1488 2389 1553 gravioribus
2413 1492 2695 1545 tormentis
2715 1494 2998 1559 adductus,
3034 1497 3419 1566 imperatorum

1841 1576 2019 1631 edicto
2049 1580 2305 1645 pareliis?
2333 1582 2455 1645 Abi,
2488 1591 2543 1636 et
2582 1592 2633 1636 te
2666 1586 2840 1650 ipsum
2896 1590 3210 1654 admoneas,
3247 1591 3422 1659 inquit

1842 1666 2091 1729 Aeacius,
2124 1683 2249 1721 nam
2276 1671 2319 1723 si
2346 1686 2519 1740 neque
2548 1676 2830 1740 prmsidem
2866 1676 3063 1744 ipsmn,
3112 1694 3288 1747 neque
3320 1680 3423 1733 mi-

1844 1774 1940 1810 nas
1966 1759 2131 1821 illius,
2172 1776 2348 1828 neque
2379 1765 2657 1818 cruciatus
2703 1766 2753 1817 iu
2816 1782 2900 1820 me
2941 1767 3139 1831 illatus,
3174 1768 3265 1821 Dei
3321 1784 3425 1837 Ope

145 1843 553 1912 ὶπενεχθεισῶν
584 1861 674 1913 μοι
703 1845 796 1895 ὑπ’
829 1846 995 1898 αὑτοῦ
1027 1847 1282 1917 βασάνων
1313 1850 1413 1900 οὐκ
1436 1849 1735 1918 ἐφρόντισα

1848 1854 2059 1920 adjutus
2107 1854 2315 1914 curavi,
2368 1861 2596 1923 putasne
2652 1871 2738 1909 me
2775 1858 2932 1910 talem
2984 1873 3103 1911 esse
3132 1860 3221 1926 qui
3253 1870 3303 1911 te
3332 1875 3423 1912 au-

146 1938 329 2006 χάριτι
358 1939 455 1989 τοῦ
488 1939 625 1991 Θεοῦ
663 1958 788 2009 μου,
817 1942 910 1993 σοῦ
949 1942 1055 2011 ἔχω
1082 1944 1348 2007 rixo-fidat;
1385 1945 1443 1996 Ὀ
1476 1946 1738 2011 δικαστὴς

147 2032 326 2097 λέγει·
375 2034 639 2086 ’Δκάκιον
672 2037 761 2087 τὸν
793 2035 1169 2089 άκαθοσίωτον
1202 2037 1544 2107 στρατιώτην
1577 2040 1737 2106 γενό-

147 2132 306 2198 μενόν
336 2148 497 2194 ποτε,
528 2132 634 2183 ὑπὸ
658 2133 908 2202 ἀσσαλὴν
934 2134 1183 2202 φρουρὰν
1215 2134 1313 2202 τὴν
1336 2133 1623 2202 ὲνδοτέραν
1655 2137 1737 2195 εἰς

143 2224 268 2288 τρία
306 2225 641 2291 κεντήματα
690 2225 787 2276 τοῦ
819 2224 978 2288 ξύλου
1018 2224 1297 2294 βαλόντες,
1361 2227 1618 2300 περίθετε
1658 2229 1737 2283 σε·

144 2313 282 2380 δηειρα
308 2316 490 2383 βαρέα
524 2317 667 2369 κατα
691 2317 785 2369 τοῦ
814 2318 1091 2387 τραχήλου
1117 2319 1212 2370 καὶ
1247 2320 1387 2371 κατα
1416 2320 1618 2381 παντὸς
1644 2323 1737 2373 τοῦ

147 2408 426 2472 σωματος,
472 2409 920 2477 τηρηϐησόμενόν
949 2426 1041 2477 μοι
1064 2413 1128 2478 τῇ
1159 2411 1285 2477 ἑξῆς
1316 2410 1591 2479 δικασὲμῳ
1618 2428 1631 2440 ·
1664 2414 1739 2482 μὴ

145 2498 377 2564 ἐρᾶσθαι
403 2500 463 2551 δὲ
497 2501 662 2551 αὐτὸν
715 2502 819 2551 ὑπὸ
851 2501 955 2551 τῶν
988 2502 1255 2553 σννέονων
1282 2504 1740 2572 συγχωρούμενον

149 2589 402 2651 inﬁciet),
433 2592 511 2657 μή
538 2606 667 2640 ποτε
693 2591 1134 2659 μακαριζόμενος
1157 2592 1249 2644 ὑπ’
1274 2593 1475 2655 αὐτῶν,
1506 2593 1738 2646 εὐτονώ-

146 2695 301 2748 τερος
331 2684 473 2747 ἡμῖν
508 2681 645 2749 πρὸς
677 2684 777 2751 τὴν
810 2684 1113 2751 μέλλιιυσαν
1142 2687 1423 2755 ἐξαίτησιν
1456 2688 1682 2757 ευρεῢῆ.

213 2771 310 2823 ll".
358 2774 471 2822 Καὶ
502 2773 729 2842 άςιῂχῦη
758 2777 785 2825 ό
813 2778 1082 2846 μακάριος
1110 2779 1167 2829 ἐν
1198 2781 1259 2846 τῇ
1283 2781 1497 2848 φρουρᾷ
1533 2782 1739 2848 χαίρων

145 2864 235 2915 ixi
268 2882 327 2916 τε
366 2868 433 2933 τῇ
465 2867 821 2938 παρελθούσῃ
850 2870 1195 2939 ἐπερωτήσει
1221 2874 1315 2923 καὶ
1350 2873 1443 2922 ἐπὶ
1473 2873 1580 2923 τῶν
1605 2873 1737 2940 μελ-

146 2957 348 3008 λόντων
385 2960 615 3024 ἀγαθῶν
652 2960 925 3027 ἀπολήξει
964 2965 1113 3029 παρὰ
1144 2963 1238 3015 τοῦ
1277 2964 1546 3032 ἀψευδοῦς
1579 2966 1736 3018 Θεοῦο

148 3050 241 3100 καὶ
274 3050 540 3118 ἐποιησεν
576 3051 632 3099 ἐν
668 3053 732 3117 τῇ
772 3052 988 3121 φυλακῇ
1021 3053 1116 3119 τῆς
1177 3055 1464 3120 Πειρίνοου
1520 3059 1740 3126 ἡμέρας

149 3143 308 3197 ἑπτά.
351 3144 609 3208 Ἐγένετο
638 3144 696 3195 δὲ
727 3146 817 3197 τὸν
846 3146 1103 3200 Βιϐιανὸν
1137 3150 1449 3218 γράμματα
1479 3150 1739 3213 δέξασθαι

151 3238 299 3303 παρὰ
336 3236 594 3289 Λικινίου
654 3238 752 3290 τοῦ
812 3240 1059 3308 ἐπάρχου
1095 3241 1189 3293 τοῦ
1242 3241 1536 3313 προλαὸεῖν
1576 3243 1738 3295 αὑτὸν

148 3334 225 3393 εἰς
259 3334 320 3384 τὸ
348 3332 683 3395 Βυζάντιον·
731 3333 1025 3385 ἐκέλευσεν
1055 3335 1113 3386 δὲ
1146 3338 1242 3387 καὶ
1291 3338 1417 3398 τοὺς
1452 3337 1741 3407 δεσμώτας

150 3425 525 3492 ἀκολουθῆσαι
557 3424 731 3492 αὐτῷ.
782 3423 839 3478 Ὀ
889 3423 983 3479 οὖν
1016 3427 1288 3497 μακάριος
1319 3433 1533 3498 μάρτυς
1578 3430 1742 3482 Ἀκά-

150 3533 262 3579 mo;
294 3519 393 3569 xui.
428 3516 506 3585 τῷ
545 3517 699 3589 ὄγκῳ
743 3520 853 3571 τῶν
876 3522 1211 3591 τραυμάτων
1244 3523 1585 3590 τρυχόμενος
1645 3522 1741 3573 καὶ

150 3606 223 3673 τῷ
251 3610 404 3674 πόνῳ
432 3606 528 3659 τοῦ
566 3612 823 3678 σώματος
864 3611 1391 3681 στενοχωρούμενος,
1441 3612 1519 3663 ἔτι
1553 3612 1609 3665 δὲ
1646 3614 1741 3665 καὶ

148 3699 222 3767 τῷ
256 3700 465 3763 πλήθει
496 3702 605 3753 τῶν
635 3702 875 3771 σιδήρων
908 3701 1301 3772 βαρυνόμενος,
1336 3704 1430 3757 καὶ
1460 3708 1526 3775 τῇ
1552 3707 1742 3775 ὲφήξει

148 3796 255 3846 τῶν
281 3795 504 3864 δημίων
525 3796 634 3846 τῶν
658 3795 715 3847 ὲν
741 3797 805 3865 τῇ
837 3796 942 3866 ὁδῷ
966 3798 1513 3867 ταλαιπωρούμενος,
1545 3803 1641 3853 καὶ
1664 3801 1742 3871 τῷ

150 3884 389 3951 καμάτῳ
416 3882 520 3949 τῆς
557 3884 784 3954 πορείας
814 3885 1156 3955 Ολιὸὁμενος,
1191 3890 1285 3940 καὶ
1337 3892 1402 3958 τῇ
1432 3890 1613 3960 ἐνδείᾳ
1633 3894 1743 3945 τῶν

150 3973 339 4023 σιτίων
382 3974 886 4042 ὲκλιμπανὸμενος,
935 3976 1031 4027 καὶ
1079 3975 1157 4043 τῷ
1200 3976 1277 4046 μὴ
1338 3980 1743 4048 συγχωρεῖσθαξ

149 4080 271 4116 τινα
299 4066 412 4117 τῶν
442 4068 707 4133 γνωστῶν
737 4067 1011 4121 συνέονων
1042 4069 1176 4139 ὁρᾷν
1202 4070 1367 4121 αὑτὸν
1390 4074 1526 4140 πρὸς
1556 4075 1615 4123 τὸ
1645 4074 1744 4143 ζῇν

149 4154 340 4210 λοιπὸν
389 4158 859 4226 ἑξαπορούμενος,
914 4158 1433 4212 ἐπακολουθούντων
1492 4164 1587 4213 καὶ
1634 4163 1745 4215 τῶν

150 4254 248 4301 σὺν
284 4250 439 4320 αὖτῷ
464 4249 762 4319 δεσμωτῶν
786 4254 844 4303 ὲν
876 4253 941 4319 τῇ
966 4251 1072 4321 ὀδῷ
1103 4253 1197 4304 καὶ
1233 4252 1340 4305 τῶν
1392 4258 1745 4322 κατεπειγόν·

147 4356 261 4391 των
286 4343 493 4403 αὐτοὺς
528 4340 762 4410 δημίων,
825 4340 1027 4411 ηὔξατο
1056 4344 1134 4413 τῷ
1156 4343 1298 4413 Θεῷ,
1332 4343 1570 4405 ἀξιώσας
1614 4348 1749 4413 πρό-

151 4447 315 4497 τερον
344 4434 477 4493 τοὺς
506 4433 761 4500 δημίους,
798 4435 1220 4503 συγχωρηθῆναι
1252 4436 1405 4507 αὐτῴ
1444 4436 1706 4500 εὔξασθαι
1728 4455 1741 4467 ·

1844 1946 2028 1999 diam?
2059 1944 2191 1998 Tum
2220 1948 2384 2015 judex
2420 1949 2681 2002 ministris
2712 1949 2847 2002 dixit
2875 1966 2887 2001 :
2917 1949 3170 2003 Acacium
3195 1950 3419 2021 impium

1842 2037 2114 2090 hominem
2147 2042 2275 2092 olim
2314 2043 2561 2105 militem,
2602 2045 2653 2097 in
2687 2058 2904 2098 carcere
2961 2045 3217 2097 interiore
3248 2045 3424 2097 tribus

1842 2128 2000 2196 lignis
2031 2129 2306 2197 alligatqu
2340 2134 2631 2195 custodite,
2666 2143 2717 2186 et
2761 2134 3019 2201 gravibus
3049 2136 3256 2187 catenis
3303 2135 3422 2202 ejus

1842 2222 2038 2276 collum
2070 2238 2133 2276 ac
2187 2232 2355 2276 totum
2386 2237 2584 2289 curpus
2611 2224 2963 2289 circumdate,
3000 2225 3275 2294 sequentis
3314 2226 3420 2279 diei

1838 2321 2043 2388 judicio
2075 2322 2461 2374 reservandum
2496 2338 2511 2375 :
2551 2334 2723 2389 neque
2768 2336 2796 2373 a
2828 2336 2939 2374 sua:
2969 2321 3146 2389 gentis
3184 2320 3422 2373 homini-

1845 2411 1945 2465 bus
1967 2409 2114 2463 illnm
2145 2410 2312 2464 videri
2339 2405 2632 2479 periitittite
2653 2451 2667 2475 ,
2705 2425 2770 2465 ne
2798 2408 2935 2463 forte
2968 2411 3038 2464 ab
3069 2410 3200 2480 ipsis
3232 2411 3422 2465 beatus

1844 2505 2191 2568 prmiticetur,
2247 2514 2298 2554 et
2335 2505 2400 2557 ad
2440 2503 2649 2558 futuras
2704 2505 3028 2574 quaestiones
3088 2506 3424 2559 constantior

1844 2603 2174 2644 ιιινειιιιςιιυτ.

1918 2772 2054 2827 XIII.
2090 2770 2291 2828 Ductus
2329 2773 2490 2843 igitur
2517 2771 2828 2828 fuitbeatus
2864 2774 3095 2832 Aeacius
3135 2777 3186 2831 in
3228 2792 3419 2833 carce-

1845 2882 1981 2928 rem,
2040 2878 2152 2920 tum
2209 2871 2479 2935 praterita
2530 2867 2873 2923 confessione
2927 2885 3087 2937 quam
3144 2874 3422 2939 professus

1843 2956 2042 3020 fuerat,
2076 2969 2186 3010 tum
2217 2959 2411 3012 futuris
2441 2960 2619 3021 bonis,
2659 2976 2779 3027 quas
2808 2976 2835 3013 a
2868 2962 2973 3013 Deo
3009 2976 3138 3015 vero
3167 2970 3421 3032 acceptu-

1847 3066 1938 3106 rus
1969 3060 2109 3115 erat,
2162 3050 2316 3106 valde
2368 3051 2519 3105 hctus
2553 3069 2569 3106 :
2608 3051 2919 3121 mansitque
2994 3052 3047 3105 in
3092 3068 3313 3109 carcere
3366 3057 3418 3109 in

1848 3147 1979 3198 urbe
2010 3144 2272 3199 Perintho
2302 3156 2507 3214 septem
2539 3146 2677 3202 dies.
2714 3146 2921 3200 Interea
2970 3144 3225 3202 Bibianus
3262 3164 3420 3204 acce-

1846 3237 1924 3303 pit
1954 3235 2163 3288 litteras
2198 3250 2225 3288 a
2260 3236 2539 3299 Flacciuo,
2576 3247 2632 3289 ut
2663 3236 2985 3305 Byzantium
3009 3254 3068 3292 se
3099 3239 3371 3296 conferret
3407 3261 3421 3297 :

1840 3330 2003 3399 jussit
2035 3339 2217 3382 autem
2242 3338 2296 3396 et
2320 3344 2413 3383 eos
2452 3329 2544 3399 qui
2577 3341 2733 3383 erant
2775 3330 2827 3385 in
2861 3345 3101 3397 carcere,
3141 3334 3288 3387 illum
3336 3350 3426 3389 se-

1848 3421 1963 3491 qui.
2000 3421 2196 3476 Beatus
2229 3406 2393 3495 iéitnr
2417 3434 2623 3493 martyr
2650 3426 2901 3488 Aeacius,
2931 3436 2986 3480 et
3025 3427 3307 3481 vulnerum
3335 3437 3423 3481 tu-

1846 3526 2015 3573 more,
2051 3522 2105 3565 et
2130 3514 2373 3579 corporis
2407 3512 2592 3567 labore
2620 3514 2875 3579 amictus,
2926 3518 2993 3569 ad
3050 3517 3163 3573 hac
3217 3530 3271 3572 et
3319 3520 3428 3574 illis

1848 3605 2028 3658 multis
2064 3603 2260 3658 ferreis
2296 3606 2502 3658 catenis
2556 3616 2831 3673 gravatus,
2873 3608 3215 3675 militumque
3248 3610 3298 3662 iu
3337 3612 3421 3662 via

1848 3698 2154 3767 urgentium
2191 3697 2618 3763 importunitate,
2660 3706 2713 3750 et
2742 3697 2952 3752 itineris
2990 3698 3330 3765 lassitudine,
3360 3714 3425 3754 ac

1846 3792 2090 3844 ciborum
2116 3792 2318 3859 inopia,
2354 3790 2586 3859 denique
2613 3801 2858 3844 notorum
2893 3792 3197 3857 hominum,
3231 3806 3261 3846 e
3293 3793 3423 3861 qui-

1846 3879 1946 3930 bus
1985 3879 2257 3932 neminem
2292 3879 2472 3933 videre
2503 3881 2943 3948 permittebatur,
2990 3884 3234 3937 absentia
3269 3884 3424 3938 valde

1850 3982 2106 4029 ιιιωτεηε,
2143 3978 2197 4021 et
2232 3970 2297 4021 de
2350 3969 2457 4020 vita
2502 3970 2616 4036 ipsa
2665 3970 2989 4038 desperans,
3046 3989 3169 4026 cum
3231 3984 3284 4028 et
3332 3974 3425 4028 alii

1847 4062 2013 4115 vincti
2043 4076 2165 4116 eum
2218 4070 2601 4129 sequerentur,
2634 4070 2687 4115 et
2717 4064 3002 4117 earnitices
3027 4073 3305 4136 urgerent,
3334 4080 3433 4133 pe-

1850 4158 1933 4207 tiit
1967 4173 1994 4207 a
2032 4156 2411 4219 carnificibus,
2472 4167 2529 4208 ut
2579 4156 2774 4211 orandi
2828 4156 2920 4210 Dei
2974 4167 3296 4226 potestatem
3350 4160 3424 4212 illi

1849 4248 2109 4299 facerent.
2144 4246 2278 4299 Cum
2317 4247 2480 4313 igitur
2524 4248 2756 4313 quodam
2791 4246 2990 4298 inloco
3034 4249 3298 4310 stetisset,
3350 4247 3423 4299 ita

1848 4337 2018 4393 Deum
2057 4348 2309 4406 precatus
2340 4348 2424 4393 est
2454 4356 2467 4391 :
2510 4338 2692 4393 Gloria
2726 4340 2797 4393 sit
2832 4338 2952 4403 tibi,
2989 4337 3155 4402 Dens,
3189 4340 3280 4407 qui
3328 4354 3426 4409 pro

1853 4442 1941 4483 tua
1989 4430 2275 4483 clementia
2306 4430 2356 4480 iu
2397 4443 2490 4481 eos
2522 4428 2926 4481 misericordem
2976 4437 3024 4479 te
3062 4428 3290 4494 pubes,
3334 4424 3427 4493 qui

148 4526 246 4575 καὶ
282 4524 512 4587 σταθεὶς
545 4526 603 4576 ἐν
638 4525 790 4595 τόπῳ
810 4527 936 4590 τινὶ,
972 4525 1177 4596 ηὓξατο
1214 4528 1351 4595 πρὸς
1412 4532 1616 4601 Κύριον
1655 4536 1738 4585 καῖ

1854 4525 2084 4591 diligunt
2112 4536 2303 4575 nomen
2332 4532 2478 4575 tuum
2526 4538 2539 4573 :
2567 4520 2757 4587 gloria,
2790 4520 3033 4587 inquam,
3066 4520 3158 4571 tibi
3196 4520 3286 4580 sit,
3332 4519 3423 4585 qui

148 4614 347 4668 εἶπενο
389 4614 535 4678 Δόξα
568 4632 671 4679 σοι,
718 4619 747 4669 δ
800 4618 940 4670 κατὰ
974 4618 1032 4669 τὸ
1071 4619 1206 4671 πολὺ
1249 4618 1395 4681 ἔλεός
1434 4638 1529 4673 σου
1572 4625 1743 4677 ποιῶν

148 4712 246 4763 καὶ
285 4714 358 4759 τά
425 4708 555 4774 ὲλὲη
614 4698 712 4759 σου
749 4709 888 4775 μετὰ
932 4710 1043 4760 τῶν
1075 4712 1421 4778 ἀγαπώντων
1458 4714 1518 4765 τὸ
1567 4715 1741 4785 ὄνομά

151 4817 245 4852 σου
270 4817 285 4828 ·
312 4798 444 4861 δόξα
470 4814 576 4863 σοι,
598 4796 677 4867 τῷ
710 4802 803 4848 καὶ
829 4797 927 4865 ἐμὲ
961 4798 1054 4849 τὸν
1083 4801 1412 4871 ἁμαρτωλὸν
1448 4806 1741 4863 καλέσαντι

151 4897 227 4952 εἰς
276 4894 370 4942 τὸν
422 4892 624 4958 κλῆρον
654 4889 845 4942 τοῦτον
867 4905 879 4917 ·
913 4890 1039 4953 δόξα
1072 4908 1175 4957 σοι,
1233 4894 1433 4961 Ἰησοῦ,
1465 4895 1541 4964 τῷ
1576 4897 1740 4948 εἰδότι

154 4992 251 5054 τὴν
312 4982 610 5035 ἀσθένειαν
665 4981 765 5049 τῆς
818 4983 1017 5049 σαρκὸς
1064 4984 1224 5053 ἡμῶν
1263 4986 1358 5037 καὶ
1380 4985 1523 5037 δόντι
1564 5004 1653 5053 μοι
1688 4990 1745 5039 ὲν

158 5081 276 5140 ταῖς
318 5074 577 5146 βασάνοις
621 5073 723 5142 τὴν
778 5074 1078 5144 ὑπομονήν.
1166 5077 1302 5128 Επεὶ
1354 5075 1446 5128 οὖν
1499 5079 1745 5147 βλέπεις,

160 5170 330 5238 Κύριέ
360 5188 489 5239 μου,
531 5167 706 5219 πολλὰ
756 5170 825 5219 τά
890 5167 1181 5234 σονέχοντά
1214 5186 1282 5237 με
1329 5171 1473 5223 κακὰ
1524 5173 1617 5223 καὶ
1650 5172 1744 5224 τοῦ

164 5259 378 5329 μέλλειν
402 5262 726 5333 ἐκδημῆσαι
748 5246 851 5327 τήν
875 5260 1053 5328 ψυχήν
1082 5277 1183 5328 μου
1215 5262 1323 5313 άπὸ
1354 5261 1446 5314 τοῦ
1470 5262 1744 5331 σώματος,

165 5359 317 5419 αὑτὸς
345 5357 455 5423 οὖν,
486 5362 744 5410 Δέσποτα
780 5350 977 5420 Κύριε,
1013 5352 1335 5405 ἀπόστειλον
1359 5353 1589 5422 ἄγγελον
1617 5358 1750 5425 πρὸς

172 5469 228 5517 με
268 5453 581 5520 ξαμηιτικὸν,
623 5444 861 5513 ἰώμενόν
903 5461 968 5511 με
997 5446 1103 5496 ἀπὸ
1138 5446 1244 5496 τῶν
1276 5449 1649 5513 περιεχουσῶν
1681 5465 1747 5515 με

171 5548 350 5599 ωτι-,ὠν
380 5549 474 5600 καὶ
508 5540 813 5609 ἀναγκῶν,
837 5542 933 5589 καὶ
968 5538 1221 5589 κέλευσον
1250 5539 1654 5608 καταξιωθῆναί
1681 5557 1749 5609 με

171 5644 247 5716 οἵῳ
273 5644 464 5716 δήποτε
503 5639 709 5711 τρόπῳ
747 5633 915 5703 μόνον
948 5632 1220 5700 ἀποτάσει
1248 5631 1504 5685 δικαστοῦ
1534 5632 1764 5685 zelum-

179 5831 392 5891 ‘Matth.
438 5847 493 5898 ι,
533 5825 627 5881 l9-

1853 4628 1906 4673 el
1944 4632 2028 4671 me
2066 4618 2117 4669 in
2153 4616 2387 4683 peccatis
2421 4615 2715 4687 vivcutcm,
2753 4616 2819 4667 ad
2851 4616 2988 4665 hanc
3038 4621 3240 4665 sortem
3283 4620 3425 4663 tuam

1855 4705 2060 4758 vocasti
2090 4705 2291 4771 :gloria
2322 4702 2441 4768 tibi,
2466 4700 2617 4765 Jesu,
2647 4705 2736 4770 qui
2772 4712 2967 4755 nostra:
2994 4702 3176 4755 carnis
3206 4702 3430 4753 iulirmi-

1857 4809 2020 4851 latent
2055 4797 2280 4859 novisti,
2311 4809 2362 4849 et
2397 4808 2453 4848 ut
2503 4806 2769 4849 tormenta
2808 4793 3023 4849 fortiter
3060 4793 3281 4855 ferrem,
3335 4807 3429 4862 pa-

1856 4890 2100 4945 tientiam
2138 4890 2267 4943 milii
2297 4888 2595 4956 praebuisti.
2628 4887 2892 4952 Quoniam
2932 4888 3095 4955 igitur
3146 4887 3317 4947 vides,
3355 4884 3426 4936 mi

1855 4982 2097 5042 Domine,
2128 4981 2309 5034 multis
2344 4980 2497 5033 malis
2524 4995 2607 5033 me
2636 4994 2975 5046 oppressum,
3026 4977 3097 5029 ita
3145 4987 3203 5029 ut
3246 4976 3427 5029 anima

1855 5077 1964 5143 ipsa
1998 5090 2027 5130 e
2058 5087 2284 5140 corpore
2331 5086 2451 5126 meo
2494 5086 2783 5124 excessura
2848 5071 3111 5131 videatur,
3175 5080 3227 5121 tu
3293 5070 3426 5133 ipse,

1858 5168 2102 5231 Domine,
2136 5169 2287 5219 mitte
2319 5164 2592 5232 angelum,
2628 5168 2715 5229 qui
2756 5177 2840 5214 me
2870 5172 3043 5221 curet,
3084 5171 3136 5213 et
3170 5162 3237 5214 ab
3260 5176 3427 5227 augu-

1860 5261 2000 5321 stiis,
2028 5258 2221 5326 quibus
2244 5258 2543 5323 opprimor,
2576 5269 2657 5305 me
2680 5263 2827 5305 sanet
2858 5269 2872 5317 ;
2910 5268 2972 5305 ac
3009 5254 3145 5305 velis
3168 5254 3297 5303 mihi
3328 5253 3427 5303 hoc

1835 5352 2171 5411 .concedere,
2196 5359 2256 5399 ut
2280 5360 2599 5415 quacunque
2630 5347 2861 5403 ratione,
2896 5344 3050 5395 modo
3077 5344 3281 5410 jndicis
3302 5359 3427 5395 scn-

1855 5444 2021 5495 teutia
2064 5444 2343 5493 decretum
2374 5441 2465 5501 sit,
2496 5437 2812 5505 martyrium
2844 5435 3171 5502 compleam,
3203 5444 3256 5484 et
3284 5435 3425 5498 apud

1856 5548 1904 5589 te
1942 5536 2064 5589 sim.
2097 5534 2231 5588 Cum
2276 5535 2347 5585 ita
2383 5533 2547 5585 Deum
2586 5539 2789 5589 oraret,
2818 5543 2918 5581 vos
2953 5542 2983 5580 e
3014 5527 3153 5578 nube
3194 5527 3427 5580 demissa

1854 5639 1934 5685 est
1973 5630 2111 5697 (erat
2137 5626 2279 5681 enim
2318 5640 2410 5679 aer
2459 5625 2571 5693 ipse
2621 5621 2852 5677 nubibus
2886 5620 3189 5689 contectus)
3226 5635 3240 5672 :
3279 5614 3427 5681 Esto,
