3966 6436
533 363 641 427 235

1846 367 2128 428 MENSIS
2176 369 2441 430 MMUS.

3680 364 3788 427 236

532 493 708 531 meum
745 485 941 547 praesto
970 483 1054 530 est
1084 489 1097 528 :
1132 484 1452 546 potestatem
1487 479 1691 533 habes:
1727 494 1907 548 qumso
1942 476 2108 532 facias

2227 473 2418 547 νοῦμεν
2448 477 2556 548 γὰρ
2586 475 2901 543 πλειστάκις
2935 478 3463 551 λαμπροςσορουντάς
3488 494 3661 541 τινας,
3690 476 3800 529 ῶσ-

533 568 796 637 quidquid
862 568 963 621 vis.
1029 565 1361 623 Videbamus
1402 571 1543 623 enim
1598 573 1792 638 saepius
1846 572 2104 639 quosdam

534 673 683 715 veste
732 660 1011 729 Splendida
1072 671 1292 716 ornatos
1350 665 1575 727 milites,
1605 665 1847 733 aliosque
1884 665 2108 718 urbanis

531 754 681 815 viris,
735 754 870 806 alios
915 752 1083 806 Medis
1124 754 1447 821 quibusdam
1491 756 1697 808 similes
1756 771 1874 809 esse
1920 770 2105 808 cense-

532 846 743 909 bamus,
781 846 869 913 qui
914 862 1015 899 una
1051 863 1171 901 cum
1205 848 1322 914 ipso
1348 846 1729 909 versabantur,
1763 847 1959 916 quique
1990 848 2109 916 ejus

532 937 753 988 vulnera
784 938 1071 1002 curabant,
1109 950 1163 991 et
1198 938 1488 1006 diligenter
1523 939 1929 1007 abstergebant,
1973 937 2112 991 mul-

539 1030 713 1095 tisque
746 1028 962 1082 cibariis
999 1028 1316 1097 prepositis,
1347 1044 1449 1081 una
1476 1044 1598 1081 cum
1633 1044 1697 1082 eo
1728 1027 2107 1083 vescebantur.

538 1120 663 1173 Haec
698 1120 879 1172 omnia
941 1121 1213 1183 homines,
1276 1121 1366 1189 qui
1420 1136 1484 1175 ex
1546 1122 1680 1173 urbe
1715 1119 1977 1174 Perintho
2007 1136 2109 1173 una

534 1230 658 1265 cum
687 1229 751 1267 eo
789 1213 953 1266 vincti
991 1214 1137 1267 ducti
1174 1223 1321 1276 sunt,
1356 1223 1465 1267 tum
1505 1214 1556 1266 in
1590 1215 1695 1277 via,
1728 1223 1837 1267 tum
1876 1214 1961 1268 hic
1986 1229 2109 1268 cum

535 1306 731 1372 sa‘pius
777 1305 1062 1370 vidissent,
1094 1305 1224 1359 mihi
1258 1305 1557 1359 retulerunt
1598 1321 1613 1360 ι
1646 1305 1719 1357 ita
1756 1316 1813 1357 ut
1836 1320 1957 1375 ego,
1990 1318 2109 1357 eum

536 1397 668 1463 ipsis
706 1412 810 1448 non
846 1398 1151 1461 crederem,
1184 1405 1238 1451 et
1270 1412 1457 1450 verum
1484 1397 1627 1449 scire
1658 1410 1937 1463 cuperem,
1978 1395 2115 1448 meis

536 1488 703 1541 oculis
742 1486 937 1541 videns
969 1490 1017 1541 id
1054 1490 1421 1557 cognoverim.
1450 1489 1516 1541 At
1542 1489 1584 1542 si
1611 1488 1828 1556 quando
1870 1495 2112 1555 repente,

548 1591 671 1630 eum
718 1579 828 1629 lucc
855 1587 1181 1646 spectarem,
1221 1578 1423 1647 ingredi
1452 1579 1516 1630 ad
1548 1592 1671 1631 eum
1711 1576 2020 1641 voluissem,
2062 1584 2116 1629 ct

536 1668 600 1717 ah
630 1668 736 1718 illis
770 1682 1013 1735 quaerere
1058 1667 1327 1721 undenain
1365 1668 1491 1720 illuc
1520 1667 1749 1734 ingressi
1781 1676 1986 1732 essent,
2023 1677 2116 1719 aut

537 1760 757 1822 quinam
797 1757 974 1810 forent
1027 1759 1124 1822 illi,
1165 1774 1299 1825 quos
1332 1772 1437 1809 una
1490 1773 1613 1812 cum
1668 1758 1783 1827 ipso
1837 1761 2109 1826 vidissent,

532 1851 731 1916 sic-pius
756 1852 816 1903 ad
841 1864 961 1902 eum
996 1850 1291 1915 ingressus,
1324 1863 1497 1916 nequc
1527 1864 1851 1918 quemquam
1878 1851 2112 1913 illorum,

540 1956 711 2009 neque
737 1942 1031 2009 quidquam
1061 1956 1089 1993 e
1122 1941 1343 1995 cibariis
1386 1941 1490 1994 illis
1527 1941 1797 2005 videbam,
1831 1943 1924 1995 sed
1968 1944 2114 1996 hunc

2213 584 2318 636 περ
2351 567 2716 637 στρατιώτας,
2754 571 2848 621 καὶ
2884 569 3075 633 ἄλλους
3104 570 3179 632 ὡς
3222 572 3639 641 σχολαστικοὺς,
3698 571 3799 622 καὶ

2212 658 2431 726 ἐτέρους
2455 659 2528 721 ὡς
2563 663 2778 729 ίατροϋς
2806 657 2943 713 εἶναι
2964 662 3309 729 ἐνομίζομεν,
3336 664 3599 725 συνόντας
3624 661 3801 730 αὐτῷ,

2212 750 2306 802 καὶ
2353 750 2845 820 ἐπιμελουμένους,
2884 755 2976 804 καὶ
3034 752 3107 821 τῷ
3169 752 3322 804 ὕδατι
3360 753 3802 812 καταντλοῦντας

2210 840 2281 892 τὰ
2313 842 2606 911 τραύματα
2648 843 2836 904 αὐτοῦ,
2861 843 2975 912 ἅμα
3001 842 3056 894 δὲ
3090 844 3183 895 καὶ
3210 844 3591 905 συνεσθίοντας
3626 843 3799 910 αὐτῷ,

2212 932 2426 985 πολλῶν
2500 934 2723 999 ἀγαθῶν
2795 937 3178 1004 προκειμένων
3234 938 3441 999 αὐτοῖς.
3507 936 3696 988 Ταῦτα
3745 936 3803 987 δὲ

2212 1029 2394 1082 πάντα
2455 1030 2551 1081 καὶ
2602 1030 2653 1081 οἱ
2695 1030 2907 1095 δέσμιοι
2937 1030 3044 1082 ἀπὸ
3076 1031 3173 1099 τῆς
3211 1030 3476 1100 Περίνθου
3511 1032 3805 1098 ἐρχόμενοι

2216 1120 2334 1187 μετ’
2366 1117 2530 1170 αὑτοῦ
2585 1118 2787 1180 ἰδόντες
2846 1119 2940 1171 καὶ
2969 1113 3070 1172 ὦδε
3131 1120 3451 1182 πλειστάκις
3484 1120 3804 1188 ἀνήνεγκαν

2217 1226 2329 1278 μοι,
2362 1208 2502 1262 ὥστε
2535 1209 2627 1262 καὶ
2660 1211 2758 1278 ἐμὲ
2792 1212 2992 1280 αἰιτοψὶ
3032 1213 3321 1282 πεισθῆναι
3372 1212 3444 1281 μὴ
3470 1212 3806 1264 πιστεύοντα

2214 1304 2420 1364 αὐτοῖς.
2466 1304 2528 1355 Et
2568 1320 2697 1355 ποτε
2723 1304 2776 1356 δὲ
2810 1305 3031 1369 ἀνοίξας
3090 1305 3188 1374 τὴν
3240 1308 3483 1372 κατῆναν
3533 1303 3809 1356 εἰσελθεῖν

2214 1393 2550 1462 ὴῦουλήθην,
2602 1396 2886 1461 αἰφνιδίως
2945 1398 3166 1467 θεωρῶν
3194 1398 3387 1460 ταῦτα,
3447 1394 3807 1465 ἐπερωτῆσαι

2216 1486 2413 1546 αὐτοὺς
2458 1486 2767 1555 βουληθεὶς,
2798 1489 2963 1545 πόθεν
2992 1491 3101 1558 ἄρα
3131 1490 3380 1560 εἰσῆλθον
3414 1490 3444 1558 ἦ
3486 1490 3635 1551 τίνες
3662 1487 3810 1540 εἰσὶν

2217 1580 2419 1631 ἐκεῖνοι
2447 1578 2548 1640 οὓς
2581 1578 2810 1630 ἔϐλεπσν
2850 1580 2967 1647 μετ’
2999 1581 3186 1641 αὐτοῦ.
3221 1580 3479 1632 εἰσελθὼν
3506 1581 3561 1632 δὲ
3600 1579 3808 1633 πολλά“’

2216 1687 2302 1731 κις
2340 1669 2477 1737 προς
2507 1670 2691 1732 αὑτὸν,
2722 1670 2911 1722 οὐδένα
2942 1670 2999 1733 ἐξ
3033 1672 3212 1723 αὐτῶν
3238 1671 3496 1741 εὕρισκον
3537 1674 3659 1724 οὐδὲ
3696 1673 3811 1725 τῶν

2219 1762 2598 1831 προκειμένων
2642 1764 2828 1824 αὐτοῖς
2870 1762 3112 1830 ἀγαθῶν,
3154 1762 3289 1815 ἀλλὰ
3324 1763 3512 1815 τοῦτον
3550 1764 3713 1833 μόνον
3751 1766 3813 1816 ἐν

2144 1824 2190 1882 Β
2217 1824 2286 1882 -.ἓ

2217 1854 2296 1921 τῷ
2330 1854 2470 1923 ξύλῳ
2504 1857 2804 1924 τεταμένον
2840 1857 3139 1925 εὐχόμενόν
3173 1873 3223 1908 τε
3260 1857 3354 1909 καὶ
3396 1858 3688 1922 δοξάζοντα
3718 1856 3814 1908 τὸν

2218 1946 2352 1999 Θιδν
2387 1947 2572 2011 αὑτοῦ,
2608 1949 2694 2000 ὅτε
2716 1948 2773 2001 δὲ
2799 1951 2892 2001 καὶ
2924 1948 3077 2019 ὕπνῳ
3107 1951 3528 2019 κατακείμενον.

540 2035 711 2085 solum
748 2034 892 2103 ligno
924 2033 1223 2102 alligatum,
1256 2048 1442 2101 preces
1465 2034 1531 2086 ad
1566 2034 1733 2086 Deum
1772 2032 2112 2097 fundentem,
2157 2045 2211 2090 ct
2254 2038 2494 2094 divinum
2532 2040 2763 2111 gloriam
2796 2042 3128 2107 laudantem,
3160 2042 3428 2097 interdum
3498 2056 3628 2096 vero
3682 2044 3819 2099 dor-

545 2127 821 2180 niicntem.

612 2216 795 2273 XVIII.
827 2216 963 2271 Tum
993 2218 1160 2286 juch
1201 2236 1215 2271 :
1265 2217 1551 2284 Pecunias,
1596 2220 1788 2287 inquit,
1824 2220 1890 2273 ab
1930 2222 2112 2276 Acacii

541 2311 945 2365 contribulibus
987 2312 1269 2379 accepisti,
1306 2314 1374 2365 ob
1418 2314 1575 2380 idque
1601 2314 1860 2379 judicium
1892 2314 1970 2367 vis
2004 2316 2117 2367 elu-

541 2407 689 2458 dere.
727 2403 803 2456 Ac
837 2403 1018 2456 statim
1077 2404 1258 2459 furore
1315 2408 1576 2473 percitus,
1631 2407 1897 2475 plumbeis
1954 2410 2120 2478 virgis

541 2498 655 2564 ejus
690 2507 834 2563 terga
864 2496 1069 2564 pulsari
1097 2495 1275 2564 jussit.
1316 2497 1455 2563 Quin
1489 2514 1610 2552 cum
1643 2502 1999 2565 cruciaretur,
2032 2518 2122 2556 vo-

543 2590 779 2640 cil‘erans
804 2587 1015 2639 dicebat
1049 2603 1061 2638 :
1096 2586 1313 2651 Quaeso,
1363 2587 1552 2654 judex,
1593 2598 1649 2640 ut
1684 2591 1726 2642 si
1753 2605 1839 2643 res
1872 2592 2031 2643 aliter
2061 2605 2119 2643 se

546 2680 725 2741 habet,
755 2692 913 2745 quam
958 2676 1089 2737 dixi,
1132 2691 1218 2731 me
1265 2677 1578 2732 interlicias.
1611 2679 1744 2732 Tum
1773 2680 1861 2735 ille
1891 2700 1905 2735 :
1941 2679 2118 2735 Vene-

546 2771 702 2823 licum
744 2772 905 2840 igitur
935 2771 1206 2825 hominem
1250 2772 1391 2825 hunc
1420 2786 1538 2826 esse
1568 2772 1801 2826 alTirmes
1829 2789 1963 2841 opus
2015 2789 2115 2829 est.

544 2864 639 2914 Cui
683 2864 924 2915 carceris
957 2874 1140 2915 custos
1176 2880 1187 2912 :
1225 2860 1354 2929 Ego,
1387 2864 1584 2931 inquit,
1622 2865 1763 2931 quod
1802 2867 1932 2927 vidi,
1975 2866 2117 2929 dico,

546 2970 719 3023 neque
748 2955 884 3018 scin,
916 2956 1258 3009 venelicusne
1300 2953 1394 3015 sit,
1429 2970 1494 3005 an
1531 2970 1658 3007 non.
1696 2952 1819 3008 Haec
1847 2970 1972 3008 cum
1999 2956 2120 3008 bea-

546 3060 630 3101 tus
677 3048 909 3100 Aeacius
963 3047 1191 3111 audiret,
1234 3046 1444 3099 illorum
1496 3048 1782 3100 stultitiam
1839 3036 2118 3109 irridebat,

544 3143 790 3208 quamvis
826 3139 1013 3192 fractis
1072 3148 1216 3190 esset
1277 3139 1536 3191 maxillis.
1575 3140 1757 3205 Itaque
1804 3140 1967 3202 judex
2007 3139 2119 3205 ipse

546 3247 732 3285 rursus
766 3230 947 3283 furore
995 3246 1278 3295 accensus,
1318 3231 1517 3284 Aeaeio
1540 3228 1673 3283 dixit
1706 3244 1719 3281 :
1755 3226 1906 3281 Tune
1936 3228 2126 3281 venisti

560 3332 617 3373 ut
653 3336 747 3374 nos
777 3322 1075 3386 derideres,
1110 3322 1393 3389 przesugiis
1427 3336 1489 3374 ac
1522 3320 1793 3373 veneﬁciis
1824 3319 1927 3373 tuis
1964 3319 2131 3374 conii-

544 3412 684 3464 sus?
720 3412 850 3478 Ego,
893 3413 1063 3481 inquit
1095 3414 1351 3476 Aeacius,
1387 3427 1490 3464 non
1529 3411 1698 3475 rideo,
1750 3411 1893 3478 quod
1939 3412 2119 3465 vestra

548 3507 789 3572 pernicie
813 3509 1071 3573 gaudeam
1118 3524 1130 3558 :
1168 3505 1277 3559 imo
1311 3507 1697 3573 sempiternam
1733 3515 1963 3558 vestram
1991 3522 2123 3560 con-

551 3598 954 3650 demnationem
1023 3598 1248 3649 multum
1293 3597 1471 3649 doleo.
1517 3596 1621 3648 Vos
1666 3608 1845 3647 autem
1894 3598 1991 3663 ipsi
2032 3611 2125 3649 ve-

549 3698 720 3740 stram
752 3693 916 3740 vitam
954 3689 1213 3749 irridetis,
1245 3689 1333 3755 qui
1373 3703 1557 3741 verum
1617 3687 1764 3741 illum
1802 3687 1963 3740 Deum
1998 3689 2122 3743 curii

553 3790 608 3835 et
637 3790 820 3843 terrae,
880 3781 1046 3833 maris
1084 3790 1135 3831 et
1166 3780 1404 3833 omnium
1438 3794 1556 3847 qua:
1588 3780 1639 3832 in
1677 3780 1755 3833 eis
1786 3790 1931 3841 sunt,
1995 3779 2129 3833 eiIe-

548 3883 751 3927 ctorem
776 3872 1160 3937 dereliquistis,
1191 3882 1244 3923 et
1267 3871 1472 3937 lapides
1532 3872 1675 3937 ipsos
1705 3870 1961 3922 adoratis.
1993 3870 2129 3921 Tum

545 3962 720 4017 Judex
769 3964 815 4013 ei
854 3963 988 4015 dixit
1032 3979 1044 4015 :
1092 3962 1169 4015 Ne
1216 3968 1370 4031 putes
1413 3962 1513 4015 ista
1553 3972 1643 4015 tua
1684 3964 1994 4015 constantia
2043 3975 2128 4015 me

549 4054 751 4106 victum
785 4052 885 4115 iri;
919 4068 1023 4105 non
1051 4053 1225 4105 sinam
1259 4063 1310 4105 te
1342 4052 1542 4114 vivere,
1569 4053 1668 4103 nisi
1701 4053 1804 4104 diis
1832 4052 2125 4113 saeritices,

548 4154 603 4198 et
663 4146 991 4198 invictorum
1053 4145 1438 4211 imperatorum
1492 4142 1684 4197 edictis
1736 4143 1977 4197 obedias.
2033 4142 2127 4196 Cui

548 4237 785 4290 Aeacius
849 4252 863 4289 :
926 4233 982 4289 Si
1036 4235 1280 4288 timerem
1354 4236 1526 4289 minas
1596 4244 1739 4297 tuas,
1794 4236 1972 4287 statim
2035 4235 2127 4288 tibi

551 4329 955 4395 obtemperans,
1006 4327 1253 4380 fecissem
1306 4328 1447 4394 quod
1484 4325 1671 4393 iubes;
1710 4326 1963 4395 quoniam
2000 4340 2130 4378 vero

550 4420 816 4473 sententia
848 4434 965 4471 mea
992 4418 1181 4470 melior
1202 4428 1305 4481 est,
1324 4432 1485 4486 quam
1515 4428 1624 4482 tua,
1652 4417 1977 4470 minasistas
1996 4417 2127 4468 nihil

552 4507 717 4559 timeo
752 4522 765 4558 :
803 4507 907 4569 l‘ac,
941 4506 1082 4573 quod
1120 4507 1267 4561 libet.

621 4596 764 4652 XIX.
802 4598 952 4651 Tunc
983 4599 1149 4651 Judex
1188 4597 1366 4653 furore
1416 4600 1654 4666 percitus
1687 4617 1699 4653 :
1740 4598 2127 4665 Sacriﬁcasne,

549 4692 746 4757 inquit,
782 4706 847 4740 an
892 4692 1068 4742 adhuc
1100 4691 1277 4758 pergis
1326 4692 1604 4743 insanire?
1647 4691 1946 4759 Respondit
1989 4692 2129 4745 Aca-

551 4781 663 4833 cius
702 4799 713 4833 :
755 4779 832 4833 Tu
889 4788 1068 4851 pergis
1111 4781 1158 4833 id
1196 4783 1397 4845 facere,
1431 4784 1519 4851 qui
1572 4784 1836 4846 homines,
1874 4800 1899 4834 a
1933 4784 2131 4852 quibus

553 4874 689 4925 nihil
725 4875 847 4925 mali
883 4876 1229 4927 commissum
1267 4886 1348 4929 est
1380 4892 1554 4944 neque
1598 4877 1797 4945 aliquid
1835 4878 1885 4931 in
1919 4888 1968 4930 te
2002 4892 2128 4944 pec-

547 4973 725 5017 catum
758 4962 876 5027 fuit,
914 4965 990 5017 sic
1019 4964 1216 5030 injuste
1248 4964 1563 5018 consumis?
1596 4964 1719 5017 Hmc
1742 4981 1859 5016 cum
1892 4967 2131 5019 :tudissct

532 5057 727 5127 judex,
752 5057 913 5121 jussit
943 5057 1116 5125 virgas
1145 5074 1381 5125 quernas
1412 5056 1619 5118 aﬂ'erri,
1644 5066 1696 5109 et
1721 5056 1836 5125 ejus
1871 5067 2019 5127 terga
2064 5072 2127 5111 ac

550 5160 791 5203 ventrem
828 5150 1124 5203 verberari.
1168 5151 1413 5218 Cumque
1448 5151 1635 5202 decem
1673 5150 1921 5203 homines
1968 5142 2130 5202 vicis?-

547 5241 649 5293 sim
697 5242 880 5294 Acacii
946 5255 1143 5307 corpus
1203 5246 1573 5296 verberarent.
1612 5255 1818 5311 martyr
1854 5243 1968 5309 ipse
2015 5251 2124 5293 tor-

550 5334 742 5386 mentis
803 5333 1057 5395 alllictus,
1114 5334 1191 5386 sic
1252 5333 1520 5386 clamabat
1577 5350 1591 5387 :
1643 5330 1878 5397 Christe,
1935 5332 2125 5397 adiuva

552 5419 805 5476 humilem
839 5440 1052 5477 servum
1093 5435 1271 5479 tuum.
1325 5426 1496 5478 Iratus
1530 5438 1707 5479 autem
1742 5426 1922 5494 iudex,
1969 5424 2129 5493 jussit

549 5523 789 5566 ventrem
852 5515 1081 5581 amplius
1140 5515 1437 5568 verberari.
1498 5514 1738 5584 Cumque
1802 5516 1988 5569 decem
2051 5515 2123 5567 ilii

546 5604 790 5657 homines
840 5605 939 5656 hoc
990 5604 1263 5664 iecissent,
1297 5613 1352 5657 et
1402 5605 1591 5657 beatus
1639 5615 1843 5673 martyr
1896 5605 2125 5666 doleret,

547 5706 675 5747 voce
716 5711 905 5763 magna
946 5696 1134 5749 dixit:
1185 5694 1411 5749 Domine
1466 5694 1593 5749 Jesu
1650 5695 1881 5757 Christe,
1930 5696 2124 5765 adjuva

551 5799 763 5841 servum
800 5798 942 5841 tuum
970 5788 1245 5843 Acacium.
1273 5786 1383 5843 Hoc
1416 5803 1535 5843 cum
1573 5790 1639 5843 ab
1672 5803 1735 5843 eo
1769 5790 1965 5843 dictum
1996 5788 2128 5845 fuis-

2286 2223 2393 2276 lil'.’
2428 2223 2485 2277 '0
2515 2222 2782 2291 δικαστὴς
2840 2217 2996 2275 εἶπεν
3022 2239 3033 2252 ·
3068 2224 3139 2276 Συ
3194 2224 3457 2293 χρήματα
3501 2224 3654 2292 παρᾶ
3696 2225 3814 2277 τῶν

2217 2316 2490 2367 συνέθνων
2527 2314 2692 2367 αὑτοῦ
2728 2313 2930 2377 λαϐὼν,
2984 2314 3200 2377 παίζειν
3232 2316 3408 2376 θέλεις
3452 2316 3512 2368 τὸ
3546 2316 3819 2386 δικαστή-

2219 2426 2353 2478 ριον.
2386 2409 2500 2459 Καὶ
2538 2406 2818 2474 θυμωθεὶς
2869 2406 3183 2469 ἐκέλευσεν,
3246 2409 3625 2476 καταυχενίοις
3660 2409 3821 2478 αὐτῷ

2224 2500 2500 2567 μολίδδεσι
2558 2498 2894 2569 χρησασθαι.
2936 2499 3025 2561 Ὠς
3056 2498 3112 2550 δὲ
3157 2498 3513 2561 ἐϐασανίζετο
3556 2502 3583 2551 6
3614 2501 3821 2570 δεσμο-

2220 2590 2414 2659 φύλαξ,
2449 2591 2576 2643 ὲῦὁα
2610 2591 2703 2643 καὶ
2730 2590 2916 2656 ἔλεγεν
2940 2606 2952 2619 ’
2982 2589 3185 2658 Δέομαί
3208 2605 3324 2654 σου,
3350 2592 3398 2643 εἰ
3429 2590 3606 2653 ἄλλως
3632 2588 3818 2655 εἷπον,

2220 2684 2545 2737 ἀπόκτεινόν
2579 2700 2668 2751 με.
2711 2684 2767 2735 Ὀ
2817 2683 3080 2751 δικαστὴς
3108 2679 3263 2736 εἶπεν
3287 2701 3300 2715 ·
3353 2684 3466 2736 Οὐκ
3506 2680 3599 2736 οὖν
3633 2686 3822 2754 γόητα.

2222 2777 2383 2827 αὐτὸν
2421 2776 2756 2841 ἀποφέρεις;
2824 2774 2881 2823 ’0
2933 2774 3281 2842 δεσμοφύλαξ
3328 2772 3522 2827 εἶπενο
3593 2776 3738 2842 Ἐγὼ
3789 2778 3821 2828 ὃ

2224 2861 2384 2926 εἶδον,
2419 2861 2572 2916 εἷπον
2595 2880 2606 2891 ·
2642 2865 2690 2914 εί
2715 2863 2769 2915 δὲ
2797 2864 2944 2915 ἐστιν
2976 2866 3132 2932 γόης,
3156 2865 3255 2915 οὐκ
3284 2860 3425 2918 οῖδα.
3468 2866 3523 2917 ’0
3550 2866 3605 2916 δὲ
3634 2868 3822 2933 μακὰ-

2229 2973 2339 3026 ριος
2365 2956 2633 3017 Ἂκάκιος
2670 2956 2842 3017 ἑστὼς
2868 2957 2961 3006 καὶ
2987 2955 3205 3007 ἀκούων
3236 2955 3414 3008 ταῦτα
3459 2959 3685 3024 ἐγέλασε
3721 2958 3826 3009 ἐπὶ

2225 3052 2289 3117 τῇ
2324 3050 2604 3117 ἀφροσύνῃ
2638 3048 2838 3111 αὐτῶν,
2870 3047 3147 3100 καὶτοῦτο
3170 3049 3426 3112 κλασθεὶς
3458 3051 3582 3112 τοὺς
3623 3051 3825 3116 σιαγὸ-

2228 3156 2345 3199 νας,
2370 3142 2443 3201 ὡς
2466 3141 2555 3191 τὸν
2580 3141 2840 3209 δικαστὴν
2870 3141 3032 3193 πάλιν
3054 3140 3415 3210 ὀργισθέντα·
3457 3142 3827 3207 Καταπαῖξαι

2231 3229 2388 3297 ἡμῶν
2448 3226 2630 3297 ἦλθες,
2684 3233 2881 3300 λέγων,
2920 3231 3138 3300 θαρρῶν
3197 3236 3318 3293 ταῖς
3367 3233 3643 3299 γοητείαις
3681 3248 3825 3299 σου;

2243 3321 2545 3391 Ἀπεκρίθη
2610 3323 2863 3383 Ἀκὰκιος
2885 3338 2898 3351 ·
2961 3321 3105 3385 Ἐγὼ
3139 3323 3236 3389 μὲν
3286 3323 3345 3373 οὗ
3380 3324 3708 3385 καταπαίζω
3742 3324 3826 3385 ἀς

2232 3414 2533 3481 ἐπικαίρων
2567 3414 2632 3481 τῇ
2658 3413 2907 3482 ἀπωλείᾳ
2939 3412 3093 3481 ὑμῶν
3120 3429 3133 3442 ο
3183 3412 3321 3466 ἀλλὰ
3354 3413 3445 3473 καὶ
3480 3414 3688 3483 σφόδρα
3721 3415 3827 3467 λυ-

2232 3504 2445 3570 ποῦμαι
2491 3503 2620 3572 περὶ
2650 3503 2749 3570 τῆς
2783 3503 2955 3556 ἀϊδίου
2991 3503 3147 3573 ὑμῶν
3178 3505 3431 3576 κρίσεως,
3490 3505 3723 3567 Παίζετε
3764 3506 3827 3559 δὲ

2233 3595 2389 3663 ὑμεῖς
2424 3595 2525 3664 τὴν
2554 3595 2766 3648 ἑαυτῶν
2801 3593 2966 3664 ζωὴν,
3003 3598 3401 3660 καταλιπόντες
3440 3598 3529 3649 τὸν
3557 3598 3827 3665 ἀληθινὸν

2230 3686 2384 3749 Θεὸν,
2417 3688 2507 3738 τὸν
2542 3687 2846 3755 ποιήσαντα
2886 3686 2979 3737 τὸν
3013 3688 3266 3756 οὐρανὸν,
3301 3690 3394 3738 καὶ
3427 3689 3524 3755 τὴν
3556 3688 3681 3755 γῆν,
3719 3691 3828 3740 καὶ

2230 3781 2329 3845 τὴν
2391 3779 2692 3839 Θάλασσαν,
2734 3779 2828 3829 καὶ
2863 3779 3040 3829 πάντα
3091 3778 3159 3829 τὰ
3190 3779 3246 3828 ὲν
3279 3779 3483 3839 αὐτοῖς,
3516 3780 3610 3828 καὶ
3645 3778 3826 3842 λίθοις

2234 3867 2691 3937 προσκυνοῦντες.
2736 3866 2795 3917 Ὀ
2818 3867 3079 3936 δικαστὴς
3120 3861 3313 3918 εἶπενο
3362 3866 3455 3936 Μὴ
3477 3866 3706 3939 νομίσῃς
3750 3888 3827 3937 με

2233 3959 2451 4026 νικῆσαι
2482 3959 2545 4027 τῇ
2578 3956 2795 4027 εὐτονία
2846 3973 2941 4009 σου
2967 3975 2979 3987 ·
3015 3958 3117 4009 οὐκ
3169 3956 3243 4009 ἐῶ
3278 3975 3332 4009 σε
3367 3956 3553 4027 ζῆσαι,
3588 3959 3684 4011 ὲάν
3739 3964 3824 4032 μὴ

2232 4043 2404 4113 θύσῃς
2446 4047 2538 4095 καὶ
2598 4044 2896 4113 πληρώσῃς
2951 4046 3012 4099 τὸ
3067 4049 3413 4117 προσταχθέν
3453 4066 3535 4101 σοι
3565 4049 3672 4102 ὑπο
3704 4053 3829 4104 τῶν

2232 4134 2515 4202 ἀηττήτων
2539 4137 2963 4209 αὐτοκρατόρων
3000 4138 3291 4208 βασιλέων.
3339 4139 3594 4200 ’Δκάκιος
3623 4140 3779 4208 λέγει
3811 4160 3827 4175 ο

2232 4226 2294 4277 Εἰ
2327 4225 2639 4297 ἐφοὸούμην
2664 4245 2759 4280 σου
2783 4229 2880 4291 τὰς
2903 4229 3159 4294 ἀπειλὰς,
3192 4230 3302 4282 ἀπὸ
3348 4230 3571 4299 πρώτης
3600 4231 3667 4288 ἂν
3693 4250 3834 4287 πει-

2233 4318 2379 4380 σθείς
2405 4336 2485 4371 σοι
2516 4321 2735 4373 ἐποίουν
2757 4319 2787 4370 ὃ
2820 4320 2997 4386 λέγεις
3018 4337 3033 4349 ·
3070 4320 3260 4389 ἐπειδὴ
3283 4320 3337 4371 δὲ
3367 4323 3393 4372 6
3423 4322 3681 4389 λογισμός
3709 4342 3827 4391 μου

2233 4410 2470 4462 καλλίων
2494 4428 2587 4463 σου
2627 4413 2744 4463 ἐστὶ
2782 4413 2875 4462 καὶ
2900 4413 2959 4463 οὐ
2987 4411 3266 4481 φοϐοῦμαί
3299 4431 3394 4466 σου
3428 4416 3527 4477 τὰς
3558 4416 3825 4483 ἀπειλὰς,

2163 4515 2206 4570 ι)
2238 4500 2430 4552 ποίειὸ
2454 4500 2647 4562 θέλεις.

2288 4593 2405 4669 ,ΙΘἍ
2439 4594 2573 4646 Τότε
2615 4594 2889 4665 Θυμωθε“ις
2922 4597 2950 4649 6
2987 4597 3253 4668 δικαστὴς
3279 4588 3471 4667 λέγει·
3516 4599 3675 4662 Θύεις
3702 4598 3827 4655 λοι-

2235 4686 2388 4753 πὸνῆ
2423 4685 2502 4737 ἔτι
2533 4687 2816 4754 ἐπιμένεις
2851 4692 2914 4757 τῇ
2953 4691 3136 4760 μωρίᾳ.
3176 4708 3307 4757 σου;
3353 4693 3606 4755 Ἀκάκιος
3637 4689 3826 4745 εἶπεν·

2246 4773 2556 4840 Ἐπιμένεις
2588 4775 2652 4824 σὺ
2685 4777 3003 4844 ἀνθρώπους
3036 4780 3204 4847 μηδὲν
3237 4781 3553 4848 πράξαντας
3582 4784 3754 4835 κακὸν
3790 4786 3828 4851 ἢ

2232 4865 2619 4935 ἀδικήσαντας,
2650 4868 2851 4932 ἀδίκως
2874 4870 3047 4935 οὕτως
3075 4873 3422 4940 ἀναλίσκων;
3468 4876 3737 4951 ’Λκούσας
3765 4880 3829 4931 δὲ

2232 4957 2401 5010 ταῦτα
2424 4960 2451 5009 ὁ
2474 4960 2755 5031 δικαστὴς,
2788 4964 3005 5017 κελεύει
3035 4966 3298 5035 μηλεῖνας
3336 4968 3565 5034 ῥάϐδους
3590 4970 3830 5040 ἐνεχθῆ-

2233 5067 2320 5103 ναι
2355 5054 2447 5103 κα“ι
2478 5054 2618 5103 κατὰ
2654 5052 2747 5103 τοῦ
2790 5054 2960 5108 νώτου
2993 5057 3089 5107 καὶ
3119 5058 3217 5124 τῆς
3248 5059 3459 5121 κοιλίας
3511 5060 3828 5117 τύπτεσθαι

2232 5144 2419 5196 αὐτόν.
2485 5144 2854 5213 Ἀλλαγέντων
2880 5148 2936 5199 δὲ
2991 5148 3122 5200 δέκα
3162 5150 3471 5219 ἀνθρώπων
3500 5152 3829 5207 τυπτόντων

2231 5237 2413 5299 αὑτὸν,
2441 5238 2467 5287 6
2500 5237 2713 5309 μάρτυς
2739 5241 2797 5291 ἐν
2830 5241 2948 5301 ταῖς
2977 5241 3233 5309 βασάνοις
3263 5243 3391 5296 ἐϐόα
3426 5242 3632 5310 λέγων·
3674 5247 3826 5315 Χρι--

2232 5328 2342 5391 στὲ,
2373 5327 2557 5397 βοήθει
2591 5347 2681 5397 μοι
2711 5330 2788 5399 τῷ
2817 5333 3059 5404 ταπεινῷ
3099 5335 3275 5403 δούλῳ
3326 5352 3443 5388 σου.
3481 5336 3589 5388 Καὶ
3624 5336 3824 5406 Θυμω-

2230 5420 2343 5483 θεὶς
2364 5424 2392 5472 6
2432 5423 2692 5493 δικαστὴς
2716 5425 2927 5478 κελεύει
2961 5427 3104 5479 κατὰ
3125 5430 3223 5496 τῆς
3259 5429 3473 5493 κοιλίας
3505 5430 3822 5483 τύπτεσθαι

2230 5514 2410 5568 αὐτόν.
2458 5516 2731 5584 Ἀλγήσας
2762 5516 2863 5568 δὲὸ
2908 5519 3180 5588 μακάριος
3214 5523 3479 5591 ἀνεϐόησε
3516 5526 3667 5592 φωνῇ
3712 5510 3821 5592 με-

2231 5605 2393 5675 γάλῃ,
2426 5608 2519 5658 καὶ
2568 5603 2756 5659 εἷπενσ
2812 5608 2984 5678 Κύριε
3030 5612 3204 5679 Ἰησοῦ
3240 5614 3464 5681 Χριστὲ,
3518 5614 3705 5683 βοήθει
3737 5616 3821 5684 τῷ

2229 5696 2401 5767 δούλῳ
2441 5714 2534 5750 σου
2601 5700 2862 5771 Ἀκακίῳ.
2918 5702 3119 5755 Τούτου
3181 5706 3443 5775 ῥηθέντος
3492 5708 3582 5758 ὑπ’
3619 5708 3822 5776 αὑτοῦ,

2231 5789 2432 5855 εὐθέως
2465 5792 2621 5865 φωνὴ
2642 5794 2706 5847 ὲκ
2737 5794 2829 5849 τοῦ
2853 5795 3087 5867 οὐρανοῦ
3113 5798 3333 5866 ἐγένετο
3364 5798 3597 5867 λέγουσα
3631 5799 3703 5853 αὑ
3718 5800 3791 5869 τῷ
