3966 6454
186 378 277 441 245

1390 391 1573 450 νιΤΑ
1615 391 1676 450 S.
1723 389 2136 456 BONIFACII.

3297 400 3402 462 246

185 496 401 559 φῦλακας
433 511 493 547 τε
526 495 723 560 αὐτοὺς
740 532 753 544 ο
774 500 867 552 καὶ
898 500 1149 571 σωτῆρας
1171 502 1464 565 διαπαντὸς
1488 504 1717 573 ἔχοιμεν

1834 503 2029 566 rimus,
2057 516 2112 560 et
2137 521 2321 561 sacras
2347 506 2496 562 aedes
2520 508 2602 563 eis
2630 508 3102 575 acdiﬁeaverimus,
3140 528 3235 567 eos
3261 531 3406 569 seui-

184 584 345 636 Ἰἀῦτα
368 586 506 653 πρὸς
538 587 708 641 αὑτὸν
734 592 1010 660 είρηκυία,
1039 593 1163 647 ἐπεὶ
1192 595 1329 665 πρὸς
1356 596 1548 649 ἑκόντα
1581 595 1732 663 ἔλεγε

184 674 262 729 καὶ
308 675 583 745 πρόθυμον
624 678 723 749 τὴν
782 680 1107 750 ὑπηρεσίαν,
1171 688 1398 755 χρυσίον
1435 687 1731 756 ἐγχειρίζει

184 762 349 830 συχνόν
368 780 379 793 '
404 764 527 818 οὐδὲ
563 767 673 837 γὰρ
701 769 825 837 ὲΞῆν
852 770 1106 839 λείψανον
1127 790 1181 827 τι
1221 775 1499 845 μάρτυρος
1533 780 1732 846 προῖκα

181 855 358 919 λαϐεῖν,
394 858 525 910 ἀλλὰ
573 862 633 913 τὸ
693 863 823 914 πολὺ
873 866 980 917 τῶν
1012 868 1355 934 Χριστιανῶν
1410 871 1538 939 περὶ
1591 872 1730 922 αὐτὰ

183 950 376 1019 φίλτρον
432 953 706 1021 πορισμοῦ
763 960 872 1018 τοῖς
922 958 1146 1011 ἀσεόἐσι
1207 962 1481 1031 πρόφασις
1510 958 1599 1031 ἦν,
1636 965 1730 1015 καὶ

183 1041 350 1092 πολλοῦ
384 1044 519 1111 πρὸς
548 1044 792 1108 ἐκείνους
820 1049 958 1101 αὐτὰ
988 1053 1253 1120 παρέχειν
1290 1055 1489 1107 ἐποίει.
1520 1055 1727 1108 Τούτου

179 1131 255 1182 οὖν
278 1133 457 1196 ἕνεκα,
514 1138 709 1205 συχνὸν
728 1140 793 1191 τὸ
820 1143 1057 1209 χρυσίον,
1108 1148 1203 1195 καὶ
1232 1144 1319 1196 ἵνα
1352 1148 1449 1199 καὶ
1501 1149 1730 1218 πένησιν

179 1226 243 1285 εἰς
281 1225 538 1296 διανομὴν
607 1230 838 1300 ἀρκέσῃ.
878 1234 1267 1303 Συνεκπέμπει
1314 1238 1373 1290 δὲ
1417 1242 1513 1292 καὶ
1546 1242 1731 1307 ίππεῖς

178 1313 375 1373 δώδεκα.
413 1318 563 1385 μύρα
588 1336 645 1371 τε
677 1322 772 1373 καὶ
806 1323 1049 1385 σινδόνας
1078 1328 1173 1378 καὶ
1224 1323 1395 1381 τᾶλλα
1428 1333 1528 1384 ὅσα
1559 1352 1727 1403 προσ-

176 1404 287 1470 ἧκον
338 1407 415 1468 εἰς
470 1410 641 1479 τιμὴν
671 1413 784 1473 τοῖς
817 1414 1015 1478 ἁγίοις.
1054 1415 1217 1469 Ἀλλὰ
1249 1423 1577 1488 προσεκτέον
1601 1440 1615 1453 ”
1645 1427 1730 1476 ὲν·-

175 1496 327 1548 ταῦθα
361 1500 463 1569 γὰρ
504 1502 714 1571 ἥκομεν
737 1504 864 1557 ἔνθα
900 1506 995 1561 καὶ
1022 1509 1084 1560 το
1132 1510 1225 1563 τοῦ
1259 1511 1599 1583 διηγήματος
1632 1534 1728 1587 χαι-

176 1603 453 1653 ριεσιατον.

229 1770 293 1822 Δ’.
337 1770 421 1831 Ὠς
452 1773 560 1842 ἤδη
605 1777 832 1845 πορείας
891 1780 1115 1849 ἔμελλεν
1142 1786 1169 1835 ὁ
1199 1786 1517 1853 Βονιεράτιος
1547 1788 1718 1843 ἄπτε-

175 1863 297 1925 σθαι,
335 1862 519 1925 εὐθὺς,
550 1863 743 1935 ὥσπερ
773 1866 876 1919 ὑπὸ
899 1870 1164 1939 γραμμῆς
1212 1875 1313 1941 τὴν
1342 1876 1537 1929 ἑαυτοῦ
1563 1876 1721 1945 νίκην

173 1952 249 2001 καὶ
290 1952 376 2004 τὸν
407 1955 678 2021 στέφανον
726 1962 1152 2029 προσημαίνων,·
1181 1964 1241 2017 Εἰ
1269 1964 1323 2018 δέ
1347 1984 1485 2031 πως,
1516 1967 1643 2039 ἔφη,
1676 1967 1721 2021 ὦ

168 2043 417 2107 δέσποινα,
446 2049 659 2116 ταύτης
700 2051 798 2119 μὲν
850 2054 1173 2124 διαμαρτεῖν
1204 2060 1303 2128 τῆς
1331 2061 1718 2130 ἐγχειρήσεως.

169 2132 394 2202 δεύτερος
423 2138 504 2201 δὲ,
544 2140 571 2191 ὃ
598 2158 755 2209 φασι,
794 2145 962 2209 πλοῦς
996 2149 1056 2201 τὸ
1080 2150 1213 2219 ὲμὸν
1248 2169 1331 2205 σοι
1365 2153 1525 2223 σῶμα
1559 2172 1723 2225 προσο

170 2227 419 2297 ανεχθείη,
449 2232 562 2299 ἄρα
592 2248 675 2286 σοι
712 2235 777 2288 ἂν
805 2236 961 2290 τοῦτο
1010 2242 1230 2311 μέτριον
1272 2243 1355 2313 εἴη
1392 2246 1485 2298 τοῦ
1516 2248 1720 2301 σκοποῦ

172 2317 516 2385 παραμύθιον,
572 2323 665 2374 καὶ
701 2328 863 2393 τιμῆς
904 2329 1051 2391 ἄξιον
1081 2334 1229 2398 παρὰ
1258 2332 1352 2391 σοῦ
1394 2338 1717 2405 νομισθείης

171 2404 262 2454 Καὶ
292 2407 455 2460 ταῦτα
494 2412 595 2475 μὲν
620 2412 751 2473 ἴσως
794 2416 1001 2477 ἐκεῖνος
1042 2420 1252 2482 παίζων
1306 2425 1443 2490 πρὸς
1485 2428 1581 2493 τὴν
1630 2429 1720 2481 δὲ-

172 2508 367 2545 σποιναν
404 2497 435 2563 ἢ
472 2499 831 2562 σπουδάζωνο
875 2504 902 2553 ὀ
944 2504 999 2556 δὲ
1031 2505 1164 2568 Θεὸς
1210 2509 1271 2562 τὸ
1307 2511 1499 2579 μέλλον
1533 2513 1719 2587 ὥσπερ

166 2582 236 2632 6-1:
263 2584 353 2650 τῆς
410 2588 629 2639 ἐκείνου
684 2594 1060 2665 προηγόρευσε
1113 2599 1379 2671 γλώττης.
1424 2606 1489 2657 Ἡ
1537 2609 1721 2675 μέντοι

177 2675 368 2739 Ἀγλαΐς
392 2695 405 2707 ”
440 2681 523 2737 Ui;
552 2684 765 2752 καιρὸς,
820 2686 945 2757 ἔφη,
996 2690 1302 2758 Βονιφάτιε,
1363 2698 1576 2760 παιδιᾶς
1602 2702 1723 2754 οὐδὲ

168 2765 320 2832 λῦγων
376 2772 665 2840 τοιούτων,
710 2771 785 2829 ὧν
837 2780 1217 2851 ἀποσχόμενον
1275 2787 1519 2853 εὐλαϐῶς
1578 2791 1721 2861 ἔχειν

169 2860 525 2929 προτρέπομαι
602 2866 697 2915 καὶ
758 2870 1034 2935 κοσμίως,
1106 2874 1227 2925 ἐπεὶ
1295 2880 1387 2931 καὶ
1461 2883 1720 2949 τοιούτοις

167 2948 432 3017 ὑπηρετεῖν
466 2954 711 3022 μέλλεις,
746 2949 820 3009 ὧν
844 2960 1010 3027 ἡμᾶς,
1046 2962 1121 3032 μὴ
1151 2965 1229 3016 ὅτι
1262 2983 1321 3032 γε
1350 2970 1564 3036 ψαύειν,
1588 2948 1723 3030 ἀλλά

166 3042 244 3091 καὶ
272 3042 487 3110 βλέπειν
551 3048 677 3110 τοὺς
731 3050 986 3115 ἀναξίους
1044 3055 1346 3127 πάντολμον
1397 3064 1490 3115 καὶ
1524 3064 1719 3133 Θρασῦ.

1838 610 1936 663 per
1970 596 2269 652 habeamus
2302 600 2564 654 custodes
2590 610 2647 654 et
2674 614 3006 659 servatores.
3044 606 3167 658 Haec
3198 623 3323 663 cum
3354 608 3406 662 ei

1837 685 2086 748 dixisset,
2118 698 2174 742 et
2203 704 2260 743 se
2285 690 2521 744 libenter
2550 692 2601 745 id
2637 692 3006 747 ministerium
3040 707 3405 767 promptaque

1834 788 1889 831 et
1916 779 2080 832 alacri
2102 780 2289 834 animo
2315 782 2596 837 obiturum
2620 785 2971 848 ostendisset,
3003 790 3166 842 tradit
3199 791 3246 843 ei
3268 792 3409 843 mul-

1836 863 1947 921 tum
1980 871 2120 925 auri.
2157 869 2345 939 Neque
2378 875 2525 927 enim
2551 875 2749 929 licebat
2780 879 2947 946 gratis
2975 881 3230 947 accipere
3268 883 3407 936 ullas

1834 970 2134 1031 martyrum
2172 964 2457 1031 reliquias,
2487 966 2581 1019 sed
2619 967 3065 1023 Christianorum
3097 989 3325 1041 magnus
3354 975 3408 1027 in

1831 1065 1922 1104 eas
1949 1067 2121 1114 amor,
2155 1064 2273 1107 erat
2299 1054 2482 1123 impiis
2510 1071 2673 1111 causa
2707 1059 2868 1121 lucri,
2912 1072 2966 1113 et
3019 1061 3290 1115 ellieiebat
3351 1076 3410 1117 ut

1832 1144 2050 1196 nonnisi
2084 1146 2268 1212 magni
2322 1162 2418 1200 eas
2451 1158 2663 1217 emptas
2692 1150 3021 1218 pra-berem.
3052 1152 3126 1207 Ea
3156 1154 3221 1206 de
3245 1172 3409 1209 causa

1834 1233 2002 1287 tuittit
2030 1236 2257 1289 multum
2283 1237 2426 1299 auri,
2456 1249 2511 1291 et
2546 1249 2605 1293 ut
2636 1242 2799 1294 etiam
2837 1243 3085 1306 haberet,
3116 1248 3260 1313 quod
3292 1248 3406 1301 dis—

1833 1325 2102 1380 tribueret
2128 1331 2482 1398 pauperibus.
2513 1330 2683 1385 Mittit
2736 1344 2917 1387 autem
2949 1350 3071 1387 cum
3106 1353 3172 1389 eo
3233 1353 3407 1406 equos

1830 1433 2047 1486 quoque
2078 1419 2393 1484 duodecim,
2429 1432 2483 1476 et
2526 1434 2900 1492 unguentum,
2930 1435 2986 1479 et
3046 1428 3329 1493 sindonas,
3353 1442 3411 1484 et

1829 1525 2171 1581 quaecunque
2200 1513 2301 1566 alia
2327 1515 2451 1567 usui
2479 1525 2639 1568 erant
2670 1516 2737 1568 ad
2771 1517 3123 1573 honorandos
3161 1531 3403 1575 sanctos.

1832 1602 1940 1657 Sed
1973 1614 2058 1658 est
2082 1604 2477 1659 attendendum
2505 1624 2519 1671 ;
2552 1607 2661 1661 hue
2692 1608 2839 1661 enim
2881 1610 3152 1675 venimus,
3194 1611 3287 1665 ubi
3322 1624 3406 1667 est

1829 1698 2075 1754 narratio
2098 1699 2517 1769 iucundissima.

1898 1790 1984 1844 IV.
2014 1790 2148 1844 Cum
2173 1794 2283 1861 jam
2325 1792 2638 1846 Bonifacius
2699 1804 2846 1848 esset
2892 1794 2995 1849 iter
3035 1796 3401 1865 ingressurus,

1822 1882 2004 1935 statim
2037 1886 2191 1950 quasi
2242 1885 2503 1951 graphice
2542 1886 2830 1939 victoriam
2862 1902 3013 1940 suam
3046 1897 3103 1941 el
3135 1904 3398 1942 coronam

1821 1968 2287 2039 prasignilicans:
2324 1967 2379 2025 Si
2406 1971 2564 2036 forte,
2602 1973 2800 2041 inquit,
2822 1974 3109 2033 odomina.
3140 1976 3403 2043 quemad-

1822 2061 2045 2115 modum
2076 2062 2366 2131 contingit,
2402 2071 2459 2113 ut
2487 2063 2588 2116 hoc
2614 2064 2835 2131 quidem
2863 2074 3045 2132 coepto
3081 2066 3361 2120 frustraris
3386 2085 3398 2122 :

1823 2151 2062 2206 secunda
2115 2166 2270 2213 vero,
2328 2158 2387 2205 ut
2415 2152 2595 2224 aiunt,
2650 2152 2945 2223 navigatio,
2996 2170 3177 2207 meum
3232 2155 3297 2208 ad
3348 2165 3400 2211 te

1822 2256 2023 2311 corpus
2075 2241 2309 2297 aﬂerat:
2371 2242 2611 2300 fueritne
2682 2243 2786 2298 hoc
2842 2244 2939 2297 tibi
2988 2245 3265 2299 mediocre
3326 2249 3401 2301 tui

1824 2332 2057 2387 instituti
2089 2348 2151 2387 ac
2191 2333 2341 2402 scopi
2392 2335 2674 2395 solatium,
2721 2344 2777 2389 et
2823 2335 2967 2403 apud
3002 2344 3052 2389 te
3092 2337 3402 2391 habendum

1823 2422 1876 2474 in
1934 2423 2185 2476 honore?
2232 2423 2301 2476 Et
2350 2425 2465 2477 hzcc
2516 2426 2739 2492 quidem
2798 2426 2889 2480 ille
2942 2428 3174 2480 fortasse
3236 2431 3405 2497 magis

1821 2514 2018 2568 ludens
2057 2513 2201 2580 apud
2249 2513 2547 2578 dominam,
2595 2532 2757 2583 quam
2800 2532 2968 2584 agens
3008 2521 3153 2571 serio
3188 2538 3200 2570 :
3256 2522 3401 2575 Deus

1820 2611 2001 2656 autem
2030 2602 2104 2661 id.
2152 2601 2297 2669 quod
2344 2612 2465 2655 erat
2509 2614 2778 2662 tuturum.
2828 2607 3079 2673 przedixit
3127 2623 3225 2675 per
3256 2610 3401 2665 illius

1823 2697 2083 2765 linguam.
2116 2696 2297 2764 Aglais
2332 2710 2462 2750 vero
2492 2712 2505 2748 :
2536 2695 2655 2749 Non
2700 2706 2805 2762 est,
2834 2713 2865 2751 ο
2898 2697 3161 2762 Bonifaci,
3200 2701 3399 2770 inquit,

1824 2798 2038 2855 tempus
2086 2787 2331 2851 ludendi,
2381 2803 2557 2855 neque
2590 2788 2787 2842 horum
2839 2791 3155 2855 verborum,
3216 2794 3398 2861 aqui-

1823 2880 1923 2934 bus
1950 2879 2316 2933 abstineutcm
2342 2880 2535 2949 jubeo,
2570 2891 2628 2933 ut
2661 2881 2749 2948 pic
2776 2890 2831 2933 et
2875 2883 3103 2936 honeste
3136 2892 3187 2937 te
3217 2900 3395 2953 geras.

1822 2975 1955 3028 Nam
2000 2974 2068 3029 iis
2112 2990 2173 3029 es
2207 2974 2597 3037 inserviturus,
2642 2990 2763 3044 quae
2805 2991 2907 3030 nos
2934 2991 3041 3031 non
3072 2978 3247 3031 solum
3279 2988 3397 3033 tan-

1822 3082 1969 3134 gere,
2032 3066 2125 3119 sed
2186 3068 2351 3119 etiam
2405 3068 2654 3135 aSpicere
2714 3068 3005 3139 indignos,
3068 3071 3249 3125 nimia:
3312 3083 3398 3126 est

165 3132 359 3200 Τούτοις
386 3140 711 3210 ἀρκούντως
748 3145 1121 3217 ὲπιτιμήσασα
1157 3153 1249 3203 καὶ
1287 3155 1717 3223 ἑντρέψασα,καῒ

1829 3132 2069 3211 audacize
2103 3165 2157 3209 et
2189 3157 2532 3209 temeritatis.
2566 3156 2703 3209 Cum
2743 3160 2829 3213 his
2866 3161 2997 3213 satis
3032 3162 3394 3230 increpasset,

162 3224 327 3297 ὥσπερ
356 3232 475 3284 ἀντὶ
508 3234 735 3295 παιδιᾶς
769 3237 1002 3306 ἀκαίρου
1039 3243 1119 3304 είς
1173 3245 1338 3311 ιρόῦον
1365 3247 1585 3317 εὔλογον
1612 3252 1710 3322 τὴν

163 3318 344 3372 ἐκείνου
365 3322 552 3393 ψυχὴν
572 3327 989 3394 καταστήσασα,
1023 3324 1143 3385 εἷτα
1172 3336 1287 3398 καὶ,
1307 3336 1366 3387 ’0
1384 3337 1537 3401 Θεὸς,
1556 3318 1709 3397 ἐπει-

162 3408 331 3473 ποῦσα,
364 3414 389 3463 ὁ
414 3411 483 3463 δι’
522 3408 673 3479 ἡμᾶς
715 3418 933 3489 μορφὴν
956 3420 1142 3474 δούλου
1180 3424 1355 3478 λαϐὼν
1382 3426 1477 3481 καὶ
1503 3431 1559 3481 τὸ
1583 3433 1710 3485 ἑαυ-

160 3503 235 3551 τοῦ
258 3497 388 3570 αἷμα
429 3505 658 3575 ἐκχέας,
708 3500 871 3573 αὐτὸς
902 3513 1123 3583 παρίδοι
1163 3517 1232 3571 τὰ
1259 3520 1575 3591 πταίσματά
1609 3542 1709 3593 μου

162 3591 238 3640 καὶ
282 3593 574 3650 ἀποστελεῖ
624 3599 716 3651 τὸν
770 3600 1004 3668 ἄγγελον
1034 3605 1200 3659 αὑτοῦ
1254 3608 1564 3680 ἔμπροσθέν
1592 3591 1708 3680 σου,

162 3683 236 3732 καὶ
257 3685 578 3740 καθευουνεῐ
614 3690 681 3744 τὰ
716 3691 1030 3761 διαδήματά
1054 3713 1148 3748 σου
1170 3713 1184 3727 ⁸
1218 3700 1353 3768 πρὸς
1373 3702 1584 3766 τούτοις
1618 3708 1712 3760 καὶ

160 3773 312 3836 δεξιὰν
339 3779 486 3847 αὖτῷ
526 3783 631 3852 τὴν
667 3783 925 3837 ἐπάνοδον
948 3787 1220 3858 εὐξαμένη
1272 3792 1571 3861 ἐξέπεμψε.
1609 3797 1711 3850 Τὸν

159 3860 202 3912 δὲ
227 3864 532 3935 Βονιιράτιον
566 3871 787 3942 ὤνησαν
822 3877 920 3943 μὲν
944 3878 1005 3929 οὑ
1039 3880 1273 3948 μετρίως
1303 3899 1363 3935 τε
1404 3860 1500 3938 καὶ
1535 3889 1582 3939 oi
1612 3888 1711 3958 τῆς

158 3952 414 4030 δεσποίνης
448 3962 630 4029 λόγοι,
658 3966 752 4018 καὶ
803 3968 941 4036 πρὸς
975 3970 1044 4022 τὰ
1076 3970 1195 4027 θεῖά
1222 3991 1283 4026 τε
1312 3977 1405 4027 καὶ
1440 3952 1712 4049 σεόἀσμία

160 4049 352 4119 περιδεῆ
388 4055 763 4122 κατέστησαν,
797 4057 921 4109 ὂΟεν
956 4059 1078 4112 οὗτε
1119 4063 1296 4130 κρεῶν
1334 4065 1537 4132 ἥπτετο
1571 4071 1712 4122 κατὰ

158 4141 238 4206 τὴν
266 4145 510 4212 πορείαν,
539 4145 669 4198 οὔτε
703 4146 813 4213 μὴν
842 4150 971 4217 οἴνῳ
998 4152 1196 4221 ἐχρῆτο
1219 4169 1233 4184 ·
1266 4155 1437 4225 εἰσῄει
1468 4158 1524 4210 δὲ
1548 4161 1711 4214 αὑτὸν

160 4235 238 4286 καὶ
267 4235 546 4307 λογισμὸς,
601 4238 791 4308 ὥσπερ
847 4243 1195 4313 παιδαγωγὸς
1241 4246 1466 4316 ἀγαθὸς,
1497 4250 1710 4322 ὅτιπερ,

158 4318 244 4377 Οἷα
268 4328 487 4394 δράσας.
532 4326 627 4382 οἷα
685 4332 868 4399 μέλλω
897 4338 1083 4404 χερσὶν
1125 4339 1379 4406 ἀνάγνοις
1415 4318 1711 4413 μετακομί-

158 4414 278 4481 (sua;
311 4423 414 4473 Καὶ
430 4421 512 4491 τῷ
548 4423 663 4474 δέει
685 4424 862 4491 τούτῳ
889 4426 1071 4495 ἡρέμα
1092 4445 1144 4480 τι
1168 4431 1265 4497 τῆς
1300 4435 1439 4502 πρὸς
1470 4435 1528 4486 τὸ
1552 4437 1711 4505 σῶμα

1813 3258 1869 3305 et
1917 3240 2123 3316 pudere
2159 3246 2451 3311 adfecisset,
2493 3257 2548 3302 et
2582 3264 2678 3315 pro
2724 3250 2855 3305 ludo
2894 3252 3283 3319 intempestivo
3326 3256 3395 3307 ad

1808 3344 2017 3413 justum
2047 3352 2103 3394 ct
2146 3339 2341 3393 rationi
2383 3336 2811 3393 consentaneum
2846 3354 3048 3395 metum
3081 3342 3232 3396 illius
3274 3344 3394 3398 aui-

1814 3448 1956 3485 niam
1992 3430 2327 3484 traduxisset
2355 3440 2409 3483 et
2438 3431 2663 3484 dixisset
2694 3449 2705 3484 :
2747 3432 2910 3495 Deus,
2946 3435 3038 3501 qui
3094 3436 3235 3487 servi
3280 3436 3395 3489 for-

1814 3540 1957 3577 mam
1988 3534 2207 3592 propter
2232 3536 2332 3575 nos
2361 3521 2581 3591 accipit,
2625 3533 2680 3577 ct
2723 3539 2882 3576 suum
2924 3523 3125 3580 eﬂudit
3165 3529 3392 3596 sangui-

1813 3630 1961 3678 nem,
1995 3613 2108 3680 ipse
2136 3612 2202 3665 ad
2234 3627 2350 3665 mea
2382 3627 2490 3665 non
2541 3614 2772 3680 aspiciat
2828 3615 3049 3677 delicta,
3109 3625 3164 3670 et
3215 3620 3395 3674 mittat

1814 3705 2067 3774 angelum
2124 3719 2284 3758 suum
2316 3716 2443 3758 ante
2494 3714 2569 3763 te.
2620 3714 2675 3758 ct
2722 3705 2925 3774 dirigat
2970 3722 3192 3775 gressus
3246 3720 3390 3767 tuos.

1817 3797 2024 3850 Deinde
2070 3796 2308 3848 faustum
2349 3798 2397 3849 ei
2448 3806 2666 3863 precata
2708 3796 2965 3859 reditum,
2992 3814 3117 3851 eum
3162 3801 3386 3855 emittit.

1816 3888 2092 3941 Bonifacio
2145 3901 2275 3939 vero
2324 3902 2433 3939 non
2487 3886 2843 3939 mediocriter
2890 3891 3114 3955 quidem
3171 3892 3393 3959 profue-

1815 3992 1946 4035 runt
1975 3980 2141 4033 verba
2170 3979 2427 4039 domiute,
2458 3988 2513 4033 et
2542 3986 2601 4031 ut
2637 3994 2723 4032 res
2752 3978 2968 4031 divinas
3008 3990 3065 4034 et
3102 3984 3391 4051 religiosas

1814 4078 2179 4131 revereretur,
2232 4067 2557 4121 clIocerunt.
2614 4068 2752 4123 Hinc
2822 4070 3023 4124 factum
3087 4084 3281 4127 est‘ut
3335 4077 3391 4129 in

1816 4160 2014 4215 itinere
2061 4173 2165 4213 nec
2218 4173 2414 4211 carnes
2460 4168 2731 4225 tangeret,
2793 4174 2894 4212 nec
2942 4163 3067 4213 vino
3117 4174 3387 4218 uteretur.

1816 4251 2046 4305 Subibat
2097 4260 2279 4303 autem
2327 4251 2446 4319 ejus
2511 4264 2732 4317 quoque
2791 4261 3030 4305 mentem
3107 4254 3389 4323 cogitatio,

1815 4341 1983 4395 veluti
2035 4341 2257 4410 quidam
2316 4340 2496 4393 bonus
2546 4341 2872 4411 paedagogus
2940 4360 2953 4396 :
3003 4345 3193 4409 Qualia
3263 4360 3391 4403 sunt

1816 4447 1937 4500 quae
1970 4431 2094 4494 feci,
2154 4440 2208 4483 et
2240 4431 2419 4499 qualia
2457 4446 2577 4483 sum
2626 4432 2857 4500 impuris
2903 4436 3157 4488 manibus
3202 4450 3391 4505 porta-

158 4512 511 4575 προσπαοείας
567 4512 972 4588 κατωλιγώρει,
1033 4519 1127 4571 καὶ
1188 4519 1366 4589 ἑαυτῷ
1421 4527 1708 4596 προσέχειν

1823 4523 2004 4575 turus?
2056 4523 2282 4589 l’roptcr
2324 4521 2472 4575 hunc
2508 4533 2637 4575 vero
2685 4534 2913 4589 metum,
2963 4527 3167 4580 sensim
3216 4531 3391 4599 negli-

157 4598 373 4657 ἐπείθετο
391 4624 403 4636 ·
432 4606 604 4675 φύσας
637 4606 739 4675 μὲν
765 4606 874 4677 γὰρ
901 4610 1085 4681 πατὴρ
1109 4613 1385 4683 προσοχῆς
1407 4632 1421 4645 ⁸
1458 4617 1490 4686 ἡ
1523 4617 1579 4670 δὲ
1610 4634 1711 4684 γα-

157 4689 295 4762 λήνης
325 4700 513 4769 μήτηρ
567 4699 668 4751 καὶ
696 4702 1107 4768 καταστάσεως,
1144 4705 1289 4777 αὕτη
1319 4707 1376 4759 δὲ
1400 4708 1497 4778 τὴν
1530 4710 1711 4763 συναί-

157 4782 340 4850 σθησιν,
386 4789 585 4860 ὥσπερ
615 4792 677 4845 ἐν
702 4790 962 4864 ἀταράχῳ
991 4796 1101 4848 τινὶ
1125 4798 1221 4850 καὶ
1274 4799 1498 4869 καθαρῷ
1532 4800 1707 4864 ὕδατι,

154 4876 207 4925 τὰ
232 4879 386 4947 αὐτῆς
415 4881 587 4950 αἴσχη
634 4881 949 4936 διαϐλέπειν
992 4889 1137 4939 ποιεῖ
1216 4889 1307 4941 καὶ
1343 4890 1517 4953 οὕτως
1544 4893 1709 4960 ἀρχαὶ

154 4967 231 5017 καὶ
262 4970 397 5037 ῥίζαι
420 4971 519 5039 τῆς
558 4975 859 5039 μετανοίας
890 4977 1139 5042 φύονται,
1170 4979 1208 5049 ἡ
1241 4980 1305 5050 δὴ
1335 4983 1456 5034 τότε
1489 4984 1585 5038 καὶ
1609 4985 1708 5036 Βο-

156 5059 367 5124 νιςατιογ
398 5062 583 5125 καλῶς
620 5066 960 5135 συνειλήφει,
987 5069 1083 5121 καὶ
1112 5070 1213 5141 ήδη
1247 5072 1382 5142 πρὸς
1414 5073 1532 5143 βίου
1556 5077 1711 5147 ἀκρί-

155 5143 281 5200 ϐειαν
328 5154 617 5208 ἀπονεύων
678 5158 913 5225 φανερὸς
950 5155 1039 5229 ἦν,
1076 5164 1174 5229 τῆς
1234 5164 1332 5232 μὲν
1396 5143 1709 5236 παχυτέρας

155 5239 327 5309 ταύτης
354 5250 449 5299 καὶ
472 5248 744 5317 περιττῆς
769 5254 994 5320 τροφῆς,
1013 5254 1202 5325 ὥσπερ
1242 5257 1471 5326 ἔφημεν,
1511 5262 1709 5329 ἀπεχόο

158 5346 307 5395 μενος,
338 5339 503 5407 εὐχῆς
526 5340 588 5392 δὲ
632 5340 978 5395 ἀδιαλείπτου
1021 5344 1116 5399 καὶ
1137 5349 1392 5417 νηστείας
1439 5354 1578 5405 κατὰ
1612 5354 1709 5423 τὴν

157 5428 352 5493 πορείαν
378 5431 670 5499 ἐχόμενος.

213 5687 273 5739 ε.
317 5691 463 5745 Ἐπεὶ
518 5691 575 5745 δὲ
636 5691 732 5745 καὶ
769 5692 965 5755 ἐπιϐὰς
1027 5697 1123 5765 τῆς
1181 5700 1363 5763 Ἀσίας
1416 5703 1555 5757 κατᾶ
1610 5706 1707 5776 τὴν

161 5774 469 5857 ὑμνουμένην
525 5785 628 5856 τῆς
670 5783 924 5850 Κιλικίας
957 5783 1168 5859 Ταρσὸν
1214 5791 1445 5861 ἐγένετο,
1480 5794 1607 5849 ἔνθα
1640 5774 1702 5868 δὴ

1814 4612 1973 4683 gebat
2004 4614 2290 4681 pristinam
2320 4627 2473 4666 suam
2503 4613 2558 4665 in
2592 4628 2793 4681 corpus
2824 4616 3196 4679 all'ectionem,
3227 4630 3282 4673 et
3327 4631 3389 4673 ut

1812 4706 1915 4759 sibi
1970 4705 2315 4767 attenderct,
2382 4704 2487 4755 sibi
2550 4706 2936 4773 persuadebat.
2998 4708 3131 4761 Nam
3209 4722 3390 4766 metus

1812 4798 2033 4867 quidem
2061 4807 2145 4851 est
2172 4805 2344 4850 mater
2368 4796 2777 4864 tranquillitatis
2813 4808 2868 4851 et
2900 4800 3138 4866 quietis;
3169 4819 3229 4855 ea
3260 4819 3391 4858 vero

1813 4890 1953 4959 parit
1981 4890 2396 4952 conscientiam,
2426 4904 2547 4957 qua:
2596 4888 2746 4950 facit,
2793 4900 2852 4942 ut
2902 4891 3083 4943 anima
3130 4902 3389 4962 tanquam

1814 4982 1866 5034 in
1894 4998 2033 5051 pura
2064 4982 2241 5048 aliqua
2274 4990 2329 5033 et
2367 4996 2474 5033 non
2524 4981 2741 5041 turbata
2773 4997 2936 5050 aqua,
2974 5000 3071 5036 sua
3105 4985 3389 5041 intueatur

1814 5073 2079 5129 dedecora
2118 5088 2132 5125 :
2183 5082 2239 5125 et
2298 5071 2376 5125 sic
2430 5080 2736 5126 nascuntur
2781 5074 3047 5141 principia
3094 5085 3147 5127 et
3181 5079 3391 5135 radices

1813 5165 2165 5232 pamitentiae.
2219 5165 2337 5218 Jam
2394 5174 2525 5216 tunc
2575 5175 2758 5217 autem
2798 5166 3023 5231 pulchre
3063 5182 3389 5235 conceperat

1813 5256 2145 5317 Bonifacius.
2178 5265 2231 5308 et
2260 5257 2368 5325 jam
2407 5265 2595 5323 aperte
2627 5258 2975 5317 ostendebat,
3009 5275 3065 5311 se
3120 5261 3387 5315 inclinare

1812 5346 1878 5398 ad
1910 5349 2073 5401 vitam
2103 5346 2398 5414 perfectam
2428 5356 2483 5398 ct
2518 5355 2853 5426 accuratam,
2892 5358 2951 5400 nt
2984 5350 3076 5416 qui
3119 5367 3145 5401 a
3180 5354 3383 5405 crassis

1811 5438 2031 5504 quidem
2087 5448 2141 5489 et
2186 5436 2629 5506 supervacaneis,
2682 5446 2741 5491 ut
2786 5438 3046 5495 diximus.
3080 5442 3379 5496 abstineret

1812 5528 2109 5590 alimentis,
2164 5529 2396 5583 assiduis
2429 5544 2561 5582 vero
2589 5530 2848 5598 precibus
2878 5541 2931 5584 et
2960 5532 3186 5600 jejuniis
3220 5550 3387 5587 vaca-

1812 5628 1893 5672 rct
1923 5618 1974 5671 in
2004 5617 2223 5673 itinere.

1882 5712 1943 5764 ν.
1991 5712 2280 5781 Postquam
2315 5720 2499 5767 autem
2541 5713 2876 5771 ascendisset
2905 5715 2955 5769 in
2989 5717 3195 5787 Asiani,
3225 5731 3277 5774 et
3321 5722 3387 5779 ad

1811 5801 2142 5859 celebratam
2176 5804 2229 5857 in
2279 5802 2466 5859 Cilicia
2521 5804 2865 5873 pervenisset
2898 5805 3156 5874 Tarsum,
3187 5824 3297 5878 quo
3328 5810 3385 5865 in
