  <div class='ocr_page' id='page_1' title='image "/cluster/home/n/w/nwhite01/storage/ocr_20150623/115/ien.35556001659887/135.png"; bbox 0 0 3966 6446; ppageno 0'>
   <div class='ocr_carea' id='block_1_1' title="bbox 498 372 604 437">
    <p class='ocr_par' dir='ltr' id='par_1_1' title="bbox 498 372 604 437">
     <span class='ocr_line' id='line_1_1' title="bbox 498 372 604 437; baseline 0.038 -4"><span class='ocrx_word' id='word_1_1' title='bbox 498 372 604 437; x_wconf 83' lang='lat'><strong>251</strong></span> 
     </span>
    </p>
   </div>
   <div class='ocr_carea' id='block_1_2' title="bbox 1797 368 2377 431">
    <p class='ocr_par' dir='ltr' id='par_1_2' title="bbox 1797 368 2377 431">
     <span class='ocr_line' id='line_1_2' title="bbox 1797 368 2377 431; baseline 0.003 -3"><span class='ocrx_word' id='word_1_2' title='bbox 1797 368 2081 428; x_wconf 81' lang='lat' dir='ltr'><strong>MENSIS</strong></span> <span class='ocrx_word' id='word_1_3' title='bbox 2114 368 2377 431; x_wconf 79' lang='lat' dir='ltr'><strong>MAIUS.</strong></span> 
     </span>
    </p>
   </div>
   <div class='ocr_carea' id='block_1_3' title="bbox 3658 375 3769 438">
    <p class='ocr_par' dir='ltr' id='par_1_3' title="bbox 3658 375 3769 438">
     <span class='ocr_line' id='line_1_3' title="bbox 3658 375 3769 438; baseline 0 -2"><span class='ocrx_word' id='word_1_4' title='bbox 3658 375 3769 438; x_wconf 66' lang='lat'><strong>982</strong></span> 
     </span>
    </p>
   </div>
   <div class='ocr_carea' id='block_1_4' title="bbox 497 480 2080 556">
    <p class='ocr_par' dir='ltr' id='par_1_4' title="bbox 497 480 2080 556">
     <span class='ocr_line' id='line_1_4' title="bbox 497 480 2080 556; baseline -0.006 -13"><span class='ocrx_word' id='word_1_5' title='bbox 497 491 728 546; x_wconf 86' lang='lat' dir='ltr'><strong>dolore:</strong></span> <span class='ocrx_word' id='word_1_6' title='bbox 778 498 832 541; x_wconf 90' lang='lat' dir='ltr'><strong>et</strong></span> <span class='ocrx_word' id='word_1_7' title='bbox 880 495 1070 556; x_wconf 89' lang='lat' dir='ltr'><strong>aperte</strong></span> <span class='ocrx_word' id='word_1_8' title='bbox 1113 486 1347 540; x_wconf 78' lang='lat' dir='ltr'><strong>ostende</strong></span> <span class='ocrx_word' id='word_1_9' title='bbox 1376 494 1427 538; x_wconf 92' lang='lat' dir='ltr'><strong>te</strong></span> <span class='ocrx_word' id='word_1_10' title='bbox 1478 483 1609 538; x_wconf 83' lang='lat' dir='ltr'><strong>inihi</strong></span> <span class='ocrx_word' id='word_1_11' title='bbox 1645 499 1804 553; x_wconf 91' lang='lat' dir='ltr'><strong>opem</strong></span> <span class='ocrx_word' id='word_1_12' title='bbox 1837 482 1979 537; x_wconf 84' lang='lat' dir='ltr'><strong>ferre</strong></span> <span class='ocrx_word' id='word_1_13' title='bbox 2021 480 2080 535; x_wconf 93' lang='lat' dir='ltr'><strong>ad</strong></span> 
     </span>
    </p>
   </div>
   <div class='ocr_carea' id='block_1_5' title="bbox 2187 480 3778 556">
    <p class='ocr_par' dir='ltr' id='par_1_5' title="bbox 2196 480 3778 552">
     <span class='ocr_line' id='line_1_5' title="bbox 2196 480 3778 552; baseline -0.023 7"><span class='ocrx_word' id='word_1_14' title='bbox 2196 480 2467 548; x_wconf 54' lang='grc' dir='ltr'><strong>κουφίζων</strong></span> <span class='ocrx_word' id='word_1_15' title='bbox 2499 500 2566 551; x_wconf 77' lang='grc' dir='ltr'><strong>με</strong></span> <span class='ocrx_word' id='word_1_16' title='bbox 2606 482 2703 550; x_wconf 71' lang='grc' dir='ltr'><strong>τῆς</strong></span> <span class='ocrx_word' id='word_1_17' title='bbox 2743 482 2957 550; x_wconf 80' lang='grc' dir='ltr'>ὀδύνης,</span> <span class='ocrx_word' id='word_1_18' title='bbox 2992 482 3083 535; x_wconf 77' lang='grc' dir='ltr'>καὶ</span> <span class='ocrx_word' id='word_1_19' title='bbox 3127 485 3206 545; x_wconf 83' lang='grc' dir='ltr'>εἰς</span> <span class='ocrx_word' id='word_1_20' title='bbox 3232 483 3327 552; x_wconf 76' lang='grc' dir='ltr'>τὴν</span> <span class='ocrx_word' id='word_1_21' title='bbox 3364 483 3504 536; x_wconf 67' lang='grc' dir='ltr'>κατὰ</span> <span class='ocrx_word' id='word_1_22' title='bbox 3533 485 3627 536; x_wconf 75' lang='grc' dir='ltr'><strong>τοῦ</strong></span> <span class='ocrx_word' id='word_1_23' title='bbox 3672 488 3778 538; x_wconf 70' lang='grc' dir='ltr'>Σα.</span> 
     </span>
    </p>
   </div>
   <div class='ocr_carea' id='block_1_6' title="bbox 496 574 2078 649">
    <p class='ocr_par' dir='ltr' id='par_1_6' title="bbox 496 574 2078 649">
     <span class='ocr_line' id='line_1_6' title="bbox 496 574 2078 649; baseline -0.004 -17"><span class='ocrx_word' id='word_1_24' title='bbox 496 579 790 649; x_wconf 85' lang='lat' dir='ltr'><strong>parandam</strong></span> <span class='ocrx_word' id='word_1_25' title='bbox 837 578 1127 632; x_wconf 85' lang='lat' dir='ltr'><strong>victoriam</strong></span> <span class='ocrx_word' id='word_1_26' title='bbox 1179 575 1440 630; x_wconf 88' lang='lat' dir='ltr'><strong>adversus</strong></span> <span class='ocrx_word' id='word_1_27' title='bbox 1498 574 1754 629; x_wconf 86' lang='lat' dir='ltr'><strong>Satanam</strong></span> <span class='ocrx_word' id='word_1_28' title='bbox 1811 585 1866 629; x_wconf 89' lang='lat' dir='ltr'><strong>et</strong></span> <span class='ocrx_word' id='word_1_29' title='bbox 1932 576 2078 627; x_wconf 86' lang='lat' dir='ltr'><strong>hunc</strong></span> 
     </span>
    </p>
   </div>
   <div class='ocr_carea' id='block_1_7' title="bbox 494 667 2075 741">
    <p class='ocr_par' dir='ltr' id='par_1_7' title="bbox 494 667 2075 741">
     <span class='ocr_line' id='line_1_7' title="bbox 494 667 2075 741; baseline -0.003 -16"><span class='ocrx_word' id='word_1_30' title='bbox 494 672 806 741; x_wconf 69' lang='lat' dir='ltr'><strong>praesidem.</strong></span> <span class='ocrx_word' id='word_1_31' title='bbox 860 671 966 725; x_wconf 85' lang='lat' dir='ltr'><strong>Pro</strong></span> <span class='ocrx_word' id='word_1_32' title='bbox 1018 679 1071 723; x_wconf 87' lang='lat' dir='ltr'><strong>te</strong></span> <span class='ocrx_word' id='word_1_33' title='bbox 1116 669 1263 723; x_wconf 91' lang='lat' dir='ltr'><strong>enim</strong></span> <span class='ocrx_word' id='word_1_34' title='bbox 1318 677 1371 721; x_wconf 88' lang='lat' dir='ltr'><strong>et</strong></span> <span class='ocrx_word' id='word_1_35' title='bbox 1421 676 1511 721; x_wconf 89' lang='lat' dir='ltr'><strong>tua</strong></span> <span class='ocrx_word' id='word_1_36' title='bbox 1564 667 1759 736; x_wconf 86' lang='lat' dir='ltr'><strong>gloria.</strong></span> <span class='ocrx_word' id='word_1_37' title='bbox 1821 676 1882 721; x_wconf 91' lang='lat' dir='ltr'><strong>ut</strong></span> <span class='ocrx_word' id='word_1_38' title='bbox 1946 667 2075 728; x_wconf 87' lang='lat' dir='ltr'><strong>scis,</strong></span> 
     </span>
    </p>
   </div>
   <div class='ocr_carea' id='block_1_8' title="bbox 496 758 2076 828">
    <p class='ocr_par' dir='ltr' id='par_1_8' title="bbox 496 758 2076 828">
     <span class='ocr_line' id='line_1_8' title="bbox 496 758 2076 828; baseline -0.004 -10"><span class='ocrx_word' id='word_1_39' title='bbox 496 766 737 818; x_wconf 90' lang='lat' dir='ltr'><strong>decerto.</strong></span> <span class='ocrx_word' id='word_1_40' title='bbox 769 762 894 816; x_wconf 67' lang='lat' dir='ltr'><strong>llaec</strong></span> <span class='ocrx_word' id='word_1_41' title='bbox 923 762 1081 825; x_wconf 88' lang='lat' dir='ltr'><strong>dixit,</strong></span> <span class='ocrx_word' id='word_1_42' title='bbox 1110 769 1163 815; x_wconf 90' lang='lat' dir='ltr'><strong>et</strong></span> <span class='ocrx_word' id='word_1_43' title='bbox 1186 768 1408 815; x_wconf 84' lang='lat' dir='ltr'><strong>sanctos</strong></span> <span class='ocrx_word' id='word_1_44' title='bbox 1456 759 1619 813; x_wconf 89' lang='lat' dir='ltr'><strong>simul</strong></span> <span class='ocrx_word' id='word_1_45' title='bbox 1654 758 1887 828; x_wconf 88' lang='lat' dir='ltr'><strong>rogavit,</strong></span> <span class='ocrx_word' id='word_1_46' title='bbox 1936 768 1996 813; x_wconf 91' lang='lat' dir='ltr'><strong>ut</strong></span> <span class='ocrx_word' id='word_1_47' title='bbox 2025 760 2076 813; x_wconf 93' lang='lat' dir='ltr'><strong>ei</strong></span> 
     </span>
    </p>
   </div>
   <div class='ocr_carea' id='block_1_9' title="bbox 493 850 2077 926">
    <p class='ocr_par' dir='ltr' id='par_1_9' title="bbox 493 850 2077 926">
     <span class='ocr_line' id='line_1_9' title="bbox 493 850 2077 926; baseline -0.005 -15"><span class='ocrx_word' id='word_1_48' title='bbox 493 872 653 926; x_wconf 89' lang='lat' dir='ltr'><strong>opem</strong></span> <span class='ocrx_word' id='word_1_49' title='bbox 691 856 896 908; x_wconf 85' lang='lat' dir='ltr'><strong>ferrent</strong></span> <span class='ocrx_word' id='word_1_50' title='bbox 931 854 1045 907; x_wconf 89' lang='lat' dir='ltr'><strong>suis</strong></span> <span class='ocrx_word' id='word_1_51' title='bbox 1088 852 1346 922; x_wconf 83' lang='lat' dir='ltr'><strong>precibus</strong></span> <span class='ocrx_word' id='word_1_52' title='bbox 1377 850 1444 903; x_wconf 90' lang='lat' dir='ltr'><strong>ad</strong></span> <span class='ocrx_word' id='word_1_53' title='bbox 1472 851 1932 905; x_wconf 84' lang='lat' dir='ltr'><strong>deccrtationem.</strong></span> <span class='ocrx_word' id='word_1_54' title='bbox 1980 852 2077 905; x_wconf 83' lang='lat' dir='ltr'><strong>At-</strong></span> 
     </span>
    </p>
   </div>
   <div class='ocr_carea' id='block_1_10' title="bbox 492 940 2076 1015">
    <p class='ocr_par' dir='ltr' id='par_1_10' title="bbox 492 940 2076 1015">
     <span class='ocr_line' id='line_1_10' title="bbox 492 940 2076 1015; baseline -0.003 -16"><span class='ocrx_word' id='word_1_55' title='bbox 492 962 601 1015; x_wconf 86' lang='lat' dir='ltr'><strong>que</strong></span> <span class='ocrx_word' id='word_1_56' title='bbox 643 946 717 998; x_wconf 88' lang='lat' dir='ltr'><strong>illi</strong></span> <span class='ocrx_word' id='word_1_57' title='bbox 750 944 968 1013; x_wconf 90' lang='lat' dir='ltr'><strong>quidem</strong></span> <span class='ocrx_word' id='word_1_58' title='bbox 989 944 1039 997; x_wconf 93' lang='lat' dir='ltr'><strong>ei</strong></span> <span class='ocrx_word' id='word_1_59' title='bbox 1068 942 1439 1011; x_wconf 78' lang='lat' dir='ltr'><strong>precabantur</strong></span> <span class='ocrx_word' id='word_1_60' title='bbox 1481 941 1767 995; x_wconf 84' lang='lat' dir='ltr'><strong>victoriam</strong></span> <span class='ocrx_word' id='word_1_61' title='bbox 1818 948 1874 995; x_wconf 92' lang='lat' dir='ltr'><strong>et</strong></span> <span class='ocrx_word' id='word_1_62' title='bbox 1913 940 2076 996; x_wconf 82' lang='lat' dir='ltr'><strong>linem</strong></span> 
     </span>
    </p>
   </div>
   <div class='ocr_carea' id='block_1_11' title="bbox 494 1031 2078 1107">
    <p class='ocr_par' dir='ltr' id='par_1_11' title="bbox 494 1031 2078 1107">
     <span class='ocr_line' id='line_1_11' title="bbox 494 1031 2078 1107; baseline -0.002 -18"><span class='ocrx_word' id='word_1_63' title='bbox 494 1037 737 1107; x_wconf 73' lang='lat' dir='ltr'><strong>martyrii</strong></span> <span class='ocrx_word' id='word_1_64' title='bbox 776 1053 789 1089; x_wconf 91' lang='lat'><strong>:</strong></span> <span class='ocrx_word' id='word_1_65' title='bbox 823 1034 1037 1088; x_wconf 82' lang='lat' dir='ltr'><strong>exstitit</strong></span> <span class='ocrx_word' id='word_1_66' title='bbox 1078 1042 1260 1086; x_wconf 88' lang='lat' dir='ltr'><strong>autem</strong></span> <span class='ocrx_word' id='word_1_67' title='bbox 1294 1042 1423 1085; x_wconf 93' lang='lat' dir='ltr'><strong>tunc</strong></span> <span class='ocrx_word' id='word_1_68' title='bbox 1456 1048 1679 1101; x_wconf 88' lang='lat' dir='ltr'><strong>quoque</strong></span> <span class='ocrx_word' id='word_1_69' title='bbox 1723 1031 1929 1085; x_wconf 83' lang='lat' dir='ltr'><strong>Christi</strong></span> <span class='ocrx_word' id='word_1_70' title='bbox 1967 1033 2078 1086; x_wconf 91' lang='lat' dir='ltr'><strong>vir-</strong></span> 
     </span>
    </p>
   </div>
   <div class='ocr_carea' id='block_1_12' title="bbox 495 1124 2073 1196">
    <p class='ocr_par' dir='ltr' id='par_1_12' title="bbox 495 1124 2073 1196">
     <span class='ocr_line' id='line_1_12' title="bbox 495 1124 2073 1196; baseline -0.004 -13"><span class='ocrx_word' id='word_1_71' title='bbox 495 1130 629 1185; x_wconf 86' lang='lat' dir='ltr'><strong>tutis</strong></span> <span class='ocrx_word' id='word_1_72' title='bbox 668 1143 807 1196; x_wconf 85' lang='lat' dir='ltr'><strong>opus</strong></span> <span class='ocrx_word' id='word_1_73' title='bbox 847 1128 1006 1195; x_wconf 87' lang='lat' dir='ltr'><strong>plane</strong></span> <span class='ocrx_word' id='word_1_74' title='bbox 1036 1124 1376 1179; x_wconf 86' lang='lat' dir='ltr'><strong>admirabile.</strong></span> <span class='ocrx_word' id='word_1_75' title='bbox 1412 1124 1546 1177; x_wconf 78' lang='lat' dir='ltr'><strong>Nam</strong></span> <span class='ocrx_word' id='word_1_76' title='bbox 1588 1139 1711 1177; x_wconf 90' lang='lat' dir='ltr'><strong>cum</strong></span> <span class='ocrx_word' id='word_1_77' title='bbox 1739 1126 2073 1179; x_wconf 86' lang='lat' dir='ltr'><strong>tormentum</strong></span> 
     </span>
    </p>
   </div>
   <div class='ocr_carea' id='block_1_13' title="bbox 489 1213 2073 1286">
    <p class='ocr_par' dir='ltr' id='par_1_13' title="bbox 489 1213 2073 1286">
     <span class='ocr_line' id='line_1_13' title="bbox 489 1213 2073 1286; baseline -0.003 -15"><span class='ocrx_word' id='word_1_78' title='bbox 489 1220 599 1286; x_wconf 83' lang='lat' dir='ltr'><strong>jam</strong></span> <span class='ocrx_word' id='word_1_79' title='bbox 632 1226 772 1271; x_wconf 82' lang='lat' dir='ltr'><strong>eSset</strong></span> <span class='ocrx_word' id='word_1_80' title='bbox 809 1225 1080 1285; x_wconf 89' lang='lat' dir='ltr'><strong>paratum,</strong></span> <span class='ocrx_word' id='word_1_81' title='bbox 1106 1224 1161 1269; x_wconf 94' lang='lat' dir='ltr'><strong>et</strong></span> <span class='ocrx_word' id='word_1_82' title='bbox 1196 1213 1509 1267; x_wconf 82' lang='lat' dir='ltr'><strong>Bonifacius</strong></span> <span class='ocrx_word' id='word_1_83' title='bbox 1547 1224 1805 1281; x_wconf 92' lang='lat' dir='ltr'><strong>tanquam</strong></span> <span class='ocrx_word' id='word_1_84' title='bbox 1851 1214 2073 1283; x_wconf 88' lang='lat' dir='ltr'><strong>quidam</strong></span> 
     </span>
    </p>
   </div>
   <div class='ocr_carea' id='block_1_14' title="bbox 494 1306 2070 1373">
    <p class='ocr_par' dir='ltr' id='par_1_14' title="bbox 494 1306 2070 1373">
     <span class='ocr_line' id='line_1_14' title="bbox 494 1306 2070 1373; baseline -0.002 -11"><span class='ocrx_word' id='word_1_85' title='bbox 494 1318 756 1363; x_wconf 82' lang='lat' dir='ltr'><strong>strenuus</strong></span> <span class='ocrx_word' id='word_1_86' title='bbox 800 1308 1004 1360; x_wconf 88' lang='lat' dir='ltr'><strong>athleta</strong></span> <span class='ocrx_word' id='word_1_87' title='bbox 1054 1314 1246 1369; x_wconf 88' lang='lat' dir='ltr'><strong>staret,</strong></span> <span class='ocrx_word' id='word_1_88' title='bbox 1291 1316 1614 1373; x_wconf 77' lang='lat' dir='ltr'><strong>exspectans</strong></span> <span class='ocrx_word' id='word_1_89' title='bbox 1654 1306 2070 1360; x_wconf 86' lang='lat' dir='ltr'><strong>adversarium:</strong></span> 
     </span>
    </p>
   </div>
   <div class='ocr_carea' id='block_1_15' title="bbox 492 1397 2071 1467">
    <p class='ocr_par' dir='ltr' id='par_1_15' title="bbox 492 1397 2071 1467">
     <span class='ocr_line' id='line_1_15' title="bbox 492 1397 2071 1467; baseline -0.004 -9"><span class='ocrx_word' id='word_1_90' title='bbox 492 1402 587 1458; x_wconf 84' lang='lat' dir='ltr'><strong>alii</strong></span> <span class='ocrx_word' id='word_1_91' title='bbox 619 1413 751 1454; x_wconf 84' lang='lat' dir='ltr'><strong>vero</strong></span> <span class='ocrx_word' id='word_1_92' title='bbox 782 1408 1080 1467; x_wconf 85' lang='lat' dir='ltr'><strong>martyres,</strong></span> <span class='ocrx_word' id='word_1_93' title='bbox 1111 1406 1299 1466; x_wconf 86' lang='lat' dir='ltr'><strong>utpote</strong></span> <span class='ocrx_word' id='word_1_94' title='bbox 1336 1412 1445 1451; x_wconf 90' lang='lat' dir='ltr'><strong>non</strong></span> <span class='ocrx_word' id='word_1_95' title='bbox 1469 1398 1644 1451; x_wconf 92' lang='lat' dir='ltr'><strong>solum</strong></span> <span class='ocrx_word' id='word_1_96' title='bbox 1679 1397 2071 1462; x_wconf 78' lang='lat' dir='ltr'><strong>decertatores,</strong></span> 
     </span>
    </p>
   </div>
   <div class='ocr_carea' id='block_1_16' title="bbox 494 1488 2073 1559">
    <p class='ocr_par' dir='ltr' id='par_1_16' title="bbox 494 1488 2073 1559">
     <span class='ocr_line' id='line_1_16' title="bbox 494 1488 2073 1559; baseline -0.001 -13"><span class='ocrx_word' id='word_1_97' title='bbox 494 1492 590 1547; x_wconf 88' lang='lat' dir='ltr'><strong>sed</strong></span> <span class='ocrx_word' id='word_1_98' title='bbox 627 1506 821 1545; x_wconf 90' lang='lat' dir='ltr'><strong>eorum</strong></span> <span class='ocrx_word' id='word_1_99' title='bbox 852 1489 1039 1553; x_wconf 81' lang='lat' dir='ltr'><strong>etiam,</strong></span> <span class='ocrx_word' id='word_1_100' title='bbox 1088 1504 1207 1557; x_wconf 67' lang='lat' dir='ltr'><strong>quae</strong></span> <span class='ocrx_word' id='word_1_101' title='bbox 1254 1490 1305 1541; x_wconf 92' lang='lat' dir='ltr'><strong>in</strong></span> <span class='ocrx_word' id='word_1_102' title='bbox 1351 1489 1453 1542; x_wconf 85' lang='lat' dir='ltr'><strong>hoc</strong></span> <span class='ocrx_word' id='word_1_103' title='bbox 1494 1488 1715 1554; x_wconf 83' lang='lat' dir='ltr'><strong>ﬁebant,</strong></span> <span class='ocrx_word' id='word_1_104' title='bbox 1754 1504 1911 1543; x_wconf 83' lang='lat' dir='ltr'><strong>acres</strong></span> <span class='ocrx_word' id='word_1_105' title='bbox 1947 1505 2073 1559; x_wconf 85' lang='lat' dir='ltr'><strong>spe-</strong></span> 
     </span>
    </p>
   </div>
   <div class='ocr_carea' id='block_1_17' title="bbox 495 1579 2070 1649">
    <p class='ocr_par' dir='ltr' id='par_1_17' title="bbox 495 1579 2070 1649">
     <span class='ocr_line' id='line_1_17' title="bbox 495 1579 2070 1649; baseline -0.002 -13"><span class='ocrx_word' id='word_1_106' title='bbox 495 1591 752 1643; x_wconf 88' lang='lat' dir='ltr'><strong>ctatores,</strong></span> <span class='ocrx_word' id='word_1_107' title='bbox 779 1590 832 1633; x_wconf 92' lang='lat' dir='ltr'><strong>et</strong></span> <span class='ocrx_word' id='word_1_108' title='bbox 857 1580 1030 1648; x_wconf 83' lang='lat' dir='ltr'><strong>magis</strong></span> <span class='ocrx_word' id='word_1_109' title='bbox 1051 1595 1210 1648; x_wconf 90' lang='lat' dir='ltr'><strong>quam</strong></span> <span class='ocrx_word' id='word_1_110' title='bbox 1241 1579 1326 1633; x_wconf 88' lang='lat' dir='ltr'><strong>ille</strong></span> <span class='ocrx_word' id='word_1_111' title='bbox 1353 1581 1535 1634; x_wconf 91' lang='lat' dir='ltr'><strong>animo</strong></span> <span class='ocrx_word' id='word_1_112' title='bbox 1561 1581 1728 1641; x_wconf 71' lang='lat' dir='ltr'><strong>anxii,</strong></span> <span class='ocrx_word' id='word_1_113' title='bbox 1754 1581 1803 1635; x_wconf 90' lang='lat' dir='ltr'><strong>ei</strong></span> <span class='ocrx_word' id='word_1_114' title='bbox 1826 1581 2070 1649; x_wconf 83' lang='lat' dir='ltr'><strong>quidem,</strong></span> 
     </span>
    </p>
   </div>
   <div class='ocr_carea' id='block_1_18' title="bbox 497 1669 2073 1737">
    <p class='ocr_par' dir='ltr' id='par_1_18' title="bbox 497 1669 2073 1737">
     <span class='ocr_line' id='line_1_18' title="bbox 497 1669 2073 1737; baseline 0.002 -14"><span class='ocrx_word' id='word_1_115' title='bbox 497 1678 557 1723; x_wconf 90' lang='lat' dir='ltr'><strong>ut</strong></span> <span class='ocrx_word' id='word_1_116' title='bbox 610 1670 870 1733; x_wconf 82' lang='lat' dir='ltr'><strong>diximus,</strong></span> <span class='ocrx_word' id='word_1_117' title='bbox 926 1669 1088 1722; x_wconf 88' lang='lat' dir='ltr'><strong>simul</strong></span> <span class='ocrx_word' id='word_1_118' title='bbox 1134 1678 1493 1737; x_wconf 79' lang='lat' dir='ltr'><strong>precarentur</strong></span> <span class='ocrx_word' id='word_1_119' title='bbox 1554 1670 1875 1724; x_wconf 86' lang='lat' dir='ltr'><strong>victoriam:</strong></span> <span class='ocrx_word' id='word_1_120' title='bbox 1942 1680 2073 1726; x_wconf 88' lang='lat' dir='ltr'><strong>tunc</strong></span> 
     </span>
    </p>
   </div>
   <div class='ocr_carea' id='block_1_19' title="bbox 494 1746 2071 1831">
    <p class='ocr_par' dir='ltr' id='par_1_19' title="bbox 494 1746 2071 1831">
     <span class='ocr_line' id='line_1_19' title="bbox 494 1746 2071 1831; baseline 0.001 -17"><span class='ocrx_word' id='word_1_121' title='bbox 494 1774 619 1830; x_wconf 78' lang='lat' dir='ltr'><strong>qua:</strong></span> <span class='ocrx_word' id='word_1_122' title='bbox 648 1767 768 1813; x_wconf 87' lang='lat' dir='ltr'><strong>erat</strong></span> <span class='ocrx_word' id='word_1_123' title='bbox 798 1768 1127 1827; x_wconf 75' lang='lat' dir='ltr'><strong>congregata</strong></span> <span class='ocrx_word' id='word_1_124' title='bbox 1169 1759 1354 1827; x_wconf 86' lang='lat' dir='ltr'><strong>populi</strong></span> <span class='ocrx_word' id='word_1_125' title='bbox 1403 1746 1720 1824; x_wconf 77' lang='lat' dir='ltr'><strong>multitudo,</strong></span> <span class='ocrx_word' id='word_1_126' title='bbox 1768 1771 1823 1814; x_wconf 90' lang='lat' dir='ltr'><strong>et</strong></span> <span class='ocrx_word' id='word_1_127' title='bbox 1865 1762 2071 1831; x_wconf 89' lang='lat' dir='ltr'><strong>alioqui</strong></span> 
     </span>
    </p>
   </div>
   <div class='ocr_carea' id='block_1_20' title="bbox 2188 572 3772 643">
    <p class='ocr_par' dir='ltr' id='par_1_20' title="bbox 2188 572 3772 643">
     <span class='ocr_line' id='line_1_20' title="bbox 2188 572 3772 643; baseline 0.001 -19"><span class='ocrx_word' id='word_1_128' title='bbox 2188 576 2326 626; x_wconf 76' lang='grc' dir='ltr'>τανᾶ</span> <span class='ocrx_word' id='word_1_129' title='bbox 2378 576 2473 626; x_wconf 76' lang='grc' dir='ltr'><strong>καὶ</strong></span> <span class='ocrx_word' id='word_1_130' title='bbox 2506 573 2597 627; x_wconf 83' lang='grc' dir='ltr'><strong>τοῦ</strong></span> <span class='ocrx_word' id='word_1_131' title='bbox 2624 575 2883 643; x_wconf 77' lang='grc' dir='ltr'>ἄρχοντος</span> <span class='ocrx_word' id='word_1_132' title='bbox 2908 572 3063 627; x_wconf 80' lang='grc' dir='ltr'>τοῦδε</span> <span class='ocrx_word' id='word_1_133' title='bbox 3093 576 3249 641; x_wconf 78' lang='grc' dir='ltr'>νίκην</span> <span class='ocrx_word' id='word_1_134' title='bbox 3282 593 3374 642; x_wconf 87' lang='grc' dir='ltr'><strong>μοι</strong></span> <span class='ocrx_word' id='word_1_135' title='bbox 3409 576 3608 643; x_wconf 70' lang='grc' dir='ltr'>φάνηθι</span> <span class='ocrx_word' id='word_1_136' title='bbox 3647 594 3772 627; x_wconf 67' lang='grc' dir='ltr'>συν·</span> 
     </span>
    </p>
   </div>
   <div class='ocr_carea' id='block_1_21' title="bbox 2188 666 3773 737">
    <p class='ocr_par' dir='ltr' id='par_1_21' title="bbox 2188 666 3773 737">
     <span class='ocr_line' id='line_1_21' title="bbox 2188 666 3773 737; baseline 0.002 -20"><span class='ocrx_word' id='word_1_137' title='bbox 2188 666 2475 734; x_wconf 85' lang='grc' dir='ltr'>αιρόμενος</span> <span class='ocrx_word' id='word_1_138' title='bbox 2499 685 2511 698; x_wconf 90' lang='grc'><strong>·</strong></span> <span class='ocrx_word' id='word_1_139' title='bbox 2574 666 2668 719; x_wconf 85' lang='grc' dir='ltr'><strong>σοῦ</strong></span> <span class='ocrx_word' id='word_1_140' title='bbox 2731 670 2838 737; x_wconf 71' lang='grc' dir='ltr'>γὰρ</span> <span class='ocrx_word' id='word_1_141' title='bbox 2869 668 3059 719; x_wconf 70' lang='grc' dir='ltr'>ἕνεκεν</span> <span class='ocrx_word' id='word_1_142' title='bbox 3087 669 3180 718; x_wconf 81' lang='grc' dir='ltr'><strong>καὶ</strong></span> <span class='ocrx_word' id='word_1_143' title='bbox 3225 669 3324 736; x_wconf 79' lang='grc' dir='ltr'>τῆς</span> <span class='ocrx_word' id='word_1_144' title='bbox 3357 668 3453 735; x_wconf 85' lang='grc' dir='ltr'>σῆς</span> <span class='ocrx_word' id='word_1_145' title='bbox 3478 668 3657 735; x_wconf 79' lang='grc' dir='ltr'>δόξης,</span> <span class='ocrx_word' id='word_1_146' title='bbox 3696 670 3773 730; x_wconf 84' lang='grc' dir='ltr'>ὼς</span> 
     </span>
    </p>
   </div>
   <div class='ocr_carea' id='block_1_22' title="bbox 2186 754 3773 828">
    <p class='ocr_par' dir='ltr' id='par_1_22' title="bbox 2186 754 3773 828">
     <span class='ocr_line' id='line_1_22' title="bbox 2186 754 3773 828; baseline 0.003 -19"><span class='ocrx_word' id='word_1_147' title='bbox 2186 754 2355 820; x_wconf 79' lang='grc' dir='ltr'>οἶδας,</span> <span class='ocrx_word' id='word_1_148' title='bbox 2391 758 2705 828; x_wconf 78' lang='grc' dir='ltr'>ύπεραθλῶ.</span> <span class='ocrx_word' id='word_1_149' title='bbox 2742 760 2927 810; x_wconf 83' lang='grc' dir='ltr'>Ταῦτα</span> <span class='ocrx_word' id='word_1_150' title='bbox 2973 758 3126 826; x_wconf 78' lang='grc' dir='ltr'>ἔλεγε</span> <span class='ocrx_word' id='word_1_151' title='bbox 3153 776 3164 788; x_wconf 88' lang='grc'>·</span> <span class='ocrx_word' id='word_1_152' title='bbox 3201 760 3292 810; x_wconf 75' lang='grc' dir='ltr'>καὶ</span> <span class='ocrx_word' id='word_1_153' title='bbox 3320 759 3427 811; x_wconf 82' lang='grc' dir='ltr'><strong>τῶν</strong></span> <span class='ocrx_word' id='word_1_154' title='bbox 3450 760 3623 825; x_wconf 81' lang='grc' dir='ltr'>ἁγίων</span> <span class='ocrx_word' id='word_1_155' title='bbox 3654 761 3773 827; x_wconf 81' lang='grc' dir='ltr'>ἆμα</span> 
     </span>
    </p>
   </div>
   <div class='ocr_carea' id='block_1_23' title="bbox 2186 847 3772 919">
    <p class='ocr_par' dir='ltr' id='par_1_23' title="bbox 2186 847 3772 919">
     <span class='ocr_line' id='line_1_23' title="bbox 2186 847 3772 919; baseline 0.003 -22"><span class='ocrx_word' id='word_1_156' title='bbox 2186 847 2393 913; x_wconf 68' lang='grc' dir='ltr'>ἑδεῖτο,</span> <span class='ocrx_word' id='word_1_157' title='bbox 2459 850 2647 917; x_wconf 73' lang='grc' dir='ltr'>εὐχαῖς</span> <span class='ocrx_word' id='word_1_158' title='bbox 2728 850 2877 918; x_wconf 77' lang='grc' dir='ltr'>αὐτῷ</span> <span class='ocrx_word' id='word_1_159' title='bbox 2943 851 3407 917; x_wconf 64' lang='grc' dir='ltr'><strong>συνεπιλήψεσθαι</strong></span> <span class='ocrx_word' id='word_1_160' title='bbox 3470 852 3607 919; x_wconf 79' lang='grc' dir='ltr'>πρὸς</span> <span class='ocrx_word' id='word_1_161' title='bbox 3667 852 3772 919; x_wconf 74' lang='grc' dir='ltr'>τὴν</span> 
     </span>
    </p>
   </div>
   <div class='ocr_carea' id='block_1_24' title="bbox 2185 936 3772 1008">
    <p class='ocr_par' dir='ltr' id='par_1_24' title="bbox 2185 936 3772 1008">
     <span class='ocr_line' id='line_1_24' title="bbox 2185 936 3772 1008; baseline 0.002 -19"><span class='ocrx_word' id='word_1_162' title='bbox 2185 936 2431 1005; x_wconf 72' lang='grc' dir='ltr'>ἄθλησιν.</span> <span class='ocrx_word' id='word_1_163' title='bbox 2486 940 2546 990; x_wconf 83' lang='lat' dir='ltr'><strong>Oi</strong></span> <span class='ocrx_word' id='word_1_164' title='bbox 2583 938 2683 1007; x_wconf 65' lang='grc' dir='ltr'>μὲν</span> <span class='ocrx_word' id='word_1_165' title='bbox 2734 938 2826 991; x_wconf 83' lang='grc' dir='ltr'><strong>οῦν</strong></span> <span class='ocrx_word' id='word_1_166' title='bbox 2853 939 3001 1006; x_wconf 80' lang='grc' dir='ltr'>αύτῷ</span> <span class='ocrx_word' id='word_1_167' title='bbox 3043 940 3143 1005; x_wconf 79' lang='grc' dir='ltr'>τήν</span> <span class='ocrx_word' id='word_1_168' title='bbox 3178 957 3235 992; x_wconf 83' lang='grc' dir='ltr'><strong>τε</strong></span> <span class='ocrx_word' id='word_1_169' title='bbox 3270 940 3427 1008; x_wconf 78' lang='grc' dir='ltr'>νίκην</span> <span class='ocrx_word' id='word_1_170' title='bbox 3455 941 3547 992; x_wconf 75' lang='grc' dir='ltr'><strong>καὶ</strong></span> <span class='ocrx_word' id='word_1_171' title='bbox 3580 941 3642 992; x_wconf 71' lang='grc' dir='ltr'>τὸ</span> <span class='ocrx_word' id='word_1_172' title='bbox 3673 941 3772 992; x_wconf 79' lang='grc' dir='ltr'><strong>τοῦ</strong></span> 
     </span>
    </p>
   </div>
   <div class='ocr_carea' id='block_1_25' title="bbox 2187 1030 3772 1099">
    <p class='ocr_par' dir='ltr' id='par_1_25' title="bbox 2187 1030 3772 1099">
     <span class='ocr_line' id='line_1_25' title="bbox 2187 1030 3772 1099; baseline 0.001 -17"><span class='ocrx_word' id='word_1_173' title='bbox 2187 1030 2489 1098; x_wconf 80' lang='grc' dir='ltr'>μαρτυρέου</span> <span class='ocrx_word' id='word_1_174' title='bbox 2522 1031 2673 1091; x_wconf 80' lang='grc' dir='ltr'>τέλος</span> <span class='ocrx_word' id='word_1_175' title='bbox 2696 1030 3014 1098; x_wconf 76' lang='grc' dir='ltr'>ἐπεύχοντο.</span> <span class='ocrx_word' id='word_1_176' title='bbox 3042 1031 3257 1083; x_wconf 78' lang='grc' dir='ltr'><strong>Γίνεται</strong></span> <span class='ocrx_word' id='word_1_177' title='bbox 3291 1032 3346 1083; x_wconf 77' lang='grc' dir='ltr'>δὲ</span> <span class='ocrx_word' id='word_1_178' title='bbox 3375 1035 3467 1083; x_wconf 72' lang='grc' dir='ltr'><strong>καὶ</strong></span> <span class='ocrx_word' id='word_1_179' title='bbox 3495 1034 3619 1085; x_wconf 79' lang='grc' dir='ltr'>τότε</span> <span class='ocrx_word' id='word_1_180' title='bbox 3669 1033 3772 1099; x_wconf 72' lang='grc' dir='ltr'><strong>τῆς</strong></span> 
     </span>
    </p>
   </div>
   <div class='ocr_carea' id='block_1_26' title="bbox 2182 1122 3770 1191">
    <p class='ocr_par' dir='ltr' id='par_1_26' title="bbox 2182 1122 3770 1191">
     <span class='ocr_line' id='line_1_26' title="bbox 2182 1122 3770 1191; baseline 0.001 -17"><span class='ocrx_word' id='word_1_181' title='bbox 2182 1122 2277 1174; x_wconf 81' lang='grc' dir='ltr'><strong>τοῦ</strong></span> <span class='ocrx_word' id='word_1_182' title='bbox 2325 1123 2562 1191; x_wconf 82' lang='grc' dir='ltr'>Χριστοῦ</span> <span class='ocrx_word' id='word_1_183' title='bbox 2590 1124 2871 1191; x_wconf 76' lang='grc' dir='ltr'>δυνάμεως</span> <span class='ocrx_word' id='word_1_184' title='bbox 2904 1122 3067 1189; x_wconf 78' lang='grc' dir='ltr'>ἔργον</span> <span class='ocrx_word' id='word_1_185' title='bbox 3098 1122 3566 1191; x_wconf 78' lang='grc' dir='ltr'>ἀξιοθαύμαστον.</span> <span class='ocrx_word' id='word_1_186' title='bbox 3610 1127 3770 1177; x_wconf 78' lang='grc' dir='ltr'>Ἐπεὶ</span> 
     </span>
    </p>
   </div>
   <div class='ocr_carea' id='block_1_27' title="bbox 2183 1210 3777 1286">
    <p class='ocr_par' dir='ltr' id='par_1_27' title="bbox 2183 1210 3777 1286">
     <span class='ocr_line' id='line_1_27' title="bbox 2183 1210 3777 1286; baseline 0.004 -23"><span class='ocrx_word' id='word_1_187' title='bbox 2183 1213 2288 1281; x_wconf 69' lang='grc' dir='ltr'>γὰρ</span> <span class='ocrx_word' id='word_1_188' title='bbox 2332 1215 2431 1286; x_wconf 69' lang='grc' dir='ltr'>ἤδη</span> <span class='ocrx_word' id='word_1_189' title='bbox 2462 1214 2555 1266; x_wconf 68' lang='grc' dir='ltr'><strong>καὶ</strong></span> <span class='ocrx_word' id='word_1_190' title='bbox 2583 1216 2615 1282; x_wconf 77' lang='grc' dir='ltr'>ἠ</span> <span class='ocrx_word' id='word_1_191' title='bbox 2644 1214 2876 1281; x_wconf 76' lang='grc' dir='ltr'>βάσανος</span> <span class='ocrx_word' id='word_1_192' title='bbox 2907 1214 3189 1283; x_wconf 66' lang='grc' dir='ltr'>εὐπρεπὴς</span> <span class='ocrx_word' id='word_1_193' title='bbox 3220 1210 3310 1283; x_wconf 77' lang='grc' dir='ltr'>ἦν,</span> <span class='ocrx_word' id='word_1_194' title='bbox 3362 1216 3454 1266; x_wconf 78' lang='grc' dir='ltr'><strong>καὶ</strong></span> <span class='ocrx_word' id='word_1_195' title='bbox 3488 1216 3515 1265; x_wconf 83' lang='grc' dir='ltr'><strong>δ</strong></span> <span class='ocrx_word' id='word_1_196' title='bbox 3541 1217 3777 1282; x_wconf 76' lang='grc' dir='ltr'>Βονιφα-</span> 
     </span>
    </p>
   </div>
   <div class='ocr_carea' id='block_1_28' title="bbox 2180 1305 3773 1375">
    <p class='ocr_par' dir='ltr' id='par_1_28' title="bbox 2180 1305 3773 1375">
     <span class='ocr_line' id='line_1_28' title="bbox 2180 1305 3773 1375; baseline 0.002 -19"><span class='ocrx_word' id='word_1_197' title='bbox 2180 1321 2291 1365; x_wconf 85' lang='grc' dir='ltr'>τιος</span> <span class='ocrx_word' id='word_1_198' title='bbox 2318 1305 2511 1373; x_wconf 80' lang='grc' dir='ltr'>ὥσπερ</span> <span class='ocrx_word' id='word_1_199' title='bbox 2538 1323 2621 1366; x_wconf 86' lang='grc' dir='ltr'><strong>τις</strong></span> <span class='ocrx_word' id='word_1_200' title='bbox 2647 1305 2953 1374; x_wconf 77' lang='grc' dir='ltr'>παλαιστὴς</span> <span class='ocrx_word' id='word_1_201' title='bbox 2977 1308 3226 1373; x_wconf 81' lang='grc' dir='ltr'><strong>γενναῖος</strong></span> <span class='ocrx_word' id='word_1_202' title='bbox 3257 1308 3502 1374; x_wconf 71' lang='grc' dir='ltr'>εἱστήκει</span> <span class='ocrx_word' id='word_1_203' title='bbox 3538 1311 3773 1375; x_wconf 80' lang='grc' dir='ltr'>περιμέ-</span> 
     </span>
    </p>
   </div>
   <div class='ocr_carea' id='block_1_29' title="bbox 2181 1396 3773 1467">
    <p class='ocr_par' dir='ltr' id='par_1_29' title="bbox 2181 1396 3773 1467">
     <span class='ocr_line' id='line_1_29' title="bbox 2181 1396 3773 1467; baseline 0.001 -20"><span class='ocrx_word' id='word_1_204' title='bbox 2181 1413 2286 1447; x_wconf 88' lang='grc' dir='ltr'><strong>νων</strong></span> <span class='ocrx_word' id='word_1_205' title='bbox 2324 1396 2415 1446; x_wconf 73' lang='grc' dir='ltr'><strong>τὸν</strong></span> <span class='ocrx_word' id='word_1_206' title='bbox 2440 1396 2878 1465; x_wconf 79' lang='grc' dir='ltr'>ἀνταγωνιστὴν,</span> <span class='ocrx_word' id='word_1_207' title='bbox 2908 1397 2958 1447; x_wconf 84' lang='lat' dir='ltr'><strong>0i</strong></span> <span class='ocrx_word' id='word_1_208' title='bbox 2990 1396 3137 1449; x_wconf 84' lang='grc' dir='ltr'>ἄλλοι</span> <span class='ocrx_word' id='word_1_209' title='bbox 3164 1397 3219 1448; x_wconf 82' lang='grc' dir='ltr'>δὲ</span> <span class='ocrx_word' id='word_1_210' title='bbox 3250 1398 3551 1467; x_wconf 75' lang='grc' dir='ltr'>μάρτυρες,</span> <span class='ocrx_word' id='word_1_211' title='bbox 3581 1399 3657 1459; x_wconf 88' lang='grc' dir='ltr'>ὼς</span> <span class='ocrx_word' id='word_1_212' title='bbox 3703 1401 3773 1451; x_wconf 86' lang='grc' dir='ltr'>ἂν</span> 
     </span>
    </p>
   </div>
   <div class='ocr_carea' id='block_1_30' title="bbox 2180 1485 3774 1555">
    <p class='ocr_par' dir='ltr' id='par_1_30' title="bbox 2180 1485 3774 1555">
     <span class='ocr_line' id='line_1_30' title="bbox 2180 1485 3774 1555; baseline -0.001 -17"><span class='ocrx_word' id='word_1_213' title='bbox 2180 1486 2279 1538; x_wconf 84' lang='grc' dir='ltr'><strong>οὐκ</strong></span> <span class='ocrx_word' id='word_1_214' title='bbox 2302 1487 2603 1552; x_wconf 79' lang='grc' dir='ltr'>ἀγωνισταὶ</span> <span class='ocrx_word' id='word_1_215' title='bbox 2636 1486 2817 1555; x_wconf 85' lang='grc' dir='ltr'>μόνον,</span> <span class='ocrx_word' id='word_1_216' title='bbox 2854 1486 2994 1540; x_wconf 79' lang='grc' dir='ltr'>ἀλλὰ</span> <span class='ocrx_word' id='word_1_217' title='bbox 3022 1487 3116 1538; x_wconf 70' lang='grc' dir='ltr'><strong>καὶ</strong></span> <span class='ocrx_word' id='word_1_218' title='bbox 3146 1485 3256 1537; x_wconf 85' lang='grc' dir='ltr'><strong>τῶν</strong></span> <span class='ocrx_word' id='word_1_219' title='bbox 3294 1488 3385 1538; x_wconf 76' lang='grc' dir='ltr'>ἐπὶ</span> <span class='ocrx_word' id='word_1_220' title='bbox 3425 1488 3600 1554; x_wconf 80' lang='grc' dir='ltr'>τούτῳ</span> <span class='ocrx_word' id='word_1_221' title='bbox 3630 1486 3774 1554; x_wconf 78' lang='grc' dir='ltr'>δρω-</span> 
     </span>
    </p>
   </div>
   <div class='ocr_carea' id='block_1_31' title="bbox 2185 1573 3772 1643">
    <p class='ocr_par' dir='ltr' id='par_1_31' title="bbox 2185 1573 3772 1643">
     <span class='ocr_line' id='line_1_31' title="bbox 2185 1573 3772 1643; baseline 0 -18"><span class='ocrx_word' id='word_1_222' title='bbox 2185 1574 2359 1642; x_wconf 80' lang='grc' dir='ltr'><strong>μένων</strong></span> <span class='ocrx_word' id='word_1_223' title='bbox 2416 1573 2609 1642; x_wconf 70' lang='grc' dir='ltr'>θερμοὶ</span> <span class='ocrx_word' id='word_1_224' title='bbox 2669 1573 2879 1635; x_wconf 73' lang='grc' dir='ltr'>θεαταὶ,</span> <span class='ocrx_word' id='word_1_225' title='bbox 2938 1576 3033 1627; x_wconf 68' lang='grc' dir='ltr'>καὶ</span> <span class='ocrx_word' id='word_1_226' title='bbox 3081 1575 3281 1643; x_wconf 72' lang='grc' dir='ltr'>μᾶλλον</span> <span class='ocrx_word' id='word_1_227' title='bbox 3313 1575 3344 1642; x_wconf 84' lang='grc' dir='ltr'>ἢ</span> <span class='ocrx_word' id='word_1_228' title='bbox 3380 1576 3587 1633; x_wconf 79' lang='grc' dir='ltr'>ἐκεῖνος</span> <span class='ocrx_word' id='word_1_229' title='bbox 3623 1576 3772 1638; x_wconf 65' lang='grc' dir='ltr'>ἀγω-</span> 
     </span>
    </p>
   </div>
   <div class='ocr_carea' id='block_1_32' title="bbox 2180 1664 3769 1737">
    <p class='ocr_par' dir='ltr' id='par_1_32' title="bbox 2180 1664 3769 1737">
     <span class='ocr_line' id='line_1_32' title="bbox 2180 1664 3769 1737; baseline 0.001 -22"><span class='ocrx_word' id='word_1_230' title='bbox 2180 1664 2421 1729; x_wconf 74' lang='grc' dir='ltr'>νιῶντες,</span> <span class='ocrx_word' id='word_1_231' title='bbox 2453 1666 2549 1733; x_wconf 77' lang='grc' dir='ltr'><strong>τὴν</strong></span> <span class='ocrx_word' id='word_1_232' title='bbox 2587 1665 2766 1732; x_wconf 79' lang='grc' dir='ltr'>νίκην,</span> <span class='ocrx_word' id='word_1_233' title='bbox 2803 1665 2991 1734; x_wconf 80' lang='grc' dir='ltr'>ὥσπερ</span> <span class='ocrx_word' id='word_1_234' title='bbox 3048 1669 3281 1737; x_wconf 62' lang='grc' dir='ltr'>ἔφημεν,</span> <span class='ocrx_word' id='word_1_235' title='bbox 3331 1669 3769 1735; x_wconf 78' lang='grc' dir='ltr'>συνεπηύχοντο·</span> 
     </span>
    </p>
   </div>
   <div class='ocr_carea' id='block_1_33' title="bbox 2182 1757 3774 1827">
    <p class='ocr_par' dir='ltr' id='par_1_33' title="bbox 2182 1757 3774 1827">
     <span class='ocr_line' id='line_1_33' title="bbox 2182 1757 3774 1827; baseline 0.001 -19"><span class='ocrx_word' id='word_1_236' title='bbox 2182 1757 2301 1808; x_wconf 79' lang='grc' dir='ltr'>τότε</span> <span class='ocrx_word' id='word_1_237' title='bbox 2332 1758 2395 1823; x_wconf 82' lang='grc' dir='ltr'><strong>δὴ</strong></span> <span class='ocrx_word' id='word_1_238' title='bbox 2423 1758 2481 1808; x_wconf 81' lang='grc' dir='ltr'>τὺ</span> <span class='ocrx_word' id='word_1_239' title='bbox 2523 1758 2939 1827; x_wconf 75' lang='grc' dir='ltr'><strong>συνειλεγμένον</strong></span> <span class='ocrx_word' id='word_1_240' title='bbox 2963 1760 3186 1826; x_wconf 69' lang='grc' dir='ltr'>πλῆθος,</span> <span class='ocrx_word' id='word_1_241' title='bbox 3208 1760 3302 1812; x_wconf 68' lang='grc' dir='ltr'><strong>καὶ</strong></span> <span class='ocrx_word' id='word_1_242' title='bbox 3332 1760 3507 1822; x_wconf 83' lang='grc' dir='ltr'>ἄλλως</span> <span class='ocrx_word' id='word_1_243' title='bbox 3537 1762 3629 1811; x_wconf 70' lang='grc' dir='ltr'><strong>καὶ</strong></span> <span class='ocrx_word' id='word_1_244' title='bbox 3659 1760 3774 1809; x_wconf 78' lang='grc' dir='ltr'>τῶν</span> 
     </span>
    </p>
   </div>
   <div class='ocr_carea' id='block_1_34' title="bbox 494 1830 2080 1921">
    <p class='ocr_par' dir='ltr' id='par_1_34' title="bbox 494 1851 2078 1921">
     <span class='ocr_line' id='line_1_34' title="bbox 494 1851 2078 1921; baseline 0.001 -15"><span class='ocrx_word' id='word_1_245' title='bbox 494 1851 657 1906; x_wconf 79' lang='lat' dir='ltr'><strong>exiis</strong></span> <span class='ocrx_word' id='word_1_246' title='bbox 695 1866 817 1921; x_wconf 67' lang='lat' dir='ltr'><strong>quae</strong></span> <span class='ocrx_word' id='word_1_247' title='bbox 873 1859 1298 1920; x_wconf 79' lang='lat' dir='ltr'><strong>praecesserant,</strong></span> <span class='ocrx_word' id='word_1_248' title='bbox 1351 1861 1498 1905; x_wconf 87' lang='lat' dir='ltr'><strong>mota</strong></span> <span class='ocrx_word' id='word_1_249' title='bbox 1540 1861 1661 1906; x_wconf 90' lang='lat' dir='ltr'><strong>erat</strong></span> <span class='ocrx_word' id='word_1_250' title='bbox 1702 1852 2078 1908; x_wconf 80' lang='lat' dir='ltr'><strong>misericordia</strong></span> 
     </span>
    </p>
   </div>
   <div class='ocr_carea' id='block_1_35' title="bbox 2187 1830 3775 1921">
    <p class='ocr_par' dir='ltr' id='par_1_35' title="bbox 2187 1848 3775 1920">
     <span class='ocr_line' id='line_1_35' title="bbox 2187 1848 3775 1920; baseline 0.001 -20"><span class='ocrx_word' id='word_1_251' title='bbox 2187 1848 2566 1917; x_wconf 73' lang='grc' dir='ltr'>προλαϐόντων</span> <span class='ocrx_word' id='word_1_252' title='bbox 2607 1849 2749 1901; x_wconf 85' lang='grc' dir='ltr'><strong>κατά</strong></span> <span class='ocrx_word' id='word_1_253' title='bbox 2792 1850 3014 1919; x_wconf 81' lang='grc' dir='ltr'>μικρὸν,</span> <span class='ocrx_word' id='word_1_254' title='bbox 3086 1850 3247 1901; x_wconf 83' lang='grc' dir='ltr'>τοῦτο</span> <span class='ocrx_word' id='word_1_255' title='bbox 3314 1852 3412 1917; x_wconf 81' lang='grc' dir='ltr'>μὲν</span> <span class='ocrx_word' id='word_1_256' title='bbox 3452 1851 3589 1920; x_wconf 75' lang='grc' dir='ltr'>πρὸς</span> <span class='ocrx_word' id='word_1_257' title='bbox 3646 1850 3775 1910; x_wconf 78' lang='grc' dir='ltr'>τοὺς</span> 
     </span>
    </p>
   </div>
   <div class='ocr_carea' id='block_1_36' title="bbox 495 1942 2074 2015">
    <p class='ocr_par' dir='ltr' id='par_1_36' title="bbox 495 1942 2074 2015">
     <span class='ocr_line' id='line_1_36' title="bbox 495 1942 2074 2015; baseline 0.001 -18"><span class='ocrx_word' id='word_1_258' title='bbox 495 1953 840 2015; x_wconf 82' lang='lat' dir='ltr'><strong>martyrum:</strong></span> <span class='ocrx_word' id='word_1_259' title='bbox 897 1942 1100 2012; x_wconf 89' lang='lat' dir='ltr'><strong>partim</strong></span> <span class='ocrx_word' id='word_1_260' title='bbox 1146 1952 1329 1995; x_wconf 89' lang='lat' dir='ltr'><strong>autem</strong></span> <span class='ocrx_word' id='word_1_261' title='bbox 1379 1957 1523 2011; x_wconf 70' lang='lat' dir='ltr'><strong>aegre</strong></span> <span class='ocrx_word' id='word_1_262' title='bbox 1582 1942 1793 1997; x_wconf 80' lang='lat' dir='ltr'><strong>ferebat</strong></span> <span class='ocrx_word' id='word_1_263' title='bbox 1851 1945 2074 1999; x_wconf 89' lang='lat' dir='ltr'><strong>nimiam</strong></span> 
     </span>
    </p>
   </div>
   <div class='ocr_carea' id='block_1_37' title="bbox 495 2033 2077 2105">
    <p class='ocr_par' dir='ltr' id='par_1_37' title="bbox 495 2033 2077 2105">
     <span class='ocr_line' id='line_1_37' title="bbox 495 2033 2077 2105; baseline 0.003 -18"><span class='ocrx_word' id='word_1_264' title='bbox 495 2035 750 2105; x_wconf 74' lang='lat' dir='ltr'><strong>praesidis</strong></span> <span class='ocrx_word' id='word_1_265' title='bbox 799 2033 1212 2095; x_wconf 83' lang='lat' dir='ltr'><strong>crudelitatem,</strong></span> <span class='ocrx_word' id='word_1_266' title='bbox 1262 2042 1317 2086; x_wconf 82' lang='lat' dir='ltr'><strong>et</strong></span> <span class='ocrx_word' id='word_1_267' title='bbox 1369 2044 1597 2102; x_wconf 86' lang='lat' dir='ltr'><strong>propter</strong></span> <span class='ocrx_word' id='word_1_268' title='bbox 1664 2046 1895 2105; x_wconf 86' lang='lat' dir='ltr'><strong>utraque</strong></span> <span class='ocrx_word' id='word_1_269' title='bbox 1960 2038 2077 2092; x_wconf 64' lang='lat' dir='ltr'><strong>haec</strong></span> 
     </span>
    </p>
   </div>
   <div class='ocr_carea' id='block_1_38' title="bbox 496 2124 2077 2193">
    <p class='ocr_par' dir='ltr' id='par_1_38' title="bbox 496 2124 2077 2193">
     <span class='ocr_line' id='line_1_38' title="bbox 496 2124 2077 2193; baseline 0 -11"><span class='ocrx_word' id='word_1_270' title='bbox 496 2136 813 2182; x_wconf 89' lang='lat' dir='ltr'><strong>sanctorum</strong></span> <span class='ocrx_word' id='word_1_271' title='bbox 848 2126 903 2179; x_wconf 92' lang='lat' dir='ltr'><strong>in</strong></span> <span class='ocrx_word' id='word_1_272' title='bbox 933 2124 1101 2179; x_wconf 88' lang='lat' dir='ltr'><strong>rebus</strong></span> <span class='ocrx_word' id='word_1_273' title='bbox 1142 2125 1353 2193; x_wconf 86' lang='lat' dir='ltr'><strong>asperis</strong></span> <span class='ocrx_word' id='word_1_274' title='bbox 1384 2126 1721 2193; x_wconf 82' lang='lat' dir='ltr'><strong>etgravibus</strong></span> <span class='ocrx_word' id='word_1_275' title='bbox 1751 2144 1859 2180; x_wconf 91' lang='lat' dir='ltr'><strong>non</strong></span> <span class='ocrx_word' id='word_1_276' title='bbox 1896 2130 2077 2182; x_wconf 82' lang='lat' dir='ltr'><strong>solum</strong></span> 
     </span>
    </p>
   </div>
   <div class='ocr_carea' id='block_1_39' title="bbox 495 2214 2079 2285">
    <p class='ocr_par' dir='ltr' id='par_1_39' title="bbox 495 2214 2079 2285">
     <span class='ocr_line' id='line_1_39' title="bbox 495 2214 2079 2285; baseline 0.001 -12"><span class='ocrx_word' id='word_1_277' title='bbox 495 2218 863 2281; x_wconf 85' lang='lat' dir='ltr'><strong>tolerantiam,</strong></span> <span class='ocrx_word' id='word_1_278' title='bbox 907 2214 1000 2269; x_wconf 88' lang='lat' dir='ltr'><strong>sed</strong></span> <span class='ocrx_word' id='word_1_279' title='bbox 1062 2216 1226 2269; x_wconf 90' lang='lat' dir='ltr'><strong>etiam</strong></span> <span class='ocrx_word' id='word_1_280' title='bbox 1283 2215 1529 2269; x_wconf 70' lang='lat' dir='ltr'><strong>laetitiam</strong></span> <span class='ocrx_word' id='word_1_281' title='bbox 1577 2218 1855 2285; x_wconf 82' lang='lat' dir='ltr'><strong>stupebat,</strong></span> <span class='ocrx_word' id='word_1_282' title='bbox 1897 2228 1952 2272; x_wconf 92' lang='lat' dir='ltr'><strong>et</strong></span> <span class='ocrx_word' id='word_1_283' title='bbox 2000 2220 2079 2274; x_wconf 81' lang='lat' dir='ltr'><strong>sic</strong></span> 
     </span>
    </p>
   </div>
   <div class='ocr_carea' id='block_1_40' title="bbox 494 2307 2078 2371">
    <p class='ocr_par' dir='ltr' id='par_1_40' title="bbox 494 2307 2078 2371">
     <span class='ocr_line' id='line_1_40' title="bbox 494 2307 2078 2371; baseline 0.003 -9"><span class='ocrx_word' id='word_1_284' title='bbox 494 2309 871 2364; x_wconf 87' lang='lat' dir='ltr'><strong>deducebatur</strong></span> <span class='ocrx_word' id='word_1_285' title='bbox 908 2308 975 2361; x_wconf 91' lang='lat' dir='ltr'><strong>ad</strong></span> <span class='ocrx_word' id='word_1_286' title='bbox 1017 2308 1177 2361; x_wconf 81' lang='lat' dir='ltr'><strong>ﬁdem</strong></span> <span class='ocrx_word' id='word_1_287' title='bbox 1233 2308 1288 2360; x_wconf 93' lang='lat' dir='ltr'><strong>in</strong></span> <span class='ocrx_word' id='word_1_288' title='bbox 1331 2307 1638 2371; x_wconf 84' lang='lat' dir='ltr'><strong>Christum,</strong></span> <span class='ocrx_word' id='word_1_289' title='bbox 1706 2310 1957 2365; x_wconf 84' lang='lat' dir='ltr'><strong>universa</strong></span> <span class='ocrx_word' id='word_1_290' title='bbox 1992 2328 2078 2367; x_wconf 87' lang='lat' dir='ltr'><strong>re-</strong></span> 
     </span>
    </p>
   </div>
   <div class='ocr_carea' id='block_1_41' title="bbox 496 2396 2076 2471">
    <p class='ocr_par' dir='ltr' id='par_1_41' title="bbox 496 2396 2076 2471">
     <span class='ocr_line' id='line_1_41' title="bbox 496 2396 2076 2471; baseline 0.003 -18"><span class='ocrx_word' id='word_1_291' title='bbox 496 2411 658 2471; x_wconf 90' lang='lat' dir='ltr'><strong>pente</strong></span> <span class='ocrx_word' id='word_1_292' title='bbox 690 2400 852 2452; x_wconf 85' lang='lat' dir='ltr'><strong>simul</strong></span> <span class='ocrx_word' id='word_1_293' title='bbox 901 2399 1039 2451; x_wconf 91' lang='lat' dir='ltr'><strong>tollit</strong></span> <span class='ocrx_word' id='word_1_294' title='bbox 1098 2396 1387 2451; x_wconf 79' lang='lat' dir='ltr'><strong>confusum</strong></span> <span class='ocrx_word' id='word_1_295' title='bbox 1438 2398 1752 2463; x_wconf 80' lang='lat' dir='ltr'><strong>clamorem,</strong></span> <span class='ocrx_word' id='word_1_296' title='bbox 1794 2408 1849 2455; x_wconf 92' lang='lat' dir='ltr'><strong>et</strong></span> <span class='ocrx_word' id='word_1_297' title='bbox 1894 2412 2076 2458; x_wconf 87' lang='lat' dir='ltr'><strong>mente</strong></span> 
     </span>
    </p>
   </div>
   <div class='ocr_carea' id='block_1_42' title="bbox 494 2488 2077 2559">
    <p class='ocr_par' dir='ltr' id='par_1_42' title="bbox 494 2488 2077 2559">
     <span class='ocr_line' id='line_1_42' title="bbox 494 2488 2077 2559; baseline 0.002 -14"><span class='ocrx_word' id='word_1_298' title='bbox 494 2499 551 2545; x_wconf 89' lang='lat' dir='ltr'><strong>et</strong></span> <span class='ocrx_word' id='word_1_299' title='bbox 584 2504 717 2543; x_wconf 85' lang='lat' dir='ltr'><strong>voce</strong></span> <span class='ocrx_word' id='word_1_300' title='bbox 746 2490 1183 2545; x_wconf 74' lang='lat' dir='ltr'><strong>consentientem</strong></span> <span class='ocrx_word' id='word_1_301' title='bbox 1214 2506 1225 2540; x_wconf 89' lang='lat'><strong>:</strong></span> <span class='ocrx_word' id='word_1_302' title='bbox 1257 2488 1484 2559; x_wconf 77' lang='lat' dir='ltr'><strong>Magnus</strong></span> <span class='ocrx_word' id='word_1_303' title='bbox 1514 2500 1600 2545; x_wconf 92' lang='lat' dir='ltr'><strong>est</strong></span> <span class='ocrx_word' id='word_1_304' title='bbox 1640 2491 1785 2545; x_wconf 89' lang='lat' dir='ltr'><strong>Deus</strong></span> <span class='ocrx_word' id='word_1_305' title='bbox 1810 2493 2077 2549; x_wconf 87' lang='lat' dir='ltr'><strong>Christia-</strong></span> 
     </span>
    </p>
   </div>
   <div class='ocr_carea' id='block_1_43' title="bbox 494 2582 2077 2651">
    <p class='ocr_par' dir='ltr' id='par_1_43' title="bbox 494 2582 2077 2651">
     <span class='ocr_line' id='line_1_43' title="bbox 494 2582 2077 2651; baseline 0.002 -14"><span class='ocrx_word' id='word_1_306' title='bbox 494 2599 719 2649; x_wconf 85' lang='lat' dir='ltr'><strong>norum;</strong></span> <span class='ocrx_word' id='word_1_307' title='bbox 756 2598 984 2651; x_wconf 86' lang='lat' dir='ltr'><strong>magnus</strong></span> <span class='ocrx_word' id='word_1_308' title='bbox 1018 2598 1078 2636; x_wconf 86' lang='lat' dir='ltr'><strong>es</strong></span> <span class='ocrx_word' id='word_1_309' title='bbox 1111 2582 1248 2646; x_wconf 82' lang='lat' dir='ltr'><strong>Rex,</strong></span> <span class='ocrx_word' id='word_1_310' title='bbox 1279 2582 1498 2638; x_wconf 85' lang='lat' dir='ltr'><strong>Christe</strong></span> <span class='ocrx_word' id='word_1_311' title='bbox 1524 2600 1538 2648; x_wconf 90' lang='lat'><strong>;</strong></span> <span class='ocrx_word' id='word_1_312' title='bbox 1573 2599 1765 2638; x_wconf 90' lang='lat' dir='ltr'><strong>omnes</strong></span> <span class='ocrx_word' id='word_1_313' title='bbox 1793 2586 1844 2637; x_wconf 92' lang='lat' dir='ltr'><strong>in</strong></span> <span class='ocrx_word' id='word_1_314' title='bbox 1876 2598 1927 2638; x_wconf 89' lang='lat' dir='ltr'><strong>te</strong></span> <span class='ocrx_word' id='word_1_315' title='bbox 1956 2603 2077 2641; x_wconf 90' lang='lat' dir='ltr'><strong>cre-</strong></span> 
     </span>
    </p>
   </div>
   <div class='ocr_carea' id='block_1_44' title="bbox 494 2673 2075 2737">
    <p class='ocr_par' dir='ltr' id='par_1_44' title="bbox 494 2673 2075 2737">
     <span class='ocr_line' id='line_1_44' title="bbox 494 2673 2075 2737; baseline 0.001 -8"><span class='ocrx_word' id='word_1_316' title='bbox 494 2675 699 2730; x_wconf 85' lang='lat' dir='ltr'><strong>dimus.</strong></span> <span class='ocrx_word' id='word_1_317' title='bbox 733 2673 858 2728; x_wconf 60' lang='lat' dir='ltr'><strong>Haec</strong></span> <span class='ocrx_word' id='word_1_318' title='bbox 898 2683 955 2728; x_wconf 90' lang='lat' dir='ltr'><strong>et</strong></span> <span class='ocrx_word' id='word_1_319' title='bbox 1002 2689 1197 2727; x_wconf 84' lang='lat' dir='ltr'><strong>omnes</strong></span> <span class='ocrx_word' id='word_1_320' title='bbox 1251 2674 1584 2737; x_wconf 88' lang='lat' dir='ltr'><strong>clamabant,</strong></span> <span class='ocrx_word' id='word_1_321' title='bbox 1633 2684 1691 2727; x_wconf 91' lang='lat' dir='ltr'><strong>et</strong></span> <span class='ocrx_word' id='word_1_322' title='bbox 1724 2677 1887 2729; x_wconf 86' lang='lat' dir='ltr'><strong>simul</strong></span> <span class='ocrx_word' id='word_1_323' title='bbox 1927 2692 2075 2731; x_wconf 87' lang='lat' dir='ltr'><strong>aram</strong></span> 
     </span>
    </p>
   </div>
   <div class='ocr_carea' id='block_1_45' title="bbox 495 2765 2076 2837">
    <p class='ocr_par' dir='ltr' id='par_1_45' title="bbox 495 2765 2076 2837">
     <span class='ocr_line' id='line_1_45' title="bbox 495 2765 2076 2837; baseline 0.002 -17"><span class='ocrx_word' id='word_1_324' title='bbox 495 2767 764 2835; x_wconf 87' lang='lat' dir='ltr'><strong>quidem,</strong></span> <span class='ocrx_word' id='word_1_325' title='bbox 824 2780 946 2833; x_wconf 71' lang='lat' dir='ltr'><strong>quae</strong></span> <span class='ocrx_word' id='word_1_326' title='bbox 1002 2765 1113 2818; x_wconf 90' lang='lat' dir='ltr'><strong>illic</strong></span> <span class='ocrx_word' id='word_1_327' title='bbox 1174 2773 1299 2827; x_wconf 89' lang='lat' dir='ltr'><strong>est,</strong></span> <span class='ocrx_word' id='word_1_328' title='bbox 1365 2766 1729 2832; x_wconf 81' lang='lat' dir='ltr'><strong>evertebant,</strong></span> <span class='ocrx_word' id='word_1_329' title='bbox 1789 2768 2076 2837; x_wconf 66' lang='lat' dir='ltr'><strong>praesidem</strong></span> 
     </span>
    </p>
   </div>
   <div class='ocr_carea' id='block_1_46' title="bbox 494 2856 2077 2925">
    <p class='ocr_par' dir='ltr' id='par_1_46' title="bbox 494 2856 2077 2925">
     <span class='ocr_line' id='line_1_46' title="bbox 494 2856 2077 2925; baseline 0.003 -15"><span class='ocrx_word' id='word_1_330' title='bbox 494 2866 677 2910; x_wconf 81' lang='lat' dir='ltr'><strong>autem</strong></span> <span class='ocrx_word' id='word_1_331' title='bbox 734 2856 1012 2925; x_wconf 86' lang='lat' dir='ltr'><strong>lapidibus</strong></span> <span class='ocrx_word' id='word_1_332' title='bbox 1080 2856 1433 2925; x_wconf 90' lang='lat' dir='ltr'><strong>appetebant.</strong></span> <span class='ocrx_word' id='word_1_333' title='bbox 1503 2856 1596 2912; x_wconf 91' lang='lat' dir='ltr'><strong>llle</strong></span> <span class='ocrx_word' id='word_1_334' title='bbox 1655 2874 1813 2925; x_wconf 87' lang='lat' dir='ltr'><strong>vero,</strong></span> <span class='ocrx_word' id='word_1_335' title='bbox 1881 2861 2077 2915; x_wconf 86' lang='lat' dir='ltr'><strong>timore</strong></span> 
     </span>
    </p>
   </div>
   <div class='ocr_carea' id='block_1_47' title="bbox 494 2948 2081 3019">
    <p class='ocr_par' dir='ltr' id='par_1_47' title="bbox 494 2948 2081 3019">
     <span class='ocr_line' id='line_1_47' title="bbox 494 2948 2081 3019; baseline 0.001 -15"><span class='ocrx_word' id='word_1_336' title='bbox 494 2948 724 3005; x_wconf 71' lang='lat' dir='ltr'><strong>allectus</strong></span> <span class='ocrx_word' id='word_1_337' title='bbox 746 2956 802 3001; x_wconf 91' lang='lat' dir='ltr'><strong>et</strong></span> <span class='ocrx_word' id='word_1_338' title='bbox 824 2963 935 3002; x_wconf 72' lang='lat' dir='ltr'><strong>sua:</strong></span> <span class='ocrx_word' id='word_1_339' title='bbox 959 2950 1081 3003; x_wconf 64' lang='lat' dir='ltr'><strong>vitae</strong></span> <span class='ocrx_word' id='word_1_340' title='bbox 1113 2956 1387 3011; x_wconf 90' lang='lat' dir='ltr'><strong>metuens,</strong></span> <span class='ocrx_word' id='word_1_341' title='bbox 1418 2949 1601 3017; x_wconf 90' lang='lat' dir='ltr'><strong>utqui</strong></span> <span class='ocrx_word' id='word_1_342' title='bbox 1645 2956 1862 3004; x_wconf 85' lang='lat' dir='ltr'><strong>veniret</strong></span> <span class='ocrx_word' id='word_1_343' title='bbox 1900 2952 1953 3003; x_wconf 94' lang='lat' dir='ltr'><strong>in</strong></span> <span class='ocrx_word' id='word_1_344' title='bbox 1986 2966 2081 3019; x_wconf 87' lang='lat' dir='ltr'><strong>pe-</strong></span> 
     </span>
    </p>
   </div>
   <div class='ocr_carea' id='block_1_48' title="bbox 498 3039 2073 3111">
    <p class='ocr_par' dir='ltr' id='par_1_48' title="bbox 498 3039 2073 3111">
     <span class='ocr_line' id='line_1_48' title="bbox 498 3039 2073 3111; baseline 0.004 -21"><span class='ocrx_word' id='word_1_345' title='bbox 498 3039 755 3101; x_wconf 88' lang='lat' dir='ltr'><strong>riculum,</strong></span> <span class='ocrx_word' id='word_1_346' title='bbox 799 3056 865 3093; x_wconf 92' lang='lat' dir='ltr'><strong>ne</strong></span> <span class='ocrx_word' id='word_1_347' title='bbox 895 3054 1018 3092; x_wconf 81' lang='lat' dir='ltr'><strong>mox</strong></span> <span class='ocrx_word' id='word_1_348' title='bbox 1052 3041 1281 3107; x_wconf 86' lang='lat' dir='ltr'><strong>periret,</strong></span> <span class='ocrx_word' id='word_1_349' title='bbox 1310 3039 1435 3111; x_wconf 85' lang='lat' dir='ltr'><strong>fuga</strong></span> <span class='ocrx_word' id='word_1_350' title='bbox 1460 3055 1574 3095; x_wconf 74' lang='lat' dir='ltr'><strong>sua:</strong></span> <span class='ocrx_word' id='word_1_351' title='bbox 1624 3042 1788 3096; x_wconf 88' lang='lat' dir='ltr'><strong>saluti</strong></span> <span class='ocrx_word' id='word_1_352' title='bbox 1812 3044 2073 3111; x_wconf 87' lang='lat' dir='ltr'><strong>consulit,</strong></span> 
     </span>
    </p>
   </div>
   <div class='ocr_carea' id='block_1_49' title="bbox 496 3131 1263 3199">
    <p class='ocr_par' dir='ltr' id='par_1_49' title="bbox 496 3131 1263 3199">
     <span class='ocr_line' id='line_1_49' title="bbox 496 3131 1263 3199; baseline 0 -14"><span class='ocrx_word' id='word_1_353' title='bbox 496 3131 735 3199; x_wconf 81' lang='lat' dir='ltr'><strong>turpiter</strong></span> <span class='ocrx_word' id='word_1_354' title='bbox 760 3131 991 3184; x_wconf 88' lang='lat' dir='ltr'><strong>dimisso</strong></span> <span class='ocrx_word' id='word_1_355' title='bbox 1028 3131 1263 3185; x_wconf 90' lang='lat' dir='ltr'><strong>theatro.</strong></span> 
     </span>
    </p>
   </div>
   <div class='ocr_carea' id='block_1_50' title="bbox 566 3221 2073 3294">
    <p class='ocr_par' dir='ltr' id='par_1_50' title="bbox 566 3221 2073 3294">
     <span class='ocr_line' id='line_1_50' title="bbox 566 3221 2073 3294; baseline 0.004 -19"><span class='ocrx_word' id='word_1_356' title='bbox 566 3221 658 3275; x_wconf 65' lang='grc' dir='ltr'><strong>ιχ.</strong></span> <span class='ocrx_word' id='word_1_357' title='bbox 716 3221 842 3277; x_wconf 69' lang='lat' dir='ltr'><strong>ch</strong></span> <span class='ocrx_word' id='word_1_358' title='bbox 887 3224 1051 3277; x_wconf 86' lang='lat' dir='ltr'><strong>alium</strong></span> <span class='ocrx_word' id='word_1_359' title='bbox 1109 3224 1332 3293; x_wconf 90' lang='lat' dir='ltr'><strong>quidem</strong></span> <span class='ocrx_word' id='word_1_360' title='bbox 1379 3225 1631 3294; x_wconf 79' lang='lat' dir='ltr'><strong>quamvis</strong></span> <span class='ocrx_word' id='word_1_361' title='bbox 1677 3226 1965 3280; x_wconf 82' lang='lat' dir='ltr'><strong>cll‘eralum</strong></span> <span class='ocrx_word' id='word_1_362' title='bbox 2017 3239 2073 3282; x_wconf 91' lang='lat' dir='ltr'><strong>ct</strong></span> 
     </span>
    </p>
   </div>
   <div class='ocr_carea' id='block_1_51' title="bbox 498 3315 2075 3384">
    <p class='ocr_par' dir='ltr' id='par_1_51' title="bbox 498 3315 2075 3384">
     <span class='ocr_line' id='line_1_51' title="bbox 498 3315 2075 3384; baseline 0.004 -20"><span class='ocrx_word' id='word_1_363' title='bbox 498 3315 830 3379; x_wconf 89' lang='lat' dir='ltr'><strong>immanem,</strong></span> <span class='ocrx_word' id='word_1_364' title='bbox 880 3315 961 3367; x_wconf 87' lang='lat' dir='ltr'><strong>ira</strong></span> <span class='ocrx_word' id='word_1_365' title='bbox 1014 3324 1193 3368; x_wconf 92' lang='lat' dir='ltr'><strong>tamen</strong></span> <span class='ocrx_word' id='word_1_366' title='bbox 1248 3316 1612 3384; x_wconf 84' lang='lat' dir='ltr'><strong>placabilem,</strong></span> <span class='ocrx_word' id='word_1_367' title='bbox 1674 3319 2075 3384; x_wconf 81' lang='lat' dir='ltr'><strong>persuasissent</strong></span> 
     </span>
    </p>
   </div>
   <div class='ocr_carea' id='block_1_52' title="bbox 495 3405 2075 3476">
    <p class='ocr_par' dir='ltr' id='par_1_52' title="bbox 495 3405 2075 3476">
     <span class='ocr_line' id='line_1_52' title="bbox 495 3405 2075 3476; baseline 0.002 -17"><span class='ocrx_word' id='word_1_368' title='bbox 495 3405 686 3459; x_wconf 83' lang='lat' dir='ltr'><strong>cadem</strong></span> <span class='ocrx_word' id='word_1_369' title='bbox 718 3408 943 3467; x_wconf 87' lang='lat' dir='ltr'><strong>sentire,</strong></span> <span class='ocrx_word' id='word_1_370' title='bbox 987 3422 1109 3476; x_wconf 62' lang='lat' dir='ltr'><strong>quae</strong></span> <span class='ocrx_word' id='word_1_371' title='bbox 1140 3406 1255 3471; x_wconf 85' lang='lat' dir='ltr'><strong>alii,</strong></span> <span class='ocrx_word' id='word_1_372' title='bbox 1293 3416 1349 3461; x_wconf 92' lang='lat' dir='ltr'><strong>et</strong></span> <span class='ocrx_word' id='word_1_373' title='bbox 1387 3406 1702 3461; x_wconf 75' lang='lat' dir='ltr'><strong>eﬂ‘ecisseut</strong></span> <span class='ocrx_word' id='word_1_374' title='bbox 1727 3415 1785 3461; x_wconf 93' lang='lat' dir='ltr'><strong>ut</strong></span> <span class='ocrx_word' id='word_1_375' title='bbox 1815 3410 1880 3461; x_wconf 91' lang='lat' dir='ltr'><strong>ad</strong></span> <span class='ocrx_word' id='word_1_376' title='bbox 1912 3409 2075 3462; x_wconf 90' lang='lat' dir='ltr'><strong>Chri-</strong></span> 
     </span>
    </p>
   </div>
   <div class='ocr_carea' id='block_1_53' title="bbox 498 3499 2073 3555">
    <p class='ocr_par' dir='ltr' id='par_1_53' title="bbox 498 3499 2073 3555">
     <span class='ocr_line' id='line_1_53' title="bbox 498 3499 2073 3555; baseline 0.003 -5"><span class='ocrx_word' id='word_1_377' title='bbox 498 3506 643 3550; x_wconf 86' lang='lat' dir='ltr'><strong>stum</strong></span> <span class='ocrx_word' id='word_1_378' title='bbox 674 3499 962 3552; x_wconf 89' lang='lat' dir='ltr'><strong>accederet</strong></span> <span class='ocrx_word' id='word_1_379' title='bbox 995 3513 1010 3551; x_wconf 90' lang='lat'><strong>:</strong></span> <span class='ocrx_word' id='word_1_380' title='bbox 1047 3508 1101 3553; x_wconf 90' lang='lat' dir='ltr'><strong>at</strong></span> <span class='ocrx_word' id='word_1_381' title='bbox 1127 3515 1235 3553; x_wconf 91' lang='lat' dir='ltr'><strong>non</strong></span> <span class='ocrx_word' id='word_1_382' title='bbox 1268 3499 1421 3552; x_wconf 91' lang='lat' dir='ltr'><strong>illum</strong></span> <span class='ocrx_word' id='word_1_383' title='bbox 1454 3500 1784 3554; x_wconf 88' lang='lat' dir='ltr'><strong>sceleratum</strong></span> <span class='ocrx_word' id='word_1_384' title='bbox 1818 3510 1872 3555; x_wconf 93' lang='lat' dir='ltr'><strong>et</strong></span> <span class='ocrx_word' id='word_1_385' title='bbox 1914 3516 2073 3555; x_wconf 76' lang='lat' dir='ltr'><strong>exse-</strong></span> 
     </span>
    </p>
   </div>
   <div class='ocr_carea' id='block_1_54' title="bbox 500 3586 2077 3658">
    <p class='ocr_par' dir='ltr' id='par_1_54' title="bbox 500 3586 2077 3658">
     <span class='ocr_line' id='line_1_54' title="bbox 500 3586 2077 3658; baseline 0.004 -19"><span class='ocrx_word' id='word_1_386' title='bbox 500 3586 792 3645; x_wconf 83' lang='lat' dir='ltr'><strong>crandum.</strong></span> <span class='ocrx_word' id='word_1_387' title='bbox 830 3587 937 3640; x_wconf 88' lang='lat' dir='ltr'><strong>Sed</strong></span> <span class='ocrx_word' id='word_1_388' title='bbox 965 3596 1177 3640; x_wconf 90' lang='lat' dir='ltr'><strong>tantum</strong></span> <span class='ocrx_word' id='word_1_389' title='bbox 1209 3588 1404 3651; x_wconf 82' lang='lat' dir='ltr'><strong>abfuit,</strong></span> <span class='ocrx_word' id='word_1_390' title='bbox 1444 3598 1503 3641; x_wconf 92' lang='lat' dir='ltr'><strong>ut</strong></span> <span class='ocrx_word' id='word_1_391' title='bbox 1542 3590 1657 3658; x_wconf 91' lang='lat' dir='ltr'><strong>ipse</strong></span> <span class='ocrx_word' id='word_1_392' title='bbox 1689 3607 1752 3644; x_wconf 83' lang='lat' dir='ltr'><strong>ex</strong></span> <span class='ocrx_word' id='word_1_393' title='bbox 1792 3592 1987 3647; x_wconf 77' lang='lat' dir='ltr'><strong>timore</strong></span> <span class='ocrx_word' id='word_1_394' title='bbox 2022 3602 2077 3646; x_wconf 92' lang='lat' dir='ltr'><strong>et</strong></span> 
     </span>
    </p>
   </div>
   <div class='ocr_carea' id='block_1_55' title="bbox 499 3678 2075 3750">
    <p class='ocr_par' dir='ltr' id='par_1_55' title="bbox 499 3678 2075 3750">
     <span class='ocr_line' id='line_1_55' title="bbox 499 3678 2075 3750; baseline 0 -17"><span class='ocrx_word' id='word_1_395' title='bbox 499 3694 564 3733; x_wconf 81' lang='lat' dir='ltr'><strong>ex</strong></span> <span class='ocrx_word' id='word_1_396' title='bbox 616 3678 719 3732; x_wconf 85' lang='lat' dir='ltr'><strong>hac</strong></span> <span class='ocrx_word' id='word_1_397' title='bbox 772 3678 1083 3733; x_wconf 86' lang='lat' dir='ltr'><strong>admirabili</strong></span> <span class='ocrx_word' id='word_1_398' title='bbox 1131 3680 1319 3748; x_wconf 82' lang='lat' dir='ltr'><strong>pepuli</strong></span> <span class='ocrx_word' id='word_1_399' title='bbox 1390 3682 1794 3745; x_wconf 84' lang='lat' dir='ltr'><strong>consensione,</strong></span> <span class='ocrx_word' id='word_1_400' title='bbox 1838 3685 2075 3750; x_wconf 86' lang='lat' dir='ltr'><strong>aliquam</strong></span> 
     </span>
    </p>
   </div>
   <div class='ocr_carea' id='block_1_56' title="bbox 499 3772 2077 3842">
    <p class='ocr_par' dir='ltr' id='par_1_56' title="bbox 499 3772 2077 3842">
     <span class='ocr_line' id='line_1_56' title="bbox 499 3772 2077 3842; baseline 0.002 -18"><span class='ocrx_word' id='word_1_401' title='bbox 499 3772 774 3839; x_wconf 90' lang='lat' dir='ltr'><strong>acceperit</strong></span> <span class='ocrx_word' id='word_1_402' title='bbox 802 3772 1119 3834; x_wconf 86' lang='lat' dir='ltr'><strong>utilitatem,</strong></span> <span class='ocrx_word' id='word_1_403' title='bbox 1166 3782 1225 3825; x_wconf 96' lang='lat' dir='ltr'><strong>ut</strong></span> <span class='ocrx_word' id='word_1_404' title='bbox 1262 3774 1518 3825; x_wconf 83' lang='lat' dir='ltr'><strong>statuerit</strong></span> <span class='ocrx_word' id='word_1_405' title='bbox 1559 3774 1725 3825; x_wconf 90' lang='lat' dir='ltr'><strong>etiam</strong></span> <span class='ocrx_word' id='word_1_406' title='bbox 1770 3787 1883 3826; x_wconf 90' lang='lat' dir='ltr'><strong>rem</strong></span> <span class='ocrx_word' id='word_1_407' title='bbox 1917 3789 2077 3842; x_wconf 83' lang='lat' dir='ltr'><strong>agere</strong></span> 
     </span>
    </p>
   </div>
   <div class='ocr_carea' id='block_1_57' title="bbox 502 3862 2080 3929">
    <p class='ocr_par' dir='ltr' id='par_1_57' title="bbox 502 3862 2080 3929">
     <span class='ocr_line' id='line_1_57' title="bbox 502 3862 2080 3929; baseline 0.003 -16"><span class='ocrx_word' id='word_1_408' title='bbox 502 3863 697 3929; x_wconf 76' lang='lat' dir='ltr'><strong>majori</strong></span> <span class='ocrx_word' id='word_1_409' title='bbox 729 3863 1107 3925; x_wconf 86' lang='lat' dir='ltr'><strong>contentione,</strong></span> <span class='ocrx_word' id='word_1_410' title='bbox 1155 3872 1210 3915; x_wconf 92' lang='lat' dir='ltr'><strong>et</strong></span> <span class='ocrx_word' id='word_1_411' title='bbox 1247 3862 1326 3913; x_wconf 87' lang='lat' dir='ltr'><strong>ira</strong></span> <span class='ocrx_word' id='word_1_412' title='bbox 1376 3877 1503 3915; x_wconf 90' lang='lat' dir='ltr'><strong>cum</strong></span> <span class='ocrx_word' id='word_1_413' title='bbox 1555 3862 1841 3926; x_wconf 88' lang='lat' dir='ltr'><strong>incitante,</strong></span> <span class='ocrx_word' id='word_1_414' title='bbox 1903 3875 2080 3918; x_wconf 87' lang='lat' dir='ltr'><strong>certa-</strong></span> 
     </span>
    </p>
   </div>
   <div class='ocr_carea' id='block_1_58' title="bbox 504 3952 2078 4023">
    <p class='ocr_par' dir='ltr' id='par_1_58' title="bbox 504 3952 2078 4023">
     <span class='ocr_line' id='line_1_58' title="bbox 504 3952 2078 4023; baseline 0 -17"><span class='ocrx_word' id='word_1_415' title='bbox 504 3968 627 4007; x_wconf 90' lang='lat' dir='ltr'><strong>men</strong></span> <span class='ocrx_word' id='word_1_416' title='bbox 661 3953 996 4007; x_wconf 92' lang='lat' dir='ltr'><strong>instaurare.</strong></span> <span class='ocrx_word' id='word_1_417' title='bbox 1032 3952 1188 4009; x_wconf 80' lang='lat' dir='ltr'><strong>Mane</strong></span> <span class='ocrx_word' id='word_1_418' title='bbox 1220 3970 1351 4022; x_wconf 84' lang='lat' dir='ltr'><strong>ergo</strong></span> <span class='ocrx_word' id='word_1_419' title='bbox 1380 3954 1678 4023; x_wconf 76' lang='lat' dir='ltr'><strong>przesidens</strong></span> <span class='ocrx_word' id='word_1_420' title='bbox 1706 3955 1760 4007; x_wconf 91' lang='lat' dir='ltr'><strong>in</strong></span> <span class='ocrx_word' id='word_1_421' title='bbox 1793 3956 2078 4019; x_wconf 83' lang='lat' dir='ltr'><strong>tribunali,</strong></span> 
     </span>
    </p>
   </div>
   <div class='ocr_carea' id='block_1_59' title="bbox 502 4043 2082 4116">
    <p class='ocr_par' dir='ltr' id='par_1_59' title="bbox 502 4043 2082 4116">
     <span class='ocr_line' id='line_1_59' title="bbox 502 4043 2082 4116; baseline 0 -19"><span class='ocrx_word' id='word_1_422' title='bbox 502 4060 627 4097; x_wconf 82' lang='lat' dir='ltr'><strong>cum</strong></span> <span class='ocrx_word' id='word_1_423' title='bbox 658 4054 903 4097; x_wconf 89' lang='lat' dir='ltr'><strong>curasset</strong></span> <span class='ocrx_word' id='word_1_424' title='bbox 935 4044 988 4096; x_wconf 92' lang='lat' dir='ltr'><strong>in</strong></span> <span class='ocrx_word' id='word_1_425' title='bbox 1023 4060 1181 4097; x_wconf 88' lang='lat' dir='ltr'><strong>suum</strong></span> <span class='ocrx_word' id='word_1_426' title='bbox 1215 4054 1572 4112; x_wconf 85' lang='lat' dir='ltr'><strong>conspectum</strong></span> <span class='ocrx_word' id='word_1_427' title='bbox 1615 4043 1844 4112; x_wconf 89' lang='lat' dir='ltr'><strong>produci</strong></span> <span class='ocrx_word' id='word_1_428' title='bbox 1880 4055 2082 4116; x_wconf 85' lang='lat' dir='ltr'><strong>marty-</strong></span> 
     </span>
    </p>
   </div>
   <div class='ocr_carea' id='block_1_60' title="bbox 506 4134 2083 4205">
    <p class='ocr_par' dir='ltr' id='par_1_60' title="bbox 506 4134 2083 4205">
     <span class='ocr_line' id='line_1_60' title="bbox 506 4134 2083 4205; baseline 0.003 -19"><span class='ocrx_word' id='word_1_429' title='bbox 506 4149 643 4197; x_wconf 91' lang='lat' dir='ltr'><strong>rem,</strong></span> <span class='ocrx_word' id='word_1_430' title='bbox 679 4145 732 4187; x_wconf 89' lang='lat' dir='ltr'><strong>et</strong></span> <span class='ocrx_word' id='word_1_431' title='bbox 768 4134 915 4188; x_wconf 90' lang='lat' dir='ltr'><strong>illius</strong></span> <span class='ocrx_word' id='word_1_432' title='bbox 943 4135 1309 4203; x_wconf 81' lang='lat' dir='ltr'><strong>exprobrabat</strong></span> <span class='ocrx_word' id='word_1_433' title='bbox 1352 4136 1633 4204; x_wconf 86' lang='lat' dir='ltr'><strong>pietatem,</strong></span> <span class='ocrx_word' id='word_1_434' title='bbox 1689 4147 1744 4191; x_wconf 92' lang='lat' dir='ltr'><strong>et</strong></span> <span class='ocrx_word' id='word_1_435' title='bbox 1792 4138 1941 4205; x_wconf 86' lang='lat' dir='ltr'><strong>quod</strong></span> <span class='ocrx_word' id='word_1_436' title='bbox 1978 4139 2083 4191; x_wconf 85' lang='lat' dir='ltr'><strong>Do-</strong></span> 
     </span>
    </p>
   </div>
   <div class='ocr_carea' id='block_1_61' title="bbox 505 4226 2083 4291">
    <p class='ocr_par' dir='ltr' id='par_1_61' title="bbox 505 4226 2083 4291">
     <span class='ocr_line' id='line_1_61' title="bbox 505 4226 2083 4291; baseline 0.005 -16"><span class='ocrx_word' id='word_1_437' title='bbox 505 4226 687 4277; x_wconf 90' lang='lat' dir='ltr'><strong>miuus</strong></span> <span class='ocrx_word' id='word_1_438' title='bbox 714 4233 899 4278; x_wconf 85' lang='lat' dir='ltr'><strong>noster</strong></span> <span class='ocrx_word' id='word_1_439' title='bbox 920 4226 1111 4279; x_wconf 83' lang='lat' dir='ltr'><strong>fuisset</strong></span> <span class='ocrx_word' id='word_1_440' title='bbox 1149 4227 1465 4291; x_wconf 80' lang='lat' dir='ltr'><strong>cruciﬁxus,</strong></span> <span class='ocrx_word' id='word_1_441' title='bbox 1498 4228 1733 4283; x_wconf 86' lang='lat' dir='ltr'><strong>ridebat.</strong></span> <span class='ocrx_word' id='word_1_442' title='bbox 1787 4231 1922 4282; x_wconf 91' lang='lat' dir='ltr'><strong>Cum</strong></span> <span class='ocrx_word' id='word_1_443' title='bbox 1968 4230 2083 4283; x_wconf 66' lang='lat' dir='ltr'><strong>haec</strong></span> 
     </span>
    </p>
   </div>
   <div class='ocr_carea' id='block_1_62' title="bbox 505 4316 2085 4387">
    <p class='ocr_par' dir='ltr' id='par_1_62' title="bbox 505 4316 2085 4387">
     <span class='ocr_line' id='line_1_62' title="bbox 505 4316 2085 4387; baseline 0.003 -19"><span class='ocrx_word' id='word_1_444' title='bbox 505 4324 691 4369; x_wconf 87' lang='lat' dir='ltr'><strong>autem</strong></span> <span class='ocrx_word' id='word_1_445' title='bbox 754 4331 865 4367; x_wconf 91' lang='lat' dir='ltr'><strong>non</strong></span> <span class='ocrx_word' id='word_1_446' title='bbox 920 4316 1102 4371; x_wconf 82' lang='lat' dir='ltr'><strong>ferens</strong></span> <span class='ocrx_word' id='word_1_447' title='bbox 1157 4328 1383 4387; x_wconf 85' lang='lat' dir='ltr'><strong>martyr,</strong></span> <span class='ocrx_word' id='word_1_448' title='bbox 1434 4331 1691 4386; x_wconf 75' lang='lat' dir='ltr'><strong>pergeret</strong></span> <span class='ocrx_word' id='word_1_449' title='bbox 1744 4322 2085 4387; x_wconf 67' lang='lat' dir='ltr'><strong>gravioribus</strong></span> 
     </span>
    </p>
   </div>
   <div class='ocr_carea' id='block_1_63' title="bbox 507 4406 2086 4479">
    <p class='ocr_par' dir='ltr' id='par_1_63' title="bbox 507 4406 2086 4479">
     <span class='ocr_line' id='line_1_63' title="bbox 507 4406 2086 4479; baseline 0.007 -25"><span class='ocrx_word' id='word_1_450' title='bbox 507 4408 724 4476; x_wconf 77' lang='lat' dir='ltr'><strong>probris</strong></span> <span class='ocrx_word' id='word_1_451' title='bbox 778 4406 1019 4461; x_wconf 91' lang='lat' dir='ltr'><strong>vicissim</strong></span> <span class='ocrx_word' id='word_1_452' title='bbox 1068 4409 1329 4463; x_wconf 84' lang='lat' dir='ltr'><strong>insectari</strong></span> <span class='ocrx_word' id='word_1_453' title='bbox 1377 4409 1641 4479; x_wconf 73' lang='lat' dir='ltr'><strong>judicent,</strong></span> <span class='ocrx_word' id='word_1_454' title='bbox 1689 4425 1787 4479; x_wconf 93' lang='lat' dir='ltr'><strong>pro</strong></span> <span class='ocrx_word' id='word_1_455' title='bbox 1835 4410 1980 4464; x_wconf 87' lang='lat' dir='ltr'><strong>veris</strong></span> <span class='ocrx_word' id='word_1_456' title='bbox 2030 4420 2086 4465; x_wconf 93' lang='lat' dir='ltr'><strong>et</strong></span> 
     </span>
    </p>
   </div>
   <div class='ocr_carea' id='block_1_64' title="bbox 2182 1938 3774 2007">
    <p class='ocr_par' dir='ltr' id='par_1_64' title="bbox 2182 1938 3774 2007">
     <span class='ocr_line' id='line_1_64' title="bbox 2182 1938 3774 2007; baseline -0.002 -18"><span class='ocrx_word' id='word_1_457' title='bbox 2182 1940 2469 2006; x_wconf 84' lang='grc' dir='ltr'>μάρτυρας</span> <span class='ocrx_word' id='word_1_458' title='bbox 2510 1939 2897 2007; x_wconf 87' lang='grc' dir='ltr'>πταινόμενον,</span> <span class='ocrx_word' id='word_1_459' title='bbox 2956 1939 3116 1991; x_wconf 89' lang='grc' dir='ltr'>τοῦτο</span> <span class='ocrx_word' id='word_1_460' title='bbox 3150 1939 3205 1991; x_wconf 78' lang='grc' dir='ltr'>δὲ</span> <span class='ocrx_word' id='word_1_461' title='bbox 3238 1944 3329 1990; x_wconf 81' lang='grc' dir='ltr'>καὶ</span> <span class='ocrx_word' id='word_1_462' title='bbox 3366 1940 3502 2006; x_wconf 74' lang='grc' dir='ltr'>πρὸς</span> <span class='ocrx_word' id='word_1_463' title='bbox 3551 1940 3611 1990; x_wconf 81' lang='grc' dir='ltr'><strong>τὸ</strong></span> <span class='ocrx_word' id='word_1_464' title='bbox 3646 1938 3774 1989; x_wconf 74' lang='grc' dir='ltr'>λίαν</span> 
     </span>
    </p>
   </div>
   <div class='ocr_carea' id='block_1_65' title="bbox 2178 2028 3775 2101">
    <p class='ocr_par' dir='ltr' id='par_1_65' title="bbox 2178 2028 3775 2101">
     <span class='ocr_line' id='line_1_65' title="bbox 2178 2028 3775 2101; baseline 0.002 -21"><span class='ocrx_word' id='word_1_465' title='bbox 2178 2028 2327 2096; x_wconf 74' lang='grc' dir='ltr'>ὠμὸν</span> <span class='ocrx_word' id='word_1_466' title='bbox 2368 2029 2463 2081; x_wconf 86' lang='grc' dir='ltr'><strong>τοῦ</strong></span> <span class='ocrx_word' id='word_1_467' title='bbox 2494 2031 2756 2101; x_wconf 78' lang='grc' dir='ltr'>ἄρχοντος</span> <span class='ocrx_word' id='word_1_468' title='bbox 2791 2033 3153 2101; x_wconf 87' lang='grc' dir='ltr'>δισχεραῖνον,</span> <span class='ocrx_word' id='word_1_469' title='bbox 3187 2032 3281 2083; x_wconf 71' lang='grc' dir='ltr'><strong>καὶ</strong></span> <span class='ocrx_word' id='word_1_470' title='bbox 3311 2030 3377 2081; x_wconf 80' lang='grc' dir='ltr'>δι’</span> <span class='ocrx_word' id='word_1_471' title='bbox 3408 2033 3572 2098; x_wconf 68' lang='grc' dir='ltr'>ἄμφω</span> <span class='ocrx_word' id='word_1_472' title='bbox 3593 2031 3775 2083; x_wconf 80' lang='grc' dir='ltr'>ταῦτα</span> 
     </span>
    </p>
   </div>
   <div class='ocr_carea' id='block_1_66' title="bbox 2179 2120 3775 2190">
    <p class='ocr_par' dir='ltr' id='par_1_66' title="bbox 2179 2120 3775 2190">
     <span class='ocr_line' id='line_1_66' title="bbox 2179 2120 3775 2190; baseline -0.001 -17"><span class='ocrx_word' id='word_1_473' title='bbox 2179 2122 2277 2189; x_wconf 76' lang='grc' dir='ltr'>τὴν</span> <span class='ocrx_word' id='word_1_474' title='bbox 2311 2122 2403 2173; x_wconf 68' lang='lat' dir='ltr'><strong>hri</strong></span> <span class='ocrx_word' id='word_1_475' title='bbox 2438 2124 2550 2182; x_wconf 87' lang='grc' dir='ltr'>τοῖς</span> <span class='ocrx_word' id='word_1_476' title='bbox 2598 2122 2793 2183; x_wconf 83' lang='grc' dir='ltr'><strong>δεινοῖς</strong></span> <span class='ocrx_word' id='word_1_477' title='bbox 2844 2123 2952 2174; x_wconf 82' lang='grc' dir='ltr'><strong>τῶν</strong></span> <span class='ocrx_word' id='word_1_478' title='bbox 2991 2122 3165 2187; x_wconf 82' lang='grc' dir='ltr'>ἁγίων</span> <span class='ocrx_word' id='word_1_479' title='bbox 3197 2123 3296 2190; x_wconf 63' lang='grc' dir='ltr'>οὐχ</span> <span class='ocrx_word' id='word_1_480' title='bbox 3328 2123 3453 2173; x_wconf 84' lang='grc' dir='ltr'>ὅσον</span> <span class='ocrx_word' id='word_1_481' title='bbox 3485 2120 3775 2189; x_wconf 77' lang='grc' dir='ltr'>ὑπομονὴν</span> 
     </span>
    </p>
   </div>
   <div class='ocr_carea' id='block_1_67' title="bbox 2180 2217 3776 2290">
    <p class='ocr_par' dir='ltr' id='par_1_67' title="bbox 2180 2217 3776 2290">
     <span class='ocr_line' id='line_1_67' title="bbox 2180 2217 3776 2290; baseline -0.005 -15"><span class='ocrx_word' id='word_1_482' title='bbox 2180 2221 2319 2275; x_wconf 84' lang='grc' dir='ltr'>ἀλλὰ</span> <span class='ocrx_word' id='word_1_483' title='bbox 2341 2221 2433 2272; x_wconf 68' lang='grc' dir='ltr'><strong>καὶ</strong></span> <span class='ocrx_word' id='word_1_484' title='bbox 2458 2220 2652 2290; x_wconf 81' lang='grc' dir='ltr'>ἡδονὴν</span> <span class='ocrx_word' id='word_1_485' title='bbox 2683 2220 3147 2289; x_wconf 79' lang='grc' dir='ltr'>ἐκπληττόμενον,</span> <span class='ocrx_word' id='word_1_486' title='bbox 3189 2222 3283 2271; x_wconf 76' lang='grc' dir='ltr'><strong>καὶ</strong></span> <span class='ocrx_word' id='word_1_487' title='bbox 3311 2218 3452 2271; x_wconf 73' lang='grc' dir='ltr'>οὕτω</span> <span class='ocrx_word' id='word_1_488' title='bbox 3492 2219 3628 2287; x_wconf 62' lang='grc' dir='ltr'>πρὸς</span> <span class='ocrx_word' id='word_1_489' title='bbox 3665 2217 3776 2286; x_wconf 75' lang='grc' dir='ltr'>τὴν</span> 
     </span>
    </p>
   </div>
   <div class='ocr_carea' id='block_1_68' title="bbox 2180 2309 3774 2382">
    <p class='ocr_par' dir='ltr' id='par_1_68' title="bbox 2180 2309 3774 2382">
     <span class='ocr_line' id='line_1_68' title="bbox 2180 2309 3774 2382; baseline -0.002 -19"><span class='ocrx_word' id='word_1_490' title='bbox 2180 2314 2259 2375; x_wconf 84' lang='grc' dir='ltr'><strong>είς</strong></span> <span class='ocrx_word' id='word_1_491' title='bbox 2293 2312 2527 2379; x_wconf 75' lang='grc' dir='ltr'>Χριστὸν</span> <span class='ocrx_word' id='word_1_492' title='bbox 2571 2312 2670 2381; x_wconf 73' lang='grc' dir='ltr'>ήδη</span> <span class='ocrx_word' id='word_1_493' title='bbox 2696 2310 3203 2382; x_wconf 77' lang='grc' dir='ltr'>χειραγωγούμενοι</span> <span class='ocrx_word' id='word_1_494' title='bbox 3262 2310 3469 2371; x_wconf 77' lang='grc' dir='ltr'>πίστιν,</span> <span class='ocrx_word' id='word_1_495' title='bbox 3509 2309 3774 2377; x_wconf 71' lang='grc' dir='ltr'>αἴρουσιν</span> 
     </span>
    </p>
   </div>
   <div class='ocr_carea' id='block_1_69' title="bbox 2184 2396 3775 2476">
    <p class='ocr_par' dir='ltr' id='par_1_69' title="bbox 2184 2396 3775 2476">
     <span class='ocr_line' id='line_1_69' title="bbox 2184 2396 3775 2476; baseline -0.004 -19"><span class='ocrx_word' id='word_1_496' title='bbox 2184 2407 2281 2476; x_wconf 82' lang='grc' dir='ltr'>μὲν</span> <span class='ocrx_word' id='word_1_497' title='bbox 2309 2406 2459 2473; x_wconf 73' lang='grc' dir='ltr'>ἄςρνω</span> <span class='ocrx_word' id='word_1_498' title='bbox 2488 2406 2685 2465; x_wconf 68' lang='grc' dir='ltr'>πάντες</span> <span class='ocrx_word' id='word_1_499' title='bbox 2712 2404 2840 2471; x_wconf 84' lang='grc' dir='ltr'>βοὴν</span> <span class='ocrx_word' id='word_1_500' title='bbox 2864 2401 3142 2471; x_wconf 76' lang='grc' dir='ltr'>συμμιγῆ,</span> <span class='ocrx_word' id='word_1_501' title='bbox 3182 2402 3282 2469; x_wconf 83' lang='grc' dir='ltr'>μιᾷ</span> <span class='ocrx_word' id='word_1_502' title='bbox 3302 2400 3357 2451; x_wconf 76' lang='grc' dir='ltr'>δὲ</span> <span class='ocrx_word' id='word_1_503' title='bbox 3391 2396 3775 2467; x_wconf 75' lang='grc' dir='ltr'>ἀνακρὶζουσι</span> 
     </span>
    </p>
   </div>
   <div class='ocr_carea' id='block_1_70' title="bbox 2180 2483 3774 2566">
    <p class='ocr_par' dir='ltr' id='par_1_70' title="bbox 2180 2483 3774 2566">
     <span class='ocr_line' id='line_1_70' title="bbox 2180 2483 3774 2566; baseline -0.005 -16"><span class='ocrx_word' id='word_1_504' title='bbox 2180 2497 2375 2566; x_wconf 77' lang='grc' dir='ltr'>γνώμη</span> <span class='ocrx_word' id='word_1_505' title='bbox 2406 2513 2461 2549; x_wconf 85' lang='grc' dir='ltr'><strong>τε</strong></span> <span class='ocrx_word' id='word_1_506' title='bbox 2492 2497 2585 2548; x_wconf 74' lang='grc' dir='ltr'>καὶ</span> <span class='ocrx_word' id='word_1_507' title='bbox 2623 2483 2799 2564; x_wconf 77' lang='grc' dir='ltr'>φωνῇ,</span> <span class='ocrx_word' id='word_1_508' title='bbox 2828 2494 3017 2560; x_wconf 76' lang='grc' dir='ltr'>Μέγας</span> <span class='ocrx_word' id='word_1_509' title='bbox 3049 2496 3075 2545; x_wconf 88' lang='grc' dir='ltr'>ὀ</span> <span class='ocrx_word' id='word_1_510' title='bbox 3106 2492 3237 2554; x_wconf 78' lang='grc' dir='ltr'>Θεὸς</span> <span class='ocrx_word' id='word_1_511' title='bbox 3264 2492 3369 2545; x_wconf 80' lang='grc' dir='ltr'>τῶν</span> <span class='ocrx_word' id='word_1_512' title='bbox 3396 2492 3774 2561; x_wconf 79' lang='grc' dir='ltr'>Χριστιανῶνο</span> 
     </span>
    </p>
   </div>
   <div class='ocr_carea' id='block_1_71' title="bbox 2184 2582 3771 2658">
    <p class='ocr_par' dir='ltr' id='par_1_71' title="bbox 2184 2582 3771 2658">
     <span class='ocr_line' id='line_1_71' title="bbox 2184 2582 3771 2658; baseline -0.003 -17"><span class='ocrx_word' id='word_1_513' title='bbox 2184 2590 2356 2658; x_wconf 75' lang='grc' dir='ltr'>μέγας</span> <span class='ocrx_word' id='word_1_514' title='bbox 2383 2582 2451 2653; x_wconf 73' lang='grc' dir='ltr'>εἳ,</span> <span class='ocrx_word' id='word_1_515' title='bbox 2482 2588 2682 2657; x_wconf 83' lang='grc' dir='ltr'>Χριστὲ</span> <span class='ocrx_word' id='word_1_516' title='bbox 2716 2585 2960 2654; x_wconf 84' lang='grc' dir='ltr'>βασιλεῦ,</span> <span class='ocrx_word' id='word_1_517' title='bbox 2984 2587 3183 2646; x_wconf 75' lang='grc' dir='ltr'>πάντες</span> <span class='ocrx_word' id='word_1_518' title='bbox 3208 2587 3287 2647; x_wconf 86' lang='grc' dir='ltr'><strong>είς</strong></span> <span class='ocrx_word' id='word_1_519' title='bbox 3314 2603 3371 2636; x_wconf 89' lang='grc' dir='ltr'><strong>σε</strong></span> <span class='ocrx_word' id='word_1_520' title='bbox 3406 2584 3771 2652; x_wconf 69' lang='grc' dir='ltr'>πιστεύομεν.</span> 
     </span>
    </p>
   </div>
   <div class='ocr_carea' id='block_1_72' title="bbox 2180 2674 3775 2745">
    <p class='ocr_par' dir='ltr' id='par_1_72' title="bbox 2180 2674 3775 2745">
     <span class='ocr_line' id='line_1_72' title="bbox 2180 2674 3775 2745; baseline -0.003 -12"><span class='ocrx_word' id='word_1_521' title='bbox 2180 2681 2365 2733; x_wconf 82' lang='grc' dir='ltr'>Ταῦτα</span> <span class='ocrx_word' id='word_1_522' title='bbox 2396 2680 2595 2742; x_wconf 83' lang='grc' dir='ltr'>πάντες</span> <span class='ocrx_word' id='word_1_523' title='bbox 2623 2679 2679 2730; x_wconf 68' lang='grc' dir='ltr'>τε</span> <span class='ocrx_word' id='word_1_524' title='bbox 2705 2674 3031 2745; x_wconf 75' lang='grc' dir='ltr'>ἀνέκραζον,</span> <span class='ocrx_word' id='word_1_525' title='bbox 3056 2677 3149 2727; x_wconf 77' lang='grc' dir='ltr'><strong>καὶ</strong></span> <span class='ocrx_word' id='word_1_526' title='bbox 3181 2676 3296 2742; x_wconf 73' lang='grc' dir='ltr'><strong>ἅμα</strong></span> <span class='ocrx_word' id='word_1_527' title='bbox 3329 2677 3418 2726; x_wconf 66' lang='grc' dir='ltr'>τὸν</span> <span class='ocrx_word' id='word_1_528' title='bbox 3461 2676 3558 2743; x_wconf 79' lang='grc' dir='ltr'><strong>μὲν</strong></span> <span class='ocrx_word' id='word_1_529' title='bbox 3584 2678 3775 2729; x_wconf 73' lang='grc' dir='ltr'>ἐκεῖσε</span> 
     </span>
    </p>
   </div>
   <div class='ocr_carea' id='block_1_73' title="bbox 2183 2765 3771 2841">
    <p class='ocr_par' dir='ltr' id='par_1_73' title="bbox 2183 2765 3771 2841">
     <span class='ocr_line' id='line_1_73' title="bbox 2183 2765 3771 2841; baseline -0.007 -15"><span class='ocrx_word' id='word_1_530' title='bbox 2183 2772 2369 2841; x_wconf 73' lang='grc' dir='ltr'>βωμὸν</span> <span class='ocrx_word' id='word_1_531' title='bbox 2399 2772 2793 2840; x_wconf 79' lang='grc' dir='ltr'>κατέστρεφον,</span> <span class='ocrx_word' id='word_1_532' title='bbox 2827 2770 2915 2821; x_wconf 75' lang='grc' dir='ltr'>τὸν</span> <span class='ocrx_word' id='word_1_533' title='bbox 2944 2768 3001 2820; x_wconf 71' lang='grc' dir='ltr'><strong>δὲ</strong></span> <span class='ocrx_word' id='word_1_534' title='bbox 3037 2768 3274 2836; x_wconf 82' lang='grc' dir='ltr'>ἄρχοντα</span> <span class='ocrx_word' id='word_1_535' title='bbox 3306 2766 3475 2826; x_wconf 68' lang='grc' dir='ltr'>λίθοις</span> <span class='ocrx_word' id='word_1_536' title='bbox 3515 2765 3771 2818; x_wconf 80' lang='grc' dir='ltr'>ἔϐαλλον·</span> 
     </span>
    </p>
   </div>
   <div class='ocr_carea' id='block_1_74' title="bbox 2180 2857 3775 2931">
    <p class='ocr_par' dir='ltr' id='par_1_74' title="bbox 2180 2857 3775 2931">
     <span class='ocr_line' id='line_1_74' title="bbox 2180 2857 3775 2931; baseline -0.005 -13"><span class='ocrx_word' id='word_1_537' title='bbox 2180 2867 2236 2928; x_wconf 78' lang='grc' dir='ltr'>ὃς</span> <span class='ocrx_word' id='word_1_538' title='bbox 2268 2867 2361 2917; x_wconf 73' lang='grc' dir='ltr'><strong>καὶ</strong></span> <span class='ocrx_word' id='word_1_539' title='bbox 2419 2864 2730 2931; x_wconf 65' lang='grc' dir='ltr'>κατάφοϐος</span> <span class='ocrx_word' id='word_1_540' title='bbox 2791 2863 2885 2914; x_wconf 75' lang='grc' dir='ltr'><strong>καὶ</strong></span> <span class='ocrx_word' id='word_1_541' title='bbox 2946 2861 3199 2929; x_wconf 73' lang='grc' dir='ltr'><strong>περιδεὴς</strong></span> <span class='ocrx_word' id='word_1_542' title='bbox 3255 2860 3383 2928; x_wconf 67' lang='grc' dir='ltr'>περὶ</span> <span class='ocrx_word' id='word_1_543' title='bbox 3434 2860 3529 2927; x_wconf 71' lang='grc' dir='ltr'>τῆς</span> <span class='ocrx_word' id='word_1_544' title='bbox 3565 2857 3775 2910; x_wconf 75' lang='grc' dir='ltr'>ἑαυτεῦ</span> 
     </span>
    </p>
   </div>
   <div class='ocr_carea' id='block_1_75' title="bbox 2181 2950 3778 3025">
    <p class='ocr_par' dir='ltr' id='par_1_75' title="bbox 2181 2950 3778 3025">
     <span class='ocr_line' id='line_1_75' title="bbox 2181 2950 3778 3025; baseline -0.006 -14"><span class='ocrx_word' id='word_1_545' title='bbox 2181 2957 2357 3025; x_wconf 72' lang='grc' dir='ltr'>ψυχῆς</span> <span class='ocrx_word' id='word_1_546' title='bbox 2381 2955 2640 3024; x_wconf 82' lang='grc' dir='ltr'>γεγονὼς,</span> <span class='ocrx_word' id='word_1_547' title='bbox 2676 2954 2771 3005; x_wconf 76' lang='grc' dir='ltr'>καὶ</span> <span class='ocrx_word' id='word_1_548' title='bbox 2802 2952 2991 3020; x_wconf 83' lang='grc' dir='ltr'>ὥσπερ</span> <span class='ocrx_word' id='word_1_549' title='bbox 3046 2953 3167 3002; x_wconf 80' lang='grc' dir='ltr'>ὅσον</span> <span class='ocrx_word' id='word_1_550' title='bbox 3222 2950 3375 3002; x_wconf 73' lang='grc' dir='ltr'>οΰπω</span> <span class='ocrx_word' id='word_1_551' title='bbox 3434 2950 3778 3002; x_wconf 73' lang='grc' dir='ltr'>κινδυνεύων</span> 
     </span>
    </p>
   </div>
   <div class='ocr_carea' id='block_1_76' title="bbox 2184 3042 3775 3113">
    <p class='ocr_par' dir='ltr' id='par_1_76' title="bbox 2184 3042 3775 3113">
     <span class='ocr_line' id='line_1_76' title="bbox 2184 3042 3775 3113; baseline -0.004 -13"><span class='ocrx_word' id='word_1_552' title='bbox 2184 3046 2548 3109; x_wconf 75' lang='grc' dir='ltr'>ἀπολωλέναι,</span> <span class='ocrx_word' id='word_1_553' title='bbox 2585 3046 2733 3112; x_wconf 80' lang='grc' dir='ltr'>φυγῇ</span> <span class='ocrx_word' id='word_1_554' title='bbox 2778 3044 2916 3112; x_wconf 78' lang='grc' dir='ltr'>μόνη</span> <span class='ocrx_word' id='word_1_555' title='bbox 2950 3042 3195 3095; x_wconf 77' lang='grc' dir='ltr'>πιστεύει</span> <span class='ocrx_word' id='word_1_556' title='bbox 3223 3043 3319 3111; x_wconf 80' lang='grc' dir='ltr'>τὴν</span> <span class='ocrx_word' id='word_1_557' title='bbox 3356 3043 3656 3113; x_wconf 78' lang='grc' dir='ltr'>σωτηρίαν,</span> <span class='ocrx_word' id='word_1_558' title='bbox 3680 3044 3775 3096; x_wconf 78' lang='grc' dir='ltr'><strong>ἐπ’</strong></span> 
     </span>
    </p>
   </div>
   <div class='ocr_carea' id='block_1_77' title="bbox 2101 3137 2980 3216">
    <p class='ocr_par' dir='ltr' id='par_1_77' title="bbox 2101 3137 2980 3216">
     <span class='ocr_line' id='line_1_77' title="bbox 2101 3137 2980 3216; baseline -0.003 -24"><span class='ocrx_word' id='word_1_559' title='bbox 2101 3162 2145 3216; x_wconf 73' lang='lat' dir='ltr'><strong><em>C</em></strong></span> <span class='ocrx_word' id='word_1_560' title='bbox 2186 3139 2417 3207; x_wconf 78' lang='grc' dir='ltr'>αἰσχύνῃ</span> <span class='ocrx_word' id='word_1_561' title='bbox 2442 3138 2609 3199; x_wconf 84' lang='grc' dir='ltr'>λύσας</span> <span class='ocrx_word' id='word_1_562' title='bbox 2639 3138 2697 3189; x_wconf 73' lang='grc' dir='ltr'><strong>τὸ</strong></span> <span class='ocrx_word' id='word_1_563' title='bbox 2732 3137 2980 3205; x_wconf 81' lang='grc' dir='ltr'>θέατρον.</span> 
     </span>
    </p>
   </div>
   <div class='ocr_carea' id='block_1_78' title="bbox 2245 3224 3777 3295">
    <p class='ocr_par' dir='ltr' id='par_1_78' title="bbox 2245 3224 3777 3295">
     <span class='ocr_line' id='line_1_78' title="bbox 2245 3224 3777 3295; baseline -0.012 -12"><span class='ocrx_word' id='word_1_564' title='bbox 2245 3229 2321 3283; x_wconf 78' lang='lat'><strong>8&#39;.</strong></span> <span class='ocrx_word' id='word_1_565' title='bbox 2355 3228 2539 3280; x_wconf 79' lang='grc' dir='ltr'>Ταῦτα</span> <span class='ocrx_word' id='word_1_566' title='bbox 2586 3228 2641 3278; x_wconf 79' lang='grc' dir='ltr'>δὲ</span> <span class='ocrx_word' id='word_1_567' title='bbox 2695 3228 2853 3279; x_wconf 81' lang='grc' dir='ltr'>ἄλλον</span> <span class='ocrx_word' id='word_1_568' title='bbox 2918 3228 3018 3294; x_wconf 71' lang='grc' dir='ltr'><strong>μὲν</strong></span> <span class='ocrx_word' id='word_1_569' title='bbox 3078 3227 3317 3295; x_wconf 80' lang='grc' dir='ltr'><strong>θηριώδη</strong></span> <span class='ocrx_word' id='word_1_570' title='bbox 3370 3224 3495 3276; x_wconf 79' lang='grc' dir='ltr'>τινὰ</span> <span class='ocrx_word' id='word_1_571' title='bbox 3525 3224 3616 3276; x_wconf 71' lang='grc' dir='ltr'>καὶ</span> <span class='ocrx_word' id='word_1_572' title='bbox 3647 3224 3777 3275; x_wconf 79' lang='grc' dir='ltr'><strong>ἀτί-</strong></span> 
     </span>
    </p>
   </div>
   <div class='ocr_carea' id='block_1_79' title="bbox 2180 3316 3776 3388">
    <p class='ocr_par' dir='ltr' id='par_1_79' title="bbox 2180 3316 3776 3388">
     <span class='ocr_line' id='line_1_79' title="bbox 2180 3316 3776 3388; baseline -0.003 -14"><span class='ocrx_word' id='word_1_573' title='bbox 2180 3324 2400 3385; x_wconf 88' lang='grc' dir='ltr'>θασσον,</span> <span class='ocrx_word' id='word_1_574' title='bbox 2430 3320 2569 3385; x_wconf 76' lang='grc' dir='ltr'>πλὴν</span> <span class='ocrx_word' id='word_1_575' title='bbox 2609 3319 2828 3385; x_wconf 77' lang='grc' dir='ltr'>ἰάσιμον</span> <span class='ocrx_word' id='word_1_576' title='bbox 2849 3318 2947 3388; x_wconf 82' lang='grc' dir='ltr'>τὴν</span> <span class='ocrx_word' id='word_1_577' title='bbox 2978 3318 3167 3386; x_wconf 76' lang='grc' dir='ltr'>ὀργὴν,</span> <span class='ocrx_word' id='word_1_578' title='bbox 3198 3318 3428 3386; x_wconf 76' lang='grc' dir='ltr'>ἐπέσχον</span> <span class='ocrx_word' id='word_1_579' title='bbox 3459 3317 3545 3376; x_wconf 78' lang='grc' dir='ltr'><strong>ἂν,</strong></span> <span class='ocrx_word' id='word_1_580' title='bbox 3576 3316 3675 3367; x_wconf 78' lang='grc' dir='ltr'>καὶ</span> <span class='ocrx_word' id='word_1_581' title='bbox 3698 3317 3776 3369; x_wconf 78' lang='grc' dir='ltr'>τὰ</span> 
     </span>
    </p>
   </div>
   <div class='ocr_carea' id='block_1_80' title="bbox 2180 3403 3778 3482">
    <p class='ocr_par' dir='ltr' id='par_1_80' title="bbox 2180 3403 3778 3482">
     <span class='ocr_line' id='line_1_80' title="bbox 2180 3403 3778 3482; baseline -0.006 -10"><span class='ocrx_word' id='word_1_582' title='bbox 2180 3417 2319 3473; x_wconf 68' lang='grc' dir='ltr'>αὐτὰ</span> <span class='ocrx_word' id='word_1_583' title='bbox 2348 3418 2461 3478; x_wconf 85' lang='grc' dir='ltr'>τοῖς</span> <span class='ocrx_word' id='word_1_584' title='bbox 2494 3414 2674 3476; x_wconf 75' lang='grc' dir='ltr'>ἄλλοις</span> <span class='ocrx_word' id='word_1_585' title='bbox 2710 3414 3002 3482; x_wconf 81' lang='grc' dir='ltr'>φρονῆσαι,</span> <span class='ocrx_word' id='word_1_586' title='bbox 3038 3403 3130 3465; x_wconf 58' lang='lat' dir='ltr'><strong>mf;</strong></span> <span class='ocrx_word' id='word_1_587' title='bbox 3182 3413 3257 3479; x_wconf 83' lang='grc' dir='ltr'>τῷ</span> <span class='ocrx_word' id='word_1_588' title='bbox 3285 3411 3503 3481; x_wconf 85' lang='grc' dir='ltr'>Χριστῷ</span> <span class='ocrx_word' id='word_1_589' title='bbox 3532 3410 3778 3479; x_wconf 81' lang='grc' dir='ltr'>προσελ-</span> 
     </span>
    </p>
   </div>
   <div class='ocr_carea' id='block_1_81' title="bbox 2179 3501 3777 3572">
    <p class='ocr_par' dir='ltr' id='par_1_81' title="bbox 2179 3501 3777 3572">
     <span class='ocr_line' id='line_1_81' title="bbox 2179 3501 3777 3572; baseline -0.004 -14"><span class='ocrx_word' id='word_1_590' title='bbox 2179 3510 2288 3559; x_wconf 86' lang='grc' dir='ltr'>θεῖν</span> <span class='ocrx_word' id='word_1_591' title='bbox 2326 3505 2742 3571; x_wconf 71' lang='grc' dir='ltr'>παρεσκεύασεν</span> <span class='ocrx_word' id='word_1_592' title='bbox 2766 3518 2780 3533; x_wconf 74' lang='grc'><strong><em>⁸</em></strong></span> <span class='ocrx_word' id='word_1_593' title='bbox 2815 3502 2930 3554; x_wconf 83' lang='grc' dir='ltr'>ἀλλ’</span> <span class='ocrx_word' id='word_1_594' title='bbox 2965 3503 3086 3571; x_wconf 65' lang='grc' dir='ltr'>οὐχὶ</span> <span class='ocrx_word' id='word_1_595' title='bbox 3118 3507 3213 3555; x_wconf 76' lang='grc' dir='ltr'><strong>καὶ</strong></span> <span class='ocrx_word' id='word_1_596' title='bbox 3244 3508 3334 3554; x_wconf 74' lang='grc' dir='ltr'><strong>τδν</strong></span> <span class='ocrx_word' id='word_1_597' title='bbox 3379 3501 3577 3572; x_wconf 75' lang='grc' dir='ltr'>μιαρὸν</span> <span class='ocrx_word' id='word_1_598' title='bbox 3615 3504 3777 3556; x_wconf 85' lang='grc' dir='ltr'>ἐκεῖ-</span> 
     </span>
    </p>
   </div>
   <div class='ocr_carea' id='block_1_82' title="bbox 2178 3593 3775 3661">
    <p class='ocr_par' dir='ltr' id='par_1_82' title="bbox 2178 3593 3775 3661">
     <span class='ocr_line' id='line_1_82' title="bbox 2178 3593 3775 3661; baseline -0.002 -10"><span class='ocrx_word' id='word_1_599' title='bbox 2178 3617 2267 3651; x_wconf 90' lang='grc' dir='ltr'><strong>νον</strong></span> <span class='ocrx_word' id='word_1_600' title='bbox 2292 3614 2305 3628; x_wconf 92' lang='grc'><strong>·</strong></span> <span class='ocrx_word' id='word_1_601' title='bbox 2340 3598 2474 3648; x_wconf 82' lang='grc' dir='ltr'>ἀλλὰ</span> <span class='ocrx_word' id='word_1_602' title='bbox 2508 3595 2760 3645; x_wconf 78' lang='grc' dir='ltr'>τοσοῦτον</span> <span class='ocrx_word' id='word_1_603' title='bbox 2793 3594 3029 3661; x_wconf 71' lang='grc' dir='ltr'>ἀπέσχεν</span> <span class='ocrx_word' id='word_1_604' title='bbox 3056 3594 3219 3655; x_wconf 71' lang='grc' dir='ltr'>αὐτὸς</span> <span class='ocrx_word' id='word_1_605' title='bbox 3258 3593 3633 3644; x_wconf 62' lang='grc' dir='ltr'>ἀπόνασθαίτι</span> <span class='ocrx_word' id='word_1_606' title='bbox 3669 3596 3775 3648; x_wconf 73' lang='grc' dir='ltr'><strong>τοῦ</strong></span> 
     </span>
    </p>
   </div>
   <div class='ocr_carea' id='block_1_83' title="bbox 2180 3683 3781 3755">
    <p class='ocr_par' dir='ltr' id='par_1_83' title="bbox 2180 3683 3781 3755">
     <span class='ocr_line' id='line_1_83' title="bbox 2180 3683 3781 3755; baseline -0.001 -18"><span class='ocrx_word' id='word_1_607' title='bbox 2180 3688 2345 3755; x_wconf 82' lang='grc' dir='ltr'>φόϐου</span> <span class='ocrx_word' id='word_1_608' title='bbox 2379 3688 2470 3737; x_wconf 73' lang='grc' dir='ltr'><strong>καὶ</strong></span> <span class='ocrx_word' id='word_1_609' title='bbox 2502 3685 2600 3751; x_wconf 79' lang='grc' dir='ltr'>τῆς</span> <span class='ocrx_word' id='word_1_610' title='bbox 2636 3684 2946 3751; x_wconf 72' lang='grc' dir='ltr'>παραδόξου</span> <span class='ocrx_word' id='word_1_611' title='bbox 2981 3684 3187 3751; x_wconf 80' lang='grc' dir='ltr'>ταύτης</span> <span class='ocrx_word' id='word_1_612' title='bbox 3218 3683 3310 3735; x_wconf 81' lang='grc' dir='ltr'><strong>τοῦ</strong></span> <span class='ocrx_word' id='word_1_613' title='bbox 3345 3683 3583 3752; x_wconf 79' lang='grc' dir='ltr'>πλήθους</span> <span class='ocrx_word' id='word_1_614' title='bbox 3629 3702 3781 3754; x_wconf 80' lang='grc' dir='ltr'>συμ-</span> 
     </span>
    </p>
   </div>
   <div class='ocr_carea' id='block_1_84' title="bbox 2181 3774 3776 3843">
    <p class='ocr_par' dir='ltr' id='par_1_84' title="bbox 2181 3774 3776 3843">
     <span class='ocr_line' id='line_1_84' title="bbox 2181 3774 3776 3843; baseline -0.001 -15"><span class='ocrx_word' id='word_1_615' title='bbox 2181 3776 2391 3837; x_wconf 79' lang='grc' dir='ltr'>πνοίας,</span> <span class='ocrx_word' id='word_1_616' title='bbox 2454 3775 2577 3826; x_wconf 82' lang='grc' dir='ltr'>ὅσον</span> <span class='ocrx_word' id='word_1_617' title='bbox 2610 3774 2753 3840; x_wconf 76' lang='grc' dir='ltr'>ἔγνω</span> <span class='ocrx_word' id='word_1_618' title='bbox 2807 3774 2900 3825; x_wconf 61' lang='grc' dir='ltr'><strong>καὶ⁵</strong></span> <span class='ocrx_word' id='word_1_619' title='bbox 2934 3774 3375 3842; x_wconf 74' lang='grc' dir='ltr'>φιλονεικότερος</span> <span class='ocrx_word' id='word_1_620' title='bbox 3401 3776 3776 3843; x_wconf 77' lang='grc' dir='ltr'>καταστῆναι,</span> 
     </span>
    </p>
   </div>
   <div class='ocr_carea' id='block_1_85' title="bbox 2182 3864 3781 3933">
    <p class='ocr_par' dir='ltr' id='par_1_85' title="bbox 2182 3864 3781 3933">
     <span class='ocr_line' id='line_1_85' title="bbox 2182 3864 3781 3933; baseline -0.001 -13"><span class='ocrx_word' id='word_1_621' title='bbox 2182 3868 2271 3920; x_wconf 64' lang='grc' dir='ltr'><strong>καὶ</strong></span> <span class='ocrx_word' id='word_1_622' title='bbox 2304 3865 2652 3929; x_wconf 68' lang='grc' dir='ltr'>σπουδάζειν,</span> <span class='ocrx_word' id='word_1_623' title='bbox 2696 3864 2790 3917; x_wconf 69' lang='grc' dir='ltr'>ἅτε</span> <span class='ocrx_word' id='word_1_624' title='bbox 2842 3866 2933 3916; x_wconf 65' lang='grc' dir='ltr'><strong>καὶ</strong></span> <span class='ocrx_word' id='word_1_625' title='bbox 2970 3866 3068 3932; x_wconf 78' lang='grc' dir='ltr'>τῆς</span> <span class='ocrx_word' id='word_1_626' title='bbox 3107 3865 3276 3933; x_wconf 73' lang='grc' dir='ltr'>ὀργῆς</span> <span class='ocrx_word' id='word_1_627' title='bbox 3316 3866 3475 3917; x_wconf 74' lang='grc' dir='ltr'>αὑτὸν</span> <span class='ocrx_word' id='word_1_628' title='bbox 3502 3866 3579 3925; x_wconf 82' lang='grc' dir='ltr'><strong>είς</strong></span> <span class='ocrx_word' id='word_1_629' title='bbox 3606 3864 3781 3918; x_wconf 79' lang='grc' dir='ltr'>τοῦτο</span> 
     </span>
    </p>
   </div>
   <div class='ocr_carea' id='block_1_86' title="bbox 2183 3950 3781 4025">
    <p class='ocr_par' dir='ltr' id='par_1_86' title="bbox 2183 3950 3781 4025">
     <span class='ocr_line' id='line_1_86' title="bbox 2183 3950 3781 4025; baseline -0.003 -15"><span class='ocrx_word' id='word_1_630' title='bbox 2183 3957 2621 4025; x_wconf 73' lang='grc' dir='ltr'>παροξυνούσης,</span> <span class='ocrx_word' id='word_1_631' title='bbox 2685 3956 2783 4023; x_wconf 76' lang='grc' dir='ltr'><strong>τὴν</strong></span> <span class='ocrx_word' id='word_1_632' title='bbox 2813 3950 2984 4022; x_wconf 78' lang='grc' dir='ltr'>ἧτταν</span> <span class='ocrx_word' id='word_1_633' title='bbox 3044 3955 3518 4021; x_wconf 81' lang='grc' dir='ltr'>ἀναμαχέσασθαι.</span> <span class='ocrx_word' id='word_1_634' title='bbox 3554 3956 3781 4007; x_wconf 84' lang='grc' dir='ltr'>Ἕωθεν</span> 
     </span>
    </p>
   </div>
   <div class='ocr_carea' id='block_1_87' title="bbox 2182 4044 3781 4116">
    <p class='ocr_par' dir='ltr' id='par_1_87' title="bbox 2182 4044 3781 4116">
     <span class='ocr_line' id='line_1_87' title="bbox 2182 4044 3781 4116; baseline -0.002 -15"><span class='ocrx_word' id='word_1_635' title='bbox 2182 4048 2273 4101; x_wconf 79' lang='grc' dir='ltr'><strong>οὖν</strong></span> <span class='ocrx_word' id='word_1_636' title='bbox 2302 4046 2395 4099; x_wconf 83' lang='grc' dir='ltr'><strong>τοῦ</strong></span> <span class='ocrx_word' id='word_1_637' title='bbox 2426 4047 2670 4116; x_wconf 80' lang='grc' dir='ltr'>βήματος</span> <span class='ocrx_word' id='word_1_638' title='bbox 2699 4045 3067 4114; x_wconf 78' lang='grc' dir='ltr'>προκαθίσας,</span> <span class='ocrx_word' id='word_1_639' title='bbox 3091 4046 3184 4098; x_wconf 69' lang='grc' dir='ltr'><strong>καὶ</strong></span> <span class='ocrx_word' id='word_1_640' title='bbox 3214 4045 3304 4097; x_wconf 79' lang='grc' dir='ltr'>ὑπ’</span> <span class='ocrx_word' id='word_1_641' title='bbox 3330 4046 3453 4113; x_wconf 71' lang='grc' dir='ltr'>ὄψιν</span> <span class='ocrx_word' id='word_1_642' title='bbox 3482 4044 3631 4113; x_wconf 83' lang='grc' dir='ltr'>αὐτῷ</span> <span class='ocrx_word' id='word_1_643' title='bbox 3668 4063 3781 4099; x_wconf 85' lang='grc' dir='ltr'>πα-</span> 
     </span>
    </p>
   </div>
   <div class='ocr_carea' id='block_1_88' title="bbox 2186 4137 3780 4213">
    <p class='ocr_par' dir='ltr' id='par_1_88' title="bbox 2186 4137 3780 4213">
     <span class='ocr_line' id='line_1_88' title="bbox 2186 4137 3780 4213; baseline -0.001 -20"><span class='ocrx_word' id='word_1_644' title='bbox 2186 4144 2461 4213; x_wconf 80' lang='grc' dir='ltr'>ραστήσας</span> <span class='ocrx_word' id='word_1_645' title='bbox 2494 4141 2585 4191; x_wconf 83' lang='grc' dir='ltr'><strong>τὸν</strong></span> <span class='ocrx_word' id='word_1_646' title='bbox 2622 4137 2901 4209; x_wconf 78' lang='grc' dir='ltr'>μάρτυρα,</span> <span class='ocrx_word' id='word_1_647' title='bbox 2937 4140 3036 4206; x_wconf 80' lang='grc' dir='ltr'>τήν</span> <span class='ocrx_word' id='word_1_648' title='bbox 3089 4155 3149 4189; x_wconf 86' lang='grc' dir='ltr'><strong>τε</strong></span> <span class='ocrx_word' id='word_1_649' title='bbox 3204 4138 3489 4191; x_wconf 84' lang='grc' dir='ltr'>εὐσέϐειαν</span> <span class='ocrx_word' id='word_1_650' title='bbox 3524 4138 3780 4201; x_wconf 76' lang='grc' dir='ltr'>ὠνείδιζε</span> 
     </span>
    </p>
   </div>
   <div class='ocr_carea' id='block_1_89' title="bbox 2184 4227 3781 4300">
    <p class='ocr_par' dir='ltr' id='par_1_89' title="bbox 2184 4227 3781 4300">
     <span class='ocr_line' id='line_1_89' title="bbox 2184 4227 3781 4300; baseline -0.002 -17"><span class='ocrx_word' id='word_1_651' title='bbox 2184 4234 2281 4300; x_wconf 73' lang='grc' dir='ltr'><strong>τὴν</strong></span> <span class='ocrx_word' id='word_1_652' title='bbox 2309 4232 2541 4291; x_wconf 76' lang='grc' dir='ltr'>ἐκείνου,</span> <span class='ocrx_word' id='word_1_653' title='bbox 2567 4231 2659 4281; x_wconf 71' lang='grc' dir='ltr'>καὶ</span> <span class='ocrx_word' id='word_1_654' title='bbox 2694 4230 2752 4278; x_wconf 63' lang='grc' dir='ltr'><strong>τδ</strong></span> <span class='ocrx_word' id='word_1_655' title='bbox 2785 4227 3163 4294; x_wconf 74' lang='grc' dir='ltr'>ἐσταυρῶσθαι</span> <span class='ocrx_word' id='word_1_656' title='bbox 3189 4228 3277 4278; x_wconf 71' lang='grc' dir='ltr'>τὸν</span> <span class='ocrx_word' id='word_1_657' title='bbox 3309 4229 3584 4297; x_wconf 86' lang='grc' dir='ltr'>Δεσπότην</span> <span class='ocrx_word' id='word_1_658' title='bbox 3611 4227 3781 4295; x_wconf 79' lang='grc' dir='ltr'>ἡμῶν</span> 
     </span>
    </p>
   </div>
   <div class='ocr_carea' id='block_1_90' title="bbox 2187 4318 3781 4390">
    <p class='ocr_par' dir='ltr' id='par_1_90' title="bbox 2187 4318 3781 4390">
     <span class='ocr_line' id='line_1_90' title="bbox 2187 4318 3781 4390; baseline -0.007 -16"><span class='ocrx_word' id='word_1_659' title='bbox 2187 4322 2498 4390; x_wconf 75' lang='grc' dir='ltr'>ἐχλεύαζεν.</span> <span class='ocrx_word' id='word_1_660' title='bbox 2530 4321 2684 4372; x_wconf 77' lang='grc' dir='ltr'>Ἐπεὶ</span> <span class='ocrx_word' id='word_1_661' title='bbox 2712 4321 2765 4372; x_wconf 68' lang='grc' dir='ltr'>δὲ</span> <span class='ocrx_word' id='word_1_662' title='bbox 2798 4318 2971 4370; x_wconf 84' lang='grc' dir='ltr'>ταῦτα</span> <span class='ocrx_word' id='word_1_663' title='bbox 3007 4320 3079 4389; x_wconf 75' lang='grc' dir='ltr'>μὴ</span> <span class='ocrx_word' id='word_1_664' title='bbox 3133 4320 3316 4388; x_wconf 74' lang='grc' dir='ltr'>φέρων</span> <span class='ocrx_word' id='word_1_665' title='bbox 3362 4322 3390 4372; x_wconf 88' lang='grc' dir='ltr'>ὁ</span> <span class='ocrx_word' id='word_1_666' title='bbox 3425 4320 3636 4386; x_wconf 73' lang='grc' dir='ltr'>μάρτυς</span> <span class='ocrx_word' id='word_1_667' title='bbox 3673 4338 3781 4373; x_wconf 74' lang='grc' dir='ltr'>πι-</span> 
     </span>
    </p>
   </div>
   <div class='ocr_carea' id='block_1_91' title="bbox 2188 4410 3780 4485">
    <p class='ocr_par' dir='ltr' id='par_1_91' title="bbox 2188 4410 3780 4485">
     <span class='ocr_line' id='line_1_91' title="bbox 2188 4410 3780 4485; baseline -0.001 -19"><span class='ocrx_word' id='word_1_668' title='bbox 2188 4414 2473 4481; x_wconf 83' lang='grc' dir='ltr'>κροτέραις</span> <span class='ocrx_word' id='word_1_669' title='bbox 2511 4412 2951 4485; x_wconf 69' lang='grc' dir='ltr'>ὖϐρεσιδιετέλει</span> <span class='ocrx_word' id='word_1_670' title='bbox 2984 4412 3076 4463; x_wconf 81' lang='grc' dir='ltr'><strong>τὸν</strong></span> <span class='ocrx_word' id='word_1_671' title='bbox 3100 4412 3366 4481; x_wconf 77' lang='grc' dir='ltr'>δικαστὴν</span> <span class='ocrx_word' id='word_1_672' title='bbox 3400 4410 3780 4479; x_wconf 75' lang='grc' dir='ltr'>ἀμειϐόμενος</span> 
     </span>
    </p>
   </div>
   <div class='ocr_carea' id='block_1_92' title="bbox 502 4499 2080 4574">
    <p class='ocr_par' dir='ltr' id='par_1_92' title="bbox 502 4499 2073 4570">
     <span class='ocr_line' id='line_1_92' title="bbox 502 4499 2073 4570; baseline 0.003 -19"><span class='ocrx_word' id='word_1_673' title='bbox 502 4500 664 4569; x_wconf 83' lang='lat' dir='ltr'><strong>justis</strong></span> <span class='ocrx_word' id='word_1_674' title='bbox 718 4499 903 4552; x_wconf 87' lang='lat' dir='ltr'><strong>verbis</strong></span> <span class='ocrx_word' id='word_1_675' title='bbox 949 4515 1144 4553; x_wconf 87' lang='lat' dir='ltr'><strong>rursus</strong></span> <span class='ocrx_word' id='word_1_676' title='bbox 1187 4501 1291 4554; x_wconf 90' lang='lat' dir='ltr'><strong>luit</strong></span> <span class='ocrx_word' id='word_1_677' title='bbox 1343 4502 1723 4570; x_wconf 89' lang='lat' dir='ltr'><strong>supplicium:</strong></span> <span class='ocrx_word' id='word_1_678' title='bbox 1779 4514 1835 4556; x_wconf 87' lang='lat' dir='ltr'><strong>et</strong></span> <span class='ocrx_word' id='word_1_679' title='bbox 1886 4505 2073 4557; x_wconf 91' lang='lat' dir='ltr'><strong>statim</strong></span> 
     </span>
    </p>
   </div>
   <div class='ocr_carea' id='block_1_93' title="bbox 2187 4499 3778 4574">
    <p class='ocr_par' dir='ltr' id='par_1_93' title="bbox 2187 4503 3778 4574">
     <span class='ocr_line' id='line_1_93' title="bbox 2187 4503 3778 4574; baseline 0 -17"><span class='ocrx_word' id='word_1_680' title='bbox 2187 4507 2363 4574; x_wconf 78' lang='grc' dir='ltr'>δίκην,</span> <span class='ocrx_word' id='word_1_681' title='bbox 2398 4506 2587 4573; x_wconf 80' lang='grc' dir='ltr'>ὑπεῖχε</span> <span class='ocrx_word' id='word_1_682' title='bbox 2615 4503 2780 4555; x_wconf 83' lang='grc' dir='ltr'>πάλιν</span> <span class='ocrx_word' id='word_1_683' title='bbox 2834 4504 3096 4571; x_wconf 81' lang='grc' dir='ltr'>ῥημάτων</span> <span class='ocrx_word' id='word_1_684' title='bbox 3133 4503 3349 4567; x_wconf 81' lang='grc' dir='ltr'>ἀληθῶν</span> <span class='ocrx_word' id='word_1_685' title='bbox 3402 4504 3494 4553; x_wconf 74' lang='grc' dir='ltr'><strong>καὶ</strong></span> <span class='ocrx_word' id='word_1_686' title='bbox 3518 4503 3778 4557; x_wconf 82' lang='grc' dir='ltr'>δικαίων.</span> 
     </span>
    </p>
   </div>
   <div class='ocr_carea' id='block_1_94' title="bbox 508 4589 2087 4661">
    <p class='ocr_par' dir='ltr' id='par_1_94' title="bbox 508 4589 2087 4661">
     <span class='ocr_line' id='line_1_94' title="bbox 508 4589 2087 4661; baseline 0.002 -19"><span class='ocrx_word' id='word_1_687' title='bbox 508 4589 661 4643; x_wconf 88' lang='lat' dir='ltr'><strong>lebes</strong></span> <span class='ocrx_word' id='word_1_688' title='bbox 688 4590 806 4658; x_wconf 88' lang='lat' dir='ltr'><strong>pice</strong></span> <span class='ocrx_word' id='word_1_689' title='bbox 836 4590 1077 4658; x_wconf 89' lang='lat' dir='ltr'><strong>repletus</strong></span> <span class='ocrx_word' id='word_1_690' title='bbox 1105 4601 1163 4644; x_wconf 90' lang='lat' dir='ltr'><strong>et</strong></span> <span class='ocrx_word' id='word_1_691' title='bbox 1192 4591 1348 4644; x_wconf 88' lang='lat' dir='ltr'><strong>valde</strong></span> <span class='ocrx_word' id='word_1_692' title='bbox 1379 4607 1642 4645; x_wconf 88' lang='lat' dir='ltr'><strong>accensus</strong></span> <span class='ocrx_word' id='word_1_693' title='bbox 1672 4594 1911 4661; x_wconf 90' lang='lat' dir='ltr'><strong>suscepit</strong></span> <span class='ocrx_word' id='word_1_694' title='bbox 1942 4610 2087 4645; x_wconf 82' lang='lat' dir='ltr'><strong>mar-</strong></span> 
     </span>
    </p>
   </div>
   <div class='ocr_carea' id='block_1_95' title="bbox 511 4679 2089 4751">
    <p class='ocr_par' dir='ltr' id='par_1_95' title="bbox 511 4679 2089 4751">
     <span class='ocr_line' id='line_1_95' title="bbox 511 4679 2089 4751; baseline 0.003 -21"><span class='ocrx_word' id='word_1_695' title='bbox 511 4688 703 4747; x_wconf 86' lang='lat' dir='ltr'><strong>tyrem.</strong></span> <span class='ocrx_word' id='word_1_696' title='bbox 741 4680 848 4732; x_wconf 85' lang='lat' dir='ltr'><strong>Sed</strong></span> <span class='ocrx_word' id='word_1_697' title='bbox 889 4695 1013 4733; x_wconf 88' lang='lat' dir='ltr'><strong>cum</strong></span> <span class='ocrx_word' id='word_1_698' title='bbox 1052 4682 1153 4734; x_wconf 87' lang='lat' dir='ltr'><strong>hoe</strong></span> <span class='ocrx_word' id='word_1_699' title='bbox 1193 4696 1415 4751; x_wconf 88' lang='lat' dir='ltr'><strong>quoque</strong></span> <span class='ocrx_word' id='word_1_700' title='bbox 1460 4679 1635 4743; x_wconf 82' lang='lat' dir='ltr'><strong>ﬁeret,</strong></span> <span class='ocrx_word' id='word_1_701' title='bbox 1690 4698 1796 4735; x_wconf 92' lang='lat' dir='ltr'><strong>non</strong></span> <span class='ocrx_word' id='word_1_702' title='bbox 1850 4683 2089 4751; x_wconf 78' lang='lat' dir='ltr'><strong>neglexit</strong></span> 
     </span>
    </p>
   </div>
   <div class='ocr_carea' id='block_1_96' title="bbox 511 4771 2086 4831">
    <p class='ocr_par' dir='ltr' id='par_1_96' title="bbox 511 4771 2086 4831">
     <span class='ocr_line' id='line_1_96' title="bbox 511 4771 2086 4831; baseline 0.004 -8"><span class='ocrx_word' id='word_1_703' title='bbox 511 4772 656 4825; x_wconf 84' lang='lat' dir='ltr'><strong>Deus</strong></span> <span class='ocrx_word' id='word_1_704' title='bbox 699 4786 765 4824; x_wconf 79' lang='lat' dir='ltr'><strong>ex</strong></span> <span class='ocrx_word' id='word_1_705' title='bbox 794 4772 904 4826; x_wconf 90' lang='lat' dir='ltr'><strong>alto</strong></span> <span class='ocrx_word' id='word_1_706' title='bbox 932 4771 1113 4825; x_wconf 80' lang='lat' dir='ltr'><strong>facere</strong></span> <span class='ocrx_word' id='word_1_707' title='bbox 1144 4782 1403 4827; x_wconf 90' lang='lat' dir='ltr'><strong>consueta</strong></span> <span class='ocrx_word' id='word_1_708' title='bbox 1447 4776 1731 4831; x_wconf 85' lang='lat' dir='ltr'><strong>miracula.</strong></span> <span class='ocrx_word' id='word_1_709' title='bbox 1772 4775 1909 4829; x_wconf 84' lang='lat' dir='ltr'><strong>Nam</strong></span> <span class='ocrx_word' id='word_1_710' title='bbox 1960 4791 2086 4829; x_wconf 91' lang='lat' dir='ltr'><strong>cum</strong></span> 
     </span>
    </p>
   </div>
   <div class='ocr_carea' id='block_1_97' title="bbox 510 4864 2086 4934">
    <p class='ocr_par' dir='ltr' id='par_1_97' title="bbox 510 4864 2086 4934">
     <span class='ocr_line' id='line_1_97' title="bbox 510 4864 2086 4934; baseline 0.003 -20"><span class='ocrx_word' id='word_1_711' title='bbox 510 4865 739 4932; x_wconf 86' lang='lat' dir='ltr'><strong>angelus</strong></span> <span class='ocrx_word' id='word_1_712' title='bbox 771 4879 801 4917; x_wconf 88' lang='lat' dir='ltr'><strong>e</strong></span> <span class='ocrx_word' id='word_1_713' title='bbox 832 4867 973 4919; x_wconf 71' lang='lat' dir='ltr'><strong>caelo</strong></span> <span class='ocrx_word' id='word_1_714' title='bbox 1006 4864 1404 4926; x_wconf 82' lang='lat' dir='ltr'><strong>descendisset.</strong></span> <span class='ocrx_word' id='word_1_715' title='bbox 1436 4865 1581 4919; x_wconf 89' lang='lat' dir='ltr'><strong>illius</strong></span> <span class='ocrx_word' id='word_1_716' title='bbox 1614 4868 1834 4934; x_wconf 81' lang='lat' dir='ltr'><strong>quidem</strong></span> <span class='ocrx_word' id='word_1_717' title='bbox 1866 4882 2086 4934; x_wconf 81' lang='lat' dir='ltr'><strong>corpus,</strong></span> 
     </span>
    </p>
   </div>
   <div class='ocr_carea' id='block_1_98' title="bbox 512 4954 2092 5026">
    <p class='ocr_par' dir='ltr' id='par_1_98' title="bbox 512 4954 2092 5026">
     <span class='ocr_line' id='line_1_98' title="bbox 512 4954 2092 5026; baseline 0.004 -19"><span class='ocrx_word' id='word_1_718' title='bbox 512 4954 657 5007; x_wconf 77' lang='lat' dir='ltr'><strong>sicut</strong></span> <span class='ocrx_word' id='word_1_719' title='bbox 692 4956 855 5007; x_wconf 92' lang='lat' dir='ltr'><strong>etiam</strong></span> <span class='ocrx_word' id='word_1_720' title='bbox 883 4958 1115 5024; x_wconf 79' lang='lat' dir='ltr'><strong>corpora</strong></span> <span class='ocrx_word' id='word_1_721' title='bbox 1144 4956 1311 5008; x_wconf 88' lang='lat' dir='ltr'><strong>trium</strong></span> <span class='ocrx_word' id='word_1_722' title='bbox 1362 4972 1689 5026; x_wconf 87' lang='lat' dir='ltr'><strong>puerorum,</strong></span> <span class='ocrx_word' id='word_1_723' title='bbox 1744 4961 2092 5014; x_wconf 90' lang='lat' dir='ltr'><strong>conservavit</strong></span> 
     </span>
    </p>
   </div>
   <div class='ocr_carea' id='block_1_99' title="bbox 516 5044 2094 5113">
    <p class='ocr_par' dir='ltr' id='par_1_99' title="bbox 516 5044 2094 5113">
     <span class='ocr_line' id='line_1_99' title="bbox 516 5044 2094 5113; baseline 0.004 -16"><span class='ocrx_word' id='word_1_724' title='bbox 516 5044 747 5099; x_wconf 64' lang='lat' dir='ltr'><strong>illaesum</strong></span> <span class='ocrx_word' id='word_1_725' title='bbox 777 5064 787 5097; x_wconf 91' lang='lat'>:</span> <span class='ocrx_word' id='word_1_726' title='bbox 819 5044 1037 5099; x_wconf 82' lang='lat' dir='ltr'><strong>ﬂamma</strong></span> <span class='ocrx_word' id='word_1_727' title='bbox 1069 5057 1254 5099; x_wconf 87' lang='lat' dir='ltr'><strong>autem</strong></span> <span class='ocrx_word' id='word_1_728' title='bbox 1285 5056 1511 5113; x_wconf 90' lang='lat' dir='ltr'><strong>repente</strong></span> <span class='ocrx_word' id='word_1_729' title='bbox 1546 5049 1599 5099; x_wconf 90' lang='lat' dir='ltr'><strong>in</strong></span> <span class='ocrx_word' id='word_1_730' title='bbox 1637 5050 1829 5102; x_wconf 90' lang='lat' dir='ltr'><strong>orbem</strong></span> <span class='ocrx_word' id='word_1_731' title='bbox 1854 5051 2094 5104; x_wconf 88' lang='lat' dir='ltr'><strong>circum-</strong></span> 
     </span>
    </p>
   </div>
   <div class='ocr_carea' id='block_1_100' title="bbox 516 5137 2091 5211">
    <p class='ocr_par' dir='ltr' id='par_1_100' title="bbox 516 5137 2091 5211">
     <span class='ocr_line' id='line_1_100' title="bbox 516 5137 2091 5211; baseline 0.005 -24"><span class='ocrx_word' id='word_1_732' title='bbox 516 5137 655 5199; x_wconf 87' lang='lat' dir='ltr'><strong>l&#39;usa,</strong></span> <span class='ocrx_word' id='word_1_733' title='bbox 708 5150 833 5188; x_wconf 91' lang='lat' dir='ltr'><strong>cum</strong></span> <span class='ocrx_word' id='word_1_734' title='bbox 888 5137 1342 5203; x_wconf 86' lang='lat' dir='ltr'><strong>apprehendisset</strong></span> <span class='ocrx_word' id='word_1_735' title='bbox 1406 5137 1673 5206; x_wconf 90' lang='lat' dir='ltr'><strong>quosdam</strong></span> <span class='ocrx_word' id='word_1_736' title='bbox 1742 5155 1808 5192; x_wconf 77' lang='lat' dir='ltr'><strong>ex</strong></span> <span class='ocrx_word' id='word_1_737' title='bbox 1876 5142 1941 5193; x_wconf 90' lang='lat' dir='ltr'><strong>iis</strong></span> <span class='ocrx_word' id='word_1_738' title='bbox 1996 5141 2091 5211; x_wconf 88' lang='lat' dir='ltr'><strong>qui</strong></span> 
     </span>
    </p>
   </div>
   <div class='ocr_carea' id='block_1_101' title="bbox 519 5226 2096 5305">
    <p class='ocr_par' dir='ltr' id='par_1_101' title="bbox 519 5226 2096 5305">
     <span class='ocr_line' id='line_1_101' title="bbox 519 5226 2096 5305; baseline 0.006 -27"><span class='ocrx_word' id='word_1_739' title='bbox 519 5227 798 5291; x_wconf 82' lang='lat' dir='ltr'><strong>astabant,</strong></span> <span class='ocrx_word' id='word_1_740' title='bbox 852 5226 1167 5281; x_wconf 84' lang='lat' dir='ltr'><strong>inﬁdelibus</strong></span> <span class='ocrx_word' id='word_1_741' title='bbox 1193 5228 1384 5283; x_wconf 89' lang='lat' dir='ltr'><strong>eadem</strong></span> <span class='ocrx_word' id='word_1_742' title='bbox 1423 5231 1551 5283; x_wconf 81' lang='lat' dir='ltr'><strong>fecit</strong></span> <span class='ocrx_word' id='word_1_743' title='bbox 1580 5247 1703 5299; x_wconf 62' lang='lat' dir='ltr'><strong>qua</strong></span> <span class='ocrx_word' id='word_1_744' title='bbox 1745 5233 1876 5285; x_wconf 90' lang='lat' dir='ltr'><strong>olim</strong></span> <span class='ocrx_word' id='word_1_745' title='bbox 1920 5234 2096 5305; x_wconf 82' lang='lat' dir='ltr'><strong>Baby-</strong></span> 
     </span>
    </p>
   </div>
   <div class='ocr_carea' id='block_1_102' title="bbox 518 5317 664 5371">
    <p class='ocr_par' dir='ltr' id='par_1_102' title="bbox 518 5317 664 5371">
     <span class='ocr_line' id='line_1_102' title="bbox 518 5317 664 5371; baseline -0.014 0"><span class='ocrx_word' id='word_1_746' title='bbox 518 5317 664 5371; x_wconf 87' lang='lat' dir='ltr'><strong>lone.</strong></span> 
     </span>
    </p>
   </div>
   <div class='ocr_carea' id='block_1_103' title="bbox 514 5404 2097 5479">
    <p class='ocr_par' dir='ltr' id='par_1_103' title="bbox 514 5404 2097 5479">
     <span class='ocr_line' id='line_1_103' title="bbox 514 5404 2097 5479; baseline 0.003 -20"><span class='ocrx_word' id='word_1_747' title='bbox 514 5462 515 5465; x_wconf 32' lang='grc' dir='ltr'><strong>η</strong></span> <span class='ocrx_word' id='word_1_748' title='bbox 590 5404 657 5459; x_wconf 80' lang='lat' dir='ltr'><strong>X.</strong></span> <span class='ocrx_word' id='word_1_749' title='bbox 704 5404 859 5460; x_wconf 90' lang='lat' dir='ltr'><strong>Tunc</strong></span> <span class='ocrx_word' id='word_1_750' title='bbox 907 5405 1130 5475; x_wconf 88' lang='lat' dir='ltr'><strong>impius,</strong></span> <span class='ocrx_word' id='word_1_751' title='bbox 1165 5409 1366 5463; x_wconf 88' lang='lat' dir='ltr'><strong>timens</strong></span> <span class='ocrx_word' id='word_1_752' title='bbox 1412 5409 1635 5479; x_wconf 89' lang='lat' dir='ltr'><strong>quidem</strong></span> <span class='ocrx_word' id='word_1_753' title='bbox 1674 5408 1876 5465; x_wconf 88' lang='lat' dir='ltr'><strong>Christi</strong></span> <span class='ocrx_word' id='word_1_754' title='bbox 1922 5409 2097 5463; x_wconf 88' lang='lat' dir='ltr'><strong>virtu-</strong></span> 
     </span>
    </p>
   </div>
   <div class='ocr_carea' id='block_1_104' title="bbox 520 5496 2098 5571">
    <p class='ocr_par' dir='ltr' id='par_1_104' title="bbox 520 5496 2098 5571">
     <span class='ocr_line' id='line_1_104' title="bbox 520 5496 2098 5571; baseline 0.004 -22"><span class='ocrx_word' id='word_1_755' title='bbox 520 5504 653 5557; x_wconf 88' lang='lat' dir='ltr'><strong>tem,</strong></span> <span class='ocrx_word' id='word_1_756' title='bbox 696 5496 791 5549; x_wconf 86' lang='lat' dir='ltr'><strong>sed</strong></span> <span class='ocrx_word' id='word_1_757' title='bbox 840 5512 909 5549; x_wconf 90' lang='lat' dir='ltr'><strong>ne</strong></span> <span class='ocrx_word' id='word_1_758' title='bbox 959 5498 1037 5551; x_wconf 90' lang='lat' dir='ltr'><strong>sic</strong></span> <span class='ocrx_word' id='word_1_759' title='bbox 1082 5498 1303 5566; x_wconf 88' lang='lat' dir='ltr'><strong>quidem</strong></span> <span class='ocrx_word' id='word_1_760' title='bbox 1363 5502 1663 5570; x_wconf 89' lang='lat' dir='ltr'><strong>quidquam</strong></span> <span class='ocrx_word' id='word_1_761' title='bbox 1706 5502 1772 5555; x_wconf 89' lang='lat' dir='ltr'><strong>de</strong></span> <span class='ocrx_word' id='word_1_762' title='bbox 1814 5504 2098 5571; x_wconf 81' lang='lat' dir='ltr'><strong>impietate</strong></span> 
     </span>
    </p>
   </div>
   <div class='ocr_carea' id='block_1_105' title="bbox 522 5587 2095 5662">
    <p class='ocr_par' dir='ltr' id='par_1_105' title="bbox 522 5587 2095 5662">
     <span class='ocr_line' id='line_1_105' title="bbox 522 5587 2095 5662; baseline 0.004 -22"><span class='ocrx_word' id='word_1_763' title='bbox 522 5587 832 5645; x_wconf 87' lang='lat' dir='ltr'><strong>remittens.</strong></span> <span class='ocrx_word' id='word_1_764' title='bbox 870 5588 964 5642; x_wconf 85' lang='lat' dir='ltr'><strong>sed</strong></span> <span class='ocrx_word' id='word_1_765' title='bbox 1000 5597 1261 5657; x_wconf 89' lang='lat' dir='ltr'><strong>tanquam</strong></span> <span class='ocrx_word' id='word_1_766' title='bbox 1299 5592 1413 5661; x_wconf 88' lang='lat' dir='ltr'><strong>ipse</strong></span> <span class='ocrx_word' id='word_1_767' title='bbox 1451 5608 1670 5662; x_wconf 88' lang='lat' dir='ltr'><strong>quoque</strong></span> <span class='ocrx_word' id='word_1_768' title='bbox 1718 5593 1917 5647; x_wconf 91' lang='lat' dir='ltr'><strong>mutari</strong></span> <span class='ocrx_word' id='word_1_769' title='bbox 1968 5610 2095 5646; x_wconf 89' lang='lat' dir='ltr'><strong>eru-</strong></span> 
     </span>
    </p>
   </div>
   <div class='ocr_carea' id='block_1_106' title="bbox 528 5680 2097 5750">
    <p class='ocr_par' dir='ltr' id='par_1_106' title="bbox 528 5680 2097 5750">
     <span class='ocr_line' id='line_1_106' title="bbox 528 5680 2097 5750; baseline 0.004 -17"><span class='ocrx_word' id='word_1_770' title='bbox 528 5680 777 5745; x_wconf 85' lang='lat' dir='ltr'><strong>bescens,</strong></span> <span class='ocrx_word' id='word_1_771' title='bbox 811 5691 905 5735; x_wconf 90' lang='lat' dir='ltr'><strong>aut</strong></span> <span class='ocrx_word' id='word_1_772' title='bbox 938 5683 1172 5750; x_wconf 89' lang='lat' dir='ltr'><strong>amplius</strong></span> <span class='ocrx_word' id='word_1_773' title='bbox 1207 5682 1456 5739; x_wconf 83' lang='lat' dir='ltr'><strong>sanctum</strong></span> <span class='ocrx_word' id='word_1_774' title='bbox 1498 5685 1685 5739; x_wconf 88' lang='lat' dir='ltr'><strong>videre</strong></span> <span class='ocrx_word' id='word_1_775' title='bbox 1738 5688 1948 5750; x_wconf 86' lang='lat' dir='ltr'><strong>vivum,</strong></span> <span class='ocrx_word' id='word_1_776' title='bbox 2002 5703 2097 5739; x_wconf 84' lang='lat' dir='ltr'><strong>ar-</strong></span> 
     </span>
    </p>
   </div>
   <div class='ocr_carea' id='block_1_107' title="bbox 533 5771 2097 5845">
    <p class='ocr_par' dir='ltr' id='par_1_107' title="bbox 533 5771 2097 5845">
     <span class='ocr_line' id='line_1_107' title="bbox 533 5771 2097 5845; baseline 0.006 -22"><span class='ocrx_word' id='word_1_777' title='bbox 533 5779 789 5840; x_wconf 86' lang='lat' dir='ltr'><strong>guentem</strong></span> <span class='ocrx_word' id='word_1_778' title='bbox 826 5771 1052 5827; x_wconf 88' lang='lat' dir='ltr'><strong>deorum</strong></span> <span class='ocrx_word' id='word_1_779' title='bbox 1080 5773 1701 5845; x_wconf 76' lang='lat' dir='ltr'><strong>illiusimbecillitatem,</strong></span> <span class='ocrx_word' id='word_1_780' title='bbox 1756 5795 1879 5835; x_wconf 86' lang='lat' dir='ltr'><strong>eum</strong></span> <span class='ocrx_word' id='word_1_781' title='bbox 1925 5788 2097 5833; x_wconf 84' lang='lat' dir='ltr'><strong>morte</strong></span> 
     </span>
    </p>
   </div>
   <div class='ocr_carea' id='block_1_108' title="bbox 2191 4591 3781 4663">
    <p class='ocr_par' dir='ltr' id='par_1_108' title="bbox 2191 4591 3781 4663">
     <span class='ocr_line' id='line_1_108' title="bbox 2191 4591 3781 4663; baseline -0.003 -17"><span class='ocrx_word' id='word_1_782' title='bbox 2191 4596 2299 4647; x_wconf 70' lang='grc' dir='ltr'><strong>Καὶ</strong></span> <span class='ocrx_word' id='word_1_783' title='bbox 2328 4595 2493 4663; x_wconf 84' lang='grc' dir='ltr'>λέϐης</span> <span class='ocrx_word' id='word_1_784' title='bbox 2523 4594 2751 4656; x_wconf 76' lang='grc' dir='ltr'>εὐθέως,</span> <span class='ocrx_word' id='word_1_785' title='bbox 2812 4592 3012 4657; x_wconf 83' lang='grc' dir='ltr'>πίσσης</span> <span class='ocrx_word' id='word_1_786' title='bbox 3046 4608 3102 4641; x_wconf 86' lang='grc' dir='ltr'><strong>τε</strong></span> <span class='ocrx_word' id='word_1_787' title='bbox 3148 4591 3519 4657; x_wconf 74' lang='grc' dir='ltr'>ἀναπλησθεὶς</span> <span class='ocrx_word' id='word_1_788' title='bbox 3547 4592 3643 4641; x_wconf 74' lang='grc' dir='ltr'>καὶ</span> <span class='ocrx_word' id='word_1_789' title='bbox 3669 4591 3781 4642; x_wconf 64' lang='grc' dir='ltr'>λα-</span> 
     </span>
    </p>
   </div>
   <div class='ocr_carea' id='block_1_109' title="bbox 2192 4668 3785 4752">
    <p class='ocr_par' dir='ltr' id='par_1_109' title="bbox 2192 4668 3785 4752">
     <span class='ocr_line' id='line_1_109' title="bbox 2192 4668 3785 4752; baseline -0.001 -17"><span class='ocrx_word' id='word_1_790' title='bbox 2192 4684 2337 4752; x_wconf 81' lang='grc' dir='ltr'>ϐρως</span> <span class='ocrx_word' id='word_1_791' title='bbox 2379 4685 2663 4745; x_wconf 78' lang='grc' dir='ltr'>ὑποκαεὶς,</span> <span class='ocrx_word' id='word_1_792' title='bbox 2722 4668 2816 4733; x_wconf 60' lang='grc' dir='ltr'><strong>τὸκῖ</strong></span> <span class='ocrx_word' id='word_1_793' title='bbox 2841 4681 3081 4750; x_wconf 77' lang='grc' dir='ltr'>ἀθλητὴν</span> <span class='ocrx_word' id='word_1_794' title='bbox 3130 4680 3443 4747; x_wconf 76' lang='grc' dir='ltr'>ὑπεδέχετο.</span> <span class='ocrx_word' id='word_1_795' title='bbox 3484 4679 3647 4731; x_wconf 77' lang='grc' dir='ltr'>Ἀλλὰ</span> <span class='ocrx_word' id='word_1_796' title='bbox 3676 4682 3785 4734; x_wconf 69' lang='grc' dir='ltr'><strong>καὶ</strong></span> 
     </span>
    </p>
   </div>
   <div class='ocr_carea' id='block_1_110' title="bbox 2188 4772 3784 4846">
    <p class='ocr_par' dir='ltr' id='par_1_110' title="bbox 2188 4772 3784 4846">
     <span class='ocr_line' id='line_1_110' title="bbox 2188 4772 3784 4846; baseline 0.001 -19"><span class='ocrx_word' id='word_1_797' title='bbox 2188 4776 2377 4827; x_wconf 87' lang='grc' dir='ltr'>τούτου</span> <span class='ocrx_word' id='word_1_798' title='bbox 2412 4776 2475 4846; x_wconf 83' lang='grc' dir='ltr'>δὴ</span> <span class='ocrx_word' id='word_1_799' title='bbox 2532 4775 2847 4844; x_wconf 86' lang='grc' dir='ltr'>γενομένου,</span> <span class='ocrx_word' id='word_1_800' title='bbox 2907 4773 3039 4835; x_wconf 78' lang='grc' dir='ltr'>Θεὸς</span> <span class='ocrx_word' id='word_1_801' title='bbox 3092 4772 3300 4825; x_wconf 78' lang='grc' dir='ltr'>ἀνωθεν</span> <span class='ocrx_word' id='word_1_802' title='bbox 3334 4773 3435 4824; x_wconf 79' lang='grc' dir='ltr'>οὐκ</span> <span class='ocrx_word' id='word_1_803' title='bbox 3476 4774 3671 4841; x_wconf 78' lang='grc' dir='ltr'>ἡμέλει</span> <span class='ocrx_word' id='word_1_804' title='bbox 3707 4776 3784 4828; x_wconf 75' lang='grc' dir='ltr'>τὰ</span> 
     </span>
    </p>
   </div>
   <div class='ocr_carea' id='block_1_111' title="bbox 2192 4862 3781 4933">
    <p class='ocr_par' dir='ltr' id='par_1_111' title="bbox 2192 4862 3781 4933">
     <span class='ocr_line' id='line_1_111' title="bbox 2192 4862 3781 4933; baseline 0 -18"><span class='ocrx_word' id='word_1_805' title='bbox 2192 4864 2396 4933; x_wconf 80' lang='grc' dir='ltr'>συνήθη</span> <span class='ocrx_word' id='word_1_806' title='bbox 2460 4863 2913 4933; x_wconf 76' lang='grc' dir='ltr'>θαυματουργῶν.</span> <span class='ocrx_word' id='word_1_807' title='bbox 2973 4864 3239 4930; x_wconf 76' lang='grc' dir='ltr'>Ἀγγελος</span> <span class='ocrx_word' id='word_1_808' title='bbox 3275 4862 3383 4933; x_wconf 75' lang='grc' dir='ltr'><strong>γὰρ</strong></span> <span class='ocrx_word' id='word_1_809' title='bbox 3447 4862 3504 4927; x_wconf 73' lang='grc' dir='ltr'>ἐξ</span> <span class='ocrx_word' id='word_1_810' title='bbox 3538 4864 3781 4933; x_wconf 77' lang='grc' dir='ltr'>οὐρανοῦ</span> 
     </span>
    </p>
   </div>
   <div class='ocr_carea' id='block_1_112' title="bbox 2193 4954 3786 5023">
    <p class='ocr_par' dir='ltr' id='par_1_112' title="bbox 2193 4954 3786 5023">
     <span class='ocr_line' id='line_1_112' title="bbox 2193 4954 3786 5023; baseline -0.003 -15"><span class='ocrx_word' id='word_1_811' title='bbox 2193 4957 2456 5016; x_wconf 70' lang='grc' dir='ltr'>καταϐὰς,</span> <span class='ocrx_word' id='word_1_812' title='bbox 2511 4957 2569 5006; x_wconf 74' lang='grc' dir='ltr'>τὸ</span> <span class='ocrx_word' id='word_1_813' title='bbox 2607 4955 2703 5022; x_wconf 79' lang='grc' dir='ltr'><strong>μὲν</strong></span> <span class='ocrx_word' id='word_1_814' title='bbox 2757 4954 2965 5004; x_wconf 79' lang='grc' dir='ltr'>ἐκείνου</span> <span class='ocrx_word' id='word_1_815' title='bbox 3014 4955 3194 5021; x_wconf 77' lang='grc' dir='ltr'>σῶμα,</span> <span class='ocrx_word' id='word_1_816' title='bbox 3224 4954 3414 5023; x_wconf 79' lang='grc' dir='ltr'>ὥσπερ</span> <span class='ocrx_word' id='word_1_817' title='bbox 3444 4956 3539 5005; x_wconf 77' lang='grc' dir='ltr'>καὶ</span> <span class='ocrx_word' id='word_1_818' title='bbox 3564 4957 3631 5010; x_wconf 78' lang='grc' dir='ltr'>τὰ</span> <span class='ocrx_word' id='word_1_819' title='bbox 3667 4957 3786 5008; x_wconf 81' lang='grc' dir='ltr'><strong>τῶν</strong></span> 
     </span>
    </p>
   </div>
   <div class='ocr_carea' id='block_1_113' title="bbox 2192 5040 3787 5113">
    <p class='ocr_par' dir='ltr' id='par_1_113' title="bbox 2192 5040 3787 5113">
     <span class='ocr_line' id='line_1_113' title="bbox 2192 5040 3787 5113; baseline 0.001 -19"><span class='ocrx_word' id='word_1_820' title='bbox 2192 5044 2356 5111; x_wconf 80' lang='grc' dir='ltr'>τριῶν</span> <span class='ocrx_word' id='word_1_821' title='bbox 2389 5042 2612 5103; x_wconf 88' lang='grc' dir='ltr'>παίδων,</span> <span class='ocrx_word' id='word_1_822' title='bbox 2644 5040 2945 5107; x_wconf 63' lang='grc' dir='ltr'>ἐφύλαττεν</span> <span class='ocrx_word' id='word_1_823' title='bbox 2980 5041 3190 5104; x_wconf 82' lang='grc' dir='ltr'>ἀπαθές</span> <span class='ocrx_word' id='word_1_824' title='bbox 3213 5058 3230 5074; x_wconf 75' lang='grc'><strong><em>⁸</em></strong></span> <span class='ocrx_word' id='word_1_825' title='bbox 3264 5043 3449 5113; x_wconf 79' lang='grc' dir='ltr'>κύκλῳ</span> <span class='ocrx_word' id='word_1_826' title='bbox 3484 5043 3540 5095; x_wconf 83' lang='grc' dir='ltr'>δὲ</span> <span class='ocrx_word' id='word_1_827' title='bbox 3582 5045 3612 5112; x_wconf 79' lang='grc' dir='ltr'><strong>ἡ</strong></span> <span class='ocrx_word' id='word_1_828' title='bbox 3644 5046 3787 5112; x_wconf 75' lang='grc' dir='ltr'>φλὸξ</span> 
     </span>
    </p>
   </div>
   <div class='ocr_carea' id='block_1_114' title="bbox 2195 5133 3786 5202">
    <p class='ocr_par' dir='ltr' id='par_1_114' title="bbox 2195 5133 3786 5202">
     <span class='ocr_line' id='line_1_114' title="bbox 2195 5133 3786 5202; baseline 0.001 -16"><span class='ocrx_word' id='word_1_829' title='bbox 2195 5133 2453 5201; x_wconf 72' lang='grc' dir='ltr'>ἐξαπίνης</span> <span class='ocrx_word' id='word_1_830' title='bbox 2495 5133 2877 5202; x_wconf 80' lang='grc' dir='ltr'>περιχυθεῖσα,</span> <span class='ocrx_word' id='word_1_831' title='bbox 2936 5134 3027 5185; x_wconf 89' lang='grc' dir='ltr'><strong>καί</strong></span> <span class='ocrx_word' id='word_1_832' title='bbox 3062 5151 3214 5195; x_wconf 87' lang='grc' dir='ltr'>τινας</span> <span class='ocrx_word' id='word_1_833' title='bbox 3248 5136 3357 5187; x_wconf 83' lang='grc' dir='ltr'>τῶν</span> <span class='ocrx_word' id='word_1_834' title='bbox 3409 5138 3786 5202; x_wconf 79' lang='grc' dir='ltr'>παρεστώτων</span> 
     </span>
    </p>
   </div>
   <div class='ocr_carea' id='block_1_115' title="bbox 2197 5226 3789 5289">
    <p class='ocr_par' dir='ltr' id='par_1_115' title="bbox 2197 5226 3789 5289">
     <span class='ocr_line' id='line_1_115' title="bbox 2197 5226 3789 5289; baseline 0.001 -10"><span class='ocrx_word' id='word_1_835' title='bbox 2197 5229 2441 5279; x_wconf 78' lang='grc' dir='ltr'>ἀπίστων</span> <span class='ocrx_word' id='word_1_836' title='bbox 2496 5226 2848 5289; x_wconf 80' lang='grc' dir='ltr'>διαλαϐοῦσα,</span> <span class='ocrx_word' id='word_1_837' title='bbox 2902 5227 2970 5278; x_wconf 79' lang='grc' dir='ltr'>τὰ</span> <span class='ocrx_word' id='word_1_838' title='bbox 3018 5227 3157 5279; x_wconf 67' lang='grc' dir='ltr'>αὐτὰ</span> <span class='ocrx_word' id='word_1_839' title='bbox 3210 5230 3321 5289; x_wconf 89' lang='grc' dir='ltr'>τοῖς</span> <span class='ocrx_word' id='word_1_840' title='bbox 3376 5231 3433 5279; x_wconf 83' lang='grc' dir='ltr'>ὲν</span> <span class='ocrx_word' id='word_1_841' title='bbox 3496 5228 3789 5281; x_wconf 79' lang='grc' dir='ltr'>Βαϐυλῶνι</span> 
     </span>
    </p>
   </div>
   <div class='ocr_carea' id='block_1_116' title="bbox 2198 5316 2635 5384">
    <p class='ocr_par' dir='ltr' id='par_1_116' title="bbox 2198 5316 2635 5384">
     <span class='ocr_line' id='line_1_116' title="bbox 2198 5316 2635 5384; baseline -0.005 -15"><span class='ocrx_word' id='word_1_842' title='bbox 2198 5318 2365 5371; x_wconf 84' lang='grc' dir='ltr'>πάλαι</span> <span class='ocrx_word' id='word_1_843' title='bbox 2393 5316 2635 5384; x_wconf 86' lang='grc' dir='ltr'>διέθηκε.</span> 
     </span>
    </p>
   </div>
   <div class='ocr_carea' id='block_1_117' title="bbox 2270 5404 3790 5478">
    <p class='ocr_par' dir='ltr' id='par_1_117' title="bbox 2270 5404 3790 5478">
     <span class='ocr_line' id='line_1_117' title="bbox 2270 5404 3790 5478; baseline 0.002 -20"><span class='ocrx_word' id='word_1_844' title='bbox 2270 5408 2323 5458; x_wconf 90' lang='lat' dir='ltr'><strong>l&#39;.</strong></span> <span class='ocrx_word' id='word_1_845' title='bbox 2362 5407 2495 5457; x_wconf 83' lang='grc' dir='ltr'>Τότε</span> <span class='ocrx_word' id='word_1_846' title='bbox 2531 5408 2558 5457; x_wconf 86' lang='grc' dir='ltr'>ὀ</span> <span class='ocrx_word' id='word_1_847' title='bbox 2588 5404 2854 5473; x_wconf 82' lang='grc' dir='ltr'>δυσσεϐὴς</span> <span class='ocrx_word' id='word_1_848' title='bbox 2884 5404 2983 5472; x_wconf 81' lang='grc' dir='ltr'>τὴν</span> <span class='ocrx_word' id='word_1_849' title='bbox 3016 5404 3114 5471; x_wconf 75' lang='grc' dir='ltr'>μὲν</span> <span class='ocrx_word' id='word_1_850' title='bbox 3140 5404 3234 5456; x_wconf 82' lang='grc' dir='ltr'><strong>τοῦ</strong></span> <span class='ocrx_word' id='word_1_851' title='bbox 3275 5407 3513 5473; x_wconf 77' lang='grc' dir='ltr'>Χριστοῦ</span> <span class='ocrx_word' id='word_1_852' title='bbox 3545 5409 3790 5478; x_wconf 81' lang='grc' dir='ltr'>δύναμιν</span> 
     </span>
    </p>
   </div>
   <div class='ocr_carea' id='block_1_118' title="bbox 2200 5495 3789 5567">
    <p class='ocr_par' dir='ltr' id='par_1_118' title="bbox 2200 5495 3789 5567">
     <span class='ocr_line' id='line_1_118' title="bbox 2200 5495 3789 5567; baseline 0.001 -17"><span class='ocrx_word' id='word_1_853' title='bbox 2200 5498 2479 5567; x_wconf 72' lang='grc' dir='ltr'>φοϐηθεὶς,</span> <span class='ocrx_word' id='word_1_854' title='bbox 2543 5496 2709 5565; x_wconf 81' lang='grc' dir='ltr'>μηδὲν</span> <span class='ocrx_word' id='word_1_855' title='bbox 2737 5495 2791 5547; x_wconf 83' lang='grc' dir='ltr'>δὲ</span> <span class='ocrx_word' id='word_1_856' title='bbox 2826 5497 2960 5563; x_wconf 85' lang='grc' dir='ltr'>μηδὲ</span> <span class='ocrx_word' id='word_1_857' title='bbox 2991 5496 3133 5549; x_wconf 73' lang='grc' dir='ltr'>οὕτω</span> <span class='ocrx_word' id='word_1_858' title='bbox 3190 5499 3288 5565; x_wconf 75' lang='grc' dir='ltr'>τῆς</span> <span class='ocrx_word' id='word_1_859' title='bbox 3319 5498 3574 5562; x_wconf 73' lang='grc' dir='ltr'>ἀσεϐείας</span> <span class='ocrx_word' id='word_1_860' title='bbox 3606 5504 3789 5567; x_wconf 73' lang='grc' dir='ltr'>ἀνεὶς,</span> 
     </span>
    </p>
   </div>
   <div class='ocr_carea' id='block_1_119' title="bbox 2176 5591 3788 5660">
    <p class='ocr_par' dir='ltr' id='par_1_119' title="bbox 2176 5591 3788 5660">
     <span class='ocr_line' id='line_1_119' title="bbox 2176 5591 3788 5660; baseline 0.003 -17"><span class='ocrx_word' id='word_1_861' title='bbox 2176 5592 2316 5655; x_wconf 18' lang='grc' dir='ltr'>,ἀλλ’</span> <span class='ocrx_word' id='word_1_862' title='bbox 2358 5591 2546 5658; x_wconf 81' lang='grc' dir='ltr'>ὥσπερ</span> <span class='ocrx_word' id='word_1_863' title='bbox 2586 5592 3050 5658; x_wconf 75' lang='grc' dir='ltr'>ὲπαισχυνόμενος</span> <span class='ocrx_word' id='word_1_864' title='bbox 3109 5592 3168 5657; x_wconf 72' lang='grc' dir='ltr'>τὸ</span> <span class='ocrx_word' id='word_1_865' title='bbox 3204 5594 3297 5643; x_wconf 76' lang='grc' dir='ltr'><strong>καὶ</strong></span> <span class='ocrx_word' id='word_1_866' title='bbox 3351 5594 3510 5654; x_wconf 76' lang='grc' dir='ltr'>αὐτὸς</span> <span class='ocrx_word' id='word_1_867' title='bbox 3569 5598 3788 5660; x_wconf 73' lang='grc' dir='ltr'>ἐκεῖνος</span> 
     </span>
    </p>
   </div>
   <div class='ocr_carea' id='block_1_120' title="bbox 2208 5684 3792 5756">
    <p class='ocr_par' dir='ltr' id='par_1_120' title="bbox 2208 5684 3792 5756">
     <span class='ocr_line' id='line_1_120' title="bbox 2208 5684 3792 5756; baseline 0.003 -20"><span class='ocrx_word' id='word_1_868' title='bbox 2208 5684 2630 5754; x_wconf 82' lang='grc' dir='ltr'>μεταϐαλέσθαι,</span> <span class='ocrx_word' id='word_1_869' title='bbox 2692 5684 2721 5750; x_wconf 81' lang='grc' dir='ltr'>ἦ</span> <span class='ocrx_word' id='word_1_870' title='bbox 2760 5684 2844 5735; x_wconf 79' lang='grc' dir='ltr'><strong>τὸν</strong></span> <span class='ocrx_word' id='word_1_871' title='bbox 2881 5685 3069 5749; x_wconf 71' lang='grc' dir='ltr'>’Ἃγιον</span> <span class='ocrx_word' id='word_1_872' title='bbox 3116 5688 3171 5734; x_wconf 82' lang='grc' dir='ltr'>ὲν</span> <span class='ocrx_word' id='word_1_873' title='bbox 3210 5685 3373 5747; x_wconf 74' lang='grc' dir='ltr'>ζῶσιν</span> <span class='ocrx_word' id='word_1_874' title='bbox 3396 5686 3529 5755; x_wconf 79' lang='grc' dir='ltr'>ὀρᾷν</span> <span class='ocrx_word' id='word_1_875' title='bbox 3566 5688 3645 5737; x_wconf 86' lang='grc' dir='ltr'>Ξτι</span> <span class='ocrx_word' id='word_1_876' title='bbox 3683 5692 3792 5756; x_wconf 77' lang='grc' dir='ltr'>τὴν</span> 
     </span>
    </p>
   </div>
   <div class='ocr_carea' id='block_1_121' title="bbox 2205 5774 3797 5843">
    <p class='ocr_par' dir='ltr' id='par_1_121' title="bbox 2205 5774 3797 5843">
     <span class='ocr_line' id='line_1_121' title="bbox 2205 5774 3797 5843; baseline 0.001 -16"><span class='ocrx_word' id='word_1_877' title='bbox 2205 5777 2312 5832; x_wconf 79' lang='grc' dir='ltr'>τῶν</span> <span class='ocrx_word' id='word_1_878' title='bbox 2347 5774 2558 5832; x_wconf 76' lang='grc' dir='ltr'>ἐκείνου</span> <span class='ocrx_word' id='word_1_879' title='bbox 2608 5774 2745 5829; x_wconf 66' lang='lat' dir='ltr'><strong>eam</strong></span> <span class='ocrx_word' id='word_1_880' title='bbox 2808 5774 3093 5827; x_wconf 74' lang='grc' dir='ltr'>ἀσθένειαν</span> <span class='ocrx_word' id='word_1_881' title='bbox 3134 5774 3499 5843; x_wconf 76' lang='grc' dir='ltr'>διελέγχοντα,</span> <span class='ocrx_word' id='word_1_882' title='bbox 3551 5778 3797 5837; x_wconf 73' lang='grc' dir='ltr'>Θάνατον</span> 
     </span>
    </p>
   </div>
  </div>
