3966 6454
156 417 272 482 253

1395 413 1574 475 VITA
1617 413 1678 474 S.
1725 413 2140 474 BONIFACH.

3296 398 3406 466 254

154 526 321 579 αὑτοῦ
351 526 697 595 κατακρίνει,
730 524 901 588 οὕτως
942 524 1144 578 εἰπών’
1201 524 1542 592 Βονιφάτιον,
1580 522 1735 592 βασι-

1852 521 2187 580 condemnat,
2225 520 2302 573 sic
2332 518 2523 571 dicens
2556 534 2570 569 ι
2602 514 2902 577 Bonifacio,
2935 512 3027 583 qui
3069 526 3177 564 non
3223 509 3407 579 paruit

154 616 295 666 θέων
328 614 428 683 μὲν
455 614 835 685 ἀπειθήσαντα
859 615 1063 683 νόμοις,
1121 616 1415 682 ἡμετέροις
1456 614 1510 666 δὲ
1559 614 1738 679 λόγοις

154 707 411 774 οὐδαμῶς
464 708 708 775 εἴξαντα,
771 708 865 760 καὶ
914 707 1048 774 μηδὲ
1098 707 1258 758 θῦσαι
1316 708 1429 768 τοῖς
1484 705 1737 773 εὐμενέσι

155 796 304 859 θεοῖς
337 795 667 865 θελήσαντα,
698 798 834 849 ἀλλὰ
867 797 947 865 τῷ
978 797 1381 866 ὲσταυρωμένῳ
1415 798 1616 864 μᾶλλον
1664 796 1741 857 ὡς

152 887 283 958 Θεῷ
328 891 758 958 προσανέχοντα,
812 889 951 957 ξίφει
979 889 1079 957 τὴν
1124 888 1371 956 κεφαλὴν
1398 886 1738 954 ἐκτμηθῆναι

156 979 523 1033 κελεύω.’Κα“ι
540 980 713 1042 οὕτως
733 981 894 1032 αὑτὸν
913 982 961 1033 οι
984 981 1274 1050 δορυφόροι
1305 980 1735 1048 παραλαϐόντες,

154 1072 255 1123 τοῦ
279 1071 597 1124 δικαστικοῦ
634 1072 890 1139 ἐξάγουσι
940 1072 1202 1142 βήματος.
1248 1071 1309 1126 Ὀ
1345 1074 1399 1125 δὲ
1433 1073 1739 1134 καλλίνικος

155 1162 250 1213 τοῦ
287 1162 525 1231 Χριστοῦ
562 1164 771 1232 μάρτυς
794 1163 978 1235 ἔχαιρε
1014 1166 1114 1233 μὲν
1148 1159 1259 1216 οἷον
1289 1166 1389 1217 οὐκ
1424 1166 1517 1217 ἐπὶ
1552 1164 1741 1216 τελευ-

156 1254 259 1322 τὴν
280 1293 298 1317 ,
334 1254 449 1306 ἀλλ’
481 1255 577 1306 ἐπὶ
605 1254 752 1324 ζωὴν
782 1256 1004 1323 μᾶλλον,
1034 1254 1226 1324 ὥσπερ
1248 1256 1353 1323 ἄρα
1377 1257 1471 1307 καὶ
1503 1251 1593 1325 ἧν,
1626 1272 1740 1307 πο-

160 1347 481 1415 ρευόμενος.
515 1348 698 1417 Βραχὺ
727 1348 781 1400 δὲ
820 1347 967 1417 αὑτῷ
987 1346 1229 1399 ἐνδοῦναι
1260 1349 1385 1409 τοὺς
1424 1348 1739 1413 ἀπάγοντας

158 1437 553 1505 αἰτησάμενος,
588 1439 721 1500 στὰς
771 1439 906 1507 πρὸς
960 1436 1223 1499 ἀνατολὰς
1277 1435 1512 1505 ηὗχετο’
1565 1434 1737 1503 Κύριέ

165 1546 292 1596 μου,
320 1527 520 1594 λέγων,
552 1530 645 1579 καὶ
667 1528 790 1592 Θεὲ,
819 1527 954 1595 ταχὺ
986 1525 1555 1595 προκαταλαδέτωσάν
1582 1542 1649 1592 με
1690 1524 1739 1575 οἱ

161 1618 447 1687 οἰκτιρμοί
496 1636 613 1679 σου,
651 1618 747 1669 καὶ
802 1618 1115 1685 παραστηθί
1146 1633 1235 1683 μοι
1265 1615 1360 1667 καὶ
1393 1615 1489 1666 νῦν
1520 1615 1737 1682 βοηθὸς,

164 1705 252 1756 iv:
292 1705 463 1773 μηδέν
498 1721 588 1772 μοι
628 1705 655 1754 ὁ
706 1705 938 1773 πονηρὰς
969 1704 1221 1771 ἐμποδῶν
1253 1705 1496 1773 γένηται,
1528 1705 1616 1757 διὰ
1642 1704 1740 1766 τὰς

162 1796 220 1846 ἐν
254 1794 546 1862 ἀφροσύνῃ
596 1795 1079 1862 προγεγενημένας
1138 1813 1225 1864 μοι
1258 1796 1565 1865 ἁμαρτίας·
1602 1794 1740 1851 ἀλλὰ

166 1888 466 1957 πρόσδεξαι
527 1904 629 1956 μου
664 1887 763 1957 τὴν
788 1888 965 1958 ψυχὴν
995 1892 1052 1942 ὲν
1087 1891 1300 1960 εἰρήνῃ,
1336 1891 1428 1942 καὶ
1460 1890 1571 1952 τοῖς
1601 1889 1740 1959 ὑπὲρ

167 1978 259 2031 σοῦ
291 1980 353 2030 τὸ
397 1974 539 2046 αἷμα
569 1978 792 2048 ὲκχέασι
820 2020 835 2044 ,
873 1982 967 2031 καὶ
1004 1980 1167 2047 μέχρι
1216 1979 1403 2040 τέλους
1432 1979 1527 2046 τὴν
1556 1979 1739 2031 πίστιν

163 2072 555 2140 διιτηρήσασι,
590 2071 740 2137 κάμὲ
797 2068 1203 2137 συναρίθμησον
1226 2086 1239 2099 ⁸
1280 2068 1441 2138 ῥύσαι
1469 2069 1524 2121 δὲ
1556 2072 1648 2120 καὶ
1680 2068 1741 2120 τὸ

166 2162 241 2230 τῷ
274 2163 476 2229 αἵματί
505 2179 599 2214 σου
634 2160 990 2230 περιποιηθὶν
1020 2160 1301 2230 ποίμνιον,
1336 2160 1424 2213 τὸν
1463 2161 1554 2212 σὸν
1586 2160 1741 2225 λαὸν,

172 2252 271 2320 μοῦ
302 2253 537 2320 Χριστὲ,
572 2253 663 2303 τὸν
698 2252 1032 2321 περιούσιον,
1071 2252 1388 2315 δυσσεϐείας
1439 2253 1619 2321 πάσης
1648 2253 1744 2306 καὶ

167 2345 377 2411 πλάνης
406 2344 718 2413 ἑλληνικῆς,
774 2345 856 2396 ὄτι
885 2344 1179 2413 εὐλογητὸς
1232 2339 1283 2395 εἴ
1324 2343 1417 2395 καὶ
1456 2344 1633 2412 μένων
1664 2344 1745 2405 είς

168 2437 291 2500 τοὺς
323 2434 556 2499 αἰῶνας.
587 2436 769 2488 Ταῦτα
802 2434 1022 2504 ηὔξατο,
1061 2436 1153 2486 καὶ
1185 2436 1281 2501 τὴν
1308 2434 1470 2501 εὐχὴν
1497 2435 1561 2485 τὺ
1593 2433 1743 2499 ξίφος

171 2529 328 2588 εὐθὺς
359 2528 633 2593 διεδέχετο
656 2564 671 2588 ,
705 2527 796 2577 καὶ
816 2526 911 2594 τὴν
946 2524 1152 2592 σεπτὴν
1186 2523 1444 2593 ἐτέμνετο
1478 2524 1739 2592 κεφαλήν.

172 2618 600 2686 Θαυμστουργεῖ
627 2616 684 2668 δέ
724 2633 775 2668 τι
814 2614 1092 2669 κάνταῦθα
1124 2614 1277 2677 Θεὸς,
1318 2616 1412 2665 καὶ
1444 2607 1583 2683 αἷμα
1610 2611 1745 2683 ὁμοῦ

173 2709 267 2762 καὶ
307 2707 456 2775 γάλα
497 2706 597 2774 τῆς
634 2703 810 2773 τομῆς
866 2705 1066 2772 ῥυῆναι
1108 2704 1276 2766 ποιεῖ,
1307 2701 1381 2763 ὡς
1413 2701 1475 2753 τὸ
1510 2699 1608 2769 μὲν
1645 2699 1747 2766 τῆς

175 2800 396 2866 etiam);
418 2792 585 2861 εἶναι,
620 2794 681 2848 τὸ
706 2795 763 2848 δὲ
794 2797 889 2864 τῆς
913 2792 1169 2853 εὐσεϐοῦς
1195 2790 1451 2852 πίστεως.
1483 2789 1590 2842 Καὶ
1605 2787 1748 2841 οὕτω

175 2892 233 2943 τὸ
276 2888 468 2954 θαῦμα
506 2888 651 2956 μέγα
706 2886 871 2953 φανὲν
906 2886 985 2948 εἰς
1012 2882 1296 2954 ἔκπληξιν,
1353 2880 1538 2951 μεῖζον
1569 2879 1635 2932 ἂν
1669 2881 1748 2941 είς

178 2979 465 3046 ὡςέλειαν,
519 2977 725 3044 ἄνδρας
784 2975 891 3026 τῶν
949 2976 1197 3025 ἀπίστων
1252 2973 1597 3041 πεντήκοντα
1659 2969 1751 3022 καὶ

177 3068 569 3129 πεντακοσίους
594 3066 669 3136 (b)
703 3064 779 3135 τῷ
810 3063 1033 3134 Χριστῷ
1070 3066 1265 3116 πεῖσαν
1295 3061 1631 3128 ἀκολουθεῖν,
1657 3062 1751 3115 καὶ

178 3164 272 3231 τὴν
303 3158 595 3231 είδωλικὴν
623 3156 827 3226 πλάνην
856 3153 1227 3227 μυσαχθέντας
1246 3151 1554 3206 ἀπολιπεῖν.

243 3434 346 3486 IA'.
382 3430 611 3483 Τοιοῦτο
629 3429 931 3496 Βονιφατίῳ
952 3430 1050 3496 τῆς
1074 3427 1220 3495 ζωῆς
1248 3426 1308 3478 τδ
1345 3426 1518 3496 πέρας
1536 3442 1549 3457 ·
1579 3424 1753 3487 οὕτως
1778 3430 1783 3437 ’

177 3528 232 3577 τὸ
261 3523 387 3590 είκῆ
418 3522 515 3574 καὶ
547 3520 723 3582 ἄλλως
757 3519 981 3571 ἐπελθὸν
1018 3520 1109 3569 καὶ
1132 3519 1444 3588 προρρηθὲν
1472 3518 1563 3569 ὑπ’
1586 3514 1757 3573 αὑτοῦ¹

177 3618 324 3679 τέλος
353 3617 600 3683 εἴληφεν.
633 3615 691 3667 ΟΞ
717 3612 795 3677 δὲ,
831 3612 963 3681 πρὸς
996 3611 1228 3679 ζήτησιν
1272 3610 1466 3677 ἐκείνῳ
1517 3608 1622 3659 τῶν
1646 3607 1753 3658 λει-

178 3712 360 3779 ψάνων
387 3704 923 3774 συνεκπεμφθέντες.
954 3707 1130 3757 ταῦτα
1168 3702 1265 3771 μὲν
1289 3698 1633 3767 ἀγνοοῦντες,
1666 3715 1756 3751 πε.

184 3804 525 3875 ριερχόμενοι
559 3799 613 3851 δὲ
637 3798 743 3851 ἀνὰ
767 3799 943 3849 πᾶσαν
975 3796 1071 3864 τὴν
1105 3796 1281 3855 πόλιν,
1310 3796 1437 3846 ἐπεὶ
1463 3793 1754 3862 ζητοῦντες

181 3896 336 3951 αὑτὸν
368 3893 471 3959 οὐχ
509 3890 789 3955 εὕρισκον,
844 3888 1083 3956 οἰόμενοι
1115 3887 1236 3947 ταῖς
1263 3886 1323 3936 οὐ
1370 3884 1560 3944 καλαῖς
1586 3883 1753 3934 αὑτὸν

182 3986 426 4056 συνήθως
486 3980 809 4050 χαρίζεσθαι
850 3980 1086 4047 ἡδοναῖς,
1128 3978 1309 4030 Ἤπου
1350 3978 1556 4038 ἐκεῖνος
1606 3974 1751 4046 ἄρτι,

183 4081 313 4150 azch
355 4075 586 4135 ἑαυτοὺς
621 4072 827 4139 ἔλεγον,
856 4072 888 4140 ἢ
918 4074 1136 4133 πάντως
1174 4070 1392 4137 γυναιξὶ
1419 4070 1685 4133 σύνεστιν,
1720 4070 1752 4139 ἢ

183 4178 273 4226 καὶ
310 4166 671 4240 προσεδρεύει
698 4166 885 4225 ποτοῖς
934 4164 1008 4225 ὡς
1033 4165 1101 4215 τὰ
1144 4162 1333 4214 πολλὰ.
1376 4160 1560 4213 Ταῦτα
1596 4163 1653 4213 ὲν
1680 4163 1755 4232 νῷ

185 4266 530 4335 στρέφοντες,
564 4260 754 4329 ὥσπερ
789 4258 1013 4326 ἔσχατον
1042 4255 1195 4309 αὐτοὶ
1234 4255 1589 4326 διεσάφησαν,
1630 4273 1756 4308 συν-

180 4356 383 4408 αντῶσί
432 4370 541 4405 τινι
600 4352 707 4403 τῶν
758 4350 991 4403 πολιτῶν
1024 4351 1119 4402 τοῦ
1164 4349 1286 4401 τότε
1320 4349 1754 4420 κομενταρησίου

181 4447 505 4515 τυγχάνοντι
560 4440 797 4510 ἀδελφῷ,
857 4441 951 4492 καὶ
1009 4440 1162 4490 τοῦδε
1190 4440 1666 4503 διαπυνθάνονται,
1704 4440 1760 4493 ετ

1840 611 2061 682 quidem
2087 610 2300 679 legibus
2323 609 2739 676 imperatorum,
2773 604 2953 659 verbis
2984 611 3164 656 autem
3197 600 3408 657 nostris

1841 717 2181 772 nequaquam
2219 700 2403 759 cessit,
2446 709 2503 752 et
2550 696 2658 751 diis
2682 695 2940 765 propitiis
2988 692 3165 747 noluit
3194 690 3410 744 sacriﬁ—

1840 809 1988 851 care.
2014 793 2109 846 sed
2140 791 2462 845 cruciﬁxum
2492 789 2673 858 potius
2699 786 2881 840 colere
2916 795 3172 853 tanquam
3202 780 3397 841 Deum,

1835 884 2001 954 jubeo
2030 892 2196 951 caput
2225 895 2356 934 ense
2380 876 2673 947 amputari.
2703 876 2768 929 Et
2796 876 2868 929 ita
2898 889 3024 927 eum
3066 878 3409 926 assuinentes

1841 974 2125 1032 satellites,
2158 987 2188 1026 e
2230 970 2479 1041 judiciali
2533 969 2777 1022 educunt
2831 962 3112 1018 tribunali.
3166 959 3405 1013 Victoria

1841 1074 2023 1119 autem
2073 1064 2301 1131 insignis
2353 1060 2556 1114 Christi
2607 1069 2833 1127 martyr,
2876 1054 3146 1123 gaudebat
3181 1049 3408 1119 quidem

1842 1169 2098 1225 tanquam
2153 1170 2261 1208 non
2314 1152 2381 1206 ad
2432 1161 2682 1208 mortem,
2729 1149 2823 1201 sed
2870 1147 2936 1200 ad
2985 1146 3151 1199 vitam
3203 1139 3413 1210 potius,

1841 1250 1984 1303 sicut
2028 1247 2193 1301 etiam
2243 1260 2433 1298 revera
2489 1243 2561 1295 ita
2611 1241 2890 1301 habebat,
2934 1235 3405 1306 proﬁcisceretur,

1844 1355 1967 1394 cum
1998 1338 2243 1406 petiisset
2272 1335 2340 1389 ab
2372 1334 2441 1387 iis
2482 1332 2575 1402 qui
2627 1332 2805 1400 ipsum
2852 1326 3220 1382 abduceba‘nt.
3266 1331 3327 1375 ut
3358 1318 3412 1372 ei

1844 1445 2033 1499 parum
2077 1426 2341 1495 temporis
2392 1423 2777 1484 concederent,
2828 1427 2978 1474 stans
3026 1414 3093 1469 ad
3140 1414 3412 1468 orientem

1844 1529 2097 1589 precatus
2123 1527 2240 1571 est:
2296 1515 2525 1569 Domine
2561 1513 2655 1573 mi,
2696 1512 2911 1572 dicens,
2966 1505 3195 1561 Domine
3244 1502 3410 1562 Deus,

1842 1611 1951 1664 cito
1974 1624 2059 1661 me
2089 1605 2423 1676 prmveniant
2453 1602 2834 1657 miserationes
2862 1609 2986 1662 tuae,
3014 1608 3068 1653 et
3096 1610 3241 1649 nunc
3267 1591 3415 1647 adsis

1842 1701 1976 1753 mihi
2026 1700 2263 1767 adjutor,
2320 1711 2387 1749 ne
2445 1694 2580 1749 mihi
2630 1692 2900 1762 malignus
2956 1688 3160 1756 aliquid
3218 1684 3414 1737 aﬂcrat

1845 1790 2218 1859 impedimenti
2268 1796 2494 1857 propter
2523 1800 2607 1849 ea,
2639 1800 2759 1853 qua:
2810 1783 2864 1836 in
2920 1776 3234 1848 insipientia
3277 1774 3415 1829 mihi

1844 1889 2242 1951 praecesserunt
2270 1887 2529 1947 peccata:
2568 1873 2665 1929 sed
2700 1872 2920 1940 suscipe
2949 1871 3187 1924 animam
3236 1879 3417 1919 meam

1843 1972 1895 2023 in
1931 1986 2082 2039 pace,
2112 1982 2167 2024 et
2198 1971 2341 2023 inter
2369 1982 2483 2030 eos,
2524 1964 2623 2037 qui
2672 1979 2774 2034 pro
2815 1971 2868 2017 te
2912 1960 3233 2030 sanguinem
3270 1955 3416 2010 εσυ-

1842 2062 2062 2124 derunt,
2094 2070 2151 2113 et
2177 2061 2337 2113 iidem
2366 2072 2537 2127 usque
2572 2057 2638 2110 ad
2683 2055 2846 2107 finem
2871 2056 3293 2108 conservarunt,
3331 2060 3419 2098 me

1842 2168 2062 2224 quoque
2098 2152 2421 2207 adnumera.
2458 2148 2653 2202 Libera
2678 2155 2861 2201 autem
2906 2152 3000 2196 tuo
3039 2152 3258 2209 quoque
3295 2148 3420 2205 pre—

1844 2247 1984 2299 tioso
2012 2244 2275 2312 sanguine
2309 2240 2640 2309 acquisitum
2670 2250 2911 2307 gregem,
2949 2243 3103 2287 tuum
3133 2227 3419 2299 p0pulum,

1846 2337 1918 2389 mi
1966 2333 2206 2393 Christe,
2260 2330 2622 2401 peculiarem,
2678 2327 2747 2379 ab
2808 2323 2956 2378 omni
3018 2320 3301 2388 impietate
3364 2328 3423 2370 et

1844 2441 2031 2481 errore
2064 2425 2352 2494 gentilium
2390 2439 2404 2477 :
2460 2421 2721 2491 quoniam
2761 2431 2823 2471 es
2864 2414 3188 2469 benedictus
3216 2419 3271 2463 et
3308 2424 3423 2461 ma-

1845 2534 1985 2572 nens
2018 2518 2072 2570 in
2095 2515 2317 2571 saecula.
2354 2513 2477 2568 llaec
2505 2519 2588 2566 est
2619 2518 2894 2581 precatus,
2919 2516 2975 2560 et
3007 2518 3199 2574 preces
3234 2501 3427 2555 statim

1844 2608 1993 2663 en'sis
2038 2616 2122 2661 est
2170 2615 2524 2667 consecutus,
2575 2616 2631 2656 et
2674 2607 3023 2668 amputatum
3082 2594 3187 2648 fuit
3256 2597 3425 2659 caput

1846 2700 2241 2756 venerandum.
2275 2696 2425 2751 Facit
2448 2704 2632 2748 autem
2663 2693 2752 2746 hic
2781 2705 2999 2761 quoque
3036 2688 3178 2741 Deus
3199 2681 3426 2753 aliquod

1848 2796 2199 2857 miraculum,
2221 2801 2277 2848 et
2308 2794 2629 2863 sanguinem
2666 2804 2789 2843 cum
2823 2788 2963 2841 lacte
2997 2781 3127 2837 facit
3158 2779 3327 2832 ﬂuere
3356 2790 3427 2829 ex

1848 2889 2074 2942 vulnere
2107 2903 2119 2939 :
2150 2886 2288 2939 adeo
2324 2896 2383 2937 ut
2429 2884 2518 2936 ille
2560 2880 2783 2950 quidem
2836 2884 2986 2931 esset
3031 2880 3266 2929 naturae,
3320 2867 3430 2925 hoc

1848 2993 1982 3034 vero
2008 2978 2110 3047 pie
2142 2975 2307 3029 ﬁdei:
2343 2983 2401 3028 et
2444 2974 2523 3029 sic
2574 2968 2922 3027 miraculum,
2967 2962 3113 3034 quod
3165 2970 3425 3029 magnum

1850 3072 2029 3123 visum
2054 3078 2174 3123 erat
2196 3067 2261 3121 ad
2304 3076 2612 3135 stuporem,
2641 3062 2817 3130 majus
2850 3057 2953 3111 fuit
2983 3054 3051 3109 ad
3088 3052 3381 3107 utilitatem
3409 3065 3423 3101 :

1776 3196 1818 3253 ο
1852 3160 1995 3230 quod
2033 3158 2347 3227 quingentis
2386 3165 2443 3209 et
2482 3152 2876 3223 quinquaginta
2934 3146 3068 3199 viris
3115 3139 3431 3197 inﬁdelibus

1846 3252 2151 3320 .persuasit,
2197 3259 2254 3302 ut
2294 3248 2577 3302 Christum
2624 3250 3013 3312 sequerentur,
3062 3244 3119 3291 et
3177 3244 3427 3287 errorem

1854 3346 2278 3401 simulacrorum
2313 3343 2694 3396 abominantes
2731 3339 3130 3428 relinquerent.

1927 3439 2018 3493 XI.
2063 3438 2162 3491 Hie
2200 3436 2302 3491 fuit
2340 3436 2520 3491 exitus
2557 3433 2683 3487 vitae
2730 3418 3015 3484 Bonifacii.
3051 3427 3131 3479 ita
3165 3420 3311 3491 quod
3348 3418 3425 3473 illi

1856 3542 2060 3585 temere
2109 3535 2337 3581 venerat
2388 3528 2441 3577 in
2488 3534 2746 3581 mentem,
2797 3521 3012 3588 aeeepit
3059 3530 3184 3570 eum
3238 3513 3429 3575 tinem,

1853 3634 2014 3689 quem
2058 3618 2171 3687 ipse
2218 3614 2566 3686 praedixerat.
2620 3610 2723 3677 Qui
2751 3620 2933 3664 autem
2974 3622 3100 3663 eum
3166 3621 3235 3662 eo
3278 3603 3431 3659 missi

1855 3711 2071 3767 fuerant
2100 3710 2165 3767 ad
2193 3708 2516 3779 quarendas
2543 3704 2825 3773 reliquias,
2859 3703 2974 3756 hzec
3011 3699 3237 3769 quidem
3278 3696 3434 3767 igno-

1854 3813 2064 3864 rantes,
2104 3811 2273 3853 totam
2318 3813 2451 3851 vero
2489 3797 2770 3849 civitatem
2822 3794 3113 3852 obeuntes,
3167 3789 3431 3857 quoniam

1854 3900 2165 3963 quaerentes
2210 3889 2389 3960 ipsum
2435 3901 2545 3940 non
2594 3883 2972 3945 inveniebant,
3022 3890 3278 3950 putantes
3301 3893 3428 3932 eum

1855 4001 1964 4040 non
2007 3982 2274 4054 pulchris,
2326 3990 2379 4033 ut
2417 3979 2647 4039 solebat,
2705 3990 2929 4044 operam
2965 3974 3099 4027 dare
3139 3967 3435 4038 voluptati-

1856 4078 2004 4129 bus:
2049 4076 2213 4130 Certe
2272 4073 2363 4126 ille
2418 4069 2718 4141 (dicebant
2775 4064 2918 4134 apud
2977 4065 3071 4129 se)
3128 4062 3290 4115 modo
3345 4058 3432 4113 vel

1855 4166 2079 4219 omnino
2123 4163 2233 4217 coit
2287 4159 2636 4220 mulieribus,
2686 4168 2784 4209 aut
2815 4157 2869 4207 in
2918 4155 2983 4207 iis
3008 4152 3145 4207 locis
3196 4150 3431 4213 desidet,

1857 4260 1916 4314 ut
1940 4257 1994 4311 id
2032 4270 2221 4325 magna
2251 4268 2318 4307 ex
2361 4261 2515 4321 parte
2546 4249 2698 4304 facit.
2747 4246 2873 4301 Haec
2901 4246 3087 4298 animo
3126 4250 3431 4306 versantes,

1857 4360 1919 4407 ut
1971 4349 2073 4420 ipsi
2114 4355 2395 4419 postremo
2444 4344 2819 4412 explicarunt,
2868 4346 3172 4394 occurrunt
3211 4336 3431 4390 cuidam

1857 4445 1985 4509 civi,
2018 4443 2110 4512 qui
2145 4451 2263 4495 erat
2297 4439 2467 4493 frater
2491 4431 3040 4491 Commentariensis,
3081 4440 3138 4483 et
3184 4445 3310 4482 eum
3353 4428 3436 4481 in-

178 4556 296 4591 τινα
332 4538 435 4590 ῑδοι
468 4534 641 4602 (ξένον
681 4530 995 4600 Ῥωμαῖον).
1029 4530 1100 4602 (c)
1129 4527 1292 4582 Ξένον
1326 4533 1424 4598 μέν
1449 4550 1593 4596 τινα,
1619 4533 1747 4598 ἑφα-

1861 4542 2164 4603 terrogant.
2213 4546 2280 4583 an
2352 4528 2581 4581 vidisset
2649 4525 2890 4594 aliquem
2960 4520 3235 4589 hospitem
3304 4519 3435 4571 illuc

182 4648 299 4695 ou,
328 4630 431 4700 τὴν
453 4625 613 4697 χορὸς
638 4628 696 4677 ὲν
719 4624 797 4693 τῷ
822 4623 1018 4693 σταδίῳ
1051 4623 1143 4675 τὸν
1184 4622 1519 4693 μαρτυρικδν
1565 4624 1754 4688 ἀγῶνα

180 4720 633 4789 διαγωνίσασθαι,
665 4718 759 4769 καὶ
781 4715 925 4781 ξίφει
947 4715 1295 4782 τελειωθῆναι
1315 4732 1330 4747 υ
1365 4713 1530 4784 μηδὲν
1557 4714 1611 4767 δὲ
1644 4730 1754 4782 μη-

181 4816 328 4867 δὲπω
385 4810 634 4878 ἀκριϐῶς
680 4804 903 4871 εἰδέναι,
934 4808 979 4856 ει
1012 4807 1106 4856 καὶ
1131 4799 1285 4864 οὗτος
1314 4806 1477 4869 αὐτὸς
1504 4808 1531 4859 ὀ
1562 4804 1756 4876 ζητού.

187 4922 368 4973 μενος,
400 4900 542 4952 Ἀλλ’
569 4899 763 4952 εἴπατέ
806 4915 915 4967 μοι,
967 4898 1150 4967 φησὶν,
1193 4897 1375 4959 ὁποῖός
1406 4898 1489 4960 τίς
1512 4901 1627 4951 ἐστι
1663 4898 1751 4952 καὶ

182 5000 277 5069 τὴν
307 4996 453 5064 δψιν,
485 4992 577 5045 καὶ
608 4992 731 5043 τίνα
758 4990 814 5043 δὲ
844 4992 912 5042 τὰ
934 4990 1238 5059 παράσημα
1276 4990 1375 5059 τῆς
1402 4989 1636 5069 μορφῆς,
1671 4991 1728 5042 ὀ

184 5057 247 5143 δὲ.
280 5057 483 5141 ἐκεῖνοι
510 5086 655 5151 λόγῳ
682 5083 775 5133 τὸν
826 5083 993 5151 ἄνδρα
1015 5057 1400 5149 διζωγράρουν.
1432 5082 1514 5133 ὅτι
1549 5057 1613 5132 τὸ⁵
1654 5083 1753 5147 μὲν

186 5182 343 5251 σῶμα
374 5180 527 5247 αὑτῷ
565 5174 763 5246 βραχὺ,
810 5173 979 5240 ξανθὴ
1019 5172 1076 5225 δὲ
1108 5173 1141 5241 ἡ
1167 5170 1290 5241 θρὶξ
1321 5175 1412 5225 καὶ
1452 5170 1622 5226 τᾶλλα
1656 5175 1756 5227 ὅσα

187 5272 593 5344 γαρακτηρίσαι
628 5266 946 5334 Βονιςιάτιον
977 5265 1156 5318 ἱκανά·
1184 5259 1353 5325 Οὗτος
1381 5268 1604 5329 ἐκεῖνος,
1631 5265 1757 5333 ἔθνη,

187 5366 241 5417 ὃν
281 5368 437 5434 ὑμεῖς
480 5361 718 5427 ζητεῖτε,
757 5353 919 5417 οὗτος
976 5356 1105 5426 ἄρα,
1135 5357 1231 5409 καὶ
1278 5356 1433 5418 ἄλλος
1468 5358 1659 5419 οὐδείςε
1695 5359 1758 5410 Oi

190 5459 243 5511 δὲ
268 5458 366 5527 τὴν
400 5456 500 5526 μὲν
563 5450 737 5520 ἀρχὴν
784 5448 1258 5517 διηπίστουνκκαὶ
1312 5448 1619 5515 ἢτατῆσθαι
1670 5450 1759 5502 τὸν

192 5550 351 5620 ἀνδρα
406 5547 579 5617 ᾤοντο
604 5559 619 5575 ⁸
660 5542 731 5593 ΣΞ)
766 5542 822 5591 δὲ
856 5539 1169 5609 Βονιιράτιον
1218 5541 1451 5605 ἀγνοεῖς,
1487 5540 1757 5607 λέγοντες,

262 5694 329 5755 lb)
367 5690 522 5749 Hunc
573 5700 868 5741 numerum
924 5684 1068 5739 unde
1113 5685 1384 5755 acceperit
1449 5684 1754 5753 Metaphra-

195 5772 297 5880 ste?
326 5764 534 5843 nescio,
585 5758 785 5812 Latina
845 5755 1015 5808 solum
1063 5754 1343 5810 indeﬁnite
1374 5756 1564 5811 dicunt
1605 5759 1750 5825 quod

194 5848 270 5884 mu
298 5844 347 5884 (ιη

1852 4625 2224 4680 accedentem.
2288 4619 2384 4673 ille
2436 4626 2620 4671 autem
2665 4615 2903 4674 dicebat,
2965 4612 3082 4665 beri
3138 4610 3432 4679 quemdam

1854 4719 2124 4787 hospitem
2168 4716 2221 4767 in
2254 4712 2430 4765 stadio
2467 4709 2819 4776 martyricum
2861 4705 3176 4757 deeertasse
3257 4710 3439 4754 certa-

1856 4830 2003 4877 men,
2040 4820 2095 4866 et
2118 4823 2247 4861 ense
2278 4807 2445 4859 fuisse
2482 4810 2924 4858 consummatum
2968 4816 2980 4851 :
3032 4812 3091 4852 se
3142 4811 3273 4850 vero
3323 4810 3433 4848 non

1857 4916 2009 4960 certo
2038 4904 2197 4962 scire,
2232 4917 2298 4954 an
2335 4900 2380 4952 is
2409 4898 2498 4959 sit,
2550 4896 2643 4965 qui
2696 4895 2765 4948 ab
2804 4894 2884 4946 eis
2928 4898 3289 4958 quaereretur.
3328 4886 3434 4940 Sed

1862 4999 2025 5054 dicite
2053 4995 2205 5056 mihi,
2238 4993 2431 5061 inquit,
2462 4990 2767 5058 qualisnam
2813 4991 2896 5037 est
2922 4989 3165 5050 aspectu,
3219 4986 3275 5032 et
3314 4993 3437 5046 qua:

1861 5096 1989 5146 sunt
2019 5088 2137 5157 ejus
2160 5086 2343 5139 formae
2380 5078 2645 5149 insignia?
2674 5076 2809 5131 Cum
2838 5082 3019 5127 autem
3047 5072 3121 5124 illi
3157 5071 3433 5123 hominem

1860 5180 2045 5235 verbis
2091 5178 2487 5234 describerent,
2546 5186 2743 5239 nempe
2790 5165 2934 5235 quod
2994 5164 3161 5216 breve
3211 5161 3434 5230 quidem

1856 5281 2001 5326 esset
2024 5272 2072 5325 ei
2099 5282 2319 5334 corpus,
2356 5264 2478 5318 navi
2511 5276 2641 5315 vero
2672 5258 2878 5326 capilli,
2923 5264 2977 5309 et
3003 5255 3107 5307 alia
3132 5267 3255 5320 quae
3298 5250 3434 5305 satis

1856 5372 2013 5416 erant
2035 5360 2099 5414 ad
2130 5355 2541 5427 exprimendam
2574 5352 2804 5406 fortnam
2849 5344 3110 5405 Bonifacii
3142 5360 3155 5395 :
3209 5342 3307 5396 llic
3351 5350 3435 5395 est

1860 5455 1972 5515 ille,
2029 5451 2226 5517 inquit,
2286 5462 2447 5519 quem
2504 5459 2600 5497 vos
2662 5439 2925 5511 quaeritis.
2992 5438 3074 5491 Illi
3143 5448 3327 5489 autem
3376 5434 3431 5487 in

1860 5546 2016 5598 initio
2062 5543 2285 5613 quidem
2354 5554 2461 5593 non
2513 5534 2838 5598 credebant,
2886 5541 2941 5587 et
2991 5543 3119 5583 eum
3164 5526 3437 5595 putabant

1934 5688 2282 5755 (ciDecrant.
2327 5683 2441 5736 lucc
2507 5678 2783 5749 ecgrapho
2840 5684 3053 5739 nostro,
3106 5686 3172 5725 ex
3234 5666 3431 5721 L‘atina

1863 5758 2117 5814 versione
2148 5755 2419 5825 suppleta.
