3966 6446
536 365 645 433 259

1867 369 2149 430 MENSIS
2181 370 2444 431 MAIUS.

3667 360 3783 428 1'60

534 476 701 539 citur,
742 484 963 531 interna:
1013 475 1139 531 vita
1203 483 1407 531 sortem
1468 474 1760 546 percipiet.
1826 476 1981 530 Tune
2021 478 2096 530 ait

2204 477 2625 545 προστάγματος
2655 475 2819 528 αὐτοῦ
2843 475 2936 528 καὶ
2976 474 3253 530 ὲπίθοσον.
3286 474 3346 528 '0
3382 476 3535 544 ἅγιος
3568 476 3783 544 Βίκτωρ

536 568 647 621 dux
682 584 695 620 :
730 568 866 624 Cum
911 568 1262 637 imperatoris
1302 568 1476 622 nostri
1526 569 1684 622 miles
1730 567 1826 627 sis.
1884 567 2099 620 obtem-

533 675 660 728 pera
694 659 1047 727 imperatoris
1076 661 1281 721 edicto,
1328 669 1383 711 et
1412 660 1519 712 diis
1540 660 1820 713 sacrifica.
1872 659 1951 712 Ad
1988 660 2101 711 lucc

531 753 817 818 respondit
866 762 1085 805 sanctus
1129 752 1315 804 Victor
1370 750 1467 804 :Si
1526 767 1624 818 ego
1677 767 1787 820 quo
1850 761 2095 819 tempore

532 841 634 898 sub
677 842 1006 909 imperatore
1046 840 1371 900 militabam,
1423 850 1551 893 tunc
1593 840 1757 893 etiam
1792 840 2021 893 Domino
2048 849 2100 892 et

534 930 642 982 Deo
675 947 797 988 meo
826 932 1042 984 occulte
1085 931 1416 994 serviebam,
1454 931 1733 999 quomodo
1777 945 1923 983 nunc
1952 946 2100 981 corn-

533 1024 753 1076 mittere
786 1040 1034 1092 possum,
1096 1035 1156 1077 ut
1186 1026 1279 1077 illo
1330 1024 1625 1087 derelicto,
1687 1025 1849 1077 idolis
1904 1023 2101 1076 vestris

2194 563 2379 618 εἶπεν·
2421 570 2527 619 Καὶ
2561 569 2648 619 ὅτε
2702 567 2851 635 αὐτῷ
2906 569 3316 637 ἐστρατευόμην
3382 570 3475 620 καὶ
3519 568 3585 619 τὰ
3610 569 3781 620 αὑτοῦ

2196 660 2481 728 ἐφρόνουν,
2542 660 2735 729 Κυρίῳ
2766 658 2841 727 τῷ
2881 658 3003 727 Θεῷ
3036 676 3138 727 μου
3169 662 3224 710 ἐν
3254 660 3330 727 τῷ
3375 661 3604 728 κρυπτῷ
3659 664 3781 711 ἐλα-

2192 768 2409 818 τρέυον,
2444 753 2533 802 καὶ
2564 751 2660 802 νῦν
2702 752 2758 801 οὐ
2786 751 3023 818 δύναμαι
3090 751 3415 818 καταλείῴαι
3471 752 3636 803 αὐτὸν
3685 751 3783 802 καὶ

2196 842 2435 903 εἰδώλοις
2485 845 2740 894 ἐπιθύσαι
2765 858 2781 877 ο
2830 843 2974 895 ποίει
2997 840 3089 896 οὖν
3117 843 3144 894 ὃ
3175 842 3351 904 Θέλεις
3386 843 3465 903 είς
3505 844 3607 909 ὲμὲ
3632 859 3644 870 ’
3684 843 3781 893 τοῦ

2201 934 2298 1001 μὲν
2328 935 2434 1001 γὰρ
2476 934 2723 1001 σώματος
2763 953 2863 1002 μου
2898 936 3147 999 ἐξουσίαν
3198 935 3363 1003 ἔχεις,
3393 937 3489 1002 τῆς
3520 934 3577 985 δὲ
3600 933 3781 1001 ψυχῆς

2197 1028 2223 1075 ὁ
2250 1025 2381 1086 Θεὸς
2421 1026 2602 1088 μόνος,
2629 1027 2656 1077 ὸ
2686 1027 2984 1092 δυνάμενος
3014 1026 3182 1077 σῶσαι
3225 1028 3317 1077 καὶ
3345 1022 3636 1077 ἀπολέεταί.

530 1114 871 1169 sacrificent?
923 1115 1111 1182 Itaque
1162 1114 1249 1167 fac
1296 1115 1563 1183 quidquid
1594 1115 1748 1166 libet.
1790 1114 1867 1165 En
1899 1127 2100 1179 corpus
2142 1128 2325 1169 meum
2396 1116 2450 1167 in
2488 1129 2652 1167 manu
2698 1124 2789 1168 tua
2836 1124 2921 1169 est
2954 1134 2966 1169 :
3004 1116 3201 1169 anima:
3244 1130 3377 1168 vero
3446 1122 3777 1182 potestatem

532 1208 675 1264 Deus
705 1207 886 1271 habet,
947 1209 1039 1276 qui
1070 1208 1303 1260 salutem
1331 1218 1386 1261 et
1419 1209 1631 1259 ruinam
1666 1206 1864 1259 aerrre
1888 1214 2089 1274 potest.

598 1307 663 1360 ll.
694 1306 831 1359 Tum
870 1304 978 1358 dux
1020 1304 1109 1357 ille
1140 1320 1152 1354 :
1189 1302 1363 1355 Video
1398 1310 1449 1353 te
1482 1302 1651 1353 multa
1684 1300 1957 1368 sapientia
2004 1315 2093 1351 or-

531 1407 738 1457 natum,
764 1410 941 1463 eaque
971 1394 1025 1445 in
1057 1390 1437 1459 respondendo
1467 1389 1625 1441 valde
1654 1398 1919 1441 utentem.
1956 1387 2091 1449 Mea,

532 1489 713 1557 inquit
746 1488 954 1543 Vit-tor.
986 1482 1251 1551 sapientia
1288 1496 1397 1533 non
1426 1491 1509 1534 est
1537 1496 1601 1534 ex
1635 1496 1741 1543 me,
1802 1479 1895 1533 Sed
1952 1479 2095 1531 Deus

530 1595 686 1633 meus
720 1580 863 1630 illam
909 1576 1040 1628 mihi
1079 1575 1335 1629 contulit.
1362 1573 1440 1626 Ad
1476 1573 1591 1627 haec
1622 1587 1861 1640 praeses:
1901 1572 2097 1623 Libera

530 1672 764 1738 teipsum
830 1687 858 1721 a
918 1666 1106 1719 multis
1151 1664 1510 1721 cruciatibus,
1546 1674 1603 1715 et
1659 1664 1766 1716 diis
1826 1660 2094 1715 sacrifica.

528 1761 787 1825 Qu—inimo
845 1759 1126 1817 libenter,
1203 1754 1383 1821 inquit

528 1852 776 1921 quemvis
801 1849 997 1917 patiar.
1036 1863 1102 1901 ne
1131 1846 1403 1899 sacriﬁcia
1434 1846 1558 1899 talia
1596 1844 1823 1897 efferam
1864 1862 1876 1896 :
1910 1844 2001 1897 sed
2037 1855 2094 1897 et

528 1948 663 2005 illud
696 1944 1310 2009 aflirmo,vebementer
1362 1958 1446 1995 me
1492 1943 1750 2012 gaudere,
1804 1941 1949 2010 quod
2004 1941 2091 1993 di-

527 2055 668 2112 gnus
704 2040 880 2093 factus
903 2038 1026 2099 siin,
1060 2037 1150 2104 qui
1190 2050 1287 2104 pro
1320 2035 1523 2087 Christi
1562 2034 1783 2085 nomine
1820 2043 2092 2083 tormenta

528 2135 725 2203 patiar,
762 2140 816 2183 et
840 2129 1049 2183 ccclesti
1087 2130 1177 2180 illo
1208 2128 1353 2195 Rege
1402 2124 1508 2177 frui
1557 2138 1795 2190 Spercm.
1839 2122 1915 2174 Ad
1982 2122 2095 2175 haec

526 2224 639 2275 dux
677 2222 763 2273 ille
800 2238 813 2273 :
848 2218 1106 2286 Nunquid
1146 2216 1587 2271 Christianorum
1632 2213 1888 2267 sacerdos
1916 2229 1976 2267 es
2012 2224 2093 2275 tu,

528 2314 624 2382 qni
660 2323 767 2365 tam
805 2296 1106 2380 prudenter
1136 2308 1299 2363 nobis
1336 2308 1679 2376 respondes?
1727 2306 1860 2371 lloc,
1918 2306 2097 2373 inquit

528 2399 737 2468 Victor,
769 2418 995 2455 munere
1023 2401 1278 2469 indignus
1303 2415 1423 2452 sum
1457 2413 1580 2466 ego,
1631 2397 1725 2449 sed
1756 2396 1959 2450 Christi
1989 2396 2095 2449 mei

529 2495 702 2564 gratia
733 2508 818 2545 me
849 2493 1011 2545 talem
1043 2490 1228 2545 effecit
1263 2506 1277 2541 :
1311 2490 1425 2542 [rrec
1460 2488 1610 2541 enim
1645 2487 1749 2550 his,
1803 2486 1897 2554 qui
1942 2494 2097 2540 rcclo

531 2585 697 2640 corde
729 2592 875 2646 sunt,
904 2590 960 2637 et
992 2581 1198 2635 Christi
1232 2581 1487 2635 mandata
1522 2580 1845 2643 observant,
1879 2580 2097 2647 sapien-

532 2676 743 2729 tiamet
787 2676 1032 2727 omnium
1072 2675 1338 2727 bonarum
1381 2688 1563 2725 rerum
1606 2673 1817 2741 copiam
1867 2688 1934 2724 ex
1982 2670 2096 2723 suis

533 2769 641 2821 illis
703 2766 1013 2821 immensis.
1048 2765 1259 2820 divitiis
1314 2766 1562 2834 largitur.
1622 2762 2097 2828 Quemadmodum

529 2861 674 2916 enim
706 2860 939 2927 agricola
972 2861 1086 2927 ipse
1115 2873 1239 2909 cum
1277 2866 1482 2908 terram
1515 2856 1669 2916 colit,
1701 2860 1947 2923 paratam
1972 2869 2092 2907 eam

533 2952 711 3005 reddit
740 2951 807 3003 ad
834 2950 1048 3003 fructus
1079 2947 1335 3001 ferendos
1370 2947 1495 2999 :-ita
1527 2956 1577 2999 ct
1610 2946 1703 2999 Dei
1732 2946 2000 3015 sapientia
2031 2960 2097 3000 ac

530 3043 702 3112 gratia
733 3056 827 3095 eos
866 3057 893 3093 a
924 3040 1126 3110 quibus
1176 3040 1524 3101 observalur,
1565 3038 1755 3102 fortes,
1797 3040 2094 3106 sapientes,

2266 1298 2341 1351 θ’.
2378 1299 2543 1366 Λέγει
2570 1300 2720 1369 αὐτῷ
2754 1303 2781 1353 ὁ
2822 1302 2981 1366 δούξ·
3027 1302 3168 1370 Ὀρῶ
3218 1318 3275 1356 σε
3310 1305 3368 1355 ἐν
3402 1307 3466 1372 τῇ
3505 1305 3782 1375 ἀπολογία

2195 1408 2287 1442 σου
2315 1390 2516 1459 πολλὴν
2550 1394 2742 1459 σοφίαν
2767 1396 3148 1462 περικείμειον
3170 1411 3182 1424 ·
3217 1396 3416 1462 σκέψαι
3448 1393 3542 1449 οὖν
3562 1398 3624 1448 τὸ
3645 1416 3784 1463 συμ-

2195 1483 2379 1552 φέρον.
2408 1484 2469 1535 '0
2500 1482 2653 1549 ἅγιος
2684 1483 2897 1552 Βίκτωρ
2928 1484 3110 1551 λέγει·
3187 1487 3233 1538 H
3263 1488 3368 1555 ἐμὴ
3406 1491 3592 1555 σοφία,
3625 1480 3670 1538 ὧ
3701 1490 3784 1540 δι-

2194 1575 2391 1637 καστὰ,
2415 1576 2515 1626 οὐκ
2547 1575 2694 1625 ἔστιν
2721 1574 2779 1636 ἐξ
2804 1575 2956 1641 ὲμοῦ,
2992 1576 3106 1626 ἀλλ’
3128 1578 3153 1627 6
3175 1577 3306 1641 Θεὸς
3332 1598 3432 1647 μου
3460 1581 3782 1650 ἐδωρήσατὸ

2199 1684 2289 1734 μοι
2325 1668 2518 1734 αὐτήν.
2594 1665 2650 1716 Ὀ
2689 1665 2816 1728 ὃοίδξ
2878 1666 3060 1733 λέγει·
3139 1667 3329 1721 Ῥύσαι
3392 1675 3622 1723 σεαυτὸν
3666 1676 3782 1725 ἀπὸ

1484 1754 1666 1806 Victor
1686 1792 1701 1815 ,
1786 1752 2091 1805 cruciatum

2204 1758 2411 1809 πολλῶν
2457 1757 2727 1825 βασάνων,
2790 1759 2884 1809 καὶ
2918 1759 3231 1828 προσελθὼν
3268 1759 3430 1814 θῦσον
3464 1765 3575 1825 τοῖς
3607 1763 3777 1825 θεοῖς.

2208 1849 2267 1901 '0
2302 1850 2452 1917 ἅγιος
2504 1851 2716 1920 Βίκτωρ
2750 1847 2931 1902 εἶπεν·
3005 1852 3147 1917 Ἐγὼ
3191 1853 3329 1921 ὑπὲρ
3370 1853 3463 1906 τοῦ
3507 1855 3582 1922 μὴ
3613 1854 3783 1907 θῦσαι

2200 1941 2369 2009 ήδέως
2414 1941 2773 2009 βασανίζομαι
2806 1943 2900 1993 καὶ
2932 1942 3092 1993 πλέον
3129 1945 3539 2012 διισχυρίζομαι
3569 1948 3783 2012 διαγω-

2200 2029 2501 2099 νιζόμενος,
2545 2033 2625 2084 ὅτι
2688 2032 3038 2101 κατηξιώοῃν
3095 2034 3235 2101 ὑπὲρ
3268 2035 3359 2086 τοῦ
3392 2038 3649 2102 ὀνόματος
3682 2038 3782 2089 τοῦ

2200 2124 2433 2192 Χριστοῦ
2488 2125 2880 2193 βασανισθῆναι
2939 2126 3032 2177 καὶ
3087 2128 3167 2187 εὶς
3220 2127 3318 2193 τὴν
3343 2127 3785 2196 ἀγαυὴνέλπίδα

2196 2215 2373 2267 ἐλθεῖν
2427 2216 2518 2267 τοῦ
2576 2216 2848 2279 Βασιλέως
2906 2218 3012 2269 τῶν
3066 2219 3332 2286 οὐρανῶν.
3394 2220 3551 2285 Λέγει
3580 2222 3786 2288 αὑτῷὁ

2197 2307 2352 2371 ὃούξ’
2382 2306 2467 2375 Μὴ
2501 2310 2674 2376 ἱερεὺς
2709 2305 2759 2360 εἴ
2788 2311 2895 2359 τῶν
2923 2312 3287 2377 Χριστιανῶν,
3321 2313 3404 2364 ὅτι
3438 2313 3609 2376 οὕτως
3642 2331 3783 2365 συν-

2199 2400 2332 2460 ετῶς
2365 2401 2669 2468 ἀποκρίνῃ
2709 2401 2767 2452 Ὀ
2789 2401 2942 2467 ἅγιος
2988 2402 3200 2471 Βίκτωρ
3236 2401 3421 2456 εἶπεν·
3462 2406 3606 2472 Ἐγὼ
3641 2410 3783 2461 ταύ-

2199 2507 2295 2559 της
2326 2491 2424 2559 τῆς
2462 2492 2725 2561 μεγίστης
2753 2495 2973 2563 χάριτος
3003 2495 3093 2546 καὶ
3120 2494 3327 2561 δωρεὰς
3376 2498 3592 2561 ἀνάξιός
3634 2504 3782 2569 εἰμι·

2199 2587 2231 2653 ὴ
2279 2584 2335 2636 δὲ
2375 2585 2469 2636 τοῦ
2509 2587 2746 2655 Χριστοῦ
2793 2605 2893 2656 μου
2941 2588 3099 2659 χάρις
3152 2591 3327 2659 ἠγαγέ
3360 2608 3426 2660 με
3459 2595 3538 2652 είς
3568 2592 3732 2646 τοῦτο
3762 2603 3786 2623 ⁸

2200 2674 2337 2742 αὕτη
2369 2678 2478 2745 γάρ
2514 2678 2663 2727 ὲστιν
2704 2680 2737 2746 ἡ
2771 2680 3087 2748 παρέχουσα
3122 2686 3232 2744 τοῖς
3266 2684 3447 2747 εὐθέσι
3480 2688 3543 2754 τῇ
3577 2685 3787 2757 καρδία.

2200 2765 2297 2818 καὶ
2329 2770 2438 2829 τοῖς
2470 2767 2803 2835 φυλάσσουσι
2826 2772 2921 2832 τὰς
2956 2772 3171 2834 ἐντολὰς
3206 2775 3297 2825 τοῦ
3320 2777 3556 2842 Χριστοῦ
3584 2782 3784 2846 σοφίαν

2200 2859 2296 2911 καὶ
2340 2858 2557 2912 σύνεσιν
2596 2862 2849 2931 μετέχειν
2890 2866 3092 2925 παντὸς
3126 2865 3333 2930 ἀγαθοῦ
3358 2883 3371 2896 ·
3420 2856 3608 2938 ὥσπερ
3664 2874 3783 2941 γὰρ

2200 2951 2445 3019 γεωργὸς
2478 2951 2819 3019 καλλιεργῶν
2855 2952 3021 3005 αὑτοῦ
3054 2955 3151 3024 τὴν
3177 2957 3278 3024 γῆν
3302 2958 3578 3025 ἐτοιμάζει
3606 2961 3784 3028 αὐτὴν

2201 3042 2278 3101 εἷς
2318 3043 2718 3112 καρποφορίαν,
2752 3044 2924 3107 οὕτως
2952 3046 3045 3097 καὶ
3073 3048 3103 3115 ἡ
3136 3048 3227 3099 τοῦ
3265 3049 3397 3101 Θεοῦ
3448 3052 3607 3116 σοφία
3648 3054 3787 3115 τοὺς

527 3147 590 3189 ac
620 3132 755 3186 tales
782 3129 983 3192 reddit,
1007 3130 1101 3198 qui
1131 3130 1241 3182 Deo
1265 3129 1367 3196 ipsi
1398 3128 1633 3180 fructum
1666 3126 1809 3181 ferre
1843 3129 2054 3196 possint
2081 3144 2093 3179 :

2205 3124 2521 3196 ἐλπίζοντας
2572 3136 2652 3196 εἰς
2685 3135 2859 3204 αὐτὴν
2918 3136 3229 3207 ὲνδυναμοῖ,
3289 3138 3382 3190 καὶ
3419 3142 3645 3207 σοφίζει,
3683 3145 3787 3195 καὶ

529 3238 711 3286 neque
747 3222 1039 3291 permittit,
1092 3231 1147 3274 ut
1182 3219 1249 3274 ab
1298 3218 1551 3273 hostibus
1596 3218 1842 3288 superari
1873 3225 2094 3289 queant.

600 3399 694 3454 Ill.
737 3400 875 3453 Tum
925 3399 1035 3453 dux
1094 3398 1172 3451 ait
1212 3418 1223 3450 :
1262 3398 1401 3450 Num
1454 3406 1507 3451 tu
1563 3397 1699 3451 mori
1767 3397 2101 3452 decrevisti?

530 3488 834 3560 Respondit
891 3490 1079 3551 Victor
1128 3507 1141 3542 :
1193 3490 1516 3559 Hujusmodi
1579 3506 1726 3546 mors
1781 3490 1870 3542 his
1929 3491 2099 3542 vitam

530 3583 815 3646 conciliat,
840 3583 933 3652 qui
967 3581 1158 3636 brevia
1190 3583 1304 3636 haec
1338 3590 1608 3636 tormenta
1656 3581 1873 3634 fortiter
1912 3580 1980 3633 ad
2009 3597 2102 3634 ex-

535 3682 772 3725 tremum
827 3683 1000 3740 usque
1039 3672 1345 3740 perferunt.
1396 3671 1475 3723 Ad
1512 3671 1627 3724 hmc
1657 3670 1766 3724 dux
1801 3671 1887 3723 ille
1922 3687 1934 3722 :
1968 3670 2101 3724 Sen-

535 3764 839 3815 tentiamne
895 3765 1055 3815 istam
1101 3766 1312 3816 tirmam
1363 3763 1576 3817 babes?
1626 3763 1877 3824 Maxime,
1920 3762 2102 3831 inquit

531 3853 740 3906 Victor.
802 3853 940 3906 Tum
1007 3848 1114 3907 dux
1173 3849 1470 3923 digitorum
1523 3853 1756 3906 Victoris
1811 3867 2101 3920 compages

531 3958 783 4011 eousque
817 3942 1092 4010 confringi
1139 3944 1323 4010 jussit,
1366 3942 1551 4011 quoad
1590 3958 1619 3995 e
1649 3942 1791 4013 pelle
1837 3943 1950 4011 ipsa
1983 3943 2099 3995 exi-

531 4042 673 4086 rent.
707 4034 826 4098 Quo
856 4032 1021 4097 facto,
1052 4033 1242 4087 Victor
1269 4034 1347 4087 ait
1384 4054 1395 4086 :
1432 4033 1648 4094 Gratias
1674 4049 1773 4103 ago
1814 4033 1923 4087 Deo
1953 4050 2095 4092 meo,

529 4124 678 4193 quod
742 4125 974 4194 gratiam
1031 4141 1185 4179 suam
1246 4127 1561 4193 propiorem
1623 4125 1757 4178 mihi
1830 4123 2097 4177 ostendit.

528 4214 685 4268 Tune
723 4216 976 4283 quaesivit
1012 4215 1079 4267 ab
1113 4230 1179 4268 eo
1219 4215 1351 4279 dux,
1400 4229 1571 4283 quare
1618 4214 1801 4267 cibum
1853 4231 1962 4269 non
2004 4230 2097 4270 su-

528 4316 726 4361 meret.
754 4307 853 4361 Cui
888 4307 1379 4375 respouditVictor
1412 4325 1425 4361 :
1464 4304 1649 4360 Habeo
1685 4307 1799 4374 ipse
1835 4307 2097 4373 spiritua-

530 4403 636 4455 lem
664 4401 871 4463 cibum,
899 4416 1007 4467 quo
1034 4400 1091 4452 fit
1110 4408 1167 4452 ut
1186 4415 1293 4452 non
1320 4401 1556 4453 esuriam
1581 4401 1633 4452 in
1657 4398 2097 4453 wtemumfl'um

2205 3228 2347 3277 ποιεῖ
2398 3229 2769 3296 καρποφορεῖν
2825 3227 2902 3295 τῷ
2951 3228 3091 3299 Θεῷ,
3141 3232 3215 3300 μὴ
3276 3234 3634 3301 συγχωροῦσα
3699 3236 3786 3305 τῷ

2202 3314 2381 3383 ἐχθρῷ
2416 3318 2799 3383 περιγενέσθαι
2840 3318 3043 3371 αὐτῶν,

2275 3403 2346 3458 Γ’.
2376 3405 2738 3469 Σεϐαστιανδς
2795 3409 2823 3459 6
2877 3407 3002 3473 δοὺξ
3040 3404 3229 3462 εἶπενο
3281 3412 3541 3481 Ἔκρινας
3572 3415 3788 3481 μᾶλλον

2203 3496 2291 3547 τὸν
2326 3496 2556 3549 θάνατον
2580 3498 2797 3552 ἑλέσθαι
2832 3500 2863 3569 ἢ
2905 3500 3001 3568 τὴν
3037 3500 3219 3572 ζωήνς
3282 3503 3338 3558 '0
3380 3505 3531 3573 ἅγιος
3563 3506 3787 3578 Βίκτωρ

2203 3583 2358 3641 εἶπεν
2381 3606 2392 3617 ’
2430 3584 2596 3651 Οὗτος
2635 3593 2663 3643 6
2694 3591 2920 3654 Θάνατος
2952 3592 3097 3662 ζωὴν
3130 3595 3352 3648 αἰώνιον
3392 3599 3643 3666 προξενεῖ
3663 3604 3790 3663 τοῖς

2207 3683 2371 3750 μέχρι
2426 3683 2618 3744 τέλους
2672 3685 3005 3754 ὑπομένουσι
3042 3690 3140 3749 τὰς
3174 3691 3541 3758 προσκαίρους
3574 3694 3789 3757 ταύτας

2207 3772 2493 3839 βασάνους.
2551 3777 2714 3839 Λέγει
2770 3774 2919 3843 αὐτῷ
2983 3778 3009 3826 6
3044 3779 3203 3839 δούξ’
3264 3782 3373 3831 Καὶ
3405 3782 3541 3844 ὅλως
3572 3786 3791 3855 ταύτης

2204 3858 2585 3926 ἐπεκράτησας
2617 3860 2715 3928 τῆς
2740 3863 3000 3931 γνὼμης;
3046 3864 3106 3917 Ὀ
3140 3866 3294 3934 ἅγιος
3336 3868 3549 3941 Βίκτωρ
3583 3869 3780 3928 εἶπεν·

2204 3950 2332 4004 Ναί.
2363 3952 2494 4003 Τότε
2520 3955 2547 4004 6
2579 3952 2703 4016 δοὺξ
2746 3955 2999 4007 ἐκέλευσε
3036 3960 3446 4030 συγκλασθῆναι
3477 3966 3573 4027 τὰς
3603 3968 3789 4036 ἁρμο-

2203 4038 2323 4097 νίας
2379 4040 2488 4089 τῶν
2522 4040 2800 4092 δακτύλων
2856 4044 3044 4104 αὑτοῦ,
3096 4046 3199 4107 ἓως
3257 4048 3320 4097 ἂν
3353 4052 3413 4099 ἐκ
3462 4052 3559 4117 τῆς
3616 4055 3790 4123 δορᾶς

2204 4126 2514 4191 ἐξέλθωσιν.
2566 4130 2623 4181 Ὀ
2656 4132 2811 4198 ἅγιος
2858 4134 3072 4203 Βίκτωρ
3104 4131 3288 4187 εἶπεν·
3337 4137 3660 4210 Εὑχαριστῶ

2203 4219 2322 4287 Θεῷ
2365 4237 2465 4289 μου
2512 4223 2764 4285 πάντοτε,
2813 4225 2892 4277 ὅτι
2937 4227 3165 4295 ἤγγισεν
3211 4231 3241 4297 ἡ
3290 4230 3448 4297 χάρις
3503 4234 3666 4287 αὐτοῦ
3704 4242 3792 4300 εἰς

2205 4311 2326 4377 ἐμέ.
2365 4314 2527 4379 Λέγει
2555 4315 2701 4383 αὐτῷ
2740 4318 2767 4367 6
2796 4315 2949 4378 δούξ·
2980 4319 3077 4367 Διᾶ
3110 4319 3160 4367 τί
3226 4318 3325 4387 τὴν
3378 4322 3561 4372 ἄνοιαν
3599 4342 3695 4377 σου
3724 4326 3789 4380 οὐ

2205 4401 2542 4471 λαμόάνειςς
2585 4405 2643 4456 '0
2676 4406 2831 4469 ἅγιος
2862 4406 3074 4475 Βίκτωρ
3110 4405 3290 4459 εἶπεν·
3319 4409 3440 4463 Ὀτι
3468 4410 3657 4479 βιαίως
3689 4420 3793 4469 καὶ

530 4488 799 4555 illejussit
824 4485 1100 4540 fornacem
1117 4487 1366 4546 accendi,
1385 4496 1438 4537 et
1466 4488 1733 4540 Victorem
1757 4489 1809 4539 in
1826 4504 1943 4540 eam
1970 4504 2096 4541 eon-

2209 4494 2407 4554 ἁδίκως
2439 4498 2775 4557 ἁπαιτεῖται,
2802 4498 2894 4549 καὶ
2925 4497 3046 4549 οὗτε
3085 4500 3386 4569 λαμϐάνειν
3424 4504 3547 4556 οὔτε
3572 4506 3790 4561 ἐσθίειν

526 4581 731 4647 jectum
756 4579 823 4631 ad
858 4581 1083 4631 tertium
1115 4593 1285 4646 usque
1323 4578 1466 4631 diem
1500 4578 1729 4633 servari.
1763 4577 2096 4646 Famamque

530 4671 636 4725 fuit
694 4671 789 4723 ita.
851 4669 1038 4723 Tertio
1104 4680 1287 4723 autem
1352 4669 1439 4723 die
1498 4685 1621 4723 cum
1675 4669 1766 4723 ille
1841 4671 2095 4738 opinare-

532 4767 623 4816 tur
661 4761 937 4814 Victorem
985 4760 1052 4812 ab
1100 4760 1222 4828 igne
1248 4766 1661 4829 {consumptum
1710 4762 1901 4825 fuisse,
1934 4763 2099 4830 jussit

530 4856 811 4909 fornacem
848 4853 1075 4922 aperiri,
1128 4862 1183 4907 et
1229 4857 1487 4923 martyris
1535 4854 1752 4908 cineres
1803 4855 1857 4907 in
1894 4854 2096 4907 flumen

529 4944 797 5013 demergi.
878 4944 1153 4997 Patel‘acta
1216 4945 1382 5012 igitur
1436 4944 1700 5006 fornace,
1765 4943 2098 4996 invenerunt

535 5034 808 5087 Victorem
836 5034 1016 5101 ipsum
1045 5033 1255 5095 vivum,
1292 5043 1349 5086 et
1377 5034 1547 5088 Deum
1582 5034 1921 5096 laudantem,
1948 5034 2097 5103 quod

532 5125 673 5195 ignis
702 5125 823 5194 ejus
857 5139 1059 5192 corpus
1102 5139 1212 5178 non
1267 5126 1546 5194 tetigerat.
1597 5126 1719 5178 Mox
1771 5126 1936 5195 jussit
1988 5126 2098 5179 dux

532 5230 744 5269 venena
777 5214 1038 5283 pestifera
1083 5229 1205 5268 cum
1253 5216 1513 5269 carnibus
1552 5216 1843 5270 commista
1885 5218 2097 5272 edenda

533 5307 613 5360 illi
666 5308 917 5376 proponi.
953 5305 1084 5371 Quae
1110 5321 1235 5361 cum
1264 5324 1291 5357 a
1328 5308 1572 5361 venefico
1601 5310 1833 5375 quodam
1878 5310 2099 5364 homine

536 5412 787 5467 porrecta
818 5398 869 5453 ei
900 5399 1163 5463 fuissent,
1218 5408 1444 5455 sanctus
1493 5412 1700 5471 martyr
1746 5401 1935 5456 Victor
1978 5404 2099 5457 ait:

535 5491 668 5545 Mihi
726 5492 947 5559 quidem
997 5507 1100 5547 non
1158 5492 1355 5548 liceret
1397 5508 1594 5547 carnes
1621 5504 1862 5563 gustare,
1911 5494 2007 5549 sed
2041 5504 2101 5549 ut

536 5600 837 5653 cognoscas
862 5586 1127 5641 veneﬁcia
1158 5599 1248 5643 tua
1288 5588 1447 5641 nihili
1475 5602 1622 5650 esse,
1650 5603 1718 5641 en
1744 5588 1878 5643 istas
1904 5603 2100 5642 carnes

537 5677 848 5730 comedam.
882 5674 1129 5746 Cumque
1170 5677 1294 5731 illas
1342 5693 1372 5732 e
1423 5677 1678 5732 manibus
1721 5679 1952 5732 venefici
2002 5678 2100 5732 ho-

537 5767 708 5826 minis
766 5771 1084 5839 accepisset,
1140 5769 1421 5827 Christum
1480 5780 1771 5841 precatus,
1827 5771 2097 5840 ejusmodi

2206 4583 2463 4673 βουλομαι
2506 4585 2564 4648 ἐξ
2593 4586 2793 4656 αὑτῆςο
2826 4589 2933 4657 ἔχω
2956 4590 3010 4642 δὲ
3040 4593 3138 4660 τὴν
3161 4599 3543 4665 πνευματικὴν
3572 4602 3792 4673 τροφὴν

2205 4672 2296 4729 καὶ
2319 4678 2379 4728 οὐ
2414 4677 2486 4747 μὴ
2518 4680 2756 4732 πεινάσω
2789 4678 2868 4743 ἐίς
2908 4683 2997 4735 τὸν
3047 4684 3240 4739 αἰῶνα.
3271 4686 3453 4739 Ταῦτα
3487 4691 3732 4756 ἀκούσας
3762 4686 3792 4746 6

2202 4768 2346 4834 δοὺξ,
2380 4770 2665 4821 ἐκέλευσεν
2724 4773 2989 4840 ὲκκαῆναι
3036 4777 3265 4841 κάμινον
3297 4778 3388 4828 καὶ
3441 4781 3791 4850 sparges.“

2206 4856 2366 4907 αὑτὸν
2424 4857 2480 4907 ὲν
2527 4858 2685 4927 αὐτῇ,
2746 4859 2903 4929 ἄχρις
2933 4862 3155 4931 ἡμερῶν
3189 4865 3379 4933 τριῶν·
3434 4873 3528 4921 καὶ
3562 4873 3792 4937 ἐγένετο

2204 4941 2396 5005 οὕτως.
2440 4946 2595 4998 Μετὰ
2653 4948 2710 4999 δὲ
2758 4949 2855 5010 τὰς
2900 4953 3048 5018 τρεῖς
3076 4951 3310 5022 ἡμέρας,
3345 4956 3571 5023 νομίσας
3604 4958 3633 5009 ὁ
3657 4958 3792 5026 δοῦξ

2204 5036 2511 5105 ἀνηλῶσθαι
2537 5038 2698 5089 αὐτὸν
2723 5040 2825 5090 ὑπὸ
2854 5040 2946 5092 τοῦ
2973 5059 3043 5092 πυ
3052 5043 3165 5110 ρδς,
3186 5043 3473 5098 ἐκέλευσεν
3496 5049 3791 5119 ἀνοιγῆναι

2204 5127 2302 5195 τὴν
2328 5126 2556 5193 κάμινον
2579 5126 2673 5178 καὶ
2697 5129 2918 5196 ῥιφῆναι
2946 5128 3013 5180 τὰ
3041 5131 3175 5183 ὀστᾶ
3199 5134 3366 5186 αὑτοῦ
3392 5137 3472 5198 είς
3498 5137 3590 5188 τὸν
3620 5152 3797 5193 nera—

2210 5217 2309 5284 μόν
2336 5232 2348 5244 ·
2388 5217 2480 5268 καὶ
2504 5219 2811 5283 ἀνοίξαντες
2863 5221 3055 5291 αὐτὴν,
3085 5217 3245 5292 εὗρον
3281 5226 3445 5278 αὑτὸν
3477 5226 3658 5291 ζῶντα
3691 5236 3795 5284 καὶ

2204 5308 2497 5371 δοξάζοντα
2544 5310 2634 5361 τὸν
2680 5310 2835 5376 Θεὸν,
2865 5311 2933 5364 δι’
2981 5314 3060 5364 ὅτι
3094 5314 3203 5365 οὐδ’
3242 5316 3379 5379 ὅλως
3411 5318 3590 5388 ἥψατο
3619 5323 3793 5375 αὑτοῦ

2206 5401 2266 5453 τὸ
2296 5401 2425 5470 πῦρ.
2457 5402 2589 5454 Τότε
2623 5402 2905 5458 ἐκέλευσεν
2928 5407 2955 5457 6
2994 5406 3117 5471 δοὺξ
3152 5408 3418 5479 φίρμακα
3460 5415 3795 5483 ἀναιρετικὰ

2206 5491 2427 5561 δοθῆναι
2450 5492 2599 5561 αὑτῷ
2630 5498 2826 5561 φαγεῖν
2859 5498 3001 5564 μετὰ
3045 5500 3220 5565 κρεῶν
3240 5513 3255 5528 ·
3308 5504 3402 5553 καὶ
3430 5504 3796 5560 ὲπιδοθέντων

2206 5582 2357 5653 αὐτῷ
2406 5583 2515 5635 τῶν
2545 5587 2853 5665 φαρμάκων
2910 5588 3014 5640 ὑπὸ
3066 5589 3162 5642 τοῦ
3197 5592 3395 5660 μάγου,
3429 5594 3533 5665 ἔφη
3566 5599 3594 5647 6
3634 5596 3795 5662 ἅγιος

2208 5676 2457 5745 Βίκτωρ·
2514 5677 2627 5729 Οὐκ
2678 5678 2796 5740 ἐξόν
2834 5684 2923 5748 μοι
2967 5676 3036 5750 ἦν
3063 5682 3241 5750 κρεῶν
3278 5686 3551 5754 ἅψασθαι·
3609 5691 3698 5742 ἵνα
3737 5695 3795 5745 δὲ

2208 5771 2372 5842 γνῷς,
2406 5772 2485 5826 ὅτι
2516 5772 2667 5827 οὐδέν
2693 5774 2828 5830 εἰσιν
2857 5777 2909 5828 αἱ
2944 5778 3168 5847 μαγεῐαί
3196 5795 3309 5850 σου,
3336 5781 3428 5834 καὶ
3459 5787 3795 5856 καταφρονῶ
