3966 6442
199 366 291 429 εει

1200 375 1378 436 νιΤΑ
1410 375 1516 437 SS.
1550 378 1913 441 VICTORIS
1954 384 2047 442 EI‘
2088 385 2433 454 CORONIE.

3336 397 3444 463 252

197 482 375 544 αὐτὰς,
410 481 576 535 ισθίω
607 450 1013 554 ἀνυπερθέτως.
1050 485 1160 538 Kal
1210 487 1504 558 δεξάμενος
1560 491 1625 543 ὲκ
1657 490 1734 543 τῶ

1870 494 2135 551 carnibus
2171 500 2319 553 vesci
2355 502 2545 566 empit,
2576 518 2753 573 neque
2785 508 3089 577 quidquam
3143 511 3269 565 mali
3306 527 3431 581 pas-

197 572 379 642 ιειρῶν
425 573 519 625 τοῦ
559 573 763 642 μάγου,
800 575 1243 643 προσευξάμενος
1276 577 1353 647 τῷ
1376 580 1623 649 Χριστῷ,
1663 581 1757 649 ἦρι

194 666 309 727 ξατο
344 664 543 717 ἐσθίειν
570 680 584 694 ⁸
620 664 712 717 καὶ
744 664 933 733 φαγὼν
961 666 1115 719 οὐδὲν
1142 667 1345 719 ἔπαθεν
1371 671 1560 722 κακόν.
1606 670 1665 724 ’0
1698 672 1754 724 δι

195 758 352 821 μάγος
382 756 475 809 ἐπὶ
527 746 607 826 τῇ
643 760 822 828 οἰκείᾳ
878 759 1085 827 μαγείᾳ
1113 761 1559 829 καταισχυνθεὶς,
1587 779 1758 831 προσ-

189 848 381 913 ήγαγεν
408 846 559 916 αύτῷ
591 848 751 901 πάλιν
785 849 947 919 ἕτερα
984 850 1255 919 φάρμακα
1306 851 1417 905 τῶν
1472 855 1758 924 προτέρων

187 934 442 1004 δεινότερα
475 940 569 989 καὶ
593 939 741 1005 λέγει
768 939 918 1008 αύτῷ
947 956 961 968 ·
992 941 1103 1017 Καὶ
1126 941 1222 994 νῦν
1260 942 1409 1007 δέξαι
1459 949 1552 998 καὶ
1578 946 1719 1013 φάγε
1740 962 1753 975 ·

188 1026 267 1075 καὶ
299 1026 390 1076 ἐὰν
439 1027 631 1093 φαγὼν
683 1028 847 1096 μηδὲν
877 1030 1057 1099 πάθῃς
1106 1032 1299 1098 κακὸν,
1356 1035 1757 1106 καταλιμπάνω

188 1132 277 1183 μου
301 1116 398 1179 τὰς
430 1118 688 1185 μαγείας,
726 1120 822 1173 καὶ
863 1125 1106 1175 πιστεύω
1157 1124 1313 1193 κάγὼ
1344 1126 1419 1194 τῷ
1444 1127 1563 1198 Θεῷ
1591 1122 1634 1195 ᾧ
1665 1130 1756 1182 λα-

184 1204 402 1272 τρεύεις.
454 1207 727 1271 Λαϐόντες
791 1211 847 1262 δὲ
881 1212 976 1264 τοῦ
1011 1214 1283 1283 μακαρίου
1342 1216 1622 1289 Βίκτορος,
1660 1220 1755 1273 καὶ

184 1297 455 1361 φαγόντος,
480 1300 573 1350 καὶ
608 1300 777 1368 μηδὲν
810 1303 1074 1367 παθόντος
1107 1307 1298 1371 κακὸν,
1328 1309 1590 1379 ἀνεϐόησε
1617 1314 1752 1381 μετὰ

183 1387 346 1454 φωνῆς
382 1389 411 1439 6
452 1390 627 1456 μάγος
662 1394 753 1443 καὶ
786 1389 939 1446 εἶπεν
968 1410 981 1423 ⁸
1028 1397 1340 1468 Ἐνίκησας,
1375 1402 1554 1473 ψυχὴν
1579 1404 1750 1457 ἀπολ-

180 1472 405 1546 λυμένην
445 1476 505 1542 ἐξ
537 1479 664 1548 ᾅδου
724 1484 1051 1551 ἀναγαγών·
1111 1490 1302 1559 ὥσπερ
1359 1493 1468 1562 γὰρ
1526 1493 1751 1563 ἀνδριὰς

180 1566 399 1633 χαλκοῦς
423 1570 760 1636 παλαιωθεὶς
794 1575 887 1626 καὶ
920 1577 1024 1629 ὑπὸ
1074 1578 1167 1631 τοῦ
1198 1582 1448 1649 τεχνίτου
1483 1585 1751 1656 σμηχοεὶς

179 1659 571 1725 ἀνακαινοῦται,
594 1663 764 1726 οὕτως
789 1668 882 1719 καὶ
913 1670 940 1720 ὁ
980 1668 1267 1739 ἄνθρωπος
1297 1675 1323 1724 6
1362 1674 1417 1724 ἐν
1444 1678 1629 1738 κακοῖς
1650 1692 1754 1729 πα-

178 1749 433 1816 λαιωθεὶς,
467 1754 565 1807 ἐὰν
593 1758 919 1830 ἐπιστρέψῃ,
942 1762 1101 1826 σώζει
1121 1764 1281 1817 αὑτὸν
1297 1768 1325 1819 6
1342 1766 1471 1829 Θεὸς
1494 1771 1560 1838 τῇ
1584 1770 1747 1823 αὑτοῦ

173 1842 362 1910 χάριτι.
398 1845 535 1899 Τότε
567 1851 593 1899 6
630 1852 802 1918 μάγος
847 1856 1191 1925 παραχρῆμα
1238 1860 1542 1913 κατέκαυσε
1602 1864 1738 1934 πυρὶ

175 1934 336 1997 πάσας
354 1939 453 1997 τας
474 1940 715 2006 parma;
740 1942 902 1995 αὑτοῦ
932 1945 1149 2012 βίϐλους
1169 1951 1259 2000 καὶ
1282 1952 1412 2002 πᾶσι
1432 1954 1541 2014 τοῖς
1564 1953 1741 2023 ὑπάρ-

172 2044 341 2095 χουσιν
376 2031 547 2083 αὐτοῦ
580 2032 1013 2102 ἀποταξάμενος,
1038 2042 1260 2105 γέγονεν
1305 2041 1655 2109 Χριστιανός.

231 2126 297 2175 Δ’.
333 2123 557 2176 Τούτων
616 2125 674 2177 δὲ
714 2126 931 2179 πάντων
979 2128 1152 2191 οὕτως
1199 2133 1532 2199 γενομένωνν
1587 2136 1692 2205 ἔφη
1719 2139 1745 2190 ὁ
1779 2144 1821 2198 Β

168 2214 277 2278 δοὺξ
306 2215 383 2285 τῷ
413 2217 673 2287 μακαρίῳ
713 2219 932 2288 Βίκτορι
958 2238 970 2249 ·
1018 2222 1279 2275 ὲπίθυσον
1309 2227 1419 2287 τοῖς
1456 2226 1738 2299 μετίστοις

169 2304 315 2368 θεοῖς,
346 2309 438 2359 καὶ
470 2310 636 2373 γενοῦ
672 2310 857 2362 λοιπὸν
902 2312 1124 2375 συνετὸς
1180 2318 1275 2366 καὶ
1302 2317 1602 2387 σφρόνιμος.
1682 2319 1739 2372 Ὀ

170 2397 301 2459 Ξιγιο;
362 2397 588 2465 Βίκτωρ
628 2395 820 2451 εἶπεν·
872 2401 1013 2467 Ἐγὼ
1061 2404 1289 2457 πάντοτε
1350 2409 1573 2469 συνετός
1623 2410 1739 2477 εἰμι

167 2483 242 2533 τὸν
257 2483 384 2537 Θεὸν
408 2486 776 2553 ἑπιγνώσκων
802 2506 814 2519 ·
838 2490 897 2543 '0
920 2490 1044 2555 δοὺξ
1070 2490 1225 2547 εἶπεν
1247 2512 1259 2523 ·
1292 2498 1462 2551 Τοῦτο
1497 2503 1595 2554 οὐκ
1624 2503 1739 2557 ἔστι

167 2576 388 2638 σύνεσις,
451 2578 594 2630 ἀλλὰ
645 2580 847 2649 μωρία,
884 2583 945 2634 τὸ
990 2583 1064 2652 μὴ
1104 2584 1391 2651 βούλεσθαι
1446 2591 1594 2644 θύε.ν
1627 2598 1738 2656 τοῖς

166 2664 311 2725 θίοῖς.
349 2668 409 2719 '0
435 2668 591 2733 ἅγιος
624 2669 837 2740 Βίκτωρ
864 2667 1057 2724 εἶπενο
1090 2674 1172 2727 Τὰ
1206 2681 1363 2746 μωρὰ
1401 2681 1495 2733 τοῦ
1529 2684 1734 2753 κόσμου

166 2756 424 2820 ἐξελέξατο
446 2760 475 2811 6
508 2760 668 2824 Θεὸς,
705 2762 790 2814 ἴνα
817 2766 944 2828 τοὺς
974 2768 1172 2835 σοφοὺς
1205 2773 1560 2845 καταισχύνῃ.
1592 2777 1737 2846 Ἔφη

167 2850 282 2916 πρὸς
314 2852 479 2905 αὑτὸν
513 2855 541 2908 ὁ
569 2854 696 2922 δούξ
724 2872 735 2885 '
769 2856 877 2910 Ποῦ
905 2858 1217 2931 γέγραπται
1252 2863 1460 2932 mira;
1497 2865 1555 2921 Ὀ
1580 2869 1734 2937 ἄξιος

167 2939 358 3011 Πίκτωρ
410 2940 570 2997 εἶπεν
600 2962 612 2973 ·
650 2948 861 3012 Παῦλος
895 2953 923 3002 6
950 2954 1248 3018 ἀπόστολος
1304 2956 1541 3022 ἐδίδαξεν
1565 2963 1730 3029 ἡμᾶς,

175 3030 223 3079 Ὀ
257 3033 377 3096 δοὺξ
424 3033 581 3087 εἶπεν
607 3053 619 3064 ·
656 3041 868 3093 Οὐκοῦν
891 3042 1022 3105 Θεῦς
1050 3041 1116 3114 ἦν
1142 3049 1168 3098 6
1200 3048 1445 3116 Παῦλοςς
1494 3053 1551 3106 ’0
1578 3054 1733 3122 ἅγιος

165 3118 358 3191 Βίκτωρ
390 3123 548 3177 εἶπεν
570 3140 587 3157 ⁶
646 3128 857 3192 Παῦλος
909 3132 1043 3195 Θεὸς
1075 3137 1178 3188 οὐκ
1215 3138 1382 3205 ἔστιν,
1416 3142 1552 3196 ἀλλὰ
1596 3118 1732 3200 Θεοῦ

161 3210 436 3276 ἀπόστολος
474 3217 574 3267 καὶ
615 3218 777 3285 σοφος
802 3221 1140 3290 ἀρχιτέκτων
1166 3241 1179 3254 ·
1212 3227 1304 3281 ἐπὶ
1328 3231 1436 3300 γὰρ
1463 3233 1541 3301 τῷ
1569 3235 1732 3305 θεμε-

162 3301 244 3370 λίῳ
273 3303 346 3373 τῷ
373 3306 590 3359 τεθέντι
624 3309 945 3381 ᾠκοδόμησε
975 3317 1069 3368 καὶ
1098 3317 1386 3388 ἐπλήρωσε
1421 3324 1519 3393 τὴν
1549 3301 1730 3380 οἰκου-

162 3394 309 3464 μένην
334 3399 434 3467 τῆς
472 3399 702 3470 διδαχῆς
743 3404 909 3457 αὐτοῦ
936 3423 950 3438 ·
982 3409 1075 3459 καὶ
1112 3403 1294 3463 λαϐὼν
1333 3415 1522 3483 σοφίαν
1575 3420 1725 3487 παρὰ

159 3484 295 3547 Θεοῦ,

159 3574 332 3640 ἐδειξεν
357 3581 479 3631 ὁδον
502 3586 621 3645 τοῖς
646 3585 888 3654 σωθῆναι
913 3587 1280 3659 βουλομένοις.
1314 3597 1371 3647 ὐ
1400 3574 1524 3663 δοῦξ
1549 3600 1721 3655 εἶπεν·

159 3665 345 3724 Παῦσαι
379 3673 579 3727 λοιπον
604 3752 610 3758 ι
631 3677 729 3745 τῆς
784 3680 998 3749 μωρίας
1062 3699 1155 3735 σου
1182 3688 1408 3758 ταύτης,
1440 3694 1533 3743 καὶ
1564 3693 1725 3746 θῦσον

156 3763 249 3823 τοῖς
264 3761 426 3829 θεοῖς,
458 3752 713 3821 ὲπεὶόὺκ
735 3769 1076 3841 ὠφελήσουσι
1103 3793 1158 3828 σε
1183 3781 1251 3831 τὰ
1285 3752 1505 3849 ῥήματα
1528 3783 1720 3839 ταῦτα.

164 3850 213 3905 '0
232 3854 375 3922 ἅγιος
406 3860 634 3930 Βίκτωρ
661 3858 816 3916 εἶπεν
836 3881 848 3894 ·
884 3865 999 3921 Οὐκ
1034 3870 1151 3939 είμὶ
1180 3873 1382 3941 μωρὸς,
1415 3875 1550 3930 ἀλλὰ
1583 3880 1723 3933 πάνυ

156 3948 395 4013 φρόνιμος
432 3950 529 3999 τὸν
588 3952 725 4002 Θεὸν
761 3970 863 4019 μου
919 3959 994 4025 μὴ
1045 3960 1379 4029 ἀρνούμενος
1406 3982 1419 3995 ·
1463 3971 1636 4033 μωροὶ
1665 3971 1723 4022 δέ

156 4036 242 4087 εἰσι
270 4040 355 4089 καὶ
388 4040 636 4110 ἄφρονες
666 4042 717 4094 οἱ
742 4044 1034 4110 ἀκούοντές
1067 4066 1159 4101 σου
1186 4054 1279 4105 καὶ
1310 4053 1529 4124 δαίμοσι
1563 4059 1723 4112 θύον-

153 4147 260 4195 τες·
294 4137 388 4190 καὶ
420 4139 536 4208 γάρ
574 4140 604 4190 6
659 4141 844 4209 πατὴρ
876 4143 1031 4213 ὑμῶν
1080 4148 1108 4199 6
1135 4147 1382 4213 διάϐολος
1414 4152 1511 4204 ἀπ’
1547 4155 1723 4223 ἀρχῆς

152 4224 365 4299 ψεύστης
391 4234 552 4284 ἐστὶν
587 4233 681 4283 καὶ
722 4234 821 4303 τὴν
844 4235 1105 4304 ἀλήθειαν
1154 4239 1254 4292 οὐκ
1296 4240 1455 4306 ἔγνω.
1509 4243 1584 4303 ὡς
1629 4246 1724 4296 καὶ

154 4318 289 4384 ὑμεῖς
324 4324 378 4374 οἱ
408 4324 662 4377 διάκονοι
695 4325 889 4378 αὑτοῦ·
945 4326 1082 4380 ἀλλά
1114 4330 1208 4381 καὶ
1234 4332 1288 4382 αί
1316 4332 1533 4399 καρδίαι
1569 4336 1721 4404 ὑμῶν

154 4416 513 4487 πεκήρωνται,
539 4417 646 4487 τὴν
673 4418 878 4486 γνῶσιν
908 4419 1007 4489 τῆς
1039 4420 1300 4490 ἀληθείας
1336 4423 1410 4495 μὴ
1440 4423 1678 4494 ἔχουσαι.

208 4594 273 4649 ε.
306 4598 439 4650 Τότε
472 4596 764 4665 θυμωθεὶς
795 4598 823 4648 6
855 4598 981 4661 δοὺξ
1010 4599 1265 4653 ἐκέλευσε
1296 4602 1365 4655 τὰ
1391 4603 1718 4674 νεῦρανδλου

148 4687 225 4737 τοῦ
255 4689 503 4759 σώματος
535 4688 709 4742 αὑτοῦ
733 4690 1112 4763 ἀποκοπῆναι·
1149 4694 1247 4748 καὶ
1270 4695 1460 4750 τούτου
1488 4702 1719 4769 γενομέ-

1868 599 1963 639 sus
2007 597 2108 641 est.
2146 590 2441 645 Veneficus
2495 604 2678 648 autem
2730 598 2819 652 ille
2862 615 2965 667 pro
3006 602 3121 655 suis
3161 604 3442 657 veneficiis

1866 676 2235 743 erubescens,
2293 681 2397 735 alia
2448 685 2698 751 quamam
2748 688 2951 743 obtulit
2996 692 3278 759 prioribus
3334 696 3442 749 illis

1866 769 2054 836 pejora
2087 788 2100 822 :
2139 769 2285 835 Haec,
2310 774 2588 843 inquiens,
2643 778 2830 848 accipe
2863 796 2876 833 :
2911 798 3034 850 quae
3082 800 3206 838 cum
3256 802 3441 840 come-

1865 856 2034 923 deris,
2080 861 2125 914 si
2186 863 2325 916 nihil
2375 866 2503 919 mali
2559 879 2752 936 paSSus
2780 869 2973 935 fueris,
3022 878 3205 929 statim
3263 889 3437 931 artem

1865 950 2130 1019 magicam
2156 952 2560 1023 derelinquam,
2606 967 2661 1012 et
2694 963 2912 1015 credam
2958 965 3122 1019 etiam
3184 968 3296 1035 ipse
3330 971 3441 1022 Deo

1864 1056 2032 1109 quem
2068 1052 2125 1095 tu
2158 1044 2315 1097 colis.
2351 1043 2487 1099 Cum
2515 1048 2683 1116 igitur
2729 1051 2925 1107 beatus
2985 1052 3175 1108 Victor
3222 1072 3435 1113 venena

1866 1133 1956 1189 illa
1989 1136 2339 1199 comedisset,
2359 1153 2536 1207 neque
2565 1140 2823 1207 quiddam
2855 1145 2979 1199 mali
3010 1162 3202 1215 passus
3224 1149 3437 1211 fuisset,

1861 1226 2143 1281 veneficus
2199 1227 2290 1281 ille
2318 1244 2512 1299 magna
2557 1247 2690 1286 voce
2736 1234 2980 1289 clamans
3019 1256 3033 1290 :
3073 1239 3178 1300 En,
3235 1242 3436 1312 inquit,

1861 1317 2070 1381 vicisti,
2119 1329 2177 1374 et
2228 1319 2471 1373 animam
2528 1337 2706 1377 meam
2760 1326 2971 1397 jamdiu
3020 1330 3315 1398 perditam,
3369 1332 3437 1390 ab

1866 1410 2065 1467 inferis
2095 1412 2356 1467 eduxisli.
2394 1415 2549 1469 Sicut
2580 1419 2728 1471 enim
2762 1430 2941 1475 statua
2970 1438 3135 1489 εει-εει,
3170 1441 3289 1494 quae
3312 1428 3425 1499 jam

1864 1501 2172 1556 inveterata
2202 1513 2307 1568 est,
2343 1519 2371 1557 a
2402 1504 2558 1560 fabro
2592 1508 2778 1577 aliquo
2807 1513 3047 1579 expolita
3084 1528 3384 1572 renovatur
3414 1536 3427 1570 :

1860 1594 1934 1647 ita
1965 1605 2022 1648 et
2073 1610 2159 1649 me
2213 1597 2499 1662 miserum,
2560 1598 2613 1651 in
2662 1602 2821 1657 malis
2857 1604 3245 1673 inveteratum,
3292 1612 3435 1667 Deus

1860 1685 1978 1753 ipse
2026 1701 2123 1738 sua
2155 1688 2327 1755 gratia
2362 1703 2634 1745 renovans
2666 1697 2960 1760 convertit,
2998 1708 3053 1751 et
3102 1700 3168 1754 ad
3203 1703 3433 1759 salutem

1860 1776 2124 1829 traduxit.
2180 1777 2371 1847 Itaque
2420 1782 2699 1836 veneficus
2743 1784 2834 1838 ille
2875 1801 3070 1842 omnes
3102 1806 3231 1845 suos
3263 1793 3435 1847 libros

1847 1868 2088 1937 magicos
2134 1869 2246 1938 igni
2299 1868 2633 1938 combussit,
2653 1882 2709 1928 et
2740 1877 2999 1933 omnibus
3029 1880 3196 1937 rebus
3230 1899 3434 1939 renuu~

1853 1957 2019 2023 tians,
2052 1957 2402 2017 Christianus
2439 1960 2621 2016 factus
2652 1973 2763 2019 est.

1922 2139 2012 2193 lV.
2044 2140 2180 2195 Cum
2214 2141 2328 2197 haec
2350 2142 2424 2196 ita
2458 2158 2515 2199 se
2543 2143 2831 2211 haberent,
2865 2147 2974 2201 dux
3002 2149 3069 2203 ad
3092 2150 3311 2207 beatum
3339 2151 3432 2207 Vi-

1844 2234 2052 2285 ctorem
2085 2248 2389 2290 conversus
2422 2254 2437 2290 :
2468 2235 2748 2303 Sacrifica,
2792 2240 2992 2311 inquit,
3019 2243 3125 2298 diis
3156 2249 3429 2313 maximis,

1841 2332 2029 2377 etcsto
2053 2327 2319 2394 prudens.
2344 2328 2535 2382 Victor
2558 2331 2871 2399 respondit:
2899 2332 3013 2402 Ego
3030 2338 3270 2403 prudens
3287 2354 3429 2393 sem-

1840 2430 1939 2484 per
1990 2432 2109 2469 sum
2136 2455 2151 2478 ,
2194 2432 2318 2471 eum
2346 2419 2516 2473 Deum
2549 2436 2900 2491 cognoscam.
2956 2425 3074 2479 Non
3108 2438 3211 2494 est,
3249 2432 3427 2500 inquit

1840 2507 2319 2576 dux,prudenti:r,
2354 2513 2447 2565 sed
2466 2513 2714 2567 stultitiae
2732 2514 2971 2583 signum,
3000 2520 3143 2572 nolle
3168 2520 3275 2574 diis
3294 2524 3429 2591 ipsis

1848 2600 2189 2655 sacrificare.
2222 2602 2299 2655 Ad
2328 2602 2444 2657 haec
2487 2619 2713 2660 sanctus
2753 2607 2978 2662 Victor:
3019 2610 3194 2664 Stulta
3230 2618 3423 2669 mundi

1843 2690 2009 2757 elegit
2060 2692 2225 2754 Deus,
2282 2704 2340 2746 ut
2392 2697 2673 2763 sapientes
2730 2700 3033 2754 confundat
3066 2703 3103 2755 ⁸.
3157 2705 3312 2759 Tune
3348 2708 3425 2760 ait

1841 2779 1995 2832 dux:
2043 2782 2108 2834 Et
2153 2782 2375 2836 ubinam
2434 2788 2536 2839 hoc
2578 2787 2843 2857 scriptum
2880 2790 3126 2860 legitur?
3185 2794 3285 2851 Cui
3336 2814 3422 2854 rc-

1836 2872 2060 2941 Spondit
2097 2874 2278 2930 Victor
2313 2893 2323 2930 :
2360 2876 2559 2934 Paulus
2593 2880 2875 2949 apostolus
2906 2898 3006 2937 nos
3051 2883 3167 2941 lucc
3207 2888 3419 2946 docuit.

1836 2964 2001 3027 Nunt,
2036 2967 2216 3036 inquit
2264 2970 2377 3031 illo,
2439 2972 2583 3027 Deus
2614 2983 2733 3026 erat
2762 2974 3001 3029 Paulus?
3046 2978 3148 3032 Cui
3184 2981 3367 3033 Victor
3399 3001 3411 3035 :

1838 3053 2061 3109 Minime
2091 3058 2297 3111 Paulus
2330 3061 2474 3114 Deus
2498 3072 2602 3123 est,
2640 3065 2736 3117 sed
2774 3067 2867 3118 Dei
2897 3073 3206 3135 apostolus,
3249 3082 3300 3124 et
3328 3087 3417 3125 sa-

1840 3148 2002 3217 piens
2050 3151 2430 3207 arebitectus:
2476 3154 2769 3209 aedificavit
2804 3159 2954 3213 enim
3007 3177 3173 3230 super
3220 3165 3418 3217 funda-

1833 3252 2081 3296 mentum
2120 3245 2268 3312 quod
2312 3247 2552 3313 positum
2594 3246 2843 3311 fuerat',
2897 3261 2954 3303 et
2995 3239 3251 3305 doctrina
3310 3270 3409 3307 sua

1832 3334 2027 3387 orbem
2078 3344 2352 3389 terrarum
2395 3340 2629 3405 replevit
2685 3358 2697 3390 :
2754 3342 2851 3407 qui
2904 3357 3028 3395 cum
3075 3344 3409 3411 sapientiam

1832 3425 1938 3479 sibi
1956 3441 1982 3477 a
2002 3426 2113 3479 Deo
2131 3426 2379 3480 traditam
2399 3430 2724 3497 accepisset,
2744 3430 3053 3485 divinarum
3079 3433 3409 3488 Litterarum

332 3490 493 3559 ἔσχεν
520 3496 584 3544 ὲν
621 3495 802 3563 ἑαυτῷ
829 3499 887 3547 τὸ
915 3498 1190 3570 πλήρωμα
1224 3504 1331 3556 τῶν
1367 3506 1599 3576 Γραφῶν
1630 3513 1723 3564 καὶ

1843 3516 2050 3586 plenam
2096 3518 2506 3589 perfectamque
2576 3523 2831 3575 notitiam
2890 3524 2942 3575 in
2975 3539 3031 3577 se
3076 3525 3294 3588 habuit,
3354 3537 3410 3580 et

1831 3606 1943 3670 his,
1983 3606 2076 3674 qui
2111 3608 2249 3661 salvi
2280 3623 2400 3662 esse
2438 3608 2694 3676 cupiunt,
2749 3611 2889 3663 viam
2939 3614 3199 3666 ostendit.
3251 3614 3412 3669 Tune

1829 3699 1908 3749 ait
1958 3696 2068 3750 dux
2107 3714 2120 3748 :
2171 3698 2369 3751 Desine
2413 3699 2466 3751 in
2510 3708 2790 3769 posterum
2832 3702 2900 3756 ab
2943 3704 3045 3757 ista
3094 3704 3305 3760 insania
3356 3718 3415 3761 et

1827 3786 1936 3842 diis
1958 3787 2251 3853 Qacritica;
2298 3803 2406 3842 non
2442 3791 2590 3843 enim
2643 3792 2746 3846 tibi
2777 3793 3081 3861 proderunt
3112 3796 3278 3849 verba
3310 3798 3413 3851 ista

1830 3886 1943 3932 tua.
1980 3878 2224 3943 Minime,
2257 3878 2437 3946 inquit
2470 3879 2679 3943 Victor,
2709 3882 2936 3935 insanus
2980 3898 3080 3951 ego
3108 3896 3253 3946 Sum,
3305 3888 3404 3941 sed

1828 3972 1987 4027 valde
2016 3972 2285 4040 prudens,
2317 3987 2442 4025 cum
2470 3974 2643 4027 Deum
2681 3990 2866 4027 meum
2909 3991 3017 4027 non
3058 3992 3268 4044 negem.
3310 3979 3400 4031 ln-

1830 4063 1951 4117 sani
1981 4072 2038 4118 et
2062 4063 2353 4118 dementes
2379 4071 2529 4127 sunt,
2578 4063 2673 4134 qui
2709 4073 2759 4117 te
2796 4063 3052 4126 audiunt,
3102 4076 3159 4118 et
3200 4067 3406 4120 damo-

1830 4153 1996 4207 nibus
2021 4154 2277 4207 victimas
2301 4152 2542 4207 offerunt
2574 4170 2587 4206 :
2635 4153 2853 4207 Etenim
2884 4163 3041 4222 pater
3076 4164 3256 4207 vester
3280 4156 3405 4208 dia-

1826 4243 1989 4298 bolus
2017 4244 2250 4297 mendax
2279 4253 2383 4305 est,
2415 4253 2471 4296 et
2495 4244 2549 4296 in
2579 4245 2813 4297 veritate
2856 4260 2961 4297 non
3021 4247 3175 4298 stetit
3210 4261 3227 4298 :
3259 4247 3405 4300 sicut

1826 4343 1884 4388 et
1942 4349 2080 4399 vos,
2129 4333 2225 4403 qui
2282 4334 2416 4389 estis
2481 4333 2631 4387 illius
2657 4334 2895 4389 ministri
2932 4335 2973 4388 ³.
3024 4332 3171 4400 Quin
3235 4337 3401 4391 etiam

1824 4428 1996 4483 corda
2020 4437 2199 4480 vestra
2225 4435 2500 4482 excaecata
2534 4436 2684 4493 sunt,
2718 4428 2968 4481 veritatis
3002 4429 3257 4481 notitiam
3282 4447 3395 4484 non

1826 4517 2112 4575 habentia.

1904 4612 1970 4665 V.
2014 4612 2169 4667 Tune
2203 4612 2389 4667 furore
2419 4628 2685 4667 accensus
2709 4613 2819 4665 dux
2874 4613 2987 4677 ille,
3035 4614 3199 4682 jussit
3232 4614 3404 4667 totius

1823 4704 2073 4770 corporis
2105 4705 2362 4770 martyris
2401 4718 2603 4757 nervos
2634 4703 2843 4758 divelli.
2887 4704 3006 4770 Quo
3050 4704 3218 4769 facto,
3260 4703 3403 4758 dixit

149 4794 244 4849 νου,
273 4779 423 4836 εἶπεν
449 4786 477 4837 6
504 4785 671 4850 ἅγιος
717 4783 938 4854 Βίκτωρ
962 4800 975 4813 ·
1042 4787 1229 4840 Ταῦτα
1264 4790 1440 4842 πάντα
1490 4792 1716 4861 πάσχων

1843 4802 2054 4848 sanctus
2085 4793 2273 4847 Victor
2308 4812 2321 4847 :
2356 4792 2495 4849 Cum
2523 4796 2705 4849 omnia
2744 4798 2858 4857 haec
2889 4812 2917 4849 a
2949 4808 3000 4849 te
3030 4798 3232 4866 patior,
3270 4798 3397 4849 nul-

150 4871 236 4922 ὑπὸ
254 4873 364 4934 σοῦ,
392 4874 505 4927 οὐδ’
537 4874 683 4933 ὅλως
715 4872 962 4943 ᾐσθόμην
986 4873 1297 4942 ἀλγηδόνος,
1322 4877 1409 4929 διὰ
1439 4880 1535 4949 τὴν
1559 4882 1717 4952 χάριν

148 4961 225 5013 τοῦ
253 4964 383 5016 Θεοῦ
406 4966 509 5034 τὴν
543 4965 960 5033 ἐνδυναμοῦσάν
998 4983 1065 5035 με
1095 4985 1108 4998 ·
1143 4967 1332 5036 ὥσπερ
1362 4971 1470 5039 γὰρ
1491 4974 1715 5040 κέντρον

150 5058 237 5109 dum
264 5060 413 5121 ποδὸς
470 5060 855 5128 ἐκφερόμενον
896 5062 1221 5130 συνεκφέρει
1258 5063 1435 5130 ἑαυτῷ
1487 5064 1583 5133 τὴν
1616 5084 1715 5118 κα-

149 5155 343 5220 κουχίαν
382 5154 479 5205 καὶ
537 5152 732 5204 πᾶσαν
783 5152 881 5221 τὴν
931 5153 1202 5221 ἀλγηδόνα
1252 5156 1346 5207 καὶ
1406 5156 1712 5208 ἀνάπαυσιν

148 5250 348 5316 παρέχει
390 5251 472 5320 τῷ
504 5248 757 5316 σώματι,
809 5247 981 5310 οὕτως
1033 5248 1209 5315 κάγὼ,
1236 5250 1343 5302 τῶν
1373 5251 1580 5319 νεύρων
1613 5268 1714 5319 μου

148 5335 617 5400 ἀποσπασθέντων,
645 5338 791 5389 πάνυ
832 5338 1229 5408 ἀνεπαυσάμην
1258 5340 1345 5392 διὰ
1376 5340 1474 5408 τὴν
1500 5344 1557 5391 ἐν
1584 5343 1717 5409 Χρι·

149 5430 241 5498 στῷ
266 5430 442 5484 πίστιν
473 5435 573 5483 καὶ
606 5430 711 5499 τὴν
748 5428 1102 5497 ἐνισχύουσάν
1136 5448 1201 5498 με
1231 5434 1410 5501 χάριν.
1448 5433 1579 5505 Τότε
1611 5434 1715 5485 πάι

148 5516 412 5590 λινόδοὺξ
456 5527 557 5576 ἐπὶ
621 5525 813 5573 πλεῖον
865 5522 1166 5590 ὀργισθεὶς,
1218 5525 1506 5575 ἐκέλευσεν
1535 5526 1715 5578 ἔλαιον

151 5614 363 5682 οςιοδρώς
396 5614 735 5683 πυρωθῆναι
767 5613 861 5665 καὶ
909 5614 1233 5684 ὲπιχεθῆναι
1265 5614 1414 5685 αὐτῷ
1442 5618 1580 5668 xxi
1610 5616 1715 5669 τῶν

210 5777 223 5809 ³
253 5776 271 5832 l
305 5776 428 5835 Cor.
460 5794 501 5847 ι,
531 5777 629 5833 27.
713 5777 733 5806 ²
768 5773 785 5830 l
827 5772 948 5829 Cor.
990 5792 1073 5845 ιιι,
1105 5777 1191 5847 Η,
1248 5778 1331 5831 l9...

1824 4886 1937 4941 lum
1994 4888 2222 4939 omnino
2253 4901 2449 4940 sensus
2482 4888 2729 4939 dolorem
2760 4887 3005 4955 percipio
3046 4896 3273 4955 propter
3302 4888 3399 4941 Dei

1824 4980 2077 5049 gratiam,
2129 4994 2249 5047 qute
2316 4993 2401 5031 me
2486 4980 2833 5034 corroborat.
2921 4980 3398 5044 Quemadmodum

1821 5072 1970 5125 enim
2012 5070 2290 5125 aculeusa
2324 5072 2463 5140 pede
2499 5072 2734 5140 alicujus
2767 5072 3014 5133 evulsus,
3052 5086 3240 5125 secum
3288 5087 3399 5125 una

1823 5162 2069 5215 dolorem
2102 5178 2321 5215 onmem
2342 5165 2545 5225 aufert,
2569 5171 2624 5215 et
2657 5164 2876 5232 corpori
2907 5161 3107 5219 deinde
3149 5164 3396 5231 requiem

1826 5252 2030 5321 praebet
2063 5271 2073 5305 :
2115 5255 2185 5306 ita
2218 5262 2272 5305 et
2304 5268 2427 5321 ego,
2462 5253 2649 5307 nervis
2675 5256 2811 5307 meis
2852 5254 3105 5315 divulsis,
3159 5257 3395 5306 maxime

1821 5355 2102 5399 recreatus
2163 5360 2308 5408 sum,
2367 5345 2552 5399 divina
2612 5346 2783 5414 gratia
2831 5361 2916 5399 me
2975 5344 3392 5399 eorroborante.

1819 5437 1973 5492 Tunc
2002 5438 2109 5489 dux
2141 5437 2311 5503 magis
2342 5440 2624 5506 magisque
2657 5441 2855 5500 iratus,
2899 5437 3063 5507 jussit
3093 5437 3273 5491 oleum
3302 5452 3388 5490 ve-

1819 5528 2103 5584 hementer
2130 5527 2392 5589 calefieri,
2425 5537 2479 5580 et
2527 5528 2578 5579 in
2618 5530 2865 5582 occultas
2908 5538 3093 5597 partes
3138 5526 3391 5595 corporis

1820 5618 2056 5671 infundi.
2115 5615 2234 5681 Quo
2293 5618 2477 5678 facto,
2547 5617 2740 5673 beatus
2790 5626 2994 5686 martyr
3051 5617 3131 5671 ait
3180 5633 3192 5668 :
3251 5613 3389 5667 Tam

1412 5780 1430 5809 ⁸
1465 5774 1623 5834 Joan.
1669 5794 1783 5842 vni,
1827 5778 1914 5832 ιι.
