  <div class='ocr_page' id='page_1' title='image "/cluster/home/n/w/nwhite01/storage/ocr_20150623/115/ien.35556001659887/144.png"; bbox 0 0 3966 6478; ppageno 0'>
   <div class='ocr_carea' id='block_1_1' title="bbox 166 464 250 527">
    <p class='ocr_par' dir='ltr' id='par_1_1' title="bbox 166 464 250 527">
     <span class='ocr_line' id='line_1_1' title="bbox 166 464 250 527; baseline 0 -1"><span class='ocrx_word' id='word_1_1' title='bbox 166 464 250 527; x_wconf 83' lang='lat'><strong>269</strong></span> 
     </span>
    </p>
   </div>
   <div class='ocr_carea' id='block_1_2' title="bbox 1359 450 2135 519">
    <p class='ocr_par' dir='ltr' id='par_1_2' title="bbox 1359 450 2135 519">
     <span class='ocr_line' id='line_1_2' title="bbox 1359 450 2135 519; baseline -0.014 0"><span class='ocrx_word' id='word_1_2' title='bbox 1359 460 1536 519; x_wconf 82' lang='lat' dir='ltr'><strong>VlTA</strong></span> <span class='ocrx_word' id='word_1_3' title='bbox 1581 457 1645 516; x_wconf 89' lang='lat' dir='ltr'><strong>S.</strong></span> <span class='ocrx_word' id='word_1_4' title='bbox 1686 450 2135 515; x_wconf 79' lang='lat' dir='ltr'><strong>SAMPSONIS.</strong></span> 
     </span>
    </p>
   </div>
   <div class='ocr_carea' id='block_1_3' title="bbox 3274 447 3384 505">
    <p class='ocr_par' dir='ltr' id='par_1_3' title="bbox 3274 447 3384 505">
     <span class='ocr_line' id='line_1_3' title="bbox 3274 447 3384 505; baseline 0 -1"><span class='ocrx_word' id='word_1_5' title='bbox 3274 447 3384 505; x_wconf 74' lang='grc'><strong>270</strong></span> 
     </span>
    </p>
   </div>
   <div class='ocr_carea' id='block_1_4' title="bbox 166 555 1723 645">
    <p class='ocr_par' dir='ltr' id='par_1_4' title="bbox 166 567 1713 645">
     <span class='ocr_line' id='line_1_4' title="bbox 166 567 1713 645; baseline -0.007 -16"><span class='ocrx_word' id='word_1_6' title='bbox 166 578 341 629; x_wconf 79' lang='grc' dir='ltr'>πεπτων</span> <span class='ocrx_word' id='word_1_7' title='bbox 368 573 735 645; x_wconf 77' lang='grc' dir='ltr'>διηγημάτων</span> <span class='ocrx_word' id='word_1_8' title='bbox 768 575 797 626; x_wconf 83' lang='grc' dir='ltr'><strong>ὁ</strong></span> <span class='ocrx_word' id='word_1_9' title='bbox 823 572 982 641; x_wconf 81' lang='grc' dir='ltr'>λόγος</span> <span class='ocrx_word' id='word_1_10' title='bbox 1010 570 1182 640; x_wconf 80' lang='grc' dir='ltr'>αὐτῷ,</span> <span class='ocrx_word' id='word_1_11' title='bbox 1210 572 1307 624; x_wconf 74' lang='grc' dir='ltr'>καὶ</span> <span class='ocrx_word' id='word_1_12' title='bbox 1346 567 1713 640; x_wconf 80' lang='grc' dir='ltr'>μεταλλαγαῖς</span> 
     </span>
    </p>
   </div>
   <div class='ocr_carea' id='block_1_5' title="bbox 1829 555 3389 645">
    <p class='ocr_par' dir='ltr' id='par_1_5' title="bbox 1829 555 3389 627">
     <span class='ocr_line' id='line_1_5' title="bbox 1829 555 3389 627; baseline -0.003 -14"><span class='ocrx_word' id='word_1_13' title='bbox 1829 562 2017 623; x_wconf 69' lang='lat' dir='ltr'><strong>luisse,</strong></span> <span class='ocrx_word' id='word_1_14' title='bbox 2077 569 2130 613; x_wconf 85' lang='lat' dir='ltr'><strong>et</strong></span> <span class='ocrx_word' id='word_1_15' title='bbox 2189 572 2451 627; x_wconf 87' lang='lat' dir='ltr'><strong>perquam</strong></span> <span class='ocrx_word' id='word_1_16' title='bbox 2510 555 2833 610; x_wconf 75' lang='lat' dir='ltr'><strong>familiarem</strong></span> <span class='ocrx_word' id='word_1_17' title='bbox 2893 556 3010 613; x_wconf 87' lang='lat' dir='ltr'><strong>viro</strong></span> <span class='ocrx_word' id='word_1_18' title='bbox 3069 555 3120 608; x_wconf 90' lang='lat' dir='ltr'><strong>in</strong></span> <span class='ocrx_word' id='word_1_19' title='bbox 3180 570 3389 609; x_wconf 86' lang='lat' dir='ltr'><strong>summa</strong></span> 
     </span>
    </p>
   </div>
   <div class='ocr_carea' id='block_1_6' title="bbox 166 656 1705 731">
    <p class='ocr_par' dir='ltr' id='par_1_6' title="bbox 166 656 1705 731">
     <span class='ocr_line' id='line_1_6' title="bbox 166 656 1705 731; baseline -0.004 -15"><span class='ocrx_word' id='word_1_20' title='bbox 166 664 431 717; x_wconf 72' lang='grc' dir='ltr'><strong>ὑποθέσεων</strong></span> <span class='ocrx_word' id='word_1_21' title='bbox 461 663 522 714; x_wconf 76' lang='grc' dir='ltr'>οὐ</span> <span class='ocrx_word' id='word_1_22' title='bbox 558 663 864 731; x_wconf 82' lang='grc' dir='ltr'>συγχεῖται,</span> <span class='ocrx_word' id='word_1_23' title='bbox 892 660 1012 713; x_wconf 79' lang='grc' dir='ltr'><strong>οὐδὲ</strong></span> <span class='ocrx_word' id='word_1_24' title='bbox 1038 658 1384 730; x_wconf 83' lang='grc' dir='ltr'>ταράττεται.</span> <span class='ocrx_word' id='word_1_25' title='bbox 1424 678 1441 709; x_wconf 82' lang='grc'><strong>›</strong></span> <span class='ocrx_word' id='word_1_26' title='bbox 1478 658 1610 723; x_wconf 71' lang='lat' dir='ltr'><strong>Qum</strong></span> <span class='ocrx_word' id='word_1_27' title='bbox 1634 656 1705 711; x_wconf 89' lang='lat' dir='ltr'><strong>ita</strong></span> 
     </span>
    </p>
   </div>
   <div class='ocr_carea' id='block_1_7' title="bbox 166 757 600 812">
    <p class='ocr_par' dir='ltr' id='par_1_7' title="bbox 166 757 600 812">
     <span class='ocr_line' id='line_1_7' title="bbox 166 757 600 812; baseline -0.002 -3"><span class='ocrx_word' id='word_1_28' title='bbox 166 757 299 812; x_wconf 82' lang='lat' dir='ltr'><strong>vertit</strong></span> <span class='ocrx_word' id='word_1_29' title='bbox 324 757 553 810; x_wconf 82' lang='lat' dir='ltr'><strong>Allatius</strong></span> <span class='ocrx_word' id='word_1_30' title='bbox 587 772 600 808; x_wconf 91' lang='lat'>:</span> 
     </span>
    </p>
   </div>
   <div class='ocr_carea' id='block_1_8' title="bbox 222 843 1707 918">
    <p class='ocr_par' dir='ltr' id='par_1_8' title="bbox 222 843 1707 918">
     <span class='ocr_line' id='line_1_8' title="bbox 222 843 1707 918; baseline -0.003 -16"><span class='ocrx_word' id='word_1_31' title='bbox 222 849 264 902; x_wconf 82' lang='grc'><strong>5.</strong></span> <span class='ocrx_word' id='word_1_32' title='bbox 300 867 315 898; x_wconf 75' lang='grc' dir='ltr'>ι</span> <span class='ocrx_word' id='word_1_33' title='bbox 353 849 691 918; x_wconf 82' lang='lat' dir='ltr'><strong>Principium</strong></span> <span class='ocrx_word' id='word_1_34' title='bbox 729 848 849 917; x_wconf 83' lang='lat' dir='ltr'><strong>ejus</strong></span> <span class='ocrx_word' id='word_1_35' title='bbox 890 845 1204 901; x_wconf 88' lang='lat' dir='ltr'><strong>orationum</strong></span> <span class='ocrx_word' id='word_1_36' title='bbox 1250 844 1437 899; x_wconf 87' lang='lat' dir='ltr'><strong>statim</strong></span> <span class='ocrx_word' id='word_1_37' title='bbox 1488 843 1707 913; x_wconf 85' lang='lat' dir='ltr'><strong>attingit</strong></span> 
     </span>
    </p>
   </div>
   <div class='ocr_carea' id='block_1_9' title="bbox 167 936 1708 1009">
    <p class='ocr_par' dir='ltr' id='par_1_9' title="bbox 167 936 1708 1009">
     <span class='ocr_line' id='line_1_9' title="bbox 167 936 1708 1009; baseline -0.003 -16"><span class='ocrx_word' id='word_1_38' title='bbox 167 942 457 1009; x_wconf 85' lang='lat' dir='ltr'><strong>subjectum,</strong></span> <span class='ocrx_word' id='word_1_39' title='bbox 483 948 538 992; x_wconf 91' lang='lat' dir='ltr'><strong>et</strong></span> <span class='ocrx_word' id='word_1_40' title='bbox 565 955 755 1009; x_wconf 90' lang='lat' dir='ltr'><strong>parum</strong></span> <span class='ocrx_word' id='word_1_41' title='bbox 790 938 1120 1007; x_wconf 88' lang='lat' dir='ltr'><strong>procedens,</strong></span> <span class='ocrx_word' id='word_1_42' title='bbox 1153 936 1398 991; x_wconf 89' lang='lat' dir='ltr'><strong>ostendit</strong></span> <span class='ocrx_word' id='word_1_43' title='bbox 1444 936 1527 991; x_wconf 90' lang='lat' dir='ltr'><strong>sui</strong></span> <span class='ocrx_word' id='word_1_44' title='bbox 1570 937 1708 989; x_wconf 89' lang='lat' dir='ltr'><strong>scri-</strong></span> 
     </span>
    </p>
   </div>
   <div class='ocr_carea' id='block_1_10' title="bbox 164 1029 1708 1100">
    <p class='ocr_par' dir='ltr' id='par_1_10' title="bbox 164 1029 1708 1100">
     <span class='ocr_line' id='line_1_10' title="bbox 164 1029 1708 1100; baseline -0.002 -15"><span class='ocrx_word' id='word_1_45' title='bbox 164 1033 225 1100; x_wconf 87' lang='lat' dir='ltr'><strong>pti</strong></span> <span class='ocrx_word' id='word_1_46' title='bbox 261 1047 511 1098; x_wconf 83' lang='lat' dir='ltr'><strong>scepum;</strong></span> <span class='ocrx_word' id='word_1_47' title='bbox 551 1042 608 1083; x_wconf 88' lang='lat' dir='ltr'><strong>et</strong></span> <span class='ocrx_word' id='word_1_48' title='bbox 649 1031 703 1084; x_wconf 92' lang='lat' dir='ltr'><strong>in</strong></span> <span class='ocrx_word' id='word_1_49' title='bbox 748 1031 1031 1084; x_wconf 86' lang='lat' dir='ltr'><strong>nonnullis</strong></span> <span class='ocrx_word' id='word_1_50' title='bbox 1068 1029 1433 1090; x_wconf 88' lang='lat' dir='ltr'><strong>orationibus,</strong></span> <span class='ocrx_word' id='word_1_51' title='bbox 1461 1044 1582 1080; x_wconf 90' lang='lat' dir='ltr'><strong>cum</strong></span> <span class='ocrx_word' id='word_1_52' title='bbox 1626 1039 1708 1082; x_wconf 92' lang='lat' dir='ltr'><strong>to-</strong></span> 
     </span>
    </p>
   </div>
   <div class='ocr_carea' id='block_1_11' title="bbox 165 1119 1706 1193">
    <p class='ocr_par' dir='ltr' id='par_1_11' title="bbox 165 1119 1706 1193">
     <span class='ocr_line' id='line_1_11' title="bbox 165 1119 1706 1193; baseline -0.005 -15"><span class='ocrx_word' id='word_1_53' title='bbox 165 1136 260 1178; x_wconf 90' lang='lat' dir='ltr'><strong>tum</strong></span> <span class='ocrx_word' id='word_1_54' title='bbox 287 1134 667 1193; x_wconf 78' lang='lat' dir='ltr'><strong>argumentum</strong></span> <span class='ocrx_word' id='word_1_55' title='bbox 703 1122 1033 1191; x_wconf 90' lang='lat' dir='ltr'><strong>recapitulet</strong></span> <span class='ocrx_word' id='word_1_56' title='bbox 1076 1122 1130 1175; x_wconf 91' lang='lat' dir='ltr'><strong>in</strong></span> <span class='ocrx_word' id='word_1_57' title='bbox 1172 1134 1464 1181; x_wconf 84' lang='lat' dir='ltr'><strong>summam,</strong></span> <span class='ocrx_word' id='word_1_58' title='bbox 1498 1119 1551 1171; x_wconf 87' lang='lat' dir='ltr'><strong>id</strong></span> <span class='ocrx_word' id='word_1_59' title='bbox 1590 1126 1706 1172; x_wconf 86' lang='lat' dir='ltr'><strong>sta-</strong></span> 
     </span>
    </p>
   </div>
   <div class='ocr_carea' id='block_1_12' title="bbox 165 1214 1705 1285">
    <p class='ocr_par' dir='ltr' id='par_1_12' title="bbox 165 1214 1705 1285">
     <span class='ocr_line' id='line_1_12' title="bbox 165 1214 1705 1285; baseline -0.003 -16"><span class='ocrx_word' id='word_1_60' title='bbox 165 1219 241 1269; x_wconf 91' lang='lat' dir='ltr'><strong>tim</strong></span> <span class='ocrx_word' id='word_1_61' title='bbox 269 1218 314 1269; x_wconf 91' lang='lat' dir='ltr'><strong>in</strong></span> <span class='ocrx_word' id='word_1_62' title='bbox 346 1226 529 1285; x_wconf 87' lang='lat' dir='ltr'><strong>partes</strong></span> <span class='ocrx_word' id='word_1_63' title='bbox 550 1215 769 1270; x_wconf 92' lang='lat' dir='ltr'><strong>dividit.</strong></span> <span class='ocrx_word' id='word_1_64' title='bbox 802 1215 869 1270; x_wconf 87' lang='lat' dir='ltr'><strong>Se</strong></span> <span class='ocrx_word' id='word_1_65' title='bbox 897 1226 1078 1269; x_wconf 88' lang='lat' dir='ltr'><strong>autem</strong></span> <span class='ocrx_word' id='word_1_66' title='bbox 1114 1214 1493 1269; x_wconf 91' lang='lat' dir='ltr'><strong>accommodat</strong></span> <span class='ocrx_word' id='word_1_67' title='bbox 1515 1226 1705 1279; x_wconf 89' lang='lat' dir='ltr'><strong>perso-</strong></span> 
     </span>
    </p>
   </div>
   <div class='ocr_carea' id='block_1_13' title="bbox 165 1304 1707 1377">
    <p class='ocr_par' dir='ltr' id='par_1_13' title="bbox 165 1304 1707 1377">
     <span class='ocr_line' id='line_1_13' title="bbox 165 1304 1707 1377; baseline -0.001 -17"><span class='ocrx_word' id='word_1_68' title='bbox 165 1309 233 1360; x_wconf 87' lang='lat' dir='ltr'><strong>nis</strong></span> <span class='ocrx_word' id='word_1_69' title='bbox 279 1318 327 1361; x_wconf 89' lang='lat' dir='ltr'><strong>et</strong></span> <span class='ocrx_word' id='word_1_70' title='bbox 376 1308 747 1377; x_wconf 83' lang='lat' dir='ltr'><strong>temporibus,</strong></span> <span class='ocrx_word' id='word_1_71' title='bbox 791 1317 952 1363; x_wconf 86' lang='lat' dir='ltr'><strong>etest</strong></span> <span class='ocrx_word' id='word_1_72' title='bbox 997 1306 1217 1376; x_wconf 85' lang='lat' dir='ltr'><strong>quidem</strong></span> <span class='ocrx_word' id='word_1_73' title='bbox 1260 1306 1515 1361; x_wconf 86' lang='lat' dir='ltr'><strong>omnibus</strong></span> <span class='ocrx_word' id='word_1_74' title='bbox 1562 1304 1707 1359; x_wconf 87' lang='lat' dir='ltr'><strong>idem</strong></span> 
     </span>
    </p>
   </div>
   <div class='ocr_carea' id='block_1_14' title="bbox 163 1400 1706 1471">
    <p class='ocr_par' dir='ltr' id='par_1_14' title="bbox 163 1400 1706 1471">
     <span class='ocr_line' id='line_1_14' title="bbox 163 1400 1706 1471; baseline -0.001 -17"><span class='ocrx_word' id='word_1_75' title='bbox 163 1402 287 1454; x_wconf 88' lang='lat' dir='ltr'><strong>color</strong></span> <span class='ocrx_word' id='word_1_76' title='bbox 322 1402 589 1457; x_wconf 89' lang='lat' dir='ltr'><strong>orationis</strong></span> <span class='ocrx_word' id='word_1_77' title='bbox 638 1412 695 1455; x_wconf 92' lang='lat' dir='ltr'><strong>et</strong></span> <span class='ocrx_word' id='word_1_78' title='bbox 746 1417 853 1455; x_wconf 90' lang='lat' dir='ltr'><strong>una</strong></span> <span class='ocrx_word' id='word_1_79' title='bbox 884 1401 1123 1471; x_wconf 82' lang='lat' dir='ltr'><strong>qualitas</strong></span> <span class='ocrx_word' id='word_1_80' title='bbox 1158 1400 1453 1465; x_wconf 88' lang='lat' dir='ltr'><strong>dictionis;</strong></span> <span class='ocrx_word' id='word_1_81' title='bbox 1492 1414 1706 1453; x_wconf 90' lang='lat' dir='ltr'><strong>morum</strong></span> 
     </span>
    </p>
   </div>
   <div class='ocr_carea' id='block_1_15' title="bbox 160 1492 1707 1562">
    <p class='ocr_par' dir='ltr' id='par_1_15' title="bbox 160 1492 1707 1562">
     <span class='ocr_line' id='line_1_15' title="bbox 160 1492 1707 1562; baseline -0.001 -16"><span class='ocrx_word' id='word_1_82' title='bbox 160 1503 313 1547; x_wconf 89' lang='lat' dir='ltr'><strong>autem</strong></span> <span class='ocrx_word' id='word_1_83' title='bbox 347 1496 497 1548; x_wconf 87' lang='lat' dir='ltr'><strong>varia</strong></span> <span class='ocrx_word' id='word_1_84' title='bbox 528 1503 614 1549; x_wconf 92' lang='lat' dir='ltr'><strong>est</strong></span> <span class='ocrx_word' id='word_1_85' title='bbox 655 1494 906 1558; x_wconf 87' lang='lat' dir='ltr'><strong>mutatio,</strong></span> <span class='ocrx_word' id='word_1_86' title='bbox 951 1503 1027 1559; x_wconf 89' lang='lat' dir='ltr'><strong>et,</strong></span> <span class='ocrx_word' id='word_1_87' title='bbox 1059 1501 1120 1547; x_wconf 94' lang='lat' dir='ltr'><strong>ut</strong></span> <span class='ocrx_word' id='word_1_88' title='bbox 1170 1493 1369 1547; x_wconf 84' lang='lat' dir='ltr'><strong>dixerit</strong></span> <span class='ocrx_word' id='word_1_89' title='bbox 1409 1492 1707 1562; x_wconf 85' lang='lat' dir='ltr'><strong>quispiam,</strong></span> 
     </span>
    </p>
   </div>
   <div class='ocr_carea' id='block_1_16' title="bbox 160 1584 1709 1656">
    <p class='ocr_par' dir='ltr' id='par_1_16' title="bbox 160 1584 1709 1656">
     <span class='ocr_line' id='line_1_16' title="bbox 160 1584 1709 1656; baseline 0.001 -20"><span class='ocrx_word' id='word_1_90' title='bbox 160 1586 443 1649; x_wconf 84' lang='lat' dir='ltr'><strong>artiﬁciosa,</strong></span> <span class='ocrx_word' id='word_1_91' title='bbox 490 1603 599 1641; x_wconf 90' lang='lat' dir='ltr'><strong>non</strong></span> <span class='ocrx_word' id='word_1_92' title='bbox 663 1601 762 1656; x_wconf 87' lang='lat' dir='ltr'><strong>per</strong></span> <span class='ocrx_word' id='word_1_93' title='bbox 802 1595 974 1640; x_wconf 90' lang='lat' dir='ltr'><strong>artem</strong></span> <span class='ocrx_word' id='word_1_94' title='bbox 1014 1601 1102 1639; x_wconf 83' lang='lat' dir='ltr'><strong>res</strong></span> <span class='ocrx_word' id='word_1_95' title='bbox 1135 1595 1372 1648; x_wconf 87' lang='lat' dir='ltr'><strong>mutans,</strong></span> <span class='ocrx_word' id='word_1_96' title='bbox 1410 1584 1527 1647; x_wconf 90' lang='lat' dir='ltr'><strong>sed,</strong></span> <span class='ocrx_word' id='word_1_97' title='bbox 1561 1584 1709 1653; x_wconf 87' lang='lat' dir='ltr'><strong>quod</strong></span> 
     </span>
    </p>
   </div>
   <div class='ocr_carea' id='block_1_17' title="bbox 159 1675 1705 1748">
    <p class='ocr_par' dir='ltr' id='par_1_17' title="bbox 159 1675 1705 1748">
     <span class='ocr_line' id='line_1_17' title="bbox 159 1675 1705 1748; baseline -0.002 -16"><span class='ocrx_word' id='word_1_98' title='bbox 159 1680 424 1748; x_wconf 88' lang='lat' dir='ltr'><strong>unicuique</strong></span> <span class='ocrx_word' id='word_1_99' title='bbox 479 1679 557 1733; x_wconf 92' lang='lat' dir='ltr'><strong>rei</strong></span> <span class='ocrx_word' id='word_1_100' title='bbox 608 1687 664 1731; x_wconf 91' lang='lat' dir='ltr'><strong>et</strong></span> <span class='ocrx_word' id='word_1_101' title='bbox 717 1693 961 1746; x_wconf 64' lang='lat' dir='ltr'><strong>personae</strong></span> <span class='ocrx_word' id='word_1_102' title='bbox 1012 1676 1273 1730; x_wconf 91' lang='lat' dir='ltr'><strong>incidenti</strong></span> <span class='ocrx_word' id='word_1_103' title='bbox 1322 1675 1705 1740; x_wconf 76' lang='lat' dir='ltr'><strong>conveniebat,</strong></span> 
     </span>
    </p>
   </div>
   <div class='ocr_carea' id='block_1_18' title="bbox 164 1766 1707 1839">
    <p class='ocr_par' dir='ltr' id='par_1_18' title="bbox 164 1766 1707 1839">
     <span class='ocr_line' id='line_1_18' title="bbox 164 1766 1707 1839; baseline -0.005 -15"><span class='ocrx_word' id='word_1_104' title='bbox 164 1773 521 1839; x_wconf 87' lang='lat' dir='ltr'><strong>interpretans.</strong></span> <span class='ocrx_word' id='word_1_105' title='bbox 558 1770 841 1837; x_wconf 85' lang='lat' dir='ltr'><strong>Tanquam</strong></span> <span class='ocrx_word' id='word_1_106' title='bbox 873 1778 1053 1821; x_wconf 85' lang='lat' dir='ltr'><strong>autem</strong></span> <span class='ocrx_word' id='word_1_107' title='bbox 1091 1766 1158 1821; x_wconf 87' lang='lat' dir='ltr'><strong>ad</strong></span> <span class='ocrx_word' id='word_1_108' title='bbox 1190 1768 1485 1838; x_wconf 74' lang='lat' dir='ltr'><strong>archetypa</strong></span> <span class='ocrx_word' id='word_1_109' title='bbox 1519 1781 1707 1821; x_wconf 76' lang='lat' dir='ltr'><strong>exem-</strong></span> 
     </span>
    </p>
   </div>
   <div class='ocr_carea' id='block_1_19' title="bbox 160 1857 1707 1927">
    <p class='ocr_par' dir='ltr' id='par_1_19' title="bbox 160 1857 1707 1927">
     <span class='ocr_line' id='line_1_19' title="bbox 160 1857 1707 1927; baseline 0.001 -16"><span class='ocrx_word' id='word_1_110' title='bbox 160 1862 301 1927; x_wconf 76' lang='lat' dir='ltr'><strong>plaria</strong></span> <span class='ocrx_word' id='word_1_111' title='bbox 340 1876 399 1911; x_wconf 90' lang='lat' dir='ltr'><strong>ac</strong></span> <span class='ocrx_word' id='word_1_112' title='bbox 432 1875 521 1912; x_wconf 87' lang='lat' dir='ltr'><strong>res</strong></span> <span class='ocrx_word' id='word_1_113' title='bbox 546 1858 885 1926; x_wconf 90' lang='lat' dir='ltr'><strong>antiquiores</strong></span> <span class='ocrx_word' id='word_1_114' title='bbox 914 1858 1157 1922; x_wconf 89' lang='lat' dir='ltr'><strong>intuens,</strong></span> <span class='ocrx_word' id='word_1_115' title='bbox 1193 1873 1295 1912; x_wconf 89' lang='lat' dir='ltr'><strong>nec</strong></span> <span class='ocrx_word' id='word_1_116' title='bbox 1319 1857 1388 1911; x_wconf 90' lang='lat' dir='ltr'><strong>ab</strong></span> <span class='ocrx_word' id='word_1_117' title='bbox 1416 1857 1523 1911; x_wconf 89' lang='lat' dir='ltr'><strong>illis</strong></span> <span class='ocrx_word' id='word_1_118' title='bbox 1554 1872 1707 1912; x_wconf 66' lang='lat' dir='ltr'><strong>rece~</strong></span> 
     </span>
    </p>
   </div>
   <div class='ocr_carea' id='block_1_20' title="bbox 159 1929 1784 2020">
    <p class='ocr_par' dir='ltr' id='par_1_20' title="bbox 159 1929 1784 2020">
     <span class='ocr_line' id='line_1_20' title="bbox 159 1929 1784 2020; baseline 0 -17"><span class='ocrx_word' id='word_1_119' title='bbox 159 1952 241 2012; x_wconf 89' lang='lat' dir='ltr'><strong>dit,</strong></span> <span class='ocrx_word' id='word_1_120' title='bbox 268 1968 329 2006; x_wconf 90' lang='lat' dir='ltr'><strong>ne</strong></span> <span class='ocrx_word' id='word_1_121' title='bbox 371 1953 628 2008; x_wconf 84' lang='lat' dir='ltr'><strong>videatur</strong></span> <span class='ocrx_word' id='word_1_122' title='bbox 671 1950 878 2020; x_wconf 87' lang='lat' dir='ltr'><strong>aliquid</strong></span> <span class='ocrx_word' id='word_1_123' title='bbox 916 1950 1063 2004; x_wconf 90' lang='lat' dir='ltr'><strong>aliud</strong></span> <span class='ocrx_word' id='word_1_124' title='bbox 1104 1950 1307 2016; x_wconf 91' lang='lat' dir='ltr'><strong>facere,</strong></span> <span class='ocrx_word' id='word_1_125' title='bbox 1338 1960 1394 2004; x_wconf 91' lang='lat' dir='ltr'><strong>et</strong></span> <span class='ocrx_word' id='word_1_126' title='bbox 1426 1950 1490 2003; x_wconf 86' lang='lat' dir='ltr'><strong>ad</strong></span> <span class='ocrx_word' id='word_1_127' title='bbox 1523 1966 1707 2005; x_wconf 84' lang='lat' dir='ltr'><strong>cxcm-</strong></span> <span class='ocrx_word' id='word_1_128' title='bbox 1744 1929 1784 1983; x_wconf 77' lang='grc' dir='ltr'>Β</span> 
     </span>
    </p>
   </div>
   <div class='ocr_carea' id='block_1_21' title="bbox 159 2042 1706 2114">
    <p class='ocr_par' dir='ltr' id='par_1_21' title="bbox 159 2042 1706 2114">
     <span class='ocr_line' id='line_1_21' title="bbox 159 2042 1706 2114; baseline -0.001 -17"><span class='ocrx_word' id='word_1_129' title='bbox 159 2046 254 2111; x_wconf 89' lang='lat' dir='ltr'><strong>plar</strong></span> <span class='ocrx_word' id='word_1_130' title='bbox 297 2060 514 2114; x_wconf 87' lang='lat' dir='ltr'><strong>quoque</strong></span> <span class='ocrx_word' id='word_1_131' title='bbox 557 2052 727 2098; x_wconf 89' lang='lat' dir='ltr'><strong>totam</strong></span> <span class='ocrx_word' id='word_1_132' title='bbox 797 2053 1127 2100; x_wconf 84' lang='lat' dir='ltr'><strong>transmutat</strong></span> <span class='ocrx_word' id='word_1_133' title='bbox 1172 2042 1392 2097; x_wconf 87' lang='lat' dir='ltr'><strong>dicendi</strong></span> <span class='ocrx_word' id='word_1_134' title='bbox 1449 2042 1706 2105; x_wconf 89' lang='lat' dir='ltr'><strong>formam,</strong></span> 
     </span>
    </p>
   </div>
   <div class='ocr_carea' id='block_1_22' title="bbox 157 2133 1709 2203">
    <p class='ocr_par' dir='ltr' id='par_1_22' title="bbox 157 2133 1709 2203">
     <span class='ocr_line' id='line_1_22' title="bbox 157 2133 1709 2203; baseline -0.002 -14"><span class='ocrx_word' id='word_1_135' title='bbox 157 2152 245 2190; x_wconf 85' lang='lat' dir='ltr'><strong>non</strong></span> <span class='ocrx_word' id='word_1_136' title='bbox 286 2138 552 2193; x_wconf 79' lang='lat' dir='ltr'><strong>diversam</strong></span> <span class='ocrx_word' id='word_1_137' title='bbox 598 2136 807 2191; x_wconf 82' lang='lat' dir='ltr'><strong>faciens</strong></span> <span class='ocrx_word' id='word_1_138' title='bbox 851 2134 1175 2199; x_wconf 86' lang='lat' dir='ltr'><strong>materiam,</strong></span> <span class='ocrx_word' id='word_1_139' title='bbox 1208 2136 1303 2188; x_wconf 92' lang='lat' dir='ltr'><strong>sed</strong></span> <span class='ocrx_word' id='word_1_140' title='bbox 1350 2136 1493 2203; x_wconf 88' lang='lat' dir='ltr'><strong>quod</strong></span> <span class='ocrx_word' id='word_1_141' title='bbox 1534 2135 1584 2187; x_wconf 92' lang='lat' dir='ltr'><strong>in</strong></span> <span class='ocrx_word' id='word_1_142' title='bbox 1623 2133 1709 2187; x_wconf 90' lang='lat' dir='ltr'><strong>di-</strong></span> 
     </span>
    </p>
   </div>
   <div class='ocr_carea' id='block_1_23' title="bbox 154 2226 1710 2298">
    <p class='ocr_par' dir='ltr' id='par_1_23' title="bbox 154 2226 1710 2298">
     <span class='ocr_line' id='line_1_23' title="bbox 154 2226 1710 2298; baseline -0.001 -19"><span class='ocrx_word' id='word_1_143' title='bbox 154 2228 290 2281; x_wconf 84' lang='lat' dir='ltr'><strong>ccndi</strong></span> <span class='ocrx_word' id='word_1_144' title='bbox 315 2244 514 2298; x_wconf 85' lang='lat' dir='ltr'><strong>genere</strong></span> <span class='ocrx_word' id='word_1_145' title='bbox 540 2234 825 2296; x_wconf 89' lang='lat' dir='ltr'><strong>peccatum</strong></span> <span class='ocrx_word' id='word_1_146' title='bbox 853 2235 989 2290; x_wconf 89' lang='lat' dir='ltr'><strong>erat,</strong></span> <span class='ocrx_word' id='word_1_147' title='bbox 1024 2226 1342 2295; x_wconf 75' lang='lat' dir='ltr'><strong>corrigens;</strong></span> <span class='ocrx_word' id='word_1_148' title='bbox 1381 2240 1558 2292; x_wconf 91' lang='lat' dir='ltr'><strong>neque</strong></span> <span class='ocrx_word' id='word_1_149' title='bbox 1589 2239 1710 2277; x_wconf 81' lang='lat' dir='ltr'><strong>sen-</strong></span> 
     </span>
    </p>
   </div>
   <div class='ocr_carea' id='block_1_24' title="bbox 159 2316 1706 2388">
    <p class='ocr_par' dir='ltr' id='par_1_24' title="bbox 159 2316 1706 2388">
     <span class='ocr_line' id='line_1_24' title="bbox 159 2316 1706 2388; baseline -0.001 -16"><span class='ocrx_word' id='word_1_150' title='bbox 159 2324 330 2374; x_wconf 86' lang='lat' dir='ltr'><strong>tentias</strong></span> <span class='ocrx_word' id='word_1_151' title='bbox 363 2323 653 2383; x_wconf 81' lang='lat' dir='ltr'><strong>innovans,</strong></span> <span class='ocrx_word' id='word_1_152' title='bbox 690 2321 784 2374; x_wconf 89' lang='lat' dir='ltr'><strong>sed</strong></span> <span class='ocrx_word' id='word_1_153' title='bbox 813 2329 1146 2375; x_wconf 88' lang='lat' dir='ltr'><strong>convertens</strong></span> <span class='ocrx_word' id='word_1_154' title='bbox 1169 2318 1396 2388; x_wconf 87' lang='lat' dir='ltr'><strong>ﬁguram</strong></span> <span class='ocrx_word' id='word_1_155' title='bbox 1428 2316 1706 2380; x_wconf 87' lang='lat' dir='ltr'><strong>dictionis,</strong></span> 
     </span>
    </p>
   </div>
   <div class='ocr_carea' id='block_1_25' title="bbox 154 2410 1711 2467">
    <p class='ocr_par' dir='ltr' id='par_1_25' title="bbox 154 2410 1711 2467">
     <span class='ocr_line' id='line_1_25' title="bbox 154 2410 1711 2467; baseline -0.002 -2"><span class='ocrx_word' id='word_1_156' title='bbox 154 2425 199 2465; x_wconf 81' lang='lat' dir='ltr'><strong>et</strong></span> <span class='ocrx_word' id='word_1_157' title='bbox 230 2413 273 2465; x_wconf 87' lang='lat' dir='ltr'><strong>ei</strong></span> <span class='ocrx_word' id='word_1_158' title='bbox 304 2413 552 2466; x_wconf 85' lang='lat' dir='ltr'><strong>incidens</strong></span> <span class='ocrx_word' id='word_1_159' title='bbox 585 2413 766 2467; x_wconf 89' lang='lat' dir='ltr'><strong>oratio</strong></span> <span class='ocrx_word' id='word_1_160' title='bbox 816 2413 870 2465; x_wconf 95' lang='lat' dir='ltr'><strong>in</strong></span> <span class='ocrx_word' id='word_1_161' title='bbox 907 2410 1286 2465; x_wconf 82' lang='lat' dir='ltr'><strong>diversitatem</strong></span> <span class='ocrx_word' id='word_1_162' title='bbox 1335 2410 1711 2463; x_wconf 87' lang='lat' dir='ltr'><strong>narrationum</strong></span> 
     </span>
    </p>
   </div>
   <div class='ocr_carea' id='block_1_26' title="bbox 155 2502 1713 2572">
    <p class='ocr_par' dir='ltr' id='par_1_26' title="bbox 155 2502 1713 2572">
     <span class='ocr_line' id='line_1_26' title="bbox 155 2502 1713 2572; baseline -0.001 -15"><span class='ocrx_word' id='word_1_163' title='bbox 155 2517 198 2557; x_wconf 78' lang='lat' dir='ltr'><strong>et</strong></span> <span class='ocrx_word' id='word_1_164' title='bbox 230 2506 540 2561; x_wconf 82' lang='lat' dir='ltr'><strong>varietatem</strong></span> <span class='ocrx_word' id='word_1_165' title='bbox 581 2514 1034 2572; x_wconf 77' lang='lat' dir='ltr'><strong>argumentorum</strong></span> <span class='ocrx_word' id='word_1_166' title='bbox 1080 2518 1190 2558; x_wconf 88' lang='lat' dir='ltr'><strong>n0n</strong></span> <span class='ocrx_word' id='word_1_167' title='bbox 1216 2502 1576 2557; x_wconf 90' lang='lat' dir='ltr'><strong>confunditur</strong></span> <span class='ocrx_word' id='word_1_168' title='bbox 1611 2516 1713 2555; x_wconf 87' lang='lat' dir='ltr'><strong>ne-</strong></span> 
     </span>
    </p>
   </div>
   <div class='ocr_carea' id='block_1_27' title="bbox 153 2598 846 2666">
    <p class='ocr_par' dir='ltr' id='par_1_27' title="bbox 153 2598 846 2666">
     <span class='ocr_line' id='line_1_27' title="bbox 153 2598 846 2666; baseline 0 -16"><span class='ocrx_word' id='word_1_169' title='bbox 153 2612 243 2665; x_wconf 87' lang='lat' dir='ltr'><strong>que</strong></span> <span class='ocrx_word' id='word_1_170' title='bbox 273 2598 643 2666; x_wconf 83' lang='lat' dir='ltr'><strong>perturbatur,</strong></span> <span class='ocrx_word' id='word_1_171' title='bbox 680 2618 699 2647; x_wconf 79' lang='grc' dir='ltr'><strong>ιι</strong></span> <span class='ocrx_word' id='word_1_172' title='bbox 741 2604 846 2650; x_wconf 88' lang='lat' dir='ltr'><strong>etc.</strong></span> 
     </span>
    </p>
   </div>
   <div class='ocr_carea' id='block_1_28' title="bbox 212 2681 1713 2759">
    <p class='ocr_par' dir='ltr' id='par_1_28' title="bbox 212 2681 1713 2759">
     <span class='ocr_line' id='line_1_28' title="bbox 212 2681 1713 2759; baseline -0.004 -18"><span class='ocrx_word' id='word_1_173' title='bbox 212 2689 259 2742; x_wconf 70' lang='grc'><strong>4.</strong></span> <span class='ocrx_word' id='word_1_174' title='bbox 294 2689 413 2744; x_wconf 56' lang='lat' dir='ltr'><strong>ﬂare</strong></span> <span class='ocrx_word' id='word_1_175' title='bbox 439 2689 536 2759; x_wconf 87' lang='lat' dir='ltr'><strong>qui</strong></span> <span class='ocrx_word' id='word_1_176' title='bbox 564 2702 690 2742; x_wconf 91' lang='lat' dir='ltr'><strong>cum</strong></span> <span class='ocrx_word' id='word_1_177' title='bbox 722 2685 993 2742; x_wconf 70' lang='lat' dir='ltr'><strong>Prommio</strong></span> <span class='ocrx_word' id='word_1_178' title='bbox 1022 2684 1265 2739; x_wconf 88' lang='lat' dir='ltr'><strong>auctoris</strong></span> <span class='ocrx_word' id='word_1_179' title='bbox 1294 2682 1619 2747; x_wconf 86' lang='lat' dir='ltr'><strong>contulerit,</strong></span> <span class='ocrx_word' id='word_1_180' title='bbox 1655 2681 1713 2735; x_wconf 92' lang='lat' dir='ltr'><strong>in</strong></span> 
     </span>
    </p>
   </div>
   <div class='ocr_carea' id='block_1_29' title="bbox 153 2777 1716 2851">
    <p class='ocr_par' dir='ltr' id='par_1_29' title="bbox 153 2777 1716 2851">
     <span class='ocr_line' id='line_1_29' title="bbox 153 2777 1716 2851; baseline -0.002 -16"><span class='ocrx_word' id='word_1_181' title='bbox 153 2798 208 2835; x_wconf 81' lang='lat' dir='ltr'><strong>eo</strong></span> <span class='ocrx_word' id='word_1_182' title='bbox 246 2782 666 2851; x_wconf 82' lang='lat' dir='ltr'><strong>Metapbrastem</strong></span> <span class='ocrx_word' id='word_1_183' title='bbox 718 2790 978 2849; x_wconf 83' lang='lat' dir='ltr'><strong>agnoscet</strong></span> <span class='ocrx_word' id='word_1_184' title='bbox 1026 2800 1038 2835; x_wconf 92' lang='lat'><strong>:</strong></span> <span class='ocrx_word' id='word_1_185' title='bbox 1080 2780 1135 2834; x_wconf 93' lang='lat' dir='ltr'><strong>in</strong></span> <span class='ocrx_word' id='word_1_186' title='bbox 1187 2780 1308 2849; x_wconf 90' lang='lat' dir='ltr'><strong>ipso</strong></span> <span class='ocrx_word' id='word_1_187' title='bbox 1355 2781 1503 2834; x_wconf 89' lang='lat' dir='ltr'><strong>enim</strong></span> <span class='ocrx_word' id='word_1_188' title='bbox 1556 2777 1716 2832; x_wconf 91' lang='lat' dir='ltr'><strong>initio</strong></span> 
     </span>
    </p>
   </div>
   <div class='ocr_carea' id='block_1_30' title="bbox 159 2869 1714 2944">
    <p class='ocr_par' dir='ltr' id='par_1_30' title="bbox 159 2869 1714 2944">
     <span class='ocr_line' id='line_1_30' title="bbox 159 2869 1714 2944; baseline -0.001 -20"><span class='ocrx_word' id='word_1_189' title='bbox 159 2872 447 2941; x_wconf 76' lang='lat' dir='ltr'><strong>scriptionis</strong></span> <span class='ocrx_word' id='word_1_190' title='bbox 500 2890 615 2929; x_wconf 70' lang='lat' dir='ltr'><strong>suae</strong></span> <span class='ocrx_word' id='word_1_191' title='bbox 682 2888 907 2944; x_wconf 88' lang='lat' dir='ltr'><strong>scopum</strong></span> <span class='ocrx_word' id='word_1_192' title='bbox 959 2873 1347 2939; x_wconf 88' lang='lat' dir='ltr'><strong>intentumque</strong></span> <span class='ocrx_word' id='word_1_193' title='bbox 1408 2869 1714 2939; x_wconf 76' lang='lat' dir='ltr'><strong>significat;</strong></span> 
     </span>
    </p>
   </div>
   <div class='ocr_carea' id='block_1_31' title="bbox 155 2962 1716 3039">
    <p class='ocr_par' dir='ltr' id='par_1_31' title="bbox 155 2962 1716 3039">
     <span class='ocr_line' id='line_1_31' title="bbox 155 2962 1716 3039; baseline -0.003 -20"><span class='ocrx_word' id='word_1_194' title='bbox 155 2968 351 3031; x_wconf 86' lang='lat' dir='ltr'><strong>deinde,</strong></span> <span class='ocrx_word' id='word_1_195' title='bbox 396 2983 523 3039; x_wconf 60' lang='lat' dir='ltr'><strong>qua</strong></span> <span class='ocrx_word' id='word_1_196' title='bbox 571 2968 900 3023; x_wconf 90' lang='lat' dir='ltr'><strong>documenta</strong></span> <span class='ocrx_word' id='word_1_197' title='bbox 944 2966 1010 3020; x_wconf 91' lang='lat' dir='ltr'><strong>ad</strong></span> <span class='ocrx_word' id='word_1_198' title='bbox 1064 2962 1386 3033; x_wconf 89' lang='lat' dir='ltr'><strong>Sampsonis</strong></span> <span class='ocrx_word' id='word_1_199' title='bbox 1430 2962 1716 3016; x_wconf 85' lang='lat' dir='ltr'><strong>historiam</strong></span> 
     </span>
    </p>
   </div>
   <div class='ocr_carea' id='block_1_32' title="bbox 159 3054 1717 3124">
    <p class='ocr_par' dir='ltr' id='par_1_32' title="bbox 159 3054 1717 3124">
     <span class='ocr_line' id='line_1_32' title="bbox 159 3054 1717 3124; baseline -0.001 -17"><span class='ocrx_word' id='word_1_200' title='bbox 159 3058 420 3111; x_wconf 71' lang='lat' dir='ltr'><strong>mendam</strong></span> <span class='ocrx_word' id='word_1_201' title='bbox 472 3058 756 3119; x_wconf 85' lang='lat' dir='ltr'><strong>habuerit,</strong></span> <span class='ocrx_word' id='word_1_202' title='bbox 804 3057 1068 3124; x_wconf 80' lang='lat' dir='ltr'><strong>exponit;</strong></span> <span class='ocrx_word' id='word_1_203' title='bbox 1102 3070 1223 3124; x_wconf 72' lang='lat' dir='ltr'><strong>qua:</strong></span> <span class='ocrx_word' id='word_1_204' title='bbox 1254 3054 1504 3124; x_wconf 82' lang='lat' dir='ltr'><strong>quamvis</strong></span> <span class='ocrx_word' id='word_1_205' title='bbox 1534 3054 1717 3107; x_wconf 83' lang='lat' dir='ltr'><strong>ineru-</strong></span> 
     </span>
    </p>
   </div>
   <div class='ocr_carea' id='block_1_33' title="bbox 157 3146 1716 3214">
    <p class='ocr_par' dir='ltr' id='par_1_33' title="bbox 157 3146 1716 3214">
     <span class='ocr_line' id='line_1_33' title="bbox 157 3146 1716 3214; baseline -0.002 -14"><span class='ocrx_word' id='word_1_206' title='bbox 157 3149 252 3201; x_wconf 86' lang='lat' dir='ltr'><strong>dite</strong></span> <span class='ocrx_word' id='word_1_207' title='bbox 279 3160 331 3202; x_wconf 88' lang='lat' dir='ltr'><strong>et</strong></span> <span class='ocrx_word' id='word_1_208' title='bbox 355 3148 591 3202; x_wconf 85' lang='lat' dir='ltr'><strong>barbare</strong></span> <span class='ocrx_word' id='word_1_209' title='bbox 617 3155 802 3200; x_wconf 84' lang='lat' dir='ltr'><strong>essent</strong></span> <span class='ocrx_word' id='word_1_210' title='bbox 832 3146 1158 3214; x_wconf 88' lang='lat' dir='ltr'><strong>composita,</strong></span> <span class='ocrx_word' id='word_1_211' title='bbox 1180 3157 1503 3201; x_wconf 90' lang='lat' dir='ltr'><strong>secuturum</strong></span> <span class='ocrx_word' id='word_1_212' title='bbox 1536 3154 1716 3198; x_wconf 90' lang='lat' dir='ltr'><strong>tamen</strong></span> 
     </span>
    </p>
   </div>
   <div class='ocr_carea' id='block_1_34' title="bbox 156 3234 1782 3334">
    <p class='ocr_par' dir='ltr' id='par_1_34' title="bbox 156 3234 1782 3334">
     <span class='ocr_line' id='line_1_34' title="bbox 156 3234 1782 3334; baseline 0.001 -47"><span class='ocrx_word' id='word_1_213' title='bbox 156 3249 255 3290; x_wconf 78' lang='lat' dir='ltr'><strong>sese</strong></span> <span class='ocrx_word' id='word_1_214' title='bbox 278 3236 595 3307; x_wconf 88' lang='lat' dir='ltr'><strong>proﬁtetur,</strong></span> <span class='ocrx_word' id='word_1_215' title='bbox 630 3251 943 3306; x_wconf 88' lang='lat' dir='ltr'><strong>quanquam</strong></span> <span class='ocrx_word' id='word_1_216' title='bbox 992 3252 1055 3291; x_wconf 86' lang='lat' dir='ltr'><strong>ea</strong></span> <span class='ocrx_word' id='word_1_217' title='bbox 1107 3234 1321 3289; x_wconf 89' lang='lat' dir='ltr'><strong>meliori</strong></span> <span class='ocrx_word' id='word_1_218' title='bbox 1349 3236 1488 3304; x_wconf 81' lang='lat' dir='ltr'><strong>stylo</strong></span> <span class='ocrx_word' id='word_1_219' title='bbox 1534 3244 1709 3289; x_wconf 89' lang='lat' dir='ltr'><strong>meta-</strong></span> <span class='ocrx_word' id='word_1_220' title='bbox 1736 3277 1782 3334; x_wconf 12' lang='lat' dir='ltr'><strong>rc</strong></span> 
     </span>
    </p>
   </div>
   <div class='ocr_carea' id='block_1_35' title="bbox 159 3328 1714 3399">
    <p class='ocr_par' dir='ltr' id='par_1_35' title="bbox 159 3328 1714 3399">
     <span class='ocr_line' id='line_1_35' title="bbox 159 3328 1714 3399; baseline -0.001 -18"><span class='ocrx_word' id='word_1_221' title='bbox 159 3331 412 3396; x_wconf 81' lang='lat' dir='ltr'><strong>plirastice</strong></span> <span class='ocrx_word' id='word_1_222' title='bbox 445 3339 706 3385; x_wconf 77' lang='lat' dir='ltr'><strong>exornet.</strong></span> <span class='ocrx_word' id='word_1_223' title='bbox 742 3328 949 3383; x_wconf 89' lang='lat' dir='ltr'><strong>Deinde</strong></span> <span class='ocrx_word' id='word_1_224' title='bbox 979 3330 1025 3384; x_wconf 90' lang='lat' dir='ltr'><strong>si</strong></span> <span class='ocrx_word' id='word_1_225' title='bbox 1059 3337 1226 3383; x_wconf 91' lang='lat' dir='ltr'><strong>totam</strong></span> <span class='ocrx_word' id='word_1_226' title='bbox 1260 3328 1423 3399; x_wconf 87' lang='lat' dir='ltr'><strong>hujus</strong></span> <span class='ocrx_word' id='word_1_227' title='bbox 1458 3328 1714 3398; x_wconf 87' lang='lat' dir='ltr'><strong>scriptio-</strong></span> 
     </span>
    </p>
   </div>
   <div class='ocr_carea' id='block_1_36' title="bbox 158 3420 1713 3493">
    <p class='ocr_par' dir='ltr' id='par_1_36' title="bbox 158 3420 1713 3493">
     <span class='ocr_line' id='line_1_36' title="bbox 158 3420 1713 3493; baseline 0.001 -21"><span class='ocrx_word' id='word_1_228' title='bbox 158 3423 229 3473; x_wconf 85' lang='lat' dir='ltr'><strong>nis</strong></span> <span class='ocrx_word' id='word_1_229' title='bbox 274 3422 533 3487; x_wconf 80' lang='lat' dir='ltr'><strong>formam,</strong></span> <span class='ocrx_word' id='word_1_230' title='bbox 590 3422 813 3493; x_wconf 81' lang='lat' dir='ltr'><strong>stylum,</strong></span> <span class='ocrx_word' id='word_1_231' title='bbox 868 3420 1324 3491; x_wconf 87' lang='lat' dir='ltr'><strong>frequentemque</strong></span> <span class='ocrx_word' id='word_1_232' title='bbox 1371 3420 1713 3492; x_wconf 89' lang='lat' dir='ltr'><strong>adagiorum,</strong></span> 
     </span>
    </p>
   </div>
   <div class='ocr_carea' id='block_1_37' title="bbox 156 3513 1719 3580">
    <p class='ocr_par' dir='ltr' id='par_1_37' title="bbox 156 3513 1719 3580">
     <span class='ocr_line' id='line_1_37' title="bbox 156 3513 1719 3580; baseline 0.003 -15"><span class='ocrx_word' id='word_1_233' title='bbox 156 3514 267 3567; x_wconf 75' lang='lat' dir='ltr'><strong>hinc</strong></span> <span class='ocrx_word' id='word_1_234' title='bbox 292 3516 414 3571; x_wconf 88' lang='lat' dir='ltr'><strong>inde</strong></span> <span class='ocrx_word' id='word_1_235' title='bbox 454 3516 680 3570; x_wconf 88' lang='lat' dir='ltr'><strong>erudite</strong></span> <span class='ocrx_word' id='word_1_236' title='bbox 716 3515 1234 3580; x_wconf 88' lang='lat' dir='ltr'><strong>intercurrentium,</strong></span> <span class='ocrx_word' id='word_1_237' title='bbox 1266 3530 1427 3569; x_wconf 90' lang='lat' dir='ltr'><strong>usum</strong></span> <span class='ocrx_word' id='word_1_238' title='bbox 1463 3513 1719 3569; x_wconf 88' lang='lat' dir='ltr'><strong>conside-</strong></span> 
     </span>
    </p>
   </div>
   <div class='ocr_carea' id='block_1_38' title="bbox 156 3603 1719 3674">
    <p class='ocr_par' dir='ltr' id='par_1_38' title="bbox 156 3603 1719 3674">
     <span class='ocr_line' id='line_1_38' title="bbox 156 3603 1719 3674; baseline 0.001 -19"><span class='ocrx_word' id='word_1_239' title='bbox 156 3620 248 3666; x_wconf 85' lang='lat' dir='ltr'><strong>res,</strong></span> <span class='ocrx_word' id='word_1_240' title='bbox 277 3615 438 3674; x_wconf 88' lang='lat' dir='ltr'><strong>atque</strong></span> <span class='ocrx_word' id='word_1_241' title='bbox 469 3621 539 3659; x_wconf 86' lang='lat' dir='ltr'><strong>ea</strong></span> <span class='ocrx_word' id='word_1_242' title='bbox 564 3606 749 3658; x_wconf 90' lang='lat' dir='ltr'><strong>omnia</strong></span> <span class='ocrx_word' id='word_1_243' title='bbox 788 3621 912 3659; x_wconf 91' lang='lat' dir='ltr'><strong>cum</strong></span> <span class='ocrx_word' id='word_1_244' title='bbox 938 3605 1194 3674; x_wconf 76' lang='lat' dir='ltr'><strong>genuinis</strong></span> <span class='ocrx_word' id='word_1_245' title='bbox 1238 3603 1387 3657; x_wconf 89' lang='lat' dir='ltr'><strong>illius</strong></span> <span class='ocrx_word' id='word_1_246' title='bbox 1423 3619 1484 3657; x_wconf 89' lang='lat' dir='ltr'><strong>ac</strong></span> <span class='ocrx_word' id='word_1_247' title='bbox 1506 3617 1719 3673; x_wconf 83' lang='lat' dir='ltr'><strong>germa-</strong></span> 
     </span>
    </p>
   </div>
   <div class='ocr_carea' id='block_1_39' title="bbox 157 3693 1718 3763">
    <p class='ocr_par' dir='ltr' id='par_1_39' title="bbox 157 3693 1718 3763">
     <span class='ocr_line' id='line_1_39' title="bbox 157 3693 1718 3763; baseline -0.002 -15"><span class='ocrx_word' id='word_1_248' title='bbox 157 3697 228 3750; x_wconf 86' lang='lat' dir='ltr'><strong>nis</strong></span> <span class='ocrx_word' id='word_1_249' title='bbox 277 3697 505 3759; x_wconf 82' lang='lat' dir='ltr'><strong>fetibus,</strong></span> <span class='ocrx_word' id='word_1_250' title='bbox 540 3694 611 3749; x_wconf 89' lang='lat' dir='ltr'><strong>de</strong></span> <span class='ocrx_word' id='word_1_251' title='bbox 659 3695 864 3763; x_wconf 87' lang='lat' dir='ltr'><strong>quibus</strong></span> <span class='ocrx_word' id='word_1_252' title='bbox 914 3702 1131 3748; x_wconf 82' lang='lat' dir='ltr'><strong>constat</strong></span> <span class='ocrx_word' id='word_1_253' title='bbox 1167 3693 1312 3763; x_wconf 92' lang='lat' dir='ltr'><strong>apud</strong></span> <span class='ocrx_word' id='word_1_254' title='bbox 1358 3694 1619 3747; x_wconf 83' lang='lat' dir='ltr'><strong>Allatium</strong></span> <span class='ocrx_word' id='word_1_255' title='bbox 1662 3694 1718 3746; x_wconf 91' lang='lat' dir='ltr'><strong>in</strong></span> 
     </span>
    </p>
   </div>
   <div class='ocr_carea' id='block_1_40' title="bbox 158 3786 1718 3857">
    <p class='ocr_par' dir='ltr' id='par_1_40' title="bbox 158 3786 1718 3857">
     <span class='ocr_line' id='line_1_40' title="bbox 158 3786 1718 3857; baseline -0.001 -16"><span class='ocrx_word' id='word_1_256' title='bbox 158 3789 356 3855; x_wconf 67' lang='lat' dir='ltr'><strong>praefata</strong></span> <span class='ocrx_word' id='word_1_257' title='bbox 396 3789 670 3853; x_wconf 85' lang='lat' dir='ltr'><strong>Diatriba,</strong></span> <span class='ocrx_word' id='word_1_258' title='bbox 714 3788 917 3857; x_wconf 88' lang='lat' dir='ltr'><strong>ubique</strong></span> <span class='ocrx_word' id='word_1_259' title='bbox 966 3786 1393 3857; x_wconf 77' lang='lat' dir='ltr'><strong>Metaphrastem</strong></span> <span class='ocrx_word' id='word_1_260' title='bbox 1448 3786 1718 3841; x_wconf 77' lang='lat' dir='ltr'><strong>invenies.</strong></span> 
     </span>
    </p>
   </div>
   <div class='ocr_carea' id='block_1_41' title="bbox 157 3878 1721 3947">
    <p class='ocr_par' dir='ltr' id='par_1_41' title="bbox 157 3878 1721 3947">
     <span class='ocr_line' id='line_1_41' title="bbox 157 3878 1721 3947; baseline 0.001 -18"><span class='ocrx_word' id='word_1_261' title='bbox 157 3880 398 3935; x_wconf 65' lang='lat' dir='ltr'><strong>Przterea</strong></span> <span class='ocrx_word' id='word_1_262' title='bbox 449 3890 641 3936; x_wconf 85' lang='lat' dir='ltr'><strong>certos</strong></span> <span class='ocrx_word' id='word_1_263' title='bbox 670 3894 771 3932; x_wconf 89' lang='lat' dir='ltr'><strong>nos</strong></span> <span class='ocrx_word' id='word_1_264' title='bbox 813 3878 997 3933; x_wconf 87' lang='lat' dir='ltr'><strong>reddit</strong></span> <span class='ocrx_word' id='word_1_265' title='bbox 1043 3888 1238 3935; x_wconf 88' lang='lat' dir='ltr'><strong>auctor</strong></span> <span class='ocrx_word' id='word_1_266' title='bbox 1273 3879 1407 3934; x_wconf 69' lang='lat' dir='ltr'><strong>Vita:</strong></span> <span class='ocrx_word' id='word_1_267' title='bbox 1451 3878 1620 3947; x_wconf 84' lang='lat' dir='ltr'><strong>hujus</strong></span> <span class='ocrx_word' id='word_1_268' title='bbox 1667 3878 1721 3931; x_wconf 93' lang='lat' dir='ltr'><strong>in</strong></span> 
     </span>
    </p>
   </div>
   <div class='ocr_carea' id='block_1_42' title="bbox 158 3970 1724 4033">
    <p class='ocr_par' dir='ltr' id='par_1_42' title="bbox 158 3970 1724 4033">
     <span class='ocr_line' id='line_1_42' title="bbox 158 3970 1724 4033; baseline 0 -12"><span class='ocrx_word' id='word_1_269' title='bbox 158 3970 425 4033; x_wconf 72' lang='lat' dir='ltr'><strong>Prommio,</strong></span> <span class='ocrx_word' id='word_1_270' title='bbox 472 3988 534 4026; x_wconf 82' lang='lat' dir='ltr'><strong>se</strong></span> <span class='ocrx_word' id='word_1_271' title='bbox 573 3970 875 4025; x_wconf 90' lang='lat' dir='ltr'><strong>multorum</strong></span> <span class='ocrx_word' id='word_1_272' title='bbox 926 3970 1156 4023; x_wconf 90' lang='lat' dir='ltr'><strong>aliorum</strong></span> <span class='ocrx_word' id='word_1_273' title='bbox 1190 3978 1528 4030; x_wconf 87' lang='lat' dir='ltr'><strong>sanctorum,</strong></span> <span class='ocrx_word' id='word_1_274' title='bbox 1579 3984 1724 4022; x_wconf 87' lang='lat' dir='ltr'><strong>mar-</strong></span> 
     </span>
    </p>
   </div>
   <div class='ocr_carea' id='block_1_43' title="bbox 156 4060 1724 4133">
    <p class='ocr_par' dir='ltr' id='par_1_43' title="bbox 156 4060 1724 4133">
     <span class='ocr_line' id='line_1_43' title="bbox 156 4060 1724 4133; baseline 0 -20"><span class='ocrx_word' id='word_1_275' title='bbox 156 4072 312 4131; x_wconf 82' lang='lat' dir='ltr'><strong>tyrum</strong></span> <span class='ocrx_word' id='word_1_276' title='bbox 341 4064 573 4133; x_wconf 88' lang='lat' dir='ltr'><strong>quidem</strong></span> <span class='ocrx_word' id='word_1_277' title='bbox 615 4062 835 4116; x_wconf 86' lang='lat' dir='ltr'><strong>labores</strong></span> <span class='ocrx_word' id='word_1_278' title='bbox 881 4071 939 4117; x_wconf 91' lang='lat' dir='ltr'><strong>et</strong></span> <span class='ocrx_word' id='word_1_279' title='bbox 978 4062 1301 4126; x_wconf 85' lang='lat' dir='ltr'><strong>certamina,</strong></span> <span class='ocrx_word' id='word_1_280' title='bbox 1344 4060 1724 4117; x_wconf 87' lang='lat' dir='ltr'><strong>confessorum</strong></span> 
     </span>
    </p>
   </div>
   <div class='ocr_carea' id='block_1_44' title="bbox 156 4156 1726 4226">
    <p class='ocr_par' dir='ltr' id='par_1_44' title="bbox 156 4156 1726 4226">
     <span class='ocr_line' id='line_1_44' title="bbox 156 4156 1726 4226; baseline 0.002 -21"><span class='ocrx_word' id='word_1_281' title='bbox 156 4172 270 4211; x_wconf 79' lang='lat' dir='ltr'><strong>vero</strong></span> <span class='ocrx_word' id='word_1_282' title='bbox 310 4159 450 4212; x_wconf 78' lang='lat' dir='ltr'><strong>vitas</strong></span> <span class='ocrx_word' id='word_1_283' title='bbox 498 4166 561 4211; x_wconf 89' lang='lat' dir='ltr'><strong>et</strong></span> <span class='ocrx_word' id='word_1_284' title='bbox 618 4171 706 4209; x_wconf 87' lang='lat' dir='ltr'><strong>res</strong></span> <span class='ocrx_word' id='word_1_285' title='bbox 744 4166 925 4225; x_wconf 83' lang='lat' dir='ltr'><strong>gestas</strong></span> <span class='ocrx_word' id='word_1_286' title='bbox 973 4156 1264 4226; x_wconf 85' lang='lat' dir='ltr'><strong>diligenter</strong></span> <span class='ocrx_word' id='word_1_287' title='bbox 1310 4156 1726 4225; x_wconf 87' lang='lat' dir='ltr'><strong>conscripsisse,</strong></span> 
     </span>
    </p>
   </div>
   <div class='ocr_carea' id='block_1_45' title="bbox 160 4247 1730 4317">
    <p class='ocr_par' dir='ltr' id='par_1_45' title="bbox 160 4247 1730 4317">
     <span class='ocr_line' id='line_1_45' title="bbox 160 4247 1730 4317; baseline -0.001 -17"><span class='ocrx_word' id='word_1_288' title='bbox 160 4249 299 4317; x_wconf 81' lang='lat' dir='ltr'><strong>idque</strong></span> <span class='ocrx_word' id='word_1_289' title='bbox 334 4247 849 4317; x_wconf 79' lang='lat' dir='ltr'><strong>Constantinopoli,</strong></span> <span class='ocrx_word' id='word_1_290' title='bbox 879 4247 971 4301; x_wconf 92' lang='lat' dir='ltr'><strong>ubi</strong></span> <span class='ocrx_word' id='word_1_291' title='bbox 1018 4247 1075 4301; x_wconf 90' lang='lat' dir='ltr'><strong>S.</strong></span> <span class='ocrx_word' id='word_1_292' title='bbox 1127 4248 1444 4316; x_wconf 87' lang='lat' dir='ltr'><strong>Sampsonis</strong></span> <span class='ocrx_word' id='word_1_293' title='bbox 1485 4247 1730 4299; x_wconf 84' lang='lat' dir='ltr'><strong>tumulus</strong></span> 
     </span>
    </p>
   </div>
   <div class='ocr_carea' id='block_1_46' title="bbox 160 4337 1733 4409">
    <p class='ocr_par' dir='ltr' id='par_1_46' title="bbox 160 4337 1733 4409">
     <span class='ocr_line' id='line_1_46' title="bbox 160 4337 1733 4409; baseline 0.001 -20"><span class='ocrx_word' id='word_1_294' title='bbox 160 4342 461 4396; x_wconf 72' lang='lat' dir='ltr'><strong>(mlestibus</strong></span> <span class='ocrx_word' id='word_1_295' title='bbox 518 4339 773 4396; x_wconf 84' lang='lat' dir='ltr'><strong>clarebat</strong></span> <span class='ocrx_word' id='word_1_296' title='bbox 840 4338 1141 4409; x_wconf 81' lang='lat' dir='ltr'><strong>prodigiis;</strong></span> <span class='ocrx_word' id='word_1_297' title='bbox 1198 4337 1324 4393; x_wconf 87' lang='lat' dir='ltr'><strong>inde</strong></span> <span class='ocrx_word' id='word_1_298' title='bbox 1354 4346 1409 4392; x_wconf 90' lang='lat' dir='ltr'><strong>et</strong></span> <span class='ocrx_word' id='word_1_299' title='bbox 1447 4353 1511 4391; x_wconf 90' lang='lat' dir='ltr'><strong>ea</strong></span> <span class='ocrx_word' id='word_1_300' title='bbox 1544 4346 1733 4391; x_wconf 88' lang='lat' dir='ltr'><strong>narrat</strong></span> 
     </span>
    </p>
   </div>
   <div class='ocr_carea' id='block_1_47' title="bbox 163 4430 1732 4504">
    <p class='ocr_par' dir='ltr' id='par_1_47' title="bbox 163 4430 1732 4504">
     <span class='ocr_line' id='line_1_47' title="bbox 163 4430 1732 4504; baseline 0.001 -23"><span class='ocrx_word' id='word_1_301' title='bbox 163 4433 425 4499; x_wconf 85' lang='lat' dir='ltr'><strong>miracula,</strong></span> <span class='ocrx_word' id='word_1_302' title='bbox 470 4449 603 4504; x_wconf 66' lang='lat' dir='ltr'><strong>qua:</strong></span> <span class='ocrx_word' id='word_1_303' title='bbox 648 4441 744 4486; x_wconf 87' lang='lat' dir='ltr'><strong>aut</strong></span> <span class='ocrx_word' id='word_1_304' title='bbox 798 4434 913 4502; x_wconf 91' lang='lat' dir='ltr'><strong>ipse</strong></span> <span class='ocrx_word' id='word_1_305' title='bbox 951 4432 1126 4487; x_wconf 90' lang='lat' dir='ltr'><strong>oculis</strong></span> <span class='ocrx_word' id='word_1_306' title='bbox 1178 4432 1486 4498; x_wconf 81' lang='lat' dir='ltr'><strong>consrexit,</strong></span> <span class='ocrx_word' id='word_1_307' title='bbox 1536 4430 1619 4484; x_wconf 85' lang='lat' dir='ltr'><strong>vel</strong></span> <span class='ocrx_word' id='word_1_308' title='bbox 1664 4430 1732 4484; x_wconf 89' lang='lat' dir='ltr'><strong>ab</strong></span> 
     </span>
    </p>
   </div>
   <div class='ocr_carea' id='block_1_48' title="bbox 157 4523 1733 4592">
    <p class='ocr_par' dir='ltr' id='par_1_48' title="bbox 157 4523 1733 4592">
     <span class='ocr_line' id='line_1_48' title="bbox 157 4523 1733 4592; baseline 0.002 -19"><span class='ocrx_word' id='word_1_309' title='bbox 157 4525 370 4578; x_wconf 89' lang='lat' dir='ltr'><strong>oculatis</strong></span> <span class='ocrx_word' id='word_1_310' title='bbox 407 4524 656 4579; x_wconf 86' lang='lat' dir='ltr'><strong>testibus</strong></span> <span class='ocrx_word' id='word_1_311' title='bbox 689 4525 803 4592; x_wconf 89' lang='lat' dir='ltr'><strong>ipse</strong></span> <span class='ocrx_word' id='word_1_312' title='bbox 832 4523 1079 4586; x_wconf 87' lang='lat' dir='ltr'><strong>audivit;</strong></span> <span class='ocrx_word' id='word_1_313' title='bbox 1111 4540 1234 4591; x_wconf 65' lang='lat' dir='ltr'><strong>qua!</strong></span> <span class='ocrx_word' id='word_1_314' title='bbox 1263 4527 1351 4579; x_wconf 93' lang='lat' dir='ltr'><strong>cui</strong></span> <span class='ocrx_word' id='word_1_315' title='bbox 1401 4524 1561 4578; x_wconf 91' lang='lat' dir='ltr'><strong>istius</strong></span> <span class='ocrx_word' id='word_1_316' title='bbox 1596 4534 1733 4578; x_wconf 86' lang='lat' dir='ltr'><strong>tem-</strong></span> 
     </span>
    </p>
   </div>
   <div class='ocr_carea' id='block_1_49' title="bbox 159 4615 1519 4682">
    <p class='ocr_par' dir='ltr' id='par_1_49' title="bbox 159 4615 1519 4682">
     <span class='ocr_line' id='line_1_49' title="bbox 159 4615 1519 4682; baseline 0.002 -17"><span class='ocrx_word' id='word_1_317' title='bbox 159 4615 288 4680; x_wconf 85' lang='lat' dir='ltr'><strong>poris</strong></span> <span class='ocrx_word' id='word_1_318' title='bbox 320 4617 537 4669; x_wconf 84' lang='lat' dir='ltr'><strong>auctori</strong></span> <span class='ocrx_word' id='word_1_319' title='bbox 580 4615 950 4678; x_wconf 87' lang='lat' dir='ltr'><strong>ascribentur,</strong></span> <span class='ocrx_word' id='word_1_320' title='bbox 994 4616 1095 4669; x_wconf 88' lang='lat' dir='ltr'><strong>nisi</strong></span> <span class='ocrx_word' id='word_1_321' title='bbox 1128 4615 1519 4682; x_wconf 74' lang='lat' dir='ltr'><strong>Metapbrasti?</strong></span> 
     </span>
    </p>
   </div>
   <div class='ocr_carea' id='block_1_50' title="bbox 217 4705 1736 4778">
    <p class='ocr_par' dir='ltr' id='par_1_50' title="bbox 217 4705 1736 4778">
     <span class='ocr_line' id='line_1_50' title="bbox 217 4705 1736 4778; baseline 0.001 -19"><span class='ocrx_word' id='word_1_322' title='bbox 217 4705 264 4759; x_wconf 88' lang='grc'><strong>5.</strong></span> <span class='ocrx_word' id='word_1_323' title='bbox 291 4707 450 4763; x_wconf 81' lang='lat' dir='ltr'><strong>Hunc</strong></span> <span class='ocrx_word' id='word_1_324' title='bbox 498 4722 618 4761; x_wconf 90' lang='lat' dir='ltr'><strong>non</strong></span> <span class='ocrx_word' id='word_1_325' title='bbox 659 4705 1102 4778; x_wconf 78' lang='lat' dir='ltr'><strong>ludimagistrum</strong></span> <span class='ocrx_word' id='word_1_326' title='bbox 1137 4709 1409 4763; x_wconf 74' lang='lat' dir='ltr'><strong>triVialem</strong></span> <span class='ocrx_word' id='word_1_327' title='bbox 1448 4709 1641 4773; x_wconf 87' lang='lat' dir='ltr'><strong>fuisse,</strong></span> <span class='ocrx_word' id='word_1_328' title='bbox 1675 4715 1736 4760; x_wconf 88' lang='lat' dir='ltr'><strong>ut</strong></span> 
     </span>
    </p>
   </div>
   <div class='ocr_carea' id='block_1_51' title="bbox 159 4798 1735 4869">
    <p class='ocr_par' dir='ltr' id='par_1_51' title="bbox 159 4798 1735 4869">
     <span class='ocr_line' id='line_1_51' title="bbox 159 4798 1735 4869; baseline 0 -18"><span class='ocrx_word' id='word_1_329' title='bbox 159 4800 358 4867; x_wconf 86' lang='lat' dir='ltr'><strong>quidam</strong></span> <span class='ocrx_word' id='word_1_330' title='bbox 386 4799 778 4863; x_wconf 77' lang='lat' dir='ltr'><strong>somniarent,</strong></span> <span class='ocrx_word' id='word_1_331' title='bbox 808 4802 902 4855; x_wconf 91' lang='lat' dir='ltr'><strong>sed</strong></span> <span class='ocrx_word' id='word_1_332' title='bbox 934 4816 1145 4855; x_wconf 91' lang='lat' dir='ltr'><strong>summa</strong></span> <span class='ocrx_word' id='word_1_333' title='bbox 1172 4801 1225 4855; x_wconf 92' lang='lat' dir='ltr'><strong>in</strong></span> <span class='ocrx_word' id='word_1_334' title='bbox 1248 4799 1531 4869; x_wconf 87' lang='lat' dir='ltr'><strong>republica</strong></span> <span class='ocrx_word' id='word_1_335' title='bbox 1555 4798 1735 4869; x_wconf 79' lang='lat' dir='ltr'><strong>digiti-</strong></span> 
     </span>
    </p>
   </div>
   <div class='ocr_carea' id='block_1_52' title="bbox 161 4892 1739 4974">
    <p class='ocr_par' dir='ltr' id='par_1_52' title="bbox 161 4892 1739 4974">
     <span class='ocr_line' id='line_1_52' title="bbox 161 4892 1739 4974; baseline 0.002 -32"><span class='ocrx_word' id='word_1_336' title='bbox 161 4901 253 4947; x_wconf 86' lang='lat' dir='ltr'><strong>tate</strong></span> <span class='ocrx_word' id='word_1_337' title='bbox 277 4895 641 4957; x_wconf 79' lang='lat' dir='ltr'><strong>excelluisse,</strong></span> <span class='ocrx_word' id='word_1_338' title='bbox 674 4901 865 4961; x_wconf 85' lang='lat' dir='ltr'><strong>utpote</strong></span> <span class='ocrx_word' id='word_1_339' title='bbox 915 4895 1006 4960; x_wconf 92' lang='lat' dir='ltr'><strong>qui</strong></span> <span class='ocrx_word' id='word_1_340' title='bbox 1064 4892 1311 4962; x_wconf 72' lang='lat' dir='ltr'><strong>Magistri</strong></span> <span class='ocrx_word' id='word_1_341' title='bbox 1345 4902 1399 4947; x_wconf 92' lang='lat' dir='ltr'><strong>et</strong></span> <span class='ocrx_word' id='word_1_342' title='bbox 1441 4893 1739 4974; x_wconf 58' lang='lat' dir='ltr'><strong>Logollieta:</strong></span> 
     </span>
    </p>
   </div>
   <div class='ocr_carea' id='block_1_53' title="bbox 162 4986 1737 5055">
    <p class='ocr_par' dir='ltr' id='par_1_53' title="bbox 162 4986 1737 5055">
     <span class='ocr_line' id='line_1_53' title="bbox 162 4986 1737 5055; baseline 0.003 -21"><span class='ocrx_word' id='word_1_343' title='bbox 162 4986 362 5039; x_wconf 84' lang='lat' dir='ltr'><strong>nomine</strong></span> <span class='ocrx_word' id='word_1_344' title='bbox 416 4988 785 5053; x_wconf 79' lang='lat' dir='ltr'><strong>appelletur;</strong></span> <span class='ocrx_word' id='word_1_345' title='bbox 814 4986 957 5052; x_wconf 88' lang='lat' dir='ltr'><strong>quod</strong></span> <span class='ocrx_word' id='word_1_346' title='bbox 1000 5000 1191 5038; x_wconf 87' lang='lat' dir='ltr'><strong>eorum</strong></span> <span class='ocrx_word' id='word_1_347' title='bbox 1239 5002 1437 5039; x_wconf 85' lang='lat' dir='ltr'><strong>munus</strong></span> <span class='ocrx_word' id='word_1_348' title='bbox 1491 5000 1593 5047; x_wconf 74' lang='lat' dir='ltr'><strong>cst,</strong></span> <span class='ocrx_word' id='word_1_349' title='bbox 1642 4986 1737 5055; x_wconf 90' lang='lat' dir='ltr'><strong>qui</strong></span> 
     </span>
    </p>
   </div>
   <div class='ocr_carea' id='block_1_54' title="bbox 164 5077 1739 5147">
    <p class='ocr_par' dir='ltr' id='par_1_54' title="bbox 164 5077 1739 5147">
     <span class='ocr_line' id='line_1_54' title="bbox 164 5077 1739 5147; baseline 0.004 -20"><span class='ocrx_word' id='word_1_350' title='bbox 164 5078 384 5131; x_wconf 83' lang='lat' dir='ltr'><strong>rationes</strong></span> <span class='ocrx_word' id='word_1_351' title='bbox 418 5077 647 5131; x_wconf 84' lang='lat' dir='ltr'><strong>ﬁscales</strong></span> <span class='ocrx_word' id='word_1_352' title='bbox 679 5078 764 5129; x_wconf 86' lang='lat' dir='ltr'><strong>vel</strong></span> <span class='ocrx_word' id='word_1_353' title='bbox 809 5077 1059 5145; x_wconf 85' lang='lat' dir='ltr'><strong>publicas</strong></span> <span class='ocrx_word' id='word_1_354' title='bbox 1098 5087 1437 5147; x_wconf 86' lang='lat' dir='ltr'><strong>cognoscunt</strong></span> <span class='ocrx_word' id='word_1_355' title='bbox 1475 5088 1530 5131; x_wconf 91' lang='lat' dir='ltr'><strong>et</strong></span> <span class='ocrx_word' id='word_1_356' title='bbox 1562 5079 1739 5133; x_wconf 84' lang='lat' dir='ltr'><strong>disce-</strong></span> 
     </span>
    </p>
   </div>
   <div class='ocr_carea' id='block_1_55' title="bbox 163 5170 1740 5241">
    <p class='ocr_par' dir='ltr' id='par_1_55' title="bbox 163 5170 1740 5241">
     <span class='ocr_line' id='line_1_55' title="bbox 163 5170 1740 5241; baseline 0.003 -22"><span class='ocrx_word' id='word_1_357' title='bbox 163 5181 318 5234; x_wconf 75' lang='lat' dir='ltr'><strong>ptant.</strong></span> <span class='ocrx_word' id='word_1_358' title='bbox 346 5179 729 5240; x_wconf 80' lang='lat' dir='ltr'><strong>sumptusque</strong></span> <span class='ocrx_word' id='word_1_359' title='bbox 767 5170 851 5223; x_wconf 86' lang='lat' dir='ltr'><strong>vel</strong></span> <span class='ocrx_word' id='word_1_360' title='bbox 898 5180 953 5223; x_wconf 89' lang='lat' dir='ltr'><strong>et</strong></span> <span class='ocrx_word' id='word_1_361' title='bbox 1005 5170 1215 5224; x_wconf 89' lang='lat' dir='ltr'><strong>reditus</strong></span> <span class='ocrx_word' id='word_1_362' title='bbox 1264 5171 1336 5224; x_wconf 92' lang='lat' dir='ltr'><strong>ita</strong></span> <span class='ocrx_word' id='word_1_363' title='bbox 1374 5172 1637 5241; x_wconf 83' lang='lat' dir='ltr'><strong>dirigunt,</strong></span> <span class='ocrx_word' id='word_1_364' title='bbox 1679 5180 1740 5224; x_wconf 93' lang='lat' dir='ltr'><strong>ut</strong></span> 
     </span>
    </p>
   </div>
   <div class='ocr_carea' id='block_1_56' title="bbox 163 5262 1737 5333">
    <p class='ocr_par' dir='ltr' id='par_1_56' title="bbox 163 5262 1737 5333">
     <span class='ocr_line' id='line_1_56' title="bbox 163 5262 1737 5333; baseline 0.004 -23"><span class='ocrx_word' id='word_1_365' title='bbox 163 5264 461 5329; x_wconf 75' lang='lat' dir='ltr'><strong>reipublica-</strong></span> <span class='ocrx_word' id='word_1_366' title='bbox 519 5262 715 5333; x_wconf 81' lang='lat' dir='ltr'><strong>potius</strong></span> <span class='ocrx_word' id='word_1_367' title='bbox 762 5276 926 5329; x_wconf 90' lang='lat' dir='ltr'><strong>quam</strong></span> <span class='ocrx_word' id='word_1_368' title='bbox 971 5266 1308 5332; x_wconf 85' lang='lat' dir='ltr'><strong>privatorum</strong></span> <span class='ocrx_word' id='word_1_369' title='bbox 1336 5279 1536 5319; x_wconf 92' lang='lat' dir='ltr'><strong>munus</strong></span> <span class='ocrx_word' id='word_1_370' title='bbox 1565 5264 1737 5317; x_wconf 87' lang='lat' dir='ltr'><strong>susti-</strong></span> 
     </span>
    </p>
   </div>
   <div class='ocr_carea' id='block_1_57' title="bbox 165 5352 1740 5423">
    <p class='ocr_par' dir='ltr' id='par_1_57' title="bbox 165 5352 1740 5423">
     <span class='ocr_line' id='line_1_57' title="bbox 165 5352 1740 5423; baseline 0.004 -24"><span class='ocrx_word' id='word_1_371' title='bbox 165 5363 340 5415; x_wconf 75' lang='lat' dir='ltr'><strong>neant;</strong></span> <span class='ocrx_word' id='word_1_372' title='bbox 376 5354 579 5421; x_wconf 81' lang='lat' dir='ltr'><strong>hujus,</strong></span> <span class='ocrx_word' id='word_1_373' title='bbox 618 5352 862 5419; x_wconf 90' lang='lat' dir='ltr'><strong>inquam,</strong></span> <span class='ocrx_word' id='word_1_374' title='bbox 897 5352 1181 5420; x_wconf 81' lang='lat' dir='ltr'><strong>dignitatis</strong></span> <span class='ocrx_word' id='word_1_375' title='bbox 1221 5352 1391 5405; x_wconf 81' lang='lat' dir='ltr'><strong>fuisse</strong></span> <span class='ocrx_word' id='word_1_376' title='bbox 1434 5353 1740 5423; x_wconf 82' lang='lat' dir='ltr'><strong>Metaphra-</strong></span> 
     </span>
    </p>
   </div>
   <div class='ocr_carea' id='block_1_58' title="bbox 165 5445 1736 5515">
    <p class='ocr_par' dir='ltr' id='par_1_58' title="bbox 165 5445 1736 5515">
     <span class='ocr_line' id='line_1_58' title="bbox 165 5445 1736 5515; baseline 0.006 -25"><span class='ocrx_word' id='word_1_377' title='bbox 165 5454 304 5509; x_wconf 69' lang='lat' dir='ltr'><strong>stem,</strong></span> <span class='ocrx_word' id='word_1_378' title='bbox 331 5447 641 5500; x_wconf 78' lang='lat' dir='ltr'><strong>evidenter</strong></span> <span class='ocrx_word' id='word_1_379' title='bbox 666 5446 1102 5499; x_wconf 84' lang='lat' dir='ltr'><strong>demonstratum</strong></span> <span class='ocrx_word' id='word_1_380' title='bbox 1129 5445 1301 5499; x_wconf 79' lang='lat' dir='ltr'><strong>lector</strong></span> <span class='ocrx_word' id='word_1_381' title='bbox 1327 5446 1570 5500; x_wconf 87' lang='lat' dir='ltr'><strong>inveniet</strong></span> <span class='ocrx_word' id='word_1_382' title='bbox 1595 5446 1736 5515; x_wconf 87' lang='lat' dir='ltr'><strong>apud</strong></span> 
     </span>
    </p>
   </div>
   <div class='ocr_carea' id='block_1_59' title="bbox 168 5532 1742 5608">
    <p class='ocr_par' dir='ltr' id='par_1_59' title="bbox 168 5532 1742 5608">
     <span class='ocr_line' id='line_1_59' title="bbox 168 5532 1742 5608; baseline 0.005 -24"><span class='ocrx_word' id='word_1_383' title='bbox 168 5532 473 5592; x_wconf 74' lang='lat' dir='ltr'><strong>ltollandnm</strong></span> <span class='ocrx_word' id='word_1_384' title='bbox 526 5548 789 5590; x_wconf 81' lang='lat' dir='ltr'><strong>nostrum</strong></span> <span class='ocrx_word' id='word_1_385' title='bbox 850 5538 902 5590; x_wconf 86' lang='lat' dir='ltr'><strong>in</strong></span> <span class='ocrx_word' id='word_1_386' title='bbox 954 5538 1274 5592; x_wconf 74' lang='lat' dir='ltr'><strong>l’raefationc</strong></span> <span class='ocrx_word' id='word_1_387' title='bbox 1320 5553 1447 5608; x_wconf 88' lang='lat' dir='ltr'><strong>gen.</strong></span> <span class='ocrx_word' id='word_1_388' title='bbox 1487 5540 1551 5591; x_wconf 82' lang='lat' dir='ltr'><strong>ad</strong></span> <span class='ocrx_word' id='word_1_389' title='bbox 1593 5540 1742 5593; x_wconf 79' lang='lat' dir='ltr'><strong>Vitas</strong></span> 
     </span>
    </p>
   </div>
   <div class='ocr_carea' id='block_1_60' title="bbox 169 5630 1740 5699">
    <p class='ocr_par' dir='ltr' id='par_1_60' title="bbox 169 5630 1740 5699">
     <span class='ocr_line' id='line_1_60' title="bbox 169 5630 1740 5699; baseline 0.002 -17"><span class='ocrx_word' id='word_1_390' title='bbox 169 5644 491 5693; x_wconf 78' lang='lat' dir='ltr'><strong>sanctorum,</strong></span> <span class='ocrx_word' id='word_1_391' title='bbox 529 5646 663 5696; x_wconf 87' lang='lat' dir='ltr'><strong>cap.</strong></span> <span class='ocrx_word' id='word_1_392' title='bbox 694 5632 743 5691; x_wconf 86' lang='lat' dir='ltr'><strong>t,</strong></span> <span class='ocrx_word' id='word_1_393' title='bbox 778 5632 803 5699; x_wconf 64' lang='grc' dir='ltr'><strong>ς</strong></span> <span class='ocrx_word' id='word_1_394' title='bbox 835 5630 889 5694; x_wconf 83' lang='grc'><strong>5,</strong></span> <span class='ocrx_word' id='word_1_395' title='bbox 920 5640 976 5685; x_wconf 89' lang='lat' dir='ltr'><strong>et</strong></span> <span class='ocrx_word' id='word_1_396' title='bbox 1010 5631 1187 5685; x_wconf 78' lang='lat' dir='ltr'><strong>fusius</strong></span> <span class='ocrx_word' id='word_1_397' title='bbox 1214 5631 1356 5698; x_wconf 87' lang='lat' dir='ltr'><strong>apud</strong></span> <span class='ocrx_word' id='word_1_398' title='bbox 1384 5632 1639 5685; x_wconf 88' lang='lat' dir='ltr'><strong>Allatium</strong></span> <span class='ocrx_word' id='word_1_399' title='bbox 1687 5633 1740 5685; x_wconf 93' lang='lat' dir='ltr'><strong>in</strong></span> 
     </span>
    </p>
   </div>
   <div class='ocr_carea' id='block_1_61' title="bbox 172 5722 1741 5797">
    <p class='ocr_par' dir='ltr' id='par_1_61' title="bbox 172 5722 1741 5797">
     <span class='ocr_line' id='line_1_61' title="bbox 172 5722 1741 5797; baseline 0.004 -23"><span class='ocrx_word' id='word_1_400' title='bbox 172 5722 385 5779; x_wconf 76' lang='lat' dir='ltr'><strong>Diatriba</strong></span> <span class='ocrx_word' id='word_1_401' title='bbox 426 5725 729 5795; x_wconf 66' lang='lat' dir='ltr'><strong>praedicta.</strong></span> <span class='ocrx_word' id='word_1_402' title='bbox 766 5725 1027 5778; x_wconf 66' lang='lat' dir='ltr'><strong>Nostrum</strong></span> <span class='ocrx_word' id='word_1_403' title='bbox 1048 5740 1179 5779; x_wconf 89' lang='lat' dir='ltr'><strong>vero</strong></span> <span class='ocrx_word' id='word_1_404' title='bbox 1210 5736 1489 5780; x_wconf 87' lang='lat' dir='ltr'><strong>auctorem</strong></span> <span class='ocrx_word' id='word_1_405' title='bbox 1522 5729 1741 5797; x_wconf 65' lang='lat' dir='ltr'><strong>eonspi~</strong></span> 
     </span>
    </p>
   </div>
   <div class='ocr_carea' id='block_1_62' title="bbox 172 5816 1743 5885">
    <p class='ocr_par' dir='ltr' id='par_1_62' title="bbox 172 5816 1743 5885">
     <span class='ocr_line' id='line_1_62' title="bbox 172 5816 1743 5885; baseline -0.001 -12"><span class='ocrx_word' id='word_1_406' title='bbox 172 5834 268 5873; x_wconf 56' lang='lat' dir='ltr'><strong>iure</strong></span> <span class='ocrx_word' id='word_1_407' title='bbox 302 5822 469 5874; x_wconf 84' lang='lat' dir='ltr'><strong>fuisse</strong></span> <span class='ocrx_word' id='word_1_408' title='bbox 502 5820 560 5872; x_wconf 89' lang='lat' dir='ltr'><strong>in</strong></span> <span class='ocrx_word' id='word_1_409' title='bbox 594 5816 883 5885; x_wconf 86' lang='lat' dir='ltr'><strong>republica</strong></span> <span class='ocrx_word' id='word_1_410' title='bbox 923 5818 1225 5885; x_wconf 85' lang='lat' dir='ltr'><strong>dignitatis,</strong></span> <span class='ocrx_word' id='word_1_411' title='bbox 1263 5833 1327 5877; x_wconf 84' lang='lat' dir='ltr'><strong>ex</strong></span> <span class='ocrx_word' id='word_1_412' title='bbox 1363 5835 1428 5872; x_wconf 91' lang='lat' dir='ltr'><strong>eo</strong></span> <span class='ocrx_word' id='word_1_413' title='bbox 1460 5820 1586 5873; x_wconf 91' lang='lat' dir='ltr'><strong>licet</strong></span> <span class='ocrx_word' id='word_1_414' title='bbox 1614 5835 1743 5872; x_wconf 89' lang='lat' dir='ltr'><strong>con-</strong></span> 
     </span>
    </p>
   </div>
   <div class='ocr_carea' id='block_1_63' title="bbox 171 5908 1739 5980">
    <p class='ocr_par' dir='ltr' id='par_1_63' title="bbox 171 5908 1739 5980">
     <span class='ocr_line' id='line_1_63' title="bbox 171 5908 1739 5980; baseline 0.005 -23"><span class='ocrx_word' id='word_1_415' title='bbox 171 5909 333 5976; x_wconf 72' lang='lat' dir='ltr'><strong>jicere,</strong></span> <span class='ocrx_word' id='word_1_416' title='bbox 365 5912 518 5980; x_wconf 82' lang='lat' dir='ltr'><strong>quod</strong></span> <span class='ocrx_word' id='word_1_417' title='bbox 565 5910 623 5961; x_wconf 85' lang='lat' dir='ltr'><strong>in</strong></span> <span class='ocrx_word' id='word_1_418' title='bbox 661 5908 779 5961; x_wconf 80' lang='lat' dir='ltr'><strong>Vita</strong></span> <span class='ocrx_word' id='word_1_419' title='bbox 827 5922 979 5962; x_wconf 90' lang='lat' dir='ltr'><strong>num.</strong></span> <span class='ocrx_word' id='word_1_420' title='bbox 1029 5909 1095 5961; x_wconf 74' lang='lat'><strong>12</strong></span> <span class='ocrx_word' id='word_1_421' title='bbox 1141 5918 1347 5962; x_wconf 88' lang='lat' dir='ltr'><strong>asserat</strong></span> <span class='ocrx_word' id='word_1_422' title='bbox 1407 5924 1463 5962; x_wconf 86' lang='lat' dir='ltr'><strong>se</strong></span> <span class='ocrx_word' id='word_1_423' title='bbox 1503 5912 1739 5965; x_wconf 77' lang='lat' dir='ltr'><strong>amicum</strong></span> 
     </span>
    </p>
   </div>
   <div class='ocr_carea' id='block_1_64' title="bbox 1814 645 3391 721">
    <p class='ocr_par' dir='ltr' id='par_1_64' title="bbox 1814 645 3391 721">
     <span class='ocr_line' id='line_1_64' title="bbox 1814 645 3391 721; baseline -0.006 -14"><span class='ocrx_word' id='word_1_424' title='bbox 1814 652 2076 721; x_wconf 84' lang='lat' dir='ltr'><strong>dignitate</strong></span> <span class='ocrx_word' id='word_1_425' title='bbox 2103 648 2426 711; x_wconf 89' lang='lat' dir='ltr'><strong>constituto,</strong></span> <span class='ocrx_word' id='word_1_426' title='bbox 2460 645 2626 701; x_wconf 86' lang='lat' dir='ltr'><strong>Leoni</strong></span> <span class='ocrx_word' id='word_1_427' title='bbox 2661 647 2892 708; x_wconf 86' lang='lat' dir='ltr'><strong>scilicet,</strong></span> <span class='ocrx_word' id='word_1_428' title='bbox 2933 646 2991 698; x_wconf 80' lang='grc' dir='ltr'><strong>ὃν</strong></span> <span class='ocrx_word' id='word_1_429' title='bbox 3032 646 3059 697; x_wconf 86' lang='grc' dir='ltr'>ὀ</span> <span class='ocrx_word' id='word_1_430' title='bbox 3089 646 3391 717; x_wconf 71' lang='grc' dir='ltr'>πατρικὶων</span> 
     </span>
    </p>
   </div>
   <div class='ocr_carea' id='block_1_65' title="bbox 1813 738 3389 810">
    <p class='ocr_par' dir='ltr' id='par_1_65' title="bbox 1813 738 3389 810">
     <span class='ocr_line' id='line_1_65' title="bbox 1813 738 3389 810; baseline -0.004 -14"><span class='ocrx_word' id='word_1_431' title='bbox 1813 761 1874 796; x_wconf 81' lang='grc' dir='ltr'><strong>τε</strong></span> <span class='ocrx_word' id='word_1_432' title='bbox 1928 744 2022 795; x_wconf 69' lang='grc' dir='ltr'><strong>καὶ</strong></span> <span class='ocrx_word' id='word_1_433' title='bbox 2071 741 2447 810; x_wconf 75' lang='grc' dir='ltr'>πραιποσὶτων</span> <span class='ocrx_word' id='word_1_434' title='bbox 2493 738 2604 808; x_wconf 65' lang='grc' dir='ltr'>εἶχε</span> <span class='ocrx_word' id='word_1_435' title='bbox 2653 740 2831 808; x_wconf 73' lang='grc' dir='ltr'><strong>χορδς,</strong></span> <span class='ocrx_word' id='word_1_436' title='bbox 2878 742 2971 790; x_wconf 70' lang='grc' dir='ltr'><strong>καὶ</strong></span> <span class='ocrx_word' id='word_1_437' title='bbox 3042 738 3098 799; x_wconf 78' lang='grc' dir='ltr'><strong>ὃς</strong></span> <span class='ocrx_word' id='word_1_438' title='bbox 3154 738 3389 807; x_wconf 70' lang='grc' dir='ltr'>μετῆλθε</span> 
     </span>
    </p>
   </div>
   <div class='ocr_carea' id='block_1_66' title="bbox 1818 829 3391 904">
    <p class='ocr_par' dir='ltr' id='par_1_66' title="bbox 1818 829 3391 904">
     <span class='ocr_line' id='line_1_66' title="bbox 1818 829 3391 904; baseline -0.003 -17"><span class='ocrx_word' id='word_1_439' title='bbox 1818 835 1917 904; x_wconf 80' lang='grc' dir='ltr'>μὲν</span> <span class='ocrx_word' id='word_1_440' title='bbox 1950 834 2048 901; x_wconf 77' lang='grc' dir='ltr'><strong>τὴν</strong></span> <span class='ocrx_word' id='word_1_441' title='bbox 2083 831 2175 884; x_wconf 72' lang='grc' dir='ltr'>τοῦ</span> <span class='ocrx_word' id='word_1_442' title='bbox 2223 829 2595 899; x_wconf 75' lang='grc' dir='ltr'>Δρουγγαρίσυ</span> <span class='ocrx_word' id='word_1_443' title='bbox 2642 830 2739 900; x_wconf 77' lang='grc' dir='ltr'><strong>τὴν</strong></span> <span class='ocrx_word' id='word_1_444' title='bbox 2782 830 2889 882; x_wconf 67' lang='grc' dir='ltr'>τῶν</span> <span class='ocrx_word' id='word_1_445' title='bbox 2922 831 3204 897; x_wconf 67' lang='grc' dir='ltr'><strong>πὶωῖμων,</strong></span> <span class='ocrx_word' id='word_1_446' title='bbox 3262 848 3391 899; x_wconf 78' lang='grc' dir='ltr'>μετ-</span> 
     </span>
    </p>
   </div>
   <div class='ocr_carea' id='block_1_67' title="bbox 1814 921 3389 996">
    <p class='ocr_par' dir='ltr' id='par_1_67' title="bbox 1814 921 3389 996">
     <span class='ocr_line' id='line_1_67' title="bbox 1814 921 3389 996; baseline -0.003 -20"><span class='ocrx_word' id='word_1_447' title='bbox 1814 926 1942 996; x_wconf 74' lang='grc' dir='ltr'><strong>ῆλοε</strong></span> <span class='ocrx_word' id='word_1_448' title='bbox 1997 926 2050 977; x_wconf 84' lang='grc' dir='ltr'>δὲ</span> <span class='ocrx_word' id='word_1_449' title='bbox 2100 924 2193 977; x_wconf 72' lang='grc' dir='ltr'>καὶ</span> <span class='ocrx_word' id='word_1_450' title='bbox 2242 924 2338 993; x_wconf 79' lang='grc' dir='ltr'>τὴν</span> <span class='ocrx_word' id='word_1_451' title='bbox 2396 922 2488 974; x_wconf 74' lang='grc' dir='ltr'><strong>τοῦ</strong></span> <span class='ocrx_word' id='word_1_452' title='bbox 2548 922 2845 990; x_wconf 72' lang='grc' dir='ltr'>Λογοθέτον</span> <span class='ocrx_word' id='word_1_453' title='bbox 2892 921 2985 974; x_wconf 73' lang='grc' dir='ltr'>τοῦ</span> <span class='ocrx_word' id='word_1_454' title='bbox 3040 922 3251 990; x_wconf 73' lang='grc' dir='ltr'>Δρόμον</span> <span class='ocrx_word' id='word_1_455' title='bbox 3291 922 3389 990; x_wconf 84' lang='grc' dir='ltr'><strong>ἀρ-</strong></span> 
     </span>
    </p>
   </div>
   <div class='ocr_carea' id='block_1_68' title="bbox 1816 1014 3391 1091">
    <p class='ocr_par' dir='ltr' id='par_1_68' title="bbox 1816 1014 3391 1091">
     <span class='ocr_line' id='line_1_68' title="bbox 1816 1014 3391 1091; baseline -0.004 -21"><span class='ocrx_word' id='word_1_456' title='bbox 1816 1021 1940 1091; x_wconf 84' lang='grc' dir='ltr'><strong>χήν,</strong></span> <span class='ocrx_word' id='word_1_457' title='bbox 1990 1039 2007 1070; x_wconf 87' lang='grc'><strong>‹</strong></span> <span class='ocrx_word' id='word_1_458' title='bbox 2038 1020 2129 1087; x_wconf 85' lang='lat' dir='ltr'><strong>qui</strong></span> <span class='ocrx_word' id='word_1_459' title='bbox 2172 1018 2226 1070; x_wconf 90' lang='lat' dir='ltr'><strong>in</strong></span> <span class='ocrx_word' id='word_1_460' title='bbox 2271 1014 2630 1085; x_wconf 88' lang='lat' dir='ltr'><strong>patriciorum</strong></span> <span class='ocrx_word' id='word_1_461' title='bbox 2667 1016 3193 1084; x_wconf 68' lang='lat' dir='ltr'><strong>praepositorumque</strong></span> <span class='ocrx_word' id='word_1_462' title='bbox 3240 1014 3391 1065; x_wconf 81' lang='lat' dir='ltr'><strong>ordi-</strong></span> 
     </span>
    </p>
   </div>
   <div class='ocr_carea' id='block_1_69' title="bbox 1816 1106 3389 1177">
    <p class='ocr_par' dir='ltr' id='par_1_69' title="bbox 1816 1106 3389 1177">
     <span class='ocr_line' id='line_1_69' title="bbox 1816 1106 3389 1177; baseline -0.004 -11"><span class='ocrx_word' id='word_1_463' title='bbox 1816 1128 1943 1166; x_wconf 88' lang='lat' dir='ltr'><strong>nem</strong></span> <span class='ocrx_word' id='word_1_464' title='bbox 1967 1112 2175 1165; x_wconf 86' lang='lat' dir='ltr'><strong>relatus</strong></span> <span class='ocrx_word' id='word_1_465' title='bbox 2201 1108 2324 1171; x_wconf 84' lang='lat' dir='ltr'><strong>fuit,</strong></span> <span class='ocrx_word' id='word_1_466' title='bbox 2357 1108 2560 1177; x_wconf 87' lang='lat' dir='ltr'><strong>quique</strong></span> <span class='ocrx_word' id='word_1_467' title='bbox 2589 1108 2665 1159; x_wconf 89' lang='lat' dir='ltr'><strong>rei</strong></span> <span class='ocrx_word' id='word_1_468' title='bbox 2702 1109 2988 1161; x_wconf 72' lang='lat' dir='ltr'><strong>maritimae</strong></span> <span class='ocrx_word' id='word_1_469' title='bbox 3014 1106 3389 1174; x_wconf 65' lang='lat' dir='ltr'><strong>praefecturam</strong></span> 
     </span>
    </p>
   </div>
   <div class='ocr_carea' id='block_1_70' title="bbox 1812 1200 3384 1272">
    <p class='ocr_par' dir='ltr' id='par_1_70' title="bbox 1812 1200 3384 1272">
     <span class='ocr_line' id='line_1_70' title="bbox 1812 1200 3384 1272; baseline -0.006 -14"><span class='ocrx_word' id='word_1_470' title='bbox 1812 1219 1880 1259; x_wconf 85' lang='lat' dir='ltr'><strong>ac</strong></span> <span class='ocrx_word' id='word_1_471' title='bbox 1920 1202 2236 1272; x_wconf 64' lang='lat' dir='ltr'><strong>Logotbetze</strong></span> <span class='ocrx_word' id='word_1_472' title='bbox 2257 1201 2466 1256; x_wconf 88' lang='lat' dir='ltr'><strong>Cursus</strong></span> <span class='ocrx_word' id='word_1_473' title='bbox 2489 1200 2705 1269; x_wconf 87' lang='lat' dir='ltr'><strong>publice</strong></span> <span class='ocrx_word' id='word_1_474' title='bbox 2740 1200 3120 1269; x_wconf 79' lang='lat' dir='ltr'><strong>magistratum</strong></span> <span class='ocrx_word' id='word_1_475' title='bbox 3151 1202 3337 1268; x_wconf 77' lang='lat' dir='ltr'><strong>gessit,</strong></span> <span class='ocrx_word' id='word_1_476' title='bbox 3370 1222 3384 1248; x_wconf 74' lang='grc' dir='ltr'><strong><em>ι</em></strong></span> 
     </span>
    </p>
   </div>
   <div class='ocr_carea' id='block_1_71' title="bbox 1815 1292 3399 1366">
    <p class='ocr_par' dir='ltr' id='par_1_71' title="bbox 1815 1292 3399 1366">
     <span class='ocr_line' id='line_1_71' title="bbox 1815 1292 3399 1366; baseline -0.003 -17"><span class='ocrx_word' id='word_1_477' title='bbox 1815 1310 1938 1366; x_wconf 71' lang='lat' dir='ltr'><strong>quae</strong></span> <span class='ocrx_word' id='word_1_478' title='bbox 1972 1305 2103 1349; x_wconf 89' lang='lat' dir='ltr'><strong>sunt</strong></span> <span class='ocrx_word' id='word_1_479' title='bbox 2132 1295 2274 1347; x_wconf 92' lang='lat' dir='ltr'><strong>inter</strong></span> <span class='ocrx_word' id='word_1_480' title='bbox 2306 1308 2561 1362; x_wconf 88' lang='lat' dir='ltr'><strong>suprema</strong></span> <span class='ocrx_word' id='word_1_481' title='bbox 2602 1293 2915 1362; x_wconf 70' lang='lat' dir='ltr'><strong>reipublica:</strong></span> <span class='ocrx_word' id='word_1_482' title='bbox 2936 1292 3399 1361; x_wconf 82' lang='lat' dir='ltr'><strong>ConstantinOpo-</strong></span> 
     </span>
    </p>
   </div>
   <div class='ocr_carea' id='block_1_72' title="bbox 1814 1388 2277 1443">
    <p class='ocr_par' dir='ltr' id='par_1_72' title="bbox 1814 1388 2277 1443">
     <span class='ocr_line' id='line_1_72' title="bbox 1814 1388 2277 1443; baseline 0 0"><span class='ocrx_word' id='word_1_483' title='bbox 1814 1388 1995 1443; x_wconf 64' lang='lat' dir='ltr'><strong>litanae</strong></span> <span class='ocrx_word' id='word_1_484' title='bbox 2025 1401 2277 1443; x_wconf 86' lang='lat' dir='ltr'><strong>munera.</strong></span> 
     </span>
    </p>
   </div>
   <div class='ocr_carea' id='block_1_73' title="bbox 1886 1518 3393 1590">
    <p class='ocr_par' dir='ltr' id='par_1_73' title="bbox 1886 1518 3393 1590">
     <span class='ocr_line' id='line_1_73' title="bbox 1886 1518 3393 1590; baseline -0.001 -15"><span class='ocrx_word' id='word_1_485' title='bbox 1886 1522 1940 1575; x_wconf 86' lang='lat' dir='ltr'><strong>ﬁ.</strong></span> <span class='ocrx_word' id='word_1_486' title='bbox 1967 1521 2103 1576; x_wconf 85' lang='lat' dir='ltr'><strong>Cum</strong></span> <span class='ocrx_word' id='word_1_487' title='bbox 2133 1536 2266 1575; x_wconf 88' lang='lat' dir='ltr'><strong>vero</strong></span> <span class='ocrx_word' id='word_1_488' title='bbox 2310 1521 2450 1574; x_wconf 88' lang='lat' dir='ltr'><strong>alius</strong></span> <span class='ocrx_word' id='word_1_489' title='bbox 2503 1520 2727 1589; x_wconf 87' lang='lat' dir='ltr'><strong>quidam</strong></span> <span class='ocrx_word' id='word_1_490' title='bbox 2775 1518 2901 1578; x_wconf 83' lang='lat' dir='ltr'><strong>Leo.</strong></span> <span class='ocrx_word' id='word_1_491' title='bbox 2941 1520 3034 1590; x_wconf 90' lang='lat' dir='ltr'><strong>qui</strong></span> <span class='ocrx_word' id='word_1_492' title='bbox 3070 1521 3266 1575; x_wconf 86' lang='lat' dir='ltr'><strong>Leonis</strong></span> <span class='ocrx_word' id='word_1_493' title='bbox 3304 1537 3393 1590; x_wconf 80' lang='lat' dir='ltr'><strong>pa~</strong></span> 
     </span>
    </p>
   </div>
   <div class='ocr_carea' id='block_1_74' title="bbox 1820 1614 3401 1684">
    <p class='ocr_par' dir='ltr' id='par_1_74' title="bbox 1820 1614 3401 1684">
     <span class='ocr_line' id='line_1_74' title="bbox 1820 1614 3401 1684; baseline 0.001 -17"><span class='ocrx_word' id='word_1_494' title='bbox 1820 1614 1962 1668; x_wconf 91' lang='lat' dir='ltr'><strong>tricii</strong></span> <span class='ocrx_word' id='word_1_495' title='bbox 2004 1616 2311 1669; x_wconf 90' lang='lat' dir='ltr'><strong>ministerio</strong></span> <span class='ocrx_word' id='word_1_496' title='bbox 2350 1615 2597 1679; x_wconf 82' lang='lat' dir='ltr'><strong>suberat,</strong></span> <span class='ocrx_word' id='word_1_497' title='bbox 2626 1615 2830 1684; x_wconf 90' lang='lat' dir='ltr'><strong>quique</strong></span> <span class='ocrx_word' id='word_1_498' title='bbox 2867 1624 2985 1667; x_wconf 88' lang='lat' dir='ltr'><strong>erat</strong></span> <span class='ocrx_word' id='word_1_499' title='bbox 3018 1620 3401 1683; x_wconf 83' lang='lat' dir='ltr'><strong>protospatlia-</strong></span> 
     </span>
    </p>
   </div>
   <div class='ocr_carea' id='block_1_75' title="bbox 1818 1708 3400 1778">
    <p class='ocr_par' dir='ltr' id='par_1_75' title="bbox 1818 1708 3400 1778">
     <span class='ocr_line' id='line_1_75' title="bbox 1818 1708 3400 1778; baseline -0.001 -17"><span class='ocrx_word' id='word_1_500' title='bbox 1818 1709 1932 1761; x_wconf 90' lang='lat' dir='ltr'><strong>rius</strong></span> <span class='ocrx_word' id='word_1_501' title='bbox 1969 1708 2043 1777; x_wconf 92' lang='lat' dir='ltr'><strong>(id</strong></span> <span class='ocrx_word' id='word_1_502' title='bbox 2074 1718 2157 1761; x_wconf 88' lang='lat' dir='ltr'><strong>est</strong></span> <span class='ocrx_word' id='word_1_503' title='bbox 2193 1711 2449 1775; x_wconf 90' lang='lat' dir='ltr'><strong>princeps</strong></span> <span class='ocrx_word' id='word_1_504' title='bbox 2479 1723 2670 1761; x_wconf 90' lang='lat' dir='ltr'><strong>eorum</strong></span> <span class='ocrx_word' id='word_1_505' title='bbox 2699 1708 2791 1777; x_wconf 90' lang='lat' dir='ltr'><strong>qui</strong></span> <span class='ocrx_word' id='word_1_506' title='bbox 2824 1709 2889 1761; x_wconf 89' lang='lat' dir='ltr'><strong>ad</strong></span> <span class='ocrx_word' id='word_1_507' title='bbox 2921 1708 3169 1778; x_wconf 84' lang='lat' dir='ltr'><strong>corporis</strong></span> <span class='ocrx_word' id='word_1_508' title='bbox 3216 1718 3400 1761; x_wconf 87' lang='lat' dir='ltr'><strong>custo-</strong></span> 
     </span>
    </p>
   </div>
   <div class='ocr_carea' id='block_1_76' title="bbox 1821 1800 3394 1871">
    <p class='ocr_par' dir='ltr' id='par_1_76' title="bbox 1821 1800 3394 1871">
     <span class='ocr_line' id='line_1_76' title="bbox 1821 1800 3394 1871; baseline 0.001 -17"><span class='ocrx_word' id='word_1_509' title='bbox 1821 1800 1964 1854; x_wconf 90' lang='lat' dir='ltr'><strong>diam</strong></span> <span class='ocrx_word' id='word_1_510' title='bbox 2000 1810 2160 1855; x_wconf 91' lang='lat' dir='ltr'><strong>erant</strong></span> <span class='ocrx_word' id='word_1_511' title='bbox 2201 1801 2471 1871; x_wconf 78' lang='lat' dir='ltr'><strong>deputati)</strong></span> <span class='ocrx_word' id='word_1_512' title='bbox 2519 1800 2728 1854; x_wconf 90' lang='lat' dir='ltr'><strong>domini</strong></span> <span class='ocrx_word' id='word_1_513' title='bbox 2764 1802 2845 1853; x_wconf 92' lang='lat' dir='ltr'><strong>sui</strong></span> <span class='ocrx_word' id='word_1_514' title='bbox 2881 1803 3049 1870; x_wconf 87' lang='lat' dir='ltr'><strong>gratia</strong></span> <span class='ocrx_word' id='word_1_515' title='bbox 3092 1818 3153 1855; x_wconf 94' lang='lat' dir='ltr'><strong>ac</strong></span> <span class='ocrx_word' id='word_1_516' title='bbox 3190 1802 3394 1865; x_wconf 78' lang='lat' dir='ltr'><strong>favore,</strong></span> 
     </span>
    </p>
   </div>
   <div class='ocr_carea' id='block_1_77' title="bbox 1820 1894 3398 1965">
    <p class='ocr_par' dir='ltr' id='par_1_77' title="bbox 1820 1894 3398 1965">
     <span class='ocr_line' id='line_1_77' title="bbox 1820 1894 3398 1965; baseline 0.001 -19"><span class='ocrx_word' id='word_1_517' title='bbox 1820 1910 1981 1963; x_wconf 85' lang='lat' dir='ltr'><strong>quam</strong></span> <span class='ocrx_word' id='word_1_518' title='bbox 2016 1895 2084 1947; x_wconf 86' lang='lat' dir='ltr'><strong>ob</strong></span> <span class='ocrx_word' id='word_1_519' title='bbox 2110 1910 2326 1948; x_wconf 88' lang='lat' dir='ltr'><strong>causam</strong></span> <span class='ocrx_word' id='word_1_520' title='bbox 2362 1895 2570 1954; x_wconf 90' lang='lat' dir='ltr'><strong>nescio,</strong></span> <span class='ocrx_word' id='word_1_521' title='bbox 2605 1894 2918 1953; x_wconf 76' lang='lat' dir='ltr'><strong>excidisset.</strong></span> <span class='ocrx_word' id='word_1_522' title='bbox 2960 1896 3254 1963; x_wconf 85' lang='lat' dir='ltr'><strong>nullusque</strong></span> <span class='ocrx_word' id='word_1_523' title='bbox 3302 1913 3398 1965; x_wconf 82' lang='lat' dir='ltr'><strong>pro</strong></span> 
     </span>
    </p>
   </div>
   <div class='ocr_carea' id='block_1_78' title="bbox 1815 1987 3398 2058">
    <p class='ocr_par' dir='ltr' id='par_1_78' title="bbox 1815 1987 3398 2058">
     <span class='ocr_line' id='line_1_78' title="bbox 1815 1987 3398 2058; baseline 0.001 -18"><span class='ocrx_word' id='word_1_524' title='bbox 1815 1988 2014 2041; x_wconf 81' lang='lat' dir='ltr'><strong>misero</strong></span> <span class='ocrx_word' id='word_1_525' title='bbox 2080 1988 2423 2041; x_wconf 84' lang='lat' dir='ltr'><strong>intercedere</strong></span> <span class='ocrx_word' id='word_1_526' title='bbox 2458 1988 2709 2049; x_wconf 85' lang='lat' dir='ltr'><strong>auderet,</strong></span> <span class='ocrx_word' id='word_1_527' title='bbox 2748 1988 2894 2057; x_wconf 90' lang='lat' dir='ltr'><strong>quod</strong></span> <span class='ocrx_word' id='word_1_528' title='bbox 2929 1987 3169 2041; x_wconf 81' lang='lat' dir='ltr'><strong>diflicilis</strong></span> <span class='ocrx_word' id='word_1_529' title='bbox 3203 1990 3266 2041; x_wconf 81' lang='lat' dir='ltr'><strong>ad</strong></span> <span class='ocrx_word' id='word_1_530' title='bbox 3304 2005 3398 2058; x_wconf 83' lang='lat' dir='ltr'><strong>pa-</strong></span> 
     </span>
    </p>
   </div>
   <div class='ocr_carea' id='block_1_79' title="bbox 1813 2080 3398 2150">
    <p class='ocr_par' dir='ltr' id='par_1_79' title="bbox 1813 2080 3398 2150">
     <span class='ocr_line' id='line_1_79' title="bbox 1813 2080 3398 2150; baseline 0 -17"><span class='ocrx_word' id='word_1_531' title='bbox 1813 2080 2032 2133; x_wconf 91' lang='lat' dir='ltr'><strong>tricium</strong></span> <span class='ocrx_word' id='word_1_532' title='bbox 2067 2090 2276 2150; x_wconf 88' lang='lat' dir='ltr'><strong>pateret</strong></span> <span class='ocrx_word' id='word_1_533' title='bbox 2302 2080 2504 2142; x_wconf 88' lang='lat' dir='ltr'><strong>aditus,</strong></span> <span class='ocrx_word' id='word_1_534' title='bbox 2555 2091 2609 2134; x_wconf 91' lang='lat' dir='ltr'><strong>ct</strong></span> <span class='ocrx_word' id='word_1_535' title='bbox 2637 2096 2799 2149; x_wconf 91' lang='lat' dir='ltr'><strong>asper</strong></span> <span class='ocrx_word' id='word_1_536' title='bbox 2850 2090 2994 2134; x_wconf 87' lang='lat' dir='ltr'><strong>esset</strong></span> <span class='ocrx_word' id='word_1_537' title='bbox 3030 2081 3081 2133; x_wconf 90' lang='lat' dir='ltr'><strong>in</strong></span> <span class='ocrx_word' id='word_1_538' title='bbox 3122 2082 3398 2133; x_wconf 83' lang='lat' dir='ltr'><strong>sermonis</strong></span> 
     </span>
    </p>
   </div>
   <div class='ocr_carea' id='block_1_80' title="bbox 1813 2172 3397 2243">
    <p class='ocr_par' dir='ltr' id='par_1_80' title="bbox 1813 2172 3397 2243">
     <span class='ocr_line' id='line_1_80' title="bbox 1813 2172 3397 2243; baseline 0 -17"><span class='ocrx_word' id='word_1_539' title='bbox 1813 2188 2131 2242; x_wconf 85' lang='lat' dir='ltr'><strong>congressu,</strong></span> <span class='ocrx_word' id='word_1_540' title='bbox 2149 2173 2454 2242; x_wconf 79' lang='lat' dir='ltr'><strong>praesertim</strong></span> <span class='ocrx_word' id='word_1_541' title='bbox 2472 2172 2861 2227; x_wconf 82' lang='lat' dir='ltr'><strong>interfamulos</strong></span> <span class='ocrx_word' id='word_1_542' title='bbox 2879 2191 2894 2237; x_wconf 88' lang='lat'><strong>;</strong></span> <span class='ocrx_word' id='word_1_543' title='bbox 2913 2174 3065 2229; x_wconf 83' lang='lat' dir='ltr'><strong>solus</strong></span> <span class='ocrx_word' id='word_1_544' title='bbox 3080 2174 3244 2243; x_wconf 86' lang='lat' dir='ltr'><strong>hujus</strong></span> <span class='ocrx_word' id='word_1_545' title='bbox 3263 2174 3397 2227; x_wconf 65' lang='lat' dir='ltr'><strong>Vitae</strong></span> 
     </span>
    </p>
   </div>
   <div class='ocr_carea' id='block_1_81' title="bbox 1813 2263 3397 2333">
    <p class='ocr_par' dir='ltr' id='par_1_81' title="bbox 1813 2263 3397 2333">
     <span class='ocr_line' id='line_1_81' title="bbox 1813 2263 3397 2333; baseline 0.003 -20"><span class='ocrx_word' id='word_1_546' title='bbox 1813 2273 2024 2326; x_wconf 90' lang='lat' dir='ltr'><strong>auctor,</strong></span> <span class='ocrx_word' id='word_1_547' title='bbox 2051 2277 2150 2331; x_wconf 93' lang='lat' dir='ltr'><strong>pro</strong></span> <span class='ocrx_word' id='word_1_548' title='bbox 2175 2278 2271 2315; x_wconf 92' lang='lat' dir='ltr'><strong>sua</strong></span> <span class='ocrx_word' id='word_1_549' title='bbox 2298 2263 2508 2317; x_wconf 89' lang='lat' dir='ltr'><strong>scilicet</strong></span> <span class='ocrx_word' id='word_1_550' title='bbox 2538 2280 2642 2332; x_wconf 90' lang='lat' dir='ltr'><strong>qua</strong></span> <span class='ocrx_word' id='word_1_551' title='bbox 2668 2263 2811 2333; x_wconf 90' lang='lat' dir='ltr'><strong>apud</strong></span> <span class='ocrx_word' id='word_1_552' title='bbox 2838 2264 3074 2317; x_wconf 86' lang='lat' dir='ltr'><strong>Leonem</strong></span> <span class='ocrx_word' id='word_1_553' title='bbox 3105 2264 3397 2332; x_wconf 86' lang='lat' dir='ltr'><strong>patricium</strong></span> 
     </span>
    </p>
   </div>
   <div class='ocr_carea' id='block_1_82' title="bbox 1812 2348 3394 2422">
    <p class='ocr_par' dir='ltr' id='par_1_82' title="bbox 1812 2348 3394 2422">
     <span class='ocr_line' id='line_1_82' title="bbox 1812 2348 3394 2422; baseline 0.003 -21"><span class='ocrx_word' id='word_1_554' title='bbox 1812 2348 2052 2418; x_wconf 88' lang='lat' dir='ltr'><strong>pollebat</strong></span> <span class='ocrx_word' id='word_1_555' title='bbox 2093 2351 2427 2405; x_wconf 88' lang='lat' dir='ltr'><strong>auctoritate</strong></span> <span class='ocrx_word' id='word_1_556' title='bbox 2458 2361 2513 2405; x_wconf 92' lang='lat' dir='ltr'><strong>et</strong></span> <span class='ocrx_word' id='word_1_557' title='bbox 2545 2354 2739 2421; x_wconf 87' lang='lat' dir='ltr'><strong>gratia,</strong></span> <span class='ocrx_word' id='word_1_558' title='bbox 2779 2354 3114 2422; x_wconf 90' lang='lat' dir='ltr'><strong>pertinacem</strong></span> <span class='ocrx_word' id='word_1_559' title='bbox 3150 2354 3394 2407; x_wconf 90' lang='lat' dir='ltr'><strong>animum</strong></span> 
     </span>
    </p>
   </div>
   <div class='ocr_carea' id='block_1_83' title="bbox 1815 2443 3398 2516">
    <p class='ocr_par' dir='ltr' id='par_1_83' title="bbox 1815 2443 3398 2516">
     <span class='ocr_line' id='line_1_83' title="bbox 1815 2443 3398 2516; baseline 0.002 -20"><span class='ocrx_word' id='word_1_560' title='bbox 1815 2443 1881 2496; x_wconf 89' lang='lat' dir='ltr'><strong>ad</strong></span> <span class='ocrx_word' id='word_1_561' title='bbox 1911 2443 2310 2513; x_wconf 90' lang='lat' dir='ltr'><strong>impetrandam</strong></span> <span class='ocrx_word' id='word_1_562' title='bbox 2346 2445 2545 2499; x_wconf 90' lang='lat' dir='ltr'><strong>misero</strong></span> <span class='ocrx_word' id='word_1_563' title='bbox 2572 2445 2789 2500; x_wconf 89' lang='lat' dir='ltr'><strong>veniam</strong></span> <span class='ocrx_word' id='word_1_564' title='bbox 2834 2445 3189 2516; x_wconf 88' lang='lat' dir='ltr'><strong>interpellare</strong></span> <span class='ocrx_word' id='word_1_565' title='bbox 3231 2446 3398 2501; x_wconf 86' lang='lat' dir='ltr'><strong>susti-</strong></span> 
     </span>
    </p>
   </div>
   <div class='ocr_carea' id='block_1_84' title="bbox 1817 2534 3400 2606">
    <p class='ocr_par' dir='ltr' id='par_1_84' title="bbox 1817 2534 3400 2606">
     <span class='ocr_line' id='line_1_84' title="bbox 1817 2534 3400 2606; baseline 0.002 -20"><span class='ocrx_word' id='word_1_566' title='bbox 1817 2534 1960 2596; x_wconf 82' lang='lat' dir='ltr'><strong>nuit,</strong></span> <span class='ocrx_word' id='word_1_567' title='bbox 1996 2543 2055 2588; x_wconf 89' lang='lat' dir='ltr'><strong>ut</strong></span> <span class='ocrx_word' id='word_1_568' title='bbox 2080 2537 2314 2603; x_wconf 83' lang='lat' dir='ltr'><strong>ipsemet</strong></span> <span class='ocrx_word' id='word_1_569' title='bbox 2345 2536 2515 2590; x_wconf 88' lang='lat' dir='ltr'><strong>refert</strong></span> <span class='ocrx_word' id='word_1_570' title='bbox 2550 2538 2669 2592; x_wconf 90' lang='lat' dir='ltr'><strong>loco</strong></span> <span class='ocrx_word' id='word_1_571' title='bbox 2706 2537 3008 2606; x_wconf 66' lang='lat' dir='ltr'><strong>praecirato.</strong></span> <span class='ocrx_word' id='word_1_572' title='bbox 3041 2536 3171 2592; x_wconf 84' lang='lat' dir='ltr'><strong>Inde</strong></span> <span class='ocrx_word' id='word_1_573' title='bbox 3195 2538 3400 2592; x_wconf 88' lang='lat' dir='ltr'><strong>inferre</strong></span> 
     </span>
    </p>
   </div>
   <div class='ocr_carea' id='block_1_85' title="bbox 1820 2624 3400 2699">
    <p class='ocr_par' dir='ltr' id='par_1_85' title="bbox 1820 2624 3400 2699">
     <span class='ocr_line' id='line_1_85' title="bbox 1820 2624 3400 2699; baseline 0.005 -23"><span class='ocrx_word' id='word_1_574' title='bbox 1820 2624 1949 2678; x_wconf 89' lang='lat' dir='ltr'><strong>licet</strong></span> <span class='ocrx_word' id='word_1_575' title='bbox 1990 2628 2134 2680; x_wconf 86' lang='lat' dir='ltr'><strong>hunc</strong></span> <span class='ocrx_word' id='word_1_576' title='bbox 2177 2643 2394 2696; x_wconf 88' lang='lat' dir='ltr'><strong>quoque</strong></span> <span class='ocrx_word' id='word_1_577' title='bbox 2431 2630 2599 2681; x_wconf 85' lang='lat' dir='ltr'><strong>fuisse</strong></span> <span class='ocrx_word' id='word_1_578' title='bbox 2645 2630 2858 2683; x_wconf 80' lang='lat' dir='ltr'><strong>eximiae</strong></span> <span class='ocrx_word' id='word_1_579' title='bbox 2906 2630 3189 2699; x_wconf 84' lang='lat' dir='ltr'><strong>dignitatis</strong></span> <span class='ocrx_word' id='word_1_580' title='bbox 3231 2637 3400 2699; x_wconf 85' lang='lat' dir='ltr'><strong>atque</strong></span> 
     </span>
    </p>
   </div>
   <div class='ocr_carea' id='block_1_86' title="bbox 1817 2715 3397 2789">
    <p class='ocr_par' dir='ltr' id='par_1_86' title="bbox 1817 2715 3397 2789">
     <span class='ocr_line' id='line_1_86' title="bbox 1817 2715 3397 2789; baseline 0.001 -19"><span class='ocrx_word' id='word_1_581' title='bbox 1817 2715 2184 2779; x_wconf 80' lang='lat' dir='ltr'><strong>auctoritatis,</strong></span> <span class='ocrx_word' id='word_1_582' title='bbox 2222 2718 2557 2789; x_wconf 86' lang='lat' dir='ltr'><strong>dignumque</strong></span> <span class='ocrx_word' id='word_1_583' title='bbox 2581 2720 2674 2788; x_wconf 92' lang='lat' dir='ltr'><strong>qui</strong></span> <span class='ocrx_word' id='word_1_584' title='bbox 2713 2722 2770 2773; x_wconf 92' lang='lat' dir='ltr'><strong>in</strong></span> <span class='ocrx_word' id='word_1_585' title='bbox 2803 2722 2937 2774; x_wconf 85' lang='lat' dir='ltr'><strong>tanti</strong></span> <span class='ocrx_word' id='word_1_586' title='bbox 2968 2721 3068 2774; x_wconf 88' lang='lat' dir='ltr'><strong>viri</strong></span> <span class='ocrx_word' id='word_1_587' title='bbox 3098 2721 3397 2775; x_wconf 85' lang='lat' dir='ltr'><strong>amicitiam</strong></span> 
     </span>
    </p>
   </div>
   <div class='ocr_carea' id='block_1_87' title="bbox 1818 2808 3401 2884">
    <p class='ocr_par' dir='ltr' id='par_1_87' title="bbox 1818 2808 3401 2884">
     <span class='ocr_line' id='line_1_87' title="bbox 1818 2808 3401 2884; baseline 0.003 -21"><span class='ocrx_word' id='word_1_588' title='bbox 1818 2808 2354 2881; x_wconf 86' lang='lat' dir='ltr'><strong>familiaritatemque</strong></span> <span class='ocrx_word' id='word_1_589' title='bbox 2425 2813 2835 2868; x_wconf 89' lang='lat' dir='ltr'><strong>admitteretur.</strong></span> <span class='ocrx_word' id='word_1_590' title='bbox 2890 2814 3161 2869; x_wconf 88' lang='lat' dir='ltr'><strong>Convenit</strong></span> <span class='ocrx_word' id='word_1_591' title='bbox 3230 2817 3401 2884; x_wconf 85' lang='lat' dir='ltr'><strong>igitur</strong></span> 
     </span>
    </p>
   </div>
   <div class='ocr_carea' id='block_1_88' title="bbox 1819 2903 3399 2977">
    <p class='ocr_par' dir='ltr' id='par_1_88' title="bbox 1819 2903 3399 2977">
     <span class='ocr_line' id='line_1_88' title="bbox 1819 2903 3399 2977; baseline 0.003 -21"><span class='ocrx_word' id='word_1_592' title='bbox 1819 2903 2029 2957; x_wconf 80' lang='lat' dir='ltr'><strong>auctori</strong></span> <span class='ocrx_word' id='word_1_593' title='bbox 2064 2906 2254 2955; x_wconf 89' lang='lat' dir='ltr'><strong>nostro</strong></span> <span class='ocrx_word' id='word_1_594' title='bbox 2291 2904 2464 2974; x_wconf 80' lang='lat' dir='ltr'><strong>stylus</strong></span> <span class='ocrx_word' id='word_1_595' title='bbox 2500 2912 2556 2956; x_wconf 90' lang='lat' dir='ltr'><strong>et</strong></span> <span class='ocrx_word' id='word_1_596' title='bbox 2586 2904 2862 2958; x_wconf 81' lang='lat' dir='ltr'><strong>scribendi</strong></span> <span class='ocrx_word' id='word_1_597' title='bbox 2908 2906 3141 2959; x_wconf 88' lang='lat' dir='ltr'><strong>formula</strong></span> <span class='ocrx_word' id='word_1_598' title='bbox 3174 2908 3399 2977; x_wconf 77' lang='lat' dir='ltr'><strong>Symeo—</strong></span> 
     </span>
    </p>
   </div>
   <div class='ocr_carea' id='block_1_89' title="bbox 1822 2998 3403 3066">
    <p class='ocr_par' dir='ltr' id='par_1_89' title="bbox 1822 2998 3403 3066">
     <span class='ocr_line' id='line_1_89' title="bbox 1822 2998 3403 3066; baseline 0.003 -15"><span class='ocrx_word' id='word_1_599' title='bbox 1822 2999 1907 3051; x_wconf 86' lang='lat' dir='ltr'><strong>nis</strong></span> <span class='ocrx_word' id='word_1_600' title='bbox 1936 2998 2339 3066; x_wconf 84' lang='lat' dir='ltr'><strong>Metaphrastis,</strong></span> <span class='ocrx_word' id='word_1_601' title='bbox 2364 2998 2625 3052; x_wconf 89' lang='lat' dir='ltr'><strong>convenit</strong></span> <span class='ocrx_word' id='word_1_602' title='bbox 2659 3001 2784 3052; x_wconf 67' lang='lat' dir='ltr'><strong>vitae</strong></span> <span class='ocrx_word' id='word_1_603' title='bbox 2835 3000 3171 3062; x_wconf 79' lang='lat' dir='ltr'><strong>institutum,</strong></span> <span class='ocrx_word' id='word_1_604' title='bbox 3198 3016 3403 3056; x_wconf 84' lang='lat' dir='ltr'><strong>convc—</strong></span> 
     </span>
    </p>
   </div>
   <div class='ocr_carea' id='block_1_90' title="bbox 1822 3093 3402 3159">
    <p class='ocr_par' dir='ltr' id='par_1_90' title="bbox 1822 3093 3402 3159">
     <span class='ocr_line' id='line_1_90' title="bbox 1822 3093 3402 3159; baseline 0.003 -15"><span class='ocrx_word' id='word_1_605' title='bbox 1822 3093 1905 3145; x_wconf 89' lang='lat' dir='ltr'><strong>nit</strong></span> <span class='ocrx_word' id='word_1_606' title='bbox 1974 3093 2251 3159; x_wconf 84' lang='lat' dir='ltr'><strong>dignitas;</strong></span> <span class='ocrx_word' id='word_1_607' title='bbox 2308 3107 2453 3144; x_wconf 81' lang='lat' dir='ltr'><strong>nunc</strong></span> <span class='ocrx_word' id='word_1_608' title='bbox 2505 3104 2773 3159; x_wconf 86' lang='lat' dir='ltr'><strong>superest,</strong></span> <span class='ocrx_word' id='word_1_609' title='bbox 2829 3102 3013 3144; x_wconf 90' lang='lat' dir='ltr'><strong>utrum</strong></span> <span class='ocrx_word' id='word_1_610' title='bbox 3065 3109 3187 3147; x_wconf 88' lang='lat' dir='ltr'><strong>cum</strong></span> <span class='ocrx_word' id='word_1_611' title='bbox 3241 3105 3402 3149; x_wconf 63' lang='lat' dir='ltr'><strong>mtatc</strong></span> 
     </span>
    </p>
   </div>
   <div class='ocr_carea' id='block_1_91' title="bbox 1823 3185 2975 3256">
    <p class='ocr_par' dir='ltr' id='par_1_91' title="bbox 1823 3185 2975 3256">
     <span class='ocr_line' id='line_1_91' title="bbox 1823 3185 2975 3256; baseline -0.003 -16"><span class='ocrx_word' id='word_1_612' title='bbox 1823 3185 2066 3256; x_wconf 88' lang='lat' dir='ltr'><strong>ejusdem</strong></span> <span class='ocrx_word' id='word_1_613' title='bbox 2100 3186 2396 3239; x_wconf 82' lang='lat' dir='ltr'><strong>convenire</strong></span> <span class='ocrx_word' id='word_1_614' title='bbox 2425 3185 2617 3252; x_wconf 85' lang='lat' dir='ltr'><strong>possit,</strong></span> <span class='ocrx_word' id='word_1_615' title='bbox 2645 3185 2975 3254; x_wconf 87' lang='lat' dir='ltr'><strong>perspicere.</strong></span> 
     </span>
    </p>
   </div>
   <div class='ocr_carea' id='block_1_92' title="bbox 1890 3323 3397 3395">
    <p class='ocr_par' dir='ltr' id='par_1_92' title="bbox 1890 3323 3397 3395">
     <span class='ocr_line' id='line_1_92' title="bbox 1890 3323 3397 3395; baseline 0.001 -19"><span class='ocrx_word' id='word_1_616' title='bbox 1890 3324 1944 3377; x_wconf 90' lang='lat'><strong>7.</strong></span> <span class='ocrx_word' id='word_1_617' title='bbox 1987 3324 2266 3380; x_wconf 85' lang='lat' dir='ltr'><strong>Floruisse</strong></span> <span class='ocrx_word' id='word_1_618' title='bbox 2299 3323 2723 3393; x_wconf 77' lang='lat' dir='ltr'><strong>Metaphrastem</strong></span> <span class='ocrx_word' id='word_1_619' title='bbox 2762 3324 2971 3378; x_wconf 78' lang='lat' dir='ltr'><strong>ultimis</strong></span> <span class='ocrx_word' id='word_1_620' title='bbox 2992 3326 3151 3379; x_wconf 88' lang='lat' dir='ltr'><strong>annis</strong></span> <span class='ocrx_word' id='word_1_621' title='bbox 3182 3325 3397 3395; x_wconf 90' lang='lat' dir='ltr'><strong>imperii</strong></span> 
     </span>
    </p>
   </div>
   <div class='ocr_carea' id='block_1_93' title="bbox 1818 3416 3401 3485">
    <p class='ocr_par' dir='ltr' id='par_1_93' title="bbox 1818 3416 3401 3485">
     <span class='ocr_line' id='line_1_93' title="bbox 1818 3416 3401 3485; baseline -0.001 -12"><span class='ocrx_word' id='word_1_622' title='bbox 1818 3417 2019 3473; x_wconf 86' lang='lat' dir='ltr'><strong>Leonis</strong></span> <span class='ocrx_word' id='word_1_623' title='bbox 2054 3416 2394 3485; x_wconf 84' lang='lat' dir='ltr'><strong>Philosophi.</strong></span> <span class='ocrx_word' id='word_1_624' title='bbox 2439 3417 2532 3485; x_wconf 89' lang='lat' dir='ltr'><strong>qui</strong></span> <span class='ocrx_word' id='word_1_625' title='bbox 2572 3417 2711 3469; x_wconf 91' lang='lat' dir='ltr'><strong>obiit</strong></span> <span class='ocrx_word' id='word_1_626' title='bbox 2751 3433 2895 3469; x_wconf 87' lang='lat' dir='ltr'><strong>anno</strong></span> <span class='ocrx_word' id='word_1_627' title='bbox 2926 3418 3055 3476; x_wconf 82' lang='lat'><strong>909,</strong></span> <span class='ocrx_word' id='word_1_628' title='bbox 3087 3428 3301 3471; x_wconf 90' lang='lat' dir='ltr'><strong>constat</strong></span> <span class='ocrx_word' id='word_1_629' title='bbox 3335 3436 3401 3472; x_wconf 65' lang='lat' dir='ltr'><strong>ex</strong></span> 
     </span>
    </p>
   </div>
   <div class='ocr_carea' id='block_1_94' title="bbox 1822 3506 3401 3578">
    <p class='ocr_par' dir='ltr' id='par_1_94' title="bbox 1822 3506 3401 3578">
     <span class='ocr_line' id='line_1_94' title="bbox 1822 3506 3401 3578; baseline -0.003 -14"><span class='ocrx_word' id='word_1_630' title='bbox 1822 3510 2109 3578; x_wconf 88' lang='lat' dir='ltr'><strong>ipsiusmct</strong></span> <span class='ocrx_word' id='word_1_631' title='bbox 2131 3508 2445 3563; x_wconf 88' lang='lat' dir='ltr'><strong>testimonio</strong></span> <span class='ocrx_word' id='word_1_632' title='bbox 2468 3508 2522 3561; x_wconf 91' lang='lat' dir='ltr'><strong>in</strong></span> <span class='ocrx_word' id='word_1_633' title='bbox 2552 3507 2671 3561; x_wconf 75' lang='lat' dir='ltr'><strong>Vita</strong></span> <span class='ocrx_word' id='word_1_634' title='bbox 2691 3507 2747 3561; x_wconf 85' lang='lat' dir='ltr'><strong>S.</strong></span> <span class='ocrx_word' id='word_1_635' title='bbox 2768 3506 3135 3571; x_wconf 79' lang='lat' dir='ltr'><strong>Tlieoctistcs,</strong></span> <span class='ocrx_word' id='word_1_636' title='bbox 3168 3508 3258 3561; x_wconf 89' lang='lat' dir='ltr'><strong>ubi</strong></span> <span class='ocrx_word' id='word_1_637' title='bbox 3289 3509 3401 3561; x_wconf 89' lang='lat' dir='ltr'><strong>ait:</strong></span> 
     </span>
    </p>
   </div>
   <div class='ocr_carea' id='block_1_95' title="bbox 1830 3602 3403 3671">
    <p class='ocr_par' dir='ltr' id='par_1_95' title="bbox 1830 3602 3403 3671">
     <span class='ocr_line' id='line_1_95' title="bbox 1830 3602 3403 3671; baseline 0.001 -18"><span class='ocrx_word' id='word_1_638' title='bbox 1830 3621 1847 3653; x_wconf 82' lang='grc'><strong>‹</strong></span> <span class='ocrx_word' id='word_1_639' title='bbox 1889 3602 2168 3671; x_wconf 73' lang='grc' dir='ltr'><strong>Γενομένῳ</strong></span> <span class='ocrx_word' id='word_1_640' title='bbox 2206 3602 2296 3670; x_wconf 69' lang='grc' dir='ltr'>μοί</span> <span class='ocrx_word' id='word_1_641' title='bbox 2338 3618 2465 3653; x_wconf 80' lang='grc' dir='ltr'>ποτε</span> <span class='ocrx_word' id='word_1_642' title='bbox 2509 3602 2650 3652; x_wconf 80' lang='grc' dir='ltr'><strong>κατὰ</strong></span> <span class='ocrx_word' id='word_1_643' title='bbox 2690 3608 2778 3653; x_wconf 75' lang='grc' dir='ltr'><strong>τὸν</strong></span> <span class='ocrx_word' id='word_1_644' title='bbox 2808 3602 2987 3669; x_wconf 80' lang='grc' dir='ltr'>Πάρον</span> <span class='ocrx_word' id='word_1_645' title='bbox 3019 3619 3031 3632; x_wconf 79' lang='grc'><em>’</em></span> <span class='ocrx_word' id='word_1_646' title='bbox 3071 3604 3269 3670; x_wconf 70' lang='grc' dir='ltr'>γέγονα</span> <span class='ocrx_word' id='word_1_647' title='bbox 3307 3602 3365 3655; x_wconf 74' lang='grc' dir='ltr'><strong>δέ</strong></span> <span class='ocrx_word' id='word_1_648' title='bbox 3391 3622 3403 3634; x_wconf 72' lang='grc'><strong><em>⁸</em></strong></span> 
     </span>
    </p>
   </div>
   <div class='ocr_carea' id='block_1_96' title="bbox 1824 3696 3405 3768">
    <p class='ocr_par' dir='ltr' id='par_1_96' title="bbox 1824 3696 3405 3768">
     <span class='ocr_line' id='line_1_96' title="bbox 1824 3696 3405 3768; baseline 0.001 -21"><span class='ocrx_word' id='word_1_649' title='bbox 1824 3696 1918 3747; x_wconf 75' lang='grc' dir='ltr'>καὶ</span> <span class='ocrx_word' id='word_1_650' title='bbox 1968 3697 2071 3763; x_wconf 70' lang='grc' dir='ltr'><strong>γὰρ</strong></span> <span class='ocrx_word' id='word_1_651' title='bbox 2128 3698 2218 3747; x_wconf 73' lang='grc' dir='ltr'>ἐπὶ</span> <span class='ocrx_word' id='word_1_652' title='bbox 2273 3698 2499 3766; x_wconf 78' lang='grc' dir='ltr'><strong>Κρήτην</strong></span> <span class='ocrx_word' id='word_1_653' title='bbox 2539 3696 2785 3749; x_wconf 76' lang='grc' dir='ltr'><strong>διέπλεον</strong></span> <span class='ocrx_word' id='word_1_654' title='bbox 2818 3696 2920 3749; x_wconf 46' lang='lat' dir='ltr'><strong>ibi-:3</strong></span> <span class='ocrx_word' id='word_1_655' title='bbox 2959 3698 3052 3750; x_wconf 72' lang='grc' dir='ltr'><strong>τοῦ</strong></span> <span class='ocrx_word' id='word_1_656' title='bbox 3098 3699 3405 3768; x_wconf 58' lang='grc' dir='ltr'>μακαρίτην</span> 
     </span>
    </p>
   </div>
   <div class='ocr_carea' id='block_1_97' title="bbox 1825 3788 3406 3857">
    <p class='ocr_par' dir='ltr' id='par_1_97' title="bbox 1825 3788 3406 3857">
     <span class='ocr_line' id='line_1_97' title="bbox 1825 3788 3406 3857; baseline 0.001 -17"><span class='ocrx_word' id='word_1_657' title='bbox 1825 3788 2050 3849; x_wconf 75' lang='grc' dir='ltr'>Λέοντος</span> <span class='ocrx_word' id='word_1_658' title='bbox 2082 3789 2256 3839; x_wconf 81' lang='grc' dir='ltr'>ἐκεῖσε</span> <span class='ocrx_word' id='word_1_659' title='bbox 2282 3790 2555 3855; x_wconf 77' lang='grc' dir='ltr'>πεμφθεῖς</span> <span class='ocrx_word' id='word_1_660' title='bbox 2582 3806 2594 3818; x_wconf 90' lang='grc'><strong>·</strong></span> <span class='ocrx_word' id='word_1_661' title='bbox 2630 3790 2878 3848; x_wconf 66' lang='grc' dir='ltr'><strong>Λέοντος,</strong></span> <span class='ocrx_word' id='word_1_662' title='bbox 2922 3793 3085 3857; x_wconf 71' lang='grc' dir='ltr'>φημὶ,</span> <span class='ocrx_word' id='word_1_663' title='bbox 3116 3791 3206 3841; x_wconf 76' lang='grc' dir='ltr'>τοῦ</span> <span class='ocrx_word' id='word_1_664' title='bbox 3251 3791 3406 3841; x_wconf 77' lang='grc' dir='ltr'>εὐτυ-</span> 
     </span>
    </p>
   </div>
   <div class='ocr_carea' id='block_1_98' title="bbox 1826 3880 3403 3951">
    <p class='ocr_par' dir='ltr' id='par_1_98' title="bbox 1826 3880 3403 3951">
     <span class='ocr_line' id='line_1_98' title="bbox 1826 3880 3403 3951; baseline 0 -18"><span class='ocrx_word' id='word_1_665' title='bbox 1826 3880 1952 3951; x_wconf 70' lang='grc' dir='ltr'><strong>χοῦς</strong></span> <span class='ocrx_word' id='word_1_666' title='bbox 1993 3880 2163 3943; x_wconf 73' lang='grc' dir='ltr'>ὅντως</span> <span class='ocrx_word' id='word_1_667' title='bbox 2208 3880 2493 3949; x_wconf 75' lang='grc' dir='ltr'><strong>βασιλέως.</strong></span> <span class='ocrx_word' id='word_1_668' title='bbox 2549 3883 2641 3933; x_wconf 68' lang='grc' dir='ltr'><strong>καὶ</strong></span> <span class='ocrx_word' id='word_1_669' title='bbox 2681 3880 2779 3950; x_wconf 80' lang='grc' dir='ltr'><strong>τὴν</strong></span> <span class='ocrx_word' id='word_1_670' title='bbox 2818 3883 3073 3951; x_wconf 73' lang='grc' dir='ltr'>εὐτυχίαν</span> <span class='ocrx_word' id='word_1_671' title='bbox 3113 3882 3403 3951; x_wconf 76' lang='grc' dir='ltr'><strong>Ῥωμαῖων</strong></span> 
     </span>
    </p>
   </div>
   <div class='ocr_carea' id='block_1_99' title="bbox 1827 3970 3411 4045">
    <p class='ocr_par' dir='ltr' id='par_1_99' title="bbox 1827 3970 3411 4045">
     <span class='ocr_line' id='line_1_99' title="bbox 1827 3970 3411 4045; baseline -0.008 -4"><span class='ocrx_word' id='word_1_672' title='bbox 1827 3970 1903 4041; x_wconf 70' lang='grc' dir='ltr'><strong>’τῷ</strong></span> <span class='ocrx_word' id='word_1_673' title='bbox 1939 3972 2095 4039; x_wconf 58' lang='grc' dir='ltr'>τάφῳ</span> <span class='ocrx_word' id='word_1_674' title='bbox 2129 3973 2509 4040; x_wconf 65' lang='grc' dir='ltr'><strong>ἀναθάψαντος</strong></span> <span class='ocrx_word' id='word_1_675' title='bbox 2532 3990 2545 4003; x_wconf 83' lang='grc'><strong>’</strong></span> <span class='ocrx_word' id='word_1_676' title='bbox 2581 3975 2913 4045; x_wconf 64' lang='grc' dir='ltr'>ἐπεμπὸμην</span> <span class='ocrx_word' id='word_1_677' title='bbox 2952 3976 3007 4028; x_wconf 80' lang='grc' dir='ltr'><strong>δὲ</strong></span> <span class='ocrx_word' id='word_1_678' title='bbox 3048 3993 3411 4043; x_wconf 59' lang='grc' dir='ltr'>συστρατευου-</span> 
     </span>
    </p>
   </div>
   <div class='ocr_carea' id='block_1_100' title="bbox 1836 4062 3410 4133">
    <p class='ocr_par' dir='ltr' id='par_1_100' title="bbox 1836 4062 3410 4133">
     <span class='ocr_line' id='line_1_100' title="bbox 1836 4062 3410 4133; baseline 0 -18"><span class='ocrx_word' id='word_1_679' title='bbox 1836 4080 1993 4131; x_wconf 66' lang='lat' dir='ltr'><strong>pavo;</strong></span> <span class='ocrx_word' id='word_1_680' title='bbox 2040 4063 2101 4114; x_wconf 80' lang='grc' dir='ltr'>Ἢ</span> <span class='ocrx_word' id='word_1_681' title='bbox 2113 4062 2289 4131; x_wconf 83' lang='grc' dir='ltr'><strong>μερίῳ</strong></span> <span class='ocrx_word' id='word_1_682' title='bbox 2317 4063 2396 4131; x_wconf 83' lang='grc' dir='ltr'>τῷ</span> <span class='ocrx_word' id='word_1_683' title='bbox 2421 4065 2582 4120; x_wconf 76' lang='grc' dir='ltr'>πάνυ.</span> <span class='ocrx_word' id='word_1_684' title='bbox 2607 4064 2684 4131; x_wconf 85' lang='grc' dir='ltr'>τῷ</span> <span class='ocrx_word' id='word_1_685' title='bbox 2709 4065 3212 4133; x_wconf 72' lang='grc' dir='ltr'>στρατηγικωτάτῳ</span> <span class='ocrx_word' id='word_1_686' title='bbox 3246 4065 3410 4130; x_wconf 81' lang='grc' dir='ltr'>δηλα-</span> 
     </span>
    </p>
   </div>
   <div class='ocr_carea' id='block_1_101' title="bbox 1832 4152 3413 4224">
    <p class='ocr_par' dir='ltr' id='par_1_101' title="bbox 1832 4152 3413 4224">
     <span class='ocr_line' id='line_1_101' title="bbox 1832 4152 3413 4224; baseline 0 -17"><span class='ocrx_word' id='word_1_687' title='bbox 1832 4155 1917 4223; x_wconf 80' lang='grc' dir='ltr'><strong>δὴ,</strong></span> <span class='ocrx_word' id='word_1_688' title='bbox 1958 4155 2052 4208; x_wconf 76' lang='grc' dir='ltr'><strong>καὶ</strong></span> <span class='ocrx_word' id='word_1_689' title='bbox 2074 4154 2292 4223; x_wconf 77' lang='grc' dir='ltr'>ἄρχοντι</span> <span class='ocrx_word' id='word_1_690' title='bbox 2322 4154 2416 4207; x_wconf 70' lang='grc' dir='ltr'>τοῦ</span> <span class='ocrx_word' id='word_1_691' title='bbox 2445 4171 2501 4207; x_wconf 89' lang='grc' dir='ltr'><strong>τε</strong></span> <span class='ocrx_word' id='word_1_692' title='bbox 2535 4154 2758 4224; x_wconf 77' lang='grc' dir='ltr'><strong>δρόμου,</strong></span> <span class='ocrx_word' id='word_1_693' title='bbox 2790 4154 2884 4206; x_wconf 70' lang='grc' dir='ltr'>καὶ</span> <span class='ocrx_word' id='word_1_694' title='bbox 2914 4152 3009 4207; x_wconf 73' lang='grc' dir='ltr'>τοῦ</span> <span class='ocrx_word' id='word_1_695' title='bbox 3053 4154 3242 4207; x_wconf 69' lang='grc' dir='ltr'>στόλου</span> <span class='ocrx_word' id='word_1_696' title='bbox 3280 4172 3413 4207; x_wconf 81' lang='grc' dir='ltr'>παν-</span> 
     </span>
    </p>
   </div>
   <div class='ocr_carea' id='block_1_102' title="bbox 1832 4244 3413 4314">
    <p class='ocr_par' dir='ltr' id='par_1_102' title="bbox 1832 4244 3413 4314">
     <span class='ocr_line' id='line_1_102' title="bbox 1832 4244 3413 4314; baseline -0.001 -19"><span class='ocrx_word' id='word_1_697' title='bbox 1832 4248 2015 4308; x_wconf 64' lang='grc' dir='ltr'><strong>τόςηυ</strong></span> <span class='ocrx_word' id='word_1_698' title='bbox 2086 4246 2449 4314; x_wconf 79' lang='grc' dir='ltr'>Ἐστελλόμην</span> <span class='ocrx_word' id='word_1_699' title='bbox 2516 4244 2806 4312; x_wconf 80' lang='grc' dir='ltr'>τοιγαροῦν</span> <span class='ocrx_word' id='word_1_700' title='bbox 2864 4245 3026 4295; x_wconf 78' lang='grc' dir='ltr'>τοῦτο</span> <span class='ocrx_word' id='word_1_701' title='bbox 3074 4245 3173 4310; x_wconf 76' lang='grc' dir='ltr'><strong>μὲν</strong></span> <span class='ocrx_word' id='word_1_702' title='bbox 3219 4244 3413 4311; x_wconf 76' lang='grc' dir='ltr'>ἐκείνῳ</span> 
     </span>
    </p>
   </div>
   <div class='ocr_carea' id='block_1_103' title="bbox 1837 4334 3414 4407">
    <p class='ocr_par' dir='ltr' id='par_1_103' title="bbox 1837 4334 3414 4407">
     <span class='ocr_line' id='line_1_103' title="bbox 1837 4334 3414 4407; baseline -0.003 -17"><span class='ocrx_word' id='word_1_703' title='bbox 1837 4338 2373 4407; x_wconf 75' lang='grc' dir='ltr'><strong>συστρατευόμενος,</strong></span> <span class='ocrx_word' id='word_1_704' title='bbox 2420 4336 2513 4389; x_wconf 71' lang='grc' dir='ltr'>καὶ</span> <span class='ocrx_word' id='word_1_705' title='bbox 2566 4334 3031 4405; x_wconf 74' lang='grc' dir='ltr'>προὸεεαζὸμενος</span> <span class='ocrx_word' id='word_1_706' title='bbox 3083 4338 3163 4397; x_wconf 78' lang='grc' dir='ltr'><strong>εἰς</strong></span> <span class='ocrx_word' id='word_1_707' title='bbox 3218 4338 3414 4403; x_wconf 78' lang='grc' dir='ltr'>πεῖραν</span> 
     </span>
    </p>
   </div>
   <div class='ocr_carea' id='block_1_104' title="bbox 1837 4425 3415 4501">
    <p class='ocr_par' dir='ltr' id='par_1_104' title="bbox 1837 4425 3415 4501">
     <span class='ocr_line' id='line_1_104' title="bbox 1837 4425 3415 4501; baseline -0.004 -15"><span class='ocrx_word' id='word_1_708' title='bbox 1837 4432 2231 4501; x_wconf 76' lang='grc' dir='ltr'><strong>στρατηγικὴν,</strong></span> <span class='ocrx_word' id='word_1_709' title='bbox 2268 4425 2356 4483; x_wconf 84' lang='grc' dir='ltr'><strong>οἷα</strong></span> <span class='ocrx_word' id='word_1_710' title='bbox 2397 4428 2572 4489; x_wconf 55' lang='lat' dir='ltr'><strong>mlite:</strong></span> <span class='ocrx_word' id='word_1_711' title='bbox 2603 4431 2767 4500; x_wconf 76' lang='grc' dir='ltr'>μητρὶ</span> <span class='ocrx_word' id='word_1_712' title='bbox 2801 4430 2935 4498; x_wconf 59' lang='grc' dir='ltr'><strong>πρὶς</strong></span> <span class='ocrx_word' id='word_1_713' title='bbox 2970 4429 3037 4481; x_wconf 72' lang='grc' dir='ltr'>τὰ</span> <span class='ocrx_word' id='word_1_714' title='bbox 3059 4430 3415 4495; x_wconf 76' lang='grc' dir='ltr'>γενναιότατα</span> 
     </span>
    </p>
   </div>
   <div class='ocr_carea' id='block_1_105' title="bbox 1837 4516 3414 4595">
    <p class='ocr_par' dir='ltr' id='par_1_105' title="bbox 1837 4516 3414 4595">
     <span class='ocr_line' id='line_1_105' title="bbox 1837 4516 3414 4595; baseline -0.004 -16"><span class='ocrx_word' id='word_1_715' title='bbox 1837 4528 1945 4579; x_wconf 82' lang='grc' dir='ltr'>τῶν</span> <span class='ocrx_word' id='word_1_716' title='bbox 1977 4529 2451 4595; x_wconf 74' lang='grc' dir='ltr'>στρατηγημάτων</span> <span class='ocrx_word' id='word_1_717' title='bbox 2478 4523 2805 4589; x_wconf 80' lang='grc' dir='ltr'>συσκαίρων.</span> <span class='ocrx_word' id='word_1_718' title='bbox 2839 4521 2993 4571; x_wconf 75' lang='grc' dir='ltr'>Οὕτω</span> <span class='ocrx_word' id='word_1_719' title='bbox 3034 4522 3142 4589; x_wconf 70' lang='grc' dir='ltr'>γὰρ</span> <span class='ocrx_word' id='word_1_720' title='bbox 3172 4516 3237 4587; x_wconf 73' lang='grc' dir='ltr'>ἦν</span> <span class='ocrx_word' id='word_1_721' title='bbox 3264 4524 3290 4572; x_wconf 76' lang='grc' dir='ltr'>ὁ</span> <span class='ocrx_word' id='word_1_722' title='bbox 3323 4521 3414 4572; x_wconf 73' lang='grc' dir='ltr'><strong>τιρῦ</strong></span> 
     </span>
    </p>
   </div>
   <div class='ocr_carea' id='block_1_106' title="bbox 1762 4610 3419 4687">
    <p class='ocr_par' dir='ltr' id='par_1_106' title="bbox 1762 4610 3419 4687">
     <span class='ocr_line' id='line_1_106' title="bbox 1762 4610 3419 4687; baseline -0.004 -19"><span class='ocrx_word' id='word_1_723' title='bbox 1762 4613 1806 4668; x_wconf 85' lang='lat' dir='ltr'><strong>D</strong></span> <span class='ocrx_word' id='word_1_724' title='bbox 1842 4618 2143 4687; x_wconf 73' lang='grc' dir='ltr'>μακαρίτου</span> <span class='ocrx_word' id='word_1_725' title='bbox 2204 4633 2305 4683; x_wconf 77' lang='grc' dir='ltr'><strong>μου</strong></span> <span class='ocrx_word' id='word_1_726' title='bbox 2364 4612 2635 4672; x_wconf 73' lang='grc' dir='ltr'><strong>Βασιλέως</strong></span> <span class='ocrx_word' id='word_1_727' title='bbox 2683 4610 2920 4672; x_wconf 77' lang='grc' dir='ltr'><strong>σκοπόςο</strong></span> <span class='ocrx_word' id='word_1_728' title='bbox 2978 4610 3135 4661; x_wconf 71' lang='grc' dir='ltr'>τοῦτο</span> <span class='ocrx_word' id='word_1_729' title='bbox 3185 4610 3238 4661; x_wconf 75' lang='grc' dir='ltr'><strong>δὲ</strong></span> <span class='ocrx_word' id='word_1_730' title='bbox 3281 4628 3419 4679; x_wconf 80' lang='grc' dir='ltr'>πρε-</span> 
     </span>
    </p>
   </div>
   <div class='ocr_carea' id='block_1_107' title="bbox 1844 4703 3417 4777">
    <p class='ocr_par' dir='ltr' id='par_1_107' title="bbox 1844 4703 3417 4777">
     <span class='ocr_line' id='line_1_107' title="bbox 1844 4703 3417 4777; baseline -0.004 -15"><span class='ocrx_word' id='word_1_731' title='bbox 1844 4711 2169 4777; x_wconf 80' lang='grc' dir='ltr'>σϐευόμενος</span> <span class='ocrx_word' id='word_1_732' title='bbox 2222 4706 2357 4776; x_wconf 72' lang='grc' dir='ltr'>πρὸς</span> <span class='ocrx_word' id='word_1_733' title='bbox 2414 4706 2539 4768; x_wconf 69' lang='grc' dir='ltr'>τοὺς</span> <span class='ocrx_word' id='word_1_734' title='bbox 2594 4704 2691 4773; x_wconf 81' lang='grc' dir='ltr'><strong>τὴν</strong></span> <span class='ocrx_word' id='word_1_735' title='bbox 2723 4705 2949 4774; x_wconf 78' lang='grc' dir='ltr'>Κρήτην</span> <span class='ocrx_word' id='word_1_736' title='bbox 2977 4703 3197 4774; x_wconf 73' lang='grc' dir='ltr'>ἔχοντας</span> <span class='ocrx_word' id='word_1_737' title='bbox 3246 4705 3417 4772; x_wconf 81' lang='grc' dir='ltr'>Ἀρα-</span> 
     </span>
    </p>
   </div>
   <div class='ocr_carea' id='block_1_108' title="bbox 1842 4797 3421 4867">
    <p class='ocr_par' dir='ltr' id='par_1_108' title="bbox 1842 4797 3421 4867">
     <span class='ocr_line' id='line_1_108' title="bbox 1842 4797 3421 4867; baseline -0.005 -10"><span class='ocrx_word' id='word_1_738' title='bbox 1842 4804 1963 4867; x_wconf 85' lang='grc' dir='ltr'>6ας.</span> <span class='ocrx_word' id='word_1_739' title='bbox 2002 4821 2018 4853; x_wconf 77' lang='grc' dir='ltr'><strong><em>ι</em></strong></span> <span class='ocrx_word' id='word_1_740' title='bbox 2047 4802 2177 4867; x_wconf 71' lang='lat' dir='ltr'><strong>Qua:</strong></span> <span class='ocrx_word' id='word_1_741' title='bbox 2224 4803 2301 4855; x_wconf 90' lang='lat' dir='ltr'><strong>sic</strong></span> <span class='ocrx_word' id='word_1_742' title='bbox 2344 4800 2537 4853; x_wconf 85' lang='lat' dir='ltr'><strong>Latine</strong></span> <span class='ocrx_word' id='word_1_743' title='bbox 2579 4807 2776 4853; x_wconf 91' lang='lat' dir='ltr'><strong>sonant</strong></span> <span class='ocrx_word' id='word_1_744' title='bbox 2815 4798 3013 4853; x_wconf 82' lang='lat' dir='ltr'><strong>Allatio</strong></span> <span class='ocrx_word' id='word_1_745' title='bbox 3044 4816 3059 4851; x_wconf 90' lang='lat'><strong>:</strong></span> <span class='ocrx_word' id='word_1_746' title='bbox 3085 4818 3101 4849; x_wconf 79' lang='grc' dir='ltr'>ι</span> <span class='ocrx_word' id='word_1_747' title='bbox 3137 4799 3274 4853; x_wconf 86' lang='lat' dir='ltr'><strong>Cum</strong></span> <span class='ocrx_word' id='word_1_748' title='bbox 3318 4797 3421 4850; x_wconf 85' lang='lat' dir='ltr'><strong>ali-</strong></span> 
     </span>
    </p>
   </div>
   <div class='ocr_carea' id='block_1_109' title="bbox 1842 4892 3419 4969">
    <p class='ocr_par' dir='ltr' id='par_1_109' title="bbox 1842 4892 3419 4969">
     <span class='ocr_line' id='line_1_109' title="bbox 1842 4892 3419 4969; baseline -0.007 -15"><span class='ocrx_word' id='word_1_749' title='bbox 1842 4899 2063 4969; x_wconf 89' lang='lat' dir='ltr'><strong>quando</strong></span> <span class='ocrx_word' id='word_1_750' title='bbox 2098 4900 2150 4951; x_wconf 94' lang='lat' dir='ltr'><strong>in</strong></span> <span class='ocrx_word' id='word_1_751' title='bbox 2188 4899 2537 4967; x_wconf 80' lang='lat' dir='ltr'><strong>Parocssem</strong></span> <span class='ocrx_word' id='word_1_752' title='bbox 2612 4895 2903 4959; x_wconf 88' lang='lat' dir='ltr'><strong>insula;fui</strong></span> <span class='ocrx_word' id='word_1_753' title='bbox 2943 4904 3124 4945; x_wconf 91' lang='lat' dir='ltr'><strong>autem</strong></span> <span class='ocrx_word' id='word_1_754' title='bbox 3166 4910 3177 4943; x_wconf 93' lang='lat'><strong>:</strong></span> <span class='ocrx_word' id='word_1_755' title='bbox 3213 4908 3335 4945; x_wconf 90' lang='lat' dir='ltr'><strong>nam</strong></span> <span class='ocrx_word' id='word_1_756' title='bbox 3365 4892 3419 4944; x_wconf 92' lang='lat' dir='ltr'><strong>in</strong></span> 
     </span>
    </p>
   </div>
   <div class='ocr_carea' id='block_1_110' title="bbox 1841 4985 3421 5057">
    <p class='ocr_par' dir='ltr' id='par_1_110' title="bbox 1841 4985 3421 5057">
     <span class='ocr_line' id='line_1_110' title="bbox 1841 4985 3421 5057; baseline -0.004 -12"><span class='ocrx_word' id='word_1_757' title='bbox 1841 4992 2058 5046; x_wconf 89' lang='lat' dir='ltr'><strong>Cretam</strong></span> <span class='ocrx_word' id='word_1_758' title='bbox 2110 4988 2428 5057; x_wconf 85' lang='lat' dir='ltr'><strong>navigabam</strong></span> <span class='ocrx_word' id='word_1_759' title='bbox 2488 5003 2515 5041; x_wconf 88' lang='lat' dir='ltr'><strong>a</strong></span> <span class='ocrx_word' id='word_1_760' title='bbox 2577 4985 2757 5041; x_wconf 89' lang='lat' dir='ltr'><strong>Leone</strong></span> <span class='ocrx_word' id='word_1_761' title='bbox 2806 4986 2979 5039; x_wconf 75' lang='lat' dir='ltr'><strong>beata:</strong></span> <span class='ocrx_word' id='word_1_762' title='bbox 3022 4985 3300 5039; x_wconf 73' lang='lat' dir='ltr'><strong>memoria:</strong></span> <span class='ocrx_word' id='word_1_763' title='bbox 3355 4999 3421 5039; x_wconf 90' lang='lat' dir='ltr'><strong>co</strong></span> 
     </span>
    </p>
   </div>
   <div class='ocr_carea' id='block_1_111' title="bbox 1846 5080 3426 5147">
    <p class='ocr_par' dir='ltr' id='par_1_111' title="bbox 1846 5080 3426 5147">
     <span class='ocr_line' id='line_1_111' title="bbox 1846 5080 3426 5147; baseline -0.001 -12"><span class='ocrx_word' id='word_1_764' title='bbox 1846 5084 2081 5145; x_wconf 87' lang='lat' dir='ltr'><strong>missus;</strong></span> <span class='ocrx_word' id='word_1_765' title='bbox 2120 5080 2320 5145; x_wconf 89' lang='lat' dir='ltr'><strong>Leone,</strong></span> <span class='ocrx_word' id='word_1_766' title='bbox 2369 5082 2612 5147; x_wconf 88' lang='lat' dir='ltr'><strong>inquam,</strong></span> <span class='ocrx_word' id='word_1_767' title='bbox 2652 5080 2745 5134; x_wconf 92' lang='lat' dir='ltr'><strong>illo</strong></span> <span class='ocrx_word' id='word_1_768' title='bbox 2776 5096 2901 5133; x_wconf 80' lang='lat' dir='ltr'><strong>vere</strong></span> <span class='ocrx_word' id='word_1_769' title='bbox 2939 5082 3216 5133; x_wconf 86' lang='lat' dir='ltr'><strong>fortunato</strong></span> <span class='ocrx_word' id='word_1_770' title='bbox 3252 5081 3426 5147; x_wconf 84' lang='lat' dir='ltr'><strong>impe-</strong></span> 
     </span>
    </p>
   </div>
   <div class='ocr_carea' id='block_1_112' title="bbox 1845 5173 3425 5243">
    <p class='ocr_par' dir='ltr' id='par_1_112' title="bbox 1845 5173 3425 5243">
     <span class='ocr_line' id='line_1_112' title="bbox 1845 5173 3425 5243; baseline -0.002 -16"><span class='ocrx_word' id='word_1_771' title='bbox 1845 5184 2051 5234; x_wconf 86' lang='lat' dir='ltr'><strong>ratore,</strong></span> <span class='ocrx_word' id='word_1_772' title='bbox 2094 5175 2186 5243; x_wconf 91' lang='lat' dir='ltr'><strong>qui</strong></span> <span class='ocrx_word' id='word_1_773' title='bbox 2226 5176 2398 5242; x_wconf 90' lang='lat' dir='ltr'><strong>ipsam</strong></span> <span class='ocrx_word' id='word_1_774' title='bbox 2444 5173 2817 5227; x_wconf 83' lang='lat' dir='ltr'><strong>Romanorum</strong></span> <span class='ocrx_word' id='word_1_775' title='bbox 2867 5174 3184 5226; x_wconf 77' lang='lat' dir='ltr'><strong>felicitatem</strong></span> <span class='ocrx_word' id='word_1_776' title='bbox 3237 5187 3425 5224; x_wconf 84' lang='lat' dir='ltr'><strong>secum</strong></span> 
     </span>
    </p>
   </div>
   <div class='ocr_carea' id='block_1_113' title="bbox 1848 5263 3424 5334">
    <p class='ocr_par' dir='ltr' id='par_1_113' title="bbox 1848 5263 3424 5334">
     <span class='ocr_line' id='line_1_113' title="bbox 1848 5263 3424 5334; baseline -0.004 -13"><span class='ocrx_word' id='word_1_777' title='bbox 1848 5268 2066 5323; x_wconf 88' lang='lat' dir='ltr'><strong>videtur</strong></span> <span class='ocrx_word' id='word_1_778' title='bbox 2129 5267 2182 5319; x_wconf 92' lang='lat' dir='ltr'><strong>in</strong></span> <span class='ocrx_word' id='word_1_779' title='bbox 2233 5266 2545 5334; x_wconf 90' lang='lat' dir='ltr'><strong>sepulcrum</strong></span> <span class='ocrx_word' id='word_1_780' title='bbox 2602 5265 2894 5318; x_wconf 87' lang='lat' dir='ltr'><strong>intulisse:</strong></span> <span class='ocrx_word' id='word_1_781' title='bbox 2932 5263 3187 5316; x_wconf 78' lang='lat' dir='ltr'><strong>mittebar</strong></span> <span class='ocrx_word' id='word_1_782' title='bbox 3241 5273 3424 5317; x_wconf 89' lang='lat' dir='ltr'><strong>autem</strong></span> 
     </span>
    </p>
   </div>
   <div class='ocr_carea' id='block_1_114' title="bbox 1846 5356 3428 5423">
    <p class='ocr_par' dir='ltr' id='par_1_114' title="bbox 1846 5356 3428 5423">
     <span class='ocr_line' id='line_1_114' title="bbox 1846 5356 3428 5423; baseline -0.003 -9"><span class='ocrx_word' id='word_1_783' title='bbox 1846 5377 1952 5414; x_wconf 90' lang='lat' dir='ltr'><strong>una</strong></span> <span class='ocrx_word' id='word_1_784' title='bbox 1993 5361 2234 5414; x_wconf 89' lang='lat' dir='ltr'><strong>militans</strong></span> <span class='ocrx_word' id='word_1_785' title='bbox 2282 5374 2405 5413; x_wconf 91' lang='lat' dir='ltr'><strong>cum</strong></span> <span class='ocrx_word' id='word_1_786' title='bbox 2448 5358 2752 5413; x_wconf 85' lang='lat' dir='ltr'><strong>clarissimo</strong></span> <span class='ocrx_word' id='word_1_787' title='bbox 2793 5358 2885 5411; x_wconf 89' lang='lat' dir='ltr'><strong>illo</strong></span> <span class='ocrx_word' id='word_1_788' title='bbox 2924 5356 3199 5415; x_wconf 83' lang='lat' dir='ltr'><strong>llemerin,</strong></span> <span class='ocrx_word' id='word_1_789' title='bbox 3239 5365 3428 5423; x_wconf 88' lang='lat' dir='ltr'><strong>utpote</strong></span> 
     </span>
    </p>
   </div>
   <div class='ocr_carea' id='block_1_115' title="bbox 1844 5450 3424 5522">
    <p class='ocr_par' dir='ltr' id='par_1_115' title="bbox 1844 5450 3424 5522">
     <span class='ocr_line' id='line_1_115' title="bbox 1844 5450 3424 5522; baseline -0.007 -14"><span class='ocrx_word' id='word_1_790' title='bbox 1844 5453 2083 5508; x_wconf 88' lang='lat' dir='ltr'><strong>ducendi</strong></span> <span class='ocrx_word' id='word_1_791' title='bbox 2140 5452 2413 5507; x_wconf 84' lang='lat' dir='ltr'><strong>exercitus</strong></span> <span class='ocrx_word' id='word_1_792' title='bbox 2467 5452 2824 5522; x_wconf 86' lang='lat' dir='ltr'><strong>peritissimo,</strong></span> <span class='ocrx_word' id='word_1_793' title='bbox 2891 5450 3071 5502; x_wconf 76' lang='lat' dir='ltr'><strong>tlromi</strong></span> <span class='ocrx_word' id='word_1_794' title='bbox 3139 5450 3424 5518; x_wconf 49' lang='lat' dir='ltr'><strong>praefecto,</strong></span> 
     </span>
    </p>
   </div>
   <div class='ocr_carea' id='block_1_116' title="bbox 1845 5542 3431 5618">
    <p class='ocr_par' dir='ltr' id='par_1_116' title="bbox 1845 5542 3431 5618">
     <span class='ocr_line' id='line_1_116' title="bbox 1845 5542 3431 5618; baseline -0.005 -16"><span class='ocrx_word' id='word_1_795' title='bbox 1845 5551 1937 5618; x_wconf 92' lang='lat' dir='ltr'><strong>qui</strong></span> <span class='ocrx_word' id='word_1_796' title='bbox 1971 5558 2024 5603; x_wconf 93' lang='lat' dir='ltr'><strong>et</strong></span> <span class='ocrx_word' id='word_1_797' title='bbox 2059 5547 2325 5600; x_wconf 70' lang='lat' dir='ltr'><strong>universa:</strong></span> <span class='ocrx_word' id='word_1_798' title='bbox 2360 5545 2520 5600; x_wconf 85' lang='lat' dir='ltr'><strong>c&#39;Jassi</strong></span> <span class='ocrx_word' id='word_1_799' title='bbox 2556 5545 2861 5613; x_wconf 89' lang='lat' dir='ltr'><strong>imperabat</strong></span> <span class='ocrx_word' id='word_1_800' title='bbox 2989 5544 3241 5597; x_wconf 81' lang='lat' dir='ltr'><strong>lllittcbar</strong></span> <span class='ocrx_word' id='word_1_801' title='bbox 3270 5542 3431 5612; x_wconf 62' lang='lat' dir='ltr'><strong>igitur</strong></span> 
     </span>
    </p>
   </div>
   <div class='ocr_carea' id='block_1_117' title="bbox 1848 5635 3432 5708">
    <p class='ocr_par' dir='ltr' id='par_1_117' title="bbox 1848 5635 3432 5708">
     <span class='ocr_line' id='line_1_117' title="bbox 1848 5635 3432 5708; baseline -0.003 -17"><span class='ocrx_word' id='word_1_802' title='bbox 1848 5641 2047 5708; x_wconf 88' lang='lat' dir='ltr'><strong>partim</strong></span> <span class='ocrx_word' id='word_1_803' title='bbox 2106 5654 2229 5690; x_wconf 88' lang='lat' dir='ltr'><strong>eum</strong></span> <span class='ocrx_word' id='word_1_804' title='bbox 2274 5653 2339 5690; x_wconf 93' lang='lat' dir='ltr'><strong>eo</strong></span> <span class='ocrx_word' id='word_1_805' title='bbox 2396 5636 2660 5700; x_wconf 90' lang='lat' dir='ltr'><strong>militans,</strong></span> <span class='ocrx_word' id='word_1_806' title='bbox 2709 5647 2760 5690; x_wconf 93' lang='lat' dir='ltr'><strong>et</strong></span> <span class='ocrx_word' id='word_1_807' title='bbox 2799 5637 2861 5689; x_wconf 91' lang='lat' dir='ltr'><strong>ad</strong></span> <span class='ocrx_word' id='word_1_808' title='bbox 2897 5635 3263 5706; x_wconf 78' lang='lat' dir='ltr'><strong>imperatoria:</strong></span> <span class='ocrx_word' id='word_1_809' title='bbox 3302 5636 3432 5687; x_wconf 89' lang='lat' dir='ltr'><strong>artis</strong></span> 
     </span>
    </p>
   </div>
   <div class='ocr_carea' id='block_1_118' title="bbox 1849 5726 3433 5797">
    <p class='ocr_par' dir='ltr' id='par_1_118' title="bbox 1849 5726 3433 5797">
     <span class='ocr_line' id='line_1_118' title="bbox 1849 5726 3433 5797; baseline -0.006 -11"><span class='ocrx_word' id='word_1_810' title='bbox 1849 5733 2240 5786; x_wconf 89' lang='lat' dir='ltr'><strong>documentum</strong></span> <span class='ocrx_word' id='word_1_811' title='bbox 2305 5729 2525 5796; x_wconf 91' lang='lat' dir='ltr'><strong>aliquod</strong></span> <span class='ocrx_word' id='word_1_812' title='bbox 2580 5729 3023 5797; x_wconf 80' lang='lat' dir='ltr'><strong>promovendos,</strong></span> <span class='ocrx_word' id='word_1_813' title='bbox 3082 5736 3141 5779; x_wconf 92' lang='lat' dir='ltr'><strong>ut</strong></span> <span class='ocrx_word' id='word_1_814' title='bbox 3199 5726 3433 5794; x_wconf 77' lang='lat' dir='ltr'><strong>equulus</strong></span> 
     </span>
    </p>
   </div>
   <div class='ocr_carea' id='block_1_119' title="bbox 1852 5820 3429 5893">
    <p class='ocr_par' dir='ltr' id='par_1_119' title="bbox 1852 5820 3429 5893">
     <span class='ocr_line' id='line_1_119' title="bbox 1852 5820 3429 5893; baseline -0.004 -18"><span class='ocrx_word' id='word_1_815' title='bbox 1852 5824 2039 5885; x_wconf 89' lang='lat' dir='ltr'><strong>matri,</strong></span> <span class='ocrx_word' id='word_1_816' title='bbox 2101 5824 2167 5875; x_wconf 89' lang='lat' dir='ltr'><strong>ad</strong></span> <span class='ocrx_word' id='word_1_817' title='bbox 2228 5822 2484 5890; x_wconf 70' lang='lat' dir='ltr'><strong>pra&#39;clara</strong></span> <span class='ocrx_word' id='word_1_818' title='bbox 2532 5824 2653 5893; x_wconf 61' lang='lat' dir='ltr'><strong>ejus</strong></span> <span class='ocrx_word' id='word_1_819' title='bbox 2696 5828 3079 5883; x_wconf 70' lang='lat' dir='ltr'><strong>stratagcinata</strong></span> <span class='ocrx_word' id='word_1_820' title='bbox 3140 5820 3429 5871; x_wconf 78' lang='lat' dir='ltr'><strong>assiliens:</strong></span> 
     </span>
    </p>
   </div>
   <div class='ocr_carea' id='block_1_120' title="bbox 1853 5910 3430 5983">
    <p class='ocr_par' dir='ltr' id='par_1_120' title="bbox 1853 5910 3430 5983">
     <span class='ocr_line' id='line_1_120' title="bbox 1853 5910 3430 5983; baseline -0.006 -13"><span class='ocrx_word' id='word_1_821' title='bbox 1853 5917 1905 5970; x_wconf 86' lang='lat' dir='ltr'><strong>id</strong></span> <span class='ocrx_word' id='word_1_822' title='bbox 1970 5915 2116 5967; x_wconf 91' lang='lat' dir='ltr'><strong>enim</strong></span> <span class='ocrx_word' id='word_1_823' title='bbox 2194 5916 2467 5983; x_wconf 61' lang='lat' dir='ltr'><strong>pracipue</strong></span> <span class='ocrx_word' id='word_1_824' title='bbox 2529 5916 2809 5983; x_wconf 81' lang='lat' dir='ltr'><strong>Augustus</strong></span> <span class='ocrx_word' id='word_1_825' title='bbox 2874 5912 3194 5981; x_wconf 83' lang='lat' dir='ltr'><strong>spectabat:</strong></span> <span class='ocrx_word' id='word_1_826' title='bbox 3233 5910 3430 5978; x_wconf 88' lang='lat' dir='ltr'><strong>partim</strong></span> 
     </span>
    </p>
   </div>
  </div>
