3966 6436
504 419 593 479 Nl
1860 409 2142 468 MENSIS
2174 407 2474 468 JUNlUS.

3639 395 3756 459 ιιι

502 544 559 585 ut
614 533 679 585 ad
740 527 945 583 Arabas
984 524 1198 580 Cretam
1254 524 1566 578 obtinentes
1622 522 1894 593 legatione
1953 522 2074 576 fun-
2104 533 2145 584 Α
2179 520 2428 591 (ingenii)
2470 515 2928 586 incomparabiles
2960 514 3146 569 statim
3192 521 3246 567 et
3287 528 3315 566 a
3354 512 3558 583 primo,
3594 522 3653 565 ut
3686 527 3768 569 se-

498 639 677 695 gcrer.
723 639 740 673 ι

570 716 621 770 8.
658 715 733 769 Ex
785 713 868 766 his
912 711 1076 766 infert
1128 710 1423 764 Bollandus
1470 718 1673 773 noster,
1722 708 1776 762 in
1820 707 2076 778 praedicta

502 808 842 876 praafatione,
902 804 1322 872 bletaphrastem
1375 802 1426 855 id
1477 801 1734 870 temporis
1781 814 1886 853 non
1940 798 2079 853 adeo

498 900 669 954 tuisse
704 908 833 952 natu
873 904 1214 963 provectum,
1250 903 1307 946 ut
1338 893 1431 961 qui
1470 892 1834 962 imperatorim
1858 891 2079 945 virtutis

504 989 823 1043 tirocinium
851 1002 1053 1057 ponere
1078 986 1180 1039 sub
1212 995 1473 1039 veterano
1499 983 1968 1053 ducejuberetur,
2000 984 2080 1036 ei-

498 1096 605 1150 que
638 1079 857 1132 additus
888 1078 1051 1131 fuerit
1077 1070 1163 1129 oh
1191 1076 1365 1135 πῶλος
1407 1076 1594 1145 μητρί,
1628 1094 1641 1123 ι
1672 1074 1818 1128 velut
1843 1074 2079 1142 cquulus

502 1174 686 1233 matri,
729 1190 745 1219 ι
787 1174 1073 1239 solumque
1114 1171 1163 1223 ei
1216 1169 1409 1222 tribuit
1454 1184 1520 1220 xx
1555 1183 1623 1220 ou
1661 1182 1765 1219 uti
1808 1182 2077 1220 annorum

501 1274 739 1318 etatem.
776 1262 1011 1315 Allatius
1046 1276 1176 1314 vero
1209 1260 1349 1313 hanc
1392 1260 1809 1314 similitudinem
1851 1273 1959 1312 non
2012 1258 2078 1311 ad

500 1365 740 1413 atatem.
777 1354 868 1408 sed
900 1354 965 1405 ad
1009 1352 1345 1407 docilitatem
1381 1363 1436 1406 et
1461 1351 1805 1419 disciplinam
1838 1352 2080 1407 referens

502 1463 567 1501 ex
599 1448 804 1500 ultimis
838 1445 1226 1508 vcrbis,'to'3-.o
1251 1446 1305 1498 δὲ
1336 1445 1771 1514 πρεσϐευόμενος
1798 1446 1929 1514 πρὸς
1957 1447 2080 1507 τοὺς

502 1536 599 1605 τὴν
622 1539 659 1587 Κ
676 1540 841 1605 ρὴτηιι
863 1537 1081 1605 ἔχοντας
1102 1535 1368 1605 Ἄραϐας,
1431 1555 1447 1585 ι
1488 1537 1687 1606 partim
1710 1546 1765 1589 ut
1790 1537 1854 1589 ad
1876 1537 2081 1589 Arabas

503 1629 720 1683 Cretam
754 1630 1069 1684 obtinentes
1096 1631 1363 1699 legatione
1396 1631 1672 1699 fungerer,
1721 1650 1737 1678 ν
1771 1630 2075 1691 concludit,

505 1736 566 1773 ea
597 1722 651 1774 in
684 1722 1032 1789 expeditione
1065 1722 1487 1791 Metaphrastem
1517 1721 1878 1787 provectioris
1900 1722 2078 1774 :ctatis

506 1808 695 1866 fuisse.
724 1828 846 1879 qua:
877 1828 1045 1881 capax
1067 1823 1213 1865 esset
1239 1812 1574 1866 sustinenda:
1603 1812 1971 1873 auctoritatis,
1994 1821 2079 1865 at-

2183 611 2288 663 mel
2323 610 2526 670 dicam,
2561 618 2708 669 ortu,
2737 607 2902 659 etiam
2926 604 3158 659 florente
3184 604 3383 672 capillo
3407 604 3764 666 ostendebat;

2184 720 2290 755 non
2323 717 2485 757 secus
2520 712 2683 769 atque
2720 700 2939 752 leonum
2978 698 3145 751 catuli
3181 697 3480 751 ostendunt
3521 699 3769 765 protinus

2182 794 2541 865 supercilium
2586 804 2642 845 et
2693 794 2914 845 densam
2953 790 3079 845 colli
3109 789 3321 860 jubam.
3359 788 3574 848 Etenim
3604 787 3769 843 ﬂores

2182 886 2531 957 pullulabant
2594 882 3006 953 intelligentiae,
3063 889 3117 934 ct
3172 877 3407 933 habebat
3468 877 3769 945 prudentia}

2182 977 2512 1047 profundam
2541 973 2835 1044 quamdam
2875 972 3136 1033 radicem,
3180 970 3419 1039 quodam
3454 967 3767 1020 admirabili

2183 1072 2392 1141 fulgore
2418 1084 2570 1121 tuens
2594 1066 2849 1119 micabat.
2879 1063 3002 1117 Haec
3031 1064 3151 1116 aliis
3173 1062 3396 1131 quidem
3422 1060 3770 1115 suffecissent

2182 1161 2248 1215 ad
2311 1159 2742 1230 perfectionem;
2795 1155 2847 1208 in
2927 1154 3021 1206 illo
3074 1162 3257 1206 autem
3329 1150 3772 1221 agnosce-bantur

2182 1251 2350 1305 veluti
2383 1248 2627 1318 quaedam
2668 1247 2821 1315 prius
2857 1244 3148 1312 descripta:
3178 1243 3385 1310 figurae,
3420 1257 3544 1309 quae
3590 1239 3773 1309 perfe-

2182 1353 2323 1398 ctam
2357 1344 2475 1413 ejus
2524 1342 2764 1396 indolcm
2818 1338 3337 1410 pra-significabant.
3370 1358 3387 1385 ιι
3447 1337 3591 1403 Quid
3650 1334 3770 1388 miri

2183 1436 2372 1504 igitur,
2400 1434 2443 1487 si
2474 1433 2872 1502 Metaphrastes
2902 1431 2956 1484 id
2991 1429 3256 1499 temporis
3280 1428 3555 1497 legatione
3584 1427 3770 1495 aliqua

2186 1528 2505 1596 perfunctus
2558 1525 2746 1585 fuerit,
2799 1524 3093 1593 prudentia
3153 1520 3325 1589 magis
3394 1535 3554 1586 quant
3613 1528 3774 1571 :etate

2185 1618 2516 1688 provectus?
2551 1618 2691 1671 forte
2737 1616 2901 1671 etiam
2933 1617 3056 1669 aliis
3096 1615 3289 1684 legatis
3330 1611 3647 1665 senioribus
3681 1611 3779 1663 ho-

2186 1712 2340 1764 noris
2371 1725 2534 1763 causa
2563 1709 2805 1771 additus,
2844 1717 2903 1760 ut
2936 1704 3397 1775 quemadmodum
3440 1704 3543 1755 sub
3581 1702 3772 1754 Hime-

2186 1805 2271 1857 rio
2298 1815 2567 1857 veterano
2596 1801 2734 1855 duce
2768 1800 2844 1853 rei
2876 1797 3148 1860 militaris,
3175 1797 3246 1849 ita
3277 1795 3380 1849 sub
3421 1794 3487 1847 iis
3521 1793 3597 1846 rei
3636 1795 3777 1861 poli—

508 1918 613 1969 quc
659 1904 802 1957 illius
847 1903 1169 1972 prudcnlizc,
1226 1921 1346 1975 quae
1401 1905 1452 1958 in
1509 1905 1686 1974 legato
1733 1905 2079 1973 requiritur:
2117 1876 2158 1931 Β
2191 1896 2310 1950 lica:
2365 1896 2512 1949 inter
2556 1905 2775 1948 exteras
2811 1892 3061 1945 nationes
3101 1889 3473 1942 rudimentum
3523 1897 3773 1954 poneret.

509 2007 677 2062 quare
733 2008 907 2048 annos
956 2011 1040 2057 xc,
1102 2006 1197 2049 aut
1239 1998 1522 2050 minimum
1568 2012 1706 2049 xxxv
1757 1997 1806 2048 ei
1866 1996 2081 2051 tribuit.

509 2082 673 2139 Multa
722 2086 939 2154 quidem
1002 2088 1090 2141 ille
1146 2099 1341 2157 praeter
1394 2089 1497 2142 alia
1547 2103 1720 2158 eaque
1760 2087 2079 2156 gravissima

508 2174 722 2229 erudite
747 2178 1009 2247 congerit,
1028 2179 1169 2234 unde
1195 2180 1513 2249 opinionem
1539 2195 1691 2233 suam
1712 2179 2079 2233 verosimilem

512 2266 726 2319 reddat.
1700 2332 1705 2339 ὅ

582 2356 632 2414 9.
668 2359 859 2413 Omnia
911 2366 1111 2424 tamen,
1159 2375 1497 2431 quiecunque
1545 2359 1720 2423 affert,
1767 2377 1879 2415 rem
1928 2362 2085 2431 plane

509 2466 613 2505 non
650 2451 968 2513 coniiciunt,
996 2451 1154 2522 idque
1182 2453 1355 2505 solum
1383 2452 1745 2512 convincunt,
1779 2452 2088 2505 communi-

512 2553 592 2596 ter
633 2544 685 2596 id
717 2546 1033 2610 contingere
1057 2543 1360 2598 secundum
1396 2542 1736 2595 ordinarium
1774 2555 1956 2596 rerum
1992 2545 2084 2595 hu-

510 2647 789 2688 manarum
830 2648 1074 2695 cursum,
1118 2649 1225 2685 non
1273 2648 1402 2685 vero
1436 2633 1707 2697 absolute,
1756 2635 1827 2687 ita
1876 2635 2083 2687 factum

512 2740 790 2793 nunquam
816 2738 955 2777 esse.
983 2722 1161 2793 Capax
1194 2724 1396 2777 etenim
1428 2732 1510 2777 est
1539 2739 1927 2793 nonnunquam
1952 2724 2085 2778 ado-

510 2815 767 2868 lescentia
803 2831 981 2868 rerum
1029 2816 1415 2875 maximarum.
1464 2825 1576 2869 tum
1632 2816 1685 2869 in
1721 2816 1936 2877 militia,
1971 2825 2085 2869 tum

511 2906 565 2958 in
595 2906 896 2975 republica,
936 2908 1239 2976 przcsertiut
1303 2906 1346 2959 si
1400 2906 1692 2973 prudentia
1743 2914 1798 2957 ct
1848 2905 2090 2957 exterior

508 2998 758 3066 corporis
802 2997 1033 3065 species,
1093 3006 1148 3048 ut
1196 2998 1525 3065 quandoque
1575 2996 1775 3048 factum
1828 2996 2086 3061 vidimus,

508 3087 687 3140 aetatis
718 3085 991 3140 defectum
1025 3086 1294 3156 suppleat.
1320 3084 1386 3140 Ut
1412 3085 1547 3137 alios
1582 3094 1923 3155 praeteream,
1955 3084 2087 3139 Sci-

512 3178 601 3247 pio
632 3178 941 3242 Africanus,
964 3180 1108 3249 quod
1134 3178 1379 3231 Romana
1416 3176 1579 3229 habet
1620 3171 1849 3229 historia
1917 3191 2091 3230 annos

513 3282 635 3321 xxrv
667 3276 848 3330 natus,
896 3270 1195 3338 imperator
1251 3268 1449 3320 missus
1498 3277 1581 3318 est
1638 3267 1692 3318 in
1752 3264 2088 3334 Hispaniam,

512 3377 674 3431 quam
724 3370 963 3429 quatuor
1011 3360 1288 3412 mensium
1339 3357 1513 3425 spatio
1566 3354 2092 3426 Carthaginensibus

513 3452 738 3522 eripuit.
769 3450 1063 3518 Pmnpeius
1107 3449 1354 3519 Magnus,
1384 3456 1519 3503 teste
1554 3447 1817 3502 Cicerone
1850 3448 1904 3503 in
1936 3448 2085 3505 Orat.

514 3560 608 3609 pro
657 3543 765 3610 lege
824 3540 1075 3605 Manilia,
1128 3559 1145 3589 ι
1184 3540 1407 3591 ineunte
1459 3536 1830 3591 adolescentia
1892 3540 2091 3590 summi

517 3636 632 3705 ipse
666 3632 943 3688 exercitus
978 3634 1275 3699 imperator
1311 3629 1453 3692 fuit;
1496 3648 1515 3679 ι
1563 3636 1619 3681 et
1664 3636 1846 3680 tamen
1891 3637 2092 3696 quanta

520 3726 573 3778 in
612 3724 947 3778 moderando
975 3722 1368 3789 dirigendoque
1401 3719 1648 3772 exercitu
1680 3720 1974 3787 prudentia
2004 3736 2094 3775 re-

527 3832 758 3885 rumque
794 3831 924 3869 usus
955 3814 1288 3884 requiritur!
1325 3812 1485 3867 Juvat
1510 3812 1599 3867 hic
1622 3826 1915 3869 annecterc
1945 3816 2095 3884 quod

520 3897 974 3978 reiertBeycrlink
996 3908 1048 3960 in
1069 3905 1286 3960 Theatra
1303 3906 1419 3958 vitae
1435 3905 1787 3967 fiunt.,verbo
1809 3923 1821 3957 :
1843 3904 2095 3974 Legatus.

527 4018 543 4047 ι
583 3998 877 4057 Venerant.
905 3998 1103 4064 inquit,
1140 3997 1413 4063 superiori
1442 4010 1559 4049 aevo
1603 3996 1669 4049 ad
1707 3996 2094 4066 imperatorem

518 4088 765 4146 Orientis
798 4089 1073 4142 imberbes
1098 4087 1281 4157 legati,
1304 4101 1441 4157 quos
1479 4102 1603 4142 cum
1638 4087 1725 4142 ille
1765 4089 2092 4157 despiceret,

521 4184 662 4249 quod
723 4183 1188 4235 adolescentiorcs
1246 4180 1398 4231 missi
1447 4189 1650 4243 essent,
1690 4179 1862 4233 libere
1901 4189 1955 4234 et
1992 4195 2097 4233 au-

520 4276 710 4331 dacter
736 4273 991 4326 dixerunt
1030 4290 1041 4323 :
1090 4268 1143 4325 Si
1177 4284 1242 4324 ex
1276 4271 1444 4323 menti
1477 4269 1729 4339 lanugine
1770 4271 2095 4327 aestimanda

520 4369 591 4422 sit
619 4366 868 4435 aptitudo
898 4374 954 4418 et
990 4363 1248 4432 dignitas,
1289 4362 1472 4417 hircos
1504 4364 1749 4432 potiores
1777 4374 1960 4433 partes
1992 4364 2091 4418 ba-

527 4461 635 4512 bitu
647 4474 753 4509 ros.
794 4478 811 4505 μ

2267 1991 2349 2041 Η.
2395 1986 2552 2052 Quod
2609 1986 2773 2055 igitur
2826 1981 2943 2035 fieri
3003 1979 3204 2051 potuit,
3250 1978 3455 2036 factum
3511 1977 3782 2046 tantisper

2190 2094 2589 2151 supponamus,
2620 2086 2786 2146 atque
2813 2076 3006 2129 ultimo
3035 2073 3236 2127 Leonis
3266 2070 3583 2139 Philosophi
3610 2084 3780 2132 anno,

2188 2189 2309 2227 aera:
2336 2172 2643 2227 communis
2669 2171 2794 2231 9H,
2819 2166 3075 2240 Symeoni
3129 2162 3482 2232 Metaphrasti
3528 2177 3633 2213 xxx
3691 2168 3784 2214 aut

2190 2281 2335 2318 xxxii
2377 2278 2647 2317 annorum
2680 2271 2896 2315 aetatem
2932 2259 3263 2311 tribuamus.
3303 2254 3511 2307 l'oterlt
3541 2263 3677 2306 tunc
3707 2252 3775 2305 ad

2191 2356 2435 2425 tempora
2461 2353 2755 2421 Nicephori
2787 2351 2979 2404 Phocm
3003 2349 3315 2417 pervenisse
3347 2348 3461 2417 (qui
3485 2362 3634 2401 anno
3656 2362 3785 2400 ιΑιιι

2191 2445 2436 2516 ejusdem
2459 2443 2643 2498 sazculi
2664 2439 2951 2511 imperium
2974 2438 3215 2495 Orientis
3228 2437 3458 2504 adeptus
3476 2436 3601 2502 fuit)
3620 2445 3787 2503 atque

2193 2539 2549 2609 octogenario
2600 2537 2775 2607 major
2806 2535 2982 2603 aliqua
3030 2533 3196 2587 etiam
3249 2528 3629 2583 elucubrasse.
3671 2526 3789 2579 Hoc

2193 2634 2503 2701 supposito,
2538 2630 2825 2684 videamus
2848 2644 2914 2681 an
2944 2622 3299 2693 chronologia
3330 2621 3446 2675 haac
3480 2620 3790 2674 convenire

2195 2724 2370 2791 possit
2396 2730 2587 2775 nostro
2612 2719 2849 2781 auctori,
2879 2718 2974 2786 qui
3008 2731 3161 2769 num.
3192 2714 3257 2768 l9
3288 2727 3518 2767 narrans
3546 2712 3794 2764 miracu-

2198 2817 2309 2868 lum
2344 2812 2490 2882 quod
2520 2812 2707 2865 Bardic
2743 2808 3189 2878 protospathario
3227 2806 3449 2868 accidit,
3479 2805 3554 2857 ait
3589 2821 3605 2857 :
3652 2804 3795 2868 Σφό-

2195 2906 2296 2974 δρα
2328 2905 2383 2957 δὲ
2428 2896 2584 2965 οὗτος
2627 2900 2892 2969 Ῥωμανῷ
2932 2896 3143 2964 βασιλεῖ
3182 2896 3257 2962 τῷ
3305 2896 3541 2947 ἐπιεικεῖ
3587 2910 3649 2945 τε
3696 2894 3796 2944 καὶ

2196 2995 2420 3067 χρηστῷ
2476 2995 2884 3065 προσῳκείωτο,
2940 2992 2998 3045 ὃν
3050 2992 3142 3043 καὶ
3203 2990 3349 3040 ἴσασι
3406 2987 3633 3051 πάντες,
3674 2984 3795 3037 υἱὸν

2200 3090 2622 3140 Κωνσταντίνου
2658 3085 2938 3154 γενέσθαι,
2969 3082 3085 3147 τοῦ,
3135 3082 3203 3135 τὰ
3252 3079 3432 3133 πάντα
3493 3076 3795 3130 συνελόντα

2200 3178 2393 3240 εἰπὼν,
2426 3178 2877 3247 βασιλικωτάτου.
2924 3198 2939 3225 ι
2982 3176 3043 3229 Εἰ
3072 3190 3199 3229 vero
3222 3172 3455 3243 (Bardac)
3482 3186 3681 3241 magna
3707 3170 3797 3224 in-

2196 3279 2525 3326 tercesserat
2581 3270 2927 3323 familiaritas
2981 3283 3105 3321 cum
3150 3266 3399 3320 Romano
3449 3267 3795 3332 imperatore

2193 3362 2432 3433 benigno
2467 3371 2523 3415 et
2550 3362 2843 3422 clemente,
2870 3374 3032 3427 quem
3069 3358 3252 3410 sciunt
3287 3370 3481 3408 omnes
3507 3354 3682 3409 fuisse
3727 3354 3795 3408 ti-

2193 3455 2325 3508 lium
2362 3452 2735 3517 Constantini,
2776 3452 2870 3521 qui
2908 3450 2992 3519 (ιιι
3022 3448 3206 3503 omnia
3238 3447 3409 3501 semel
3446 3447 3651 3516 dicam)
3682 3447 3797 3502 fuit

2195 3546 2494 3615 imperator
2544 3544 2821 3613 egregius,
2851 3561 2869 3593 ι
2920 3540 3125 3611 quibus
3160 3537 3350 3593 verbis
3405 3536 3473 3593 de
3530 3537 3797 3593 Romano

2191 3633 2537 3691 Constantini
2572 3632 3026 3705 Porphyrogeniti
3069 3631 3205 3691 filio.
3232 3630 3422 3701 utjam
3450 3638 3675 3681 mortuo
3703 3627 3799 3681 loo

2193 3727 2285 3795 qui
2310 3726 2550 3790 videtur,
2592 3725 2700 3779 nisi
2733 3725 2875 3778 forte
2900 3722 3037 3776 verti
3069 3721 3243 3790 possit
3273 3739 3286 3773 :
3340 3737 3357 3770 ι
3389 3718 3452 3773 Εἰ
3496 3731 3630 3771 vero
3673 3732 3800 3770 rna-

2193 3833 2298 3887 gna
2323 3816 2701 3870 intercedebat
2729 3812 3078 3866 familiaritas
3108 3826 3233 3864 cum
3266 3810 3515 3864 Romano
3542 3808 3797 3877 impera-

2197 3917 2335 3970 tore,
2367 3922 2528 3978 quem
2553 3905 2735 3961 sciunt
2766 3918 2962 3959 omnes
2991 3918 3113 3958 esse
3136 3901 3307 3957 filium
3332 3900 3730 3967 Constantini;
3773 3921 3795 3952 ι

2194 4010 2359 4071 atque
2395 4000 2469 4054 ita
2502 4001 2570 4054 ad
2601 3998 2836 4054 Romani
2874 3996 3228 4068 imperatoris
3266 4006 3534 4069 tempora,
3572 3994 3669 4063 qui
3723 3994 3799 4049 ab

2196 4107 2340 4145 anno
2388 4091 2494 4146 960
2546 4092 2612 4145 ad
2658 4091 2729 4145 63
2770 4091 3065 4159 imperium
3098 4090 3294 4152 tenuit,
3331 4087 3522 4142 referri
3567 4098 3793 4155 posset,

2194 4181 2333 4235 alias
2356 4181 2423 4235 ad
2449 4182 2788 4238 successoris
2820 4183 2965 4238 illius
2986 4181 3282 4249 Nicephori
3312 4180 3508 4233 Phoce
3537 4186 3805 4245 tempora

2199 4272 2633 4339 transferendus,
2692 4275 2940 4344 adeoque
2992 4273 3130 4328 nihil
3186 4272 3278 4325 hic
3308 4280 3414 4332 est,
3458 4268 3604 4337 quod
3662 4283 3805 4323 cum

2196 4371 2360 4418 aetate
2393 4363 2781 4434 Metaphrastis
2808 4373 3034 4432 pugnet.

2274 4455 2359 4509 l2.
2393 4455 2463 4510 At
2495 4456 2693 4511 terruit
2718 4468 2805 4507 me
2828 4454 2975 4522 quod
3000 4468 3151 4507 num.
3185 4452 3252 4508 15
3280 4453 3511 4525 legatur,
3548 4460 3606 4506 ut
3641 4453 3807 4521 apud

597 4548 681 4601 10.
718 4546 871 4613 Quod
901 4544 1068 4617 igitur
1100 4545 1152 4599 in
1188 4543 1378 4615 paucis
1409 4544 1656 4613 contigit,
1692 4543 1745 4596 in
1786 4543 2092 4613 Metaphra-
2130 4577 2173 4629 ο
2202 4550 2425 4606 Surium
2488 4552 2810 4607 translatum
2866 4560 2971 4614 est,
3021 4552 3234 4607 scilicet
3270 4573 3282 4607 :
3324 4571 3342 4603 ι
3381 4553 3523 4606 Petit
3567 4567 3595 4605 a
3639 4552 3805 4606 bono

524 4654 605 4699 ste
642 4641 963 4707 contingere
994 4638 1193 4706 potuit.
1216 4636 1513 4704 praesertim
1543 4650 1666 4688 cum
1695 4634 1921 4690 Michael
1951 4635 2099 4691 Pset«

524 4736 610 4788 lus
653 4734 827 4802 ipsius
882 4730 1265 4792 encomiastes,
1297 4728 1414 4799 ejus
1452 4731 1505 4781 iu
1540 4730 1713 4795 prima
1754 4736 1913 4780 actate
1946 4729 2100 4799 inge-

527 4826 698 4885 nium,
726 4825 1082 4888 innatamque
1123 4819 1277 4887 quasi
1311 4817 1654 4886 prudentiam
1679 4818 1906 4872 extollat
1946 4818 2098 4874 hisce

528 4920 713 4971 verbis
747 4933 759 4970 :
805 4934 821 4963 α
865 4913 971 4967 Καὶ
1001 4916 1060 4965 τὸ
1106 4913 1245 4965 κατὰ
1281 4914 1496 4965 πάντων
1531 4912 1859 4981 ἀσύγκριτον
1902 4912 2102 4980 κρᾶτας

530 5014 621 5064 καὶ
645 5006 1043 5079 ἁπαράμιλλον;
1076 5002 1141 5074 ἦν
1183 5006 1277 5072 μὲν
1301 5005 1457 5066 εὐθὺς
1482 5006 1541 5055 τὸ
1572 5006 1633 5055 ἐκ
1655 5003 1899 5072 πρώτης,
1927 5005 1999 5066 ὡς
2027 5006 2102 5055 εξ-

530 5108 671 5167 πείν,
705 5104 991 5169 γενέσεως,
1028 5098 1121 5149 καὶ
1158 5098 1213 5159 ἐξ
1247 5096 1513 5161 ἀνθούσης
1546 5098 1643 5165 ἢδη
1677 5096 1879 5165 τριχὸς,
1912 5096 2102 5165 ὥσπερ

528 5200 575 5249 oi
621 5198 727 5247 τὼν
765 5196 992 5247 λεόντων
1035 5190 1282 5260 σκὺμιοι,
1311 5187 1471 5249 εὐθὺς
1498 5190 1591 5257 τὴν
1618 5190 1797 5259 ὀφρὺν
1836 5191 2100 5256 παραδει-

531 5288 806 5349 κνύοντες,
850 5288 940 5336 καὶ
987 5285 1093 5335 τῶν
1141 5279 1477 5348 ὲπλυχενὶων
1525 5282 1728 5349 τριχῶν
1784 5282 1843 5333 τὸ
1896 5281 2097 5333 λάσιον.

536 5380 796 5449 ’Υπὴνοει
836 5377 942 5444 γὰρ
984 5373 1130 5440 αὑτῴ
1170 5373 1234 5422 τὰ
1268 5376 1363 5437 τῆς
1410 5370 1674 5430 συνέσεως
1718 5372 1876 5437 ἅνυη,
1910 5372 2002 5423 καὶ
2042 5372 2103 5423 τὸ

530 5472 784 5539 φρόνημα
826 5468 978 5537 ῥίζαν
1014 5464 1133 5517 τινὰ
1176 5458 1285 5533 εἶχε
1322 5462 1561 5531 βαῡεῖειν,
1606 5461 1699 5513 καὶ
1756 5464 1783 5513 ὁ
1834 5464 1955 5524 νοῦς
2016 5461 2103 5524 ἑξ-

531 5562 809 5632 ὴστραπτέ
859 5577 909 5612 τι
971 5557 1290 5626 Οαυμάςιον.
1347 5555 1530 5608 Ταῦτα
1567 5556 1621 5607 δὲ
1652 5558 1761 5617 toi;
1803 5556 1897 5623 μὲν
1927 5556 2106 5617 amt;

532 5656 803 5725 ἀρκοῦντα
835 5651 1126 5719 ἐτύγχανεν
1160 5652 1237 5710 εἰς
1269 5649 1563 5711 τελείωσιν,
1595 5650 1786 5717 ἐκείνῳ
1815 5648 1870 5699 δὲ
1907 5666 2106 5717 προχιο

531 5750 788 5821 ράγματκ
817 5743 914 5809 τῆς
945 5741 1153 5800 τελείας
1192 5739 1513 5807 ὲγνιυρίζετο
1541 5740 1775 5808 φύσεως.
1822 5758 1837 5789 ι
1876 5740 2005 5805 Qua:
2040 5757 2104 5794 ex

532 5836 985 5908 interpretatione
1008 5833 1186 5889 Allatii
1216 5833 1288 5887 ita
1310 5842 1537 5887 sonant:
1572 5852 1585 5884 ι
1624 5830 1688 5890 Et
1718 5833 1860 5887 vires
1884 5833 2101 5902 quidem

2200 4641 2409 4697 Joanne
2444 4644 2557 4710 (ille
2587 4643 2734 4697 enim
2763 4651 2894 4696 tunc
2915 4642 3200 4697 obtinebat
3223 4642 3537 4710 imperium)
3564 4652 3622 4695 ut
3652 4658 3805 4697 cura

2205 4732 2369 4798 hujus
2427 4733 2626 4789 domus
2673 4731 2779 4787 sibi
2831 4731 3302 4795 demandaretur;
3344 4750 3358 4781 ι
3402 4731 3495 4784 ubi
3542 4730 3807 4789 Joannes

2203 4825 2481 4881 Zemisces
2512 4824 2857 4894 indigitatttr,
2880 4826 2973 4893 qui
2997 4839 3143 4878 anno
3166 4822 3269 4877 969
3295 4838 3525 4893 regnare
3555 4825 3803 4894 incepit,

2206 4918 2273 4972 ad
2298 4919 2456 4985 cujus
2484 4925 2730 4985 tempora
2762 4914 3159 4987 Metaphrastes
3184 4929 3328 4984 azgre
3362 4923 3543 4985 potest
3576 4915 3773 4982 pertin
3792 4946 3807 4955 ο

2206 5024 2356 5078 gere,
2383 5008 2490 5061 nisi
2535 5023 2661 5062 cum
2694 5009 3069 5077 nonagenario
3099 5008 3385 5076 majorem,
3427 5007 3606 5059 Vitam
3649 5006 3809 5062 hanc

2208 5098 2492 5167 scripsisse
2519 5100 2805 5153 fateamur.
2838 5099 3010 5163 Quam
3038 5098 3107 5151 ob
3146 5116 3259 5153 rem
3290 5115 3391 5168 pro
3420 5098 3629 5152 Joanne
3657 5102 3812 5154 scri-

2210 5190 2446 5243 bendum
2485 5200 2614 5259 puto
2655 5189 3077 5244 Constantinum
3110 5209 3121 5243 :
3159 5191 3323 5258 idque
3351 5205 3418 5243 co
3447 5188 3665 5244 facilius
3705 5194 3812 5248 ad-

2209 5280 2381 5333 ducor
2426 5290 2485 5333 ut
2529 5278 2768 5341 credam,
2806 5280 2931 5347 quia
2972 5281 3023 5332 in
3063 5280 3339 5348 ecgrapho
3372 5288 3560 5333 nostro
3601 5279 3813 5336 Graeco

2210 5387 2409 5423 nomen
2455 5371 2695 5425 Joannes
2724 5369 2930 5437 integre
2968 5369 3230 5436 scriptum
3265 5385 3372 5422 non
3413 5369 3671 5431 habetur.
3703 5373 3811 5426 sed

2211 5463 2423 5515 duabus
2460 5473 2668 5515 tantum
2705 5460 3013 5514 initialibus
3054 5462 3255 5514 litteris
3299 5461 3404 5514 Ἰὼ.
3456 5460 3517 5515 In
3556 5461 3816 5519 authen-

2213 5556 2319 5606 tico
2354 5554 2519 5622 igitur
2554 5567 2754 5607 nomen
2802 5551 3196 5608 Constantinus
3252 5567 3351 5619 per
3397 5553 3813 5621 compendium

2213 5650 2474 5716 scriptum
2531 5646 2697 5701 fuerit
2736 5646 2951 5702 duabus
2993 5655 3087 5700 aut
3127 5645 3308 5700 tribus
3355 5646 3549 5715 primis
3598 5646 3821 5707 litteris

2215 5741 2339 5791 Κῶν
2394 5749 2603 5793 tantum
2647 5755 3009 5808 expressum;
3050 5739 3195 5794 unde
3241 5740 3459 5794 extritis
3521 5742 3822 5799 edacitate

2215 5832 2503 5902 temporis,
2542 5831 2592 5884 in
2629 5834 2802 5901 prima
2836 5834 3014 5887 littera
3042 5835 3109 5899 K,
3132 5834 3345 5891 duabus
3382 5835 3715 5892 transversis
3747 5839 3822 5894 l't~

3926 1274 3966 1314 ‘ti
