3966 6454
129 374 219 437 τη

1339 375 1514 436 νιΤΑ
1559 376 1616 436 S.
1660 376 2105 439 SAMPSONIS.

3270 377 3380 437 2⁸1³.

131 484 287 539 aeolis
324 493 374 538 et
405 478 597 536 ultima
645 480 784 537 forte
838 482 1022 537 littera
1046 499 1096 546 ν,
1125 481 1212 536 Ίῶ
1239 484 1600 550 remanserit;
1627 500 1696 540 ea
1729 497 1772 549 Α
1806 486 1954 540 illius
2009 487 2252 542 historia:
2306 495 2481 556 putat,
2549 502 2669 556 qua:
2717 486 2937 549 habeat,
3001 486 3378 538 nosocomium

131 593 286 646 eoque
317 576 585 632 Joannem
619 576 872 631 fecerint.
914 577 1051 632 Cum
1094 575 1262 646 lgitur
1304 575 1394 631 illa
1425 580 1500 632 ita
1533 593 1684 632 com-

133 669 272 723 mode
294 670 555 738 explicari
587 670 819 740 possint,
849 678 1158 737 ceteraque
1178 668 1363 723 omnia
1386 667 1690 738 Metaphra—

131 762 190 814 sti
234 763 578 824 conveniant,
652 759 791 814 nihil
843 761 1020 820 obest.
1074 759 1372 828 quominus
1406 760 1582 814 Vitam
1629 759 1687 814 S.

134 853 432 924 Sampsonis
476 855 526 908 ei
575 854 940 917 ascribamus,
967 866 1132 922 quam
1181 855 1238 907 in
1274 851 1550 922 decrepita
1591 868 1688 908 sua

133 954 393 999 senectute
418 945 818 1014 composuerit,
841 953 1132 1014 postquam
1162 945 1524 1013 plurimorum
1551 963 1694 1001 mar-

136 1044 294 1090 tvrum
334 1045 388 1090 et
424 1037 832 1100 confessornm,
871 1047 933 1092 ut
967 1037 1194 1106 ipsemet
1243 1037 1560 1102 confitetur,
1608 1054 1696 1094 res

135 1137 297 1194 gestas
326 1126 379 1179 in
413 1126 595 1181 lucem
623 1129 897 1183 ediderat.

199 1217 274 1271 t3.
317 1217 578 1272 Natatum
629 1218 851 1273 invenio
901 1219 957 1272 in
992 1217 1179 1274 Indice
1215 1227 1404 1274 nostro
1440 1219 1696 1285 viatorio,

140 1307 296 1360 Vnam
339 1308 684 1378 Sampsonis,
744 1325 866 1380 quae
915 1308 1131 1380 incipit,
1174 1310 1336 1364 Ἀλλὰ
1381 1311 1482 1380 μὲν
1542 1311 1702 1381 χάρι-

136 1413 211 1459 τες
246 1399 403 1469 ῑργον
433 1403 530 1454 καὶ
555 1401 874 1470 θεραπείας,
907 1402 1005 1470 τῆς
1034 1404 1170 1472 πρὸς
1205 1401 1296 1456 τὸν
1340 1402 1516 1472 μέγαν
1546 1403 1700 1471 Σαμο

137 1489 260 1553 ψὼν,
302 1499 436 1556 etc.,
486 1493 695 1546 servari
744 1492 1173 1562 manuscriptam
1224 1492 1278 1546 in
1354 1493 1704 1548 bibliothecis

141 1582 381 1638 Vaticana
411 1594 470 1638 et
492 1585 830 1638 Valliccllina
862 1585 1082 1648 Romae;
1130 1585 1259 1639 item
1299 1587 1353 1639 in
1389 1583 1706 1640 Florentina

140 1684 187 1726 et
218 1673 563 1728 Taurinensi.
618 1674 790 1730 Nobis
842 1676 930 1729 illa
965 1676 1175 1744 pridem
1215 1687 1464 1732 extracta
1495 1676 1600 1732 fuit
1637 1694 1705 1734 ex

142 1763 313 1818 codice
355 1778 488 1826 ms..
524 1772 588 1816 ut
622 1763 734 1834 jam
766 1763 900 1824 dixi.
949 1764 1209 1820 Medicam
1247 1765 1392 1837 regis
1433 1765 1710 1822 Christia-

1796 576 2144 647 Sampsonis,
2180 577 2374 633 eodem
2419 590 2670 649 rogante,
2701 593 2729 631 a
2768 576 3076 631 Justiniano
3108 591 3379 636 erectum.

1794 683 1924 723 cum
1965 668 2270 738 Procopius
2293 669 2459 733 dicat,
2497 669 3185 739 restauratum,qnodjam
3221 680 3382 722 antea

1792 760 1936 818 idem
1965 760 2233 830 Sampson
2267 763 2681 818 exaedificasset.
2717 763 2917 817 Verum
2951 761 3090 815 adeo
3119 762 3377 830 exiguum

1793 848 1898 904 fuit
1945 851 2183 921 primum
2225 853 2357 907 illud
2395 854 2717 922 Sampsonis
2751 853 3063 913 aediﬂcium,
3101 863 3209 905 tam
3257 851 3380 906 illu-

1796 952 1911 997 stre
1938 957 2068 998 vero
2104 952 2325 1013 tamque
2361 945 2708 1016 magnificum
2755 961 2783 998 a
2810 945 3121 1000 Iustiniano
3153 944 3381 999 factum,

1799 1042 1862 1086 ut
1913 1033 2053 1088 nihil
2101 1036 2322 1090 veritati
2378 1036 2682 1092 detraxisse
2747 1036 3147 1106 Metaphrastes
3204 1035 3381 1089 videri

1799 1123 1995 1194 possit.
2019 1123 2174 1190 Quod
2209 1125 2362 1181 addit
2396 1123 2662 1182 Baronius
2700 1125 2767 1180 de
2810 1127 3234 1196 conﬂagratione
3264 1126 3386 1195 ejus

1801 1216 2131 1282 nosocomii,
2181 1233 2346 1288 quam
2400 1227 2512 1273 tum
2555 1219 2853 1290 contigisse
2898 1211 3218 1281 arbitl'atnr,
3257 1234 3385 1273 cum

1804 1310 1908 1365 sub
1947 1309 2236 1366 Anastasio
2281 1309 2496 1366 Sancta:
2533 1310 2754 1378 SOphizn
2803 1313 3068 1382 templum
3126 1322 3384 1366 exustum

1807 1400 1946 1467 fuit;
1975 1401 2186 1456 clarum
2231 1411 2315 1457 est
2343 1402 2401 1457 in
2437 1403 2685 1458 historiis
2719 1420 2826 1458 non
2861 1405 3029 1458 semel
3067 1405 3198 1458 illud
3245 1414 3385 1458 tem-

1807 1493 1958 1563 plum
2018 1493 2294 1548 incendiis
2337 1495 2640 1550 obnoxium
2687 1496 2884 1562 fuisse;
2921 1495 3214 1552 Justiniani
3255 1510 3383 1550 vero

1809 1596 1954 1636 anno
1987 1598 2017 1633 ν
2043 1582 2175 1636 illud
2203 1585 2579 1639 nosocomium
2615 1586 2898 1642 incensum
2928 1603 3050 1640 esse
3083 1588 3224 1641 idem
3260 1587 3382 1638 Pro-

1810 1672 2005 1743 copius
2035 1673 2204 1729 refert
2224 1675 2321 1729 lib.
2351 1691 2366 1730 l
2397 1675 2473 1730 De
2493 1679 2632 1746 κάει
2675 1687 2731 1732 et
2769 1677 2938 1731 tBelli
2965 1677 3113 1731 Pers.
3140 1694 3257 1745 cap.
3293 1679 3385 1743 24,

1815 1773 1870 1818 ct
1909 1764 2275 1836 Theophanes
2323 1768 2392 1822 ad
2434 1784 2636 1823 annum
2680 1786 2711 1822 ν
2759 1769 3080 1824 Iustiniani.
3133 1768 3388 1824 Fortasse

145 1855 361 1923 nissimi,
393 1855 502 1910 sub
537 1855 643 1912 hoc
677 1857 861 1923 titulo,
891 1857 1012 1921 ﬂio;
1043 1861 1134 1912 καὶ
1169 1860 1412 1913 πολιτεία
1435 1861 1530 1915 τοῦ
1559 1863 1708 1916 ὁσίου

1826 1857 2036 1927 najoris
2078 1857 2338 1912 momenti
2385 1859 2444 1914 ﬂt
2485 1858 2539 1913 in
2571 1859 2672 1913 hac
2697 1876 2777 1924 re,
2813 1860 2957 1929 quod
2991 1861 3288 1930 Procopius
3323 1861 3390 1914 do

150 1947 338 2016 Πατρδς
364 1947 528 2018 ἡμῶν
560 1948 800 2019 Σαμψὼν
829 1949 920 2002 τοῦ
946 1949 1221 2020 ξενοδόχου
1240 1967 1254 1982 °
1353 1953 1470 2010 Vita
1500 1965 1556 2008 et
1579 1970 1711 2009 con-

147 2038 364 2095 versatio
393 2039 571 2094 sancti
599 2039 778 2095 Patris
807 2041 981 2096 nostri
1020 2039 1362 2111 Sampsonis,
1395 2048 1710 2114 exceptoris

149 2130 433 2200 hospitum.
472 2149 492 2184 ι
531 2132 784 2187 Latinam
815 2133 1218 2204 impresserunt
1262 2135 1595 2206 Lipomanus
1628 2148 1713 2194 to-

153 2237 228 2275 mo
248 2223 299 2284 6,
319 2236 375 2279 et
404 2239 474 2279 ex
501 2225 620 2294 ipso
644 2223 839 2279 Surius
865 2235 1012 2280 tomo
1035 2224 1100 2291 2;
1127 2226 1278 2294 juxta
1309 2227 1714 2297 interpretatio-

148 2327 255 2367 nem
283 2313 537 2372 Gentiani
572 2315 790 2372 Herveti
824 2333 840 2371 :
873 2332 1035 2386 quam
1062 2315 1315 2371 eamdem
1345 2333 1448 2388 ego
1480 2335 1706 2391 quoque

153 2402 229 2456 hic
263 2405 502 2467 retineo.
547 2406 603 2462 in
635 2407 824 2476 paucis
859 2417 1040 2460 tamen
1073 2407 1372 2474 aliquibus,
1401 2424 1528 2464 eum
1563 2415 1714 2468 textu

152 2495 318 2552 tirch
340 2499 577 2562 collatis,
599 2506 889 2554 mutatam.

588 2631 615 2704 ς
639 2631 706 2687 ll.
740 2663 803 2676 -—
829 2633 1052 2706 Tempus
1071 2637 1275 2691 mortis.

217 2771 291 2825 ιι.
337 2771 498 2839 Quod
557 2774 626 2831 ad
685 2785 900 2832 aetatem
949 2775 1267 2846 Sampsonis
1299 2777 1517 2837 attinet,
1547 2776 1716 2830 Meta-

158 2865 406 2928 phrastcs,
447 2861 822 2935 Menologium
869 2867 1056 2922 Basilii
1103 2866 1720 2939 Porphyrogeniti,ble-

160 2969 254 3007 [III
291 2970 516 3013 excusa.
541 2956 796 3026 Origines
840 2957 1462 3029 Constantinopolitana
1500 2959 1720 3015 inedita:

160 3056 291 3110 parte
325 3062 381 3110 ιι,
409 3061 543 3100 cum
578 3046 834 3102 ﬂoruisse
865 3048 1021 3102 aiunt
1060 3049 1164 3103 sub
1193 3049 1508 3104 Iustiniano
1543 3050 1719 3118 impe-

159 3146 338 3203 ratore,
373 3149 569 3208 utpote
620 3140 715 3210 qui
773 3140 842 3194 ab
899 3141 1090 3196 eodem
1141 3151 1332 3197 sancto
1372 3141 1425 3194 in
1465 3140 1718 3195 vivisex-

161 3229 366 3286 sistente
419 3234 490 3287 ab
544 3230 938 3288 itnmedicahiii
972 3233 1165 3289 morbo
1209 3233 1380 3290 fuerit
1419 3233 1723 3298 liberatus;

163 3321 323 3387 atque,
345 3331 403 3375 ut
427 3337 536 3392 pro
561 3332 713 3378 tanto
731 3324 998 3381 beneﬂcio
1028 3335 1210 3394 grates
1243 3324 1493 3389 referret,
1522 3325 1731 3395 magni-

166 3409 304 3460 tlcum
332 3413 512 3466 eidem
546 3413 906 3470 aediﬁcaverit
931 3413 1360 3480 xenodochium,
1401 3415 1547 3485 quod
1576 3415 1734 3470 dein-

167 3501 221 3551 de
269 3500 552 3573 Hospitale
610 3505 669 3558 S.
724 3504 1044 3574 Sampsonis
1084 3517 1170 3562 est
1225 3507 1580 3576 appellatum.
1636 3508 1732 3561 Ast

170 3592 440 3650 cardinalis
467 3593 744 3652 Baronius
767 3595 823 3650 in
848 3595 1006 3651 Notis
1036 3597 1102 3650 ad
1134 3596 1578 3667 Martyrologium
1618 3596 1729 3650 Ro-

170 3699 386 3752 manum,
443 3687 554 3744 hoc
604 3687 719 3754 die,
756 3702 821 3743 ea
862 3689 1049 3745 omnia
1087 3690 1293 3746 erroris
1329 3691 1532 3760 arguit,
1566 3705 1632 3744 ex
1667 3704 1732 3744 eo

170 3779 292 3840 quod
349 3776 676 3848 Procopius,
702 3782 797 3849 qui
841 3781 949 3836 illis
987 3782 1335 3850 temporibus
1365 3783 1520 3844 vixit.
1557 3798 1732 3851 eaque

171 3863 227 3918 ob
269 3870 453 3924 oculos
497 3871 718 3935 habuit,
760 3871 860 3927 lib.
909 3889 922 3926 ι
961 3872 1178 3940 Ediﬁc.
1249 3874 1541 3929 Iustiniani
1578 3876 1730 3941 imp.,

173 3970 271 4024 cap.
306 3957 357 4019 Ξ,
396 3969 658 4025 testetur,
699 3961 977 4031 Hospitale
1030 3963 1351 4033 Sampsonis
1383 3967 1629 4026 nomine.
1665 3967 1733 4020 ab

173 4049 338 4104 eodem
390 4050 702 4123 Sampsone
751 4065 1026 4121 erectum,
1067 4056 1198 4111 olim
1246 4057 1498 4112 incendio
1533 4059 1734 4115 conﬂa-

175 4155 364 4208 grasse;
397 4159 642 4215 cumque
665 4144 756 4199 vix
789 4145 1041 4216 quaedam
1073 4145 1465 4201 remansissent
1486 4145 1733 4214 vestigia,

177 4232 285 4288 illud
321 4238 496 4306 ipsum
535 4238 809 4308 hospitale
839 4239 908 4293 ab
936 4239 1130 4294 eodem
1161 4237 1470 4294 Justiniano
1494 4237 1734 4307 impera-

178 4332 275 4381 tore
320 4330 742 4382 munittcetitius
789 4332 1156 4384 instauratum
1212 4330 1404 4390 fuisse.
1449 4343 1733 4398 censuque

177 4427 334 4470 annuo
371 4417 618 4489 ingentis
645 4421 896 4490 pecunia
927 4421 1342 4490 locupletatum.
1383 4422 1518 4477 Cum
1549 4433 1729 4476 autem

1815 1946 2137 2018 Sampsonis
2185 1959 2346 2004 atate
2400 1951 2514 2004 ait:
2561 1951 2729 2022 ’Δνήρ
2775 1969 2857 2011 τις
2897 1951 3156 2020 Θιοσεοὴς
3193 1951 3251 2003 ἑν
3279 1954 3390 2004 τοῖς

1812 2037 1924 2092 ἄνω
1954 2038 2188 2109 χρόνοις,
2222 2037 2460 2108 Σαμψὼν
2521 2041 2692 2110 ὕνομα
2731 2058 2747 2072 ·
2793 2039 2887 2094 Vir
2920 2043 3132 2110 quidam
3160 2045 3275 2109 pius
3301 2042 3392 2109 qui

1811 2133 2166 2201 superioribus
2199 2134 2359 2187 annis
2414 2133 2619 2202 ﬂoruit.
2668 2136 2736 2187 At
2778 2134 2884 2187 hoc
2911 2135 3076 2187 etiam
3114 2135 3246 2187 nihil
3275 2144 3389 2194 est;

1816 2236 1937 2278 nam
2004 2223 2302 2294 Procopius
2363 2226 2563 2280 librum
2624 2226 2778 2278 illum
2846 2227 2918 2279 De
2975 2225 3237 2292 adiﬁciis,
3301 2225 3392 2280 ubi

1815 2313 1920 2368 hoc
1977 2314 2164 2379 habet,
2199 2324 2447 2370 extremo
2503 2317 2796 2372 Justiniani
2858 2317 3092 2386 imperio
3147 2316 3393 2384 scripsit,

1815 2424 2011 2478 nempe
2057 2425 2150 2464 sex
2203 2419 2259 2464 et
2308 2411 2528 2480 triginta
2558 2420 2720 2476 atque
2774 2411 3010 2480 amplius
3068 2413 3234 2463 annis
3273 2421 3398 2478 post

1816 2510 2047 2555 mortem
2095 2500 2430 2570 Sampsonis.
2467 2501 2692 2572 Vigebat
2730 2511 2909 2556 tamen
2941 2507 3077 2556 adeo
3118 2506 3238 2572 ejus
3281 2517 3397 2556 me-

1815 2592 2012 2652 moria.
2065 2602 2124 2646 ut
2173 2592 2547 2658 Justinianus,
2607 2594 2828 2649 Novella
2880 2596 2946 2649 59
2998 2605 3052 2650 et
3113 2596 3241 2658 i5l,
3297 2595 3394 2648 ubi

1817 2682 1885 2736 de
1917 2683 2220 2752 Sampsone
2277 2683 2542 2754 loquitur,
2595 2686 2651 2739 Ὀ
2677 2685 2776 2749 τῆς
2807 2687 2956 2747 ὁσίας
2994 2690 3212 2758 μνήμης
3251 2689 3398 2756 Σαμ-

1817 2775 1937 2845 ψών
1972 2773 2141 2838 dicat,
2177 2794 2194 2826 ι
2235 2776 2449 2831 Sancta:
2502 2777 2782 2832 memoriae
2833 2776 3141 2847 Sampson;
3181 2799 3199 2830 ι
3254 2778 3400 2846 quod

1821 2868 1905 2935 (ut
1955 2867 2132 2921 obiter
2173 2869 2380 2937 notem)
2429 2883 2550 2922 cum
2605 2868 2659 2922 in
2711 2869 2953 2937 antiquis
2986 2869 3400 2938 manuscriptiso

1820 2956 2021 3014 litteris
2061 2960 2436 3029 singularibus
2481 2958 2536 3014 S.
2573 2959 2643 3016 Μ.
2671 2969 2919 3014 notatum
2954 2971 3120 3023 esset,
3157 2961 3296 3013 male
3347 2960 3402 3012 in

1822 3047 2374 3104 Latiniseditionibus
2388 3051 2623 3105 Novella:
2640 3052 2732 3107 i3i
2751 3060 3038 3120 exceptum
3059 3057 3172 3106 est:
3194 3049 3408 3104 Sanctae

1825 3140 2004 3195 Maria:
2042 3140 2328 3210 Sampson.
2361 3140 2517 3206 Quod
2558 3152 2742 3196 autem
2781 3144 2835 3197 in
2871 3143 3237 3212 Mctaphraste
3277 3159 3400 3196 eor-

1832 3231 2123 3300 rigendum
2151 3233 2311 3302 plane
2363 3249 2583 3294 censeo.
2642 3245 2727 3288 est
2783 3235 2924 3287 ratio
2977 3237 3240 3303 temporis
3285 3236 3408 3288 \‘iliB

1833 3320 2152 3391 Sampsonis
2203 3334 2258 3378 et
2315 3339 2584 3380 annorum
2633 3325 2848 3396 imperii
2903 3325 3236 3386 Justiniani;
3279 3341 3402 3378 nam

1831 3413 2072 3466 antistite
2103 3411 2256 3467 Mena
2286 3413 2644 3483 Sampsonem
2682 3414 3044 3479 superfuisse,
3084 3415 3226 3472 haud
3264 3414 3404 3468 bene

1832 3503 2224 3574 Metaphrastes
2253 3515 2463 3566 narrat,
2495 3521 2619 3557 cunt
2663 3518 2791 3560 ante
2827 3507 3172 3559 consiilatum
3204 3505 3412 3560 Beliza-

1832 3596 1896 3647 rii
1933 3596 2155 3655 obiisse.
2187 3613 2253 3651 ex
2293 3598 2515 3652 Novella
2548 3597 2612 3653 59
2649 3596 2942 3668 perSpicue
2974 3608 3208 3652 constet.
3246 3600 3414 3650 Porro

1832 3687 2074 3754 ejusdem
2125 3686 2361 3742 Novella?
2411 3691 2710 3757 publicatio
2761 3700 2925 3761 atque
2975 3689 3173 3749 electio
3220 3689 3410 3751 Menas,

1833 3779 1944 3832 fere
1977 3778 2028 3832 in
2057 3779 2200 3834 idem
2230 3791 2444 3850 tempus
2482 3781 2757 3842 incidunt,
2799 3797 2994 3849 nempe
3031 3781 3175 3834 circa
3208 3796 3412 3833 annnin

1831 3869 2122 3924 Iustiniani
2161 3888 2247 3937 xi;
2279 3881 2332 3926 at
2365 3889 2496 3926 vero
2519 3883 2644 3927 ante
2672 3887 2875 3926 annum
2905 3874 3024 3943 ejus
3059 3888 3091 3924 ν
3126 3888 3405 3927 mortuum

1835 3962 2189 4032 Sampsonem
2222 3963 2390 4018 fuisse
2431 3980 2594 4018 nemo
2631 3965 2868 4017 dubitet.
2913 3964 2993 4019 Ad
3042 3963 3188 4018 hunc
3222 3965 3415 4018 calcu-

1837 4054 1944 4107 lum
1977 4055 2279 4109 revocanda
2312 4066 2440 4110 sunt
2485 4072 2606 4125 qua:
2655 4059 2718 4111 de
2748 4055 3004 4110 incendio
3046 4057 3347 4110 nosocomii
3388 4073 3413 4112 ε

1834 4146 2201 4217 Metaphraste
2229 4156 2548 4200 narrantur.
2592 4166 2608 4196 ι

1906 4239 1992 4295 16.
2033 4238 2157 4294 Haec
2214 4237 2432 4294 erudite
2484 4239 2820 4292 Alemannus
2869 4255 2882 4292 :
2931 4249 2986 4292 at
3035 4255 3184 4300 vero,
3229 4249 3419 4292 contra

1834 4333 1978 4403 quod
2031 4334 2120 4388 hic
2168 4333 2466 4395 existimat,
2513 4341 2704 4385 auctor
2751 4331 3011 4386 ChrOnici
3062 4331 3420 4385 Alexandrini

1835 4427 2231 4496 amplissimum
2277 4442 2341 4480 ea
2385 4433 2707 4494 tempestate
2744 4425 2906 4494 (anno
2955 4425 3165 4477 scilicet
3222 4424 3419 4493 quinto

180 4503 559 4577 Hetaphrastes
605 4529 760 4566 num.
793 4513 850 4566 il
894 4521 1148 4574 testetur,
1177 4511 1386 4565 dictum
1419 4513 1733 4565 incendium
1773 4517 2164 4602 D.lnstiniani)
2230 4515 2398 4574 fuisse
2485 4516 2562 4567 ait
2619 4514 2997 4569 nosocomium
3066 4513 3423 4582 Sampsonis;

178 4601 443 4671 contigisse
487 4611 618 4673 post
661 4605 872 4658 obitum
909 4605 1249 4675 Sampsonis,
1291 4603 1513 4674 quando
1551 4613 1605 4657 et
1636 4601 1736 4658 So-

182 4693 301 4759 phia
324 4697 507 4752 nobile
539 4696 810 4761 templum
832 4705 1089 4750 exustum
1116 4707 1220 4761 est,
1247 4712 1310 4751 ac
1340 4700 1546 4766 pariter
1574 4707 1740 4752 testc-

182 4793 256 4836 tur
286 4787 638 4844 Marcellinus
673 4788 728 4840 in
762 4786 1057 4855 Chronico,
1096 4788 1148 4842 id
1182 4789 1479 4860 contigisse
1511 4792 1564 4845 in
1598 4805 1742 4843 tem-

184 4876 382 4939 poribus
411 4877 692 4935 Anastasii
720 4878 1107 4947 imperatoris;
1133 4879 1413 4932 concludit
1439 4879 1740 4948 prmlauda-

186 4977 256 5023 lus
302 4969 642 5034 cardinalis.
695 4972 858 5041 longe
916 4983 1044 5025 ante
1096 4972 1392 5027 Justiniani
1453 4973 1740 5042 imperium

188 5059 515 5130 Sampsonem
563 5063 718 5116 diem
758 5077 916 5121 suum
949 5062 1154 5117 obiisse
1185 5081 1199 5127 ;
1252 5071 1415 5131 atque
1448 5078 1516 5118 ex
1549 5043 1741 5117 eodem

190 5149 425 5224 Procopio
478 5155 666 5210 multo
708 5157 880 5225 magis
910 5155 1190 5225 redarguit
1223 5155 1552 5212 Cedrenum.
1614 5155 1742 5208 dum

190 5244 248 5296 ait
267 5248 624 5317 caullagrasse
647 5244 868 5302 domum
888 5247 1264 5318 Sampsoniam
1287 5261 1429 5302 anno
1446 5247 1745 5317 penultimo

192 5332 475 5392 lustiniani.

254 5431 326 5482 t5.
358 5433 459 5486 Has
485 5429 846 5484 dimeultates
885 5427 1135 5483 dissolvit
1183 5427 1442 5484 Nicolaus
1487 5429 1745 5483 Aleman-

199 5535 282 5572 nus
309 5523 357 5575 in
393 5525 540 5578 notis
587 5520 659 5576 ad
691 5539 813 5592 cap.
849 5521 882 5576 4
918 5521 1168 5578 Historia:
1213 5539 1426 5576 arcam:
1475 5522 1746 5592 Procopii.

200 5611 332 5669 Juvat
359 5635 474 5686 ejus
511 5616 686 5672 verba
719 5615 810 5669 hic
841 5625 1136 5670 annectere
1168 5632 1180 5669 :
1214 5634 1231 5666 ι
1262 5615 1441 5685 Longe
1472 5616 1748 5683 antiquio~

204 5719 292 5758 rem
322 5708 637 5766 Justiniano
665 5707 1026 5777 Sampsonem
1050 5710 1228 5761 credit
1255 5707 1550 5762 cardinalis
1587 5706 1752 5759 Baro-

208 5801 306 5858 nlus
331 5805 378 5860 in
405 5807 561 5861 Notis
589 5804 660 5861 ad
695 5802 1166 5874 Martyrologium,
1207 5815 1257 5856 et
1297 5804 1550 5859 vacillare
1594 5803 1751 5856 fidem

1838 4622 1963 4666 cum
2000 4607 2145 4662 dicat
2186 4619 2199 4658 :
2234 4625 2250 4656 ι
2281 4604 2458 4659 Ξενὼν
2492 4605 2585 4657 τοῦ
2629 4605 2868 4674 Σαμψὼν
2913 4609 2939 4657 ὀ
2974 4610 3144 4674 μέγας
3195 4605 3424 4673 ἐκαύθη,

1840 4703 1932 4755 καὶ
1976 4700 2253 4755 ἀπώλοντο
2294 4701 2341 4752 oi
2403 4702 2460 4752 ὲν
2494 4697 2640 4768 αὐτῷ
2699 4699 3047 4766 ἀνακείμενοι
3104 4699 3373 4767 ipsum):
3409 4709 3423 4724 °

1845 4791 2263 4845 Xenodochium
2337 4790 2657 4858 Sampsonis
2739 4805 2995 4858 magnum
3046 4790 3424 4860 conflagravit,

1843 4898 2062 4950 unaque
2103 4881 2317 4951 periere
2349 4883 2440 4950 qui
2480 4881 2532 4932 in
2564 4893 2631 4932 eo
2659 4889 2817 4933 erant
2849 4879 3074 4932 infirmi.
3122 4899 3138 4929 ι
3181 4880 3423 4949 Repara-

1845 4983 1960 5026 tnm
2003 4982 2184 5026 autem
2223 4980 2277 5024 et
2315 4969 2700 5023 reredilicatnm
2732 4985 2759 5022 a
2791 4969 3103 5024 Iustiniano
3155 4970 3296 5026 haud
3331 4971 3425 5023 diu

1849 5072 2036 5132 postea
2068 5063 2245 5125 stetit,
2290 5061 2560 5131 siquidem
2596 5076 2740 5115 anno
2768 5075 2950 5113 sum
2977 5061 3223 5128 ejusdem
3253 5061 3426 5130 impc-

1848 5156 2042 5208 ratoris
2076 5168 2294 5206 rursum
2339 5155 2497 5211 arsit.
2535 5161 2594 5208 ut
2630 5152 2821 5206 scribit
2862 5152 3224 5220 Theophanes
3270 5164 3324 5209 ct
3361 5170 3428 5207 ex

1847 5265 1912 5302 eo
1968 5249 2248 5302 Ccdt'cnus
2291 5264 2306 5302 :
2356 5267 2372 5297 ι
2409 5246 2499 5315 Τῴ
2549 5247 2624 5310 λζ’
2677 5249 3029 5311 ἒτειγέγονῖν
3079 5248 3427 5315 tim-optatio;

1853 5341 2058 5408 μέγας,
2109 5342 2203 5391 καὶ
2261 5338 2466 5408 ἐκαύθη
2527 5338 2748 5401 τελείως
2817 5339 2846 5390 ὁ
2895 5337 3061 5400 ξενὼν
3127 5338 3219 5390 τοῦ
3283 5328 3430 5405 Σιμ-

1847 5433 1982 5501 ψὼν.
2073 5431 2228 5486 Anno
2283 5430 2617 5501 (Justiniani)
2684 5445 2862 5484 nxvtt
2931 5429 3131 5482 factum
3201 5440 3284 5486 est
3351 5431 3430 5483 in-

1852 5526 2107 5580 cendium
2142 5539 2415 5594 magnum,
2445 5534 2498 5577 ot
2530 5519 2888 5593 conﬂagravit
2919 5525 3139 5591 penitus
3180 5524 3426 5577 xenodo-

1856 5618 2040 5670 ehinm
2087 5615 2422 5686 Sampsonis.
2465 5636 2480 5666 ι
2519 5616 2779 5680 Quamvis
2812 5624 2999 5686 postea
3041 5615 3429 5669 remditicatum

1857 5715 2093 5760 constet.

1927 5799 2012 5851 47.
2061 5798 2238 5862 Quare
2299 5797 2497 5851 frustra
2552 5796 2829 5865 redarguit
2873 5797 3079 5849 erroris
3122 5794 3431 5852 Cedrenum
