3966 6440
541 356 644 418 975

1830 349 2109 408 MENSIS
2144 350 2447 413 JUNlUS.

3669 346 3777 404 276

534 466 821 524 Baronins,
860 464 1003 533 quod
1037 465 1337 532 ponultimo
1369 462 1587 531 imperii
1624 458 1918 515 Justiniani
1963 472 2107 511 anno

2237 476 2276 529 κῃ
2298 478 2309 491 ·
2334 463 2393 512 τὸ
2421 462 2475 513 δὲ
2504 460 2751 529 λείψανον
2772 457 2937 512 αὑτοῦ
2972 456 3130 525 ἐτέθη
3168 456 3227 508 ἐν
3252 452 3329 523 τῷ
3361 455 3473 525 ναῷ
3503 453 3594 507 τοῦ
3618 455 3781 522 ἁγίου

535 558 847 612 inci-iulium
888 559 989 608 hoc
1020 558 1296 623 posuerit:
1332 570 1458 610 Cum
1492 570 1598 608 non
1644 568 1831 615 unum,
1870 550 1965 604 sed
1999 549 2103 603 du-

535 654 655 719 plex
710 652 861 704 illius
906 650 1229 702 xeuodochii
1282 660 1496 703 constet
1545 649 1711 702 fuisse
1764 645 2105 700 incendium.

537 745 671 796 Dum
715 742 877 810 igitur
918 742 1031 795 hare
1059 741 1238 792 omnia
1280 752 1425 793 recte
1458 742 1535 793 sic
1568 740 1827 808 explicari
1860 744 2106 807 possunt,

538 852 642 886 non
683 845 764 887 est
799 849 898 886 cur
931 832 1250 885 recedamus
1278 847 1307 883 a
1343 832 1726 899 Metaphraste,
1769 828 2105 900 Synaxariis,

539 926 862 993 ilcnzeisqne
900 923 1211 977 Graecorum
1236 961 1249 983 ,
1284 920 1637 988 Sampsonem
1671 920 1770 972 sub
1801 919 2109 973 Justiniano

538 1014 738 1066 vixisse
771 1011 1162 1065 asscrcntibus.
1187 1012 1359 1065 Porro
1381 1025 1503 1063 cum
1528 1010 1760 1077 primum
1783 1006 2108 1061 xcnoduchii

539 1105 685 1157 illius
735 1105 1048 1157 incendium
1086 1103 1349 1157 accidisse
1401 1119 1465 1155 ex
1502 1102 1831 1169 supradictis
1890 1107 2105 1153 constet

539 1210 682 1246 anno
714 1194 1003 1249 Iustiniani
1038 1195 1253 1262 quinto,
1284 1195 1445 1261 idque
1481 1208 1508 1245 a
1548 1193 1914 1261 Metaphraste
1953 1206 2107 1244 num.

548 1288 598 1335 ll
662 1294 782 1352 post
834 1296 1063 1337 mortem
1117 1284 1435 1354 Sampsonis
1508 1284 1756 1337 evenisse
1818 1291 2111 1345 asseratur,

544 1392 687 1428 anno
748 1375 992 1445 ejusdem
1054 1374 1398 1443 imperatoris
1438 1390 1493 1428 Ill
1526 1383 1619 1426 aut
1646 1390 1695 1425 iv
1740 1373 1813 1442 (id
1846 1380 1929 1426 est
1970 1387 2113 1425 anno

542 1469 742 1522 Christi
801 1468 902 1522 550
933 1468 1013 1522 vel
1066 1468 1190 1535 551)
1235 1467 1590 1537 Sampsonem
1629 1465 1693 1518 ad
1721 1479 1947 1535 superos
1979 1465 2115 1518 emi-

550 1574 734 1627 grasse
765 1559 1082 1611 statuimus.

623 1651 706 1704 l8.
742 1652 808 1703 At
858 1666 987 1704 vero
1034 1653 1157 1720 jure
1200 1652 1395 1706 merito
1441 1653 1773 1705 Alemannus
1803 1648 2114 1716 Metaphra-

550 1748 686 1795 stem
717 1743 898 1811 arguit
923 1744 1129 1797 erroris
1153 1744 1265 1812 (qui
1291 1758 1451 1798 error
1480 1744 1642 1797 etiam
1671 1751 1755 1795 est
1784 1741 1837 1793 in
1871 1740 2114 1809 Synaxa—

556 1834 650 1885 riis
703 1832 1032 1901 Menaeisque
1063 1834 1400 1901 Grzecorum)
1433 1833 1578 1903 quod
1614 1848 1766 1885 num.
1800 1833 1833 1885 1
1861 1832 2119 1896 Sampso—

556 1938 674 1975 nem
722 1937 749 1975 a
779 1923 1085 1991 patriarcha
1113 1924 1244 1980 C.P.
1276 1925 1456 1985 Mena,
1519 1923 1860 1979 sacerdotem
1905 1922 2125 1975 ordina-

558 2022 667 2063 tum
702 2027 823 2066 esse
856 2011 1089 2077 referat;
1126 2022 1237 2067 tum
1266 2023 1489 2083 propter
1510 2016 1750 2067 rationes
1780 2014 2035 2080 superius
2058 2010 2126 2064 ab

559 2104 857 2156 Aleinanno
887 2104 1099 2167 allatas,
1147 2113 1259 2157 tum
1295 2115 1558 2172 praeterea
1602 2104 1747 2173 quod
1780 2104 1964 2157 Menas
2010 2103 2123 2165 ille,

557 2204 849 2263 antequam
878 2196 1194 2266 dignitatem
1218 2198 1636 2268 patriarcbalem
1670 2204 2124 2265 consequeretur,

556 2285 749 2340 eodem
785 2286 1093 2341 Justiniano
1130 2288 1432 2356 imperante
1470 2288 1746 2356 praefuerit
1780 2285 2123 2340 xcnodochio

561 2376 896 2443 Sampsonis,
947 2378 1035 2431 cui
1096 2377 1360 2444 Sampson
1414 2377 1527 2445 ipse
1571 2390 1743 2443 usque
1791 2375 1919 2427 dum
1969 2374 2126 2433 vixit,

563 2468 795 2531 praefuit,
830 2478 889 2522 ut
924 2467 1091 2522 relert
1127 2465 1467 2537 Nicepliorus
1509 2466 1644 2521 C.P.
1708 2468 1760 2518 in
1800 2464 2131 2519 Patriarchis

559 2556 684 2612 C.P.
728 2575 925 2613 vocans
973 2558 1226 2613 eumdem
1305 2558 1593 2626 Ξενοδόχον
1632 2555 1724 2608 τοῦ
1767 2553 2002 2624 Σαμψών
2036 2560 2130 2607 :et

568 2651 855 2704 Liberatus
884 2651 1148 2704 diaconus
1195 2650 1263 2703 de
1311 2648 1505 2702 eodem
1553 2648 1629 2701 ait
1675 2649 1857 2717 cap.2
1902 2665 1913 2697 :
1950 2666 1966 2697 ι
2005 2647 2131 2701 Fuit

567 2744 665 2793 isus
692 2742 877 2795 Menas
904 2742 1224 2810 przepositus
1246 2739 1569 2794 xenodochii
1595 2740 1834 2809 majoris,
1859 2738 2005 2807 quod
2033 2751 2132 2788 vo-

564 2842 717 2885 catur
774 2832 1061 2902 Sampson,
1090 2846 1288 2901 genere
1328 2830 1772 2892 Alexandrinus;
1824 2847 1842 2879 ι
1886 2828 2130 2895 adeoque

566 2932 688 2991 post
725 2933 953 2975 mortem
1002 2920 1323 2989 Sampsonis
1369 2919 1544 2971 solum
1581 2916 1647 2970 ad
1685 2916 2003 2987 dignitatem
2032 2932 2129 2987 pa-

570 3012 917 3066 triarchalem
952 3021 1033 3067 est
1064 3019 1309 3066 evectus.

566 3170 718 3239 §lll.
759 3200 827 3213 η-
870 3168 1055 3225 Cultus
1119 3186 1182 3223 ea:
1234 3168 1571 3292 illicito/agna,
1628 3167 1860 3231 Menaeis,
1914 3165 2131 3235 aliisque

1308 3258 1365 3292 as
1394 3257 1457 3292 ts.

1308 3257 1457 3293 αδιιδ.

635 3372 716 3427 19.
755 3372 1001 3427 Celebris
1040 3373 1184 3441 apud
1214 3364 1434 3427 Graecos
1472 3387 1686 3442 semper
1733 3371 1837 3426 l‘uit
1874 3370 1930 3425 S.
1971 3371 2132 3424 Sam-

570 3464 757 3530 psonis
789 3464 1069 3523 memoria,
1108 3472 1295 3531 utpote
1340 3465 1495 3533 cujus
1530 3464 1844 3531 sepulcrum
1888 3462 2069 3515 statim
2104 3474 2134 3513 a

571 3567 744 3609 morte
801 3554 1079 3609 miraculis
1137 3555 1416 3619 claruerit,
1474 3566 1529 3608 et
1574 3556 1864 3606 salutarem
1926 3552 2133 3607 morbis

569 3648 876 3717 omnigenis
906 3648 1174 3715 liquorem
1204 3648 1409 3698 stillare
1442 3645 1744 3715 inceperit;
1794 3645 1937 3699 unde
1990 3646 2135 3699 illius

567 3744 763 3798 festum
820 3743 964 3791 inter
1009 3738 1335 3793 solemniora
1376 3738 1993 3805 Constantinopolitanae
2030 3737 2136 3788 Ec-

566 3834 745 3883 clesiae
774 3840 1093 3884 numeratur
1122 3832 1210 3885 :in
1250 3832 1353 3884 hoc
1379 3830 1524 3882 enim
1559 3830 1699 3882 festo
1731 3843 1760 3880 a
1792 3827 2013 3896 iudiciis
2040 3842 2134 3879 va-

569 3922 801 3976 candum
836 3936 955 3977 erat
988 3937 1161 3989 usque
1195 3922 1259 3975 ad
1290 3921 1457 3976 Ollicii
1492 3922 1663 3976 divini
1704 3922 1891 3986 finem,
1928 3930 1985 3974 ut
2008 3936 2138 3974 con-

568 4025 674 4068 stat
707 4030 771 4066 ex
802 4016 1193 4068 constitutione
1218 4015 1426 4069 novella
1453 4015 1822 4068 Emmanuelis
1851 4012 2134 4069 Commeni

568 4107 914 4175 imperatoris
944 4107 1011 4161 de
1040 4107 1212 4161 Feriis
1244 4109 1351 4161 lata
1395 4123 1538 4161 anno
1578 4108 1732 4161 1166.
1772 4106 2133 4171 Synaxarium

568 4200 910 4268 imperatoris
960 4199 1143 4252 Basilii
1190 4198 1637 4268 Porphyrogeniti
1679 4200 1732 4252 in
1786 4214 1888 4252 ms.
1925 4199 2137 4267 Cryptze

570 4291 801 4343 Verr-alae
842 4291 945 4342 hoc
992 4290 1045 4341 in
1084 4290 1176 4342 illo
1208 4290 1371 4343 habet
1404 4291 1640 4358 elogium
1676 4306 1689 4344 :
1736 4310 1754 4341 ι
1798 4289 2034 4359 Σαμψὼν
2081 4294 2137 4342 ὲν

564 4383 740 4449 ἁγίοις
783 4383 968 4452 Πατὴρ
1009 4381 1191 4449 ἡμῶν,
1238 4379 1451 4451 ὑπῆρχε
1480 4383 1577 4449 μὲν
1625 4384 1687 4433 ὲκ
1746 4382 1844 4448 τῆς
1899 4382 2135 4444 παλαιᾶς

578 4473 826 4544 Ῥώμης.
889 4474 1155 4542 συγγενὴς
1228 4472 1321 4524 τοῦ
1395 4471 1627 4541 μεγάλου
1698 4473 2127 4528 Κωνσταντίνου.

571 4565 987 4633 Παρασχόμενος
1030 4565 1127 4620 τὸν,
1158 4562 1386 4615 πλοῦτον
1423 4564 1585 4616 αὐτοῦ
1618 4565 1794 4618 πάντα
1831 4567 1942 4627 τοῖς
1983 4582 2132 4617 πτω-

568 4658 679 4724 χοῖς
712 4655 802 4705 καὶ
836 4654 1107 4722 πτωχικδς
1149 4654 1235 4705 διὰ
1265 4654 1519 4721 Χριστὸν,
1562 4655 2133 4707 Κωνσταντινούπολιν

568 4746 857 4809 κατέλαϐε,
896 4745 988 4797 καὶ
1021 4746 1132 4806 τοῖς
1179 4745 1325 4805 ναοῖς
1370 4743 1476 4795 τῶν
1521 4744 1690 4810 ἁγίων
1726 4744 2026 4812 Ιῐροφητῶν
2075 4747 2133 4797 ἐν

568 4839 747 4899 αὐτοῖς
777 4836 1209 4906 προσευχόμενος
1236 4836 1478 4889 διετέλει.
1519 4836 1777 4904 Ἡσυχίας
1813 4838 1866 4889 δὲ
1900 4837 2135 4905 λαϐόμε-

569 4947 677 4991 νος.
716 4930 810 4981 καὶ
858 4931 977 4990 ταῖς
1027 4927 1401 4988 θεοπνεύστοις
1442 4929 1683 4999 Γραφαίς
1731 4930 2133 4999 ἑμμελετὴσας,

573 5020 802 5089 φανερὸς
826 5020 1039 5087 ἐγένετο
1066 5018 1135 5070 δι’
1163 5018 1361 5087 ἀρετὴν
1397 5020 1470 5085 τῷ
1501 5022 1787 5090 ἁγιωτάτῳ
1824 5023 2132 5093 πατριάρχῃ

571 5114 751 5183 Μηνᾷ,
790 5114 885 5164 καὶ
917 5115 1304 5180 χειροτονεῖται
1345 5110 1472 5180 παρ’
1507 5112 1715 5162 ἐκείνου
1770 5114 2135 5183 πρεσϐύτερος

570 5205 667 5271 τῆς
700 5204 936 5271 μεγάλης
964 5202 1305 5271 Ἐκκλησίας.
1340 5205 1444 5255 Καὶ
1476 5203 1660 5256 λοιπὸν
1685 5199 1930 5271 ἦν).ιμὴν
1960 5206 2129 5272 σωτή-

574 5312 685 5363 ριος
727 5296 837 5354 τοῖς
886 5294 1204 5361 πενομένοις
1253 5292 1346 5345 καὶ
1398 5294 1707 5355 ἀσθενοῦσι,
1756 5297 1996 5363 μετέχων
2048 5298 2138 5346 καὶ

568 5386 761 5453 τέχνης
819 5384 1089 5452 ἰατρικῆς.
1146 5383 1491 5451 Θεραπεύσας
1543 5385 1597 5435 δὲ
1648 5385 1738 5435 καὶ
1781 5386 1867 5435 τὸν
1914 5385 2137 5454 βασιλέα

583 5476 956 5529 Ὶουστινιανὸν
1014 5477 1120 5528 άπὸ
1174 5478 1379 5539 πάθους
1440 5477 1685 5529 δυσιάτου
1741 5478 2137 5547 ἐφιλοφρονήθη

575 5572 704 5640 παρ’
728 5570 933 5621 ἐκείνου
961 5570 1027 5620 τά
1054 5569 1301 5637 μέγιστα.
1330 5571 1437 5621 Καὶ
1467 5571 1656 5633 κτίσας
1690 5570 1891 5633 ξενῶνα
1914 5573 1993 5633 εἰς
2016 5572 2138 5622 ἀνά-

576 5678 775 5714 παυσιν
807 5661 915 5711 τῶν
943 5660 1175 5730 πτωχῶν
1215 5661 1305 5712 καὶ
1346 5661 1607 5725 ἀσθενῶν,
1646 5663 1737 5713 καὶ
1782 5661 1950 5712 πολλὰ
2004 5678 2136 5713 κατ-

569 5753 863 5823 ορθώματα.
904 5753 996 5807 καὶ
1028 5751 1279 5821 θαύματα
1315 5753 1562 5821 mining,
1596 5752 1859 5823 ἐκοιμήθη
1897 5757 1949 5805 ὲν
1983 5755 2135 5823 εὲρή-

2212 557 2490 624 μάρτυρος
2514 552 2755 607 Μωκῖου.
2788 570 2807 603 ι

2278 648 2368 701 20.
2402 665 2419 696 ι
2452 646 2684 700 Sanctus
2723 646 2884 699 Pater
2921 654 3108 697 noster
3151 644 3418 711 Sampson
3448 655 3515 693 ex
3549 639 3779 706 antiqua

2209 740 2379 793 Roma
2414 737 2649 791 ducebat
2690 736 2978 804 originem,
3016 735 3191 803 Magni
3248 730 3595 787 Constantini
3643 745 3781 782 con-

2208 830 2543 899 sanguineus
2583 846 2597 882 :
2638 829 2829 883 divisis
2862 844 2991 881 vero
3035 828 3180 881 inter
3220 838 3493 893 pauperes
3520 820 3785 875 omnibus

2212 924 2324 977 suis
2349 922 2721 983 facultatibus,
2763 928 2817 975 et
2853 930 3080 989 propter
3113 917 3402 972 Christum
3438 913 3784 975 mendicans,
3820 911 3833 926 '

2212 1014 2735 1083 Constantinopolim
2755 1028 2813 1068 se
2832 1011 3057 1081 recepit,
3075 1020 3236 1079 atque
3253 1011 3303 1063 in
3326 1007 3458 1077 ipsis
3471 1014 3787 1060 sanctorum

2214 1108 2605 1175 Prophetarum
2620 1104 2871 1159 ecclesiis
2886 1100 3120 1157 orationi
3144 1100 3360 1155 assidue
3385 1097 3615 1151 vacavit.
3648 1094 3788 1149 Cum

2213 1204 2393 1249 autem
2425 1195 2692 1264 privatam
2724 1205 2779 1249 et
2803 1194 3090 1248 obscuram
3115 1199 3301 1260 ageret
3328 1190 3516 1251 vitam,
3540 1188 3794 1255 Scriptu-

2216 1301 2396 1339 rarum
2434 1284 2739 1338 divinarum
2782 1282 3122 1338 meditationi
3158 1282 3428 1342 intentus,
3482 1275 3792 1329 virtutibus

2214 1377 2351 1442 suis,
2392 1377 2736 1431 sanctissimo
2787 1374 3112 1444 patriarcha!
3166 1371 3336 1425 Mena:
3376 1368 3613 1428 enotuit,
3642 1366 3795 1419 etab

2218 1470 2335 1537 ipso
2366 1469 2651 1521 ordinatus
2671 1478 2754 1521 est
2786 1465 3043 1520 sacerdos
3081 1463 3283 1532 Magnae
3324 1460 3590 1516 ecclesiae.
3616 1458 3798 1512 Caete-

2217 1575 2335 1612 rum
2388 1567 2575 1627 portus
2624 1557 2880 1611 salutaris
2909 1564 3027 1610 erat
3062 1554 3397 1625 pauperibus
3434 1561 3489 1605 et
3535 1552 3797 1614 inﬁrmis,

2219 1650 2445 1706 scientia
2484 1650 2620 1703 artis
2651 1648 2877 1703 medica:
2917 1647 3179 1700 imbutus.
3208 1644 3345 1698 Cum
3377 1659 3509 1697 vero
3550 1644 3799 1711 impera-

2222 1754 2396 1798 torem
2428 1744 2798 1799 Justinianum
2847 1758 2876 1796 a
2920 1741 3126 1797 dillicili
3175 1740 3371 1795 morbo
3420 1748 3690 1800 sanasset,
3728 1740 3803 1791 ab

2229 1836 2333 1889 hoc
2361 1835 2590 1889 maxime
2620 1834 2993 1897 dilectusest;
3020 1833 3394 1900 aedificatoque
3428 1830 3802 1891 xcnodochio,

2229 1925 2293 1979 ad
2332 1939 2631 1994 pauperum
2666 1932 2723 1977 et
2768 1923 3108 1976 inﬁrmorum
3144 1922 3423 1983 solatium,
3454 1931 3578 1989 post
3625 1920 3804 1972 multa

2230 2028 2373 2072 recte
2410 2018 2551 2072 facta
2575 2031 2637 2070 ac
2669 2015 2948 2078 miracula,
2971 2012 3305 2068 obdormivit
3331 2012 3385 2065 in
3419 2027 3587 2081 pace;
3626 2011 3807 2079 ipsius

2231 2118 2361 2156 vero
2406 2118 2604 2174 corpus
2631 2102 2940 2172 depositum
2987 2110 3071 2155 est
3116 2101 3169 2154 in
3200 2100 3403 2169 templo
3444 2100 3499 2155 S.
3542 2102 3809 2168 martyris

2228 2195 2407 2249 Mocii.
2448 2214 2466 2247 ι

2299 2285 2387 2339 21.
2422 2284 2631 2338 Similia
2658 2283 2859 2340 habent
2888 2298 3017 2339 mss.
3047 2284 3261 2354 collegii
3289 2282 3460 2337 nostri
3505 2282 3809 2337 Divionen-

2231 2378 2306 2430 sis
2325 2386 2377 2431 et
2397 2375 2826 2439 Claromontani,
2856 2391 3001 2431 nunc
3026 2375 3289 2431 Ludovici
3318 2374 3516 2445 Magni.
3548 2372 3687 2425 Huic
3717 2372 3810 2425 in-

2231 2483 2394 2538 super
2420 2485 2655 2539 sequens
2676 2469 2893 2523 additur
2915 2468 3238 2540 dysticbon:

2315 2601 2541 2666 Ἐξῆγεν
2578 2604 2605 2652 ὁ
2646 2602 2779 2669 πρὶν
2806 2602 2869 2651 ὲκ
2900 2599 3098 2669 γνάθου
3117 2600 3355 2669 Σαμψὼν
3381 2599 3545 2669 ὕδωρ,

2312 2672 2371 2722 '0
2396 2669 2487 2721 νῦν
2512 2670 2569 2723 δὲ
2598 2668 2834 2737 Σαμψὼν
2861 2670 2922 2721 ὲκ
2954 2668 3122 2735 τάφου
3155 2668 3335 2736 βλύζει
3360 2668 3577 2735 μύρους.

2304 2785 2506 2853 Aquam
2541 2784 2679 2837 dedit
2711 2782 2932 2837 maxilla
2961 2781 3265 2853 Sampaonis
3291 2781 3473 2853 prius;

2303 2850 2607 2925 sampsonis
2639 2865 2692 2907 at
2715 2871 2849 2907 nunc
2878 2855 3026 2907 busta
3050 2851 3254 2906 stillant
3287 2850 3604 2903 balsamum.

2233 2970 2289 3021 In
2322 2968 2540 3022 Menmis
2569 2983 2697 3022 vero
2724 2968 2940 3022 excusis
2968 2966 3214 3021 OlIicium
3247 2964 3410 3019 habet
3443 2961 3731 3034 proprium
3754 2968 3814 3015 et

2234 3058 2508 3112 Canonem
2545 3059 2646 3113 sub
2696 3059 2797 3114 hac
2826 3060 3192 3114 acrostichide
3220 3072 3236 3112 :

2313 3174 2495 3244 Ὑμνῶ
2511 3193 2589 3238 σε,
2617 3176 2874 3244 Σαμψὼν,
2895 3176 3125 3237 πίστεως
3138 3175 3301 3234 θείοις
3322 3172 3519 3240 λόγοις.
3564 3170 3815 3225 ’1ΩΣΗΦ.

2302 3265 2571 3333 Sermone,
2605 3265 2885 3333 Sampson,
2924 3273 2971 3318 te
2998 3282 3149 3319 sacro
3171 3265 3297 3332 ﬁdei
3321 3280 3471 3317 cauo.
3497 3262 3720 3317 Josapu.

2230 3381 2366 3437 Cum
2410 3390 2592 3433 autem
2653 3394 2828 3434 canon
2879 3373 2969 3432 hic
3009 3378 3147 3433 nihil
3201 3377 3401 3432 habeat
3446 3376 3814 3446 particulare,

2234 3472 2339 3526 nisi
2386 3473 2530 3542 quod
2569 3473 2621 3526 in
2662 3471 2837 3541 elogio
2873 3469 3126 3535 habetur,
3155 3484 3280 3524 eum
3310 3466 3815 3537 praetermittimus.

2235 3565 2423 3636 Elogio
2451 3565 2561 3619 duo
2596 3565 2648 3618 hi
2686 3564 3097 3633 prmmittuntur
3128 3576 3318 3615 versus
3355 3578 3369 3614 :

2307 3677 2541 3743 Σαμψὼν
2584 3677 2880 3743 Ὀμὸρῤους
2911 3673 3204 3743 ὲτροποῦτο
3241 3672 3338 3743 μὲν
3370 3671 3558 3743 πάλαι,

2308 3740 2546 3814 Σαμψὼν
2579 3740 2850 3812 δὲθραύει
2880 3744 3139 3810 δαίμονας
3167 3740 3337 3811 ἄρδην
3368 3740 3508 3801 νέος.

2309 3860 2564 3929 Sampson
2602 3860 2800 3929 fugavit
2833 3858 2957 3911 olim
2988 3857 3351 3929 Homorrltaaos
3383 3854 3589 3923 quidem
3617 3867 3636 3905 :

2310 3930 2411 3985 Sed
2441 3927 2682 3985 uulnerat
2709 3948 2845 3982 nunc
2875 3930 3140 3981 da'ntonas
3168 3927 3427 3995 Sampson
3459 3936 3643 3977 novus.

2238 4047 2579 4112 Additurque
2606 4044 2769 4097 etiam
2818 4042 3097 4111 priemisso
3132 4039 3384 4108 dysticho
3420 4037 3817 4089 hexametrum

2239 4137 2404 4198 istud,
2423 4151 2489 4186 ex
2515 4149 2624 4201 quo
2654 4134 3002 4202 cognoscitur
3036 4129 3345 4197 prmcipuus
3364 4124 3681 4194 Sampsonis
3704 4124 3821 4181 hoc

2237 4227 2325 4280 die
2358 4228 2539 4279 cultus
2575 4243 2587 4277 :

2305 4337 2609 4402 Ξεινοὸόχος
2637 4332 2679 4384 δ’
2713 4334 2788 4384 ἐνί
2814 4330 2984 4384 εἰκάδι
3012 4331 3283 4404 ἑϐδομάτῃ
3304 4330 3430 4382 θάνε
3458 4326 3719 4397 Σαμψὼν.

2308 4429 2671 4482 Xenodochmn
2710 4423 2965 4493 Sampson
2998 4426 3239 4477 vicesima
3272 4424 3495 4491 septima
3537 4419 3699 4475 tollit.

2306 4566 2394 4620 22.
2447 4563 2693 4632 Elogium
2743 4577 2874 4616 vero
2940 4561 3018 4614 ita
3080 4558 3241 4611 habet
3287 4573 3300 4608 :
3346 4550 3515 4617 Οὗτος
3567 4555 3596 4606 ὀ
3653 4555 3821 4622 ἅγιος

2239 4653 2524 4729 [Σαμψὼν]
2549 4656 2757 4724 ὑπῆρχε
2801 4654 3069 4721 Ῥωμαῖος
3098 4652 3157 4702 τὸ
3187 4651 3341 4716 γένος
3366 4668 3380 4682 ·
3404 4649 3463 4712 ὃς
3484 4649 3813 4716 διασκορπι-

2240 4768 2339 4813 σας
2379 4750 2469 4800 τον
2504 4746 2932 4813 καταλειφθέντα
2973 4744 3119 4810 αὐτῷ
3167 4743 3397 4795 πλοῦτον
3432 4741 3537 4793 ὑπὸ
3567 4740 3675 4794 τῶν
3714 4758 3821 4809 γο-

2240 4844 2374 4895 νέων
2439 4843 2550 4903 τοῖς
2610 4838 2803 4904 πένησι
2854 4836 2947 4888 καὶ
2989 4838 3241 4905 πτωχοῖς,
3274 4835 3372 4903 τὴν
3420 4832 3819 4903 βασιλεύουσαν

2241 4936 2504 4987 κατέλαϐε
2534 4933 2623 4983 καὶ
2652 4933 2777 4991 τοὺς
2801 4929 3119 4998 εὐκτηρίους
3140 4929 3321 4984 οἴκους
3353 4928 3448 4979 καὶ
3478 4926 3819 4995 σεδασμὶους

2242 5024 2581 5085 καταλαϐὼν,
2603 5023 2696 5076 καὶ
2716 5019 3188 5090 ὀσιότητοςαύτῶν
3210 5020 3649 5081 καταπολαὺσας,
3670 5018 3817 5084 ἠσυ-

2241 5119 2358 5187 χίαν
2389 5115 2705 5185 λαϐόμενος,
2745 5115 2863 5173 ταῖς
2895 5109 3278 5172 θεοπνεύστοις
3319 5111 3560 5179 Γραφαῖς
3585 5111 3821 5180 ὲνετρὺ-

2241 5227 2335 5277 φα,
2375 5208 2516 5276 μόνῳ
2564 5205 2680 5274 Θεῴ
2712 5205 3081 5272 προσανέχων.
3118 5200 3291 5252 Ὅθεν
3315 5200 3608 5268 κατάδηλος
3663 5206 3823 5267 γενό-

2245 5317 2401 5367 μενος
2441 5299 2515 5365 τῷ
2546 5298 2861 5364 τιμιωτάτῳ
2896 5296 3210 5366 πατριάρχῃ
3257 5294 3436 5361 Μηνᾷ,
3484 5297 3824 5362 χειροτονεῖ-

2242 5410 2328 5442 ται
2364 5392 2450 5442 ὑπ’
2478 5387 2639 5441 αὐτοῦ
2669 5388 3058 5457 πρεσϐύτερος,
3079 5383 3156 5447 εἷς
3182 5385 3289 5436 τῶν
3312 5385 3406 5436 τοῦ
3427 5386 3627 5453 κλήρου
3658 5386 3822 5451 γενό-

2249 5483 2426 5550 μένος.
2466 5480 2573 5532 Καὶ
2604 5474 2671 5546 ἦν
2718 5476 2982 5544 σωτήριος
3021 5476 3184 5541 λιμὴν
3214 5477 3327 5536 τοῖς
3369 5473 3685 5540 πενομένοις
3720 5478 3822 5528 καὶ

2245 5574 2501 5643 χρῄζουσι
2542 5570 2789 5637 βοηθείας
2818 5584 2830 5596 ·
2879 5572 2971 5620 καὶ
2996 5570 3093 5634 τῆς
3124 5567 3369 5636 ἰατρικῆς
3395 5567 3709 5634 ἐπιστήμης
3736 5568 3820 5618 ὢν

2244 5666 2300 5715 ἐν
2328 5664 2492 5732 πείρᾳ
2516 5662 2693 5724 αὐτὸς,
2719 5662 2810 5713 καὶ
2838 5661 2925 5713 τὸν
2958 5660 3178 5729 βασιλέα
3213 5659 3581 5711 Ίουστινιανὸν
3604 5660 3820 5727 άνιάτῳ

2245 5754 2402 5807 πάθει
2436 5753 2794 5821 περιπεσόντα
2824 5750 3203 5818 ἐλευθέρωσίν.
3249 5750 3342 5801 Ἐκ
3368 5748 3559 5800 τούτου
3592 5752 3618 5801 ὁ
3657 5749 3806 5817 βασι·
