3966 6494
141 434 211 494 ΞΠ
1307 436 1488 494 VITA
1526 437 1590 495 S.
1633 435 2084 495 SAMPSONIS.
3223 442 3328 501 278

138 549 225 608 itii;
252 545 640 615 ὑπεραγασθεὶς
668 546 766 616 τὴν
797 546 995 616 ἀρετὴν
1023 544 1118 598 τοῦ
1139 547 1351 616 ἀνδρὶς,
1379 546 1473 599 καὶ⁵
1501 545 1662 606 σέϐας

1774 548 1974 602 honore
2033 546 2275 610 habens,
2332 549 2619 600 maximam
2666 556 2721 602 et
2776 548 3046 602 celebrem
3113 551 3334 608 domum

139 636 246 704 αὐτῷ
270 637 569 705 ἀπονέμων,
611 636 701 688 τὸν
734 635 990 705 μέγιστον
1019 630 1168 688 οἷκον
1198 638 1294 688 καὶ
1325 636 1653 706 περιϐόητον

1780 640 1930 706 psius
1985 655 2152 693 suasu
2197 637 2521 692 zediilcatam
2578 639 2633 692 in
2683 640 3085 694 xenodochium
3136 647 3333 700 erexit.

136 729 182 779 δι’
202 726 340 781 αὑτοῦ
363 728 674 796 ἀνεγείρας,
703 726 907 792 ξενῶνα
924 727 1319 790 κατεσκεύασε,
1350 728 1442 778 καὶ
1465 743 1655 778 σκευο-

1774 732 2016 784 ὶοηοιυιη
2049 741 2313 800 prieterea
2347 732 2671 800 supellectili
2694 748 2861 786 sacra:
2893 733 3113 802 majoris
3139 735 3332 790 Eccle-

139 819 306 883 ;iii.axa.
331 818 424 885 τῆς
460 819 720 887 Μεγάλης
760 817 1083 887 Ἐκκλησίας
1116 817 1207 869 τὸν
1241 818 1431 884 Ἀγιον
1468 816 1654 868 τοῦτον

1774 823 1851 876 ιὶω
1874 822 2135 892 pra-fecit.
2169 822 2415 876 Tandem
2447 831 2566 892 post
2606 823 2894 878 honestam
2931 825 3180 897 piamque
3206 845 3336 882 con-

139 908 436 978 χιτέστησεν.
467 909 637 970 Αὐτὸς
673 908 730 960 δὲ
769 908 947 971 καλῶς
977 909 1070 960 καὶ
1108 907 1369 974 θεοφιλῶς
1409 909 1656 959 πολιτευ-

1774 915 2146 977 rersationem,
2186 924 2475 982 postquam
2501 914 2754 982 plurimis
2773 916 2967 972 salutis
2991 927 3179 971 auctor
3201 919 3335 970 fuis-

138 1004 340 1066 οὰμενος,
372 1004 468 1052 καὶ
503 1000 721 1063 πολλοῖς
749 1001 1006 1070 πρόξενος
1039 1001 1313 1068 σωτηρίας
1343 1001 1655 1068 γενόμενος,

1774 1011 1861 1062 tet,
1896 1003 2208 1072 multosque
2267 1003 2334 1056 ad
2394 1003 2571 1056 zelum
2633 1016 2690 1057 et
2732 1004 2856 1058 vitae
2890 1022 3003 1059 sua:
3052 1008 3338 1076 inculpata

135 1094 204 1143 nl
250 1091 465 1153 πολλοὺς
516 1092 654 1160 πρὸς
709 1089 872 1160 ζῆλον
923 1092 1014 1144 καὶ
1070 1090 1302 1159 μίμησιν
1342 1090 1437 1142 τοῦ
1490 1089 1655 1142 αὑτοῦ

137 1184 412 1250 ἀκραιφνοῦς
450 1184 566 1253 βίου
589 1186 970 1251 διαναστήσας,
1000 1184 1117 1234 ἐκεῖ
1155 1182 1253 1251 μὲν
1286 1180 1654 1241 ἀνεπαύσατο,

134 1275 346 1344 κατετέθη
369 1277 426 1329 δὲ
459 1277 520 1328 τὸ
552 1277 730 1346 τιμινιν
756 1276 923 1328 αὑτοῦ
951 1275 1201 1342 λείψανον
1229 1276 1285 1326 ὲν
1309 1273 1387 1341 τῷ
1416 1272 1658 1341 μεγίστῳ

132 1369 217 1435 ut};
245 1367 324 1420 τοῦ
345 1369 503 1434 ἁγίου
538 1366 788 1431 Μωκίου,
815 1368 935 1420 καθ’
965 1368 1203 1436 ἑκάστην
1236 1365 1398 1434 βρύον
1433 1365 1660 1433 ιαματο-

132 1461 240 1525 ςόρα
271 1461 482 1528 νάματα
522 1459 599 1520 εἰς
629 1461 788 1525 δόξαν
821 1460 913 1511 καὶ
940 1454 1088 1513 αἶνον
1118 1457 1354 1528 Χριστοῦ
1396 1458 1489 1510 τοῦ
1524 1456 1660 1509 Θεοῦ

132 1563 151 1611 η
161 1568 270 1612 μων.

180 1642 250 1695 25.
311 1673 325 1690 π
371 1642 610 1700 Sanctus
639 1643 728 1698 ille
767 1643 1083 1713 (Sampson)
1108 1657 1311 1715 genere
1381 1643 1662 1696 Romanus

128 1743 235 1783 erat.
278 1730 368 1785 llic
410 1733 732 1787 distributis
779 1734 924 1789 inter
970 1747 1240 1802 pauperes
1278 1730 1508 1793 divitiis,
1543 1745 1664 1799 quae

127 1825 204 1876 sibi
246 1841 272 1878 ε
325 1827 650 1894 parentibus
704 1835 862 1881 erant
902 1826 1126 1889 relictas,
1155 1825 1226 1879 ad
1253 1826 1664 1894 imperatoriam

1762 1092 2126 1146 imitationem
2178 1095 2512 1160 excitasset,
2560 1095 2766 1148 ibidem
2831 1098 3065 1164 quievit,
3132 1098 3322 1167 pretio-

1761 1197 1989 1251 sumque
2047 1183 2220 1251 ipsius
2266 1200 2471 1254 corpus
2517 1189 2817 1254 repositum
2864 1198 2948 1242 est
2998 1190 3051 1240 in
3103 1189 3338 1240 maximo

1763 1273 1966 1340 templo
2001 1271 2064 1328 S.
2095 1272 2277 1335 Mucii,
2318 1275 2372 1326 in
2399 1274 2521 1329 dies
2551 1275 2778 1329 salutari
2807 1277 3136 1346 scaturigine
3156 1277 3338 1330 mede-

1763 1365 1869 1418 lam
1897 1364 2107 1418 morbis
2142 1364 2400 1428 aﬂ'erens,
2439 1365 2506 1419 ad
2543 1366 2762 1421 laudem
2796 1375 2852 1420 et
2881 1367 3107 1437 gloriam
3133 1367 3336 1421 Christi

1763 1463 1858 1515 Dei
1896 1461 2098 1517 nostri.
2116 1481 2134 1510 υ

1832 1553 1921 1606 24.
1956 1551 2132 1622 llujus
2157 1567 2379 1621 quoque
2426 1552 2600 1605 sancti
2648 1552 2753 1606 hoc
2783 1551 2873 1606 die
2909 1567 3107 1606 nomen
3141 1552 3338 1606 inscri-

1765 1652 1918 1711 ptum
1946 1643 2220 1711 reperitur
2251 1643 2582 1697 Kalendario
2613 1644 2837 1714 Syriaco
2885 1661 2980 1699 seu
3019 1644 3338 1704 Chaldaico,

1767 1733 1953 1788 Roma:
1983 1733 2251 1802 impresso
2281 1749 2425 1786 anno
2452 1734 2610 1796 1624,
2641 1734 2788 1802 quod
2840 1736 2968 1786 olim
3017 1751 3162 1788 anno
3210 1735 3341 1788 l66‘2

1769 1827 1960 1881 Latine
2011 1825 2252 1881 reddidit
2310 1826 2370 1880 Ι).
2402 1825 2692 1895 Iosephus,
2721 1826 2908 1880 ltalice
2951 1841 3086 1880 vero
3139 1826 3338 1895 Symon

126 1917 359 1970 civitatem
394 1917 572 1979 venit,
601 1927 768 1986 atque
799 1918 852 1970 in
879 1919 1118 1972 oratoria
1153 1927 1208 1971 et
1243 1913 1501 1970 basilicas
1539 1930 1660 1970 sese
1697 1901 1736 1952 Β
1766 1919 1997 1988 Moyses,
2027 1918 2189 1972 ambo
2219 1917 2434 1987 collegii
2464 1918 2853 1972 Maronitarum
2884 1918 3114 1973 alumni.
3171 1919 3344 1986 Hujus

127 2007 369 2075 recipiens,
395 2009 489 2077 pie
519 2009 764 2065 locorum
791 2009 1010 2063 illorum
1036 2012 1324 2062 sanctitate
1349 2009 1656 2070 fruebatur,

124 2099 459 2169 privatamque
489 2110 654 2170 atque
679 2101 966 2155 obscuram
996 2100 1203 2155 ducens
1228 2102 1417 2161 vitam,
1449 2101 1662 2153 divina-

125 2205 216 2241 rum
240 2192 644 2261 Scripturarum
681 2193 914 2248 lectione
935 2193 1180 2247 animum
1203 2192 1536 2258 oblectabat,
1558 2193 1657 2246 soli

124 2279 209 2333 Dee
233 2283 469 2339 intentus
509 2301 522 2337 :
552 2285 696 2341 unde
733 2288 986 2356 cognitus
1011 2302 1041 2341 a
1069 2286 1394 2356 dignissimo
1427 2288 1666 2357 patriar-

121 2375 196 2425 cba
223 2373 365 2430 Mena
391 2378 460 2431 ab
488 2378 684 2432 eodem
705 2380 959 2434 sacerdos
982 2379 1290 2442 ordinatur,
1317 2379 1496 2438 factus
1523 2395 1666 2434 unus

119 2485 164 2517 ινι
187 2469 338 2522 clero.
369 2470 508 2525 Erat
535 2486 667 2525 vero
697 2481 890 2539 portus
922 2472 1183 2524 salutaris
1213 2473 1554 2540 pauperibus
1580 2483 1664 2526 at-

1767 2019 2029 2078 przeterea
2083 2011 2337 2063 meminit
2400 2010 2845 2078 Martyrologium
2914 2009 3342 2078 Arabico-Egy-

1767 2101 1962 2169 ptium.
1999 2101 2143 2169 quod
2173 2117 2238 2155 ex
2259 2101 2492 2156 Arabico
2537 2103 2818 2155 transtulit
2845 2102 3032 2156 Gratia
3064 2102 3344 2158 Simonius

1768 2191 2056 2254 Maronita,
2088 2189 2438 2258 postmodum
2466 2190 2845 2260 Tripolitanus
2876 2192 2929 2244 in
2966 2191 3120 2260 Syria
3159 2191 3342 2244 arcbio

1766 2285 2078 2353 episcopus.
2113 2284 2172 2339 ln
2205 2284 2308 2339 hoc
2350 2283 2738 2356 Martyrologio
2770 2295 3094 2353 sequentem
3141 2285 3346 2337 oratio-

1769 2393 1890 2430 llelll
1939 2377 2108 2431 habet
2142 2394 2268 2431 cum
2301 2377 2359 2432 S.
2381 2377 2591 2433 Joanne
2619 2377 3064 2447 Eleemosynario
3099 2391 3348 2429 commuo

1767 2485 1891 2522 nem
1929 2487 1940 2521 :
1977 2490 1995 2520 ε
2033 2468 2331 2524 Possedisti
2392 2469 2598 2533 omnia,
2648 2484 2682 2523 ο
2741 2469 2901 2522 Pater
2951 2479 3139 2522 sancte
3187 2468 3344 2520 Sam-

119 2573 201 2624 que
234 2575 329 2630 ope
358 2561 760 2631 indigentibus.
799 2559 1048 2630 Cumque
1107 2561 1185 2614 rei
1241 2560 1466 2614 medica:
1510 2569 1659 2615 esset

117 2651 310 2713 peritus,
337 2653 518 2720 ipsum
549 2653 718 2707 etiam
746 2651 1132 2724 imperatorem
1163 2652 1532 2709 Justinianum
1559 2654 1659 2706 imo

119 2741 386 2798 medicabili
423 2746 623 2800 morbo
652 2746 990 2801 laborantem
1023 2747 1296 2801 liberavit.
1325 2745 1458 2800 inde
1482 2746 1657 2814 impe-

116 2843 236 2889 rator
270 2838 574 2894 admiratus
621 2837 727 2892 viri
785 2839 1066 2904 virtutem,
1099 2853 1335 2907 eumque
1369 2853 1566 2907 magno
1601 2839 1656 2892 in

1768 2574 1926 2626 pson,
1975 2559 2106 2612 dum
2169 2561 2222 2612 in
2282 2561 2539 2614 omnibus
2590 2560 2739 2615 fuisti
2795 2576 3016 2630 semper
3065 2561 3343 2625 assiduus,

1769 2651 1949 2703 ditans
1969 2667 2258 2720 pauperes,
2295 2652 2551 2719 ipsosque
2580 2653 2829 2716 alens,et
2857 2653 3188 2716 sublevans;
3218 2669 3348 2720 pre—

1767 2759 1890 2798 care
1938 2744 2218 2799 Christum
2261 2745 2455 2812 Deum,
2488 2754 2547 2799 ut
2573 2744 2774 2800 liberet
2799 2744 3015 2800 animas
3043 2757 3284 2800 nostras.
3319 2765 3338 2796 ι

133 3035 317 3055 ..ῃ-κ

820 3223 1048 3310 ΤΟΥ
1123 3223 1265 3310 EN
1328 3221 1694 3307 ΑΓΙΟΙΣ
1773 3221 2208 3308 ΠΑΤΡΟΣ
2264 3229 2590 3315 ΗΜΩΝ

1183 3430 2286 3637 ΣΑΜΣΩΝ

754 3736 1182 3870 ΒΙΟΣ
1287 3732 1616 3866 ΚΑΙ
1719 3735 2672 3869 ΠΟΛΙΤΕΙΑ.

593 4154 770 4328 S.
936 4157 1130 4326 P.
1262 4159 1458 4331 N.
1599 4155 2802 4336 SAMPSONIS

845 4478 1192 4593 VITA
1277 4480 1451 4589 ET
1533 4475 2555 4592 CONVERSATIO

1521 4875 1794 4933 PROLOG
1809 4875 1910 4932 US.

1853 5031 1891 5082 Ι.
1924 5031 2129 5085 Partim
2149 5030 2370 5097 quidem
2404 5043 2596 5099 magno
2626 5029 2910 5098 Sampsoni
2937 5028 3356 5098 gratitudinem.

1773 5131 1828 5175 et
1865 5123 2071 5176 cultum
2108 5122 2358 5176 debitum
2390 5121 2735 5183 exhibentes,
2772 5122 2968 5190 partim
3027 5133 3210 5171 autem
3253 5121 3354 5171 ho-

101 5219 272 5286 μέμψιν
306 5222 403 5290 τὴν
439 5220 503 5285 ἐξ
535 5215 859 5284 ἀνθρώπων
896 5214 1257 5277 ἐκκλίνοντες,
1289 5215 1368 5274 εἰς
1407 5213 1497 5265 τὸν
1528 5230 1664 5280 παρ-

1776 5216 1983 5268 minum
2025 5215 2226 5283 justam
2267 5215 2506 5268 vitantes
2551 5213 3065 5282 reprehensionem,
3109 5211 3173 5263 ad
3216 5212 3356 5263 hanc

100 5311 202 5362 όηα
245 5313 400 5379 Mde
465 5310 818 5378 καθήκαμεν
869 5306 1116 5368 ἑαυτοὺς,
1172 5307 1264 5356 καὶ
1312 5304 1402 5356 τὸν
1459 5303 1664 5355 ἐκείνου

1774 5310 2102 5363 accessimus
2157 5307 2502 5365 orationem,
2555 5315 2611 5358 et
2655 5305 2802 5357 illius
2856 5302 3154 5357 scribendae
3216 5301 3356 5354 Vita:

104 5404 432 5468 :Miﬁawat
467 5405 594 5475 βίον
632 5399 997 5468 εὐγνωμόνως
1032 5397 1366 5468 ὑπέστημεν.
1415 5396 1522 5448 Καὶ
1556 5395 1664 5456 πῶς

1774 5416 1914 5454 onus
1961 5399 2197 5453 libenter
2256 5398 2624 5464 suscepimus.
2679 5393 2970 5461 Quomodo
3018 5394 3166 5446 enim
3241 5405 3351 5444 non

103 5511 182 5560 ἰἰρ
211 5497 266 5549 οὐ
292 5499 504 5566 μέμψις
539 5494 783 5558 εῠλογος
817 5493 910 5541 καὶ
938 5489 1141 5552 δικαία,
1170 5489 1216 5540 εἰ
1245 5487 1454 5540 πολλῶν
1474 5487 1664 5554 ἑτέρων

1774 5491 1979 5559 optimo
2016 5491 2140 5560 jure
2183 5487 2736 5558 reprehenderemur,
2787 5487 2852 5548 si,
2901 5483 2995 5552 qui
3050 5482 3349 5536 multorum

105 5587 260 5656 ὶτίων,
298 5592 408 5644 τῶν
441 5589 551 5658 μὲν
584 5581 916 5656 μαρτύρων,
938 5583 1045 5633 τῶν
1077 5581 1133 5634 δὲ
1161 5583 1252 5634 καὶ
1280 5579 1453 5641 ἄλλως
1486 5579 1664 5647 εὐαρε.

1774 5579 2002 5633 aliorum
2032 5589 2372 5638 sanctorum,
2404 5588 2519 5630 tum
2554 5585 2880 5647 martyrum,
2909 5585 3023 5628 tum
3052 5575 3211 5626 aliter
3241 5573 3352 5624 Deo

110 5685 347 5744 ετηκότων
384 5681 538 5752 Θεῷ,
588 5677 708 5729 τῶν
739 5676 842 5743 μὲν
877 5672 1070 5734 ἄθλους
1100 5674 1190 5725 καὶ
1224 5673 1440 5734 πόνους,
1467 5671 1574 5722 τῶν
1621 5671 1664 5722 δὲ

1775 5671 2126 5740 placitorum,
2178 5671 2397 5726 illorum
2430 5670 2654 5738 quidem
2686 5669 2903 5722 labores
2933 5677 2987 5718 ct
3027 5666 3350 5718 certamina.

109 5773 176 5822 ut
207 5773 343 5842 βίους
373 5776 474 5829 καὶ
506 5768 760 5841 πράξεις
801 5766 944 5817 κατὰ
987 5765 1222 5834 σπουδὴν
1263 5763 1664 5832 συνταξάμενοι

1774 5763 1964 5816 hornnt
2003 5778 2134 5816 vero
2185 5763 2349 5814 vitam
2400 5771 2456 5814 et
2507 5779 2592 5816 res
2645 5773 2828 5832 gestas
2879 5762 3172 5830 diligentcr
3222 5773 3352 5808 con-

111 5880 258 5919 tumu
283 5870 343 5940 δὴ
385 5869 484 5922 τοῦ
522 5863 786 5936 μεγάλου
819 5857 1058 5926 Σαμψὼν
1089 5857 1410 5927 φαινοίμεθα
1460 5857 1664 5909 nteit-

1774 5855 2116 5923 scripsimus,
2179 5854 2324 5906 hunc
2371 5869 2624 5924 magnum
2671 5855 3025 5922 Sainpsnncm
3076 5849 3358 5902 \‘ideamur

152 5035 217 5085 A‘.
264 5033 424 5088 Ἀλλά
469 5032 593 5100 μὴν
627 5031 855 5100 χάριτος
892 5030 1052 5099 ἔργον
1101 5027 1192 5082 καὶ
1225 5028 1544 5097 θεραπείαςς
1577 5027 1677 5097 τῆς
1703 5044 1745 5100 c

101 5130 205 5189 πρδς
244 5130 332 5180 τὸν
373 5128 560 5198 μέγαν
594 5123 844 5193 Σαμψὼν
877 5120 1304 5190 ἐκπληροῦντες,
1337 5120 1452 5188 ἅμα
1481 5121 1536 5173 δὲ
1574 5121 1670 5171 καὶ
