  <div class='ocr_page' id='page_1' title='image "/cluster/home/n/w/nwhite01/storage/ocr_20150623/115/ien.35556001659887/149.png"; bbox 0 0 3966 6450; ppageno 0'>
   <div class='ocr_carea' id='block_1_1' title="bbox 594 376 700 440">
    <p class='ocr_par' dir='ltr' id='par_1_1' title="bbox 594 376 700 440">
     <span class='ocr_line' id='line_1_1' title="bbox 594 376 700 440; baseline 0.019 -2"><span class='ocrx_word' id='word_1_1' title='bbox 594 376 700 440; x_wconf 71' lang='grc'><strong>279</strong></span> 
     </span>
    </p>
   </div>
   <div class='ocr_carea' id='block_1_2' title="bbox 1889 376 2513 437">
    <p class='ocr_par' dir='ltr' id='par_1_2' title="bbox 1889 376 2513 437">
     <span class='ocr_line' id='line_1_2' title="bbox 1889 376 2513 437; baseline 0.002 -1"><span class='ocrx_word' id='word_1_2' title='bbox 1889 377 2178 437; x_wconf 77' lang='lat' dir='ltr'><strong>MENSIS</strong></span> <span class='ocrx_word' id='word_1_3' title='bbox 2206 376 2513 437; x_wconf 78' lang='lat' dir='ltr'><strong>JUNIUS.</strong></span> 
     </span>
    </p>
   </div>
   <div class='ocr_carea' id='block_1_3' title="bbox 3742 373 3845 443">
    <p class='ocr_par' dir='ltr' id='par_1_3' title="bbox 3742 373 3845 443">
     <span class='ocr_line' id='line_1_3' title="bbox 3742 373 3845 443; baseline 0.019 -6"><span class='ocrx_word' id='word_1_4' title='bbox 3742 373 3845 443; x_wconf 77' lang='lat'><strong>280</strong></span> 
     </span>
    </p>
   </div>
   <div class='ocr_carea' id='block_1_4' title="bbox 588 482 2171 558">
    <p class='ocr_par' dir='ltr' id='par_1_4' title="bbox 588 486 2171 558">
     <span class='ocr_line' id='line_1_4' title="bbox 588 486 2171 558; baseline -0.001 -16"><span class='ocrx_word' id='word_1_5' title='bbox 588 498 962 546; x_wconf 83' lang='lat' dir='ltr'><strong>contemnere,</strong></span> <span class='ocrx_word' id='word_1_6' title='bbox 1016 487 1318 554; x_wconf 65' lang='lat' dir='ltr'><strong>praesertim</strong></span> <span class='ocrx_word' id='word_1_7' title='bbox 1369 501 1494 543; x_wconf 87' lang='lat' dir='ltr'><strong>cum</strong></span> <span class='ocrx_word' id='word_1_8' title='bbox 1550 487 1595 540; x_wconf 92' lang='lat' dir='ltr'><strong>is</strong></span> <span class='ocrx_word' id='word_1_9' title='bbox 1640 486 1777 541; x_wconf 88' lang='lat' dir='ltr'><strong>adeo</strong></span> <span class='ocrx_word' id='word_1_10' title='bbox 1827 488 1986 542; x_wconf 89' lang='lat' dir='ltr'><strong>nobis</strong></span> <span class='ocrx_word' id='word_1_11' title='bbox 2041 504 2171 558; x_wconf 86' lang='lat' dir='ltr'><strong>pro-</strong></span> 
     </span>
    </p>
   </div>
   <div class='ocr_carea' id='block_1_5' title="bbox 2275 482 3842 558">
    <p class='ocr_par' dir='ltr' id='par_1_5' title="bbox 2275 482 3842 557">
     <span class='ocr_line' id='line_1_5' title="bbox 2275 482 3842 557; baseline -0.001 -16"><span class='ocrx_word' id='word_1_12' title='bbox 2275 486 2599 557; x_wconf 82' lang='grc' dir='ltr'>γωροῦντες,</span> <span class='ocrx_word' id='word_1_13' title='bbox 2636 486 2727 539; x_wconf 71' lang='grc' dir='ltr'>καὶ</span> <span class='ocrx_word' id='word_1_14' title='bbox 2760 484 2994 555; x_wconf 74' lang='grc' dir='ltr'>μάλιστα</span> <span class='ocrx_word' id='word_1_15' title='bbox 3032 482 3207 544; x_wconf 69' lang='grc' dir='ltr'>οὓτως</span> <span class='ocrx_word' id='word_1_16' title='bbox 3258 486 3544 552; x_wconf 81' lang='grc' dir='ltr'>ἐγγυτάτω</span> <span class='ocrx_word' id='word_1_17' title='bbox 3591 488 3842 555; x_wconf 74' lang='grc' dir='ltr'><strong>κειμένου</strong></span> 
     </span>
    </p>
   </div>
   <div class='ocr_carea' id='block_1_6' title="bbox 589 577 2161 649">
    <p class='ocr_par' dir='ltr' id='par_1_6' title="bbox 589 577 2161 649">
     <span class='ocr_line' id='line_1_6' title="bbox 589 577 2161 649; baseline 0.001 -18"><span class='ocrx_word' id='word_1_18' title='bbox 589 579 863 648; x_wconf 87' lang='lat' dir='ltr'><strong>pinquus,</strong></span> <span class='ocrx_word' id='word_1_19' title='bbox 914 585 970 630; x_wconf 86' lang='lat' dir='ltr'><strong>et</strong></span> <span class='ocrx_word' id='word_1_20' title='bbox 1031 577 1319 646; x_wconf 87' lang='lat' dir='ltr'><strong>sepulcro,</strong></span> <span class='ocrx_word' id='word_1_21' title='bbox 1380 577 1471 630; x_wconf 85' lang='lat' dir='ltr'><strong>ubi</strong></span> <span class='ocrx_word' id='word_1_22' title='bbox 1532 578 1801 633; x_wconf 79' lang='lat' dir='ltr'><strong>mirabilia</strong></span> <span class='ocrx_word' id='word_1_23' title='bbox 1877 589 2161 649; x_wconf 76' lang='lat' dir='ltr'><strong>operatur,</strong></span> 
     </span>
    </p>
   </div>
   <div class='ocr_carea' id='block_1_7' title="bbox 591 668 2165 740">
    <p class='ocr_par' dir='ltr' id='par_1_7' title="bbox 591 668 2165 740">
     <span class='ocr_line' id='line_1_7' title="bbox 591 668 2165 740; baseline 0.006 -23"><span class='ocrx_word' id='word_1_24' title='bbox 591 668 985 738; x_wconf 81' lang='lat' dir='ltr'><strong>propemodum</strong></span> <span class='ocrx_word' id='word_1_25' title='bbox 1033 670 1252 724; x_wconf 83' lang='lat' dir='ltr'><strong>vicinus</strong></span> <span class='ocrx_word' id='word_1_26' title='bbox 1301 670 1414 723; x_wconf 84' lang='lat' dir='ltr'><strong>sit?</strong></span> <span class='ocrx_word' id='word_1_27' title='bbox 1460 669 1613 725; x_wconf 80' lang='lat' dir='ltr'><strong>Adde</strong></span> <span class='ocrx_word' id='word_1_28' title='bbox 1660 670 1805 740; x_wconf 89' lang='lat' dir='ltr'><strong>quod</strong></span> <span class='ocrx_word' id='word_1_29' title='bbox 1851 672 2058 725; x_wconf 90' lang='lat' dir='ltr'><strong>nullum</strong></span> <span class='ocrx_word' id='word_1_30' title='bbox 2100 687 2165 727; x_wconf 80' lang='lat' dir='ltr'><strong>ex</strong></span> 
     </span>
    </p>
   </div>
   <div class='ocr_carea' id='block_1_8' title="bbox 588 760 2167 833">
    <p class='ocr_par' dir='ltr' id='par_1_8' title="bbox 588 760 2167 833">
     <span class='ocr_line' id='line_1_8' title="bbox 588 760 2167 833; baseline 0.002 -19"><span class='ocrx_word' id='word_1_31' title='bbox 588 761 678 825; x_wconf 78' lang='lat' dir='ltr'><strong>iis.</strong></span> <span class='ocrx_word' id='word_1_32' title='bbox 718 760 812 829; x_wconf 72' lang='lat' dir='ltr'><strong>Qui</strong></span> <span class='ocrx_word' id='word_1_33' title='bbox 848 776 949 814; x_wconf 88' lang='lat' dir='ltr'><strong>nos</strong></span> <span class='ocrx_word' id='word_1_34' title='bbox 981 771 1400 830; x_wconf 62' lang='lat' dir='ltr'><strong>praecesserunt,</strong></span> <span class='ocrx_word' id='word_1_35' title='bbox 1453 763 1846 827; x_wconf 88' lang='lat' dir='ltr'><strong>invenerimus,</strong></span> <span class='ocrx_word' id='word_1_36' title='bbox 1876 765 1967 833; x_wconf 87' lang='lat' dir='ltr'><strong>qui</strong></span> <span class='ocrx_word' id='word_1_37' title='bbox 1998 764 2167 818; x_wconf 75' lang='lat' dir='ltr'><strong>fuerit</strong></span> 
     </span>
    </p>
   </div>
   <div class='ocr_carea' id='block_1_9' title="bbox 588 852 2167 923">
    <p class='ocr_par' dir='ltr' id='par_1_9' title="bbox 588 852 2167 923">
     <span class='ocr_line' id='line_1_9' title="bbox 588 852 2167 923; baseline 0.004 -20"><span class='ocrx_word' id='word_1_38' title='bbox 588 852 854 920; x_wconf 82' lang='lat' dir='ltr'><strong>ejusdem,</strong></span> <span class='ocrx_word' id='word_1_39' title='bbox 890 852 1051 921; x_wconf 87' lang='lat' dir='ltr'><strong>cujus</strong></span> <span class='ocrx_word' id='word_1_40' title='bbox 1080 866 1187 907; x_wconf 85' lang='lat' dir='ltr'><strong>nos</strong></span> <span class='ocrx_word' id='word_1_41' title='bbox 1213 852 1401 919; x_wconf 89' lang='lat' dir='ltr'><strong>animi,</strong></span> <span class='ocrx_word' id='word_1_42' title='bbox 1448 864 1506 911; x_wconf 89' lang='lat' dir='ltr'><strong>et</strong></span> <span class='ocrx_word' id='word_1_43' title='bbox 1544 854 1723 907; x_wconf 81' lang='lat' dir='ltr'><strong>Vitam</strong></span> <span class='ocrx_word' id='word_1_44' title='bbox 1769 855 1919 908; x_wconf 90' lang='lat' dir='ltr'><strong>illius</strong></span> <span class='ocrx_word' id='word_1_45' title='bbox 1947 856 2167 923; x_wconf 77' lang='lat' dir='ltr'><strong>scriptis</strong></span> 
     </span>
    </p>
   </div>
   <div class='ocr_carea' id='block_1_10' title="bbox 584 942 2167 1013">
    <p class='ocr_par' dir='ltr' id='par_1_10' title="bbox 584 942 2167 1013">
     <span class='ocr_line' id='line_1_10' title="bbox 584 942 2167 1013; baseline 0.001 -18"><span class='ocrx_word' id='word_1_46' title='bbox 584 953 777 1000; x_wconf 67' lang='lat' dir='ltr'><strong>exacte</strong></span> <span class='ocrx_word' id='word_1_47' title='bbox 829 943 1195 996; x_wconf 90' lang='lat' dir='ltr'><strong>mandaverit.</strong></span> <span class='ocrx_word' id='word_1_48' title='bbox 1243 942 1363 997; x_wconf 86' lang='lat' dir='ltr'><strong>Non</strong></span> <span class='ocrx_word' id='word_1_49' title='bbox 1393 942 1616 1013; x_wconf 87' lang='lat' dir='ltr'><strong>quidem</strong></span> <span class='ocrx_word' id='word_1_50' title='bbox 1660 960 1744 998; x_wconf 88' lang='lat' dir='ltr'><strong>me</strong></span> <span class='ocrx_word' id='word_1_51' title='bbox 1788 944 1943 1006; x_wconf 86' lang='lat' dir='ltr'><strong>latet,</strong></span> <span class='ocrx_word' id='word_1_52' title='bbox 1981 960 2010 998; x_wconf 91' lang='lat' dir='ltr'><strong>a</strong></span> <span class='ocrx_word' id='word_1_53' title='bbox 2054 944 2167 997; x_wconf 73' lang='lat' dir='ltr'><strong>viro</strong></span> 
     </span>
    </p>
   </div>
   <div class='ocr_carea' id='block_1_11' title="bbox 593 1032 2165 1105">
    <p class='ocr_par' dir='ltr' id='par_1_11' title="bbox 593 1032 2165 1105">
     <span class='ocr_line' id='line_1_11' title="bbox 593 1032 2165 1105; baseline 0.002 -20"><span class='ocrx_word' id='word_1_54' title='bbox 593 1034 681 1100; x_wconf 85' lang='lat' dir='ltr'><strong>pio</strong></span> <span class='ocrx_word' id='word_1_55' title='bbox 731 1045 787 1089; x_wconf 80' lang='lat' dir='ltr'><strong>et</strong></span> <span class='ocrx_word' id='word_1_56' title='bbox 835 1032 1116 1103; x_wconf 82' lang='lat' dir='ltr'><strong>pontiﬁce,</strong></span> <span class='ocrx_word' id='word_1_57' title='bbox 1165 1044 1223 1089; x_wconf 91' lang='lat' dir='ltr'><strong>et</strong></span> <span class='ocrx_word' id='word_1_58' title='bbox 1272 1050 1383 1088; x_wconf 91' lang='lat' dir='ltr'><strong>non</strong></span> <span class='ocrx_word' id='word_1_59' title='bbox 1436 1051 1628 1105; x_wconf 86' lang='lat' dir='ltr'><strong>parum</strong></span> <span class='ocrx_word' id='word_1_60' title='bbox 1681 1036 1930 1099; x_wconf 86' lang='lat' dir='ltr'><strong>erudito,</strong></span> <span class='ocrx_word' id='word_1_61' title='bbox 1983 1036 2165 1104; x_wconf 78' lang='lat' dir='ltr'><strong>magni</strong></span> 
     </span>
    </p>
   </div>
   <div class='ocr_carea' id='block_1_12' title="bbox 589 1124 2169 1194">
    <p class='ocr_par' dir='ltr' id='par_1_12' title="bbox 589 1124 2169 1194">
     <span class='ocr_line' id='line_1_12' title="bbox 589 1124 2169 1194; baseline 0.001 -17"><span class='ocrx_word' id='word_1_62' title='bbox 589 1125 908 1192; x_wconf 82' lang='lat' dir='ltr'><strong>Sampsonis</strong></span> <span class='ocrx_word' id='word_1_63' title='bbox 981 1125 1345 1193; x_wconf 87' lang='lat' dir='ltr'><strong>compositqu</strong></span> <span class='ocrx_word' id='word_1_64' title='bbox 1422 1124 1591 1178; x_wconf 81' lang='lat' dir='ltr'><strong>fuisse</strong></span> <span class='ocrx_word' id='word_1_65' title='bbox 1648 1126 1985 1179; x_wconf 81' lang='lat' dir='ltr'><strong>encomium.</strong></span> <span class='ocrx_word' id='word_1_66' title='bbox 2055 1125 2169 1194; x_wconf 79' lang='lat' dir='ltr'><strong>Ego</strong></span> 
     </span>
    </p>
   </div>
   <div class='ocr_carea' id='block_1_13' title="bbox 586 1216 2165 1286">
    <p class='ocr_par' dir='ltr' id='par_1_13' title="bbox 586 1216 2165 1286">
     <span class='ocr_line' id='line_1_13' title="bbox 586 1216 2165 1286; baseline 0 -17"><span class='ocrx_word' id='word_1_67' title='bbox 586 1226 766 1269; x_wconf 85' lang='lat' dir='ltr'><strong>autem</strong></span> <span class='ocrx_word' id='word_1_68' title='bbox 797 1216 868 1270; x_wconf 87' lang='lat' dir='ltr'><strong>de</strong></span> <span class='ocrx_word' id='word_1_69' title='bbox 908 1217 1028 1271; x_wconf 70' lang='lat' dir='ltr'><strong>Vita</strong></span> <span class='ocrx_word' id='word_1_70' title='bbox 1060 1217 1260 1286; x_wconf 86' lang='lat' dir='ltr'><strong>loquor</strong></span> <span class='ocrx_word' id='word_1_71' title='bbox 1285 1217 1549 1270; x_wconf 85' lang='lat' dir='ltr'><strong>distincte</strong></span> <span class='ocrx_word' id='word_1_72' title='bbox 1583 1218 1911 1285; x_wconf 74' lang='lat' dir='ltr'><strong>composita,</strong></span> <span class='ocrx_word' id='word_1_73' title='bbox 1956 1232 2079 1286; x_wconf 63' lang='lat' dir='ltr'><strong>quae</strong></span> <span class='ocrx_word' id='word_1_74' title='bbox 2110 1226 2165 1270; x_wconf 82' lang='lat' dir='ltr'><strong>et</strong></span> 
     </span>
    </p>
   </div>
   <div class='ocr_carea' id='block_1_14' title="bbox 588 1307 2166 1377">
    <p class='ocr_par' dir='ltr' id='par_1_14' title="bbox 588 1307 2166 1377">
     <span class='ocr_line' id='line_1_14' title="bbox 588 1307 2166 1377; baseline 0.001 -18"><span class='ocrx_word' id='word_1_75' title='bbox 588 1325 673 1361; x_wconf 86' lang='lat' dir='ltr'><strong>res</strong></span> <span class='ocrx_word' id='word_1_76' title='bbox 708 1307 779 1362; x_wconf 86' lang='lat' dir='ltr'><strong>ab</strong></span> <span class='ocrx_word' id='word_1_77' title='bbox 810 1309 901 1363; x_wconf 87' lang='lat' dir='ltr'><strong>illo</strong></span> <span class='ocrx_word' id='word_1_78' title='bbox 937 1310 1197 1377; x_wconf 67' lang='lat' dir='ltr'><strong>praeclare</strong></span> <span class='ocrx_word' id='word_1_79' title='bbox 1234 1319 1413 1377; x_wconf 81' lang='lat' dir='ltr'><strong>gestas</strong></span> <span class='ocrx_word' id='word_1_80' title='bbox 1439 1318 1698 1363; x_wconf 79' lang='lat' dir='ltr'><strong>accurate</strong></span> <span class='ocrx_word' id='word_1_81' title='bbox 1732 1319 1950 1373; x_wconf 81' lang='lat' dir='ltr'><strong>tractet,</strong></span> <span class='ocrx_word' id='word_1_82' title='bbox 1974 1318 2031 1363; x_wconf 90' lang='lat' dir='ltr'><strong>et</strong></span> <span class='ocrx_word' id='word_1_83' title='bbox 2063 1309 2166 1362; x_wconf 89' lang='lat' dir='ltr'><strong>mi-</strong></span> 
     </span>
    </p>
   </div>
   <div class='ocr_carea' id='block_1_15' title="bbox 586 1397 2161 1466">
    <p class='ocr_par' dir='ltr' id='par_1_15' title="bbox 586 1397 2161 1466">
     <span class='ocr_line' id='line_1_15' title="bbox 586 1397 2161 1466; baseline -0.001 -15"><span class='ocrx_word' id='word_1_84' title='bbox 586 1398 900 1453; x_wconf 81' lang='lat' dir='ltr'><strong>raculorum</strong></span> <span class='ocrx_word' id='word_1_85' title='bbox 969 1398 1092 1466; x_wconf 82' lang='lat' dir='ltr'><strong>ejus</strong></span> <span class='ocrx_word' id='word_1_86' title='bbox 1148 1399 1480 1453; x_wconf 86' lang='lat' dir='ltr'><strong>mentionem</strong></span> <span class='ocrx_word' id='word_1_87' title='bbox 1535 1397 1699 1453; x_wconf 79' lang='lat' dir='ltr'><strong>faciat</strong></span> <span class='ocrx_word' id='word_1_88' title='bbox 1779 1399 2161 1453; x_wconf 80' lang='lat' dir='ltr'><strong>suﬂieientcm.</strong></span> 
     </span>
    </p>
   </div>
   <div class='ocr_carea' id='block_1_16' title="bbox 589 1489 2166 1559">
    <p class='ocr_par' dir='ltr' id='par_1_16' title="bbox 589 1489 2166 1559">
     <span class='ocr_line' id='line_1_16' title="bbox 589 1489 2166 1559; baseline 0.002 -18"><span class='ocrx_word' id='word_1_89' title='bbox 589 1489 701 1543; x_wconf 87' lang='lat' dir='ltr'><strong>Hoc</strong></span> <span class='ocrx_word' id='word_1_90' title='bbox 748 1490 894 1542; x_wconf 89' lang='lat' dir='ltr'><strong>enim</strong></span> <span class='ocrx_word' id='word_1_91' title='bbox 949 1489 1042 1559; x_wconf 89' lang='lat' dir='ltr'><strong>qui</strong></span> <span class='ocrx_word' id='word_1_92' title='bbox 1090 1490 1467 1558; x_wconf 77' lang='lat' dir='ltr'><strong>praestiterint,</strong></span> <span class='ocrx_word' id='word_1_93' title='bbox 1522 1491 1574 1542; x_wconf 94' lang='lat' dir='ltr'><strong>in</strong></span> <span class='ocrx_word' id='word_1_94' title='bbox 1624 1490 1952 1544; x_wconf 86' lang='lat' dir='ltr'><strong>hodiernum</strong></span> <span class='ocrx_word' id='word_1_95' title='bbox 1992 1503 2166 1559; x_wconf 86' lang='lat' dir='ltr'><strong>usque</strong></span> 
     </span>
    </p>
   </div>
   <div class='ocr_carea' id='block_1_17' title="bbox 584 1580 2165 1651">
    <p class='ocr_par' dir='ltr' id='par_1_17' title="bbox 584 1580 2165 1651">
     <span class='ocr_line' id='line_1_17' title="bbox 584 1580 2165 1651; baseline 0.003 -19"><span class='ocrx_word' id='word_1_96' title='bbox 584 1580 749 1643; x_wconf 67' lang='lat' dir='ltr'><strong>diem,</strong></span> <span class='ocrx_word' id='word_1_97' title='bbox 788 1597 966 1648; x_wconf 89' lang='lat' dir='ltr'><strong>neque</strong></span> <span class='ocrx_word' id='word_1_98' title='bbox 1004 1582 1143 1635; x_wconf 91' lang='lat' dir='ltr'><strong>alios</strong></span> <span class='ocrx_word' id='word_1_99' title='bbox 1182 1582 1459 1642; x_wconf 83' lang='lat' dir='ltr'><strong>novimus,</strong></span> <span class='ocrx_word' id='word_1_100' title='bbox 1522 1596 1701 1651; x_wconf 88' lang='lat' dir='ltr'><strong>neque</strong></span> <span class='ocrx_word' id='word_1_101' title='bbox 1747 1598 1848 1636; x_wconf 88' lang='lat' dir='ltr'><strong>nos</strong></span> <span class='ocrx_word' id='word_1_102' title='bbox 1904 1591 2165 1651; x_wconf 59' lang='lat' dir='ltr'><strong>priestare</strong></span> 
     </span>
    </p>
   </div>
   <div class='ocr_carea' id='block_1_18' title="bbox 588 1671 2163 1740">
    <p class='ocr_par' dir='ltr' id='par_1_18' title="bbox 588 1671 2163 1740">
     <span class='ocr_line' id='line_1_18' title="bbox 588 1671 2163 1740; baseline 0.003 -17"><span class='ocrx_word' id='word_1_103' title='bbox 588 1686 899 1736; x_wconf 79' lang='lat' dir='ltr'><strong>possumus,</strong></span> <span class='ocrx_word' id='word_1_104' title='bbox 937 1672 1030 1740; x_wconf 90' lang='lat' dir='ltr'><strong>qui</strong></span> <span class='ocrx_word' id='word_1_105' title='bbox 1061 1671 1130 1725; x_wconf 88' lang='lat' dir='ltr'><strong>ab</strong></span> <span class='ocrx_word' id='word_1_106' title='bbox 1179 1671 1287 1725; x_wconf 90' lang='lat' dir='ltr'><strong>illis</strong></span> <span class='ocrx_word' id='word_1_107' title='bbox 1313 1671 1655 1740; x_wconf 84' lang='lat' dir='ltr'><strong>temporibus</strong></span> <span class='ocrx_word' id='word_1_108' title='bbox 1694 1686 1883 1727; x_wconf 88' lang='lat' dir='ltr'><strong>sumus</strong></span> <span class='ocrx_word' id='word_1_109' title='bbox 1931 1672 2163 1728; x_wconf 88' lang='lat' dir='ltr'><strong>multum</strong></span> 
     </span>
    </p>
   </div>
   <div class='ocr_carea' id='block_1_19' title="bbox 587 1764 2160 1835">
    <p class='ocr_par' dir='ltr' id='par_1_19' title="bbox 587 1764 2160 1835">
     <span class='ocr_line' id='line_1_19' title="bbox 587 1764 2160 1835; baseline 0.003 -21"><span class='ocrx_word' id='word_1_110' title='bbox 587 1764 817 1826; x_wconf 85' lang='lat' dir='ltr'><strong>remoti;</strong></span> <span class='ocrx_word' id='word_1_111' title='bbox 858 1778 1033 1832; x_wconf 87' lang='lat' dir='ltr'><strong>neque</strong></span> <span class='ocrx_word' id='word_1_112' title='bbox 1065 1779 1357 1833; x_wconf 89' lang='lat' dir='ltr'><strong>possumus</strong></span> <span class='ocrx_word' id='word_1_113' title='bbox 1385 1766 1507 1833; x_wconf 83' lang='lat' dir='ltr'><strong>ejus</strong></span> <span class='ocrx_word' id='word_1_114' title='bbox 1540 1769 1708 1818; x_wconf 85' lang='lat' dir='ltr'><strong>vitam</strong></span> <span class='ocrx_word' id='word_1_115' title='bbox 1747 1766 1986 1834; x_wconf 79' lang='lat' dir='ltr'><strong>perfecte</strong></span> <span class='ocrx_word' id='word_1_116' title='bbox 2030 1782 2160 1835; x_wconf 87' lang='lat' dir='ltr'><strong>pro-</strong></span> 
     </span>
    </p>
   </div>
   <div class='ocr_carea' id='block_1_20' title="bbox 2276 574 3845 645">
    <p class='ocr_par' dir='ltr' id='par_1_20' title="bbox 2276 574 3845 645">
     <span class='ocr_line' id='line_1_20' title="bbox 2276 574 3845 645; baseline -0.001 -16"><span class='ocrx_word' id='word_1_117' title='bbox 2276 579 2369 630; x_wconf 72' lang='grc' dir='ltr'>καὶ</span> <span class='ocrx_word' id='word_1_118' title='bbox 2403 579 2525 631; x_wconf 82' lang='grc' dir='ltr'>ὅσον</span> <span class='ocrx_word' id='word_1_119' title='bbox 2551 576 2659 630; x_wconf 78' lang='grc' dir='ltr'><strong>ἀπὸ</strong></span> <span class='ocrx_word' id='word_1_120' title='bbox 2682 576 2777 631; x_wconf 87' lang='grc' dir='ltr'><strong>τοῦ</strong></span> <span class='ocrx_word' id='word_1_121' title='bbox 2804 574 3231 645; x_wconf 77' lang='grc' dir='ltr'>παραδοξοποιοῦ</span> <span class='ocrx_word' id='word_1_122' title='bbox 3266 578 3435 644; x_wconf 80' lang='grc' dir='ltr'>τάφου</span> <span class='ocrx_word' id='word_1_123' title='bbox 3479 576 3845 644; x_wconf 86' lang='grc' dir='ltr'>γειτονοῦντος</span> 
     </span>
    </p>
   </div>
   <div class='ocr_carea' id='block_1_21' title="bbox 2274 667 3845 739">
    <p class='ocr_par' dir='ltr' id='par_1_21' title="bbox 2274 667 3845 739">
     <span class='ocr_line' id='line_1_21' title="bbox 2274 667 3845 739; baseline -0.003 -17"><span class='ocrx_word' id='word_1_124' title='bbox 2274 672 2435 739; x_wconf 75' lang='grc' dir='ltr'>ὴμῐνς</span> <span class='ocrx_word' id='word_1_125' title='bbox 2492 668 2587 723; x_wconf 82' lang='grc' dir='ltr'>καὶ</span> <span class='ocrx_word' id='word_1_126' title='bbox 2635 667 2832 731; x_wconf 88' lang='grc' dir='ltr'>ταῦτα,</span> <span class='ocrx_word' id='word_1_127' title='bbox 2876 667 3080 737; x_wconf 85' lang='grc' dir='ltr'>μηδένα</span> <span class='ocrx_word' id='word_1_128' title='bbox 3122 668 3231 721; x_wconf 86' lang='grc' dir='ltr'><strong>τῶν</strong></span> <span class='ocrx_word' id='word_1_129' title='bbox 3268 668 3374 737; x_wconf 66' lang='grc' dir='ltr'><strong>πρὸ</strong></span> <span class='ocrx_word' id='word_1_130' title='bbox 3404 668 3561 736; x_wconf 78' lang='grc' dir='ltr'>ἡμῶν</span> <span class='ocrx_word' id='word_1_131' title='bbox 3598 669 3845 737; x_wconf 73' lang='grc' dir='ltr'><strong>εὑρόντες</strong></span> 
     </span>
    </p>
   </div>
   <div class='ocr_carea' id='block_1_22' title="bbox 2272 759 3843 830">
    <p class='ocr_par' dir='ltr' id='par_1_22' title="bbox 2272 759 3843 830">
     <span class='ocr_line' id='line_1_22' title="bbox 2272 759 3843 830; baseline -0.003 -15"><span class='ocrx_word' id='word_1_132' title='bbox 2272 762 2373 829; x_wconf 72' lang='grc' dir='ltr'>τῆς</span> <span class='ocrx_word' id='word_1_133' title='bbox 2409 761 2573 830; x_wconf 83' lang='grc' dir='ltr'>αὐτῆς</span> <span class='ocrx_word' id='word_1_134' title='bbox 2611 762 2744 829; x_wconf 77' lang='grc' dir='ltr'><strong>ἡμῖν</strong></span> <span class='ocrx_word' id='word_1_135' title='bbox 2776 760 3066 827; x_wconf 88' lang='grc' dir='ltr'>γενόμενον</span> <span class='ocrx_word' id='word_1_136' title='bbox 3094 760 3353 822; x_wconf 81' lang='grc' dir='ltr'>διανοίας,</span> <span class='ocrx_word' id='word_1_137' title='bbox 3391 759 3487 811; x_wconf 72' lang='grc' dir='ltr'>καὶ</span> <span class='ocrx_word' id='word_1_138' title='bbox 3513 759 3606 812; x_wconf 84' lang='grc' dir='ltr'>τὸν</span> <span class='ocrx_word' id='word_1_139' title='bbox 3634 760 3843 812; x_wconf 87' lang='grc' dir='ltr'>ἐκείνου</span> 
     </span>
    </p>
   </div>
   <div class='ocr_carea' id='block_1_23' title="bbox 2275 844 3845 920">
    <p class='ocr_par' dir='ltr' id='par_1_23' title="bbox 2275 844 3845 920">
     <span class='ocr_line' id='line_1_23' title="bbox 2275 844 3845 920; baseline -0.001 -18"><span class='ocrx_word' id='word_1_140' title='bbox 2275 850 2390 920; x_wconf 82' lang='grc' dir='ltr'>βίον</span> <span class='ocrx_word' id='word_1_141' title='bbox 2447 847 2905 919; x_wconf 72' lang='grc' dir='ltr'><strong>συγγραψάμενον</strong></span> <span class='ocrx_word' id='word_1_142' title='bbox 2943 846 3266 913; x_wconf 82' lang='grc' dir='ltr'>φιλοπόνως.</span> <span class='ocrx_word' id='word_1_143' title='bbox 3294 844 3404 899; x_wconf 79' lang='grc' dir='ltr'>Καί</span> <span class='ocrx_word' id='word_1_144' title='bbox 3436 864 3502 915; x_wconf 87' lang='grc' dir='ltr'><strong>με</strong></span> <span class='ocrx_word' id='word_1_145' title='bbox 3547 847 3607 899; x_wconf 82' lang='grc' dir='ltr'>οὐ</span> <span class='ocrx_word' id='word_1_146' title='bbox 3660 846 3845 917; x_wconf 79' lang='grc' dir='ltr'>λέληθε</span> 
     </span>
    </p>
   </div>
   <div class='ocr_carea' id='block_1_24' title="bbox 2272 939 3858 1009">
    <p class='ocr_par' dir='ltr' id='par_1_24' title="bbox 2272 939 3858 1009">
     <span class='ocr_line' id='line_1_24' title="bbox 2272 939 3858 1009; baseline -0.002 -13"><span class='ocrx_word' id='word_1_147' title='bbox 2272 944 2333 996; x_wconf 75' lang='grc' dir='ltr'><strong>τδ</strong></span> <span class='ocrx_word' id='word_1_148' title='bbox 2368 940 2463 996; x_wconf 85' lang='grc' dir='ltr'><strong>τοῦ</strong></span> <span class='ocrx_word' id='word_1_149' title='bbox 2510 939 2794 1007; x_wconf 80' lang='grc' dir='ltr'>θεοφιλοῦς</span> <span class='ocrx_word' id='word_1_150' title='bbox 2836 939 3028 1008; x_wconf 80' lang='grc' dir='ltr'>ἀνδρὸς</span> <span class='ocrx_word' id='word_1_151' title='bbox 3071 941 3165 991; x_wconf 75' lang='grc' dir='ltr'>καὶ</span> <span class='ocrx_word' id='word_1_152' title='bbox 3217 939 3539 1009; x_wconf 80' lang='grc' dir='ltr'><strong>ἀρχιερέως,</strong></span> <span class='ocrx_word' id='word_1_153' title='bbox 3596 940 3731 993; x_wconf 73' lang='grc' dir='ltr'>ἀλλὰ</span> <span class='ocrx_word' id='word_1_154' title='bbox 3757 943 3858 994; x_wconf 69' lang='grc' dir='ltr'><strong>και</strong></span> 
     </span>
    </p>
   </div>
   <div class='ocr_carea' id='block_1_25' title="bbox 2279 1030 3847 1104">
    <p class='ocr_par' dir='ltr' id='par_1_25' title="bbox 2279 1030 3847 1104">
     <span class='ocr_line' id='line_1_25' title="bbox 2279 1030 3847 1104; baseline -0.002 -16"><span class='ocrx_word' id='word_1_155' title='bbox 2279 1035 2526 1095; x_wconf 83' lang='grc' dir='ltr'>παιδείας</span> <span class='ocrx_word' id='word_1_156' title='bbox 2555 1034 2617 1087; x_wconf 77' lang='grc' dir='ltr'><strong>σύ</strong></span> <span class='ocrx_word' id='word_1_157' title='bbox 2652 1030 2896 1104; x_wconf 70' lang='grc' dir='ltr'>[μικρὸν]</span> <span class='ocrx_word' id='word_1_158' title='bbox 2932 1030 3164 1098; x_wconf 71' lang='grc' dir='ltr'>ἔχοντος,</span> <span class='ocrx_word' id='word_1_159' title='bbox 3188 1034 3267 1093; x_wconf 86' lang='grc' dir='ltr'><strong>είς</strong></span> <span class='ocrx_word' id='word_1_160' title='bbox 3310 1031 3405 1084; x_wconf 81' lang='grc' dir='ltr'><strong>τὸν</strong></span> <span class='ocrx_word' id='word_1_161' title='bbox 3434 1032 3628 1099; x_wconf 80' lang='grc' dir='ltr'><strong>Μέγαν</strong></span> <span class='ocrx_word' id='word_1_162' title='bbox 3661 1049 3847 1086; x_wconf 84' lang='grc' dir='ltr'>συντε-</span> 
     </span>
    </p>
   </div>
   <div class='ocr_carea' id='block_1_26' title="bbox 2278 1120 3847 1195">
    <p class='ocr_par' dir='ltr' id='par_1_26' title="bbox 2278 1120 3847 1195">
     <span class='ocr_line' id='line_1_26' title="bbox 2278 1120 3847 1195; baseline -0.003 -15"><span class='ocrx_word' id='word_1_163' title='bbox 2278 1127 2367 1181; x_wconf 77' lang='grc' dir='ltr'><strong>θέν</strong></span> <span class='ocrx_word' id='word_1_164' title='bbox 2397 1125 2674 1195; x_wconf 79' lang='grc' dir='ltr'>ἐγκώμιον</span> <span class='ocrx_word' id='word_1_165' title='bbox 2703 1135 2727 1156; x_wconf 84' lang='grc'>⁶</span> <span class='ocrx_word' id='word_1_166' title='bbox 2770 1124 2881 1193; x_wconf 86' lang='grc' dir='ltr'>ἐγὼ</span> <span class='ocrx_word' id='word_1_167' title='bbox 2911 1122 2965 1175; x_wconf 78' lang='grc' dir='ltr'><strong>δέ</strong></span> <span class='ocrx_word' id='word_1_168' title='bbox 3001 1122 3115 1190; x_wconf 84' lang='grc' dir='ltr'>βίον</span> <span class='ocrx_word' id='word_1_169' title='bbox 3140 1120 3302 1189; x_wconf 85' lang='grc' dir='ltr'>λέγω,</span> <span class='ocrx_word' id='word_1_170' title='bbox 3336 1125 3481 1175; x_wconf 79' lang='grc' dir='ltr'>κατὰ</span> <span class='ocrx_word' id='word_1_171' title='bbox 3521 1123 3688 1193; x_wconf 73' lang='grc' dir='ltr'>μέρος</span> <span class='ocrx_word' id='word_1_172' title='bbox 3724 1140 3847 1175; x_wconf 84' lang='grc' dir='ltr'>συν-</span> 
     </span>
    </p>
   </div>
   <div class='ocr_carea' id='block_1_27' title="bbox 2273 1214 3849 1287">
    <p class='ocr_par' dir='ltr' id='par_1_27' title="bbox 2273 1214 3849 1287">
     <span class='ocr_line' id='line_1_27' title="bbox 2273 1214 3849 1287; baseline -0.001 -17"><span class='ocrx_word' id='word_1_173' title='bbox 2273 1219 2626 1287; x_wconf 79' lang='grc' dir='ltr'><strong>τεταγμένον,</strong></span> <span class='ocrx_word' id='word_1_174' title='bbox 2684 1218 2779 1270; x_wconf 85' lang='grc' dir='ltr'>καὶ</span> <span class='ocrx_word' id='word_1_175' title='bbox 2826 1214 2896 1268; x_wconf 78' lang='grc' dir='ltr'><strong>τά</strong></span> <span class='ocrx_word' id='word_1_176' title='bbox 2950 1216 3160 1268; x_wconf 80' lang='grc' dir='ltr'>ἐκείνου</span> <span class='ocrx_word' id='word_1_177' title='bbox 3210 1214 3653 1282; x_wconf 73' lang='grc' dir='ltr'>διαλαμϐάνοντα</span> <span class='ocrx_word' id='word_1_178' title='bbox 3716 1215 3849 1281; x_wconf 80' lang='grc' dir='ltr'>πρὸς</span> 
     </span>
    </p>
   </div>
   <div class='ocr_carea' id='block_1_28' title="bbox 2272 1306 3851 1381">
    <p class='ocr_par' dir='ltr' id='par_1_28' title="bbox 2272 1306 3851 1381">
     <span class='ocr_line' id='line_1_28' title="bbox 2272 1306 3851 1381; baseline -0.002 -19"><span class='ocrx_word' id='word_1_179' title='bbox 2272 1310 2581 1381; x_wconf 75' lang='grc' dir='ltr'>ἀκρίϐειαν,</span> <span class='ocrx_word' id='word_1_180' title='bbox 2609 1308 2745 1377; x_wconf 72' lang='grc' dir='ltr'>πρὸς</span> <span class='ocrx_word' id='word_1_181' title='bbox 2771 1306 2826 1360; x_wconf 76' lang='grc' dir='ltr'><strong>δέ</strong></span> <span class='ocrx_word' id='word_1_182' title='bbox 2870 1306 2963 1360; x_wconf 75' lang='grc' dir='ltr'><strong>καὶ</strong></span> <span class='ocrx_word' id='word_1_183' title='bbox 3008 1306 3117 1359; x_wconf 88' lang='grc' dir='ltr'><strong>τῶν</strong></span> <span class='ocrx_word' id='word_1_184' title='bbox 3146 1307 3467 1375; x_wconf 72' lang='grc' dir='ltr'><strong>θαυμασίων</strong></span> <span class='ocrx_word' id='word_1_185' title='bbox 3502 1310 3723 1375; x_wconf 84' lang='grc' dir='ltr'><strong>μνήμην</strong></span> <span class='ocrx_word' id='word_1_186' title='bbox 3756 1308 3851 1376; x_wconf 86' lang='grc' dir='ltr'><strong>ἀρ-</strong></span> 
     </span>
    </p>
   </div>
   <div class='ocr_carea' id='block_1_29' title="bbox 2276 1394 3852 1466">
    <p class='ocr_par' dir='ltr' id='par_1_29' title="bbox 2276 1394 3852 1466">
     <span class='ocr_line' id='line_1_29' title="bbox 2276 1394 3852 1466; baseline -0.004 -14"><span class='ocrx_word' id='word_1_187' title='bbox 2276 1400 2515 1459; x_wconf 82' lang='grc' dir='ltr'>κούντως</span> <span class='ocrx_word' id='word_1_188' title='bbox 2555 1396 2900 1465; x_wconf 81' lang='grc' dir='ltr'>ποιούμενον.</span> <span class='ocrx_word' id='word_1_189' title='bbox 2932 1394 3106 1448; x_wconf 84' lang='grc' dir='ltr'>Τοῦτο</span> <span class='ocrx_word' id='word_1_190' title='bbox 3138 1396 3248 1464; x_wconf 74' lang='grc' dir='ltr'><strong>γὰρ</strong></span> <span class='ocrx_word' id='word_1_191' title='bbox 3284 1395 3400 1447; x_wconf 76' lang='grc' dir='ltr'>οὗθ’</span> <span class='ocrx_word' id='word_1_192' title='bbox 3429 1395 3650 1466; x_wconf 77' lang='grc' dir='ltr'>ἐτέρους</span> <span class='ocrx_word' id='word_1_193' title='bbox 3684 1394 3852 1463; x_wconf 77' lang='grc' dir='ltr'>ἔγνω-</span> 
     </span>
    </p>
   </div>
   <div class='ocr_carea' id='block_1_30' title="bbox 2277 1485 3850 1561">
    <p class='ocr_par' dir='ltr' id='par_1_30' title="bbox 2277 1485 3850 1561">
     <span class='ocr_line' id='line_1_30' title="bbox 2277 1485 3850 1561; baseline -0.002 -19"><span class='ocrx_word' id='word_1_194' title='bbox 2277 1508 2375 1561; x_wconf 85' lang='grc' dir='ltr'><strong>μεν</strong></span> <span class='ocrx_word' id='word_1_195' title='bbox 2402 1490 2528 1560; x_wconf 77' lang='grc' dir='ltr'>ἄχρι</span> <span class='ocrx_word' id='word_1_196' title='bbox 2558 1489 2653 1542; x_wconf 71' lang='grc' dir='ltr'>καὶ</span> <span class='ocrx_word' id='word_1_197' title='bbox 2684 1488 2781 1541; x_wconf 90' lang='grc' dir='ltr'>νῦν</span> <span class='ocrx_word' id='word_1_198' title='bbox 2807 1488 3136 1557; x_wconf 86' lang='grc' dir='ltr'>δράσαντας,</span> <span class='ocrx_word' id='word_1_199' title='bbox 3175 1485 3469 1555; x_wconf 77' lang='grc' dir='ltr'>οὗθ’ὴμεῖς</span> <span class='ocrx_word' id='word_1_200' title='bbox 3498 1488 3723 1558; x_wconf 83' lang='grc' dir='ltr'>ποιῆσαι</span> <span class='ocrx_word' id='word_1_201' title='bbox 3764 1489 3850 1541; x_wconf 81' lang='grc' dir='ltr'>δυ-</span> 
     </span>
    </p>
   </div>
   <div class='ocr_carea' id='block_1_31' title="bbox 2273 1579 3854 1652">
    <p class='ocr_par' dir='ltr' id='par_1_31' title="bbox 2273 1579 3854 1652">
     <span class='ocr_line' id='line_1_31' title="bbox 2273 1579 3854 1652; baseline 0.001 -19"><span class='ocrx_word' id='word_1_202' title='bbox 2273 1583 2427 1635; x_wconf 77' lang='grc' dir='ltr'>νατοὶ</span> <span class='ocrx_word' id='word_1_203' title='bbox 2450 1582 2797 1652; x_wconf 79' lang='grc' dir='ltr'><strong>τυγχάνομεν</strong></span> <span class='ocrx_word' id='word_1_204' title='bbox 2826 1580 2998 1643; x_wconf 74' lang='grc' dir='ltr'>ὄντες,</span> <span class='ocrx_word' id='word_1_205' title='bbox 3034 1579 3299 1648; x_wconf 80' lang='grc' dir='ltr'>πάμπολυ</span> <span class='ocrx_word' id='word_1_206' title='bbox 3325 1581 3439 1642; x_wconf 83' lang='grc' dir='ltr'>τοῖς</span> <span class='ocrx_word' id='word_1_207' title='bbox 3467 1581 3683 1649; x_wconf 83' lang='grc' dir='ltr'>χρόνοις</span> <span class='ocrx_word' id='word_1_208' title='bbox 3716 1582 3854 1634; x_wconf 84' lang='grc' dir='ltr'>ἀπο·</span> 
     </span>
    </p>
   </div>
   <div class='ocr_carea' id='block_1_32' title="bbox 2271 1669 3853 1744">
    <p class='ocr_par' dir='ltr' id='par_1_32' title="bbox 2271 1669 3853 1744">
     <span class='ocr_line' id='line_1_32' title="bbox 2271 1669 3853 1744; baseline -0.002 -17"><span class='ocrx_word' id='word_1_209' title='bbox 2271 1676 2588 1743; x_wconf 76' lang='grc' dir='ltr'>λειπόμενοι</span> <span class='ocrx_word' id='word_1_210' title='bbox 2609 1691 2623 1706; x_wconf 85' lang='grc'><strong>·</strong></span> <span class='ocrx_word' id='word_1_211' title='bbox 2654 1674 2747 1726; x_wconf 76' lang='grc' dir='ltr'>καὶ</span> <span class='ocrx_word' id='word_1_212' title='bbox 2772 1672 3187 1744; x_wconf 73' lang='grc' dir='ltr'>ἀκριϐώσασθαι</span> <span class='ocrx_word' id='word_1_213' title='bbox 3227 1672 3295 1726; x_wconf 88' lang='grc' dir='ltr'><strong>τά</strong></span> <span class='ocrx_word' id='word_1_214' title='bbox 3322 1688 3385 1739; x_wconf 87' lang='grc' dir='ltr'>γε</span> <span class='ocrx_word' id='word_1_215' title='bbox 3413 1669 3507 1723; x_wconf 89' lang='grc' dir='ltr'><strong>τοῦ</strong></span> <span class='ocrx_word' id='word_1_216' title='bbox 3529 1671 3645 1741; x_wconf 86' lang='grc' dir='ltr'>βίου</span> <span class='ocrx_word' id='word_1_217' title='bbox 3671 1672 3853 1734; x_wconf 84' lang='grc' dir='ltr'>καλῶς</span> 
     </span>
    </p>
   </div>
   <div class='ocr_carea' id='block_1_33' title="bbox 2277 1762 3855 1835">
    <p class='ocr_par' dir='ltr' id='par_1_33' title="bbox 2277 1762 3855 1835">
     <span class='ocr_line' id='line_1_33' title="bbox 2277 1762 3855 1835; baseline -0.003 -16"><span class='ocrx_word' id='word_1_218' title='bbox 2277 1764 2353 1835; x_wconf 82' lang='grc' dir='ltr'>μὴ</span> <span class='ocrx_word' id='word_1_219' title='bbox 2383 1765 2693 1834; x_wconf 88' lang='grc' dir='ltr'>δυνάμενοι,</span> <span class='ocrx_word' id='word_1_220' title='bbox 2719 1764 2857 1834; x_wconf 83' lang='grc' dir='ltr'>πλὴν</span> <span class='ocrx_word' id='word_1_221' title='bbox 2897 1765 3022 1818; x_wconf 81' lang='grc' dir='ltr'>ὅσον</span> <span class='ocrx_word' id='word_1_222' title='bbox 3068 1762 3492 1834; x_wconf 66' lang='grc' dir='ltr'>ἐπιμελέστερον</span> <span class='ocrx_word' id='word_1_223' title='bbox 3530 1764 3672 1816; x_wconf 71' lang='grc' dir='ltr'>αὐτὰ</span> <span class='ocrx_word' id='word_1_224' title='bbox 3713 1764 3855 1816; x_wconf 83' lang='grc' dir='ltr'>διελ-</span> 
     </span>
    </p>
   </div>
   <div class='ocr_carea' id='block_1_34' title="bbox 585 1846 2171 1927">
    <p class='ocr_par' dir='ltr' id='par_1_34' title="bbox 585 1856 2167 1927">
     <span class='ocr_line' id='line_1_34' title="bbox 585 1856 2167 1927; baseline 0.001 -18"><span class='ocrx_word' id='word_1_225' title='bbox 585 1856 763 1924; x_wconf 74' lang='lat' dir='ltr'><strong>sequi,</strong></span> <span class='ocrx_word' id='word_1_226' title='bbox 802 1856 895 1910; x_wconf 89' lang='lat' dir='ltr'><strong>sed</strong></span> <span class='ocrx_word' id='word_1_227' title='bbox 928 1858 1105 1909; x_wconf 88' lang='lat' dir='ltr'><strong>solum</strong></span> <span class='ocrx_word' id='word_1_228' title='bbox 1140 1872 1261 1909; x_wconf 76' lang='lat' dir='ltr'><strong>eam</strong></span> <span class='ocrx_word' id='word_1_229' title='bbox 1312 1857 1517 1913; x_wconf 81' lang='lat' dir='ltr'><strong>referre</strong></span> <span class='ocrx_word' id='word_1_230' title='bbox 1550 1857 1712 1925; x_wconf 85' lang='lat' dir='ltr'><strong>paulo</strong></span> <span class='ocrx_word' id='word_1_231' title='bbox 1741 1857 2081 1927; x_wconf 78' lang='lat' dir='ltr'><strong>diligentius,</strong></span> <span class='ocrx_word' id='word_1_232' title='bbox 2111 1866 2167 1911; x_wconf 88' lang='lat' dir='ltr'><strong>et</strong></span> 
     </span>
    </p>
   </div>
   <div class='ocr_carea' id='block_1_35' title="bbox 2275 1846 3852 1927">
    <p class='ocr_par' dir='ltr' id='par_1_35' title="bbox 2275 1855 3852 1925">
     <span class='ocr_line' id='line_1_35' title="bbox 2275 1855 3852 1925; baseline -0.003 -14"><span class='ocrx_word' id='word_1_233' title='bbox 2275 1858 2406 1922; x_wconf 81' lang='grc' dir='ltr'>θεῖν,</span> <span class='ocrx_word' id='word_1_234' title='bbox 2434 1857 2531 1911; x_wconf 75' lang='grc' dir='ltr'>καὶ</span> <span class='ocrx_word' id='word_1_235' title='bbox 2562 1858 2719 1925; x_wconf 79' lang='grc' dir='ltr'>ὀλίγα</span> <span class='ocrx_word' id='word_1_236' title='bbox 2750 1857 2859 1909; x_wconf 90' lang='grc' dir='ltr'><strong>τῶν</strong></span> <span class='ocrx_word' id='word_1_237' title='bbox 2887 1856 3182 1925; x_wconf 82' lang='grc' dir='ltr'><strong>θαυμάτων</strong></span> <span class='ocrx_word' id='word_1_238' title='bbox 3211 1865 3289 1917; x_wconf 82' lang='grc' dir='ltr'><strong>είς</strong></span> <span class='ocrx_word' id='word_1_239' title='bbox 3308 1856 3468 1922; x_wconf 80' lang='grc' dir='ltr'>δόξαν</span> <span class='ocrx_word' id='word_1_240' title='bbox 3489 1855 3626 1909; x_wconf 82' lang='grc' dir='ltr'><strong>Θεοῦ</strong></span> <span class='ocrx_word' id='word_1_241' title='bbox 3670 1872 3852 1924; x_wconf 81' lang='grc' dir='ltr'>παρα-</span> 
     </span>
    </p>
   </div>
   <div class='ocr_carea' id='block_1_36' title="bbox 587 1948 2165 2023">
    <p class='ocr_par' dir='ltr' id='par_1_36' title="bbox 587 1948 2165 2023">
     <span class='ocr_line' id='line_1_36' title="bbox 587 1948 2165 2023; baseline 0.001 -22"><span class='ocrx_word' id='word_1_242' title='bbox 587 1962 758 2023; x_wconf 84' lang='lat' dir='ltr'><strong>pauca</strong></span> <span class='ocrx_word' id='word_1_243' title='bbox 786 1962 850 2001; x_wconf 78' lang='lat' dir='ltr'><strong>ex</strong></span> <span class='ocrx_word' id='word_1_244' title='bbox 887 1948 1008 2017; x_wconf 86' lang='lat' dir='ltr'><strong>ejus</strong></span> <span class='ocrx_word' id='word_1_245' title='bbox 1051 1948 1333 2002; x_wconf 87' lang='lat' dir='ltr'><strong>miraculis</strong></span> <span class='ocrx_word' id='word_1_246' title='bbox 1377 1948 1507 2002; x_wconf 87' lang='lat' dir='ltr'><strong>viris</strong></span> <span class='ocrx_word' id='word_1_247' title='bbox 1550 1949 1654 2017; x_wconf 85' lang='lat' dir='ltr'><strong>piis</strong></span> <span class='ocrx_word' id='word_1_248' title='bbox 1698 1948 1765 2002; x_wconf 89' lang='lat' dir='ltr'><strong>ad</strong></span> <span class='ocrx_word' id='word_1_249' title='bbox 1805 1949 1897 2003; x_wconf 89' lang='lat' dir='ltr'><strong>Dei</strong></span> <span class='ocrx_word' id='word_1_250' title='bbox 1940 1949 2165 2018; x_wconf 85' lang='lat' dir='ltr'><strong>gloriam</strong></span> 
     </span>
    </p>
   </div>
   <div class='ocr_carea' id='block_1_37' title="bbox 584 2039 2165 2110">
    <p class='ocr_par' dir='ltr' id='par_1_37' title="bbox 584 2039 2165 2110">
     <span class='ocr_line' id='line_1_37' title="bbox 584 2039 2165 2110; baseline 0 -17"><span class='ocrx_word' id='word_1_251' title='bbox 584 2054 882 2109; x_wconf 77' lang='lat' dir='ltr'><strong>exponere.</strong></span> <span class='ocrx_word' id='word_1_252' title='bbox 920 2040 1050 2110; x_wconf 81' lang='lat' dir='ltr'><strong>Ejus</strong></span> <span class='ocrx_word' id='word_1_253' title='bbox 1094 2039 1242 2094; x_wconf 86' lang='lat' dir='ltr'><strong>enim</strong></span> <span class='ocrx_word' id='word_1_254' title='bbox 1276 2055 1504 2109; x_wconf 84' lang='lat' dir='ltr'><strong>parvum</strong></span> <span class='ocrx_word' id='word_1_255' title='bbox 1548 2040 1681 2095; x_wconf 67' lang='lat' dir='ltr'><strong>Vitae</strong></span> <span class='ocrx_word' id='word_1_256' title='bbox 1723 2040 2077 2110; x_wconf 83' lang='lat' dir='ltr'><strong>epusculum,</strong></span> <span class='ocrx_word' id='word_1_257' title='bbox 2112 2040 2165 2094; x_wconf 91' lang='lat' dir='ltr'><strong>in</strong></span> 
     </span>
    </p>
   </div>
   <div class='ocr_carea' id='block_1_38' title="bbox 585 2129 2166 2199">
    <p class='ocr_par' dir='ltr' id='par_1_38' title="bbox 585 2129 2166 2199">
     <span class='ocr_line' id='line_1_38' title="bbox 585 2129 2166 2199; baseline 0.003 -17"><span class='ocrx_word' id='word_1_258' title='bbox 585 2130 755 2199; x_wconf 87' lang='lat' dir='ltr'><strong>quod,</strong></span> <span class='ocrx_word' id='word_1_259' title='bbox 809 2147 839 2183; x_wconf 87' lang='lat' dir='ltr'><strong>a</strong></span> <span class='ocrx_word' id='word_1_260' title='bbox 888 2132 1039 2183; x_wconf 90' lang='lat' dir='ltr'><strong>clero</strong></span> <span class='ocrx_word' id='word_1_261' title='bbox 1073 2142 1385 2198; x_wconf 72' lang='lat' dir='ltr'><strong>acceptum,</strong></span> <span class='ocrx_word' id='word_1_262' title='bbox 1438 2129 1752 2195; x_wconf 88' lang='lat' dir='ltr'><strong>incidimus,</strong></span> <span class='ocrx_word' id='word_1_263' title='bbox 1800 2133 1973 2184; x_wconf 86' lang='lat' dir='ltr'><strong>visum</strong></span> <span class='ocrx_word' id='word_1_264' title='bbox 2006 2132 2166 2186; x_wconf 89' lang='lat' dir='ltr'><strong>nobis</strong></span> 
     </span>
    </p>
   </div>
   <div class='ocr_carea' id='block_1_39' title="bbox 587 2220 2164 2292">
    <p class='ocr_par' dir='ltr' id='par_1_39' title="bbox 587 2220 2164 2292">
     <span class='ocr_line' id='line_1_39' title="bbox 587 2220 2164 2292; baseline 0.001 -17"><span class='ocrx_word' id='word_1_265' title='bbox 587 2232 672 2275; x_wconf 73' lang='grc' dir='ltr'><strong>εει</strong></span> <span class='ocrx_word' id='word_1_266' title='bbox 705 2236 815 2274; x_wconf 90' lang='lat' dir='ltr'><strong>non</strong></span> <span class='ocrx_word' id='word_1_267' title='bbox 841 2220 1024 2274; x_wconf 91' lang='lat' dir='ltr'><strong>solum</strong></span> <span class='ocrx_word' id='word_1_268' title='bbox 1055 2220 1396 2292; x_wconf 76' lang='lat' dir='ltr'><strong>negligenter</strong></span> <span class='ocrx_word' id='word_1_269' title='bbox 1422 2222 1810 2292; x_wconf 86' lang='lat' dir='ltr'><strong>compositum,</strong></span> <span class='ocrx_word' id='word_1_270' title='bbox 1857 2223 1951 2277; x_wconf 86' lang='lat' dir='ltr'><strong>sed</strong></span> <span class='ocrx_word' id='word_1_271' title='bbox 1986 2224 2164 2292; x_wconf 82' lang='lat' dir='ltr'><strong>ipsum</strong></span> 
     </span>
    </p>
   </div>
   <div class='ocr_carea' id='block_1_40' title="bbox 584 2313 2165 2384">
    <p class='ocr_par' dir='ltr' id='par_1_40' title="bbox 584 2313 2165 2384">
     <span class='ocr_line' id='line_1_40' title="bbox 584 2313 2165 2384; baseline 0.001 -18"><span class='ocrx_word' id='word_1_272' title='bbox 584 2313 753 2367; x_wconf 89' lang='lat' dir='ltr'><strong>etiam</strong></span> <span class='ocrx_word' id='word_1_273' title='bbox 790 2320 1042 2376; x_wconf 83' lang='lat' dir='ltr'><strong>testatur,</strong></span> <span class='ocrx_word' id='word_1_274' title='bbox 1072 2327 1222 2378; x_wconf 89' lang='lat' dir='ltr'><strong>eum,</strong></span> <span class='ocrx_word' id='word_1_275' title='bbox 1267 2313 1363 2384; x_wconf 88' lang='lat' dir='ltr'><strong>qui</strong></span> <span class='ocrx_word' id='word_1_276' title='bbox 1413 2314 1468 2368; x_wconf 88' lang='lat' dir='ltr'><strong>id</strong></span> <span class='ocrx_word' id='word_1_277' title='bbox 1512 2317 1845 2383; x_wconf 86' lang='lat' dir='ltr'><strong>composuit,</strong></span> <span class='ocrx_word' id='word_1_278' title='bbox 1882 2315 2019 2368; x_wconf 87' lang='lat' dir='ltr'><strong>nihil</strong></span> <span class='ocrx_word' id='word_1_279' title='bbox 2068 2316 2165 2369; x_wconf 85' lang='lat' dir='ltr'><strong>lia-</strong></span> 
     </span>
    </p>
   </div>
   <div class='ocr_carea' id='block_1_41' title="bbox 586 2403 2169 2475">
    <p class='ocr_par' dir='ltr' id='par_1_41' title="bbox 586 2403 2169 2475">
     <span class='ocr_line' id='line_1_41' title="bbox 586 2403 2169 2475; baseline 0.001 -17"><span class='ocrx_word' id='word_1_280' title='bbox 586 2404 772 2458; x_wconf 88' lang='lat' dir='ltr'><strong>buisse</strong></span> <span class='ocrx_word' id='word_1_281' title='bbox 824 2403 1194 2469; x_wconf 89' lang='lat' dir='ltr'><strong>eruditionis;</strong></span> <span class='ocrx_word' id='word_1_282' title='bbox 1242 2404 1352 2457; x_wconf 89' lang='lat' dir='ltr'><strong>imo</strong></span> <span class='ocrx_word' id='word_1_283' title='bbox 1402 2419 1535 2457; x_wconf 84' lang='lat' dir='ltr'><strong>vero</strong></span> <span class='ocrx_word' id='word_1_284' title='bbox 1590 2420 1692 2458; x_wconf 87' lang='lat' dir='ltr'><strong>nec</strong></span> <span class='ocrx_word' id='word_1_285' title='bbox 1738 2419 1802 2459; x_wconf 92' lang='lat' dir='ltr'><strong>ea</strong></span> <span class='ocrx_word' id='word_1_286' title='bbox 1851 2406 1990 2474; x_wconf 91' lang='lat' dir='ltr'><strong>ipsa,</strong></span> <span class='ocrx_word' id='word_1_287' title='bbox 2044 2420 2169 2475; x_wconf 72' lang='lat' dir='ltr'><strong>qua:</strong></span> 
     </span>
    </p>
   </div>
   <div class='ocr_carea' id='block_1_42' title="bbox 586 2493 2165 2565">
    <p class='ocr_par' dir='ltr' id='par_1_42' title="bbox 586 2493 2165 2565">
     <span class='ocr_line' id='line_1_42' title="bbox 586 2493 2165 2565; baseline 0.001 -15"><span class='ocrx_word' id='word_1_288' title='bbox 586 2505 790 2560; x_wconf 86' lang='lat' dir='ltr'><strong>narrat,</strong></span> <span class='ocrx_word' id='word_1_289' title='bbox 849 2496 982 2550; x_wconf 84' lang='lat' dir='ltr'><strong>satis</strong></span> <span class='ocrx_word' id='word_1_290' title='bbox 1030 2493 1275 2565; x_wconf 78' lang='lat' dir='ltr'><strong>perfecte</strong></span> <span class='ocrx_word' id='word_1_291' title='bbox 1322 2503 1378 2550; x_wconf 89' lang='lat' dir='ltr'><strong>et</strong></span> <span class='ocrx_word' id='word_1_292' title='bbox 1422 2495 1677 2550; x_wconf 84' lang='lat' dir='ltr'><strong>absolute</strong></span> <span class='ocrx_word' id='word_1_293' title='bbox 1743 2496 2059 2560; x_wconf 72' lang='lat' dir='ltr'><strong>traduntur,</strong></span> <span class='ocrx_word' id='word_1_294' title='bbox 2110 2506 2165 2552; x_wconf 90' lang='lat' dir='ltr'><strong>et</strong></span> 
     </span>
    </p>
   </div>
   <div class='ocr_carea' id='block_1_43' title="bbox 585 2586 2163 2658">
    <p class='ocr_par' dir='ltr' id='par_1_43' title="bbox 585 2586 2163 2658">
     <span class='ocr_line' id='line_1_43' title="bbox 585 2586 2163 2658; baseline 0.001 -16"><span class='ocrx_word' id='word_1_295' title='bbox 585 2588 744 2658; x_wconf 84' lang='lat' dir='ltr'><strong>longe</strong></span> <span class='ocrx_word' id='word_1_296' title='bbox 796 2586 997 2643; x_wconf 90' lang='lat' dir='ltr'><strong>absunt</strong></span> <span class='ocrx_word' id='word_1_297' title='bbox 1050 2603 1080 2642; x_wconf 91' lang='lat' dir='ltr'><strong>a</strong></span> <span class='ocrx_word' id='word_1_298' title='bbox 1132 2601 1348 2643; x_wconf 88' lang='lat' dir='ltr'><strong>summa</strong></span> <span class='ocrx_word' id='word_1_299' title='bbox 1389 2586 1753 2657; x_wconf 80' lang='lat' dir='ltr'><strong>perfectione.</strong></span> <span class='ocrx_word' id='word_1_300' title='bbox 1798 2587 1942 2655; x_wconf 84' lang='lat' dir='ltr'><strong>Quin</strong></span> <span class='ocrx_word' id='word_1_301' title='bbox 1996 2590 2163 2644; x_wconf 86' lang='lat' dir='ltr'><strong>etiam</strong></span> 
     </span>
    </p>
   </div>
   <div class='ocr_carea' id='block_1_44' title="bbox 586 2677 2164 2747">
    <p class='ocr_par' dir='ltr' id='par_1_44' title="bbox 586 2677 2164 2747">
     <span class='ocr_line' id='line_1_44' title="bbox 586 2677 2164 2747; baseline 0.003 -15"><span class='ocrx_word' id='word_1_302' title='bbox 586 2677 722 2733; x_wconf 87' lang='lat' dir='ltr'><strong>illud</strong></span> <span class='ocrx_word' id='word_1_303' title='bbox 775 2693 938 2747; x_wconf 89' lang='lat' dir='ltr'><strong>opus,</strong></span> <span class='ocrx_word' id='word_1_304' title='bbox 990 2694 1101 2747; x_wconf 92' lang='lat' dir='ltr'><strong>quo</strong></span> <span class='ocrx_word' id='word_1_305' title='bbox 1154 2679 1247 2733; x_wconf 91' lang='lat' dir='ltr'><strong>diu</strong></span> <span class='ocrx_word' id='word_1_306' title='bbox 1300 2681 1385 2735; x_wconf 89' lang='lat' dir='ltr'><strong>usi</strong></span> <span class='ocrx_word' id='word_1_307' title='bbox 1431 2695 1643 2743; x_wconf 89' lang='lat' dir='ltr'><strong>sumus,</strong></span> <span class='ocrx_word' id='word_1_308' title='bbox 1701 2681 2076 2747; x_wconf 82' lang='lat' dir='ltr'><strong>comperimus</strong></span> <span class='ocrx_word' id='word_1_309' title='bbox 2106 2697 2164 2737; x_wconf 86' lang='lat' dir='ltr'><strong>se</strong></span> 
     </span>
    </p>
   </div>
   <div class='ocr_carea' id='block_1_45' title="bbox 588 2768 2163 2836">
    <p class='ocr_par' dir='ltr' id='par_1_45' title="bbox 588 2768 2163 2836">
     <span class='ocr_line' id='line_1_45' title="bbox 588 2768 2163 2836; baseline 0.001 -15"><span class='ocrx_word' id='word_1_310' title='bbox 588 2769 791 2823; x_wconf 80' lang='lat' dir='ltr'><strong>habere</strong></span> <span class='ocrx_word' id='word_1_311' title='bbox 833 2768 1107 2832; x_wconf 87' lang='lat' dir='ltr'><strong>similiter,</strong></span> <span class='ocrx_word' id='word_1_312' title='bbox 1146 2777 1201 2824; x_wconf 80' lang='lat' dir='ltr'><strong>et</strong></span> <span class='ocrx_word' id='word_1_313' title='bbox 1232 2783 1300 2824; x_wconf 80' lang='lat' dir='ltr'><strong>ex</strong></span> <span class='ocrx_word' id='word_1_314' title='bbox 1352 2769 1547 2824; x_wconf 86' lang='lat' dir='ltr'><strong>eadem</strong></span> <span class='ocrx_word' id='word_1_315' title='bbox 1607 2780 1691 2836; x_wconf 73' lang='lat' dir='ltr'><strong>(ut</strong></span> <span class='ocrx_word' id='word_1_316' title='bbox 1736 2769 1909 2836; x_wconf 87' lang='lat' dir='ltr'><strong>aiunt)</strong></span> <span class='ocrx_word' id='word_1_317' title='bbox 1959 2770 2163 2824; x_wconf 80' lang='lat' dir='ltr'><strong>factum</strong></span> 
     </span>
    </p>
   </div>
   <div class='ocr_carea' id='block_1_46' title="bbox 586 2856 2164 2927">
    <p class='ocr_par' dir='ltr' id='par_1_46' title="bbox 586 2856 2164 2927">
     <span class='ocr_line' id='line_1_46' title="bbox 586 2856 2164 2927; baseline 0 -17"><span class='ocrx_word' id='word_1_318' title='bbox 586 2872 709 2914; x_wconf 77' lang='lat' dir='ltr'><strong>esse</strong></span> <span class='ocrx_word' id='word_1_319' title='bbox 741 2856 958 2922; x_wconf 78' lang='lat' dir='ltr'><strong>ﬁdelia;</strong></span> <span class='ocrx_word' id='word_1_320' title='bbox 988 2856 1153 2927; x_wconf 91' lang='lat' dir='ltr'><strong>idque</strong></span> <span class='ocrx_word' id='word_1_321' title='bbox 1200 2857 1524 2926; x_wconf 88' lang='lat' dir='ltr'><strong>inscriptum</strong></span> <span class='ocrx_word' id='word_1_322' title='bbox 1580 2856 1803 2926; x_wconf 88' lang='lat' dir='ltr'><strong>quidem</strong></span> <span class='ocrx_word' id='word_1_323' title='bbox 1833 2871 1955 2910; x_wconf 89' lang='lat' dir='ltr'><strong>esse</strong></span> <span class='ocrx_word' id='word_1_324' title='bbox 1984 2856 2164 2910; x_wconf 86' lang='lat' dir='ltr'><strong>Enco-</strong></span> 
     </span>
    </p>
   </div>
   <div class='ocr_carea' id='block_1_47' title="bbox 590 2951 2164 3022">
    <p class='ocr_par' dir='ltr' id='par_1_47' title="bbox 590 2951 2164 3022">
     <span class='ocr_line' id='line_1_47' title="bbox 590 2951 2164 3022; baseline -0.001 -15"><span class='ocrx_word' id='word_1_325' title='bbox 590 2956 758 3007; x_wconf 85' lang='lat' dir='ltr'><strong>mium</strong></span> <span class='ocrx_word' id='word_1_326' title='bbox 812 2951 984 3006; x_wconf 89' lang='lat' dir='ltr'><strong>divini</strong></span> <span class='ocrx_word' id='word_1_327' title='bbox 1032 2951 1391 3021; x_wconf 86' lang='lat' dir='ltr'><strong>Sampsonis,</strong></span> <span class='ocrx_word' id='word_1_328' title='bbox 1446 2961 1506 3006; x_wconf 89' lang='lat' dir='ltr'><strong>et</strong></span> <span class='ocrx_word' id='word_1_329' title='bbox 1563 2951 1769 3007; x_wconf 90' lang='lat' dir='ltr'><strong>habere</strong></span> <span class='ocrx_word' id='word_1_330' title='bbox 1830 2951 2164 3022; x_wconf 76' lang='lat' dir='ltr'><strong>singularem</strong></span> 
     </span>
    </p>
   </div>
   <div class='ocr_carea' id='block_1_48' title="bbox 588 3042 2160 3114">
    <p class='ocr_par' dir='ltr' id='par_1_48' title="bbox 588 3042 2160 3114">
     <span class='ocr_line' id='line_1_48' title="bbox 588 3042 2160 3114; baseline 0 -18"><span class='ocrx_word' id='word_1_331' title='bbox 588 3044 880 3114; x_wconf 88' lang='lat' dir='ltr'><strong>quamdam</strong></span> <span class='ocrx_word' id='word_1_332' title='bbox 914 3043 1287 3098; x_wconf 89' lang='lat' dir='ltr'><strong>narrationem</strong></span> <span class='ocrx_word' id='word_1_333' title='bbox 1316 3057 1529 3106; x_wconf 90' lang='lat' dir='ltr'><strong>eorum,</strong></span> <span class='ocrx_word' id='word_1_334' title='bbox 1561 3058 1684 3114; x_wconf 65' lang='lat' dir='ltr'><strong>quae</strong></span> <span class='ocrx_word' id='word_1_335' title='bbox 1719 3044 1787 3097; x_wconf 90' lang='lat' dir='ltr'><strong>ab</strong></span> <span class='ocrx_word' id='word_1_336' title='bbox 1814 3042 1910 3097; x_wconf 92' lang='lat' dir='ltr'><strong>illo</strong></span> <span class='ocrx_word' id='word_1_337' title='bbox 1953 3044 2005 3096; x_wconf 93' lang='lat' dir='ltr'><strong>in</strong></span> <span class='ocrx_word' id='word_1_338' title='bbox 2048 3043 2160 3096; x_wconf 86' lang='lat' dir='ltr'><strong>vita</strong></span> 
     </span>
    </p>
   </div>
   <div class='ocr_carea' id='block_1_49' title="bbox 2270 1941 3857 2022">
    <p class='ocr_par' dir='ltr' id='par_1_49' title="bbox 2270 1941 3857 2022">
     <span class='ocr_line' id='line_1_49' title="bbox 2270 1941 3857 2022; baseline -0.003 -21"><span class='ocrx_word' id='word_1_339' title='bbox 2270 1947 2459 2001; x_wconf 77' lang='grc' dir='ltr'>θέσθαι</span> <span class='ocrx_word' id='word_1_340' title='bbox 2483 1949 2597 2011; x_wconf 76' lang='grc' dir='ltr'>τοῖς</span> <span class='ocrx_word' id='word_1_341' title='bbox 2636 1948 2903 2022; x_wconf 80' lang='grc' dir='ltr'>φιλοθέοις</span> <span class='ocrx_word' id='word_1_342' title='bbox 2931 1964 2946 1979; x_wconf 78' lang='grc' dir='ltr'><strong>ο</strong></span> <span class='ocrx_word' id='word_1_343' title='bbox 2977 1941 3021 2015; x_wconf 83' lang='grc' dir='ltr'><strong>ᾧ</strong></span> <span class='ocrx_word' id='word_1_344' title='bbox 3039 1947 3145 2017; x_wconf 72' lang='grc' dir='ltr'><strong>γάρ</strong></span> <span class='ocrx_word' id='word_1_345' title='bbox 3161 1946 3485 2018; x_wconf 72' lang='grc' dir='ltr'><strong>ἐνετύχομεν</strong></span> <span class='ocrx_word' id='word_1_346' title='bbox 3509 1950 3573 2001; x_wconf 84' lang='grc' dir='ltr'><strong>ἐκ</strong></span> <span class='ocrx_word' id='word_1_347' title='bbox 3597 1947 3693 2000; x_wconf 79' lang='grc' dir='ltr'><strong>τοῦ</strong></span> <span class='ocrx_word' id='word_1_348' title='bbox 3729 1947 3857 2014; x_wconf 75' lang='grc' dir='ltr'>κλή-</span> 
     </span>
    </p>
   </div>
   <div class='ocr_carea' id='block_1_50' title="bbox 2270 2038 3855 2112">
    <p class='ocr_par' dir='ltr' id='par_1_50' title="bbox 2270 2038 3855 2112">
     <span class='ocr_line' id='line_1_50' title="bbox 2270 2038 3855 2112; baseline -0.002 -18"><span class='ocrx_word' id='word_1_349' title='bbox 2270 2059 2366 2112; x_wconf 89' lang='grc' dir='ltr'><strong>ρου</strong></span> <span class='ocrx_word' id='word_1_350' title='bbox 2398 2041 2656 2099; x_wconf 76' lang='grc' dir='ltr'>λαθόντες</span> <span class='ocrx_word' id='word_1_351' title='bbox 2688 2038 2871 2110; x_wconf 81' lang='grc' dir='ltr'>μικρῷ</span> <span class='ocrx_word' id='word_1_352' title='bbox 2899 2041 3241 2107; x_wconf 77' lang='grc' dir='ltr'><strong>συντάγματι</strong></span> <span class='ocrx_word' id='word_1_353' title='bbox 3267 2040 3418 2101; x_wconf 79' lang='grc' dir='ltr'>Βίου,</span> <span class='ocrx_word' id='word_1_354' title='bbox 3439 2041 3601 2093; x_wconf 81' lang='grc' dir='ltr'>τοῦτο</span> <span class='ocrx_word' id='word_1_355' title='bbox 3630 2041 3700 2111; x_wconf 80' lang='grc' dir='ltr'>δὴ</span> <span class='ocrx_word' id='word_1_356' title='bbox 3729 2040 3855 2092; x_wconf 72' lang='grc' dir='ltr'>οὗτε</span> 
     </span>
    </p>
   </div>
   <div class='ocr_carea' id='block_1_51' title="bbox 2268 2129 3856 2204">
    <p class='ocr_par' dir='ltr' id='par_1_51' title="bbox 2268 2129 3856 2204">
     <span class='ocr_line' id='line_1_51' title="bbox 2268 2129 3856 2204; baseline -0.002 -20"><span class='ocrx_word' id='word_1_357' title='bbox 2268 2132 2531 2204; x_wconf 77' lang='grc' dir='ltr'>ῥᾳθύμως</span> <span class='ocrx_word' id='word_1_358' title='bbox 2553 2133 2714 2200; x_wconf 89' lang='grc' dir='ltr'>μόνον</span> <span class='ocrx_word' id='word_1_359' title='bbox 2742 2129 2887 2194; x_wconf 81' lang='grc' dir='ltr'>ἐδοξε</span> <span class='ocrx_word' id='word_1_360' title='bbox 2920 2130 3299 2201; x_wconf 81' lang='grc' dir='ltr'><strong>συντετάχθαι,</strong></span> <span class='ocrx_word' id='word_1_361' title='bbox 3330 2129 3466 2185; x_wconf 77' lang='grc' dir='ltr'>ἀλλὰ</span> <span class='ocrx_word' id='word_1_362' title='bbox 3494 2132 3586 2183; x_wconf 69' lang='grc' dir='ltr'>καὶ</span> <span class='ocrx_word' id='word_1_363' title='bbox 3602 2132 3856 2191; x_wconf 79' lang='grc' dir='ltr'>παιδείας</span> 
     </span>
    </p>
   </div>
   <div class='ocr_carea' id='block_1_52' title="bbox 2266 2220 3857 2293">
    <p class='ocr_par' dir='ltr' id='par_1_52' title="bbox 2266 2220 3857 2293">
     <span class='ocr_line' id='line_1_52' title="bbox 2266 2220 3857 2293; baseline -0.003 -17"><span class='ocrx_word' id='word_1_364' title='bbox 2266 2225 2358 2277; x_wconf 72' lang='grc' dir='ltr'>τὸν</span> <span class='ocrx_word' id='word_1_365' title='bbox 2391 2222 2719 2293; x_wconf 72' lang='grc' dir='ltr'>συνθέμενον</span> <span class='ocrx_word' id='word_1_366' title='bbox 2760 2221 2955 2284; x_wconf 87' lang='grc' dir='ltr'>ἐνδεῶς</span> <span class='ocrx_word' id='word_1_367' title='bbox 3000 2221 3192 2291; x_wconf 71' lang='grc' dir='ltr'>ἔχοντα</span> <span class='ocrx_word' id='word_1_368' title='bbox 3222 2222 3511 2292; x_wconf 83' lang='grc' dir='ltr'>μαρτυρεῖ,</span> <span class='ocrx_word' id='word_1_369' title='bbox 3544 2220 3752 2289; x_wconf 70' lang='grc' dir='ltr'>μᾶλλον</span> <span class='ocrx_word' id='word_1_370' title='bbox 3794 2221 3857 2287; x_wconf 73' lang='grc' dir='ltr'><strong>ἰὴ</strong></span> 
     </span>
    </p>
   </div>
   <div class='ocr_carea' id='block_1_53' title="bbox 2267 2300 3857 2383">
    <p class='ocr_par' dir='ltr' id='par_1_53' title="bbox 2267 2300 3857 2383">
     <span class='ocr_line' id='line_1_53' title="bbox 2267 2300 3857 2383; baseline -0.003 -16"><span class='ocrx_word' id='word_1_371' title='bbox 2267 2315 2439 2367; x_wconf 90' lang='grc' dir='ltr'>ταῦτα</span> <span class='ocrx_word' id='word_1_372' title='bbox 2470 2316 2597 2383; x_wconf 71' lang='grc' dir='ltr'>περὶ</span> <span class='ocrx_word' id='word_1_373' title='bbox 2622 2309 2697 2368; x_wconf 79' lang='grc' dir='ltr'><strong>ὧν</strong></span> <span class='ocrx_word' id='word_1_374' title='bbox 2727 2314 3023 2383; x_wconf 88' lang='grc' dir='ltr'>πεποίηται</span> <span class='ocrx_word' id='word_1_375' title='bbox 3062 2314 3162 2381; x_wconf 83' lang='grc' dir='ltr'>τὴν</span> <span class='ocrx_word' id='word_1_376' title='bbox 3187 2300 3472 2382; x_wconf 72' lang='grc' dir='ltr'>ἐξήγησιν,</span> <span class='ocrx_word' id='word_1_377' title='bbox 3513 2322 3575 2365; x_wconf 84' lang='grc' dir='ltr'><strong>ού</strong></span> <span class='ocrx_word' id='word_1_378' title='bbox 3612 2313 3714 2380; x_wconf 80' lang='grc' dir='ltr'><strong>μὲν</strong></span> <span class='ocrx_word' id='word_1_379' title='bbox 3766 2312 3857 2363; x_wconf 68' lang='grc' dir='ltr'>οὖν</span> 
     </span>
    </p>
   </div>
   <div class='ocr_carea' id='block_1_54' title="bbox 2268 2404 3861 2476">
    <p class='ocr_par' dir='ltr' id='par_1_54' title="bbox 2268 2404 3861 2476">
     <span class='ocr_line' id='line_1_54' title="bbox 2268 2404 3861 2476; baseline -0.004 -17"><span class='ocrx_word' id='word_1_380' title='bbox 2268 2406 2500 2470; x_wconf 75' lang='grc' dir='ltr'><strong>ἐντελῶς</strong></span> <span class='ocrx_word' id='word_1_381' title='bbox 2540 2406 2758 2476; x_wconf 71' lang='grc' dir='ltr'>ἔχουσιν</span> <span class='ocrx_word' id='word_1_382' title='bbox 2792 2404 2903 2459; x_wconf 78' lang='grc' dir='ltr'>οὐδ’</span> <span class='ocrx_word' id='word_1_383' title='bbox 2932 2404 3351 2475; x_wconf 75' lang='grc' dir='ltr'>ὴκριόωμένως,</span> <span class='ocrx_word' id='word_1_384' title='bbox 3400 2404 3579 2472; x_wconf 79' lang='grc' dir='ltr'>πολλῷ</span> <span class='ocrx_word' id='word_1_385' title='bbox 3624 2404 3680 2455; x_wconf 77' lang='grc' dir='ltr'>δὲ</span> <span class='ocrx_word' id='word_1_386' title='bbox 3718 2406 3861 2472; x_wconf 72' lang='grc' dir='ltr'><strong>μᾶλ-</strong></span> 
     </span>
    </p>
   </div>
   <div class='ocr_carea' id='block_1_55' title="bbox 2268 2488 3861 2569">
    <p class='ocr_par' dir='ltr' id='par_1_55' title="bbox 2268 2488 3861 2569">
     <span class='ocr_line' id='line_1_55' title="bbox 2268 2488 3861 2569; baseline -0.006 -17"><span class='ocrx_word' id='word_1_387' title='bbox 2268 2499 2358 2552; x_wconf 85' lang='grc' dir='ltr'><strong>λον</strong></span> <span class='ocrx_word' id='word_1_388' title='bbox 2388 2498 2676 2569; x_wconf 75' lang='grc' dir='ltr'>ἀκριϐείας</span> <span class='ocrx_word' id='word_1_389' title='bbox 2713 2495 3223 2567; x_wconf 71' lang='grc' dir='ltr'>ἁπολιμτάνονταιο</span> <span class='ocrx_word' id='word_1_390' title='bbox 3263 2496 3399 2563; x_wconf 78' lang='grc' dir='ltr'>πρὸς</span> <span class='ocrx_word' id='word_1_391' title='bbox 3437 2495 3492 2546; x_wconf 82' lang='grc' dir='ltr'>δὲ</span> <span class='ocrx_word' id='word_1_392' title='bbox 3522 2492 3621 2551; x_wconf 71' lang='grc' dir='ltr'>καί</span> <span class='ocrx_word' id='word_1_393' title='bbox 3645 2488 3690 2559; x_wconf 78' lang='grc' dir='ltr'>ᾧ</span> <span class='ocrx_word' id='word_1_394' title='bbox 3727 2510 3861 2544; x_wconf 81' lang='grc' dir='ltr'>συν-</span> 
     </span>
    </p>
   </div>
   <div class='ocr_carea' id='block_1_56' title="bbox 2268 2571 3863 2661">
    <p class='ocr_par' dir='ltr' id='par_1_56' title="bbox 2268 2571 3863 2661">
     <span class='ocr_line' id='line_1_56' title="bbox 2268 2571 3863 2661; baseline -0.006 -17"><span class='ocrx_word' id='word_1_395' title='bbox 2268 2592 2509 2660; x_wconf 84' lang='grc' dir='ltr'>τάγματι</span> <span class='ocrx_word' id='word_1_396' title='bbox 2537 2591 2701 2644; x_wconf 71' lang='grc' dir='ltr'>πάλιν</span> <span class='ocrx_word' id='word_1_397' title='bbox 2725 2590 3066 2661; x_wconf 72' lang='grc' dir='ltr'><strong>ὡμιληκότες</strong></span> <span class='ocrx_word' id='word_1_398' title='bbox 3092 2587 3282 2658; x_wconf 85' lang='grc' dir='ltr'>ἐσμέν,</span> <span class='ocrx_word' id='word_1_399' title='bbox 3312 2571 3716 2658; x_wconf 72' lang='grc' dir='ltr'>παραπλησίως</span> <span class='ocrx_word' id='word_1_400' title='bbox 3772 2577 3863 2636; x_wconf 60' lang='grc' dir='ltr'><strong>εὖ.</strong></span> 
     </span>
    </p>
   </div>
   <div class='ocr_carea' id='block_1_57' title="bbox 2270 2680 3862 2754">
    <p class='ocr_par' dir='ltr' id='par_1_57' title="bbox 2270 2680 3862 2754">
     <span class='ocr_line' id='line_1_57' title="bbox 2270 2680 3862 2754; baseline -0.004 -19"><span class='ocrx_word' id='word_1_401' title='bbox 2270 2700 2437 2754; x_wconf 85' lang='grc' dir='ltr'>ρομεν</span> <span class='ocrx_word' id='word_1_402' title='bbox 2458 2682 2579 2753; x_wconf 74' lang='grc' dir='ltr'>ἕχον</span> <span class='ocrx_word' id='word_1_403' title='bbox 2605 2684 2698 2735; x_wconf 73' lang='grc' dir='ltr'>καὶ</span> <span class='ocrx_word' id='word_1_404' title='bbox 2726 2685 2844 2752; x_wconf 77' lang='grc' dir='ltr'>τῆς,</span> <span class='ocrx_word' id='word_1_405' title='bbox 2867 2681 2943 2739; x_wconf 79' lang='grc' dir='ltr'>ὥς</span> <span class='ocrx_word' id='word_1_406' title='bbox 2969 2698 3125 2749; x_wconf 86' lang='grc' dir='ltr'>φασι,</span> <span class='ocrx_word' id='word_1_407' title='bbox 3150 2681 3451 2751; x_wconf 83' lang='grc' dir='ltr'>κεραμείας</span> <span class='ocrx_word' id='word_1_408' title='bbox 3478 2680 3862 2747; x_wconf 79' lang='grc' dir='ltr'>πεποιημένον</span> 
     </span>
    </p>
   </div>
   <div class='ocr_carea' id='block_1_58' title="bbox 2268 2766 3863 2843">
    <p class='ocr_par' dir='ltr' id='par_1_58' title="bbox 2268 2766 3863 2843">
     <span class='ocr_line' id='line_1_58' title="bbox 2268 2766 3863 2843; baseline -0.007 -15"><span class='ocrx_word' id='word_1_409' title='bbox 2268 2774 2546 2843; x_wconf 80' lang='grc' dir='ltr'>ἐγκώμιον</span> <span class='ocrx_word' id='word_1_410' title='bbox 2572 2773 2674 2843; x_wconf 71' lang='grc' dir='ltr'><strong>μὲν</strong></span> <span class='ocrx_word' id='word_1_411' title='bbox 2702 2766 2842 2825; x_wconf 70' lang='grc' dir='ltr'>εἶναι</span> <span class='ocrx_word' id='word_1_412' title='bbox 2864 2772 2959 2826; x_wconf 87' lang='grc' dir='ltr'><strong>τοῦ</strong></span> <span class='ocrx_word' id='word_1_413' title='bbox 2987 2772 3131 2826; x_wconf 86' lang='grc' dir='ltr'>θείου</span> <span class='ocrx_word' id='word_1_414' title='bbox 3154 2771 3395 2841; x_wconf 67' lang='grc' dir='ltr'>Σαμψὼν</span> <span class='ocrx_word' id='word_1_415' title='bbox 3428 2773 3747 2838; x_wconf 77' lang='grc' dir='ltr'>ἐπιγεγραμ</span> <span class='ocrx_word' id='word_1_416' title='bbox 3762 2770 3863 2837; x_wconf 81' lang='grc' dir='ltr'><strong>μὲ-</strong></span> 
     </span>
    </p>
   </div>
   <div class='ocr_carea' id='block_1_59' title="bbox 2270 2862 3859 2936">
    <p class='ocr_par' dir='ltr' id='par_1_59' title="bbox 2270 2862 3859 2936">
     <span class='ocr_line' id='line_1_59' title="bbox 2270 2862 3859 2936; baseline -0.003 -17"><span class='ocrx_word' id='word_1_417' title='bbox 2270 2883 2360 2919; x_wconf 91' lang='grc' dir='ltr'>νον</span> <span class='ocrx_word' id='word_1_418' title='bbox 2391 2867 2483 2919; x_wconf 70' lang='grc' dir='ltr'>καὶ</span> <span class='ocrx_word' id='word_1_419' title='bbox 2516 2865 2748 2936; x_wconf 77' lang='grc' dir='ltr'>μερικὴν</span> <span class='ocrx_word' id='word_1_420' title='bbox 2777 2865 2902 2935; x_wconf 71' lang='grc' dir='ltr'>ἕχον</span> <span class='ocrx_word' id='word_1_421' title='bbox 2931 2865 3052 2919; x_wconf 84' lang='grc' dir='ltr'>τινὰ</span> <span class='ocrx_word' id='word_1_422' title='bbox 3074 2865 3326 2935; x_wconf 83' lang='grc' dir='ltr'>διήγησιν</span> <span class='ocrx_word' id='word_1_423' title='bbox 3368 2864 3477 2915; x_wconf 83' lang='grc' dir='ltr'><strong>τῶν</strong></span> <span class='ocrx_word' id='word_1_424' title='bbox 3519 2862 3719 2933; x_wconf 79' lang='grc' dir='ltr'>ἐκείνῳ</span> <span class='ocrx_word' id='word_1_425' title='bbox 3770 2862 3859 2932; x_wconf 82' lang='grc' dir='ltr'><strong>βε-</strong></span> 
     </span>
    </p>
   </div>
   <div class='ocr_carea' id='block_1_60' title="bbox 2268 2954 3863 3025">
    <p class='ocr_par' dir='ltr' id='par_1_60' title="bbox 2268 2954 3863 3025">
     <span class='ocr_line' id='line_1_60' title="bbox 2268 2954 3863 3025; baseline -0.002 -18"><span class='ocrx_word' id='word_1_426' title='bbox 2268 2955 2573 3025; x_wconf 71' lang='grc' dir='ltr'>ϐιωμένων,</span> <span class='ocrx_word' id='word_1_427' title='bbox 2611 2956 2752 3008; x_wconf 81' lang='grc' dir='ltr'>πάνυ</span> <span class='ocrx_word' id='word_1_428' title='bbox 2800 2955 2857 3009; x_wconf 77' lang='grc' dir='ltr'><strong>δέ</strong></span> <span class='ocrx_word' id='word_1_429' title='bbox 2900 2955 3177 3024; x_wconf 78' lang='grc' dir='ltr'><strong>φειδωλῶς</strong></span> <span class='ocrx_word' id='word_1_430' title='bbox 3214 2956 3310 3009; x_wconf 73' lang='grc' dir='ltr'>καὶ</span> <span class='ocrx_word' id='word_1_431' title='bbox 3361 2954 3713 3025; x_wconf 81' lang='grc' dir='ltr'>μικρολόγως</span> <span class='ocrx_word' id='word_1_432' title='bbox 3748 2954 3863 3005; x_wconf 84' lang='grc' dir='ltr'><strong>τῶν</strong></span> 
     </span>
    </p>
   </div>
   <div class='ocr_carea' id='block_1_61' title="bbox 2267 3043 3864 3114">
    <p class='ocr_par' dir='ltr' id='par_1_61' title="bbox 2267 3043 3864 3114">
     <span class='ocr_line' id='line_1_61' title="bbox 2267 3043 3864 3114; baseline -0.002 -16"><span class='ocrx_word' id='word_1_433' title='bbox 2267 3044 2434 3098; x_wconf 81' lang='grc' dir='ltr'>αὑτοῦ</span> <span class='ocrx_word' id='word_1_434' title='bbox 2486 3043 2778 3114; x_wconf 82' lang='grc' dir='ltr'>θαυμάτων</span> <span class='ocrx_word' id='word_1_435' title='bbox 2829 3044 3116 3113; x_wconf 81' lang='grc' dir='ltr'>ἀπογεύων</span> <span class='ocrx_word' id='word_1_436' title='bbox 3154 3046 3281 3110; x_wconf 80' lang='grc' dir='ltr'>τοὺς</span> <span class='ocrx_word' id='word_1_437' title='bbox 3320 3045 3665 3114; x_wconf 75' lang='grc' dir='ltr'>φιλοκάλους.</span> <span class='ocrx_word' id='word_1_438' title='bbox 3700 3046 3769 3098; x_wconf 89' lang='grc' dir='ltr'><strong>Ὀ</strong></span> <span class='ocrx_word' id='word_1_439' title='bbox 3805 3044 3864 3095; x_wconf 85' lang='grc' dir='ltr'><strong>δέ</strong></span> 
     </span>
    </p>
   </div>
   <div class='ocr_carea' id='block_1_62' title="bbox 589 3133 2171 3209">
    <p class='ocr_par' dir='ltr' id='par_1_62' title="bbox 589 3133 2166 3206">
     <span class='ocr_line' id='line_1_62' title="bbox 589 3133 2166 3206; baseline -0.003 -14"><span class='ocrx_word' id='word_1_440' title='bbox 589 3144 741 3206; x_wconf 77' lang='lat' dir='ltr'><strong>gesta</strong></span> <span class='ocrx_word' id='word_1_441' title='bbox 767 3143 935 3190; x_wconf 89' lang='lat' dir='ltr'><strong>sunt:</strong></span> <span class='ocrx_word' id='word_1_442' title='bbox 968 3134 1063 3190; x_wconf 88' lang='lat' dir='ltr'><strong>sed</strong></span> <span class='ocrx_word' id='word_1_443' title='bbox 1092 3150 1254 3206; x_wconf 86' lang='lat' dir='ltr'><strong>parce</strong></span> <span class='ocrx_word' id='word_1_444' title='bbox 1292 3134 1613 3193; x_wconf 83' lang='lat' dir='ltr'><strong>admodum.</strong></span> <span class='ocrx_word' id='word_1_445' title='bbox 1652 3143 1710 3189; x_wconf 89' lang='lat' dir='ltr'><strong>et</strong></span> <span class='ocrx_word' id='word_1_446' title='bbox 1752 3134 1998 3188; x_wconf 75' lang='lat' dir='ltr'><strong>tenuiter</strong></span> <span class='ocrx_word' id='word_1_447' title='bbox 2033 3133 2166 3187; x_wconf 79' lang='lat' dir='ltr'><strong>viris</strong></span> 
     </span>
    </p>
   </div>
   <div class='ocr_carea' id='block_1_63' title="bbox 2275 3133 3866 3209">
    <p class='ocr_par' dir='ltr' id='par_1_63' title="bbox 2275 3136 3866 3209">
     <span class='ocr_line' id='line_1_63' title="bbox 2275 3136 3866 3209; baseline 0.001 -22"><span class='ocrx_word' id='word_1_448' title='bbox 2275 3136 2432 3188; x_wconf 73' lang='grc' dir='ltr'>πλέον</span> <span class='ocrx_word' id='word_1_449' title='bbox 2470 3138 2587 3188; x_wconf 81' lang='grc' dir='ltr'>ἐστὶ</span> <span class='ocrx_word' id='word_1_450' title='bbox 2616 3138 2853 3199; x_wconf 82' lang='grc' dir='ltr'>πάντων,</span> <span class='ocrx_word' id='word_1_451' title='bbox 2878 3137 2938 3189; x_wconf 76' lang='grc' dir='ltr'><strong>τὸ</strong></span> <span class='ocrx_word' id='word_1_452' title='bbox 2960 3139 3225 3209; x_wconf 83' lang='grc' dir='ltr'>ταράττον</span> <span class='ocrx_word' id='word_1_453' title='bbox 3269 3139 3438 3208; x_wconf 78' lang='grc' dir='ltr'>ἡμᾶς,</span> <span class='ocrx_word' id='word_1_454' title='bbox 3461 3140 3543 3191; x_wconf 86' lang='grc' dir='ltr'>ὃτι</span> <span class='ocrx_word' id='word_1_455' title='bbox 3576 3138 3675 3190; x_wconf 75' lang='grc' dir='ltr'>καὶ</span> <span class='ocrx_word' id='word_1_456' title='bbox 3701 3137 3866 3190; x_wconf 75' lang='grc' dir='ltr'>αὐτοὶ</span> 
     </span>
    </p>
   </div>
   <div class='ocr_carea' id='block_1_64' title="bbox 593 3196 2171 3299">
    <p class='ocr_par' dir='ltr' id='par_1_64' title="bbox 593 3196 2167 3297">
     <span class='ocr_line' id='line_1_64' title="bbox 593 3196 2167 3297; baseline -0.003 -16"><span class='ocrx_word' id='word_1_457' title='bbox 593 3196 751 3281; x_wconf 75' lang='lat' dir='ltr'><strong>bonis</strong></span> <span class='ocrx_word' id='word_1_458' title='bbox 805 3227 1054 3296; x_wconf 67' lang='lat' dir='ltr'><strong>praebens</strong></span> <span class='ocrx_word' id='word_1_459' title='bbox 1092 3196 1316 3297; x_wconf 72' lang='lat' dir='ltr'><strong>gustum</strong></span> <span class='ocrx_word' id='word_1_460' title='bbox 1377 3227 1499 3297; x_wconf 85' lang='lat' dir='ltr'><strong>ejus</strong></span> <span class='ocrx_word' id='word_1_461' title='bbox 1543 3225 1960 3281; x_wconf 88' lang='lat' dir='ltr'><strong>miraculorum.</strong></span> <span class='ocrx_word' id='word_1_462' title='bbox 2009 3224 2167 3291; x_wconf 88' lang='lat' dir='ltr'><strong>Quod</strong></span> 
     </span>
    </p>
   </div>
   <div class='ocr_carea' id='block_1_65' title="bbox 2275 3196 3867 3299">
    <p class='ocr_par' dir='ltr' id='par_1_65' title="bbox 2275 3228 3867 3299">
     <span class='ocr_line' id='line_1_65' title="bbox 2275 3228 3867 3299; baseline 0.002 -20"><span class='ocrx_word' id='word_1_463' title='bbox 2275 3228 2395 3279; x_wconf 84' lang='grc' dir='ltr'>ὅσον</span> <span class='ocrx_word' id='word_1_464' title='bbox 2419 3228 2527 3279; x_wconf 75' lang='grc' dir='ltr'>ἁπδ</span> <span class='ocrx_word' id='word_1_465' title='bbox 2549 3230 2649 3297; x_wconf 79' lang='grc' dir='ltr'>τῆς</span> <span class='ocrx_word' id='word_1_466' title='bbox 2673 3228 2781 3281; x_wconf 87' lang='grc' dir='ltr'><strong>τῶν</strong></span> <span class='ocrx_word' id='word_1_467' title='bbox 2808 3229 3215 3299; x_wconf 80' lang='grc' dir='ltr'>πεπραγμένων</span> <span class='ocrx_word' id='word_1_468' title='bbox 3237 3228 3548 3299; x_wconf 76' lang='grc' dir='ltr'>ἐξηγήσεως</span> <span class='ocrx_word' id='word_1_469' title='bbox 3569 3230 3714 3299; x_wconf 79' lang='grc' dir='ltr'>(οὐδὲ</span> <span class='ocrx_word' id='word_1_470' title='bbox 3752 3232 3867 3299; x_wconf 72' lang='grc' dir='ltr'><strong>γὰρ</strong></span> 
     </span>
    </p>
   </div>
   <div class='ocr_carea' id='block_1_66' title="bbox 591 3314 2167 3386">
    <p class='ocr_par' dir='ltr' id='par_1_66' title="bbox 591 3314 2167 3386">
     <span class='ocr_line' id='line_1_66' title="bbox 591 3314 2167 3386; baseline -0.002 -14"><span class='ocrx_word' id='word_1_471' title='bbox 591 3327 774 3374; x_wconf 82' lang='lat' dir='ltr'><strong>autem</strong></span> <span class='ocrx_word' id='word_1_472' title='bbox 811 3334 913 3374; x_wconf 90' lang='lat' dir='ltr'><strong>nos</strong></span> <span class='ocrx_word' id='word_1_473' title='bbox 939 3319 1186 3373; x_wconf 88' lang='lat' dir='ltr'><strong>omnium</strong></span> <span class='ocrx_word' id='word_1_474' title='bbox 1228 3319 1463 3374; x_wconf 74' lang='lat' dir='ltr'><strong>maxime</strong></span> <span class='ocrx_word' id='word_1_475' title='bbox 1508 3317 1827 3383; x_wconf 83' lang='lat' dir='ltr'><strong>conturbat,</strong></span> <span class='ocrx_word' id='word_1_476' title='bbox 1868 3327 1974 3380; x_wconf 87' lang='lat' dir='ltr'><strong>est,</strong></span> <span class='ocrx_word' id='word_1_477' title='bbox 2018 3314 2167 3386; x_wconf 91' lang='lat' dir='ltr'><strong>quod</strong></span> 
     </span>
    </p>
   </div>
   <div class='ocr_carea' id='block_1_67' title="bbox 594 3407 2179 3479">
    <p class='ocr_par' dir='ltr' id='par_1_67' title="bbox 594 3407 2179 3479">
     <span class='ocr_line' id='line_1_67' title="bbox 594 3407 2179 3479; baseline -0.002 -16"><span class='ocrx_word' id='word_1_478' title='bbox 594 3412 700 3479; x_wconf 89' lang='lat' dir='ltr'><strong>ipsi</strong></span> <span class='ocrx_word' id='word_1_479' title='bbox 756 3410 978 3466; x_wconf 89' lang='lat' dir='ltr'><strong>illorum</strong></span> <span class='ocrx_word' id='word_1_480' title='bbox 1037 3410 1411 3464; x_wconf 85' lang='lat' dir='ltr'><strong>narrationem</strong></span> <span class='ocrx_word' id='word_1_481' title='bbox 1475 3410 1696 3478; x_wconf 89' lang='lat' dir='ltr'><strong>(neque</strong></span> <span class='ocrx_word' id='word_1_482' title='bbox 1755 3407 1903 3465; x_wconf 89' lang='lat' dir='ltr'><strong>enim</strong></span> <span class='ocrx_word' id='word_1_483' title='bbox 1954 3407 2179 3463; x_wconf 86' lang='lat' dir='ltr'><strong>aliunde</strong></span> 
     </span>
    </p>
   </div>
   <div class='ocr_carea' id='block_1_68' title="bbox 596 3498 2180 3572">
    <p class='ocr_par' dir='ltr' id='par_1_68' title="bbox 596 3498 2180 3572">
     <span class='ocr_line' id='line_1_68' title="bbox 596 3498 2180 3572; baseline -0.001 -17"><span class='ocrx_word' id='word_1_484' title='bbox 596 3500 901 3570; x_wconf 82' lang='lat' dir='ltr'><strong>quidquam</strong></span> <span class='ocrx_word' id='word_1_485' title='bbox 987 3499 1291 3572; x_wconf 87' lang='lat' dir='ltr'><strong>habemus)</strong></span> <span class='ocrx_word' id='word_1_486' title='bbox 1352 3502 1510 3572; x_wconf 86' lang='lat' dir='ltr'><strong>sequi</strong></span> <span class='ocrx_word' id='word_1_487' title='bbox 1585 3501 1907 3557; x_wconf 85' lang='lat' dir='ltr'><strong>debeamus.</strong></span> <span class='ocrx_word' id='word_1_488' title='bbox 1971 3498 2049 3555; x_wconf 88' lang='lat' dir='ltr'><strong>Ea</strong></span> <span class='ocrx_word' id='word_1_489' title='bbox 2110 3500 2180 3553; x_wconf 91' lang='lat' dir='ltr'><strong>de</strong></span> 
     </span>
    </p>
   </div>
   <div class='ocr_carea' id='block_1_69' title="bbox 592 3589 2181 3662">
    <p class='ocr_par' dir='ltr' id='par_1_69' title="bbox 592 3589 2181 3662">
     <span class='ocr_line' id='line_1_69' title="bbox 592 3589 2181 3662; baseline 0 -17"><span class='ocrx_word' id='word_1_490' title='bbox 592 3607 756 3647; x_wconf 86' lang='lat' dir='ltr'><strong>causa</strong></span> <span class='ocrx_word' id='word_1_491' title='bbox 791 3591 1028 3662; x_wconf 89' lang='lat' dir='ltr'><strong>petimus</strong></span> <span class='ocrx_word' id='word_1_492' title='bbox 1050 3594 1212 3649; x_wconf 89' lang='lat' dir='ltr'><strong>nobis</strong></span> <span class='ocrx_word' id='word_1_493' title='bbox 1243 3594 1361 3647; x_wconf 90' lang='lat' dir='ltr'><strong>dari</strong></span> <span class='ocrx_word' id='word_1_494' title='bbox 1390 3594 1608 3647; x_wconf 83' lang='lat' dir='ltr'><strong>veniam</strong></span> <span class='ocrx_word' id='word_1_495' title='bbox 1635 3594 1702 3647; x_wconf 83' lang='lat' dir='ltr'><strong>ab</strong></span> <span class='ocrx_word' id='word_1_496' title='bbox 1741 3592 1808 3646; x_wconf 91' lang='lat' dir='ltr'><strong>iis</strong></span> <span class='ocrx_word' id='word_1_497' title='bbox 1847 3590 1942 3661; x_wconf 91' lang='lat' dir='ltr'><strong>qui</strong></span> <span class='ocrx_word' id='word_1_498' title='bbox 1995 3589 2181 3661; x_wconf 83' lang='lat' dir='ltr'><strong>legent</strong></span> 
     </span>
    </p>
   </div>
   <div class='ocr_carea' id='block_1_70' title="bbox 594 3682 2181 3752">
    <p class='ocr_par' dir='ltr' id='par_1_70' title="bbox 594 3682 2181 3752">
     <span class='ocr_line' id='line_1_70' title="bbox 594 3682 2181 3752; baseline -0.001 -14"><span class='ocrx_word' id='word_1_499' title='bbox 594 3700 659 3738; x_wconf 90' lang='lat' dir='ltr'><strong>ca</strong></span> <span class='ocrx_word' id='word_1_500' title='bbox 692 3699 815 3752; x_wconf 70' lang='lat' dir='ltr'><strong>qua:</strong></span> <span class='ocrx_word' id='word_1_501' title='bbox 846 3694 995 3746; x_wconf 90' lang='lat' dir='ltr'><strong>sunt,</strong></span> <span class='ocrx_word' id='word_1_502' title='bbox 1024 3699 1052 3737; x_wconf 89' lang='lat' dir='ltr'><strong>a</strong></span> <span class='ocrx_word' id='word_1_503' title='bbox 1088 3684 1249 3738; x_wconf 91' lang='lat' dir='ltr'><strong>nobis</strong></span> <span class='ocrx_word' id='word_1_504' title='bbox 1293 3682 1595 3748; x_wconf 88' lang='lat' dir='ltr'><strong>elaborata,</strong></span> <span class='ocrx_word' id='word_1_505' title='bbox 1646 3693 1707 3738; x_wconf 88' lang='lat' dir='ltr'><strong>ut</strong></span> <span class='ocrx_word' id='word_1_506' title='bbox 1742 3698 1844 3739; x_wconf 90' lang='lat' dir='ltr'><strong>nos</strong></span> <span class='ocrx_word' id='word_1_507' title='bbox 1898 3698 2007 3737; x_wconf 91' lang='lat' dir='ltr'><strong>non</strong></span> <span class='ocrx_word' id='word_1_508' title='bbox 2049 3697 2181 3737; x_wconf 92' lang='lat' dir='ltr'><strong>con-</strong></span> 
     </span>
    </p>
   </div>
   <div class='ocr_carea' id='block_1_71' title="bbox 596 3774 2182 3847">
    <p class='ocr_par' dir='ltr' id='par_1_71' title="bbox 596 3774 2182 3847">
     <span class='ocr_line' id='line_1_71' title="bbox 596 3774 2182 3847; baseline -0.004 -15"><span class='ocrx_word' id='word_1_509' title='bbox 596 3778 861 3832; x_wconf 84' lang='lat' dir='ltr'><strong>demnent</strong></span> <span class='ocrx_word' id='word_1_510' title='bbox 906 3776 1275 3846; x_wconf 62' lang='lat' dir='ltr'><strong>negligentiae,</strong></span> <span class='ocrx_word' id='word_1_511' title='bbox 1321 3790 1504 3847; x_wconf 87' lang='lat' dir='ltr'><strong>neque</strong></span> <span class='ocrx_word' id='word_1_512' title='bbox 1546 3777 1691 3830; x_wconf 87' lang='lat' dir='ltr'><strong>hanc</strong></span> <span class='ocrx_word' id='word_1_513' title='bbox 1719 3774 1944 3829; x_wconf 89' lang='lat' dir='ltr'><strong>minime</strong></span> <span class='ocrx_word' id='word_1_514' title='bbox 1973 3774 2182 3828; x_wconf 78' lang='lat' dir='ltr'><strong>exami-</strong></span> 
     </span>
    </p>
   </div>
   <div class='ocr_carea' id='block_1_72' title="bbox 598 3865 2177 3939">
    <p class='ocr_par' dir='ltr' id='par_1_72' title="bbox 598 3865 2177 3939">
     <span class='ocr_line' id='line_1_72' title="bbox 598 3865 2177 3939; baseline -0.002 -16"><span class='ocrx_word' id='word_1_515' title='bbox 598 3876 783 3923; x_wconf 86' lang='lat' dir='ltr'><strong>natam</strong></span> <span class='ocrx_word' id='word_1_516' title='bbox 812 3868 1068 3939; x_wconf 89' lang='lat' dir='ltr'><strong>rejiciant</strong></span> <span class='ocrx_word' id='word_1_517' title='bbox 1102 3868 1499 3923; x_wconf 86' lang='lat' dir='ltr'><strong>narrationem.</strong></span> <span class='ocrx_word' id='word_1_518' title='bbox 1527 3865 1716 3939; x_wconf 81' lang='lat' dir='ltr'><strong>Neque</strong></span> <span class='ocrx_word' id='word_1_519' title='bbox 1742 3866 1892 3922; x_wconf 90' lang='lat' dir='ltr'><strong>enim</strong></span> <span class='ocrx_word' id='word_1_520' title='bbox 1925 3874 2177 3923; x_wconf 86' lang='lat' dir='ltr'><strong>nostrum</strong></span> 
     </span>
    </p>
   </div>
   <div class='ocr_carea' id='block_1_73' title="bbox 598 3964 2178 4033">
    <p class='ocr_par' dir='ltr' id='par_1_73' title="bbox 598 3964 2178 4033">
     <span class='ocr_line' id='line_1_73' title="bbox 598 3964 2178 4033; baseline -0.001 -14"><span class='ocrx_word' id='word_1_521' title='bbox 598 3974 684 4020; x_wconf 77' lang='lat' dir='ltr'><strong>est</strong></span> <span class='ocrx_word' id='word_1_522' title='bbox 722 3964 829 4018; x_wconf 85' lang='lat' dir='ltr'><strong>hoc</strong></span> <span class='ocrx_word' id='word_1_523' title='bbox 862 3979 1029 4033; x_wconf 92' lang='lat' dir='ltr'><strong>opus,</strong></span> <span class='ocrx_word' id='word_1_524' title='bbox 1075 3974 1138 4018; x_wconf 91' lang='lat' dir='ltr'><strong>ut</strong></span> <span class='ocrx_word' id='word_1_525' title='bbox 1184 3965 1343 4032; x_wconf 91' lang='lat' dir='ltr'><strong>prius</strong></span> <span class='ocrx_word' id='word_1_526' title='bbox 1375 3964 1635 4030; x_wconf 80' lang='lat' dir='ltr'><strong>diximus,</strong></span> <span class='ocrx_word' id='word_1_527' title='bbox 1672 3964 1767 4019; x_wconf 88' lang='lat' dir='ltr'><strong>sed</strong></span> <span class='ocrx_word' id='word_1_528' title='bbox 1814 3965 2034 4019; x_wconf 84' lang='lat' dir='ltr'><strong>illorum</strong></span> <span class='ocrx_word' id='word_1_529' title='bbox 2082 3979 2178 4033; x_wconf 85' lang='lat' dir='ltr'><strong>po-</strong></span> 
     </span>
    </p>
   </div>
   <div class='ocr_carea' id='block_1_74' title="bbox 603 4054 2181 4127">
    <p class='ocr_par' dir='ltr' id='par_1_74' title="bbox 603 4054 2181 4127">
     <span class='ocr_line' id='line_1_74' title="bbox 603 4054 2181 4127; baseline -0.002 -17"><span class='ocrx_word' id='word_1_530' title='bbox 603 4059 736 4121; x_wconf 78' lang='lat' dir='ltr'><strong>tius,</strong></span> <span class='ocrx_word' id='word_1_531' title='bbox 762 4072 901 4127; x_wconf 90' lang='lat' dir='ltr'><strong>quos</strong></span> <span class='ocrx_word' id='word_1_532' title='bbox 926 4071 1118 4112; x_wconf 91' lang='lat' dir='ltr'><strong>sumus</strong></span> <span class='ocrx_word' id='word_1_533' title='bbox 1150 4055 1347 4111; x_wconf 88' lang='lat' dir='ltr'><strong>secuti.</strong></span> <span class='ocrx_word' id='word_1_534' title='bbox 1381 4055 1519 4110; x_wconf 89' lang='lat' dir='ltr'><strong>lllud</strong></span> <span class='ocrx_word' id='word_1_535' title='bbox 1555 4057 1740 4125; x_wconf 89' lang='lat' dir='ltr'><strong>itaque</strong></span> <span class='ocrx_word' id='word_1_536' title='bbox 1792 4054 2057 4110; x_wconf 79' lang='lat' dir='ltr'><strong>Herodoti</strong></span> <span class='ocrx_word' id='word_1_537' title='bbox 2089 4054 2181 4108; x_wconf 91' lang='lat' dir='ltr'><strong>hic</strong></span> 
     </span>
    </p>
   </div>
   <div class='ocr_carea' id='block_1_75' title="bbox 600 4143 2177 4217">
    <p class='ocr_par' dir='ltr' id='par_1_75' title="bbox 600 4143 2177 4217">
     <span class='ocr_line' id='line_1_75' title="bbox 600 4143 2177 4217; baseline 0.003 -16"><span class='ocrx_word' id='word_1_538' title='bbox 600 4147 804 4217; x_wconf 82' lang='lat' dir='ltr'><strong>poterit</strong></span> <span class='ocrx_word' id='word_1_539' title='bbox 836 4145 1123 4201; x_wconf 87' lang='lat' dir='ltr'><strong>commode</strong></span> <span class='ocrx_word' id='word_1_540' title='bbox 1155 4145 1302 4202; x_wconf 61' lang='lat' dir='ltr'><strong>dicir:</strong></span> <span class='ocrx_word' id='word_1_541' title='bbox 1349 4160 1469 4203; x_wconf 85' lang='lat' dir='ltr'><strong>esse</strong></span> <span class='ocrx_word' id='word_1_542' title='bbox 1502 4148 1687 4217; x_wconf 85' lang='lat' dir='ltr'><strong>potius</strong></span> <span class='ocrx_word' id='word_1_543' title='bbox 1716 4144 1879 4201; x_wconf 67' lang='lat' dir='ltr'><strong>lstiai</strong></span> <span class='ocrx_word' id='word_1_544' title='bbox 1910 4143 2177 4205; x_wconf 85' lang='lat' dir='ltr'><strong>calceum.</strong></span> 
     </span>
    </p>
   </div>
   <div class='ocr_carea' id='block_1_76' title="bbox 601 4235 1687 4312">
    <p class='ocr_par' dir='ltr' id='par_1_76' title="bbox 601 4235 1687 4312">
     <span class='ocr_line' id='line_1_76' title="bbox 601 4235 1687 4312; baseline -0.002 -17"><span class='ocrx_word' id='word_1_545' title='bbox 601 4237 819 4295; x_wconf 87' lang='lat' dir='ltr'><strong>etiamsi</strong></span> <span class='ocrx_word' id='word_1_546' title='bbox 849 4239 1029 4309; x_wconf 89' lang='lat' dir='ltr'><strong>ipsum</strong></span> <span class='ocrx_word' id='word_1_547' title='bbox 1053 4237 1294 4295; x_wconf 88' lang='lat' dir='ltr'><strong>induerit</strong></span> <span class='ocrx_word' id='word_1_548' title='bbox 1320 4235 1687 4312; x_wconf 73' lang='lat' dir='ltr'><strong>Aristagorae.</strong></span> 
     </span>
    </p>
   </div>
   <div class='ocr_carea' id='block_1_77' title="bbox 2277 3318 3869 3391">
    <p class='ocr_par' dir='ltr' id='par_1_77' title="bbox 2277 3318 3869 3391">
     <span class='ocr_line' id='line_1_77' title="bbox 2277 3318 3869 3391; baseline 0.002 -21"><span class='ocrx_word' id='word_1_549' title='bbox 2277 3318 2453 3389; x_wconf 85' lang='grc' dir='ltr'>παρὸν</span> <span class='ocrx_word' id='word_1_550' title='bbox 2480 3319 2725 3388; x_wconf 69' lang='grc' dir='ltr'>ἄλλοθεν)</span> <span class='ocrx_word' id='word_1_551' title='bbox 2763 3319 3079 3374; x_wconf 69' lang='grc' dir='ltr'>ἀκολουθεῖν</span> <span class='ocrx_word' id='word_1_552' title='bbox 3124 3320 3309 3382; x_wconf 75' lang='grc' dir='ltr'>αὐτοῖς</span> <span class='ocrx_word' id='word_1_553' title='bbox 3351 3320 3637 3389; x_wconf 82' lang='grc' dir='ltr'>μέλλομεν.</span> <span class='ocrx_word' id='word_1_554' title='bbox 3672 3322 3869 3391; x_wconf 75' lang='grc' dir='ltr'>Ταύτῃ</span> 
     </span>
    </p>
   </div>
   <div class='ocr_carea' id='block_1_78' title="bbox 2271 3412 3871 3485">
    <p class='ocr_par' dir='ltr' id='par_1_78' title="bbox 2271 3412 3871 3485">
     <span class='ocr_line' id='line_1_78' title="bbox 2271 3412 3871 3485; baseline 0 -19"><span class='ocrx_word' id='word_1_555' title='bbox 2271 3430 2355 3466; x_wconf 86' lang='grc' dir='ltr'><strong>τοι</strong></span> <span class='ocrx_word' id='word_1_556' title='bbox 2380 3414 2479 3467; x_wconf 79' lang='grc' dir='ltr'>καὶ</span> <span class='ocrx_word' id='word_1_557' title='bbox 2509 3413 2839 3485; x_wconf 80' lang='grc' dir='ltr'>συγγνώμην</span> <span class='ocrx_word' id='word_1_558' title='bbox 2874 3413 2982 3467; x_wconf 79' lang='grc' dir='ltr'>άπὸ</span> <span class='ocrx_word' id='word_1_559' title='bbox 3008 3412 3118 3466; x_wconf 85' lang='grc' dir='ltr'><strong>τῶν</strong></span> <span class='ocrx_word' id='word_1_560' title='bbox 3142 3413 3590 3483; x_wconf 70' lang='grc' dir='ltr'>ἐντυγχανόντων</span> <span class='ocrx_word' id='word_1_561' title='bbox 3618 3416 3740 3477; x_wconf 77' lang='grc' dir='ltr'>τοῖς</span> <span class='ocrx_word' id='word_1_562' title='bbox 3768 3432 3871 3466; x_wconf 80' lang='grc' dir='ltr'>πε-</span> 
     </span>
    </p>
   </div>
   <div class='ocr_carea' id='block_1_79' title="bbox 2274 3505 3870 3578">
    <p class='ocr_par' dir='ltr' id='par_1_79' title="bbox 2274 3505 3870 3578">
     <span class='ocr_line' id='line_1_79' title="bbox 2274 3505 3870 3578; baseline 0 -18"><span class='ocrx_word' id='word_1_563' title='bbox 2274 3507 2605 3575; x_wconf 67' lang='grc' dir='ltr'>πονημένοις</span> <span class='ocrx_word' id='word_1_564' title='bbox 2632 3507 2764 3575; x_wconf 76' lang='grc' dir='ltr'>ἡμῖν</span> <span class='ocrx_word' id='word_1_565' title='bbox 2796 3506 3078 3577; x_wconf 76' lang='grc' dir='ltr'>αἰτοῦμεν,</span> <span class='ocrx_word' id='word_1_566' title='bbox 3104 3505 3245 3560; x_wconf 81' lang='grc' dir='ltr'>ὥστε</span> <span class='ocrx_word' id='word_1_567' title='bbox 3287 3507 3361 3578; x_wconf 85' lang='grc' dir='ltr'>μὴ</span> <span class='ocrx_word' id='word_1_568' title='bbox 3398 3506 3688 3575; x_wconf 82' lang='grc' dir='ltr'>ἀμέλειαν,</span> <span class='ocrx_word' id='word_1_569' title='bbox 3738 3507 3870 3577; x_wconf 72' lang='grc' dir='ltr'>μηδ’</span> 
     </span>
    </p>
   </div>
   <div class='ocr_carea' id='block_1_80' title="bbox 2273 3600 3872 3673">
    <p class='ocr_par' dir='ltr' id='par_1_80' title="bbox 2273 3600 3872 3673">
     <span class='ocr_line' id='line_1_80' title="bbox 2273 3600 3872 3673; baseline -0.002 -18"><span class='ocrx_word' id='word_1_570' title='bbox 2273 3602 2568 3673; x_wconf 78' lang='grc' dir='ltr'>ὀλιγωρίαν</span> <span class='ocrx_word' id='word_1_571' title='bbox 2602 3601 2704 3672; x_wconf 84' lang='grc' dir='ltr'>τῆς</span> <span class='ocrx_word' id='word_1_572' title='bbox 2732 3602 3104 3658; x_wconf 79' lang='grc' dir='ltr'>ἀὸασανίστου</span> <span class='ocrx_word' id='word_1_573' title='bbox 3135 3602 3344 3673; x_wconf 85' lang='grc' dir='ltr'>ταύτης</span> <span class='ocrx_word' id='word_1_574' title='bbox 3372 3600 3872 3669; x_wconf 79' lang='grc' dir='ltr'>καταψηφίζεσθαι</span> 
     </span>
    </p>
   </div>
   <div class='ocr_carea' id='block_1_81' title="bbox 2274 3693 3877 3765">
    <p class='ocr_par' dir='ltr' id='par_1_81' title="bbox 2274 3693 3877 3765">
     <span class='ocr_line' id='line_1_81' title="bbox 2274 3693 3877 3765; baseline -0.002 -18"><span class='ocrx_word' id='word_1_575' title='bbox 2274 3694 2579 3764; x_wconf 82' lang='grc' dir='ltr'>διηγήσεως</span> <span class='ocrx_word' id='word_1_576' title='bbox 2603 3711 2617 3725; x_wconf 89' lang='grc'>·</span> <span class='ocrx_word' id='word_1_577' title='bbox 2649 3695 2770 3749; x_wconf 79' lang='grc' dir='ltr'><strong>ούδέ</strong></span> <span class='ocrx_word' id='word_1_578' title='bbox 2824 3698 2933 3765; x_wconf 83' lang='grc' dir='ltr'>γὰρ</span> <span class='ocrx_word' id='word_1_579' title='bbox 2977 3696 3272 3765; x_wconf 79' lang='grc' dir='ltr'>ἡμέτερον,</span> <span class='ocrx_word' id='word_1_580' title='bbox 3302 3693 3491 3762; x_wconf 73' lang='grc' dir='ltr'>ὥσπερ</span> <span class='ocrx_word' id='word_1_581' title='bbox 3519 3694 3762 3760; x_wconf 78' lang='grc' dir='ltr'>ἔφημεν,</span> <span class='ocrx_word' id='word_1_582' title='bbox 3810 3693 3877 3744; x_wconf 77' lang='grc' dir='ltr'>τὸ</span> 
     </span>
    </p>
   </div>
   <div class='ocr_carea' id='block_1_82' title="bbox 2276 3782 3874 3855">
    <p class='ocr_par' dir='ltr' id='par_1_82' title="bbox 2276 3782 3874 3855">
     <span class='ocr_line' id='line_1_82' title="bbox 2276 3782 3874 3855; baseline 0.001 -21"><span class='ocrx_word' id='word_1_583' title='bbox 2276 3784 2638 3854; x_wconf 85' lang='grc' dir='ltr'>προκείμενον</span> <span class='ocrx_word' id='word_1_584' title='bbox 2683 3784 2880 3854; x_wconf 68' lang='grc' dir='ltr'>ἔργον,</span> <span class='ocrx_word' id='word_1_585' title='bbox 2915 3782 3031 3838; x_wconf 80' lang='grc' dir='ltr'>ἀλλ’</span> <span class='ocrx_word' id='word_1_586' title='bbox 3069 3783 3230 3855; x_wconf 83' lang='grc' dir='ltr'>ίχνῶν</span> <span class='ocrx_word' id='word_1_587' title='bbox 3264 3784 3471 3854; x_wconf 80' lang='grc' dir='ltr'>ἐτέρων</span> <span class='ocrx_word' id='word_1_588' title='bbox 3509 3782 3874 3851; x_wconf 80' lang='grc' dir='ltr'>παρακολού-</span> 
     </span>
    </p>
   </div>
   <div class='ocr_carea' id='block_1_83' title="bbox 2277 3873 3877 3948">
    <p class='ocr_par' dir='ltr' id='par_1_83' title="bbox 2277 3873 3877 3948">
     <span class='ocr_line' id='line_1_83' title="bbox 2277 3873 3877 3948; baseline 0 -20"><span class='ocrx_word' id='word_1_589' title='bbox 2277 3873 2448 3945; x_wconf 87' lang='grc' dir='ltr'>θημα.</span> <span class='ocrx_word' id='word_1_590' title='bbox 2481 3876 2787 3948; x_wconf 85' lang='grc' dir='ltr'>Τοιγαροῦν</span> <span class='ocrx_word' id='word_1_591' title='bbox 2836 3876 3118 3932; x_wconf 78' lang='grc' dir='ltr'>κάνταῦθα</span> <span class='ocrx_word' id='word_1_592' title='bbox 3173 3877 3236 3932; x_wconf 78' lang='grc' dir='ltr'>τὸ</span> <span class='ocrx_word' id='word_1_593' title='bbox 3290 3876 3627 3948; x_wconf 83' lang='grc' dir='ltr'>Ἦροδότειον</span> <span class='ocrx_word' id='word_1_594' title='bbox 3682 3877 3877 3929; x_wconf 75' lang='grc' dir='ltr'>ἐκεῖνο</span> 
     </span>
    </p>
   </div>
   <div class='ocr_carea' id='block_1_84' title="bbox 2275 3966 3878 4039">
    <p class='ocr_par' dir='ltr' id='par_1_84' title="bbox 2275 3966 3878 4039">
     <span class='ocr_line' id='line_1_84' title="bbox 2275 3966 3878 4039; baseline 0 -20"><span class='ocrx_word' id='word_1_595' title='bbox 2275 3966 2532 4033; x_wconf 73' lang='grc' dir='ltr'>λέγεσθαι</span> <span class='ocrx_word' id='word_1_596' title='bbox 2570 3968 2753 4039; x_wconf 83' lang='grc' dir='ltr'>χώραν</span> <span class='ocrx_word' id='word_1_597' title='bbox 2798 3969 2930 4036; x_wconf 80' lang='grc' dir='ltr'>ἐξει,</span> <span class='ocrx_word' id='word_1_598' title='bbox 2972 3969 3229 4023; x_wconf 85' lang='grc' dir='ltr'>Ἰστιαίου</span> <span class='ocrx_word' id='word_1_599' title='bbox 3262 3967 3324 4021; x_wconf 80' lang='grc' dir='ltr'>τὸ</span> <span class='ocrx_word' id='word_1_600' title='bbox 3361 3967 3618 4039; x_wconf 83' lang='grc' dir='ltr'>ὑπόδημα</span> <span class='ocrx_word' id='word_1_601' title='bbox 3654 3967 3878 4036; x_wconf 75' lang='grc' dir='ltr'>μᾶλλον</span> 
     </span>
    </p>
   </div>
   <div class='ocr_carea' id='block_1_85' title="bbox 2275 4052 3881 4128">
    <p class='ocr_par' dir='ltr' id='par_1_85' title="bbox 2275 4052 3881 4128">
     <span class='ocr_line' id='line_1_85' title="bbox 2275 4052 3881 4128; baseline 0.002 -20"><span class='ocrx_word' id='word_1_602' title='bbox 2275 4052 2436 4122; x_wconf 81' lang='grc' dir='ltr'>εἶναι,</span> <span class='ocrx_word' id='word_1_603' title='bbox 2481 4059 2530 4110; x_wconf 85' lang='grc' dir='ltr'><strong>εί</strong></span> <span class='ocrx_word' id='word_1_604' title='bbox 2588 4059 2680 4110; x_wconf 77' lang='grc' dir='ltr'>καὶ</span> <span class='ocrx_word' id='word_1_605' title='bbox 2720 4059 3115 4128; x_wconf 80' lang='grc' dir='ltr'>Ἀρισταγόρας</span> <span class='ocrx_word' id='word_1_606' title='bbox 3153 4057 3288 4113; x_wconf 80' lang='grc' dir='ltr'>αὐτὸ</span> <span class='ocrx_word' id='word_1_607' title='bbox 3332 4058 3654 4112; x_wconf 85' lang='grc' dir='ltr'>ἐπεδύσατο.</span> <span class='ocrx_word' id='word_1_608' title='bbox 3708 4058 3881 4128; x_wconf 84' lang='grc' dir='ltr'>Ἔχει</span> 
     </span>
    </p>
   </div>
   <div class='ocr_carea' id='block_1_86' title="bbox 2280 4146 2853 4216">
    <p class='ocr_par' dir='ltr' id='par_1_86' title="bbox 2280 4146 2853 4216">
     <span class='ocr_line' id='line_1_86' title="bbox 2280 4146 2853 4216; baseline 0.007 -17"><span class='ocrx_word' id='word_1_609' title='bbox 2280 4147 2467 4216; x_wconf 82' lang='grc' dir='ltr'>μέντοι</span> <span class='ocrx_word' id='word_1_610' title='bbox 2494 4146 2615 4201; x_wconf 85' lang='grc' dir='ltr'>τόδε</span> <span class='ocrx_word' id='word_1_611' title='bbox 2656 4146 2853 4211; x_wconf 78' lang='grc' dir='ltr'>οὕτως.</span> 
     </span>
    </p>
   </div>
   <div class='ocr_carea' id='block_1_87' title="bbox 2049 4387 2355 4446">
    <p class='ocr_par' dir='ltr' id='par_1_87' title="bbox 2049 4387 2355 4446">
     <span class='ocr_line' id='line_1_87' title="bbox 2049 4387 2355 4446; baseline 0 -3"><span class='ocrx_word' id='word_1_612' title='bbox 2049 4387 2273 4446; x_wconf 77' lang='lat' dir='ltr'><strong>CAPUT</strong></span> <span class='ocrx_word' id='word_1_613' title='bbox 2314 4390 2355 4443; x_wconf 79' lang='grc' dir='ltr'><strong>Ι.</strong></span> 
     </span>
    </p>
   </div>
   <div class='ocr_carea' id='block_1_88' title="bbox 775 4525 3683 4669">
    <p class='ocr_par' dir='ltr' id='par_1_88' title="bbox 775 4525 3683 4669">
     <span class='ocr_line' id='line_1_88' title="bbox 775 4525 3683 4669; baseline -0.003 -84"><span class='ocrx_word' id='word_1_614' title='bbox 775 4529 1082 4601; x_wconf 72' lang='lat' dir='ltr'><strong>Sampsom&#39;s</strong></span> <span class='ocrx_word' id='word_1_615' title='bbox 1134 4546 1331 4601; x_wconf 75' lang='lat' dir='ltr'><strong>genus,</strong></span> <span class='ocrx_word' id='word_1_616' title='bbox 1388 4528 1605 4599; x_wconf 82' lang='lat' dir='ltr'><strong>patria,</strong></span> <span class='ocrx_word' id='word_1_617' title='bbox 1652 4525 1932 4650; x_wconf 50' lang='lat' dir='ltr'><strong>studium},</strong></span> <span class='ocrx_word' id='word_1_618' title='bbox 1964 4530 2264 4669; x_wconf 57' lang='lat' dir='ltr'><strong>bet/tinnitus</strong></span> <span class='ocrx_word' id='word_1_619' title='bbox 2439 4544 2696 4599; x_wconf 75' lang='lat' dir='ltr'><strong>pauperes</strong></span> <span class='ocrx_word' id='word_1_620' title='bbox 2754 4538 2804 4583; x_wconf 79' lang='lat' dir='ltr'><strong>et</strong></span> <span class='ocrx_word' id='word_1_621' title='bbox 2844 4538 3108 4600; x_wconf 63' lang='lat' dir='ltr'><strong>ingratos;</strong></span> <span class='ocrx_word' id='word_1_622' title='bbox 3142 4543 3269 4599; x_wconf 79' lang='lat' dir='ltr'><strong>erga</strong></span> <span class='ocrx_word' id='word_1_623' title='bbox 3311 4527 3683 4596; x_wconf 76' lang='lat' dir='ltr'><strong>imperatorem</strong></span> 
     </span>
     <span class='ocr_line' id='line_1_89' title="bbox 1938 4602 2497 4668; baseline 0 -17"><span class='ocrx_word' id='word_1_624' title='bbox 1938 4614 2030 4653; x_wconf 83' lang='lat' dir='ltr'><strong>ene</strong></span> <span class='ocrx_word' id='word_1_625' title='bbox 2054 4604 2245 4668; x_wconf 79' lang='lat' dir='ltr'><strong>icium,</strong></span> <span class='ocrx_word' id='word_1_626' title='bbox 2306 4617 2335 4655; x_wconf 88' lang='grc' dir='ltr'><strong>ο</strong></span> <span class='ocrx_word' id='word_1_627' title='bbox 2370 4602 2497 4654; x_wconf 77' lang='lat' dir='ltr'><strong>itus.</strong></span> 
     </span>
    </p>
   </div>
   <div class='ocr_carea' id='block_1_89' title="bbox 1938 4602 2497 4668">
    <p class='ocr_par' dir='ltr' id='par_1_89' title="bbox 1938 4602 2497 4668">
     <span class='ocr_line' id='line_1_90' title="bbox 1938 4602 2497 4668; baseline 0 -17"><span class='ocrx_word' id='word_1_628' title='bbox 1938 4604 2214 4668; x_wconf 79' lang='lat' dir='ltr'><strong>ene/icium</strong></span> <span class='ocrx_word' id='word_1_629' title='bbox 2231 4642 2245 4668; x_wconf 92' lang='lat'><strong>,</strong></span> <span class='ocrx_word' id='word_1_630' title='bbox 2306 4602 2497 4655; x_wconf 77' lang='lat' dir='ltr'><strong>obitus.</strong></span> 
     </span>
    </p>
   </div>
   <div class='ocr_carea' id='block_1_90' title="bbox 678 4752 2171 4831">
    <p class='ocr_par' dir='ltr' id='par_1_90' title="bbox 678 4757 2171 4830">
     <span class='ocr_line' id='line_1_91' title="bbox 678 4757 2171 4830; baseline -0.004 -13"><span class='ocrx_word' id='word_1_631' title='bbox 678 4763 740 4817; x_wconf 82' lang='lat' dir='ltr'><strong>ll.</strong></span> <span class='ocrx_word' id='word_1_632' title='bbox 785 4762 888 4815; x_wconf 85' lang='lat' dir='ltr'><strong>Hic</strong></span> <span class='ocrx_word' id='word_1_633' title='bbox 927 4776 1057 4830; x_wconf 80' lang='lat' dir='ltr'><strong>ergo</strong></span> <span class='ocrx_word' id='word_1_634' title='bbox 1103 4775 1352 4830; x_wconf 84' lang='lat' dir='ltr'><strong>magnus,</strong></span> <span class='ocrx_word' id='word_1_635' title='bbox 1403 4769 1458 4813; x_wconf 90' lang='lat' dir='ltr'><strong>et</strong></span> <span class='ocrx_word' id='word_1_636' title='bbox 1506 4761 1666 4829; x_wconf 88' lang='lat' dir='ltr'><strong>cujus</strong></span> <span class='ocrx_word' id='word_1_637' title='bbox 1722 4774 1941 4815; x_wconf 92' lang='lat' dir='ltr'><strong>omnem</strong></span> <span class='ocrx_word' id='word_1_638' title='bbox 1992 4757 2171 4813; x_wconf 81' lang='lat' dir='ltr'><strong>orberr</strong></span> 
     </span>
    </p>
   </div>
   <div class='ocr_carea' id='block_1_91' title="bbox 2275 4752 3887 4831">
    <p class='ocr_par' dir='ltr' id='par_1_91' title="bbox 2362 4752 3887 4831">
     <span class='ocr_line' id='line_1_92' title="bbox 2362 4752 3887 4831; baseline -0.003 -20"><span class='ocrx_word' id='word_1_639' title='bbox 2362 4758 2437 4815; x_wconf 68' lang='grc' dir='ltr'><strong>θ’.</strong></span> <span class='ocrx_word' id='word_1_640' title='bbox 2477 4760 2533 4813; x_wconf 84' lang='lat'><strong>&#39;0</strong></span> <span class='ocrx_word' id='word_1_641' title='bbox 2562 4761 2735 4831; x_wconf 70' lang='grc' dir='ltr'>μέγας</span> <span class='ocrx_word' id='word_1_642' title='bbox 2764 4752 2920 4820; x_wconf 74' lang='grc' dir='ltr'>οὗτος</span> <span class='ocrx_word' id='word_1_643' title='bbox 2960 4756 3051 4809; x_wconf 77' lang='grc' dir='ltr'>καὶ</span> <span class='ocrx_word' id='word_1_644' title='bbox 3081 4754 3169 4809; x_wconf 81' lang='grc' dir='ltr'><strong>διὰ</strong></span> <span class='ocrx_word' id='word_1_645' title='bbox 3202 4754 3384 4823; x_wconf 83' lang='grc' dir='ltr'>πάσης</span> <span class='ocrx_word' id='word_1_646' title='bbox 3410 4752 3745 4825; x_wconf 77' lang='grc' dir='ltr'>βεσοημένος</span> <span class='ocrx_word' id='word_1_647' title='bbox 3774 4756 3887 4823; x_wconf 81' lang='grc' dir='ltr'><strong>τῆς</strong></span> 
     </span>
    </p>
   </div>
   <div class='ocr_carea' id='block_1_92' title="bbox 609 4851 2190 4923">
    <p class='ocr_par' dir='ltr' id='par_1_92' title="bbox 609 4851 2190 4923">
     <span class='ocr_line' id='line_1_93' title="bbox 609 4851 2190 4923; baseline -0.001 -16"><span class='ocrx_word' id='word_1_648' title='bbox 609 4866 766 4909; x_wconf 66' lang='grc' dir='ltr'>ωτι-αι</span> <span class='ocrx_word' id='word_1_649' title='bbox 791 4856 1030 4923; x_wconf 81' lang='lat' dir='ltr'><strong>pervasit</strong></span> <span class='ocrx_word' id='word_1_650' title='bbox 1060 4853 1227 4917; x_wconf 79' lang='lat' dir='ltr'><strong>fama,</strong></span> <span class='ocrx_word' id='word_1_651' title='bbox 1264 4851 1529 4920; x_wconf 84' lang='lat' dir='ltr'><strong>Sampson</strong></span> <span class='ocrx_word' id='word_1_652' title='bbox 1555 4891 1569 4915; x_wconf 93' lang='lat'><strong>,</strong></span> <span class='ocrx_word' id='word_1_653' title='bbox 1594 4867 1768 4921; x_wconf 82' lang='lat' dir='ltr'><strong>genus</strong></span> <span class='ocrx_word' id='word_1_654' title='bbox 1789 4852 2008 4919; x_wconf 88' lang='lat' dir='ltr'><strong>quidem</strong></span> <span class='ocrx_word' id='word_1_655' title='bbox 2035 4851 2190 4905; x_wconf 82' lang='lat' dir='ltr'><strong>duxit</strong></span> 
     </span>
    </p>
   </div>
   <div class='ocr_carea' id='block_1_93' title="bbox 607 4942 2185 5014">
    <p class='ocr_par' dir='ltr' id='par_1_93' title="bbox 607 4942 2185 5014">
     <span class='ocr_line' id='line_1_94' title="bbox 607 4942 2185 5014; baseline -0.003 -15"><span class='ocrx_word' id='word_1_656' title='bbox 607 4963 673 5000; x_wconf 75' lang='lat' dir='ltr'><strong>ex</strong></span> <span class='ocrx_word' id='word_1_657' title='bbox 704 4947 792 5000; x_wconf 85' lang='lat' dir='ltr'><strong>illa</strong></span> <span class='ocrx_word' id='word_1_658' title='bbox 822 4944 1028 5002; x_wconf 89' lang='lat' dir='ltr'><strong>celebri</strong></span> <span class='ocrx_word' id='word_1_659' title='bbox 1060 4955 1117 5000; x_wconf 94' lang='lat' dir='ltr'><strong>et</strong></span> <span class='ocrx_word' id='word_1_660' title='bbox 1160 4944 1361 5014; x_wconf 90' lang='lat' dir='ltr'><strong>inclyta</strong></span> <span class='ocrx_word' id='word_1_661' title='bbox 1407 4943 1600 4998; x_wconf 80' lang='lat' dir='ltr'><strong>Roma.</strong></span> <span class='ocrx_word' id='word_1_662' title='bbox 1647 4942 1812 4997; x_wconf 83' lang='lat' dir='ltr'><strong>Ortus</strong></span> <span class='ocrx_word' id='word_1_663' title='bbox 1862 4952 1947 4997; x_wconf 87' lang='lat' dir='ltr'><strong>est</strong></span> <span class='ocrx_word' id='word_1_664' title='bbox 2000 4952 2185 4997; x_wconf 90' lang='lat' dir='ltr'><strong>autem</strong></span> 
     </span>
    </p>
   </div>
   <div class='ocr_carea' id='block_1_94' title="bbox 612 5033 2187 5107">
    <p class='ocr_par' dir='ltr' id='par_1_94' title="bbox 612 5033 2187 5107">
     <span class='ocr_line' id='line_1_95' title="bbox 612 5033 2187 5107; baseline -0.005 -13"><span class='ocrx_word' id='word_1_665' title='bbox 612 5053 719 5094; x_wconf 82' lang='lat' dir='ltr'><strong>non</strong></span> <span class='ocrx_word' id='word_1_666' title='bbox 754 5054 820 5093; x_wconf 80' lang='lat' dir='ltr'><strong>ex</strong></span> <span class='ocrx_word' id='word_1_667' title='bbox 853 5038 1191 5107; x_wconf 75' lang='lat' dir='ltr'><strong>ignobilibus</strong></span> <span class='ocrx_word' id='word_1_668' title='bbox 1226 5052 1330 5092; x_wconf 88' lang='lat' dir='ltr'><strong>nec</strong></span> <span class='ocrx_word' id='word_1_669' title='bbox 1360 5036 1678 5105; x_wconf 77' lang='lat' dir='ltr'><strong>vulgaribus</strong></span> <span class='ocrx_word' id='word_1_670' title='bbox 1713 5035 2056 5105; x_wconf 86' lang='lat' dir='ltr'><strong>parentibus,</strong></span> <span class='ocrx_word' id='word_1_671' title='bbox 2090 5033 2187 5087; x_wconf 90' lang='lat' dir='ltr'><strong>sed</strong></span> 
     </span>
    </p>
   </div>
   <div class='ocr_carea' id='block_1_95' title="bbox 613 5125 2184 5199">
    <p class='ocr_par' dir='ltr' id='par_1_95' title="bbox 613 5125 2184 5199">
     <span class='ocr_line' id='line_1_96' title="bbox 613 5125 2184 5199; baseline -0.003 -15"><span class='ocrx_word' id='word_1_672' title='bbox 613 5130 767 5185; x_wconf 86' lang='lat' dir='ltr'><strong>valde</strong></span> <span class='ocrx_word' id='word_1_673' title='bbox 798 5131 1045 5187; x_wconf 80' lang='lat' dir='ltr'><strong>honestis</strong></span> <span class='ocrx_word' id='word_1_674' title='bbox 1069 5136 1125 5184; x_wconf 80' lang='lat' dir='ltr'><strong>et</strong></span> <span class='ocrx_word' id='word_1_675' title='bbox 1163 5129 1372 5184; x_wconf 85' lang='lat' dir='ltr'><strong>claris:</strong></span> <span class='ocrx_word' id='word_1_676' title='bbox 1420 5143 1657 5199; x_wconf 89' lang='lat' dir='ltr'><strong>quorum</strong></span> <span class='ocrx_word' id='word_1_677' title='bbox 1705 5143 1912 5198; x_wconf 72' lang='lat' dir='ltr'><strong>magna:</strong></span> <span class='ocrx_word' id='word_1_678' title='bbox 1960 5125 2184 5197; x_wconf 87' lang='lat' dir='ltr'><strong>quidem</strong></span> 
     </span>
    </p>
   </div>
   <div class='ocr_carea' id='block_1_96' title="bbox 611 5218 2188 5291">
    <p class='ocr_par' dir='ltr' id='par_1_96' title="bbox 611 5218 2188 5291">
     <span class='ocr_line' id='line_1_97' title="bbox 611 5218 2188 5291; baseline -0.003 -14"><span class='ocrx_word' id='word_1_679' title='bbox 611 5230 771 5277; x_wconf 79' lang='lat' dir='ltr'><strong>erant</strong></span> <span class='ocrx_word' id='word_1_680' title='bbox 823 5237 976 5291; x_wconf 86' lang='lat' dir='ltr'><strong>opes,</strong></span> <span class='ocrx_word' id='word_1_681' title='bbox 1022 5236 1196 5291; x_wconf 87' lang='lat' dir='ltr'><strong>genus</strong></span> <span class='ocrx_word' id='word_1_682' title='bbox 1237 5229 1418 5274; x_wconf 86' lang='lat' dir='ltr'><strong>autem</strong></span> <span class='ocrx_word' id='word_1_683' title='bbox 1450 5220 1760 5275; x_wconf 89' lang='lat' dir='ltr'><strong>ducebatur</strong></span> <span class='ocrx_word' id='word_1_684' title='bbox 1813 5234 1876 5272; x_wconf 80' lang='lat' dir='ltr'><strong>ex</strong></span> <span class='ocrx_word' id='word_1_685' title='bbox 1924 5218 2188 5288; x_wconf 83' lang='lat' dir='ltr'><strong>sanguine</strong></span> 
     </span>
    </p>
   </div>
   <div class='ocr_carea' id='block_1_97' title="bbox 613 5312 2187 5384">
    <p class='ocr_par' dir='ltr' id='par_1_97' title="bbox 613 5312 2187 5384">
     <span class='ocr_line' id='line_1_98' title="bbox 613 5312 2187 5384; baseline -0.001 -17"><span class='ocrx_word' id='word_1_686' title='bbox 613 5315 964 5384; x_wconf 87' lang='lat' dir='ltr'><strong>imperatoris</strong></span> <span class='ocrx_word' id='word_1_687' title='bbox 1018 5314 1117 5384; x_wconf 81' lang='grc' dir='ltr'><strong>(ι).</strong></span> <span class='ocrx_word' id='word_1_688' title='bbox 1164 5314 1271 5369; x_wconf 90' lang='lat' dir='ltr'><strong>Sed</strong></span> <span class='ocrx_word' id='word_1_689' title='bbox 1311 5329 1437 5368; x_wconf 92' lang='lat' dir='ltr'><strong>cum</strong></span> <span class='ocrx_word' id='word_1_690' title='bbox 1478 5313 1582 5367; x_wconf 81' lang='lat' dir='ltr'><strong>viri</strong></span> <span class='ocrx_word' id='word_1_691' title='bbox 1634 5312 1800 5381; x_wconf 90' lang='lat' dir='ltr'><strong>hujus</strong></span> <span class='ocrx_word' id='word_1_692' title='bbox 1850 5314 2070 5365; x_wconf 78' lang='lat' dir='ltr'><strong>maximi</strong></span> <span class='ocrx_word' id='word_1_693' title='bbox 2100 5325 2187 5366; x_wconf 89' lang='lat' dir='ltr'><strong>res</strong></span> 
     </span>
    </p>
   </div>
   <div class='ocr_carea' id='block_1_98' title="bbox 613 5404 2184 5474">
    <p class='ocr_par' dir='ltr' id='par_1_98' title="bbox 613 5404 2184 5474">
     <span class='ocr_line' id='line_1_99' title="bbox 613 5404 2184 5474; baseline -0.003 -14"><span class='ocrx_word' id='word_1_694' title='bbox 613 5414 853 5461; x_wconf 65' lang='lat' dir='ltr'><strong>externae</strong></span> <span class='ocrx_word' id='word_1_695' title='bbox 897 5406 970 5460; x_wconf 88' lang='lat' dir='ltr'><strong>ita</strong></span> <span class='ocrx_word' id='word_1_696' title='bbox 1013 5421 1072 5461; x_wconf 91' lang='lat' dir='ltr'><strong>se</strong></span> <span class='ocrx_word' id='word_1_697' title='bbox 1112 5404 1402 5470; x_wconf 86' lang='lat' dir='ltr'><strong>haberent,</strong></span> <span class='ocrx_word' id='word_1_698' title='bbox 1440 5419 1620 5474; x_wconf 89' lang='lat' dir='ltr'><strong>neque</strong></span> <span class='ocrx_word' id='word_1_699' title='bbox 1662 5404 1906 5457; x_wconf 84' lang='lat' dir='ltr'><strong>internas</strong></span> <span class='ocrx_word' id='word_1_700' title='bbox 1945 5417 2184 5471; x_wconf 88' lang='lat' dir='ltr'><strong>unquam</strong></span> 
     </span>
    </p>
   </div>
   <div class='ocr_carea' id='block_1_99' title="bbox 618 5494 2184 5568">
    <p class='ocr_par' dir='ltr' id='par_1_99' title="bbox 618 5494 2184 5568">
     <span class='ocr_line' id='line_1_100' title="bbox 618 5494 2184 5568; baseline -0.003 -18"><span class='ocrx_word' id='word_1_701' title='bbox 618 5498 876 5568; x_wconf 79' lang='lat' dir='ltr'><strong>neglexit.</strong></span> <span class='ocrx_word' id='word_1_702' title='bbox 912 5497 1044 5551; x_wconf 85' lang='lat' dir='ltr'><strong>Nam</strong></span> <span class='ocrx_word' id='word_1_703' title='bbox 1068 5507 1125 5552; x_wconf 91' lang='lat' dir='ltr'><strong>et</strong></span> <span class='ocrx_word' id='word_1_704' title='bbox 1155 5496 1373 5551; x_wconf 88' lang='lat' dir='ltr'><strong>virtutis</strong></span> <span class='ocrx_word' id='word_1_705' title='bbox 1420 5509 1669 5566; x_wconf 88' lang='lat' dir='ltr'><strong>magnam</strong></span> <span class='ocrx_word' id='word_1_706' title='bbox 1709 5508 1897 5549; x_wconf 90' lang='lat' dir='ltr'><strong>curam</strong></span> <span class='ocrx_word' id='word_1_707' title='bbox 1935 5494 2184 5564; x_wconf 88' lang='lat' dir='ltr'><strong>gerebat,</strong></span> 
     </span>
    </p>
   </div>
   <div class='ocr_carea' id='block_1_100' title="bbox 616 5584 2188 5658">
    <p class='ocr_par' dir='ltr' id='par_1_100' title="bbox 616 5584 2188 5658">
     <span class='ocr_line' id='line_1_101' title="bbox 616 5584 2188 5658; baseline -0.003 -17"><span class='ocrx_word' id='word_1_708' title='bbox 616 5597 671 5641; x_wconf 85' lang='lat' dir='ltr'><strong>et</strong></span> <span class='ocrx_word' id='word_1_709' title='bbox 708 5589 906 5644; x_wconf 65' lang='lat' dir='ltr'><strong>divinae</strong></span> <span class='ocrx_word' id='word_1_710' title='bbox 932 5588 1229 5658; x_wconf 70' lang='lat' dir='ltr'><strong>Scriptum</strong></span> <span class='ocrx_word' id='word_1_711' title='bbox 1260 5587 1483 5644; x_wconf 84' lang='lat' dir='ltr'><strong>lectioni</strong></span> <span class='ocrx_word' id='word_1_712' title='bbox 1522 5594 1644 5642; x_wconf 88' lang='lat' dir='ltr'><strong>erat</strong></span> <span class='ocrx_word' id='word_1_713' title='bbox 1672 5584 1937 5649; x_wconf 90' lang='lat' dir='ltr'><strong>intentus,</strong></span> <span class='ocrx_word' id='word_1_714' title='bbox 1985 5593 2040 5638; x_wconf 86' lang='lat' dir='ltr'><strong>ct</strong></span> <span class='ocrx_word' id='word_1_715' title='bbox 2072 5593 2188 5637; x_wconf 87' lang='lat' dir='ltr'><strong>tan-</strong></span> 
     </span>
    </p>
   </div>
   <div class='ocr_carea' id='block_1_101' title="bbox 2282 4842 3887 4923">
    <p class='ocr_par' dir='ltr' id='par_1_101' title="bbox 2282 4842 3887 4923">
     <span class='ocr_line' id='line_1_102' title="bbox 2282 4842 3887 4923; baseline -0.004 -18"><span class='ocrx_word' id='word_1_716' title='bbox 2282 4853 2608 4923; x_wconf 78' lang='grc' dir='ltr'>οἰκουμένης</span> <span class='ocrx_word' id='word_1_717' title='bbox 2663 4850 2926 4922; x_wconf 80' lang='grc' dir='ltr'>Σαμψὼν,</span> <span class='ocrx_word' id='word_1_718' title='bbox 2977 4842 3126 4901; x_wconf 73' lang='grc' dir='ltr'>εἷλκε</span> <span class='ocrx_word' id='word_1_719' title='bbox 3175 4845 3275 4916; x_wconf 73' lang='grc' dir='ltr'><strong>μὶν</strong></span> <span class='ocrx_word' id='word_1_720' title='bbox 3323 4844 3386 4899; x_wconf 79' lang='grc' dir='ltr'>τὸ</span> <span class='ocrx_word' id='word_1_721' title='bbox 3430 4845 3588 4914; x_wconf 83' lang='grc' dir='ltr'>γένος</span> <span class='ocrx_word' id='word_1_722' title='bbox 3648 4843 3717 4898; x_wconf 81' lang='grc' dir='ltr'><strong>ἐκ</strong></span> <span class='ocrx_word' id='word_1_723' title='bbox 3772 4846 3887 4917; x_wconf 82' lang='grc' dir='ltr'>τῆς</span> 
     </span>
    </p>
   </div>
   <div class='ocr_carea' id='block_1_102' title="bbox 2284 4934 3886 5014">
    <p class='ocr_par' dir='ltr' id='par_1_102' title="bbox 2284 4934 3886 5014">
     <span class='ocr_line' id='line_1_103' title="bbox 2284 4934 3886 5014; baseline -0.004 -17"><span class='ocrx_word' id='word_1_724' title='bbox 2284 4942 2637 5014; x_wconf 82' lang='grc' dir='ltr'>περιωνύμου</span> <span class='ocrx_word' id='word_1_725' title='bbox 2663 4945 2759 4996; x_wconf 81' lang='grc' dir='ltr'>καὶ</span> <span class='ocrx_word' id='word_1_726' title='bbox 2792 4937 3086 5009; x_wconf 80' lang='grc' dir='ltr'>διαφανοῦς</span> <span class='ocrx_word' id='word_1_727' title='bbox 3134 4937 3322 5007; x_wconf 85' lang='grc' dir='ltr'>Ῥώμη</span> <span class='ocrx_word' id='word_1_728' title='bbox 3335 4955 3375 5003; x_wconf 79' lang='grc' dir='ltr'><strong>τ,</strong></span> <span class='ocrx_word' id='word_1_729' title='bbox 3410 4934 3648 5007; x_wconf 82' lang='grc' dir='ltr'>προῆλθε</span> <span class='ocrx_word' id='word_1_730' title='bbox 3673 4936 3739 4989; x_wconf 77' lang='grc' dir='ltr'>δὲ</span> <span class='ocrx_word' id='word_1_731' title='bbox 3772 4939 3886 4991; x_wconf 80' lang='grc' dir='ltr'>οὐκ</span> 
     </span>
    </p>
   </div>
   <div class='ocr_carea' id='block_1_103' title="bbox 2285 5028 3888 5105">
    <p class='ocr_par' dir='ltr' id='par_1_103' title="bbox 2285 5028 3888 5105">
     <span class='ocr_line' id='line_1_104' title="bbox 2285 5028 3888 5105; baseline -0.003 -17"><span class='ocrx_word' id='word_1_732' title='bbox 2285 5036 2345 5101; x_wconf 80' lang='grc' dir='ltr'>ἐξ</span> <span class='ocrx_word' id='word_1_733' title='bbox 2374 5036 2607 5104; x_wconf 82' lang='grc' dir='ltr'>ἀσήμων</span> <span class='ocrx_word' id='word_1_734' title='bbox 2650 5036 2758 5105; x_wconf 77' lang='grc' dir='ltr'>ἄρα</span> <span class='ocrx_word' id='word_1_735' title='bbox 2796 5034 2979 5098; x_wconf 88' lang='grc' dir='ltr'>τινῶν,</span> <span class='ocrx_word' id='word_1_736' title='bbox 3006 5032 3127 5085; x_wconf 68' lang='grc' dir='ltr'>οὐδὲ</span> <span class='ocrx_word' id='word_1_737' title='bbox 3165 5030 3275 5082; x_wconf 89' lang='grc' dir='ltr'><strong>τῶν</strong></span> <span class='ocrx_word' id='word_1_738' title='bbox 3302 5028 3693 5097; x_wconf 84' lang='grc' dir='ltr'>ἐπιτυχόντων,</span> <span class='ocrx_word' id='word_1_739' title='bbox 3729 5028 3888 5083; x_wconf 61' lang='grc' dir='ltr'>ἀλλὰ</span> 
     </span>
    </p>
   </div>
   <div class='ocr_carea' id='block_1_104' title="bbox 2285 5118 3889 5194">
    <p class='ocr_par' dir='ltr' id='par_1_104' title="bbox 2285 5118 3889 5194">
     <span class='ocr_line' id='line_1_105' title="bbox 2285 5118 3889 5194; baseline -0.005 -13"><span class='ocrx_word' id='word_1_740' title='bbox 2285 5129 2382 5181; x_wconf 79' lang='grc' dir='ltr'>καὶ</span> <span class='ocrx_word' id='word_1_741' title='bbox 2423 5127 2545 5178; x_wconf 83' lang='grc' dir='ltr'>λίαν</span> <span class='ocrx_word' id='word_1_742' title='bbox 2596 5125 2835 5194; x_wconf 85' lang='grc' dir='ltr'>εὐγενῶν</span> <span class='ocrx_word' id='word_1_743' title='bbox 2884 5142 2945 5180; x_wconf 91' lang='grc' dir='ltr'><strong>τε</strong></span> <span class='ocrx_word' id='word_1_744' title='bbox 2993 5123 3089 5178; x_wconf 77' lang='grc' dir='ltr'><strong>καὶ</strong></span> <span class='ocrx_word' id='word_1_745' title='bbox 3120 5120 3419 5188; x_wconf 77' lang='grc' dir='ltr'>περιδόξων</span> <span class='ocrx_word' id='word_1_746' title='bbox 3443 5138 3458 5152; x_wconf 78' lang='grc' dir='ltr'><strong>ο</strong></span> <span class='ocrx_word' id='word_1_747' title='bbox 3495 5118 3737 5172; x_wconf 76' lang='grc' dir='ltr'>πλούτου</span> <span class='ocrx_word' id='word_1_748' title='bbox 3774 5120 3889 5189; x_wconf 69' lang='grc' dir='ltr'>μὲν</span> 
     </span>
    </p>
   </div>
   <div class='ocr_carea' id='block_1_105' title="bbox 2286 5211 3893 5287">
    <p class='ocr_par' dir='ltr' id='par_1_105' title="bbox 2286 5211 3893 5287">
     <span class='ocr_line' id='line_1_106' title="bbox 2286 5211 3893 5287; baseline -0.003 -16"><span class='ocrx_word' id='word_1_749' title='bbox 2286 5218 2607 5287; x_wconf 74' lang='grc' dir='ltr'>περιουσίαν</span> <span class='ocrx_word' id='word_1_750' title='bbox 2666 5216 2871 5287; x_wconf 73' lang='grc' dir='ltr'>βαθέως</span> <span class='ocrx_word' id='word_1_751' title='bbox 2931 5216 3187 5286; x_wconf 78' lang='grc' dir='ltr'>ἐχόντων,</span> <span class='ocrx_word' id='word_1_752' title='bbox 3253 5211 3522 5282; x_wconf 85' lang='grc' dir='ltr'>βασιλικῷ</span> <span class='ocrx_word' id='word_1_753' title='bbox 3566 5211 3623 5263; x_wconf 86' lang='grc' dir='ltr'><strong>δέ</strong></span> <span class='ocrx_word' id='word_1_754' title='bbox 3666 5211 3893 5279; x_wconf 69' lang='grc' dir='ltr'>αἵματι</span> 
     </span>
    </p>
   </div>
   <div class='ocr_carea' id='block_1_106' title="bbox 2290 5300 3893 5378">
    <p class='ocr_par' dir='ltr' id='par_1_106' title="bbox 2290 5300 3893 5378">
     <span class='ocr_line' id='line_1_107' title="bbox 2290 5300 3893 5378; baseline -0.005 -13"><span class='ocrx_word' id='word_1_755' title='bbox 2290 5311 2430 5365; x_wconf 75' lang='grc' dir='ltr'>κατὰ</span> <span class='ocrx_word' id='word_1_756' title='bbox 2463 5310 2619 5378; x_wconf 83' lang='grc' dir='ltr'>γένος</span> <span class='ocrx_word' id='word_1_757' title='bbox 2650 5308 3115 5378; x_wconf 75' lang='grc' dir='ltr'>φαιδρυνομὲνων.</span> <span class='ocrx_word' id='word_1_758' title='bbox 3142 5306 3291 5375; x_wconf 39' lang='grc' dir='ltr'>Πλὴν,</span> <span class='ocrx_word' id='word_1_759' title='bbox 3316 5304 3452 5357; x_wconf 67' lang='grc' dir='ltr'>ἀλλὰ</span> <span class='ocrx_word' id='word_1_760' title='bbox 3485 5302 3593 5355; x_wconf 83' lang='grc' dir='ltr'><strong>τῶν</strong></span> <span class='ocrx_word' id='word_1_761' title='bbox 3622 5300 3893 5372; x_wconf 81' lang='grc' dir='ltr'>θύραθεν</span> 
     </span>
    </p>
   </div>
   <div class='ocr_carea' id='block_1_107' title="bbox 2289 5393 3893 5470">
    <p class='ocr_par' dir='ltr' id='par_1_107' title="bbox 2289 5393 3893 5470">
     <span class='ocr_line' id='line_1_108' title="bbox 2289 5393 3893 5470; baseline -0.004 -15"><span class='ocrx_word' id='word_1_762' title='bbox 2289 5405 2318 5455; x_wconf 87' lang='grc' dir='ltr'><strong>ό</strong></span> <span class='ocrx_word' id='word_1_763' title='bbox 2348 5402 2657 5470; x_wconf 80' lang='grc' dir='ltr'>Παμμέγας</span> <span class='ocrx_word' id='word_1_764' title='bbox 2707 5397 2879 5461; x_wconf 82' lang='grc' dir='ltr'>οὕτως</span> <span class='ocrx_word' id='word_1_765' title='bbox 2919 5398 3080 5467; x_wconf 74' lang='grc' dir='ltr'>ἔχων,</span> <span class='ocrx_word' id='word_1_766' title='bbox 3125 5394 3248 5449; x_wconf 80' lang='grc' dir='ltr'>οὐδὲ</span> <span class='ocrx_word' id='word_1_767' title='bbox 3292 5394 3402 5448; x_wconf 84' lang='grc' dir='ltr'><strong>τῶν</strong></span> <span class='ocrx_word' id='word_1_768' title='bbox 3449 5393 3638 5446; x_wconf 82' lang='grc' dir='ltr'>οἰκίων</span> <span class='ocrx_word' id='word_1_769' title='bbox 3668 5394 3893 5460; x_wconf 76' lang='grc' dir='ltr'>ἡμέλει</span> 
     </span>
    </p>
   </div>
   <div class='ocr_carea' id='block_1_108' title="bbox 2293 5482 3895 5562">
    <p class='ocr_par' dir='ltr' id='par_1_108' title="bbox 2293 5482 3895 5562">
     <span class='ocr_line' id='line_1_109' title="bbox 2293 5482 3895 5562; baseline 0.002 -16"><span class='ocrx_word' id='word_1_770' title='bbox 2293 5494 2485 5547; x_wconf 83' lang='grc' dir='ltr'>πόθεν·</span> <span class='ocrx_word' id='word_1_771' title='bbox 2520 5495 2617 5546; x_wconf 81' lang='grc' dir='ltr'>καὶ</span> <span class='ocrx_word' id='word_1_772' title='bbox 2659 5492 2768 5562; x_wconf 80' lang='grc' dir='ltr'>γὰρ</span> <span class='ocrx_word' id='word_1_773' title='bbox 2797 5491 3003 5562; x_wconf 81' lang='grc' dir='ltr'>ἀρετῆς</span> <span class='ocrx_word' id='word_1_774' title='bbox 3028 5486 3309 5558; x_wconf 75' lang='grc' dir='ltr'>ἐφρόντιζε</span> <span class='ocrx_word' id='word_1_775' title='bbox 3352 5486 3494 5552; x_wconf 88' lang='grc' dir='ltr'>λίαν,</span> <span class='ocrx_word' id='word_1_776' title='bbox 3529 5482 3627 5538; x_wconf 74' lang='grc' dir='ltr'><strong>καῖ</strong></span> <span class='ocrx_word' id='word_1_777' title='bbox 3663 5487 3736 5556; x_wconf 78' lang='grc' dir='ltr'>τῇ</span> <span class='ocrx_word' id='word_1_778' title='bbox 3781 5488 3895 5557; x_wconf 73' lang='grc' dir='ltr'>τῆς</span> 
     </span>
    </p>
   </div>
   <div class='ocr_carea' id='block_1_109' title="bbox 2291 5576 3896 5654">
    <p class='ocr_par' dir='ltr' id='par_1_109' title="bbox 2291 5576 3896 5654">
     <span class='ocr_line' id='line_1_110' title="bbox 2291 5576 3896 5654; baseline -0.003 -18"><span class='ocrx_word' id='word_1_779' title='bbox 2291 5583 2441 5645; x_wconf 84' lang='grc' dir='ltr'>θείας</span> <span class='ocrx_word' id='word_1_780' title='bbox 2474 5584 2695 5654; x_wconf 76' lang='grc' dir='ltr'>Γραφῆς</span> <span class='ocrx_word' id='word_1_781' title='bbox 2749 5582 2985 5648; x_wconf 83' lang='grc' dir='ltr'>ἐντεύξει</span> <span class='ocrx_word' id='word_1_782' title='bbox 3035 5578 3239 5650; x_wconf 76' lang='grc' dir='ltr'>σπουδῇ</span> <span class='ocrx_word' id='word_1_783' title='bbox 3284 5576 3630 5648; x_wconf 84' lang='grc' dir='ltr'>προσέκειτο,</span> <span class='ocrx_word' id='word_1_784' title='bbox 3673 5580 3784 5631; x_wconf 77' lang='grc' dir='ltr'>καὶ</span> <span class='ocrx_word' id='word_1_785' title='bbox 3810 5578 3896 5639; x_wconf 75' lang='grc' dir='ltr'>ὣς</span> 
     </span>
    </p>
   </div>
   <div class='ocr_carea' id='block_1_110' title="bbox 691 5714 3893 5795">
    <p class='ocr_par' dir='ltr' id='par_1_110' title="bbox 691 5714 3893 5795">
     <span class='ocr_line' id='line_1_111' title="bbox 691 5714 3893 5795; baseline -0.002 -17"><span class='ocrx_word' id='word_1_786' title='bbox 691 5724 764 5791; x_wconf 86' lang='grc'><strong>(1)</strong></span> <span class='ocrx_word' id='word_1_787' title='bbox 795 5724 1157 5795; x_wconf 78' lang='lat' dir='ltr'><strong>Menulugium</strong></span> <span class='ocrx_word' id='word_1_788' title='bbox 1195 5721 1541 5795; x_wconf 78' lang='lat' dir='ltr'><strong>Constantini</strong></span> <span class='ocrx_word' id='word_1_789' title='bbox 1585 5719 2036 5795; x_wconf 72' lang='lat' dir='ltr'><strong>Porphyrogeniti</strong></span> <span class='ocrx_word' id='word_1_790' title='bbox 2089 5721 2270 5787; x_wconf 80' lang='lat' dir='ltr'><strong>habet,</strong></span> <span class='ocrx_word' id='word_1_791' title='bbox 2306 5737 2434 5777; x_wconf 80' lang='lat' dir='ltr'><strong>eum</strong></span> <span class='ocrx_word' id='word_1_792' title='bbox 2487 5721 2654 5778; x_wconf 80' lang='lat' dir='ltr'><strong>fuisse</strong></span> <span class='ocrx_word' id='word_1_793' title='bbox 2724 5718 3192 5790; x_wconf 82' lang='lat' dir='ltr'><strong>consanguineum</strong></span> <span class='ocrx_word' id='word_1_794' title='bbox 3250 5714 3595 5775; x_wconf 81' lang='lat' dir='ltr'><strong>Constantini</strong></span> <span class='ocrx_word' id='word_1_795' title='bbox 3666 5714 3893 5787; x_wconf 71' lang='lat' dir='ltr'><strong>Magni,</strong></span> 
     </span>
    </p>
   </div>
   <div class='ocr_carea' id='block_1_111' title="bbox 618 5788 2015 5862">
    <p class='ocr_par' dir='ltr' id='par_1_111' title="bbox 618 5788 2015 5862">
     <span class='ocr_line' id='line_1_112' title="bbox 618 5788 2015 5862; baseline -0.006 -9"><span class='ocrx_word' id='word_1_796' title='bbox 618 5788 818 5853; x_wconf 70' lang='lat' dir='ltr'><strong>Menam</strong></span> <span class='ocrx_word' id='word_1_797' title='bbox 852 5788 1048 5851; x_wconf 68' lang='lat' dir='ltr'><strong>excusa</strong></span> <span class='ocrx_word' id='word_1_798' title='bbox 1078 5795 1213 5852; x_wconf 91' lang='lat' dir='ltr'><strong>nihil</strong></span> <span class='ocrx_word' id='word_1_799' title='bbox 1256 5794 1458 5849; x_wconf 87' lang='lat' dir='ltr'><strong>habent</strong></span> <span class='ocrx_word' id='word_1_800' title='bbox 1501 5793 1566 5847; x_wconf 85' lang='lat' dir='ltr'><strong>de</strong></span> <span class='ocrx_word' id='word_1_801' title='bbox 1598 5788 2015 5862; x_wconf 68' lang='lat' dir='ltr'><strong>ipsiuslaniilia.</strong></span> 
     </span>
    </p>
   </div>
  </div>
