3966 6454
186 411 279 479 281

1406 409 1582 467 νιΤΑ
1626 407 1689 465 S.
1741 402 2193 464 SAMPSONIS.

3313 386 3421 449 282

184 544 317 588 τινος
346 525 571 595 ἡδίστης
610 523 815 593 τροφῆς
836 522 1086 594 ἐμμελῶς
1111 521 1307 591 εἴχετο,
1334 523 1428 573 καὶ
1457 519 1523 574 δι’
1557 520 1738 585 ὀλίγου

1850 532 2007 586 quam
2034 512 2441 587 iucundissimo
2469 510 2596 566 cibo
2640 510 2689 565 ei
2730 508 3031 576 diligenter
3080 502 3421 559 adhaerebat.

185 618 311 686 πρὸς
337 620 516 667 πᾶσαν
547 614 724 684 αὐτῆς
754 615 854 681 τὴν
883 613 1082 683 γνῶσιν
1111 612 1357 680 ἀφίκετο.
1385 610 1535 681 Μηδέ
1570 613 1743 677 ῑατριο

185 711 297 774 κῆς,
330 707 427 777 τῆς
476 704 860 777 φιλανθρώπου
902 706 1116 776 τέχνης,
1155 706 1183 757 ὁ
1230 703 1742 773 φιλανθρωπότατος

183 803 474 871 ἀμελήσας.
512 800 677 855 Ἀλλά
713 801 806 853 καὶ
833 799 967 867 αὐτῇ
1002 797 1307 866 φιλοπόνως
1339 795 1741 865 προσενεχθεὶς,

183 894 268 946 καί
297 911 377 947 τοι
412 894 572 962 ὀλίγα
611 892 707 959 μὲν
744 892 949 961 ὑπῆρχε
991 893 1057 961 τῇ
1089 890 1255 960 τέχνῃ
1290 890 1590 960 χρώμενος,
1634 887 1742 939 τῶν

182 984 223 1035 δ’
251 985 424 1037 ἄλλων
450 984 766 1055 παρεχώρει
801 984 878 1051 τῷ
910 981 1157 1051 θεουργῷ
1194 982 1288 1049 τῆς
1330 983 1553 1052 χάριτος
1584 980 1742 1049 νοσή-

186 1092 322 1144 ματα
375 1077 472 1129 καὶ
508 1076 656 1143 πάθη
680 1075 876 1127 ἀνίατα
915 1073 1259 1144 θεραπεύων,
1294 1073 1388 1125 καὶ
1414 1072 1490 1134 ὡς
1532 1071 1743 1140 προκά-

182 1171 362 1235 ὶυμμα
388 1168 487 1235 τῆς
512 1170 734 1237 χάριτος
762 1167 1057 1239 ἐπιχειρῶν
1086 1169 1153 1239 τῇ
1181 1166 1348 1239 τέχνῃ
1373 1165 1461 1218 διά
1488 1176 1715 1217 ταπεινο

183 1258 447 1327 φροσύνης
476 1259 575 1310 ὑπε
586 1258 804 1328 ρδολήν.

242 1436 315 1490 I".
352 1437 442 1499 Ὠς
484 1437 540 1490 δὲ
585 1436 682 1490 καὶ
717 1439 765 1489 οἱ
800 1435 1035 1508 πατέρες
1072 1436 1239 1490 αὐτοῦ
1284 1437 1375 1491 τὸν
1406 1437 1520 1508 βίον
1550 1436 1743 1490 ἀπέλι-

182 1545 293 1591 πον,
324 1527 425 1581 οὐκ
476 1528 555 1581 ἔτι
595 1529 804 1598 μέλλων
846 1524 935 1601 ἦν,
976 1530 1085 1582 οὐδ’
1121 1530 1579 1599 ἀναϐαλλόμενος,
1629 1528 1744 1583 ἀλλ’

178 1619 246 1682 ὡς
290 1618 490 1689 καιροῦ
530 1620 827 1689 λαὸόμενος
866 1621 1194 1691 ἐπιτηδείου,
1226 1623 1321 1676 ἇτε
1359 1622 1588 1693 μηδενὸς
1638 1623 1744 1673 ὑπ-

178 1711 429 1781 άρχοντος
472 1712 568 1766 τοῦ
608 1713 965 1778 κωλύσοντος,
992 1715 1064 1768 τά
1106 1715 1248 1769 κατά
1274 1712 1501 1785 γνώμην
1547 1714 1743 1779 ἐποίει,

179 1805 263 1853 καὶ
304 1803 540 1856 πλούτου
582 1802 681 1871 μὲν
706 1804 948 1873 φθαρτοῦ
991 1806 1083 1859 καὶ
1132 1807 1468 1876 προσκαίρου
1516 1805 1747 1859 πλοῦτον

177 1888 386 1941 αἰώνιον
417 1890 819 1958 ἀπηλλάττετο
867 1893 1007 1946 κατά
1032 1898 1131 1962 τὴν
1164 1894 1314 1947 Θείαν
1346 1895 1439 1949 τοῦ
1466 1896 1740 1949 Δεσπὸτου
1774 1878 1819 1935 Β

176 1978 368 2047 φωνὴν,
406 1980 440 2048 ἢ
470 1981 537 2031 τὰ
564 1980 879 2050 ὑπάρχοντα
914 1982 1168 2050 πωλῆσαι
1203 1984 1413 2036 κελεύει
1448 2000 1541 2037 και
1565 2001 1741 2050 παρα-

175 2075 311 2139 σχεῖν
356 2072 755 2143 ἐλεημοσύνην,
802 2074 1049 2127 ἐντεῦθέν
1095 2092 1154 2129 τε
1206 2075 1467 2146 βαλάντια
1527 2076 1600 2147 μὴ
1632 2096 1738 2130 πα-

172 2164 461 2233 λαιούμενα
510 2166 838 2237 κτήσασθαι.
900 2167 1099 2221 Ἐδίδου
1144 2167 1200 2221 δέ
1241 2168 1333 2221 τὸν
1372 2168 1621 2236 πλοῦτον,
1678 2171 1738 2224 οὒ

170 2259 304 2312 κατὰ
359 2260 563 2328 μικρὸν
643 2259 767 2311 οὐδὲ
827 2258 1179 2329 φειδομένως,
1236 2258 1358 2312 οὔτε
1433 2261 1542 2329 μὴν
1600 2260 1743 2313 κατά

174 2351 413 2417 στράγγα
459 2352 625 2421 ρἐν,
656 2352 789 2405 ἀλλα
829 2355 921 2404 καὶ
956 2353 1077 2405 λίαν
1104 2352 1271 2423 χύδην
1301 2352 1395 2405 καὶ
1418 2352 1738 2422 ἀνειμένως,

173 2442 365 2508 ἀμφοῖν
410 2444 645 2512 χειροῖν,
678 2442 739 2494 τὸ
777 2442 871 2494 τοῦ
911 2441 1091 2508 λόγου,
1126 2445 1261 2510 πρὸς
1290 2444 1391 2504 τάς
1436 2442 1544 2493 τῶν
1574 2443 1740 2510 πενή-

172 2549 271 2585 των
327 2533 360 2604 ἢ
418 2534 735 2587 πεινώντων
784 2533 1073 2586 ἀπαντλῶν
1120 2532 1411 2603 γαστέρας,
1450 2532 1541 2585 καὶ
1582 2532 1740 2585 τοῦτο

171 2627 258 2692 οὐχ
280 2624 450 2686 ἅπαξ,
475 2622 599 2674 οὐδὲ
626 2622 730 2684 δὶς,
762 2621 897 2676 ἀλλά
925 2622 1012 2676 διὰ
1044 2623 1250 2685 παντὸς
1277 2621 1369 2675 τοῦ
1402 2622 1518 2692 βίου
1547 2621 1733 2676 ποιεύ-

174 2705 320 2781 μενος
346 2713 672 2783 ’ἡλικιῶτις
703 2715 811 2783 γὰρ
838 2715 986 2785 αὐτῷ
1017 2718 1111 2770 καὶ
1145 2714 1444 2785 σύντροφος
1487 2715 1616 2785 ἄχρι
1657 2715 1730 2769 τέ-

171 2804 282 2865 λους
306 2807 340 2877 η
373 2805 741 2877 ἐλεημοσύνη.
776 2808 886 2872 Τὰς
921 2807 976 2860 δέ
1005 2808 1114 2860 τῶν
1145 2807 1348 2860 δούλων
1386 2805 1587 2874 ἀγέλας
1620 2806 1744 2859 οὐκ·

171 2897 242 2949 ἐτι
288 2898 477 2966 μένειν
528 2896 661 2965 παρ’
688 2897 866 2966 ἑαυτῷ
900 2896 1076 2964 ἠξίου,
1114 2896 1236 2949 οὐδὲ
1280 2895 1391 2949 τῶν
1431 2887 1740 2963 ὁμοδούλων

172 2988 534 3059 ὑπερηφάνως
567 2985 689 3039 κατ’
711 2985 1019 3050 αὖθεντίαν,
1045 2987 1161 3040 ἀλλ’
1191 2987 1508 3057 ἐλευθερίας
1536 2986 1739 3058 μᾶλλον

172 3078 393 3145 εὐγενῶς
433 3076 618 3145 ἠξίου,
648 3076 944 3147 αὐτάρκεις
985 3078 1169 3139 αὐτοῖς
1199 3078 1457 3146 παρέχων
1505 3079 1599 3131 καὶ
1643 3076 1739 3141 τὰς

170 3170 294 3233 πρὸς
320 3170 379 3221 τὸ
407 3168 517 3238 ζῇν
553 3166 831 3235 ἀφορμάς.
859 3166 922 3220 Τί
957 3168 1064 3237 γάρ
1096 3167 1264 3220 ἐδεῖτο
1299 3170 1397 3235 τῆς
1432 3169 1489 3234 ἐξ
1528 3167 1739 3237 ἀνθρώ-

170 3275 277 3314 πων
298 3262 553 3323 δουλείας
589 3262 616 3313 ὁ
642 3258 827 3313 δοῦλον
860 3260 1051 3313 ἑαυτὸν
1069 3260 1149 3332 τῷ
1178 3260 1363 3331 Κυρίῳ
1390 3261 1609 3330 γνήσιον
1633 3262 1741 3327 ἀφ-

171 3356 569 3424 οσιωσάμενοςς
596 3352 754 3406 Οὖτω
775 3353 905 3422 γοῦν
931 3354 1057 3422 περὶ
1088 3354 1155 3406 τά
1180 3352 1306 3406 ὄντα
1328 3350 1616 3416 διατεθεὶς,
1636 3351 1743 3404 τῶι

172 3450 526 3518 προσκαίρων
570 3447 846 3497 κα“ιοίονε“ι
885 3445 1102 3514 δεσμῶν
1136 3463 1297 3497 τινων
1337 3445 1579 3512 ἀναθεὶς,
1615 3445 1744 3498 κοῦο

171 3557 259 3606 eo;
285 3538 350 3609 ἧν
381 3537 633 3607 ατεχνῶς
665 3535 760 3589 καὶ
788 3535 1044 3601 εῠζωνος,
1065 3537 1161 3590 καὶ
1183 3536 1261 3606 τῷ
1291 3535 1373 3589 ἐνὶ
1402 3536 1501 3606 μὲν
1531 3526 1741 3605 χιτῶνι,

172 3630 243 3682 ἐνί
278 3630 332 3681 δέ
373 3628 487 3681 τῶν
511 3628 744 3681 οἰκετῶν
773 3627 1133 3700 ἀρκούμενος.
1169 3625 1304 3683 Εἶτα
1346 3629 1442 3680 καὶ
1469 3626 1569 3697 τὴν
1609 3627 1745 3680 Ῥώ-

175 3739 271 3791 μην
295 3721 588 3776 ἀπολιπὼν
616 3723 644 3776 ὁ
668 3722 955 3785 Γεννάδας,
981 3722 1117 3790 πρὸς
1144 3722 1243 3793 τὴν
1262 3722 1388 3775 νέαν
1412 3721 1613 3792 ταύτην
1641 3723 1737 3790 ἀφ-

174 3819 393 3868 ικνεῖται
439 3815 691 3883 Ῥώμην,
720 3811 817 3881 τὴν
853 3811 947 3865 τοῦ
990 3812 1137 3866 θείου
1167 3812 1601 3877 Κωνσταντίνου,
1642 3829 1746 3882 φη·-

176 3907 262 3972 μί·
296 3906 389 3973 ἀφ’
432 3899 505 3973 ἧς
554 3903 659 3973 μὲν
693 3904 873 3967 αίτίας
910 3905 1152 3976 κινηθεὶς
1200 3904 1337 3975 πρὸς
1375 3899 1535 3957 τοῦτο
1564 3904 1746 3970 λέγειν

172 3995 261 4045 οὐκ
283 3994 423 4063 ἔχω·
459 3992 611 4064 πλὴν
653 3993 755 4047 οὐκ
805 3996 956 4047 ἀθεεὶ
1007 3995 1246 4061 πάντως,
1275 3994 1383 4048 οὐδ’
1416 3994 1746 4059 ἀλυσιτελῶς

172 4087 230 4156 τῇ
259 4086 492 4159 λαμπρᾷ
527 4085 707 4158 ταύτῃ
749 4089 839 4140 καὶ
878 4086 1111 4157 βασιλίδι
1147 4088 1257 4140 τῶν
1296 4088 1502 4141 πόλεων
1531 4088 1747 4157 ἐνδεδη·

175 4175 434 4250 μηκὼς,ᾖ
465 4180 562 4232 καὶ
592 4178 652 4230 τὸ
688 4178 833 4248 ἱερὸν
866 4177 1031 4230 αὑτοῦ
1065 4180 1413 4231 ἐναπόκειται
1442 4178 1626 4246 σῶμα,
1650 4178 1748 4248 θη-

176 4273 358 4338 σαυρὸς
404 4270 635 4333 ἄσυλος,
668 4268 896 4333 πλοῦτος
928 4270 1224 4337 ἀδάπανος,
1260 4272 1582 4341 νοσημάτων
1613 4271 1747 4327 πάν-

172 4377 268 4413 των
291 4364 515 4431 ἁλεξιτή
527 4378 669 4430 ριον,

232 4459 301 4509 Δ’.
352 4456 413 4511 '0
449 4456 588 4524 γοῦν
629 4454 700 4508 τὰ
733 4454 913 4506 πάντα
956 4454 1124 4523 μέγας
1169 4452 1409 4524 Σαμψὼν
1448 4455 1545 4525 τὴν
1581 4454 1748 4525 μεγά-

1846 622 1901 664 et
1937 611 2083 663 brevi
2132 620 2379 677 tempore
2424 604 2572 659 venit
2610 602 2677 656 ad
2731 615 2948 657 omnem
2984 599 3103 667 ejus
3146 596 3425 666 cOgnitio-

1847 719 1992 756 nem.
2052 702 2251 755 Verum
2315 713 2440 753 cum
2500 711 2681 765 neque
2733 693 3082 753 medicinam,
3149 704 3273 758 quae
3334 704 3427 741 ars

1846 790 2004 847 valde
2032 793 2291 852 conducit
2343 792 2594 844 humanae
2648 785 2830 846 saluti,
2871 784 2956 835 vir
2996 779 3428 834 humanissimus

1846 886 2194 955 neglexisset,
2252 884 2348 938 sed
2384 898 2442 937 se
2493 881 2661 936 etiam
2709 879 2759 935 ei
2814 877 3108 946 diligenter
3156 873 3425 934 dedisset,

1846 977 1948 1030 etsi
1991 987 2107 1029 arte
2142 990 2334 1043 parum
2384 972 2682 1026 admodum
2732 967 2798 1022 ad
2850 976 3119 1036 quzestnm
3158 966 3228 1018 sit
3269 977 3423 1024 usus,

1849 1069 1900 1122 in
1946 1067 2278 1137 pauperibus
2325 1075 2507 1119 tamen
2556 1063 2724 1116 cessit
2768 1061 2970 1116 divina:
3020 1058 3208 1129 gratia:
3266 1056 3427 1111 mini-

1846 1159 2040 1223 sterio,
2078 1158 2297 1212 morbos
2320 1169 2523 1211 curans
2570 1151 3027 1210 immedicabiles,
3062 1160 3119 1203 et
3165 1159 3427 1216 tanquam

1845 1254 2033 1320 gratiae
2062 1252 2369 1305 velamento
2399 1255 2517 1302 arte
2555 1258 2715 1301 utens
2756 1256 2981 1315 propter
3026 1254 3297 1296 summam
3330 1239 3431 1291 hu-

1846 1340 2161 1395 utilitatem.

1918 1432 2007 1486 lll.
2040 1433 2337 1501 Postquam
2378 1441 2560 1485 autem
2597 1431 2720 1499 ejus
2745 1436 3005 1497 parentes
3043 1440 3074 1479 e
3105 1424 3215 1479 vita
3244 1438 3434 1480 exces-

1846 1523 2064 1586 sissent,
2092 1539 2199 1576 non
2237 1523 2473 1592 amplius
2509 1520 2896 1580 cunctabatur,
2950 1531 3054 1571 nec
3095 1513 3426 1577 diderebut;

1846 1618 1940 1673 sed
1977 1627 2102 1687 apta
2138 1632 2271 1671 usus
2301 1616 2613 1677 occasione,
2646 1622 2837 1682 utpote
2866 1612 3015 1682 quod
3065 1610 3249 1665 nullus
3279 1616 3428 1663 esset

1847 1709 2248 1779 prohibiturus,
2280 1722 2345 1761 ea
2379 1705 2641 1769 faciebat,
2682 1720 2804 1773 quae
2845 1703 2953 1758 sibi
2986 1703 3339 1760 videbantur.
3372 1710 3429 1755 ct

1850 1801 2045 1856 breves
2104 1800 2486 1870 periturasque
2558 1785 2810 1851 divitias'
2851 1795 3228 1850 commutabat
3299 1808 3427 1847 cum

1846 1892 2089 1956 aiternis,
2123 1893 2510 1959 obtemperans
2533 1890 2653 1943 voci
2687 1888 3008 1952 Dominicae,
3035 1887 3253 1958 iubenti
3287 1902 3427 1940 ven-

1848 1987 1980 2039 dere
2007 2000 2069 2038 ea
2096 2000 2217 2051 qua:
2245 1983 2370 2050 quis
2395 1982 2581 2046 habet,
2604 1990 2661 2036 et
2688 1980 2938 2049 praebere
2964 1980 3368 2049 eleemosynam
3388 1981 3426 2039 ‘,

1845 2088 1901 2131 et
1939 2076 2069 2129 hinc
2098 2089 2288 2142 parare
2313 2087 2625 2135 crumenas,
2652 2088 2774 2142 qua:
2804 2072 3028 2125 minime
3055 2079 3426 2125 vetcrascnnt.

1852 2168 2019 2221 Dabat
2052 2182 2179 2220 vero
2208 2180 2344 2234 opes
2367 2179 2478 2219 non
2502 2177 2687 2233 parce,
2719 2162 2884 2233 idque
2920 2177 3023 2217 nec
3053 2162 3295 2215 tenuiter
3325 2176 3430 2215 nec

1848 2259 2103 2330 guttatim
2136 2257 2429 2319 distillans,
2464 2255 2561 2312 sed
2588 2255 2810 2325 profuse
2840 2254 3138 2309 admodum
3171 2265 3227 2308 et
3256 2254 3427 2323 large,

1848 2353 2147 2414 ambabus,-
2187 2362 2247 2405 ut
2295 2350 2521 2413 dicitur,
2566 2347 2823 2401 manibus
2876 2346 3172 2401 effundens
3216 2347 3269 2399 in
3300 2361 3434 2397 ven-

1850 2453 1961 2497 tres
1993 2455 2318 2511 pauperum,
2345 2447 2441 2493 aut
2463 2437 2859 2500 esurientium;
2896 2434 3061 2505 idque
3094 2451 3203 2489 non
3237 2433 3429 2495 semel,

1847 2544 1944 2586 aut
1977 2534 2083 2597 bis,
2116 2532 2210 2587 sed
2244 2540 2532 2601 pertotam
2571 2530 2737 2585 vitam
2773 2544 2787 2583 :
2830 2537 3066 2582 connata
3113 2526 3261 2580 enim
3306 2540 3433 2579 cum

1849 2625 1968 2694 ipso
2002 2634 2059 2679 et
2104 2626 2421 2679 connutrita
2465 2637 2639 2690 usque
2683 2621 2749 2674 ad
2784 2630 3017 2673 mortem
3048 2619 3151 2673 fuit
3195 2618 3433 2671 eleemo-

1848 2733 2004 2790 syna.
2057 2717 2357 2773 Servorum
2427 2727 2610 2768 autem
2657 2727 2851 2783 greges
2909 2710 3131 2764 nolebat
3194 2708 3433 2777 amplius

1848 2812 1993 2881 apud
2023 2826 2081 2866 se
2113 2824 2360 2871 manere.
2413 2821 2594 2876 neque
2640 2806 2695 2860 iu
2739 2820 2937 2864 servos
2982 2803 3063 2857 uti
3110 2810 3433 2872 arroganter

1849 2903 2082 2970 imperio
2113 2918 2127 2955 :
2159 2900 2255 2955 sed
2288 2899 2475 2969 potius
2506 2898 2763 2951 libertate
2796 2896 3033 2965 ingenue
3076 2891 3432 2963 dignabatur,

1845 2993 1929 3048 eis
1975 2990 2195 3046 abunde
2242 2988 2515 3057 praebens.
2562 2987 2713 3053 quod
2762 2986 2830 3039 ad
2877 2985 3081 3041 victum
3130 2983 3432 3038 sumceret.

1848 3084 1988 3153 Quid
2021 3083 2167 3140 enim
2193 3082 2243 3138 ei
2265 3097 2406 3152 opus
2427 3090 2547 3135 erat
2586 3082 2857 3138 servitute
2886 3077 3197 3139 hominum,
3231 3075 3327 3144 qui
3372 3087 3434 3128 se

1849 3195 2039 3234 verum
2078 3186 2135 3233 et
2162 3191 2479 3247 germanum
2527 3188 2749 3230 servum
2797 3170 3029 3226 Domino
3072 3182 3435 3223 consecrave~

1851 3269 1973 3325 rat?
1999 3268 2090 3323 Sic
2118 3269 2303 3336 itaque
2350 3281 2481 3332 erga
2523 3264 2816 3320 facultates
2864 3262 3117 3325 allectus,
3160 3260 3433 3327 rebusque

1849 3360 2245 3432 temporalibus
2276 3368 2535 3426 tanquam
2577 3357 2813 3412 vinculis
2838 3366 3058 3415 exutus,
3089 3362 3209 3406 erat
3241 3365 3434 3405 revera

1849 3456 1986 3511 levis
2014 3465 2070 3510 et
2104 3454 2408 3514 accinctus,
2446 3458 2503 3503 et
2535 3462 2642 3502 una
2675 3447 2898 3515 quidem
2928 3446 3138 3507 tunica,
3173 3458 3283 3497 uno
3332 3459 3435 3496 auo

1852 3556 1960 3602 tem
1990 3546 2200 3601 famulo
2248 3552 2569 3600 contentus.
2619 3538 2830 3596 Deinde
2881 3538 3054 3592 Roma
3101 3536 3296 3592 relicta
3342 3535 3435 3591 hic

1848 3642 1934 3696 vir
1986 3640 2240 3710 egregius
2288 3638 2342 3691 in
2394 3635 2537 3693 hanc
2588 3648 2785 3688 novatn
2837 3631 2989 3685 venit
3034 3631 3301 3691 Romam,
3352 3629 3437 3683 di-

1848 3734 1984 3797 vini,
2015 3735 2263 3802 inquam,
2317 3727 2665 3784 Constantini
2715 3726 3016 3779 civitatem.
3067 3726 3243 3790 Atque
3286 3738 3436 3790 quaa-

1848 3843 1974 3882 nam
2011 3825 2234 3895 quidem
2285 3835 2412 3875 eum
2456 3834 2621 3874 causa
2669 3816 3029 3886 permoverit,
3082 3828 3431 3883 nequaquam

1848 3934 2068 3989 possum
2099 3918 2303 3972 dicere.
2347 3912 2454 3969 Sed
2510 3926 2621 3966 non
2672 3910 2790 3965 sine
2838 3908 2930 3963 Dei
2973 3909 3223 3971 numine,
3257 3920 3438 3976 neque

1847 4011 2075 4069 omnino
2116 4009 2390 4064 inutiliter
2431 4013 2688 4060 versatus
2739 4002 2793 4055 in
2847 4003 2949 4053 hac
3000 4001 3146 4069 regia
3194 4008 3279 4053 est
3308 3997 3439 4052 civi-

1850 4112 1980 4167 tate,
2008 4103 2062 4156 in
2092 4117 2198 4171 qua
2225 4106 2311 4154 est
2332 4098 2499 4153 etiam
2542 4108 2764 4149 sacrum
2814 4093 2936 4163 ejus
2983 4106 3186 4160 corpus
3221 4088 3439 4160 reposi-

1850 4206 2010 4260 tum',
2093 4196 2390 4247 thesaurus
2471 4196 2898 4248 sacrosanctus,
2984 4184 3232 4244 divitiae,
3313 4196 3436 4251 qua:

1847 4289 2076 4344 minime
2109 4289 2537 4344 consumuntur,
2590 4277 2839 4332 omnium
2888 4273 3210 4333 morborum
3256 4262 3438 4328 ἔειπε.

1849 4383 2022 4438 dium.

1917 4476 2006 4530 IV.
2046 4474 2145 4529 Hic
2193 4491 2323 4543 ergo
2373 4474 2523 4527 omni
2574 4487 2639 4525 ex
2678 4478 2833 4537 parte
2872 4482 3099 4535 magnus
3142 4465 3436 4533 Sampson,

173 4548 260 4619 λην
296 4551 458 4620 τήνδε
504 4548 668 4603 πόλιν
709 4544 1056 4609 καταλαὸὼν,
1115 4547 1173 4598 ἐν
1227 4549 1437 4617 σμικρᾷ
1486 4549 1587 4615 μέν
1635 4562 1743 4599 τινι

1853 4583 1978 4623 cum
2035 4566 2101 4622 ad
2153 4567 2293 4621 hanc
2340 4563 2680 4635 pervenisset
2735 4560 3043 4623 civitatem,
3086 4556 3139 4610 in
3196 4556 3433 4625 quadarn

174 4644 340 4716 φαύλῃ
368 4645 567 4715 διῆγεν
594 4641 761 4711 οἰκίᾳ,
792 4641 852 4693 ἐν
880 4640 937 4693 δὲ
963 4637 1042 4709 τῷ
1076 4638 1302 4709 πλησίον
1341 4638 1604 4709 κήδεσθαι
1648 4656 1744 4693 πο-

173 4733 257 4797 λὺς
283 4732 348 4803 ἦν
372 4753 386 4767 ·
416 4738 524 4807 τὴν
558 4732 672 4802 γὰρ
697 4734 878 4785 οὶκίαν
907 4731 1110 4802 ταύτην
1141 4730 1552 4801 φιλανθρωπίας
1611 4732 1745 4785 ὑπό-

175 4826 309 4881 θεσιν
339 4830 437 4883 καὶ
482 4828 728 4895 ἰατρεῖον
773 4823 1004 4893 ἄμισθον
1033 4825 1421 4895 ποιησάμενος,
1449 4826 1573 4889 τοὺς
1608 4826 1748 4899 νόσῳ

175 4920 529 4991 πιεζομένους
567 4918 794 4983 ξενίζων
819 4910 886 4987 ἦν
913 4917 1007 4969 καὶ
1046 4917 1387 4987 φιλαδέλφως
1415 4920 1747 4991 ὑποδεχόμε-

175 5030 276 5077 νος,
307 5014 510 5083 atat-pi;
559 5010 722 5081 μόνον
766 5008 1081 5079 ἐπιμελείας
1126 5010 1293 5076 ἀξιῶν
1325 5013 1526 5083 πάσης,
1557 5012 1747 5085 ὥσπερ

174 5107 217 5157 οἱ
239 5108 331 5181 τῆς
364 5106 572 5175 τέχνης
601 5101 882 5171 βούλονται
906 5101 1081 5169 νόμοι,
1113 5102 1247 5156 ἀλλά
1278 5102 1373 5157 καὶ
1399 5104 1608 5174 τροφῆς
1631 5120 1749 5157 κοι-

177 5197 346 5252 νωνῶν
376 5201 474 5253 καὶ
516 5193 840 5266 στρωμνῆς,
873 5193 1182 5257 ἀκολούθως
1227 5198 1346 5253 ταῖς
1390 5195 1483 5249 τοῦ
1512 5197 1748 5266 Χριστοῦ

179 5289 428 5354 ἐντολαῖςξ
474 5288 579 5342 καὶ
624 5282 784 5338 τοῦτο
841 5284 938 5353 μὲν
977 5286 1047 5339 τά
1092 5287 1190 5353 τῆς
1236 5285 1453 5355 τέχνης,
1486 5288 1643 5340 τοῦτο
1692 5288 1750 5340 δὲ

183 5381 367 5449 μᾶλλον
393 5384 490 5433 καὶ
525 5380 601 5431 τὰ
639 5378 740 5447 τῆς
765 5377 985 5448 χάριτος
1014 5378 1442 5448 ἐνδεικνύμενος.
1501 5380 1609 5432 Ποῦ
1644 5381 1751 5450 γὰρ

179 5475 356 5543 τίχνης
386 5474 559 5542 ἔργον
590 5469 855 5539 δαίμονας
879 5468 1224 5531 ἀπελαύνειν,
1250 5471 1343 5522 καὶ
1374 5470 1564 5522 παθῶν
1597 5474 1749 5525 ἀνιά-

179 5579 273 5617 των
306 5560 765 5633 θαυματουργεῖν
801 5560 965 5631 tactv,
1000 5559 1036 5613 ἃ
1078 5561 1273 5630 ἐκείνῳ
1310 5562 1523 5636 δρᾶσαι,
1551 5556 1640 5613 οἷα
1681 5564 1745 5629 δὴ

180 5661 259 5710 καὶ
296 5661 355 5713 τὸ
396 5657 638 5728 θελῆσαι
666 5651 849 5724 ῥᾴδιον
890 5657 982 5707 καὶ
1014 5651 1231 5717 ἀπλῶς;
1260 5654 1453 5707 Ἀλλου
1488 5655 1586 5723 μὲν
1620 5655 1746 5709 ἄλλο

240 5847 253 5877 ⁸
282 5846 467 5901 Matth.
499 5859 619 5898 xu.

1853 4676 2017 4731 parva
2057 4671 2111 4714 et
2137 4659 2331 4712 humili
2366 4658 2531 4711 domo
2563 4653 2875 4718 habitabat,
2915 4652 2969 4705 in
3017 4648 3254 4719 proximi
3305 4663 3436 4702 cura

1848 4751 2085 4823 gerenda
2144 4751 2419 4804 assiduus.
2482 4746 2616 4800 Nam
2670 4759 2794 4799 cum
2844 4744 2985 4797 hanc
3016 4742 3239 4797 domum
3276 4740 3435 4794 beni-

1850 4848 2074 4917 gnitatis
2101 4851 2505 4914 argumentum.
2556 4847 2613 4894 et
2658 4838 2957 4907 gratuitam
2996 4835 3219 4888 fecisset
3261 4831 3433 4887 ofﬁci-

1852 4955 1998 5001 nam,
2035 4952 2152 5001 eos,
2184 4935 2277 5004 qui
2316 4934 2510 4989 morbo
2547 4930 2963 5001 premebantur,
2997 4927 3240 4997 hospitio
3285 4926 3437 4982 exci-

1845 5030 2050 5098 piebat,
2084 5040 2138 5082 et
2182 5028 2422 5081 fraterne
2469 5025 2794 5078 tractabat:
2836 5035 2941 5075 nec
2991 5020 3171 5074 solum
3227 5018 3281 5072 in
3336 5032 3435 5073 cus

1848 5121 1995 5175 omni
2027 5121 2289 5175 utebatur
2337 5132 2470 5173 cura
2521 5126 2577 5170 et
2614 5114 2926 5184 diligentia,
2963 5121 3024 5165 ut
3061 5112 3252 5164 volunt
3282 5110 3433 5179 leges

1847 5216 2003 5273 artis,
2045 5214 2138 5267 sed
2193 5222 2247 5265 et
2295 5210 2503 5272 cibum,
2559 5222 2613 5262 et
2670 5208 2852 5261 cubile
2908 5205 2990 5260 eis
3050 5203 3430 5273 impertiebat,

1846 5306 2147 5362 secundum
2181 5302 2386 5357 Christi
2428 5311 2729 5372 praecepta,
2783 5299 2981 5367 partim
3034 5295 3258 5366 quidem
3296 5297 3434 5349 artis

1846 5409 1977 5455 sum,
2025 5392 2218 5462 partim
2264 5408 2396 5445 vero
2438 5390 2640 5444 divina:
2689 5388 2880 5459 gratia:
2919 5381 3186 5441 beneficia
3231 5384 3435 5453 imper-

1854 5487 2012 5539 tiens.
2048 5483 2187 5549 Quid
2240 5484 2430 5537 enim?
2486 5482 2568 5535 An
2628 5482 2763 5535 artis
2815 5494 2955 5549 opus
3006 5487 3093 5532 est
3149 5476 3432 5532 daemones

1853 5573 2146 5640 expellere,
2190 5581 2246 5625 et
2290 5570 2610 5624 morborum
2658 5570 2966 5624 mirabilem
3004 5566 3220 5621 efﬁcere
3271 5581 3432 5619 cura-

1854 5664 2099 5719 tionem?
2142 5663 2271 5729 Qua
2316 5663 2539 5733 quidem
2565 5664 2614 5717 ei
2647 5664 2849 5725 facere,
2890 5676 2999 5717 non
3045 5659 3229 5713 minus
3262 5673 3429 5728 quant
