3966 6444
532 342 641 403 283

1828 361 2111 424 MENSIS
2148 365 2450 430 JUNIUS.

3656 380 3763 449 28d

532 452 691 515 velle,
731 465 848 508 erat
886 455 1063 510 facile.
1114 460 1179 513 Et
1205 460 1363 515 alteri
1401 464 1622 533 quidem
1666 468 1874 539 aliquid
1919 470 2081 535 aliud1

2197 491 2283 527 τι·
2315 476 2557 545 Σαμψὼν
2588 478 2646 531 δέ
2678 479 2709 549 ή
2753 478 3024 551 ξενοδοχία
3052 482 3144 535 καὶ
3176 484 3552 556 φιλανθρωπία
3607 492 3698 542 καὶ
3738 494 3768 544 ό

534 541 817 611 Sampsoni
866 556 1046 600 autem
1093 548 1438 618 hospitalitas
1484 564 1539 610 et
1574 557 1905 630 benignitas,
1938 572 1994 617 et
2038 563 2093 617 in

528 642 752 703 egentes
788 638 1187 709 misericordia,
1214 654 1330 699 erat
1352 646 1489 705 adeo
1520 654 1759 722 propria,
1794 664 1855 709 ut
1893 671 2087 726 prope-

529 726 751 783 modum
784 731 885 800 ipsi
921 736 1189 791 naturalis
1225 737 1400 804 tieret,
1443 743 1584 799 sicut
1614 745 1715 799 soli
1754 748 1977 817 quidem
2007 759 2093 805 est

527 816 858 886 illuminare,
899 824 1007 895 igni
1038 838 1217 884 autem
1264 846 1446 888 urere.
1481 834 1621 891 Hinc
1646 816 1811 892 etiam
1848 840 2091 897 innotuit

524 908 575 961 ei
606 913 698 979 qui
732 922 863 968 tunc
897 928 1018 971 erat
1064 918 1265 975 Christi
1303 924 1556 979 Pontifex
1586 943 1600 980 :
1633 927 1896 985 bonitatis
1940 932 2088 986 enim

522 1002 783 1068 splendor
839 1015 896 1061 et
958 1008 1125 1065 decus
1166 1028 1281 1079 eos,
1341 1016 1436 1085 qui
1485 1032 1605 1071 eam
1657 1029 1936 1085 exercent,
1979 1024 2090 1079 cito

524 1094 788 1159 prepalat.
844 1099 894 1151 Is
951 1111 1133 1156 autem
1178 1116 1299 1159 erat
1349 1107 1534 1162 Menas
1571 1109 1669 1180 (2),
1722 1113 1927 1169 virtute
1981 1132 2087 1171 non

520 1181 807 1241 obscurus.
840 1190 921 1243 Ab
958 1192 1055 1246 illo
1087 1196 1380 1251 ordinatur
1410 1200 1693 1267 sacerdos,
1727 1205 1949 1273 triginta
1972 1208 2085 1277 jam

517 1289 690 1328 annos
719 1288 903 1343 natus,
937 1292 992 1335 et
1020 1286 1184 1353 paulo
1207 1289 1349 1356 plus.
1392 1290 1599 1347 Deinde
1633 1304 1689 1348 et
1727 1296 1779 1349 ei
1823 1299 2085 1365 innotuit,

518 1364 611 1430 qui
650 1366 1072 1427 administrabat
1121 1375 1436 1447 imperium.
1478 1380 1536 1435 ld
1568 1394 1751 1438 autem
1791 1400 1859 1439 ex
1900 1403 1969 1441 eo
1994 1404 2088 1443 ac-

517 1453 674 1507 cidit.

590 1544 651 1599 V.
701 1546 1050 1609 Justinianus
1116 1559 1339 1625 quidem
1393 1573 1532 1626 erat.
1595 1567 1690 1636 qui
1754 1569 2084 1639 imperabat,

514 1638 672 1705 cujus
702 1650 759 1694 et
799 1644 1016 1714 imperii
1065 1648 1393 1708 diuturnum
1444 1656 1555 1711 fuit
1607 1638 1845 1730 tempus,
1880 1665 1982 1734 (5),
2027 1675 2083 1722 et

513 1728 621 1782 vita
669 1730 922 1790 illustris.
978 1738 1043 1793 Ei
1090 1737 1318 1800 morbus
1359 1746 1615 1803 incubuit
1661 1728 1820 1807 valde
1875 1728 2079 1824 gravis,

512 1834 637 1873 cum
689 1824 739 1876 ei
787 1826 927 1881 male
980 1829 1176 1886 aﬂ'ecta
1230 1845 1418 1891 essent
1482 1840 1763 1907 pudenda,
1798 1854 1856 1897 et
1902 1848 2080 1901 vesica
2113 1825 2154 1879 Β

510 1915 661 1981 gravi
700 1914 976 1976 laboraret
1032 1924 1236 1980 ulcere.
1274 1928 1454 2000 Atque
1500 1933 1593 1988 ille
1637 1936 1861 2004 quidem
1911 1940 2085 2008 patie-

509 2005 691 2072 batur,
719 2021 774 2064 et
804 2012 1107 2085 laborabat,
1142 2037 1245 2076 nec
1276 2024 1495 2081 dolores
1540 2028 1685 2085 ferre
1733 2042 1968 2101 poterat.
2018 2036 2081 2093 Ei

508 2109 690 2152 autem
737 2112 855 2157 erat
898 2107 1297 2168 circumfusum
1360 2131 1590 2173 examen
1647 2124 1984 2178 medicorum
2027 2136 2083 2180 et

508 2189 655 2244 circa
682 2208 829 2259 eum,
861 2208 920 2250 ut
947 2214 1066 2253 mos
1102 2213 1208 2267 est,
1237 2207 1465 2261 aderant
1512 2226 1708 2281 magno
1747 2216 1933 2270 studio
1966 2216 2087 2272 dis-

510 2292 766 2349 putantes
814 2301 828 2339 :
868 2289 960 2357 qui
1018 2290 1087 2345 ad
1125 2297 1560 2363 promittendum
1610 2304 1872 2373 quidem,
1920 2318 1977 2363 et
2012 2309 2081 2364 ad

509 2370 651 2427 bona
685 2392 781 2445 spe
822 2379 1162 2449 implendum
1206 2398 1337 2442 sunt
1374 2391 1537 2446 valde
1580 2370 1946 2465 prompti,rut
1986 2400 2080 2468 qui

507 2476 563 2523 et
587 2468 705 2536 ejus
734 2484 972 2539 manum,
1003 2479 1095 2545 qui
1131 2479 1365 2546 laborat,
1415 2481 1545 2538 hinc
1582 2485 1832 2553 incitent.
1878 2503 1932 2546 et
1965 2492 2079 2547 eﬂi-

510 2560 681 2624 ciant,
709 2571 768 2615 ut
798 2564 869 2618 sit
915 2565 982 2621 ad
1023 2568 1269 2626 dandum
1301 2572 1537 2630 alacrior
1570 2595 1583 2631 :
1621 2589 1680 2632 ut
1724 2592 1908 2636 autem
1952 2600 2080 2653 pro-

508 2651 677 2707 inissa
722 2653 1002 2713 deducant
1042 2662 1109 2714 ad
1157 2663 1439 2729 eﬂ'ectum,
1485 2677 1541 2722 et
1571 2670 1912 2727 laborantem
1945 2651 2082 2729 iibe-

510 2753 632 2797 rent
669 2746 741 2800 ab
765 2764 832 2803 eo
867 2752 1013 2820 quod
1043 2768 1171 2809 eum
1200 2756 1339 2811 male
1367 2759 1555 2825 habet,
1586 2778 1695 2816 non
1723 2764 1899 2817 solum
1923 2766 2077 2822 brevi

510 2852 619 2895 non
673 2854 905 2908 possunt
949 2845 1196 2913 edicere,
1232 2849 1330 2903 sed
1377 2866 1558 2921 neque
1618 2854 1779 2927 longa
1823 2874 1975 2915 mora
2020 2871 2079 2916 et

506 2926 791 2993 dilatione,
837 2950 1016 3005 neque
1051 2937 1200 3009 longi
1248 2944 1513 3011 temporis
1554 2956 1770 3002 utentes
1817 2953 2026 3007 auxilio
2061 2972 2075 3009 :

507 3017 601 3069 sed
630 3021 803 3087 parati
829 3024 1055 3091 quidem
1092 3038 1226 3083 sunt
1253 3045 1446 3085 eorum
1468 3033 1565 3102 qui
1594 3036 1870 3104 laborant,
1916 3057 2079 3097 accu-

505 3122 628 3164 sare
663 3112 1005 3183 tarditatem.
1047 3124 1146 3178 aut
1183 3123 1353 3178 etiam
1395 3127 1462 3182 ad
1494 3128 1570 3195 id,
1618 3138 1764 3201 quod
1808 3146 1891 3191 est
1926 3137 2079 3193 dete-

504 3202 642 3266 rius,
685 3208 1117 3277 proclivitatem,
1154 3224 1212 3267 ut
1258 3217 1352 3285 qui
1394 3220 1479 3275 vel
1526 3226 1814 3294 praeceptis
1843 3244 1954 3283 non
1983 3246 2076 3285 ac-

504 3292 814 3361 quiescant,
861 3301 946 3355 vel
993 3303 1119 3358 cibo
1159 3316 1215 3360 et
1250 3318 1385 3378 potu
1429 3328 1539 3367 non
1569 3330 1657 3377 ea,
1702 3292 1810 3387 qua
1845 3338 1942 3390 par
1968 3332 2073 3389 est,

501 3384 757 3441 cautione
819 3400 1083 3449 utantur:
1132 3412 1192 3451 se
1248 3413 1453 3467 autem,
1488 3416 1546 3459 et
1591 3421 1675 3470 ea,
1706 3424 1827 3476 quae
1872 3417 1938 3465 ad
1981 3429 2080 3467 cu-

504 3476 739 3532 randum
796 3483 1083 3553 adhibent,
1138 3492 1541 3549 medicamenta
1607 3500 1833 3555 minime
1890 3520 2079 3575 repre-

500 3565 772 3627 hendunt.
828 3572 970 3640 Quid
1027 3594 1157 3650 ergo
1206 3583 1549 3653 imperator?
1596 3592 1891 3663 Postquam
1938 3565 2079 3653 vidit

501 3672 599 3712 eos
642 3663 811 3716 multa
852 3666 1075 3734 quidem
1121 3670 1327 3740 dicere,
1359 3686 1416 3730 et
1466 3693 1659 3749 magna
1704 3684 1870 3737 verba
1904 3686 2077 3755 loqui,

501 3748 639 3803 nihil
689 3762 872 3810 autem
923 3760 1177 3817 conferre
1240 3764 1308 3818 ad
1355 3748 1721 3837 curationem,
1776 3772 1889 3829 imo
1944 3791 2077 3832 vero

499 3838 721 3906 laedere,
754 3854 810 3898 et
834 3848 1071 3916 majores
1095 3850 1316 3908 dolores
1345 3854 1580 3925 aderre,
1620 3860 1737 3928 ipse
1770 3867 2078 3933 agitabatur

500 3930 724 3999 quidem
757 3934 1062 4006 doloribus,
1097 3942 1247 3999 ferre
1291 3961 1425 4003 vero
1464 3966 1576 4006 non
1610 3930 1848 4022 poterat.
1896 3958 2077 4031 Atque

499 4037 692 4078 omnes
748 4029 970 4095 quidem
1015 4034 1263 4089 medicos
1304 4053 1373 4091 ex
1410 4055 1567 4109 aequo
1590 4029 2079 4118 coudemnans,_ut

499 4115 743 4182 inutiles,
789 4118 845 4174 in
896 4123 1093 4179 malam
1150 4142 1264 4182 rem
1309 4128 1466 4189 abire
1508 4133 1725 4205 jussit:
1780 4140 1849 4195 ad
1904 4115 2075 4200 Deum

500 4219 683 4262 autem
726 4212 994 4283 confugit,
1040 4227 1098 4272 et
1139 4220 1190 4273 ei
1245 4237 1442 4292 magno
1496 4228 1680 4285 studio
1708 4232 1971 4301 adhaeret,
2019 4246 2076 4293 et

500 4298 651 4353 illinc
685 4304 882 4369 quaerit
920 4308 1204 4363 auxilium.
1237 4310 1645 4384 Nonnunquam
1684 4323 1829 4375 enim
1864 4298 2076 4394 egestas

500 4390 680 4456 docet,
711 4395 842 4463 quid
876 4396 1038 4452 nobis
1065 4402 1137 4454 sit
1180 4403 1344 4471 utile;
1373 4414 1431 4460 et
1455 4407 1643 4475 elIicit,
1687 4421 1748 4466 ut
1779 4390 2072 4485 discamus,

2196 571 2323 639 περί
2376 569 2500 633 τοὺς
2539 570 2735 632 ἐνδεεῖς
2770 565 2950 634 οἶκτος
2984 573 3045 627 τὸ
3076 573 3389 636 ίδιαίτατον,
3431 577 3507 638 ὡς
3561 580 3762 647 μικροῦ

2193 662 2289 715 καὶ
2316 662 2394 725 εἰς
2423 662 2637 730 φύσεως
2659 664 2976 717 ἀποϐαίνειν
3014 668 3443 738 ἀναγκαιότητα,
3476 666 3588 722 οἷον
3619 672 3764 741 ἡλίῳ

2194 753 2292 822 μὲν
2335 754 2397 806 τὸ
2440 756 2715 822 φωτίζειν,
2751 756 2881 825 πυρὶ
2912 757 2967 810 δὲ
3004 758 3065 811 τὸ
3097 760 3300 813 καίειν.
3354 760 3633 813 Ἐντεῦθεν
3665 764 3768 816 καὶ

2189 848 2267 915 τῷ
2297 849 2598 918 τηνικαῦτα
2641 854 2894 923 ἀρχιερεῖ
2938 855 3031 908 τοῦ
3072 858 3309 924 Χριστοῦ
3349 858 3508 927 δῆλος
3548 860 3764 926 γίνεται

2193 940 2383 1007 (ἀρετῆ
2418 940 2523 1009 γὰρ
2571 945 2822 1011 πρᾶγμα.
2862 944 2952 997 ῐσιι
3011 947 3150 1011 φωτὶ
3210 948 3446 1015 λάμπον,
3486 947 3609 1000 ὅθεν
3667 951 3767 1000 καὶ

2190 1028 2324 1096 ταχὺ
2385 1027 2503 1081 λίαν
2556 1031 2923 1100 ἀνακηρύττει
2988 1036 3112 1096 τοὺς
3174 1035 3501 1102 μετιόντας).
3562 1036 3765 1102 Μῆνας

2187 1112 2339 1180 οὗτος
2384 1114 2452 1189 ἦν
2518 1122 2546 1172 ὁ
2592 1124 2689 1190 τὴν
2744 1123 2943 1193 ἀρετὴν
3000 1125 3100 1177 οὐκ
3133 1126 3348 1195 ἄδηλος,
3402 1128 3491 1178 καὶ
3544 1128 3762 1195 ἱερεύς·

2189 1212 2279 1265 ὑπ’
2326 1214 2533 1265 ἐκείνου
2592 1218 2977 1283 χειροτονεῖται
3030 1218 3325 1285 τριάκοντα
3376 1220 3476 1287 ήδη
3514 1221 3765 1286 γεγονὼς

2188 1305 2306 1373 ἔτη,
2366 1308 2458 1358 καὶ
2517 1309 2711 1377 μικρόν
2766 1327 2817 1362 τι
2866 1312 3024 1380 πρός.
3066 1308 3197 1363 Εἰτα
3247 1314 3338 1364 καὶ
3370 1311 3446 1378 τῷ
3476 1312 3574 1378 τὴν
3607 1310 3767 1378 βασι-

2187 1399 2336 1449 λείαν
2394 1399 2630 1452 διέποντι
2686 1404 2915 1470 φανερὸς
2967 1402 3218 1468 γίνεται*
3275 1404 3405 1469 παρ’
3464 1405 3645 1456 αἰτίαν
3702 1403 3763 1454 δὲ

2185 1491 2463 1557 τοιαύτην.

2254 1579 2331 1635 Ε’.
2368 1582 2739 1647 ἰουστινιανὸς
2775 1585 2874 1652 μὲν
2928 1580 2996 1655 ἦν
3030 1587 3059 1637 ὁ
3095 1587 3336 1654 κρατῶν,
3379 1580 3443 1639 οὗ
3470 1587 3563 1637 καὶ
3596 1589 3623 1638 ὁ
3656 1588 3765 1654 τῆς

2181 1680 2355 1748 ἀρχῆς
2377 1680 2565 1748 χρόνος
2586 1680 2773 1745 πολὺς,
2808 1680 2903 1732 καὶ
2932 1682 2958 1732 ὁ
2991 1680 3105 1750 βίος
3130 1682 3422 1748 ἐπιφανής.
3449 1679 3637 1747 Τούτῳ
3667 1682 3763 1731 νό-

2185 1786 2273 1831 σος
2295 1772 2587 1839 ἐνσκήπτει
2619 1774 2763 1841 μάλα
2792 1772 2984 1841 βαρεῖα
3030 1772 3137 1825 τῶν
3163 1771 3376 1825 αἰδοίων
3399 1772 3547 1840 αὐτῷ
3581 1789 3761 1841 πονη-

2186 1862 2294 1929 ρῶς
2317 1863 2570 1931 ἐχόντων,
2607 1865 2701 1915 καὶ
2737 1864 2834 1929 τῆς
2872 1864 3109 1926 κύστεως
3144 1864 3289 1917 ἕλκει
3323 1865 3545 1934 χαλεπῷ
3578 1882 3765 1917 κακω-

2183 1953 2387 2023 θείσης.
2429 1956 2487 2007 'O
2538 1956 2636 2024 μέν
2668 1952 2761 2008 οὖν
2804 1956 3009 2025 ἔπασχέ
3045 1973 3101 2009 τε
3136 1957 3226 2009 καὶ
3264 1958 3469 2025 ἔκαμνε
3516 1960 3611 2012 xal.
3656 1958 3766 2019 τὰς

2180 2045 2370 2108 ὀδύνας
2394 2046 2605 2117 φέρειν,
2637 2048 2695 2099 ού
2722 2047 2946 2111 δυνατὸς
2976 2044 3067 2119 ἦν·
3102 2048 3303 2119 ίατρῶν
3331 2049 3388 2101 δέ
3413 2052 3617 2117 σμῆνος
3653 2051 3767 2101 αὑ-

2179 2137 2257 2207 τῷ
2273 2139 2628 2208 περιεκέχυτο
2646 2141 2735 2191 καὶ
2750 2141 2879 2212 περὶ
2894 2140 3074 2202 αὐτὸν,
3097 2139 3245 2193 ῶσπε
3254 2157 3285 2210 ρ
3306 2139 3445 2203 ἔθος,
3474 2140 3765 2192 σπουδαιο-

2180 2228 2337 2295 λογού
2345 2247 2497 2295 μενοι
2523 2230 2797 2299 παρῆσαν.
2835 2233 2886 2283 οἳ
2913 2231 3337 2298 ἐπαγγείλασθαι
3372 2231 3475 2299 μὲν
3504 2232 3596 2283 καὶ
3624 2233 3768 2299 ἀγα-

2182 2321 2291 2376 θῶν
2322 2323 2553 2377 ἐλπίδων
2580 2324 2864 2394 πληρῶσαι
2892 2324 3089 2393 κομιδή
3110 2326 3412 2395 πρόχειροι,
3443 2326 3535 2379 ἀτε
3560 2324 3623 2389 δὴ
3661 2328 3765 2379 καὶ

2178 2414 2277 2483 τὴν
2315 2417 2473 2485 χεῖρα
2500 2416 2592 2469 τοῦ
2619 2415 2917 2484 κάμνοντος
2939 2414 3189 2469 ἐντεῦθεν
3223 2414 3626 2477 ὑποκινοῦντες,
3658 2420 3765 2471 καὶ

2181 2506 2601 2577 προθυμοτέραν
2640 2510 2717 2570 εἰς
2741 2508 3012 2569 ἐπιδόσεις
3041 2502 3181 2561 εἶναι
3215 2508 3762 2577 παρασκευάζοντες-

2179 2600 2259 2661 εἰς
2290 2599 2451 2667 ἔργον
2478 2598 2614 2650 δὲτὸ
2646 2599 2983 2665 ἐπαγγελθέν
3004 2600 3252 2666 ἀγαγεῖν,
3281 2598 3376 2652 καὶ
3398 2598 3493 2651 τοῦ
3523 2598 3767 2651 λυποῦν-

2179 2708 2268 2754 τος
2298 2691 2604 2758 ἀπαλλάξαι
2624 2690 2718 2745 τὸν
2777 2691 3118 2761 πιεζόμενον,
3147 2691 3209 2744 οὐ
3242 2692 3399 2761 μόνον
3426 2694 3527 2744 οὐκ
3557 2695 3612 2743 ἐν
3642 2692 3764 2744 ὀλί-

2180 2798 2261 2851 γῳ
2304 2782 2519 2836 δυνατοὶ
2566 2785 2761 2847 ποιεῖν,
2810 2782 2926 2835 ἀλλ’
2958 2783 3083 2837 οὐδὲ
3127 2782 3289 2853 τριϐῇ
3338 2782 3433 2835 καί⁵
3493 2782 3761 2853 μελλήσει

2180 2875 2459 2938 πολλάκις,
2492 2876 2611 2929 οὺδέ
2651 2877 2742 2929 τὸν
2783 2878 2993 2946 μακρὸν
3036 2877 3226 2946 χρόνον
3261 2876 3630 2946 λαμϐάνοντες
3672 2877 3760 2939 είς

2183 2966 2474 3036 βοήθειαν·
2531 2967 2646 3020 ἀλλ’
2707 2968 2917 3037 ἐτοιμοι
2982 2969 3183 3038 μᾶλλον
3250 2971 3375 3030 τοὺς
3440 2963 3760 3036 πάσχοντας

2180 3056 2460 3111 αἰτιᾶσθαι
2486 3060 2583 3128 τῆς
2619 3057 2969 3129 βραδύτητος,
2996 3057 3027 3129 ἢ
3058 3058 3155 3111 καὶ
3185 3058 3281 3121 τάς
3315 3057 3443 3127 πρὸς
3477 3058 3531 3108 τὸ
3569 3059 3760 3125 χεῖρον

2104 3176 2149 3238 C
2185 3151 2591 3220 συμϐαινούσας
2626 3153 3000 3221 περιπετείας,
3034 3153 3163 3205 ὠσεί
3196 3153 3270 3222 μὴ
3299 3156 3407 3214 τοῖς
3439 3152 3763 3217 παραγγέλ-

2184 3259 2348 3312 μασιν
2385 3242 2651 3303 εῐκοντας,
2682 3244 2715 3312 ἢ
2757 3244 2885 3311 περὶ
2926 3245 3023 3304 τὰς
3059 3243 3287 3311 βρώσεις
3321 3243 3351 3310 ἢ
3394 3244 3584 3303 πόσεις
3614 3245 3763 3310 tit-pu-

2178 3335 2393 3398 λάκτως
2446 3322 2706 3404 ἔχονταςέ
2744 3335 2956 3398 ἑαυτοῖς
2988 3334 3044 3387 δὲ
3090 3334 3186 3387 καὶ
3218 3328 3298 3396 οἷς
3328 3334 3622 3403 κέχρηνται
3672 3336 3760 3397 εἰς

2181 3427 2476 3497 θεραπείαν
2535 3427 2867 3496 φαρμάκοις,
2926 3428 3132 3497 μέμψιν
3182 3428 3230 3480 οἱ
3273 3427 3536 3496 βέλτιστοι
3588 3444 3763 3497 προσ-

2180 3518 2444 3571 ἅπτουσιν
2500 3516 2780 3587 οὐδεμίαν.
2816 3518 2880 3568 Τί
2916 3516 3008 3569 οὖν
3053 3518 3081 3569 ὁ
3114 3517 3253 3586 βασι.
3274 3517 3401 3581 εύς;
3450 3518 3539 3570 ἐπὶ
3578 3518 3760 3572 πολλὰ

2182 3606 2283 3675 μὲν
2313 3607 2509 3669 αὐτοὺς
2530 3605 2787 3674 λέγοντας
2816 3606 2961 3676 ἐώρα
2992 3608 3088 3659 καὶ
3110 3606 3757 3676 μεγαλορῤημονοῦντας,

2179 3696 2330 3747 οὐδὲν
2363 3695 2420 3747 δὲ
2448 3695 2583 3763 πρὸς
2614 3695 2910 3763 θεραπείαν
2948 3694 3233 3756 ἀνύοντας,
3271 3694 3351 3745 ὅτι
3486 3694 3579 3746 καὶ
3620 3694 3761 3763 βλά-

2179 3803 2413 3850 πτοντας
2442 3786 2537 3839 καὶ
2569 3787 2794 3840 ἀκεσίαν
2822 3788 3069 3847 ἅπαντας
3100 3785 3608 3857 ἀποδεικνυμένους,
3646 3790 3757 3842 αὒ-

2177 3878 2267 3940 τός
2294 3894 2353 3930 τε
2383 3876 2600 3940 ὀδύναις
2621 3877 2878 3931 ἐϐάλλετο
2914 3877 3033 3947 μὲν,
3069 3879 3256 3947 φέρειν
3276 3875 3333 3928 δι
3370 3877 3470 3929 οὐκ
3494 3876 3760 3943 ⁴ήδύνατο·

2181 3968 2383 4039 ἰατρῶν
2411 3968 2512 4037 μὲν
2548 3970 2636 4020 ἐπ’
2674 3970 2798 4036 ἰσης
2851 3969 3069 4020 πάντων
3103 3968 3165 4019 τὸ
3200 3968 3547 4035 ἀνωφέλητον
3581 3985 3762 4021 κατα-

2178 4060 2361 4129 γνοὺς,
2383 4058 2642 4129 οἰμώζειν
2668 4058 2871 4127 ἔφασκε
2891 4074 2908 4089 ·
2939 4057 3271 4130 προσφεύγει
3295 4058 3351 4111 δέ
3385 4056 3586 4128 μᾶλλον
3608 4058 3757 4130 Θεῷ,

2177 4152 2272 4207 καὶ
2308 4151 2475 4205 αὑτοῦ
2506 4152 2626 4205 λίαν
2654 4150 2907 4221 ἐμμελῶς
2935 4153 3270 4221 περιέχεται,
3294 4151 3388 4203 καὶ
3414 4149 3513 4221 τήν
3538 4150 3760 4204 ἐκεῖθεν

2177 4244 2336 4310 ζητεῖ
2368 4244 2641 4313 βοήθειαν.
2686 4244 2844 4295 Ἔστι
2866 4248 2977 4312 γὰρ
3022 4244 3112 4295 ὅτε
3152 4243 3219 4314 δή
3252 4243 3348 4297 καὶ
3372 4244 3405 4313 ή
3431 4244 3636 4313 ἀπορία
3672 4244 3762 4297 δι-

2175 4336 2444 4400 δάσκαλος
2474 4338 2608 4406 ἡμῖν
2637 4334 2731 4389 τοῦ
2756 4334 3161 4399 λυσιτελοῦντος
3188 4336 3419 4405 γίνεται,
3451 4337 3547 4388 καὶ
3565 4336 3691 4388 ὅθεν
3723 4339 3760 4407 ὴ

2176 4428 2410 4501 ἀψευδὴς
2458 4429 2584 4499 ἥκει
2641 4428 2882 4501 βοήθεια,
2944 4429 3237 4498 μανθάνειν
3290 4430 3505 4482 amata
3551 4427 3616 4481 'H
3643 4430 3759 4504 γὰρ

502 4485 773 4539 undenam
806 4504 995 4544 verum
1026 4494 1209 4548 veniat
1233 4496 1499 4554 auxilium
1525 4518 1538 4554 :
1565 4524 1581 4552 ί(
1615 4503 1893 4561 Auxilium
1929 4510 2075 4563 enim

2185 4485 2409 4595 βοήθειά
2430 4485 2555 4593 μου,
2582 4485 2739 4591 (priet:
2766 4485 2913 4593 παρὰ
2944 4485 3173 4592 ἰίυρίου.
3221 4542 3239 4569 γι

501 4590 705 4634 meum,
750 4578 945 4649 inquit,
977 4598 1008 4637 a
1035 4583 1268 4641 Domino
1296 4590 1339 4643 '.
1380 4609 1400 4639 »

570 4666 655 4719 Vl.
694 4666 829 4722 Cum
858 4671 1041 4740 itaque
1074 4678 1431 4735 vehementer
1464 4685 1735 4751 petiisset,
1786 4706 1893 4745 non
1922 4692 2076 4748 tarde

501 4761 882 4828 consequitur,
943 4764 1039 4819 sed
1082 4767 1134 4822 ei
1172 4768 1227 4822 in
1277 4774 1487 4828 somnis
1533 4778 1842 4834 ostenditur
1886 4784 2073 4838 multi-

504 4850 637 4903 tudo
667 4852 1028 4922 medicorum,
1060 4861 1155 4927 qui
1189 4862 1381 4919 ordine
1414 4867 1635 4934 quidem
1667 4872 1938 4937 astabant,
1975 4876 2075 4931 bo-

504 4952 656 4995 uesta
710 4960 869 5011 vero,
921 4956 977 5001 et
1045 4966 1166 5020 quae
1228 4958 1609 5015 sacerdotibus
1670 4968 2075 5034 conveniebat,

501 5045 658 5087 erant
718 5047 867 5092 veste
922 5040 1120 5096 induti.
1165 5045 1311 5102 Vidit
1352 5057 1535 5105 autem
1574 5056 1865 5121 quemdam
1917 5072 2076 5114 acce-

502 5124 723 5181 dentem
762 5132 1103 5199 eunuchum,
1134 5149 1200 5191 ex
1232 5152 1368 5192 auro
1400 5142 1622 5209 quidem
1651 5158 1904 5202 contexta
1930 5163 2079 5209 veste

503 5219 776 5287 indutum,
810 5224 1112 5296 Praeposito
1137 5246 1268 5285 vero
1298 5236 1499 5290 amictu
1532 5237 1786 5305 similem,
1810 5239 1902 5309 qui
1930 5241 2078 5298 visus

501 5325 587 5371 cst
611 5319 905 5373 ostendere
943 5337 1109 5377 unum
1134 5339 1465 5397 quemquam
1498 5345 1563 5384 ex
1592 5331 1840 5398 medicis,
1872 5348 1982 5402 quo
2005 5335 2077 5389 sit

584 5440 601 5467 ’
625 5439 770 5497 Psal.
789 5457 909 5505 cxx,
943 5443 993 5495 2.

574 5602 646 5683 (2)
679 5601 1065 5683 APatriarcha
1111 5604 1265 5683 Mena
1296 5620 1405 5662 non
1446 5611 1689 5683 potuisse
1720 5612 2075 5683 Sampsoncm

502 5673 1120 5797 ordinariigsacerdotem
1150 5673 1357 5733 dictum
1382 5673 1465 5735 est
1493 5682 1546 5736 in
1600 5673 1907 5740 Comment.
1939 5702 2079 5755 prae-

506 5761 591 5797 no
626 5761 673 5795 n.
798 5786 809 5796 .

506 5761 591 5797 ΥΙΟ
626 5761 673 5795 Π.
724 5761 809 5797 Ίδ.

2254 4694 2345 4762 (τ’.
2371 4696 2601 4766 Θερμῶς
2636 4695 2926 4768 τοιγαροῦν
2968 4696 3223 4765 αἰτήσας,
3258 4697 3319 4748 οὐ
3364 4696 3607 4766 βραδέως
3635 4698 3763 4751 ἐπι-

2180 4789 2459 4857 τυγχάνει,
2503 4787 2642 4840 ἀλλά
2688 4787 2809 4841 κατ’
2846 4786 2979 4860 δναρ
3028 4788 3177 4859 αὐτῷ
3227 4788 3504 4843 δείκνυται
3551 4791 3769 4861 ἰατρῶν

2180 4881 2383 4951 πλῆθος
2429 4882 2676 4953 στιχηδὺν
2710 4883 3132 4953 παριστάμενοι,
3162 4886 3260 4952 τὴν
3299 4887 3401 4951 μέν
3433 4902 3516 4937 τοι
3561 4884 3763 4955 στολὴν

2179 4974 2521 5045 ἱεροπρεπῶς
2582 4976 2959 5043 περικείμενοι
2990 4990 3003 5003 ·
3065 4974 3323 5043 εὐνοῦχον
3371 4976 3429 5028 δέ
3461 4992 3580 5028 τινα
3608 4992 3761 5048 παρ-

2176 5065 2398 5119 ελθόντα
2419 5068 2588 5133 ἐώρα,
2620 5070 2901 5136 χρυσουφῇ
2936 5066 3036 5135 μὲν
3061 5065 3550 5136 περιϐεϐλημένον,
3575 5065 3760 5135 Πραι-

2185 5157 2392 5226 ποσίτῳ
2419 5157 2477 5209 δὲ
2514 5155 2612 5227 τὴν
2634 5156 2903 5227 ἀναϐολὴν
2925 5155 3135 5226 ὅμοιον,
3160 5156 3218 5220 δς
3249 5158 3341 5208 καὶ
3377 5157 3761 5212 ὑποδεικνύειν

2185 5247 2334 5315 αὑτῷ
2364 5246 2523 5318 ἐῴκει
2561 5248 2667 5301 τῶν
2700 5247 2899 5317 ἰατρῶν
2943 5248 3195 5314 ἕκαστον,
3228 5248 3374 5311 ὅπως
3419 5249 3531 5319 ἔχει
3584 5266 3763 5319 προσ-

2184 5338 2335 5389 ώπου
2375 5340 2469 5391 καὶ
2504 5338 2719 5408 ήλικίας
2770 5339 2861 5391 καὶ
2891 5340 3344 5409 παραστήματος,
3394 5340 3478 5406 ἐφ’
3517 5333 3599 5401 οἷς
3657 5338 3759 5391 ἕνα

2190 5616 2626 5741 ε,2(ἶι)όιὶξξέιινὶι
2654 5615 2997 5672 Justinianus
3028 5612 3253 5686 Magnus
3287 5613 3353 5667 ab
3377 5630 3523 5668 anno
3546 5612 3765 5671 Christi

2190 5709 2217 5740 ι)
2260 5690 2339 5741 7a
2465 5690 2475 5703 ’
2521 5728 2531 5739 .

2186 5690 2287 5742 527
2310 5690 2374 5741 ad
2410 5690 2531 5740 465.
