3966 6444
166 374 270 437 285

1407 375 1585 436 VlTA
1624 376 1688 439 S.
1730 376 2074 437 SAMPSON
2087 378 2172 437 IS.

3329 383 3439 445 286

166 488 294 540 εντα
328 486 393 537 τὸ
427 487 732 556 πρόσχημα
774 486 1054 552 ταπεινὸν,
1088 486 1187 556 τὴν
1225 486 1419 539 πολιὰν
1478 486 1730 557 εὐπρεπῆ

1862 488 2039 550 vultu,
2078 499 2237 542 aetate
2267 497 2322 542 et
2358 487 2583 553 habitu;
2614 488 2757 542 inter
2793 503 2930 557 quos
2959 504 3150 549 unum,
3192 491 3284 557 qui
3320 497 3439 543 erat

164 581 259 648 τὴν
290 578 508 630 ἔνδυσιν
535 579 794 645 εὐσταλῆ,
820 578 1081 649 γνωρίσαι
1107 596 1164 631 τε
1196 578 1385 631 τοῦτον
1414 572 1491 649 τῷ
1540 578 1749 649 βασιλεί

164 671 575 739 ἐμμελέστερον
623 670 719 724 καὶ
757 666 865 733 οἷός
907 673 1022 723 ἐστι
1066 671 1285 723 πάντων
1325 672 1747 740 παρασκευάσαι

164 761 528 828 καταμαθεῖν.
564 764 657 814 καὶ
689 762 764 822 ὡς
788 762 946 824 αὐτὸς
979 762 1159 831 μόνος,
1190 763 1249 814 οὐ
1285 763 1384 832 μέν
1406 760 1488 816 τοι
1515 763 1624 816 τῶν
1654 764 1746 837 ἄλ-

164 856 265 906 λων
295 856 502 920 οὐδεὶς,
535 857 731 922 φάναι,
761 855 983 915 δυνατός
1040 874 1122 909 σοι
1169 854 1354 909 δοῦναι
1401 856 1495 910 τοῦ
1539 857 1746 913 πάθους

164 946 506 1014 ἀπαλλαγήν.
552 946 705 1000 Ἐπεὶ
731 942 822 999 οὖν
846 948 940 999 καὶ
980 946 1151 1000 ὕπνου
1189 949 1376 1017 ἀνείθη
1405 951 1432 1001 ὁ
1460 949 1741 1017 βασιλεὺς,

170 1039 344 1109 ἀληθῆ
376 1041 569 1104 κρίνας
601 1040 691 1090 τὸν
714 1038 922 1108 ὄνειρον
950 1042 1145 1109 (ἐποίει
1183 1042 1290 1111 γὰρ
1332 1042 1612 1094 πιστεύειν
1648 1045 1745 1096 καὶ

162 1131 330 1183 ταῦτα
362 1132 732 1200 οἰκονομήσας
756 1132 883 1183 ίδεῑν
909 1132 1000 1182 καὶ
1027 1131 1235 1199 μέλλων
1264 1132 1321 1197 ἐξ
1344 1132 1503 1203 ἔργου
1533 1134 1600 1186 τὰ
1623 1136 1745 1204 ὁρα-

164 1225 317 1274 θέντα
349 1222 781 1290 πιστώσασθαι),
817 1224 992 1293 χαρᾶς
1032 1224 1129 1291 μὲν
1177 1224 1517 1294 πληροῦταν
1574 1242 1742 1294 μετα-

164 1315 411 1366 καλεῖται
441 1314 499 1366 δὲ
532 1316 657 1376 τοὺς
687 1316 905 1382 ἰατροὺς
936 1315 1158 1379 εὐθέως.
1192 1317 1300 1368 Καὶ
1327 1317 1376 1368 οί
1411 1317 1511 1386 μὲν
1544 1316 1741 1386 συνῆλ-

161 1408 249 1459 θον
299 1411 398 1460 καὶ
432 1410 516 1471 είς
559 1410 683 1477 ὅφιν
731 1409 881 1479 αύτῷ
923 1410 1274 1479 παρέστησαν
1318 1410 1556 1474 ἅπαντες
1581 1427 1595 1442 ·
1634 1414 1661 1464 ὁ
1696 1411 1742 1465 δ’

159 1500 314 1569 ἐπῄει
345 1501 582 1551 ἕκαστον
618 1501 1080 1569 φιλοπραγμονῶν
1132 1502 1396 1569 ἐσχάτως,
1438 1502 1531 1554 καὶ
1576 1502 1743 1571 βασα-

162 1596 321 1655 νίζων
354 1594 457 1663 οὐχ
482 1589 667 1664 ἧττον,
701 1595 731 1662 ἢ
764 1594 856 1646 τὸν
887 1594 1141 1664 χρῦσὸνή
1176 1594 1343 1647 Λυδία
1367 1593 1532 1659 λίθος,
1568 1596 1741 1664 πρόσ-

157 1686 307 1736 ωπόν
360 1700 423 1737 τε
458 1688 555 1738 καὶ
592 1685 779 1754 σχῆμα
827 1684 924 1737 καὶ
958 1684 1177 1754 ἠλικίαν
1224 1685 1366 1738 κατὰ
1413 1687 1481 1739 τὰ
1528 1686 1744 1740 ὑποδει-

160 1776 357 1843 χθέντα
415 1775 726 1845 παράσημα
780 1774 867 1828 διὰ
919 1777 1027 1829 τῶν
1068 1776 1313 1847 ὀνείρων.
1360 1778 1446 1841 Ὠς
1490 1778 1548 1829 δὲ
1592 1779 1743 1832 οὐδὲν

1850 584 2034 650 specie
2081 582 2327 643 humilis.
2382 582 2534 635 canis
2588 582 2845 645 decorus,
2893 583 3091 635 vestitu
3167 582 3439 635 honestus

1849 683 1905 727 et
1942 674 2301 739 compositus,
2339 673 2661 740 diligentius
2696 686 2915 735 curare,
2975 684 3034 726 ut
3082 684 3242 728 notus
3288 685 3436 726 esset

1849 763 2205 833 imperatori;
2260 773 2317 818 et
2361 764 2600 829 ellicere,
2653 776 2711 817 ut
2756 766 2923 819 sciret
2963 766 3143 832 qualis
3185 775 3329 819 esset
3374 766 3432 818 in

1846 857 2125 920 omnibus,
2155 867 2210 911 et
2238 857 2439 911 dixisse
2478 874 2492 911 :
2536 858 2634 911 llic
2663 857 2835 920 solus,
2880 868 2935 911 et
2968 859 3152 910 nullus
3188 874 3255 921 ex
3283 858 3432 919 aliis,

1848 946 1944 1000 tibi
2000 954 2179 1014 potest
2226 946 2382 1009 dare,
2425 956 2542 1000 uta
2578 958 2756 1001 morte
2808 948 3085 1001 libereris.
3137 948 3433 1015 Postquam

1845 1048 2031 1091 autem
2076 1053 2106 1091 a
2155 1052 2350 1092 somno
2394 1038 2499 1091 fuit
2546 1040 2819 1093 excitatus
2865 1040 3186 1107 imperator,
3236 1054 3428 1093 verum

1839 1128 2097 1198 judicans
2142 1144 2265 1185 esse
2296 1134 2571 1185 somnium
2606 1134 2689 1201 (ut
2722 1132 2975 1187 crederet
3016 1133 3188 1194 enim,
3229 1131 3431 1184 ell‘ecc-

1845 1231 1930 1275 rat
1962 1222 2007 1275 is
2035 1224 2127 1291 qui
2161 1223 2477 1292 providerat
2501 1234 2561 1277 ut
2600 1224 2835 1289 videret,
2874 1236 2930 1279 et
2980 1240 3102 1294 qua
3138 1227 3253 1278 visa
3308 1225 3429 1277 fue-

1846 1320 1989 1376 rant,
2027 1325 2146 1365 erat
2176 1328 2236 1365 re
2263 1312 2381 1381 ipsa
2419 1314 2894 1383 conﬁrmaturus),
2927 1314 3189 1381 impletur
3210 1314 3430 1381 quidem

1844 1403 2086 1471 gaudio:
2149 1405 2383 1457 accersit
2460 1413 2641 1459 autem
2692 1407 2873 1459 statim
2917 1405 3181 1459 ntedicos.
3236 1406 3304 1458 Et
3353 1405 3431 1459 illi

1844 1494 2066 1561 quidem
2100 1505 2503 1558 convenerunt,
2537 1506 2595 1550 et
2628 1512 2686 1551 se
2719 1498 2770 1551 ei
2816 1513 3010 1551 omnes
3039 1513 3225 1551 coram
3263 1498 3423 1551 stite-

1844 1593 1992 1638 runt.
2028 1584 2127 1638 llic
2172 1601 2303 1640 vero
2335 1602 2789 1657 unumquemque
2842 1590 3152 1652 lustrabat,
3195 1590 3431 1658 diligen-

1845 1677 2055 1731 tissime
2116 1689 2507 1746 perscrutans,
2564 1692 2620 1733 et
2678 1695 2786 1732 non
2855 1682 3038 1733 minus
3106 1682 3430 1737 examinans

1843 1784 2005 1837 quam
2034 1784 2229 1822 aurum
2266 1770 2405 1838 lapis
2437 1769 2661 1839 Lydius,
2692 1770 3020 1840 vultumque
3070 1780 3127 1825 et
3174 1772 3425 1841 ﬁguram,

158 1866 266 1917 τῶν
302 1866 598 1935 παρόντων
645 1866 793 1936 ἐώρα
836 1866 1039 1919 τοιόνδε
1088 1866 1400 1938 γνώρισμα,
1448 1866 1593 1937 λύπῃ
1649 1870 1732 1922 καῖ

1845 1869 1902 1911 σι
1944 1870 2183 1925 aetatem,
2234 1862 2539 1916 secundum
2592 1863 2771 1931 signa,
2816 1878 2938 1931 qua:
2988 1870 3147 1916 erant
3208 1873 3431 1918 ostensa

156 1960 365 2028 ἀπορίᾳ
414 1957 713 2027 συνείχετο,
754 1958 847 2011 καὶ
889 1955 977 2011 οἷα
1018 1956 1443 2028 διψητικώτερος
1491 1960 1571 2010 ἐτι
1606 1960 1741 2012 καθ-

159 2048 351 2101 ίστατο
395 2048 492 2101 τοῦ
522 2047 957 2115 ἐπαγγελθέντος
990 2048 1405 2117 ἀποτυγχάνων.
1458 2049 1741 2101 Ἐντεῦθεν

162 2139 331 2208 πολλή
384 2154 443 2190 τε
484 2138 580 2190 καὶ
623 2138 802 2207 θερμὴ
835 2138 928 2188 καὶ
954 2135 1101 2200 ὀξεῖα
1126 2137 1373 2208 ζήτησις,
1413 2140 1739 2208 ἐπαγγελίαι

160 2248 217 2282 τε
240 2230 467 2298 δωρεῶν
501 2230 593 2281 καὶ
627 2228 801 2297 τιμῶν
842 2229 1141 2299 μεγίστων,
1167 2217 1290 2292 ἂίό
1322 2231 1413 2284 τὸν
1445 2232 1616 2310 ἄνδρα
1650 2234 1742 2286 τὸν

163 2322 500 2389 ζητούμενον
540 2320 880 2389 ἐμφανίσων,
915 2322 1226 2384 ἀκολούθως
1264 2317 1346 2385 οἷς
1376 2318 1483 2376 εἶδε
1537 2325 1742 2394 συμϐό-

157 2416 265 2479 λοις
323 2418 351 2468 ό
414 2415 691 2485 βασιλεὺς,
733 2415 957 2485 ἔμελλεν
988 2416 1150 2478 εὐθὺς
1180 2416 1471 2487 λήψεσθαι.
1516 2420 1583 2473 '0
1642 2422 1741 2490 μέν

153 2505 245 2561 οὖν
280 2508 534 2575 ἐζητεῖτο
585 2508 702 2561 λίαν
742 2507 1018 2576 ἐκθύμως,
1054 2507 1150 2560 καὶ
1204 2510 1263 2562 τὸ
1306 2508 1597 2581 γνώρισμα
1647 2508 1736 2582 ῆν,

155 2602 212 2651 οὔ
245 2602 392 2653 κατά
426 2600 523 2653 τοῦ
556 2600 818 2665 Πέλοπος,
842 2598 1033 2670 ῶσπερ
1060 2595 1203 2653 οἶδεν
1230 2602 1257 2654 ὁ
1286 2600 1478 2670 μῦθος,
1512 2604 1618 2656 ἀπὸ
1644 2604 1737 2658 τοῦ

153 2691 328 2759 ὤμου,
357 2690 475 2744 dif
509 2692 619 2745 ἀπὸ
656 2690 750 2744 τοῦ
793 2692 1076 2761 περιόντος
1110 2692 1207 2759 τῆς
1236 2692 1436 2763 ἀρετῆς
1474 2694 1569 2747 καὶ
1603 2713 1739 2763 προ-

155 2784 476 2852 ηγουμένως
540 2782 650 2838 ἀπὸ
700 2782 795 2837 τοῦ
850 2783 1258 2857 μετριοπαθοῦς
1302 2786 1397 2837 καὶ
1444 2788 1736 2841 συνεσταλ·

158 2876 343 2943 μένου.

220 3050 299 3105 Z'.
346 3052 501 3104 Ἐπεὶ
528 3051 583 3105 δέ
615 3053 711 3106 καὶ
739 3052 817 3107 ἐτι
844 3054 1110 3126 δυσχερὴς
1135 3051 1204 3125 ἦν
1233 3057 1267 3124 ἡ
1296 3056 1515 3127 εὕρεσις
1550 3059 1736 3129 (ἐκρύ-

155 3159 321 3195 πτετο
359 3144 469 3213 γὰρ
511 3144 573 3196 ού
608 3146 706 3212 τὴν
742 3146 957 3215 μορφὴν
1003 3146 1374 3215 μεταδά).λων,
1413 3145 1503 3202 οία
1528 3150 1592 3221 δὴ
1640 3152 1734 3205 καὶ

150 3237 237 3289 τὸν
253 3236 486 3305 Πρωτέα
514 3236 860 3304 πλάττουσιν,
888 3237 1002 3290 ἀλλ’
1037 3239 1322 3311 οίκονομίᾳ
1350 3241 1457 3294 τινὶ
1482 3242 1732 3312 θειοτέρα

152 3330 344 3382 τούτου
375 3330 791 3397 συμϐαίνοντος,
821 3332 909 3385 ἴνα
947 3333 1040 3384 καὶ
1076 3333 1110 3404 ἡ
1141 3332 1366 3405 βραδεῖα
1394 3335 1626 3405 δήλωσις
1653 3336 1732 3387 ἐτι

160 3425 365 3493 μὶ).>.ον
390 3425 556 3475 αὑτὸν
589 3424 924 3492 ἐπιπόθητον
954 3428 1295 3499 καταστήσῃ)
1325 3428 1422 3497 ὀψὲ
1453 3431 1547 3482 καὶ
1580 3430 1734 3499 μόλις

150 3516 257 3567 τῶν
283 3513 492 3580 ίατρῶν
519 3530 602 3574 τις
636 3512 745 3565 τῶν
772 3512 1091 3582 βασιλικῶν,
1113 3516 1190 3583 τῷ
1216 3517 1314 3584 μέν
1351 3518 1563 3584 βασιλεῖ
1596 3522 1734 3587 γνώ-

154 3623 331 3674 ριμος,
370 3603 613 3673 συνήθης
647 3604 705 3657 δέ
736 3603 815 3675 τῷ
845 3605 1107 3675 Μεγάλῳ,
1137 3608 1230 3658 καὶ
1261 3607 1331 3659 τὰ
1371 3609 1578 3661 ἐκείνου
1607 3610 1730 3681 ἄρι-

154 3711 249 3749 στα
275 3694 559 3761 συνειδὼς,
594 3696 655 3749 ού
687 3696 757 3749 τὰ
786 3696 885 3767 τῆς
918 3698 1121 3768 ἀρετῆς
1145 3700 1326 3768 μόνον,
1360 3700 1498 3754 ἀλλὰ
1542 3704 1634 3755 καὶ
1664 3705 1733 3758 τὰ

152 3789 244 3854 τῆς
279 3790 505 3857 χάριτός
564 3806 623 3841 τε
660 3789 753 3841 καὶ
786 3790 894 3841 τῶν
927 3791 1243 3857 θαυμάτων,
1266 3792 1419 3846 ἔνθεν
1445 3793 1593 3863 αύτῷ
1636 3796 1732 3848 καὶ

154 3882 456 3947 σαμϐαλεῑν
499 3882 684 3949 ῥᾴδιον
723 3877 823 3949 ἦν,
865 3884 1069 3935 ἐκεῖνον
1108 3881 1246 3937 εἶναι
1282 3885 1374 3939 τὸν
1421 3888 1728 3956 ίασόμενον,

154 3974 311 4033 abte;
335 3966 495 4034 οὗτος
531 3970 688 4041 δῆλον
710 3971 873 4036 εὐθὺς
904 3973 994 4026 τὸν
1025 3976 1212 4043 Μέγαν
1232 3976 1311 4046 τῷ
1348 3976 1561 4047 βασιλεῖ
1589 3981 1724 4032 καθ-

155 4068 331 4135 ίστησι
392 4068 486 4116 καὶ
531 4065 706 4134 χαρᾶς
757 4064 905 4133 αὐτῷ
946 4065 1155 4131 γίνεται
1198 4068 1475 4134 πρόξενος,
1516 4070 1644 4140 ὅσης
1679 4072 1729 4122 οί

150 4162 310 4212 πάθει
343 4157 649 4227 σωματικῷ
682 4157 984 4227 κάμνοντες
1028 4159 1123 4211 καὶ
1155 4160 1472 4229 ἀπαλλαγῆς
1504 4163 1729 4233 ἐφιέμε-

149 4268 243 4313 νοι,
271 4251 495 4301 δυνατοὶ
528 4253 690 4317 μόνον
733 4253 991 4306 συνεῖναι.
1026 4252 1201 4315 Εὐθὺς
1239 4254 1336 4324 μὲν
1365 4254 1457 4308 οὖν
1500 4257 1580 4319 είς
1606 4256 1729 4326 ὄψιν

147 4348 171 4395 ὁ
210 4342 531 4411 θαυμαστὸς
569 4342 720 4411 αὐτῷ
754 4344 954 4413 παρῄει
991 4345 1228 4413 Σαμψών
1253 4362 1265 4375 ·
1299 4347 1419 4400 ούδέ
1463 4347 1569 4418 γὰρ
1608 4349 1727 4402 ούδέ

150 4438 320 4505 βραχῦ
358 4433 421 4485 τὸ
455 4433 622 4502 μέσον
670 4435 841 4504 ἀκοῆς
865 4453 1032 4505 φημι,
1062 4438 1157 4489 καὶ
1185 4437 1283 4504 τῆς
1315 4438 1443 4499 θέας
1472 4440 1725 4505 γενέσθαι

1844 1967 1943 2020 per
1970 1953 2202 2006 somnia.
2230 1953 2524 2021 Postquam
2554 1964 2735 2007 autem
2771 1954 2985 2007 nullum
3019 1955 3158 2007 vidit
3207 1956 3312 2009 tale
3353 1956 3431 2008 si-

1840 2042 2009 2112 gnum
2060 2043 2114 2095 in
2164 2046 2246 2097 eis
2285 2044 2379 2112 qui
2417 2044 2668 2106 aderant,
2722 2046 2914 2099 dolore
2952 2046 3316 2107 adiciebatur,
3370 2058 3428 2100 et

1845 2135 2104 2203 perplexo
2134 2146 2253 2189 erat
2284 2136 2490 2199 animo,
2518 2136 2803 2207 multoque
2836 2136 3014 2191 lactus
3051 2148 3136 2191 est
3177 2118 3417 2201 avidior,

1843 2229 1990 2297 quod
2042 2230 2286 2282 nondum
2332 2242 2478 2284 esset
2531 2232 2865 2297 promissum
2922 2239 3232 2285 assecutus.
3290 2232 3428 2286 Hinc

1842 2318 2075 2389 diligens
2106 2319 2249 2373 facta
2281 2331 2367 2373 est
2398 2321 2701 2389 inquisitio,
2740 2322 3126 2390 donormnque
3168 2334 3223 2375 et
3258 2322 3428 2374 maxi-

1842 2427 2057 2465 morum
2090 2411 2361 2465 honorum
2395 2411 2706 2481 promissio,
2730 2428 2869 2482 quos
2894 2424 3041 2467 esset
3074 2425 3426 2482 accepturus,

1842 2505 1936 2573 qui
1973 2505 2153 2557 virum
2200 2505 2519 2559 ostenderet
2561 2520 2626 2559 ex
2672 2506 2741 2559 iis
2786 2504 3008 2559 indiciis
3054 2521 3176 2575 quae
3212 2506 3429 2563 viderat

1842 2596 2160 2665 imperator.
2232 2596 2328 2649 Hie
2391 2597 2617 2664 quidem
2668 2596 2969 2665 diligenter
3035 2600 3421 2666 quaerebatur;

1840 2689 2055 2757 signum
2083 2696 2288 2749 autem,
2319 2702 2429 2754 quo
2471 2699 2897 2757 cognosceretur
2942 2700 3084 2752 erat,
3127 2708 3232 2745 non
3281 2707 3423 2760 quo-

1841 2776 2005 2832 modo
2060 2777 2281 2846 Pelopis
2328 2780 2412 2847 (ut
2454 2786 2643 2831 ttarrat
2694 2777 2920 2849 fabula)
2966 2780 3269 2845 humerus;
3325 2782 3422 2836 sed

1839 2870 2015 2923 virtus
2054 2869 2319 2939 insignis,
2370 2879 2425 2923 et
2474 2871 2747 2938 praecipue
2798 2872 3066 2925 moderati
3129 2888 3313 2927 mores
3366 2885 3422 2928 et

1836 2962 2148 3031 compositi.

1908 3052 2019 3106 Vll.
2056 3052 2191 3105 Cum
2226 3064 2410 3107 autem
2437 3062 2586 3108 esset
2619 3052 2861 3108 dillicilis
2890 3053 3137 3108 inventio
3176 3056 3419 3117 (celaba-

1842 3155 1929 3200 tur
1960 3148 2131 3209 enim,
2175 3162 2283 3200 non
2335 3146 2563 3199 formam
2625 3156 2862 3209 mutans,
2921 3157 2979 3199 ut
3036 3147 3251 3215 ﬁngunt
3294 3150 3422 3203 Pro—

1838 3246 2007 3298 tcum,
2033 3237 2127 3291 sed
2158 3238 2394 3305 quodam
2443 3238 2631 3291 divino
2680 3238 2787 3292 hoc
2824 3239 3120 3291 eveniente
3164 3240 3419 3304 consilio,

1841 3339 1898 3382 ut
1928 3330 2132 3382 tardior
2154 3331 2397 3383 Ostcnsio
2431 3345 2556 3383 cum
2588 3331 2841 3383 redderet
2874 3333 3046 3400 magis
3079 3332 3422 3386 desiderabi-

1838 3421 1990 3490 lem).
2022 3422 2111 3475 vix
2168 3422 2389 3475 tandem
2445 3438 2589 3476 unus
2633 3439 2699 3477 ex
2750 3423 2981 3479 medicis
3044 3425 3417 3494 imperatoris,

1836 3528 1999 3569 notus
2028 3516 2248 3584 quidem
2280 3517 2620 3583 imperatori,
2653 3517 2848 3585 magno
2881 3527 3066 3572 autem
3114 3518 3409 3587 Sampsoni

1833 3606 2135 3668 familiaris,
2191 3619 2248 3659 et
2293 3608 2387 3674 qui
2440 3622 2527 3661 res
2567 3607 2715 3661 illius
2759 3608 2962 3676 optime
3007 3620 3258 3674 noverat,
3305 3628 3416 3665 null

1834 3699 2092 3753 virtutem
2136 3698 2337 3761 solum,
2392 3699 2485 3752 sed
2546 3704 2710 3756 etiam
2759 3702 2990 3770 gratiam
3024 3712 3079 3755 et
3128 3702 3415 3768 miracula,

1832 3808 1958 3846 eum
1988 3791 2334 3845 manifestum
2370 3790 2570 3845 reddit.
2603 3791 2738 3845 Hinc
2778 3804 2959 3846 autem
2996 3794 3073 3845 illi
3105 3795 3262 3847 facile
3293 3806 3417 3849 erat

1833 3885 2126 3955 conjicere,
2157 3898 2285 3937 eum
2317 3900 2436 3937 esse
2462 3886 2556 3954 qui
2590 3885 2742 3939 illum
2774 3892 2895 3938 erat
2935 3895 3250 3940 curaturus.
3314 3885 3415 3941 Hic

1830 3993 1963 4048 ergo
1989 3978 2104 4047 ipse
2135 3992 2389 4048 magnum
2413 3977 2567 4030 illum
2610 3977 2969 4045 Sampsonem
3009 3988 3197 4030 notum
3234 3979 3416 4029 reddit

1833 4068 2171 4139 imperatori,
2209 4080 2265 4122 et
2292 4070 2344 4123 ei
2380 4079 2584 4123 tantam
2622 4067 2883 4122 conciliat
2929 4067 3200 4130 laetitiam,
3235 4084 3413 4137 quan-

1833 4170 1940 4215 tam
1978 4160 2038 4224 ii,
2072 4161 2165 4229 qui
2196 4161 2451 4213 laborant
2484 4162 2677 4213 morbo
2727 4161 3000 4227 corporis,
3032 4171 3084 4212 et
3123 4162 3190 4212 ab
3222 4176 3287 4212 co
3312 4178 3411 4213 cu-

1831 4253 1990 4322 piunt
2034 4252 2295 4313 liberari.
2360 4251 2462 4305 soli
2520 4261 2753 4319 possunt
2834 4250 3162 4320 intelligere.
3234 4252 3413 4319 Atque

1830 4346 2013 4397 statim
2037 4344 2262 4413 quidem
2298 4342 2448 4396 venit
2473 4342 2817 4395 admirabilis
2851 4342 3121 4409 Sampson
3165 4356 3177 4391 :
3230 4357 3410 4408 neque

1829 4436 1975 4489 enim
2021 4436 2166 4487 inter
2209 4435 2387 4487 visum
2428 4449 2483 4487 et
2530 4434 2781 4487 auditum
2821 4434 3137 4487 intercessit
3193 4443 3413 4501 tempus

147 4531 430 4599 παρῆκεν·
464 4526 637 4589 οὕτως
690 4526 853 4579 αὑτὸν
892 4530 924 4598 ή
966 4529 1060 4582 τοῦ
1116 4530 1243 4582 ίδεϊν
1288 4529 1522 4600 ἰσχυρῶς
1579 4526 1722 4583 εἷλεν

1836 4527 1913 4580 vel
1952 4526 2339 4581 brevissimum
2373 4539 2386 4575 :
2435 4534 2647 4577 tantum
2692 4522 2811 4592 ejus
2838 4522 3059 4575 videndi
3108 4523 3409 4588 imperato-

146 4622 434 4691 ἐπιθυμία.
478 4620 624 4674 Ἰδὼν
665 4615 758 4673 οὖν
795 4619 1004 4687 ἀνέγνω
1040 4622 1221 4684 καλῶς
1256 4623 1363 4675 ἀπὸ
1398 4624 1505 4676 τῶν
1530 4624 1721 4686 νυκτὸς

143 4718 453 4783 ὁραθέντων
496 4715 568 4767 τὰ
608 4713 731 4783 μεθ’
762 4714 977 4784 ἡμέραν
1008 4714 1329 4783 φαινόμενα,
1375 4711 1489 4767 οἷον
1525 4718 1721 4786 ὀφθαλ-

149 4813 258 4879 μῶν
318 4810 669 4879 ἡμερότητα,
731 4812 949 4877 μορφῆς
1026 4807 1340 4879 ἱλαρότητα,
1416 4809 1563 4877 ἠθῶν
1629 4812 1720 4863 εὐ-

144 4904 397 4974 κοσμίαν,
433 4900 698 4968 πώγωνος
730 4902 1066 4971 αύχμηρίαν,
1097 4903 1360 4972 ὀμμάτων
1390 4906 1717 4971 κατήφειαν,

145 4997 386 5065 σύμϐολα
446 5010 505 5045 τε
556 4992 709 5061 αὕτῷ
789 4993 1153 5063 ἐπιτρέποντα
1234 4993 1715 5063 μετριοφροσύνης.

142 5088 320 5140 Ταῦτα
358 5087 598 5147 ἐκεῖνος,
645 5086 961 5149 προσιόντος
1006 5082 1099 5136 τοῦ
1136 5083 1471 5151 θαυμαστοῦ,
1520 5086 1719 5138 θεασά-

145 5179 449 5245 μενοςρῦδὲ
480 5176 749 5237 καθεκτὸς
775 5170 840 5243 ἦν
868 5174 969 5236 ἔτι,
996 5176 1111 5228 ἀλλ’
1134 5176 1370 5237 ἀναστὰς
1393 5176 1449 5239 ἐξ
1479 5177 1717 5246 ἀμέτρου

146 5271 495 5343 περιχαρεῖας
536 5267 854 5335 περιϐάλλει
890 5283 949 5317 τι
988 5266 1078 5317 τὸν
1110 5268 1299 5335 εὐτελῆ
1342 5267 1401 5319 τὸ
1459 5270 1721 5336 φαινόμε-

146 5382 246 5425 νοι,
281 5368 307 5416 ὸ
354 5363 455 5432 τὴν
491 5359 779 5429 βασιλείαν
816 5358 1197 5427 περίὸλεπτος,
1248 5362 1339 5410 καὶ
1387 5358 1529 5427 φιλεῖ
1578 5360 1718 5425 ἄγαν

145 5456 322 5523 ἡδέως,
351 5459 414 5508 οὐ
467 5453 645 5521 στόμα
676 5453 856 5517 μόνον,
892 5452 1024 5503 ἀλλὰ
1058 5456 1148 5501 καὶ
1190 5452 1453 5519 κεφαλὴν,
1502 5446 1579 5504 ἾΙ
1616 5452 1717 5519 μὴν

148 5549 292 5610 αὑτὸς
325 5546 393 5608 εἴ,
429 5548 631 5614 λέγων,
670 5543 875 5610 Πάτερ,
920 5546 1081 5605 αὐτὸς
1122 5537 1189 5605 εἷ,
1239 5544 1265 5593 ό
1305 5545 1424 5595 κατ’
1461 5545 1589 5613 ὄναρ
1630 5562 1717 5611 μοι

145 5641 451 5711 παραδόξως
495 5636 813 5707 ἐπιφανεὶς,
846 5636 980 5689 ἀλλὰ
1037 5638 1129 5688 καὶ
1182 5635 1241 5687 τὸ
1292 5636 1460 5699 πάθος
1502 5640 1561 5689 τὸ
1591 5639 1716 5705 ἐμὸν

146 5735 493 5803 ἐπαγγελοεὶς
546 5731 828 5787 ξασασθαι.
866 5730 1051 5793 Οὕτως
1093 5728 1285 5792 εἰπὼν,
1318 5729 1477 5791 εὐθὺς
1524 5733 1601 5794 εἰς
1649 5732 1715 5782 τὰ

146 5829 464 5898 προσωτέρω
502 5824 780 5891 συνεισῄει
836 5822 940 5876 τῶν
983 5822 1271 5889 βασιλείων
1326 5824 1595 5889 ἐγκρατὴς
1641 5823 1713 5876 ὢν

1828 4637 1940 4675 rem
1971 4628 2192 4688 ceperat
2244 4618 2603 4673 desiderium.
2650 4618 2787 4670 Cum
2826 4633 2956 4670 vero
2993 4632 3118 4669 eum
3158 4616 3406 4674 vidisset.

1822 4728 1889 4766 ex
1917 4713 1983 4766 iis
2037 4728 2157 4779 qua:
2182 4720 2345 4764 noctu
2372 4710 2487 4762 visa
2521 4708 2763 4772 fuerant,
2815 4708 3045 4777 pulchre
3091 4708 3408 4773 recognovit

1822 4818 1886 4857 ea
1935 4820 2056 4873 qua:
2102 4800 2474 4855 cernebantur
2534 4798 2809 4860 interdiu,
2870 4806 3060 4865 utpote
3113 4798 3404 4850 oculorum

1825 4895 2323 4957 mansuetudinem,
2358 4894 2550 4948 forma:
2576 4892 2936 4954 hilaritatem,
2969 4906 3185 4944 morum
3234 4890 3406 4942 hone-

1823 4999 2015 5043 statem
2039 5030 2051 5052 ,
2084 4988 2267 5041 barba:
2306 4986 2616 5055 squalorem
2640 5023 2654 5046 ,
2705 4994 2961 5052 aspectus
3016 4981 3317 5043 tristitiam,
3349 4991 3406 5036 et

1822 5100 1941 5152 quae
1972 5097 2097 5135 eum
2139 5080 2410 5135 decebant
2458 5080 2609 5147 signa
2658 5078 3074 5131 moderationis.
3116 5078 3240 5129 Haec
3275 5089 3399 5128 cum

1823 5176 1934 5239 ille,
1980 5175 2285 5229 admirabili
2330 5172 2627 5226 accedente
2673 5171 2999 5238 Sampsone,
3050 5178 3196 5222 esset
3265 5184 3401 5221 con-

1824 5267 2132 5335 templatus,
2159 5280 2263 5318 non
2298 5265 2474 5332 potuit
2514 5250 2751 5333 amplius
2784 5262 3084 5322 contineri,
3134 5259 3227 5313 sed
3265 5275 3393 5313 sur-

1820 5376 1950 5430 gens
1984 5376 2089 5427 praa
2133 5357 2723 5416 immoderata-laetitia,
2764 5369 2891 5408 eum
2937 5354 3029 5421 qui
3061 5352 3244 5419 specie
3275 5352 3399 5405 vilis

1818 5461 1936 5505 erat
1966 5462 2018 5505 et
2052 5451 2318 5518 abjectus,
2359 5449 2497 5519 ipse,
2552 5449 2644 5517 qui
2690 5456 2809 5499 erat
2860 5444 3089 5513 insignis
3135 5443 3391 5513 imperio,

1819 5546 2185 5615 amplectitur,
2220 5554 2276 5597 et
2307 5543 2549 5596 suaviter
2592 5540 2888 5594 admodum
2926 5538 3229 5597 osculatur.
3282 5552 3393 5589 non

1819 5656 1879 5691 ns
1906 5639 2103 5699 solum,
2132 5635 2225 5688 sed
2250 5636 2413 5689 etiam
2446 5642 2630 5701 caput,
2664 5633 2855 5685 dicens
2895 5646 2906 5681 :
2939 5630 3117 5691 Certe,
3149 5646 3181 5682 o
3209 5630 3391 5689 Pater.

1822 5741 1875 5783 tn
1912 5746 1972 5784 es
2000 5729 2134 5798 ipse,
2169 5729 2260 5799 qui
2294 5727 2427 5781 mihi
2460 5724 2866 5781 admirabiliter
2896 5724 2949 5776 in
2982 5721 3191 5776 somnis
3226 5736 3390 5789 appa-

1823 5821 2177 5889 ruislizquin
2208 5821 2369 5875 etiam
2413 5829 2463 5874 te
2518 5801 2771 5874 morbum
2810 5830 2992 5870 meum
3036 5814 3308 5883 pollicitus
3330 5828 3391 5867 es
