3966 6444
535 341 646 404 287

1837 357 2128 417 MENSIS
2165 358 2476 420 JUNIUS.

3700 363 3806 430 288

533 464 877 510 curaturum.
933 455 1059 511 Haec
1105 473 1230 512 cum
1274 459 1543 528 dixisset,
1598 468 1782 520 statlm
1832 467 2114 536 ingressus

2229 467 2430 521 lxefvou
2451 471 2550 539 τῆς
2573 488 2633 525 τε
2673 470 2854 527 Ὀσίου
2875 476 3078 546 χειρὸς,
3111 477 3232 530 ούδὶ
3254 477 3362 548 γάρ
3395 478 3533 551 ᾤετο
3563 479 3713 550 μέγα
3753 496 3804 535 τι

531 557 614 600 est
648 548 700 601 in
745 550 906 617 regie
941 553 1266 618 penetralia,
1308 555 1572 612 Sanctum
1613 558 1767 614 illum
1811 575 1976 615 manu
2029 571 2112 617 te.

533 655 714 694 nens:
762 658 938 710 neque
987 645 1136 699 enim
1182 648 1532 706 existimabat
1571 667 1630 707 se
1674 668 1930 724 magnum
1979 654 2113 723 quid

533 730 738 794 facere,
774 735 918 788 illam
964 736 1268 800 honorans,
1309 742 1466 810 cujus
1512 742 1890 799 admirabilem
1937 746 2116 800 virtu-

530 832 639 877 tetu
673 842 794 890 ιηοι
829 838 976 881 esset
1008 841 1362 897 experturus.

608 903 740 975 VIII.
780 918 1072 987 Postquam
1109 931 1296 976 autem
1341 923 1622 992 ingressus
1667 935 1754 980 est
1796 927 2114 996 imperator,

532 1015 586 1059 et
657 1023 783 1060 eum
847 1009 1042 1065 habuit
1114 1028 1301 1066 secum
1378 1015 1683 1082 sedentem,
1743 1019 1988 1072 nondum
2016 1035 2115 1074 sua

531 1109 657 1161 erga
688 1108 810 1149 eum
857 1097 1194 1168 benignitate
1235 1102 1489 1168 satiatus,
1533 1104 1689 1172 plura
1727 1107 1910 1162 adhuc
1949 1108 2118 1163 facie-

533 1186 644 1242 bat.
681 1188 811 1257 Ejus
852 1205 1049 1244 manus
1080 1193 1324 1262 capiens,
1371 1195 1488 1250 suis
1539 1197 1859 1266 imponebat
1912 1201 2113 1264 oculis,

531 1287 588 1329 et
615 1293 706 1332 eas
732 1296 854 1334 cum
882 1283 1119 1338 maxima
1141 1285 1424 1353 voluptate
1453 1287 1800 1354 deosculatus,
1841 1301 1898 1346 et
1931 1293 1984 1346 in
2023 1309 2120 1349 eas

533 1367 808 1426 distillans
849 1373 1142 1444 lacrymas,
1202 1377 1514 1433 laetabatur.
1564 1379 1739 1434 Morbi
1788 1383 1959 1447 enim,
2021 1385 2116 1453 qui

533 1475 659 1513 eum
692 1464 999 1529 premebat,
1028 1468 1330 1522 necessitas
1373 1469 1667 1535 efficiebat,
1719 1485 1779 1528 ut
1821 1475 1984 1530 homo
2019 1492 2119 1545 ap-

533 1562 753 1619 pareret
815 1557 1000 1623 potius
1048 1573 1213 1626 quam
1266 1561 1590 1629 imperator,
1636 1575 1692 1620 et
1732 1566 1826 1634 qui
1865 1567 2120 1622 humanis

532 1640 859 1699 flectebatur
898 1648 1162 1714 miseriis,
1191 1665 1354 1718 quam
1390 1652 1486 1722 qui
1515 1653 1873 1723 imperatoria
1921 1660 2121 1714 eﬂ'ere-

532 1732 694 1789 batur
728 1738 1154 1808 magnificentia.
1188 1742 1686 1802 Verumenimvero
1742 1749 1862 1803 hac
1919 1766 2119 1821 magna

532 1827 879 1895 imperatoris
917 1833 1222 1888 moderatio
1271 1844 1328 1888 et
1374 1837 1590 1907 religio,
1638 1855 1863 1910 gravem
1915 1843 2120 1899 Sancto

531 1916 717 1987 injecit
760 1921 1090 1985 molestiam,
1116 1933 1173 1978 et
1200 1924 1430 1994 perinde
1459 1943 1524 1983 ae
1556 1930 1602 1983 si
1632 1931 1684 1984 ei
1717 1930 1874 1987 ﬁeret
1898 1933 2120 2001 injuria,

527 2017 586 2062 et
620 2009 674 2063 in
701 2025 827 2065 eum
869 2013 1037 2068 nimia
1069 2026 1427 2072 exerceretur
1453 2021 1712 2076 molestia
1741 2062 1755 2086 ,
1804 2039 1914 2078 non
1942 2026 2124 2094 potuit

535 2109 718 2157 tenere
749 2104 1029 2158 silentium
1053 2144 1070 2169 ,
1121 2108 1215 2162 sed
1247 2126 1261 2161 :
1297 2109 1375 2163 Ne
1424 2111 1507 2165 sic
1556 2111 1777 2176 feceris,
1812 2129 1846 2168 ο
1886 2114 2124 2184 impera-

533 2197 636 2253 tor,
679 2207 859 2262 neque
902 2203 1015 2250 tam
1052 2195 1288 2253 demisse
1326 2208 1384 2254 et
1416 2200 1631 2270 abiecte
1662 2243 1676 2267 ,
1741 2203 2120 2274 exclamabat;

531 2293 635 2334 nec
677 2296 744 2336 eo
777 2283 928 2353 quod
966 2293 1023 2340 te
1067 2286 1186 2356 ipse
1228 2287 1520 2344 immodice
1553 2291 1786 2362 dejicias
1826 2305 1885 2349 et
1931 2296 2126 2364 depri-

531 2384 668 2436 tuas,
699 2372 926 2440 edicias,
960 2385 1024 2431 ut
1053 2376 1290 2432 damuer
1331 2383 1686 2450 arrogantiae.
1732 2383 1792 2438 In
1835 2401 1945 2453 quo
1973 2387 2122 2440 enim

533 2474 656 2515 sum
703 2467 1095 2521 communibus
1151 2467 1472 2526 hominibus
1520 2474 1797 2542 superior,
1856 2477 1951 2546 qui
1999 2493 2122 2532 sum

535 2549 724 2618 miser,
758 2563 817 2609 et
848 2556 1089 2624 peccatis
1117 2558 1412 2625 obnoxius,
1437 2572 1496 2617 et
1527 2578 1668 2633 opus
1711 2565 1891 2623 habeo
1925 2586 2123 2640 magna

530 2641 742 2700 Christi
801 2646 1148 2718 benignitate
1182 2660 1238 2705 et
1266 2651 1604 2709 clementia?
1633 2657 2124 2716 Verumenimvero

535 2733 649 2789 haec
681 2743 773 2791 tua
820 2736 950 2792 fidei
996 2740 1335 2796 abundantia
1395 2755 1451 2797 et
1495 2744 1700 2810 fervor,
1755 2757 1841 2802 est
1882 2749 2056 2804 futuri
2093 2765 2124 2806 a

531 2827 752 2890 Christo
781 2831 974 2886 auxilii
1015 2842 1211 2889 certus
1249 2837 1502 2905 nuntius,
1531 2840 1623 2908 qui
1653 2851 1736 2896 est
1764 2841 1876 2898 Rex
1907 2859 2121 2915 regum,

531 2928 586 2973 et
617 2930 796 2990 potest
825 2925 1010 2979 omnia
1055 2924 1260 2980 facere.
1303 2927 1442 2982 Cum
1493 2930 1611 2985 haec
1655 2931 1910 2996 dixisset,
1946 2935 2124 3005 impo-

535 3016 647 3066 suit
680 3027 904 3066 manum
942 3017 1084 3083 parti
1117 3017 1349 3073 affectae.
1396 3021 1463 3073 Et
1492 3037 1554 3075 ea
1587 3025 1809 3091 quidem
1845 3042 1946 3080 suo
1995 3027 2124 3082 fun-

2217 563 2394 612 ποιεῖν
2423 562 2640 633 ἐκείνην
2669 565 2866 636 τιμῶν,
2899 563 2965 640 ἦς
3005 567 3315 622 ἀπολαῦσαι
3337 569 3805 644 θαυματουργού-

2220 670 2320 723 σης
2349 654 2597 725 ἔμελλεν.

2291 917 2370 968 H'.
2407 918 2560 970 Ἐπεὶ
2587 920 2642 972 δὲ
2668 922 2762 974 καὶ
2789 923 3038 992 εἰσῆλθεν
3061 926 3209 979 ἔνδον
3242 927 3520 996 βασιλεὺς,
3549 933 3641 982 καὶ
3672 947 3807 996 συγ-

2219 1011 2533 1080 καθήμενον
2591 1013 2757 1065 αύτὸν
2784 1010 2950 1082 εἶχεν,
2982 1015 3135 1070 οὔπω
3169 1021 3331 1089 κόρον
3375 1020 3668 1089 δεχόμενος
3710 1023 3809 1088 τῆς

2219 1105 2645 1176 φιλοφροσύνης,
2675 1107 2754 1160 ἔτι
2787 1110 2882 1161 καὶ
2913 1109 3073 1162 πλέον
3095 1112 3292 1178 ἐποίει,
3318 1113 3613 1181 λαμϐάνων
3642 1113 3810 1166 αὑτοῦ

2217 1196 2319 1258 τάς
2345 1198 2555 1265 χεῖρας,
2577 1195 2824 1266 δμμασιν
2851 1199 3020 1254 ἐτίθει
3054 1204 3163 1265 τοῖς
3193 1203 3388 1255 ἑαυτοῦ
3430 1205 3523 1256 καὶ
3568 1221 3779 1270 καταφι
3798 1234 3813 1245 ο

2219 1285 2327 1337 λῶν
2374 1287 2493 1354 μεθ’
2519 1288 2652 1357 ὅσης
2689 1290 2831 1343 είποι
2879 1307 2964 1355 τις
3004 1293 3220 1362 ἡδονῆς,
3255 1295 3349 1347 καὶ
3383 1295 3596 1365 δάκρυα
3635 1313 3812 1349 κατα-

2223 1377 2435 1440 στάζων
2472 1380 2650 1431 αὐτῶν
2678 1382 2865 1451 ἧδετου
2909 1386 2940 1453 ή
2983 1385 3092 1454 γὰρ
3132 1385 3227 1438 τοῦ
3277 1388 3557 1451 πιέζοντος
3601 1387 3814 1449 πάθους

2221 1469 2437 1537 ἀνάγκη
2491 1469 2780 1540 ἄνθρωπον
2821 1473 2981 1526 αὐτὸν
3026 1476 3206 1528 δποίει
3245 1477 3448 1546 μᾶλλον
3501 1479 3533 1547 ἢ
3580 1478 3815 1546 βασιλέα

2219 1559 2535 1614 δείκνυσθαι
2565 1564 2660 1615 καὶ
2695 1564 3066 1632 ἀνθρωπίναις
3096 1568 3512 1637 καλυπτόμενον
3557 1571 3818 1640 ἀθλιότη-

2224 1667 2308 1702 σιν
2373 1651 2408 1721 ἢ
2469 1652 2970 1724 μεγαλοπρεπείαις
3028 1655 3342 1726 βασιλικαῖς
3406 1661 3808 1730 ἐπαιρόμενον.

2227 1743 2377 1812 Πλὴν
2407 1744 2523 1796 ἀλλ’
2552 1747 2584 1816 ἡ
2620 1745 2786 1816 πολλὴ
2813 1747 2952 1816 αὕτη
2982 1748 3077 1802 τοῦ
3118 1749 3383 1818 βασιλέως
3414 1755 3818 1822 μετριοπάθεια

2224 1833 2318 1885 καὶ
2347 1832 2407 1886 τὸ
2438 1835 2600 1897 σέϐας
2641 1835 2919 1907 βαρύτητα
2962 1838 3059 1892 καὶ
3107 1839 3289 1910 λύπην
3336 1840 3682 1911 ἐμϐέϐληκεν
3733 1845 3819 1912 τῷ

2237 1921 2423 1988 Ὀσίῳ,
2456 1925 2548 1976 καὶ
2572 1918 2760 1996 ῶσπερ
2781 1927 2966 1981 ἄδικόν
2988 1941 3039 1981 τι
3080 1937 3322 1999 πάσχων,
3359 1932 3450 1984 καὶ
3478 1933 3557 1994 εἰς
3589 1949 3820 2001 μετριο-

2223 2013 2501 2083 φροσύνην
2569 2015 3062 2086 πλεονεκτούμενος
3115 2019 3216 2072 οὐκ
3276 2021 3476 2091 ήνεγκε
3555 2023 3816 2092 σιωπᾷν·

2222 2105 2380 2169 ἀλλά,
2413 2108 2504 2176 Μὴ
2540 2107 2685 2160 οὓτω
2731 2109 2899 2172 ποίει,
2933 2103 2978 2162 ὦ
3010 2110 3258 2179 βασιλεῦ,
3293 2112 3370 2182 μὴ
3415 2111 3591 2177 οὕτως
3623 2113 3820 2182 ἡρέμα

2225 2197 2321 2249 καὶ
2343 2197 2643 2260 ταπεινῶς,
2684 2199 2982 2267 ύπεφώνει,
3023 2200 3157 2268 μηδὲ
3197 2203 3274 2271 τῷ
3313 2205 3572 2274 ἀμέτρως
3603 2204 3821 2259 ἐθέλειν

2223 2286 2393 2339 αὐτὸν
2431 2288 2789 2354 ταπεινῶσαι,
2836 2292 2960 2360 ἐμοὶ
3010 2294 3183 2361 κρῖμα
3249 2295 3592 2365 προξενήσεις
3640 2298 3821 2368 ὑπερ-

2224 2380 2406 2449 οψίας.
2445 2379 2510 2434 Τί
2546 2381 2653 2454 γάρ
2693 2382 2855 2436 πλέον
2906 2383 3015 2453 έχω
3065 2384 3177 2452 ἐγὼ
3214 2385 3322 2439 τῶν
3364 2387 3557 2438 κοινῶν
3593 2389 3820 2459 ἀνθρώ-

2227 2490 2366 2539 πων,
2397 2473 2741 2546 ταλαίπωρος
2777 2475 2854 2529 ὢν
2891 2479 2987 2530 καὶ
3018 2476 3314 2548 ἁμαρτίαις
3355 2478 3682 2543 ὑπεύθυνος,
3718 2481 3821 2533 καὶ

2225 2566 2428 2633 πολλῆς
2479 2567 2579 2633 τῆς
2621 2567 2772 2636 παρά
2822 2567 3064 2637 Χριστοῦ,
3118 2569 3492 2639 χρηστότητος
3538 2574 3631 2623 καὶ
3683 2571 3819 2640 φιλ-

2225 2655 2546 2724 ανθρωπίας
2605 2657 2861 2727 επιδεήςς
2915 2658 3063 2728 Πλὴν
3123 2660 3260 2712 ἀλλά
3315 2662 3374 2712 τὺ
3428 2660 3662 2726 ἄφθονόν
3719 2678 3820 2713 σου

2225 2749 2384 2802 τοῦτο
2423 2748 2522 2819 τῆς
2550 2752 2787 2816 πίστεως
2834 2753 2927 2804 καὶ
2966 2751 3170 2822 θερμὸν
3201 2752 3431 2820 ἄγγελός
3473 2768 3556 2804 σοι
3601 2753 3820 2817 γίνεται

2226 2843 2464 2913 ἀψευδὴς
2505 2845 2605 2912 τῆς
2645 2845 2752 2896 ἀπὸ
2795 2842 3033 2914 Χριστοῦ
3084 2843 3358 2914 βοηθείας,
3395 2842 3489 2896 τοῦ
3534 2841 3823 2908 Βασιλέως

2225 2933 2290 3003 δὴ
2330 2935 2439 2986 τῶν
2467 2934 2864 3003 βασιλευόντων
2903 2937 2996 2990 καὶ
3034 2939 3215 2990 πάντα
3253 2936 3558 3006 δυναμένου
3611 2940 3818 2993 ποιεῖν.

2226 3024 2416 3088 Οὕτως
2452 3027 2644 3093 είπὼν,
2693 3032 2852 3098 χεῖρα
2891 3030 3130 3084 ἐπετίθει
3183 3029 3260 3101 τῷ
3293 3030 3558 3099 πάσχοντι
3606 3033 3818 3100 μέρει·

532 3103 769 3173 gebatur
789 3105 994 3162 oﬂieio.
1027 3106 1148 3177 Ipse
1179 3119 1361 3165 autem
1389 3113 1546 3182 cepia
1577 3114 1906 3173 humilitatis
1934 3120 2122 3178 volens

2230 3121 2379 3190 καὶὴ
2435 3118 2536 3189 μὲν
2576 3121 2795 3190 ἐνήργει
2849 3122 2918 3174 τὰ
2955 3123 3193 3190 εαυτῆς⁹
3230 3125 3258 3176 ὁ
3285 3123 3341 3174 δὲ
3375 3124 3645 3199 κρύπτειν
3691 3126 3823 3178 ἑθέ-

533 3196 711 3250 celare
766 3197 1176 3264 abundantiam
1229 3203 1458 3270 gratiae,
1519 3205 1853 3275 quibusdam
1925 3212 2121 3280 rebus,

533 3301 672 3355 quas
701 3289 844 3357 parti
875 3289 1150 3345 laboranti
1194 3307 1260 3348 ex
1305 3306 1421 3350 arte
1451 3297 1734 3368 imposuit,
1778 3305 2123 3360 curationem

533 3380 843 3434 conabatur
888 3383 1192 3440 ascribere.
1231 3385 1337 3441 Sed
1390 3391 1746 3455 medicinam,
1780 3409 1902 3463 quas
1949 3397 2126 3466 appli-

534 3472 806 3538 cabatur,
853 3475 1154 3540 vincebat,
1207 3493 1330 3546 quae
1378 3481 1701 3547 celabatur,
1754 3486 1953 3541 veritas
2000 3505 2014 3541 :
2069 3501 2128 3546 et

535 3563 630 3632 qui
670 3563 726 3618 in
782 3564 905 3619 aliis
953 3566 1136 3622 fuerat
1195 3570 1454 3637 cognitus
1515 3589 1698 3629 rerum
1735 3579 1965 3636 eﬂ‘ector
2019 3585 2125 3638 mi-

535 3653 818 3718 rabilium,
881 3656 936 3708 in
985 3655 1100 3711 brec
1181 3673 1401 3729 quoque
1474 3662 1578 3718 fuit
1627 3669 1880 3736 cognitus
1927 3672 2125 3729 fecisse

535 3748 887 3802 miraculum.
921 3748 1040 3805 Non
1074 3751 1232 3806 multi
1265 3756 1414 3807 enim
1448 3755 1565 3811 dies
1596 3763 1988 3827 praeterierunt
2010 3805 2022 3826 ,
2071 3775 2126 3822 et

535 3837 837 3905 imperator
883 3841 986 3893 fuit
1028 3844 1256 3898 omnino
1307 3843 1576 3901 liberatus
1614 3865 1644 3901 a
1690 3854 1904 3917 morbo,
1954 3865 2128 3912 etest

535 3929 807 3998 integram
841 3943 1130 3989 assecutus
1181 3937 1496 4003 sanitatem,
1531 3941 1886 4012 repletusque
1921 3957 2006 4000 est
2035 3949 2124 4002 lse-

535 4021 656 4073 titia
690 4030 746 4074 et
781 4024 1175 4089 admiratione,
1229 4028 1320 4079 illa
1362 4029 1582 4097 quidem
1617 4042 1843 4102 propter
1887 4053 2125 4109 recupe-

537 4122 710 4166 ratam
761 4113 1159 4180 valetudinem,
1213 4117 1317 4173 hac
1358 4129 1542 4176 autem
1603 4135 1922 4195 propterea,
1977 4132 2124 4200 quod

534 4201 630 4268 qui
670 4218 798 4256 eum
852 4219 1048 4258 sanum
1107 4205 1338 4271 fecerat,
1395 4210 1507 4264 Deo
1557 4223 1702 4267 esset
1750 4213 2124 4273 familiaritate

537 4288 891 4353 conjunctus.

610 4376 702 4432 IX.
743 4379 952 4438 Deinde
985 4385 1178 4451 etiam,
1212 4396 1272 4442 ut
1312 4397 1476 4445 tanta:
1499 4395 1806 4450 curationis
1852 4395 2124 4454 beneﬂcio

2227 3209 2336 3261 λων
2380 3210 2882 3279 ταπεινοφροσύνης
2926 3211 3216 3281 περιουσίᾳ
3257 3214 3478 3281 χάριτος
3523 3198 3820 3281 ἀφθονίαν,

2228 3301 2526 3369 ὲπιθέμασί
2553 3318 2664 3352 τισι
2699 3303 2812 3364 τοῖς
2837 3303 2902 3354 εκ
2934 3301 3146 3373 τέχνης,
3181 3302 3216 3356 ἃ
3243 3302 3319 3386 τῷ
3357 3304 3610 3373 ἀλγοῦντι
3654 3308 3824 3379 μέρει

2230 3391 2552 3453 επέϐαλλεν,
2616 3393 2944 3462 ἐπιγράφειν
3010 3395 3270 3465 ἐπειρᾶτο
3312 3391 3410 3465 τὴν
3457 3398 3622 3451 ἴασιν.
3671 3398 3824 3450 Ἀλλ’

2230 3484 2385 3538 ινίκα
2405 3485 2880 3556 ὲπιπλαττομένην
2905 3486 3048 3540 οὕτω
3072 3487 3374 3557 θεραπείαν
3399 3491 3431 3560 ἡ
3465 3491 3826 3562 ύποκρυπτο-

2231 3575 2368 3644 μένη
2409 3573 2658 3645 ἀλήθεια,
2693 3579 2786 3628 καὶ
2819 3579 2846 3628 ό
2879 3579 2935 3628 ὲν
2973 3578 3186 3639 πολλοῖς
3227 3580 3320 3630 καὶ
3349 3580 3531 3642 ἀλλοις
3564 3580 3826 3650 θαυματ-

2229 3669 2428 3734 ουργδς
2493 3667 2818 3732 γνωρισθεὶς
2877 3666 2981 3716 κᾶν
3026 3667 3200 3736 τούτῳ
3257 3668 3319 3732 δὴ
3374 3669 3826 3742 θαυματουργῶν

2230 3755 2575 3822 ἐγνωρίζετο.
2606 3754 2681 3806 Οὐ
2715 3752 2908 3805 πολλαὶ
2936 3754 3213 3823 παρῆλθον
3246 3757 3454 3830 ἡμέραι
3483 3761 3571 3812 καὶ
3600 3761 3628 3812 ό
3652 3760 3824 3830 βασι-

2227 3845 2352 3909 λεὺς
2393 3847 2534 3909 ὅλως
2583 3845 2874 3918 ἀπηλλάγη
2914 3846 3008 3901 τοῦ
3041 3849 3249 3914 πάθους
3299 3855 3389 3906 καὶ
3424 3852 3672 3924 καθαρᾶς
3708 3857 3829 3908 ἀπ-

2228 3938 2456 3993 έλαυσεν
2485 3942 2718 4006 ὑγιείας,
2745 3943 2958 4012 πλήρης
2981 3959 3038 3995 τε
3079 3939 3147 4014 ἦν
3177 3946 3518 4018 εὐφροσύνης
3551 3949 3640 3999 καὶ
3679 3949 3824 4002 θαύ-

2231 4047 2423 4100 ματος,
2451 4032 2550 4100 τῆς
2588 4032 2685 4102 μὲν
2725 4033 2813 4114 διά
2857 4035 2956 4105 τὴν
2989 4036 3352 4107 ἀνάστρωσιν,
3385 4039 3478 4092 τοῦ
3517 4040 3573 4093 δὲ
3598 4040 3686 4094 διά
3717 4042 3824 4114 τὴν

2226 4124 2322 4177 τοῦ
2356 4126 2682 4193 ύγιάσαντος
2711 4106 2848 4196 πρὸς
2879 4127 3012 4180 Θεὸν
3037 4106 3339 4183 οίκείωσιν.

2299 4396 2377 4450 Θ’.
2419 4396 2648 4448 Ἔπειτα
2683 4393 2777 4448 καὶ
2819 4393 2894 4458 ὡς
2929 4394 3298 4465 ἀμειψόμενος
3329 4396 3388 4449 τὸ
3417 4398 3560 4465 μέγα
3590 4400 3689 4468 τῆς
3721 4401 3826 4453 θε..

539 4473 922 4539 responderet,
973 4476 1033 4529 Β.
1088 4477 1380 4550 Sampsoni
1436 4498 1630 4536 aurum
1673 4487 1896 4542 donavit
1946 4491 2122 4558 splen-

2233 4489 2461 4560 ραπείας
2508 4488 2830 4557 δωρήμασιν
2894 4487 3226 4556 ιπικαίροις,
3285 4489 3484 4557 χρυσόν
3534 4507 3592 4543 τε
3637 4491 3820 4547 ἐδίδου

542 4560 669 4612 dide
695 4577 760 4614 ac
788 4565 1099 4632 magniﬁce,
1135 4579 1192 4622 et
1224 4587 1570 4644 quaecunque
1597 4587 1855 4645 poterant
1887 4580 2125 4637 incitare

542 4652 877 4709 desiderium
923 4656 1064 4726 ejus,
1110 4662 1203 4728 qui
1238 4665 1541 4719 secundum
1586 4684 1806 4724 carnem
1854 4673 2007 4728 vivit.
2048 4672 2127 4729 llli

543 4754 725 4800 autem
769 4750 1013 4805 tenuiter
1056 4759 1114 4806 et
1163 4751 1450 4826 frugallter
1489 4758 1691 4824 vivere,
1752 4773 1875 4816 erat
1921 4766 2126 4821 bonum

543 4853 640 4910 per
678 4853 735 4892 se
765 4842 1138 4908 expetendum
1181 4848 1441 4902 omnibus
1481 4851 1704 4919 quidem
1746 4853 1955 4911 divitiis
1994 4857 2128 4912 bea-

547 4929 677 4992 tius,
706 4933 901 4998 quavis
928 4948 1060 4988 vero
1090 4935 1262 5003 gloria
1303 4954 1366 4992 ao
1416 4941 1681 5010 dignitate
1739 4950 2123 5006 excellentius.

545 5021 905 5090 Imperatoris
956 5038 1106 5081 certe
1155 5028 1546 5087 liberalitatem
1593 5044 1650 5088 et
1695 5040 2126 5097 munificentiam

546 5117 876 5182 opportunis
934 5128 990 5174 et
1040 5119 1238 5175 validis
1303 5129 1576 5181 recusavit
1643 5133 2122 5188 recusationibus:

549 5205 640 5258 Illa
681 5206 814 5260 mihi
847 5208 963 5272 das,
1004 5211 1219 5281 dicens,
1269 5229 1303 5269 ο
1348 5217 1669 5287 imperator,
1716 5238 1841 5292 quae
1871 5225 2129 5280 lubenter

549 5297 745 5366 reliqui
778 5310 1002 5369 propter
1035 5303 1342 5371 Christum,
1393 5319 1455 5362 ut
1489 5313 1582 5378 qui
1630 5316 1832 5369 multas
1875 5316 2126 5384 posside-

551 5405 667 5444 rem
721 5394 1020 5458 pecunias,
1071 5405 1127 5450 et
1182 5400 1382 5454 multas
1419 5401 1676 5457 haberem
1731 5409 2125 5476 possessiones.

548 5479 836 5552 Quomodo
887 5501 1018 5556 ergo
1060 5503 1123 5543 ea
1169 5493 1472 5560 accipiam,
1519 5497 1638 5551 sine
1695 5498 1896 5568 quibus
1943 5501 2130 5556 vivere

551 5584 738 5638 aperte
772 5581 1012 5645 comperi
1053 5582 1245 5637 utilius
1269 5600 1415 5646 esse,
1447 5598 1505 5642 et
1537 5604 1569 5642 a
1593 5589 1796 5658 quibus
1827 5594 2128 5660 prudenter

551 5669 920 5725 discedentem
989 5674 1098 5728 Deo
1143 5691 1268 5732 esse
1317 5681 1697 5750 coniunctum,
1745 5685 1988 5740 dilucide
2043 5696 2129 5740 est

553 5769 872 5820 ostensum?
901 5765 1052 5834 Quod
1096 5769 1137 5822 si
1187 5786 1284 5840 pro
1331 5787 1543 5828 summa
1582 5786 1668 5830 tua
1707 5776 2046 5846 benignitate
2075 5789 2128 5834 et

2234 4580 2652 4651 μεγαλοψύχως.
2721 4579 2816 4632 καὶ
2871 4577 3008 4633 ἀλλα
3063 4581 3164 4632 ὅσα
3228 4581 3293 4650 δη
3353 4581 3647 4652 ἐπιθυμίαν
3701 4581 3819 4642 οἶδε

2231 4668 2588 4741 παρακαλεῖν,
2622 4667 2715 4722 τοῦ
2762 4670 2902 4722 κατά
2938 4672 3116 4738 σάρκα
3159 4668 3358 4733 ζῶντός
3391 4687 3570 4740 φημιο
3612 4675 3821 4750 ἐκείνῳ

2229 4763 2288 4816 δὲ
2319 4763 2378 4815 τὸ
2417 4763 2578 4825 λιτῶς
2609 4761 2752 4816 οὕτω
2782 4762 2877 4814 καὶ⁷
2916 4761 3281 4830 ἠμελημένως
3327 4761 3448 4832 ζῇν,
3483 4765 3819 4838 αὐθαίρετον

2229 4854 2454 4921 ἀγαθὸν,
2488 4853 2689 4916 παντὸς
2731 4854 2829 4923 μὲν
2876 4855 3106 4906 πλούτου
3140 4855 3584 4926 μακαριώτερον,
3631 4860 3819 4931 πάσης

2228 4950 2283 5003 δὲ
2306 4950 2464 5018 δόξης
2516 4945 3038 5017 ἀξιωματικώτερον
3062 4964 3076 4978 ·
3118 4948 3309 5017 ἀμέλει
3335 4953 3430 5004 καὶ
3450 4953 3510 5004 τὺ
3531 4952 3624 5005 τοῦ
3652 4952 3817 5022 βασι-

2229 5046 2364 5106 λέως
2413 5045 2695 5114 φιλότιμόν
2740 5061 2798 5096 τε
2833 5044 2926 5095 καὶ
2968 5044 3343 5115 μεγαλόδωρον
3386 5047 3664 5118 εὐκαίροις
3715 5055 3819 5105 καὶ

2233 5138 2480 5206 ισχυραῖς
2510 5136 2868 5204 διεκρούσατο
2891 5136 3232 5206 ἀπολογίαις,
3268 5140 3480 5194 Ἐκεῖνά
3512 5159 3602 5209 μοι
3627 5142 3816 5206 δίδως,

2229 5223 2274 5280 ὦ
2309 5228 2550 5298 βασιλεῦ,
2575 5227 2767 5289 είπὼν,
2797 5221 2871 5280 ὧν
2900 5231 3063 5292 αὐτὸς
3103 5230 3271 5296 ἡδέως
3298 5224 3521 5302 ἐξέστην
3555 5233 3642 5286 διὰ
3673 5236 3817 5304 Χρι-

2232 5321 2375 5384 στὸν,
2410 5321 2577 5373 πολλά
2605 5321 2702 5388 μὲν
2733 5322 2789 5373 ὲν
2818 5322 3081 5389 κτήμασι,
3120 5321 3342 5376 πλεῖστα
3365 5325 3419 5378 δὲ
3456 5326 3552 5376 καὶ
3592 5327 3648 5378 ἐν
3672 5329 3818 5396 χρή-

2236 5428 2368 5478 μασι
2404 5412 2764 5479 κεκτημένος.
2800 5413 2922 5474 Πῶς
2958 5409 3051 5464 οὖν
3091 5414 3201 5480 ἐγὼ
3231 5414 3473 5484 λήψομαι
3503 5418 3701 5482 ταῦτα,
3737 5413 3816 5468 ὧν

2231 5501 2289 5553 τὸ
2319 5503 2481 5569 ζῆσαι
2509 5505 2675 5573 χωρὶς
2721 5503 2972 5571 φανερῶς
3025 5497 3182 5572 εὖρον
3217 5505 3669 5573 ὠφελιμώτατον,
3720 5512 3818 5562 καὶ

2231 5588 2305 5647 ὧν
2343 5595 2406 5645 τὸ
2432 5595 2734 5662 ἀποστῆναι
2777 5594 3073 5664 φρονίμως,
3115 5597 3235 5666 Θεῷ
3261 5599 3612 5670 οίκειωθῆναι
3643 5602 3820 5656 καθα-

2239 5689 2343 5757 ρῶς
2376 5690 2790 5753 ἀποδέδεικται;
2834 5689 2892 5742 Ei
2919 5688 2975 5742 δὲ
3009 5691 3186 5760 βούλει
3220 5691 3306 5744 tu
3347 5693 3548 5762 πολλὴν
3579 5698 3819 5764 χρηστό-

2234 5797 2369 5849 τητα
2398 5782 2485 5834 καὶ
2519 5781 2927 5850 φιλανθρωπίαν
2971 5784 3361 5852 κεχαρισμένον
3406 5785 3535 5853 ἡμῖν
3578 5802 3631 5838 τι
3667 5788 3816 5852 γίνε-
