  <div class='ocr_page' id='page_1' title='image "/cluster/home/n/w/nwhite01/storage/ocr_20150623/115/ien.35556001659887/154.png"; bbox 0 0 3966 6454; ppageno 0'>
   <div class='ocr_carea' id='block_1_1' title="bbox 158 402 2142 472">
    <p class='ocr_par' dir='ltr' id='par_1_1' title="bbox 158 402 2142 472">
     <span class='ocr_line' id='line_1_1' title="bbox 158 402 2142 472; baseline -0.003 -3"><span class='ocrx_word' id='word_1_1' title='bbox 158 408 249 472; x_wconf 72' lang='lat'><strong>289</strong></span> <span class='ocrx_word' id='word_1_2' title='bbox 1371 407 1546 469; x_wconf 79' lang='lat' dir='ltr'><strong>VlTA</strong></span> <span class='ocrx_word' id='word_1_3' title='bbox 1588 405 1658 464; x_wconf 81' lang='lat' dir='ltr'><strong>S.</strong></span> <span class='ocrx_word' id='word_1_4' title='bbox 1695 402 2142 464; x_wconf 79' lang='lat' dir='ltr'><strong>SAMPSONIS.</strong></span> 
     </span>
    </p>
   </div>
   <div class='ocr_carea' id='block_1_2' title="bbox 3280 417 3389 481">
    <p class='ocr_par' dir='ltr' id='par_1_2' title="bbox 3280 417 3389 481">
     <span class='ocr_line' id='line_1_2' title="bbox 3280 417 3389 481; baseline 0 0"><span class='ocrx_word' id='word_1_5' title='bbox 3280 417 3389 481; x_wconf 77' lang='lat'><strong>290</strong></span> 
     </span>
    </p>
   </div>
   <div class='ocr_carea' id='block_1_3' title="bbox 158 514 1710 604">
    <p class='ocr_par' dir='ltr' id='par_1_3' title="bbox 158 517 1704 591">
     <span class='ocr_line' id='line_1_3' title="bbox 158 517 1704 591; baseline 0.003 -19"><span class='ocrx_word' id='word_1_6' title='bbox 158 522 281 583; x_wconf 72' lang='grc' dir='ltr'>σθαι,</span> <span class='ocrx_word' id='word_1_7' title='bbox 319 518 519 588; x_wconf 74' lang='grc' dir='ltr'>μᾶλλον</span> <span class='ocrx_word' id='word_1_8' title='bbox 567 517 711 591; x_wconf 85' lang='grc' dir='ltr'><strong>[Θεῷ</strong></span> <span class='ocrx_word' id='word_1_9' title='bbox 735 519 990 591; x_wconf 77' lang='grc' dir='ltr'><strong>γινέσθω]</strong></span> <span class='ocrx_word' id='word_1_10' title='bbox 1033 522 1123 573; x_wconf 80' lang='grc' dir='ltr'><strong>καὶ</strong></span> <span class='ocrx_word' id='word_1_11' title='bbox 1164 518 1309 573; x_wconf 73' lang='grc' dir='ltr'>οὕτω</span> <span class='ocrx_word' id='word_1_12' title='bbox 1337 519 1403 591; x_wconf 82' lang='grc' dir='ltr'>δὴ</span> <span class='ocrx_word' id='word_1_13' title='bbox 1432 520 1526 572; x_wconf 71' lang='grc' dir='ltr'><strong>καὶ</strong></span> <span class='ocrx_word' id='word_1_14' title='bbox 1565 518 1704 587; x_wconf 61' lang='grc' dir='ltr'>πρὸς</span> 
     </span>
    </p>
   </div>
   <div class='ocr_carea' id='block_1_4' title="bbox 1818 514 3389 604">
    <p class='ocr_par' dir='ltr' id='par_1_4' title="bbox 1818 514 3389 604">
     <span class='ocr_line' id='line_1_4' title="bbox 1818 514 3389 604; baseline 0.012 -36"><span class='ocrx_word' id='word_1_15' title='bbox 1818 514 2158 571; x_wconf 92' lang='lat' dir='ltr'><strong>humanitate</strong></span> <span class='ocrx_word' id='word_1_16' title='bbox 2200 516 2362 571; x_wconf 87' lang='lat' dir='ltr'><strong>nobis</strong></span> <span class='ocrx_word' id='word_1_17' title='bbox 2410 516 2592 587; x_wconf 84' lang='lat' dir='ltr'><strong>aliqua</strong></span> <span class='ocrx_word' id='word_1_18' title='bbox 2644 519 2699 575; x_wconf 89' lang='lat' dir='ltr'><strong>in</strong></span> <span class='ocrx_word' id='word_1_19' title='bbox 2736 537 2793 577; x_wconf 88' lang='lat' dir='ltr'><strong>re</strong></span> <span class='ocrx_word' id='word_1_20' title='bbox 2824 525 3122 594; x_wconf 86' lang='lat' dir='ltr'><strong>gratiﬁcari</strong></span> <span class='ocrx_word' id='word_1_21' title='bbox 3169 534 3389 604; x_wconf 81' lang='lat' dir='ltr'><strong>cupias,</strong></span> 
     </span>
    </p>
   </div>
   <div class='ocr_carea' id='block_1_5' title="bbox 158 601 1705 681">
    <p class='ocr_par' dir='ltr' id='par_1_5' title="bbox 158 601 1705 681">
     <span class='ocr_line' id='line_1_5' title="bbox 158 601 1705 681; baseline 0.001 -19"><span class='ocrx_word' id='word_1_22' title='bbox 158 612 279 679; x_wconf 67' lang='grc' dir='ltr'>ἡμᾶς</span> <span class='ocrx_word' id='word_1_23' title='bbox 332 612 389 663; x_wconf 80' lang='grc' dir='ltr'><strong>τὸ</strong></span> <span class='ocrx_word' id='word_1_24' title='bbox 432 610 655 678; x_wconf 80' lang='grc' dir='ltr'>γεγονὸς</span> <span class='ocrx_word' id='word_1_25' title='bbox 705 601 1043 681; x_wconf 75' lang='grc' dir='ltr'>διαϐήσεται.</span> <span class='ocrx_word' id='word_1_26' title='bbox 1091 612 1283 665; x_wconf 80' lang='grc' dir='ltr'>Ἔσται</span> <span class='ocrx_word' id='word_1_27' title='bbox 1328 613 1386 667; x_wconf 78' lang='grc' dir='ltr'>δὲ</span> <span class='ocrx_word' id='word_1_28' title='bbox 1427 611 1606 675; x_wconf 75' lang='grc' dir='ltr'>τοῦτο,</span> <span class='ocrx_word' id='word_1_29' title='bbox 1654 612 1705 664; x_wconf 83' lang='grc' dir='ltr'><strong>εί</strong></span> 
     </span>
    </p>
   </div>
   <div class='ocr_carea' id='block_1_6' title="bbox 158 700 1705 767">
    <p class='ocr_par' dir='ltr' id='par_1_6' title="bbox 158 700 1705 767">
     <span class='ocr_line' id='line_1_6' title="bbox 158 700 1705 767; baseline 0.001 -18"><span class='ocrx_word' id='word_1_30' title='bbox 158 701 357 767; x_wconf 73' lang='grc' dir='ltr'>πλησίον</span> <span class='ocrx_word' id='word_1_31' title='bbox 394 700 487 751; x_wconf 78' lang='grc' dir='ltr'>τοῦ</span> <span class='ocrx_word' id='word_1_32' title='bbox 527 700 665 767; x_wconf 71' lang='grc' dir='ltr'>ἐμοῦ</span> <span class='ocrx_word' id='word_1_33' title='bbox 697 703 961 767; x_wconf 84' lang='grc' dir='ltr'>οἰκίσκον,</span> <span class='ocrx_word' id='word_1_34' title='bbox 999 703 1058 754; x_wconf 84' lang='grc' dir='ltr'>ὃν</span> <span class='ocrx_word' id='word_1_35' title='bbox 1110 719 1169 755; x_wconf 87' lang='grc' dir='ltr'><strong>τε</strong></span> <span class='ocrx_word' id='word_1_36' title='bbox 1205 702 1372 766; x_wconf 68' lang='grc' dir='ltr'>αὐτὸς</span> <span class='ocrx_word' id='word_1_37' title='bbox 1414 702 1571 765; x_wconf 76' lang='grc' dir='ltr'>οἰκῶ,</span> <span class='ocrx_word' id='word_1_38' title='bbox 1610 700 1705 754; x_wconf 87' lang='grc' dir='ltr'><strong>καί</strong></span> 
     </span>
    </p>
   </div>
   <div class='ocr_carea' id='block_1_7' title="bbox 155 791 1704 863">
    <p class='ocr_par' dir='ltr' id='par_1_7' title="bbox 155 791 1704 863">
     <span class='ocr_line' id='line_1_7' title="bbox 155 791 1704 863; baseline 0.003 -24"><span class='ocrx_word' id='word_1_39' title='bbox 155 807 279 850; x_wconf 78' lang='grc' dir='ltr'>τινας</span> <span class='ocrx_word' id='word_1_40' title='bbox 305 791 410 841; x_wconf 82' lang='grc' dir='ltr'>τῶν</span> <span class='ocrx_word' id='word_1_41' title='bbox 440 793 709 858; x_wconf 69' lang='grc' dir='ltr'>νοσήματι</span> <span class='ocrx_word' id='word_1_42' title='bbox 743 794 985 861; x_wconf 85' lang='grc' dir='ltr'>κατόχων</span> <span class='ocrx_word' id='word_1_43' title='bbox 1016 793 1254 862; x_wconf 77' lang='grc' dir='ltr'>είσάγων</span> <span class='ocrx_word' id='word_1_44' title='bbox 1285 793 1602 863; x_wconf 75' lang='grc' dir='ltr'><strong>ἐπιμελείας</strong></span> <span class='ocrx_word' id='word_1_45' title='bbox 1630 792 1704 853; x_wconf 86' lang='grc' dir='ltr'>ὡς</span> 
     </span>
    </p>
   </div>
   <div class='ocr_carea' id='block_1_8' title="bbox 159 877 1706 954">
    <p class='ocr_par' dir='ltr' id='par_1_8' title="bbox 159 877 1706 954">
     <span class='ocr_line' id='line_1_8' title="bbox 159 877 1706 954; baseline 0.005 -26"><span class='ocrx_word' id='word_1_46' title='bbox 159 881 247 945; x_wconf 68' lang='grc' dir='ltr'><strong>ἐμὴ</strong></span> <span class='ocrx_word' id='word_1_47' title='bbox 272 879 493 948; x_wconf 68' lang='grc' dir='ltr'>δύναμις</span> <span class='ocrx_word' id='word_1_48' title='bbox 523 881 680 946; x_wconf 75' lang='grc' dir='ltr'>ἀξιῶ,</span> <span class='ocrx_word' id='word_1_49' title='bbox 709 877 855 934; x_wconf 72' lang='grc' dir='ltr'>οἷκον</span> <span class='ocrx_word' id='word_1_50' title='bbox 882 886 993 945; x_wconf 84' lang='grc' dir='ltr'>τοῖς</span> <span class='ocrx_word' id='word_1_51' title='bbox 1019 884 1159 954; x_wconf 80' lang='grc' dir='ltr'>νόσῳ</span> <span class='ocrx_word' id='word_1_52' title='bbox 1190 884 1491 952; x_wconf 83' lang='grc' dir='ltr'>κάμνουσιν</span> <span class='ocrx_word' id='word_1_53' title='bbox 1516 884 1706 952; x_wconf 78' lang='grc' dir='ltr'>ἐπιτή-</span> 
     </span>
    </p>
   </div>
   <div class='ocr_carea' id='block_1_9' title="bbox 156 971 1704 1045">
    <p class='ocr_par' dir='ltr' id='par_1_9' title="bbox 156 971 1704 1045">
     <span class='ocr_line' id='line_1_9' title="bbox 156 971 1704 1045; baseline 0.005 -26"><span class='ocrx_word' id='word_1_54' title='bbox 156 971 452 1034; x_wconf 57' lang='lat' dir='ltr'><strong>annva-31b;</strong></span> <span class='ocrx_word' id='word_1_55' title='bbox 496 975 730 1038; x_wconf 74' lang='grc' dir='ltr'>ἐγερεῖς.</span> <span class='ocrx_word' id='word_1_56' title='bbox 777 974 945 1028; x_wconf 72' lang='grc' dir='ltr'>Τοῦτο</span> <span class='ocrx_word' id='word_1_57' title='bbox 984 975 1093 1045; x_wconf 77' lang='grc' dir='ltr'><strong>γάρ</strong></span> <span class='ocrx_word' id='word_1_58' title='bbox 1136 992 1216 1029; x_wconf 87' lang='grc' dir='ltr'><strong>σοι</strong></span> <span class='ocrx_word' id='word_1_59' title='bbox 1260 975 1502 1044; x_wconf 83' lang='grc' dir='ltr'>ἀοίδιμον</span> <span class='ocrx_word' id='word_1_60' title='bbox 1534 974 1704 1044; x_wconf 73' lang='grc' dir='ltr'>ὄνομα</span> 
     </span>
    </p>
   </div>
   <div class='ocr_carea' id='block_1_10' title="bbox 157 1062 1704 1138">
    <p class='ocr_par' dir='ltr' id='par_1_10' title="bbox 157 1062 1704 1138">
     <span class='ocr_line' id='line_1_10' title="bbox 157 1062 1704 1138; baseline 0.003 -26"><span class='ocrx_word' id='word_1_61' title='bbox 157 1062 289 1131; x_wconf 78' lang='grc' dir='ltr'>Θήσει</span> <span class='ocrx_word' id='word_1_62' title='bbox 318 1065 409 1117; x_wconf 80' lang='grc' dir='ltr'><strong>καὶ</strong></span> <span class='ocrx_word' id='word_1_63' title='bbox 439 1066 760 1135; x_wconf 75' lang='grc' dir='ltr'>προξενήσει</span> <span class='ocrx_word' id='word_1_64' title='bbox 792 1068 984 1136; x_wconf 73' lang='grc' dir='ltr'>μισθὸν</span> <span class='ocrx_word' id='word_1_65' title='bbox 1010 1068 1376 1138; x_wconf 75' lang='grc' dir='ltr'><strong>ἀναφαίρετον</strong></span> <span class='ocrx_word' id='word_1_66' title='bbox 1434 1068 1704 1120; x_wconf 79' lang='grc' dir='ltr'><strong>Ἤκουσεν</strong></span> 
     </span>
    </p>
   </div>
   <div class='ocr_carea' id='block_1_11' title="bbox 155 1154 1729 1228">
    <p class='ocr_par' dir='ltr' id='par_1_11' title="bbox 155 1154 1729 1228">
     <span class='ocr_line' id='line_1_11' title="bbox 155 1154 1729 1228; baseline 0.004 -24"><span class='ocrx_word' id='word_1_67' title='bbox 155 1154 463 1222; x_wconf 70' lang='grc' dir='ltr'>ὀβασιλεὺς,</span> <span class='ocrx_word' id='word_1_68' title='bbox 519 1157 614 1208; x_wconf 75' lang='grc' dir='ltr'><strong>καὶ</strong></span> <span class='ocrx_word' id='word_1_69' title='bbox 670 1158 732 1209; x_wconf 74' lang='grc' dir='ltr'>τὸ</span> <span class='ocrx_word' id='word_1_70' title='bbox 768 1158 989 1228; x_wconf 79' lang='grc' dir='ltr'>αίτηοὲν</span> <span class='ocrx_word' id='word_1_71' title='bbox 1040 1160 1115 1221; x_wconf 82' lang='grc' dir='ltr'>ὡς</span> <span class='ocrx_word' id='word_1_72' title='bbox 1154 1158 1363 1228; x_wconf 74' lang='grc' dir='ltr'>δωρεὰν</span> <span class='ocrx_word' id='word_1_73' title='bbox 1418 1159 1621 1227; x_wconf 80' lang='grc' dir='ltr'>μᾶλλον</span> <span class='ocrx_word' id='word_1_74' title='bbox 1670 1158 1729 1223; x_wconf 51' lang='grc' dir='ltr'>ἢκ</span> 
     </span>
    </p>
   </div>
   <div class='ocr_carea' id='block_1_12' title="bbox 155 1245 1705 1318">
    <p class='ocr_par' dir='ltr' id='par_1_12' title="bbox 155 1245 1705 1318">
     <span class='ocr_line' id='line_1_12' title="bbox 155 1245 1705 1318; baseline 0.002 -23"><span class='ocrx_word' id='word_1_75' title='bbox 155 1245 344 1312; x_wconf 70' lang='grc' dir='ltr'>σίτησιν</span> <span class='ocrx_word' id='word_1_76' title='bbox 379 1246 633 1312; x_wconf 75' lang='grc' dir='ltr'>ἀσμένως</span> <span class='ocrx_word' id='word_1_77' title='bbox 684 1248 1021 1317; x_wconf 81' lang='grc' dir='ltr'><strong>προσήκατο.</strong></span> <span class='ocrx_word' id='word_1_78' title='bbox 1060 1249 1167 1299; x_wconf 71' lang='grc' dir='ltr'>Καὶ</span> <span class='ocrx_word' id='word_1_79' title='bbox 1209 1249 1549 1318; x_wconf 81' lang='grc' dir='ltr'>παραχρῆμα</span> <span class='ocrx_word' id='word_1_80' title='bbox 1588 1246 1705 1317; x_wconf 77' lang='grc' dir='ltr'>(καὶ</span> 
     </span>
    </p>
   </div>
   <div class='ocr_carea' id='block_1_13' title="bbox 155 1334 1700 1411">
    <p class='ocr_par' dir='ltr' id='par_1_13' title="bbox 155 1334 1700 1411">
     <span class='ocr_line' id='line_1_13' title="bbox 155 1334 1700 1411; baseline 0.003 -24"><span class='ocrx_word' id='word_1_81' title='bbox 155 1338 246 1407; x_wconf 67' lang='grc' dir='ltr'>γὰρ</span> <span class='ocrx_word' id='word_1_82' title='bbox 270 1334 335 1406; x_wconf 85' lang='grc' dir='ltr'>ἦν</span> <span class='ocrx_word' id='word_1_83' title='bbox 355 1340 475 1390; x_wconf 83' lang='grc' dir='ltr'>τότε</span> <span class='ocrx_word' id='word_1_84' title='bbox 509 1340 603 1390; x_wconf 72' lang='grc' dir='ltr'><strong>καὶ</strong></span> <span class='ocrx_word' id='word_1_85' title='bbox 629 1338 722 1391; x_wconf 72' lang='grc' dir='ltr'>τὸν</span> <span class='ocrx_word' id='word_1_86' title='bbox 756 1340 896 1391; x_wconf 80' lang='grc' dir='ltr'>θεῖον</span> <span class='ocrx_word' id='word_1_87' title='bbox 928 1340 1014 1392; x_wconf 72' lang='grc' dir='ltr'><strong>ἐπ’</strong></span> <span class='ocrx_word' id='word_1_88' title='bbox 1045 1340 1270 1410; x_wconf 82' lang='grc' dir='ltr'>ὀνόματι</span> <span class='ocrx_word' id='word_1_89' title='bbox 1302 1340 1403 1411; x_wconf 82' lang='grc' dir='ltr'>τῆς</span> <span class='ocrx_word' id='word_1_90' title='bbox 1442 1340 1535 1392; x_wconf 81' lang='grc' dir='ltr'>τοῦ</span> <span class='ocrx_word' id='word_1_91' title='bbox 1564 1338 1700 1392; x_wconf 77' lang='grc' dir='ltr'>Θεοῦ</span> 
     </span>
    </p>
   </div>
   <div class='ocr_carea' id='block_1_14' title="bbox 157 1430 1702 1502">
    <p class='ocr_par' dir='ltr' id='par_1_14' title="bbox 157 1430 1702 1502">
     <span class='ocr_line' id='line_1_14' title="bbox 157 1430 1702 1502; baseline 0.002 -21"><span class='ocrx_word' id='word_1_92' title='bbox 157 1430 323 1497; x_wconf 78' lang='grc' dir='ltr'>σοςίας</span> <span class='ocrx_word' id='word_1_93' title='bbox 348 1430 471 1480; x_wconf 67' lang='grc' dir='ltr'>ναὸν</span> <span class='ocrx_word' id='word_1_94' title='bbox 499 1430 1072 1502; x_wconf 64' lang='grc' dir='ltr'><strong>κατασκευασάμενος)</strong></span> <span class='ocrx_word' id='word_1_95' title='bbox 1106 1433 1201 1485; x_wconf 80' lang='grc' dir='ltr'>καὶ</span> <span class='ocrx_word' id='word_1_96' title='bbox 1230 1432 1393 1487; x_wconf 80' lang='grc' dir='ltr'>αὐτὸν</span> <span class='ocrx_word' id='word_1_97' title='bbox 1442 1432 1702 1485; x_wconf 74' lang='grc' dir='ltr'><strong>ἐπέταττε</strong></span> 
     </span>
    </p>
   </div>
   <div class='ocr_carea' id='block_1_15' title="bbox 155 1521 1705 1595">
    <p class='ocr_par' dir='ltr' id='par_1_15' title="bbox 155 1521 1705 1595">
     <span class='ocr_line' id='line_1_15' title="bbox 155 1521 1705 1595; baseline 0.003 -23"><span class='ocrx_word' id='word_1_98' title='bbox 155 1521 628 1591; x_wconf 75' lang='grc' dir='ltr'>συνοικοδομεῖσθαι</span> <span class='ocrx_word' id='word_1_99' title='bbox 671 1522 949 1595; x_wconf 77' lang='grc' dir='ltr'>προθυμία</span> <span class='ocrx_word' id='word_1_100' title='bbox 991 1541 1049 1576; x_wconf 86' lang='grc' dir='ltr'><strong>τε</strong></span> <span class='ocrx_word' id='word_1_101' title='bbox 1108 1524 1305 1594; x_wconf 72' lang='grc' dir='ltr'>ψυχῆς,</span> <span class='ocrx_word' id='word_1_102' title='bbox 1360 1524 1451 1577; x_wconf 75' lang='grc' dir='ltr'>καὶ</span> <span class='ocrx_word' id='word_1_103' title='bbox 1501 1523 1705 1576; x_wconf 73' lang='grc' dir='ltr'>οἰκοδο·</span> 
     </span>
    </p>
   </div>
   <div class='ocr_carea' id='block_1_16' title="bbox 159 1612 1706 1685">
    <p class='ocr_par' dir='ltr' id='par_1_16' title="bbox 159 1612 1706 1685">
     <span class='ocr_line' id='line_1_16' title="bbox 159 1612 1706 1685; baseline 0.004 -23"><span class='ocrx_word' id='word_1_104' title='bbox 159 1612 378 1677; x_wconf 74' lang='grc' dir='ltr'>μοὺντων</span> <span class='ocrx_word' id='word_1_105' title='bbox 406 1614 744 1685; x_wconf 73' lang='grc' dir='ltr'><strong>πολυχειρίᾳ,</strong></span> <span class='ocrx_word' id='word_1_106' title='bbox 774 1615 868 1667; x_wconf 75' lang='grc' dir='ltr'>καὶ</span> <span class='ocrx_word' id='word_1_107' title='bbox 900 1615 1149 1684; x_wconf 69' lang='grc' dir='ltr'>δαψιλείᾳ</span> <span class='ocrx_word' id='word_1_108' title='bbox 1186 1614 1388 1678; x_wconf 77' lang='grc' dir='ltr'>παντὸς</span> <span class='ocrx_word' id='word_1_109' title='bbox 1418 1614 1706 1685; x_wconf 87' lang='grc' dir='ltr'>ἀναλώμα-</span> 
     </span>
    </p>
   </div>
   <div class='ocr_carea' id='block_1_17' title="bbox 157 1702 1707 1777">
    <p class='ocr_par' dir='ltr' id='par_1_17' title="bbox 157 1702 1707 1777">
     <span class='ocr_line' id='line_1_17' title="bbox 157 1702 1707 1777; baseline 0.003 -26"><span class='ocrx_word' id='word_1_110' title='bbox 157 1716 250 1766; x_wconf 82' lang='grc' dir='ltr'>τος,</span> <span class='ocrx_word' id='word_1_111' title='bbox 276 1704 435 1755; x_wconf 74' lang='grc' dir='ltr'>αὐτοῦ</span> <span class='ocrx_word' id='word_1_112' title='bbox 478 1704 580 1773; x_wconf 77' lang='grc' dir='ltr'>μὲν</span> <span class='ocrx_word' id='word_1_113' title='bbox 614 1705 943 1777; x_wconf 71' lang='grc' dir='ltr'>παρέχοντος</span> <span class='ocrx_word' id='word_1_114' title='bbox 985 1704 1301 1774; x_wconf 75' lang='grc' dir='ltr'><strong>φιλοτίμως,</strong></span> <span class='ocrx_word' id='word_1_115' title='bbox 1349 1705 1493 1756; x_wconf 73' lang='grc' dir='ltr'>κατὰ</span> <span class='ocrx_word' id='word_1_116' title='bbox 1536 1703 1594 1756; x_wconf 77' lang='grc' dir='ltr'>δὲ</span> <span class='ocrx_word' id='word_1_117' title='bbox 1643 1702 1707 1755; x_wconf 78' lang='grc' dir='ltr'><strong>τὸ</strong></span> 
     </span>
    </p>
   </div>
   <div class='ocr_carea' id='block_1_18' title="bbox 156 1794 1706 1867">
    <p class='ocr_par' dir='ltr' id='par_1_18' title="bbox 156 1794 1706 1867">
     <span class='ocr_line' id='line_1_18' title="bbox 156 1794 1706 1867; baseline -0.001 -21"><span class='ocrx_word' id='word_1_118' title='bbox 156 1796 364 1864; x_wconf 73' lang='grc' dir='ltr'>ἀρέσκον</span> <span class='ocrx_word' id='word_1_119' title='bbox 413 1796 491 1864; x_wconf 78' lang='grc' dir='ltr'>τῷ</span> <span class='ocrx_word' id='word_1_120' title='bbox 527 1796 771 1865; x_wconf 85' lang='grc' dir='ltr'>Μεγάλῳ</span> <span class='ocrx_word' id='word_1_121' title='bbox 800 1798 897 1867; x_wconf 77' lang='grc' dir='ltr'>τῆς</span> <span class='ocrx_word' id='word_1_122' title='bbox 929 1796 1237 1865; x_wconf 73' lang='grc' dir='ltr'>οἰκοδομίας</span> <span class='ocrx_word' id='word_1_123' title='bbox 1280 1794 1706 1863; x_wconf 82' lang='grc' dir='ltr'>τελευτουργου-</span> 
     </span>
    </p>
   </div>
   <div class='ocr_carea' id='block_1_19' title="bbox 1815 606 3387 690">
    <p class='ocr_par' dir='ltr' id='par_1_19' title="bbox 1815 606 3387 690">
     <span class='ocr_line' id='line_1_19' title="bbox 1815 606 3387 690; baseline 0.013 -30"><span class='ocrx_word' id='word_1_124' title='bbox 1815 606 1869 660; x_wconf 89' lang='lat' dir='ltr'><strong>id</strong></span> <span class='ocrx_word' id='word_1_125' title='bbox 1905 606 1995 660; x_wconf 89' lang='lat' dir='ltr'><strong>ﬁat</strong></span> <span class='ocrx_word' id='word_1_126' title='bbox 2028 607 2140 662; x_wconf 91' lang='lat' dir='ltr'><strong>Deo</strong></span> <span class='ocrx_word' id='word_1_127' title='bbox 2176 608 2379 674; x_wconf 87' lang='lat' dir='ltr'><strong>potius,</strong></span> <span class='ocrx_word' id='word_1_128' title='bbox 2431 619 2487 665; x_wconf 91' lang='lat' dir='ltr'><strong>et</strong></span> <span class='ocrx_word' id='word_1_129' title='bbox 2535 611 2613 665; x_wconf 89' lang='lat' dir='ltr'><strong>ita</strong></span> <span class='ocrx_word' id='word_1_130' title='bbox 2657 615 2803 683; x_wconf 82' lang='lat' dir='ltr'><strong>quod</strong></span> <span class='ocrx_word' id='word_1_131' title='bbox 2859 618 3057 674; x_wconf 82' lang='lat' dir='ltr'><strong>factum</strong></span> <span class='ocrx_word' id='word_1_132' title='bbox 3092 621 3285 690; x_wconf 79' lang='lat' dir='ltr'><strong>fuerit,</strong></span> <span class='ocrx_word' id='word_1_133' title='bbox 3320 628 3387 683; x_wconf 83' lang='lat' dir='ltr'><strong>ad</strong></span> 
     </span>
    </p>
   </div>
   <div class='ocr_carea' id='block_1_20' title="bbox 1813 702 3393 786">
    <p class='ocr_par' dir='ltr' id='par_1_20' title="bbox 1813 702 3393 786">
     <span class='ocr_line' id='line_1_20' title="bbox 1813 702 3393 786; baseline 0.013 -35"><span class='ocrx_word' id='word_1_134' title='bbox 1813 713 1914 760; x_wconf 80' lang='lat' dir='ltr'><strong>nos</strong></span> <span class='ocrx_word' id='word_1_135' title='bbox 1965 713 2186 767; x_wconf 88' lang='lat' dir='ltr'><strong>quoque</strong></span> <span class='ocrx_word' id='word_1_136' title='bbox 2235 702 2511 754; x_wconf 89' lang='lat' dir='ltr'><strong>transibit.</strong></span> <span class='ocrx_word' id='word_1_137' title='bbox 2564 702 2682 757; x_wconf 85' lang='lat' dir='ltr'><strong>Fiet</strong></span> <span class='ocrx_word' id='word_1_138' title='bbox 2717 717 2902 762; x_wconf 86' lang='lat' dir='ltr'><strong>autem</strong></span> <span class='ocrx_word' id='word_1_139' title='bbox 2947 709 3073 774; x_wconf 86' lang='lat' dir='ltr'><strong>hoc,</strong></span> <span class='ocrx_word' id='word_1_140' title='bbox 3122 714 3167 767; x_wconf 86' lang='lat' dir='ltr'><strong>si</strong></span> <span class='ocrx_word' id='word_1_141' title='bbox 3220 725 3393 786; x_wconf 70' lang='grc' dir='ltr'>(πορθ</span> 
     </span>
    </p>
   </div>
   <div class='ocr_carea' id='block_1_21' title="bbox 1812 789 3396 870">
    <p class='ocr_par' dir='ltr' id='par_1_21' title="bbox 1812 789 3396 870">
     <span class='ocr_line' id='line_1_21' title="bbox 1812 789 3396 870; baseline 0.013 -29"><span class='ocrx_word' id='word_1_142' title='bbox 1812 803 1989 843; x_wconf 83' lang='lat' dir='ltr'><strong>meam</strong></span> <span class='ocrx_word' id='word_1_143' title='bbox 2047 789 2459 855; x_wconf 80' lang='lat' dir='ltr'><strong>dontunculam,</strong></span> <span class='ocrx_word' id='word_1_144' title='bbox 2510 808 2673 860; x_wconf 83' lang='lat' dir='ltr'><strong>quam</strong></span> <span class='ocrx_word' id='word_1_145' title='bbox 2717 807 2773 849; x_wconf 91' lang='lat' dir='ltr'><strong>et</strong></span> <span class='ocrx_word' id='word_1_146' title='bbox 2805 797 2919 866; x_wconf 89' lang='lat' dir='ltr'><strong>ipse</strong></span> <span class='ocrx_word' id='word_1_147' title='bbox 2955 800 3169 870; x_wconf 90' lang='lat' dir='ltr'><strong>habito,</strong></span> <span class='ocrx_word' id='word_1_148' title='bbox 3198 818 3252 861; x_wconf 89' lang='lat' dir='ltr'><strong>et</strong></span> <span class='ocrx_word' id='word_1_149' title='bbox 3284 809 3396 862; x_wconf 69' lang='lat' dir='ltr'><strong>alio</strong></span> 
     </span>
    </p>
   </div>
   <div class='ocr_carea' id='block_1_22' title="bbox 1811 881 3392 955">
    <p class='ocr_par' dir='ltr' id='par_1_22' title="bbox 1811 881 3392 955">
     <span class='ocr_line' id='line_1_22' title="bbox 1811 881 3392 955; baseline 0.015 -26"><span class='ocrx_word' id='word_1_150' title='bbox 1811 893 1950 947; x_wconf 85' lang='lat' dir='ltr'><strong>quos</strong></span> <span class='ocrx_word' id='word_1_151' title='bbox 1990 894 2057 933; x_wconf 81' lang='lat' dir='ltr'><strong>ex</strong></span> <span class='ocrx_word' id='word_1_152' title='bbox 2098 881 2185 943; x_wconf 86' lang='lat' dir='ltr'><strong>iis,</strong></span> <span class='ocrx_word' id='word_1_153' title='bbox 2216 884 2310 952; x_wconf 87' lang='lat' dir='ltr'><strong>qui</strong></span> <span class='ocrx_word' id='word_1_154' title='bbox 2364 885 2573 941; x_wconf 89' lang='lat' dir='ltr'><strong>morbis</strong></span> <span class='ocrx_word' id='word_1_155' title='bbox 2620 886 2892 955; x_wconf 81' lang='lat' dir='ltr'><strong>laborant,</strong></span> <span class='ocrx_word' id='word_1_156' title='bbox 2934 908 3002 947; x_wconf 78' lang='lat' dir='ltr'><strong>eo</strong></span> <span class='ocrx_word' id='word_1_157' title='bbox 3038 895 3392 954; x_wconf 82' lang='lat' dir='ltr'><strong>introduoens</strong></span> 
     </span>
    </p>
   </div>
   <div class='ocr_carea' id='block_1_23' title="bbox 1811 976 3392 1057">
    <p class='ocr_par' dir='ltr' id='par_1_23' title="bbox 1811 976 3392 1057">
     <span class='ocr_line' id='line_1_23' title="bbox 1811 976 3392 1057; baseline 0.014 -33"><span class='ocrx_word' id='word_1_158' title='bbox 1811 985 1945 1024; x_wconf 92' lang='lat' dir='ltr'><strong>curo</strong></span> <span class='ocrx_word' id='word_1_159' title='bbox 1977 989 2074 1042; x_wconf 90' lang='lat' dir='ltr'><strong>pro</strong></span> <span class='ocrx_word' id='word_1_160' title='bbox 2109 976 2339 1040; x_wconf 81' lang='lat' dir='ltr'><strong>viribus,</strong></span> <span class='ocrx_word' id='word_1_161' title='bbox 2380 981 2777 1051; x_wconf 68' lang='lat' dir='ltr'><strong>aegrotantibus</strong></span> <span class='ocrx_word' id='word_1_162' title='bbox 2808 982 3029 1038; x_wconf 88' lang='lat' dir='ltr'><strong>domum</strong></span> <span class='ocrx_word' id='word_1_163' title='bbox 3073 999 3252 1057; x_wconf 89' lang='lat' dir='ltr'><strong>aptam</strong></span> <span class='ocrx_word' id='word_1_164' title='bbox 3293 1006 3392 1045; x_wconf 81' lang='lat' dir='ltr'><strong>ex-</strong></span> 
     </span>
    </p>
   </div>
   <div class='ocr_carea' id='block_1_24' title="bbox 1811 1060 3389 1150">
    <p class='ocr_par' dir='ltr' id='par_1_24' title="bbox 1811 1060 3389 1150">
     <span class='ocr_line' id='line_1_24' title="bbox 1811 1060 3389 1150; baseline 0.013 -35"><span class='ocrx_word' id='word_1_165' title='bbox 1811 1060 2091 1119; x_wconf 86' lang='lat' dir='ltr'><strong>citaveris.</strong></span> <span class='ocrx_word' id='word_1_166' title='bbox 2127 1066 2239 1122; x_wconf 90' lang='lat' dir='ltr'><strong>Hoc</strong></span> <span class='ocrx_word' id='word_1_167' title='bbox 2268 1070 2417 1123; x_wconf 87' lang='lat' dir='ltr'><strong>enim</strong></span> <span class='ocrx_word' id='word_1_168' title='bbox 2464 1070 2559 1125; x_wconf 90' lang='lat' dir='ltr'><strong>tibi</strong></span> <span class='ocrx_word' id='word_1_169' title='bbox 2606 1082 2661 1127; x_wconf 87' lang='lat' dir='ltr'><strong>et</strong></span> <span class='ocrx_word' id='word_1_170' title='bbox 2695 1074 2903 1128; x_wconf 89' lang='lat' dir='ltr'><strong>clarum</strong></span> <span class='ocrx_word' id='word_1_171' title='bbox 2946 1092 3145 1132; x_wconf 82' lang='lat' dir='ltr'><strong>nomen</strong></span> <span class='ocrx_word' id='word_1_172' title='bbox 3193 1082 3389 1150; x_wconf 80' lang='lat' dir='ltr'><strong>pariet,</strong></span> 
     </span>
    </p>
   </div>
   <div class='ocr_carea' id='block_1_25' title="bbox 1810 1156 3387 1239">
    <p class='ocr_par' dir='ltr' id='par_1_25' title="bbox 1810 1156 3387 1239">
     <span class='ocr_line' id='line_1_25' title="bbox 1810 1156 3387 1239; baseline 0.014 -33"><span class='ocrx_word' id='word_1_173' title='bbox 1810 1163 1865 1206; x_wconf 78' lang='lat' dir='ltr'><strong>et</strong></span> <span class='ocrx_word' id='word_1_174' title='bbox 1894 1156 2213 1212; x_wconf 86' lang='lat' dir='ltr'><strong>conciliabit</strong></span> <span class='ocrx_word' id='word_1_175' title='bbox 2243 1165 2575 1225; x_wconf 84' lang='lat' dir='ltr'><strong>mercedem,</strong></span> <span class='ocrx_word' id='word_1_176' title='bbox 2631 1178 2752 1231; x_wconf 68' lang='lat' dir='ltr'><strong>quae</strong></span> <span class='ocrx_word' id='word_1_177' title='bbox 2782 1164 2985 1220; x_wconf 78' lang='lat' dir='ltr'><strong>auferri</strong></span> <span class='ocrx_word' id='word_1_178' title='bbox 3019 1184 3129 1222; x_wconf 82' lang='lat' dir='ltr'><strong>non</strong></span> <span class='ocrx_word' id='word_1_179' title='bbox 3166 1179 3387 1239; x_wconf 86' lang='lat' dir='ltr'><strong>poterit.</strong></span> 
     </span>
    </p>
   </div>
   <div class='ocr_carea' id='block_1_26' title="bbox 1809 1244 3391 1327">
    <p class='ocr_par' dir='ltr' id='par_1_26' title="bbox 1809 1244 3391 1327">
     <span class='ocr_line' id='line_1_26' title="bbox 1809 1244 3391 1327; baseline 0.015 -31"><span class='ocrx_word' id='word_1_180' title='bbox 1809 1244 2034 1302; x_wconf 80' lang='lat' dir='ltr'><strong>Audivit</strong></span> <span class='ocrx_word' id='word_1_181' title='bbox 2065 1247 2385 1317; x_wconf 81' lang='lat' dir='ltr'><strong>imperator,</strong></span> <span class='ocrx_word' id='word_1_182' title='bbox 2429 1254 2656 1324; x_wconf 87' lang='lat' dir='ltr'><strong>etquod</strong></span> <span class='ocrx_word' id='word_1_183' title='bbox 2697 1257 2924 1325; x_wconf 88' lang='lat' dir='ltr'><strong>petitum</strong></span> <span class='ocrx_word' id='word_1_184' title='bbox 2966 1259 3164 1327; x_wconf 83' lang='lat' dir='ltr'><strong>fuerat,</strong></span> <span class='ocrx_word' id='word_1_185' title='bbox 3212 1264 3391 1320; x_wconf 84' lang='lat' dir='ltr'><strong>liben-</strong></span> 
     </span>
    </p>
   </div>
   <div class='ocr_carea' id='block_1_27' title="bbox 1813 1336 3391 1425">
    <p class='ocr_par' dir='ltr' id='par_1_27' title="bbox 1813 1336 3391 1425">
     <span class='ocr_line' id='line_1_27' title="bbox 1813 1336 3391 1425; baseline 0.015 -37"><span class='ocrx_word' id='word_1_186' title='bbox 1813 1341 1895 1389; x_wconf 85' lang='lat' dir='ltr'><strong>ter</strong></span> <span class='ocrx_word' id='word_1_187' title='bbox 1929 1336 2171 1403; x_wconf 86' lang='lat' dir='ltr'><strong>admisit,</strong></span> <span class='ocrx_word' id='word_1_188' title='bbox 2207 1350 2464 1413; x_wconf 90' lang='lat' dir='ltr'><strong>tanquam</strong></span> <span class='ocrx_word' id='word_1_189' title='bbox 2493 1344 2699 1401; x_wconf 91' lang='lat' dir='ltr'><strong>donum</strong></span> <span class='ocrx_word' id='word_1_190' title='bbox 2728 1353 2932 1418; x_wconf 89' lang='lat' dir='ltr'><strong>potius,</strong></span> <span class='ocrx_word' id='word_1_191' title='bbox 2961 1368 3123 1421; x_wconf 90' lang='lat' dir='ltr'><strong>quam</strong></span> <span class='ocrx_word' id='word_1_192' title='bbox 3171 1358 3391 1425; x_wconf 86' lang='lat' dir='ltr'><strong>petitio-</strong></span> 
     </span>
    </p>
   </div>
   <div class='ocr_carea' id='block_1_28' title="bbox 1812 1428 3394 1505">
    <p class='ocr_par' dir='ltr' id='par_1_28' title="bbox 1812 1428 3394 1505">
     <span class='ocr_line' id='line_1_28' title="bbox 1812 1428 3394 1505; baseline 0.015 -25"><span class='ocrx_word' id='word_1_193' title='bbox 1812 1442 1959 1482; x_wconf 90' lang='lat' dir='ltr'><strong>nem.</strong></span> <span class='ocrx_word' id='word_1_194' title='bbox 1995 1428 2063 1483; x_wconf 88' lang='lat' dir='ltr'><strong>Et</strong></span> <span class='ocrx_word' id='word_1_195' title='bbox 2090 1435 2276 1487; x_wconf 88' lang='lat' dir='ltr'><strong>statim</strong></span> <span class='ocrx_word' id='word_1_196' title='bbox 2328 1434 2508 1505; x_wconf 91' lang='lat' dir='ltr'><strong>(tunc</strong></span> <span class='ocrx_word' id='word_1_197' title='bbox 2561 1441 2708 1492; x_wconf 88' lang='lat' dir='ltr'><strong>enim</strong></span> <span class='ocrx_word' id='word_1_198' title='bbox 2747 1440 2994 1496; x_wconf 79' lang='lat' dir='ltr'><strong>divinum</strong></span> <span class='ocrx_word' id='word_1_199' title='bbox 3039 1450 3394 1504; x_wconf 85' lang='lat' dir='ltr'><strong>construebat</strong></span> 
     </span>
    </p>
   </div>
   <div class='ocr_carea' id='block_1_29' title="bbox 1813 1520 3393 1609">
    <p class='ocr_par' dir='ltr' id='par_1_29' title="bbox 1813 1520 3393 1609">
     <span class='ocr_line' id='line_1_29' title="bbox 1813 1520 3393 1609; baseline 0.015 -36"><span class='ocrx_word' id='word_1_200' title='bbox 1813 1520 2076 1588; x_wconf 83' lang='lat' dir='ltr'><strong>templum</strong></span> <span class='ocrx_word' id='word_1_201' title='bbox 2105 1523 2326 1581; x_wconf 87' lang='lat' dir='ltr'><strong>nomine</strong></span> <span class='ocrx_word' id='word_1_202' title='bbox 2368 1525 2465 1580; x_wconf 90' lang='lat' dir='ltr'><strong>Dei</strong></span> <span class='ocrx_word' id='word_1_203' title='bbox 2512 1528 2750 1600; x_wconf 58' lang='lat' dir='ltr'><strong>Sapinia!)</strong></span> <span class='ocrx_word' id='word_1_204' title='bbox 2780 1531 2943 1601; x_wconf 71' lang='lat' dir='ltr'><strong>jussit</strong></span> <span class='ocrx_word' id='word_1_205' title='bbox 2974 1544 3032 1587; x_wconf 93' lang='lat' dir='ltr'><strong>ut</strong></span> <span class='ocrx_word' id='word_1_206' title='bbox 3080 1536 3132 1589; x_wconf 92' lang='lat' dir='ltr'><strong>id</strong></span> <span class='ocrx_word' id='word_1_207' title='bbox 3167 1554 3393 1609; x_wconf 84' lang='lat' dir='ltr'><strong>quoque</strong></span> 
     </span>
    </p>
   </div>
   <div class='ocr_carea' id='block_1_30' title="bbox 1813 1609 3386 1696">
    <p class='ocr_par' dir='ltr' id='par_1_30' title="bbox 1813 1609 3386 1696">
     <span class='ocr_line' id='line_1_30' title="bbox 1813 1609 3386 1696; baseline 0.013 -33"><span class='ocrx_word' id='word_1_208' title='bbox 1813 1609 1974 1665; x_wconf 84' lang='lat' dir='ltr'><strong>simul</strong></span> <span class='ocrx_word' id='word_1_209' title='bbox 2011 1612 2379 1670; x_wconf 77' lang='lat' dir='ltr'><strong>:ediﬁcaretur</strong></span> <span class='ocrx_word' id='word_1_210' title='bbox 2415 1628 2669 1689; x_wconf 88' lang='lat' dir='ltr'><strong>prompto</strong></span> <span class='ocrx_word' id='word_1_211' title='bbox 2699 1632 2755 1677; x_wconf 90' lang='lat' dir='ltr'><strong>et</strong></span> <span class='ocrx_word' id='word_1_212' title='bbox 2785 1624 2951 1679; x_wconf 86' lang='lat' dir='ltr'><strong>alacri</strong></span> <span class='ocrx_word' id='word_1_213' title='bbox 2979 1627 3149 1682; x_wconf 87' lang='lat' dir='ltr'><strong>animi</strong></span> <span class='ocrx_word' id='word_1_214' title='bbox 3181 1632 3386 1696; x_wconf 92' lang='lat' dir='ltr'><strong>studio,</strong></span> 
     </span>
    </p>
   </div>
   <div class='ocr_carea' id='block_1_31' title="bbox 1812 1708 3393 1788">
    <p class='ocr_par' dir='ltr' id='par_1_31' title="bbox 1812 1708 3393 1788">
     <span class='ocr_line' id='line_1_31' title="bbox 1812 1708 3393 1788; baseline 0.013 -32"><span class='ocrx_word' id='word_1_215' title='bbox 1812 1713 1868 1757; x_wconf 90' lang='lat' dir='ltr'><strong>et</strong></span> <span class='ocrx_word' id='word_1_216' title='bbox 1892 1718 2085 1758; x_wconf 88' lang='lat' dir='ltr'><strong>eorum</strong></span> <span class='ocrx_word' id='word_1_217' title='bbox 2119 1721 2241 1776; x_wconf 65' lang='lat' dir='ltr'><strong>quae</strong></span> <span class='ocrx_word' id='word_1_218' title='bbox 2289 1708 2659 1775; x_wconf 73' lang='lat' dir='ltr'><strong>mdiﬁcabant.</strong></span> <span class='ocrx_word' id='word_1_219' title='bbox 2701 1730 2897 1786; x_wconf 77' lang='lat' dir='ltr'><strong>magna</strong></span> <span class='ocrx_word' id='word_1_220' title='bbox 2931 1720 3303 1788; x_wconf 88' lang='lat' dir='ltr'><strong>multitudine,</strong></span> <span class='ocrx_word' id='word_1_221' title='bbox 3336 1733 3393 1779; x_wconf 88' lang='lat' dir='ltr'><strong>et</strong></span> 
     </span>
    </p>
   </div>
   <div class='ocr_carea' id='block_1_32' title="bbox 1813 1796 3394 1888">
    <p class='ocr_par' dir='ltr' id='par_1_32' title="bbox 1813 1796 3394 1888">
     <span class='ocr_line' id='line_1_32' title="bbox 1813 1796 3394 1888; baseline 0.016 -40"><span class='ocrx_word' id='word_1_222' title='bbox 1813 1796 2059 1851; x_wconf 89' lang='lat' dir='ltr'><strong>omnium</strong></span> <span class='ocrx_word' id='word_1_223' title='bbox 2096 1799 2470 1869; x_wconf 84' lang='lat' dir='ltr'><strong>impensarum</strong></span> <span class='ocrx_word' id='word_1_224' title='bbox 2516 1806 2695 1874; x_wconf 87' lang='lat' dir='ltr'><strong>copia,</strong></span> <span class='ocrx_word' id='word_1_225' title='bbox 2755 1808 2873 1876; x_wconf 91' lang='lat' dir='ltr'><strong>ipso</strong></span> <span class='ocrx_word' id='word_1_226' title='bbox 2917 1813 3140 1879; x_wconf 82' lang='lat' dir='ltr'><strong>quidem</strong></span> <span class='ocrx_word' id='word_1_227' title='bbox 3187 1832 3394 1888; x_wconf 75' lang='lat' dir='ltr'><strong>suppe-</strong></span> 
     </span>
    </p>
   </div>
   <div class='ocr_carea' id='block_1_33' title="bbox 159 1876 1710 1976">
    <p class='ocr_par' dir='ltr' id='par_1_33' title="bbox 159 1885 1705 1958">
     <span class='ocr_line' id='line_1_33' title="bbox 159 1885 1705 1958; baseline 0.002 -22"><span class='ocrx_word' id='word_1_228' title='bbox 159 1886 322 1955; x_wconf 76' lang='grc' dir='ltr'>μένης.</span> <span class='ocrx_word' id='word_1_229' title='bbox 385 1885 539 1937; x_wconf 76' lang='grc' dir='ltr'>Ἐπεὶ</span> <span class='ocrx_word' id='word_1_230' title='bbox 593 1886 650 1938; x_wconf 74' lang='grc' dir='ltr'>δὲ</span> <span class='ocrx_word' id='word_1_231' title='bbox 717 1888 811 1938; x_wconf 77' lang='grc' dir='ltr'>καὶ</span> <span class='ocrx_word' id='word_1_232' title='bbox 866 1888 1183 1957; x_wconf 76' lang='grc' dir='ltr'>ᾠκοδόμητο</span> <span class='ocrx_word' id='word_1_233' title='bbox 1223 1889 1345 1941; x_wconf 83' lang='grc' dir='ltr'>λίαν</span> <span class='ocrx_word' id='word_1_234' title='bbox 1403 1887 1705 1958; x_wconf 80' lang='grc' dir='ltr'><strong>φιλοκάλως</strong></span> 
     </span>
    </p>
   </div>
   <div class='ocr_carea' id='block_1_34' title="bbox 1818 1876 3391 1976">
    <p class='ocr_par' dir='ltr' id='par_1_34' title="bbox 1818 1876 3391 1976">
     <span class='ocr_line' id='line_1_34' title="bbox 1818 1876 3391 1976; baseline 0.017 -36"><span class='ocrx_word' id='word_1_235' title='bbox 1818 1886 2015 1944; x_wconf 73' lang='lat' dir='ltr'><strong>ditante</strong></span> <span class='ocrx_word' id='word_1_236' title='bbox 2059 1890 2384 1959; x_wconf 85' lang='lat' dir='ltr'><strong>liberaliter,</strong></span> <span class='ocrx_word' id='word_1_237' title='bbox 2427 1911 2495 1950; x_wconf 79' lang='lat' dir='ltr'><strong>ex</strong></span> <span class='ocrx_word' id='word_1_238' title='bbox 2532 1900 2709 1968; x_wconf 82' lang='lat' dir='ltr'><strong>magni</strong></span> <span class='ocrx_word' id='word_1_239' title='bbox 2742 1916 2873 1957; x_wconf 84' lang='lat' dir='ltr'><strong>vero</strong></span> <span class='ocrx_word' id='word_1_240' title='bbox 2918 1876 3236 1976; x_wconf 66' lang='lat' dir='ltr'><strong>Szimpsonis</strong></span> 
     </span>
    </p>
   </div>
   <div class='ocr_carea' id='block_1_35' title="bbox 156 1975 1704 2050">
    <p class='ocr_par' dir='ltr' id='par_1_35' title="bbox 156 1975 1704 2050">
     <span class='ocr_line' id='line_1_35' title="bbox 156 1975 1704 2050; baseline 0.006 -26"><span class='ocrx_word' id='word_1_241' title='bbox 156 1976 233 2026; x_wconf 75' lang='grc' dir='ltr'>καὶ</span> <span class='ocrx_word' id='word_1_242' title='bbox 291 1975 749 2045; x_wconf 75' lang='grc' dir='ltr'>μεγαλοπρεπῶς,</span> <span class='ocrx_word' id='word_1_243' title='bbox 811 1978 901 2030; x_wconf 69' lang='grc' dir='ltr'><strong>καὶ</strong></span> <span class='ocrx_word' id='word_1_244' title='bbox 933 1978 1195 2048; x_wconf 82' lang='grc' dir='ltr'>ὀνόματος</span> <span class='ocrx_word' id='word_1_245' title='bbox 1251 1979 1417 2033; x_wconf 81' lang='grc' dir='ltr'>αὑτοῦ</span> <span class='ocrx_word' id='word_1_246' title='bbox 1465 1980 1704 2050; x_wconf 66' lang='grc' dir='ltr'>ὴξιοῦτο,</span> 
     </span>
    </p>
   </div>
   <div class='ocr_carea' id='block_1_36' title="bbox 155 2065 1709 2144">
    <p class='ocr_par' dir='ltr' id='par_1_36' title="bbox 155 2065 1709 2144">
     <span class='ocr_line' id='line_1_36' title="bbox 155 2065 1709 2144; baseline 0.007 -28"><span class='ocrx_word' id='word_1_247' title='bbox 155 2065 293 2128; x_wconf 65' lang='grc' dir='ltr'>εὶθὺς</span> <span class='ocrx_word' id='word_1_248' title='bbox 362 2068 559 2139; x_wconf 64' lang='grc' dir='ltr'>ἐκείνῳ</span> <span class='ocrx_word' id='word_1_249' title='bbox 622 2086 683 2122; x_wconf 88' lang='grc' dir='ltr'><strong>τε</strong></span> <span class='ocrx_word' id='word_1_250' title='bbox 743 2070 1127 2142; x_wconf 71' lang='grc' dir='ltr'>ἐπετράπετο,</span> <span class='ocrx_word' id='word_1_251' title='bbox 1182 2073 1277 2125; x_wconf 77' lang='grc' dir='ltr'>καὶ</span> <span class='ocrx_word' id='word_1_252' title='bbox 1326 2073 1486 2136; x_wconf 66' lang='grc' dir='ltr'>αὐτὸς</span> <span class='ocrx_word' id='word_1_253' title='bbox 1552 2068 1619 2144; x_wconf 75' lang='grc' dir='ltr'>ἦν</span> <span class='ocrx_word' id='word_1_254' title='bbox 1679 2074 1709 2127; x_wconf 84' lang='grc' dir='ltr'><strong>ό</strong></span> 
     </span>
    </p>
   </div>
   <div class='ocr_carea' id='block_1_37' title="bbox 156 2157 1709 2235">
    <p class='ocr_par' dir='ltr' id='par_1_37' title="bbox 156 2157 1709 2235">
     <span class='ocr_line' id='line_1_37' title="bbox 156 2157 1709 2235; baseline 0.006 -25"><span class='ocrx_word' id='word_1_255' title='bbox 156 2157 277 2221; x_wconf 75' lang='grc' dir='ltr'>θεῖος</span> <span class='ocrx_word' id='word_1_256' title='bbox 330 2161 593 2230; x_wconf 79' lang='grc' dir='ltr'>Σαμψὼν,</span> <span class='ocrx_word' id='word_1_257' title='bbox 643 2162 688 2215; x_wconf 87' lang='grc' dir='ltr'>δ.</span> <span class='ocrx_word' id='word_1_258' title='bbox 726 2163 827 2235; x_wconf 78' lang='grc' dir='ltr'>τὴν</span> <span class='ocrx_word' id='word_1_259' title='bbox 884 2162 979 2217; x_wconf 80' lang='grc' dir='ltr'>τοῦ</span> <span class='ocrx_word' id='word_1_260' title='bbox 1010 2163 1159 2217; x_wconf 85' lang='grc' dir='ltr'>οίκου</span> <span class='ocrx_word' id='word_1_261' title='bbox 1217 2165 1553 2234; x_wconf 80' lang='grc' dir='ltr'>προστασίαν</span> <span class='ocrx_word' id='word_1_262' title='bbox 1614 2182 1709 2219; x_wconf 80' lang='grc' dir='ltr'>πε-</span> 
     </span>
    </p>
   </div>
   <div class='ocr_carea' id='block_1_38' title="bbox 157 2255 513 2323">
    <p class='ocr_par' dir='ltr' id='par_1_38' title="bbox 157 2255 513 2323">
     <span class='ocr_line' id='line_1_38' title="bbox 157 2255 513 2323; baseline 0.025 -22"><span class='ocrx_word' id='word_1_263' title='bbox 157 2267 326 2305; x_wconf 79' lang='grc' dir='ltr'>πιστευ</span> <span class='ocrx_word' id='word_1_264' title='bbox 334 2255 513 2323; x_wconf 75' lang='grc' dir='ltr'>μένος.</span> 
     </span>
    </p>
   </div>
   <div class='ocr_carea' id='block_1_39' title="bbox 216 2433 1708 2512">
    <p class='ocr_par' dir='ltr' id='par_1_39' title="bbox 216 2433 1708 2512">
     <span class='ocr_line' id='line_1_39' title="bbox 216 2433 1708 2512; baseline 0.009 -29"><span class='ocrx_word' id='word_1_265' title='bbox 216 2433 265 2483; x_wconf 88' lang='lat' dir='ltr'><strong>l&#39;.</strong></span> <span class='ocrx_word' id='word_1_266' title='bbox 299 2433 667 2504; x_wconf 73' lang='grc' dir='ltr'>Προστίθησιν</span> <span class='ocrx_word' id='word_1_267' title='bbox 698 2435 725 2486; x_wconf 85' lang='grc' dir='ltr'>ὀ</span> <span class='ocrx_word' id='word_1_268' title='bbox 758 2434 1011 2505; x_wconf 78' lang='grc' dir='ltr'>βασιλεὺς</span> <span class='ocrx_word' id='word_1_269' title='bbox 1044 2440 1138 2491; x_wconf 77' lang='grc' dir='ltr'>καὶ</span> <span class='ocrx_word' id='word_1_270' title='bbox 1170 2439 1380 2508; x_wconf 75' lang='grc' dir='ltr'>ἕτερον,</span> <span class='ocrx_word' id='word_1_271' title='bbox 1421 2439 1708 2512; x_wconf 74' lang='grc' dir='ltr'>βασιλικῆς</span> 
     </span>
    </p>
   </div>
   <div class='ocr_carea' id='block_1_40' title="bbox 157 2524 1708 2600">
    <p class='ocr_par' dir='ltr' id='par_1_40' title="bbox 157 2524 1708 2600">
     <span class='ocr_line' id='line_1_40' title="bbox 157 2524 1708 2600; baseline 0.008 -26"><span class='ocrx_word' id='word_1_272' title='bbox 157 2524 284 2587; x_wconf 73' lang='grc' dir='ltr'>ἄξιον</span> <span class='ocrx_word' id='word_1_273' title='bbox 312 2526 745 2595; x_wconf 80' lang='grc' dir='ltr'>μεγαλοδωρίας,</span> <span class='ocrx_word' id='word_1_274' title='bbox 786 2528 1093 2600; x_wconf 81' lang='grc' dir='ltr'>ἀπόμοιραν</span> <span class='ocrx_word' id='word_1_275' title='bbox 1135 2531 1234 2583; x_wconf 76' lang='grc' dir='ltr'>οὐκ</span> <span class='ocrx_word' id='word_1_276' title='bbox 1267 2531 1475 2600; x_wconf 82' lang='grc' dir='ltr'>ὀλίγην.</span> <span class='ocrx_word' id='word_1_277' title='bbox 1508 2533 1616 2585; x_wconf 83' lang='grc' dir='ltr'>οὐδ’</span> <span class='ocrx_word' id='word_1_278' title='bbox 1649 2534 1708 2600; x_wconf 79' lang='grc' dir='ltr'>ἐξ</span> 
     </span>
    </p>
   </div>
   <div class='ocr_carea' id='block_1_41' title="bbox 156 2618 1705 2694">
    <p class='ocr_par' dir='ltr' id='par_1_41' title="bbox 156 2618 1705 2694">
     <span class='ocr_line' id='line_1_41' title="bbox 156 2618 1705 2694; baseline 0.008 -28"><span class='ocrx_word' id='word_1_279' title='bbox 156 2618 313 2684; x_wconf 65' lang='grc' dir='ltr'>ὀλίγης</span> <span class='ocrx_word' id='word_1_280' title='bbox 343 2620 720 2689; x_wconf 79' lang='grc' dir='ltr'>προαιρέσεως</span> <span class='ocrx_word' id='word_1_281' title='bbox 749 2620 824 2689; x_wconf 81' lang='grc' dir='ltr'>τῷ</span> <span class='ocrx_word' id='word_1_282' title='bbox 855 2622 994 2689; x_wconf 80' lang='grc' dir='ltr'>ἁγίῳ</span> <span class='ocrx_word' id='word_1_283' title='bbox 1028 2622 1203 2691; x_wconf 81' lang='grc' dir='ltr'>τούτῳ</span> <span class='ocrx_word' id='word_1_284' title='bbox 1238 2624 1371 2694; x_wconf 69' lang='lat' dir='ltr'><strong>chap</strong></span> <span class='ocrx_word' id='word_1_285' title='bbox 1398 2625 1705 2693; x_wconf 70' lang='grc' dir='ltr'>καθιεροῦν,</span> 
     </span>
    </p>
   </div>
   <div class='ocr_carea' id='block_1_42' title="bbox 156 2710 1711 2786">
    <p class='ocr_par' dir='ltr' id='par_1_42' title="bbox 156 2710 1711 2786">
     <span class='ocr_line' id='line_1_42' title="bbox 156 2710 1711 2786; baseline 0.009 -28"><span class='ocrx_word' id='word_1_286' title='bbox 156 2710 207 2760; x_wconf 76' lang='grc' dir='ltr'>ἐκ</span> <span class='ocrx_word' id='word_1_287' title='bbox 248 2712 524 2782; x_wconf 78' lang='grc' dir='ltr'>προνομῆς</span> <span class='ocrx_word' id='word_1_288' title='bbox 576 2712 748 2781; x_wconf 83' lang='grc' dir='ltr'>δήπου</span> <span class='ocrx_word' id='word_1_289' title='bbox 796 2712 1183 2783; x_wconf 79' lang='grc' dir='ltr'>διαιρεθεῖσαν,</span> <span class='ocrx_word' id='word_1_290' title='bbox 1217 2711 1283 2786; x_wconf 83' lang='grc' dir='ltr'>ἦς</span> <span class='ocrx_word' id='word_1_291' title='bbox 1325 2718 1351 2767; x_wconf 82' lang='grc' dir='ltr'><strong>ὁ</strong></span> <span class='ocrx_word' id='word_1_292' title='bbox 1396 2716 1711 2786; x_wconf 79' lang='grc' dir='ltr'>Θαυμαστὸς</span> 
     </span>
    </p>
   </div>
   <div class='ocr_carea' id='block_1_43' title="bbox 158 2800 1711 2882">
    <p class='ocr_par' dir='ltr' id='par_1_43' title="bbox 158 2800 1711 2882">
     <span class='ocr_line' id='line_1_43' title="bbox 158 2800 1711 2882; baseline 0.007 -31"><span class='ocrx_word' id='word_1_293' title='bbox 158 2800 443 2871; x_wconf 76' lang='grc' dir='ltr'>Βελισάριος</span> <span class='ocrx_word' id='word_1_294' title='bbox 498 2803 612 2856; x_wconf 77' lang='grc' dir='ltr'>ἀπὸ</span> <span class='ocrx_word' id='word_1_295' title='bbox 654 2803 757 2873; x_wconf 77' lang='grc' dir='ltr'>τῆς</span> <span class='ocrx_word' id='word_1_296' title='bbox 828 2804 935 2859; x_wconf 81' lang='grc' dir='ltr'><strong>τῶν</strong></span> <span class='ocrx_word' id='word_1_297' title='bbox 990 2806 1291 2877; x_wconf 83' lang='grc' dir='ltr'>Ἀσσυρίων</span> <span class='ocrx_word' id='word_1_298' title='bbox 1354 2807 1460 2876; x_wconf 76' lang='grc' dir='ltr'>γῆς</span> <span class='ocrx_word' id='word_1_299' title='bbox 1517 2811 1711 2882; x_wconf 82' lang='grc' dir='ltr'>ἐκείνῳ</span> 
     </span>
    </p>
   </div>
   <div class='ocr_carea' id='block_1_44' title="bbox 157 2892 1707 2969">
    <p class='ocr_par' dir='ltr' id='par_1_44' title="bbox 157 2892 1707 2969">
     <span class='ocr_line' id='line_1_44' title="bbox 157 2892 1707 2969; baseline 0.007 -26"><span class='ocrx_word' id='word_1_300' title='bbox 157 2895 497 2964; x_wconf 74' lang='grc' dir='ltr'>προσαγαγὼν</span> <span class='ocrx_word' id='word_1_301' title='bbox 537 2892 631 2968; x_wconf 74' lang='grc' dir='ltr'>ἦν,</span> <span class='ocrx_word' id='word_1_302' title='bbox 683 2896 942 2968; x_wconf 79' lang='grc' dir='ltr'>λαμπρᾶς</span> <span class='ocrx_word' id='word_1_303' title='bbox 989 2898 1066 2969; x_wconf 80' lang='grc' dir='ltr'>τῷ</span> <span class='ocrx_word' id='word_1_304' title='bbox 1113 2898 1226 2952; x_wconf 82' lang='grc' dir='ltr'>δντι</span> <span class='ocrx_word' id='word_1_305' title='bbox 1270 2900 1361 2951; x_wconf 75' lang='grc' dir='ltr'><strong>καὶ</strong></span> <span class='ocrx_word' id='word_1_306' title='bbox 1403 2902 1707 2969; x_wconf 78' lang='grc' dir='ltr'>φιλοτίμου.</span> 
     </span>
    </p>
   </div>
   <div class='ocr_carea' id='block_1_45' title="bbox 161 2977 1715 3061">
    <p class='ocr_par' dir='ltr' id='par_1_45' title="bbox 161 2977 1715 3061">
     <span class='ocr_line' id='line_1_45' title="bbox 161 2977 1715 3061; baseline 0.008 -27"><span class='ocrx_word' id='word_1_307' title='bbox 161 2980 270 3039; x_wconf 82' lang='grc' dir='ltr'>εἶτα</span> <span class='ocrx_word' id='word_1_308' title='bbox 294 2977 383 3041; x_wconf 81' lang='grc' dir='ltr'>καὶ</span> <span class='ocrx_word' id='word_1_309' title='bbox 413 2990 718 3060; x_wconf 79' lang='grc' dir='ltr'>κτημάτων</span> <span class='ocrx_word' id='word_1_310' title='bbox 739 2990 967 3061; x_wconf 76' lang='grc' dir='ltr'>δωρεαῖς</span> <span class='ocrx_word' id='word_1_311' title='bbox 999 2992 1255 3061; x_wconf 79' lang='grc' dir='ltr'>κρατύνει</span> <span class='ocrx_word' id='word_1_312' title='bbox 1278 2994 1367 3045; x_wconf 59' lang='grc' dir='ltr'>τὶν</span> <span class='ocrx_word' id='word_1_313' title='bbox 1389 2988 1558 3056; x_wconf 87' lang='grc' dir='ltr'>οἷκον,</span> <span class='ocrx_word' id='word_1_314' title='bbox 1596 2994 1715 3046; x_wconf 75' lang='grc' dir='ltr'>ἱκα-</span> 
     </span>
    </p>
   </div>
   <div class='ocr_carea' id='block_1_46' title="bbox 155 3076 1711 3156">
    <p class='ocr_par' dir='ltr' id='par_1_46' title="bbox 155 3076 1711 3156">
     <span class='ocr_line' id='line_1_46' title="bbox 155 3076 1711 3156; baseline 0.01 -29"><span class='ocrx_word' id='word_1_315' title='bbox 155 3076 239 3137; x_wconf 59' lang='lat' dir='ltr'><strong>wing</strong></span> <span class='ocrx_word' id='word_1_316' title='bbox 270 3080 497 3149; x_wconf 74' lang='grc' dir='ltr'>ἑχόντων</span> <span class='ocrx_word' id='word_1_317' title='bbox 534 3080 619 3143; x_wconf 79' lang='grc' dir='ltr'>εἷς</span> <span class='ocrx_word' id='word_1_318' title='bbox 653 3097 713 3133; x_wconf 79' lang='grc' dir='ltr'><strong>τε</strong></span> <span class='ocrx_word' id='word_1_319' title='bbox 746 3081 912 3144; x_wconf 77' lang='grc' dir='ltr'>ἄλλας</span> <span class='ocrx_word' id='word_1_320' title='bbox 951 3084 1117 3135; x_wconf 73' lang='grc' dir='ltr'>αὑτοῦ</span> <span class='ocrx_word' id='word_1_321' title='bbox 1166 3085 1411 3148; x_wconf 79' lang='grc' dir='ltr'>δαπάνας</span> <span class='ocrx_word' id='word_1_322' title='bbox 1444 3087 1535 3138; x_wconf 79' lang='grc' dir='ltr'><strong>καὶ</strong></span> <span class='ocrx_word' id='word_1_323' title='bbox 1576 3088 1711 3156; x_wconf 81' lang='grc' dir='ltr'>πρὸς</span> 
     </span>
    </p>
   </div>
   <div class='ocr_carea' id='block_1_47' title="bbox 1810 1982 3395 2069">
    <p class='ocr_par' dir='ltr' id='par_1_47' title="bbox 1810 1982 3395 2069">
     <span class='ocr_line' id='line_1_47' title="bbox 1810 1982 3395 2069; baseline 0.014 -32"><span class='ocrx_word' id='word_1_324' title='bbox 1810 1982 1980 2038; x_wconf 88' lang='lat' dir='ltr'><strong>tentia</strong></span> <span class='ocrx_word' id='word_1_325' title='bbox 2020 1984 2221 2041; x_wconf 77' lang='lat' dir='ltr'><strong>eﬁ‘ecto</strong></span> <span class='ocrx_word' id='word_1_326' title='bbox 2245 1986 2503 2043; x_wconf 59' lang='lat' dir='ltr'><strong>mdiﬁcio.</strong></span> <span class='ocrx_word' id='word_1_327' title='bbox 2535 1990 2830 2062; x_wconf 77' lang='lat' dir='ltr'><strong>Postquam</strong></span> <span class='ocrx_word' id='word_1_328' title='bbox 2859 2006 3038 2051; x_wconf 82' lang='lat' dir='ltr'><strong>autem</strong></span> <span class='ocrx_word' id='word_1_329' title='bbox 3071 2000 3299 2069; x_wconf 81' lang='lat' dir='ltr'><strong>pulchre</strong></span> <span class='ocrx_word' id='word_1_330' title='bbox 3337 2013 3395 2058; x_wconf 90' lang='lat' dir='ltr'><strong>et</strong></span> 
     </span>
    </p>
   </div>
   <div class='ocr_carea' id='block_1_48' title="bbox 1810 2076 3395 2157">
    <p class='ocr_par' dir='ltr' id='par_1_48' title="bbox 1810 2076 3395 2157">
     <span class='ocr_line' id='line_1_48' title="bbox 1810 2076 3395 2157; baseline 0.014 -29"><span class='ocrx_word' id='word_1_331' title='bbox 1810 2076 2100 2145; x_wconf 86' lang='lat' dir='ltr'><strong>magniﬁce</strong></span> <span class='ocrx_word' id='word_1_332' title='bbox 2143 2077 2249 2133; x_wconf 79' lang='lat' dir='ltr'><strong>fuit</strong></span> <span class='ocrx_word' id='word_1_333' title='bbox 2281 2079 2633 2144; x_wconf 80' lang='lat' dir='ltr'><strong>aediﬁcatum,</strong></span> <span class='ocrx_word' id='word_1_334' title='bbox 2669 2094 2723 2137; x_wconf 90' lang='lat' dir='ltr'><strong>et</strong></span> <span class='ocrx_word' id='word_1_335' title='bbox 2764 2086 2833 2140; x_wconf 84' lang='lat' dir='ltr'><strong>ab</strong></span> <span class='ocrx_word' id='word_1_336' title='bbox 2881 2088 2999 2157; x_wconf 88' lang='lat' dir='ltr'><strong>ejus</strong></span> <span class='ocrx_word' id='word_1_337' title='bbox 3034 2090 3137 2146; x_wconf 82' lang='lat' dir='ltr'><strong>fuit</strong></span> <span class='ocrx_word' id='word_1_338' title='bbox 3173 2094 3395 2150; x_wconf 85' lang='lat' dir='ltr'><strong>nomine</strong></span> 
     </span>
    </p>
   </div>
   <div class='ocr_carea' id='block_1_49' title="bbox 1810 2167 3395 2247">
    <p class='ocr_par' dir='ltr' id='par_1_49' title="bbox 1810 2167 3395 2247">
     <span class='ocr_line' id='line_1_49' title="bbox 1810 2167 3395 2247; baseline 0.012 -25"><span class='ocrx_word' id='word_1_339' title='bbox 1810 2167 2249 2232; x_wconf 87' lang='lat' dir='ltr'><strong>denominatum,</strong></span> <span class='ocrx_word' id='word_1_340' title='bbox 2306 2172 2561 2240; x_wconf 88' lang='lat' dir='ltr'><strong>protinus</strong></span> <span class='ocrx_word' id='word_1_341' title='bbox 2624 2173 2699 2228; x_wconf 90' lang='lat' dir='ltr'><strong>illi</strong></span> <span class='ocrx_word' id='word_1_342' title='bbox 2763 2176 2869 2231; x_wconf 81' lang='lat' dir='ltr'><strong>fuit</strong></span> <span class='ocrx_word' id='word_1_343' title='bbox 2920 2182 3273 2247; x_wconf 88' lang='lat' dir='ltr'><strong>permissum.</strong></span> <span class='ocrx_word' id='word_1_344' title='bbox 3326 2186 3395 2241; x_wconf 83' lang='lat' dir='ltr'><strong>Et</strong></span> 
     </span>
    </p>
   </div>
   <div class='ocr_carea' id='block_1_50' title="bbox 1810 2258 3395 2336">
    <p class='ocr_par' dir='ltr' id='par_1_50' title="bbox 1810 2258 3395 2336">
     <span class='ocr_line' id='line_1_50' title="bbox 1810 2258 3395 2336; baseline 0.013 -23"><span class='ocrx_word' id='word_1_345' title='bbox 1810 2258 1925 2329; x_wconf 88' lang='lat' dir='ltr'><strong>ipse</strong></span> <span class='ocrx_word' id='word_1_346' title='bbox 1955 2272 2076 2315; x_wconf 87' lang='lat' dir='ltr'><strong>erat</strong></span> <span class='ocrx_word' id='word_1_347' title='bbox 2103 2261 2327 2318; x_wconf 87' lang='lat' dir='ltr'><strong>divinus</strong></span> <span class='ocrx_word' id='word_1_348' title='bbox 2362 2263 2453 2319; x_wconf 92' lang='lat' dir='ltr'><strong>ille</strong></span> <span class='ocrx_word' id='word_1_349' title='bbox 2498 2264 2786 2336; x_wconf 70' lang='lat' dir='ltr'><strong>Sampson,</strong></span> <span class='ocrx_word' id='word_1_350' title='bbox 2818 2271 2906 2325; x_wconf 91' lang='lat' dir='ltr'><strong>cui</strong></span> <span class='ocrx_word' id='word_1_351' title='bbox 2940 2275 3229 2331; x_wconf 85' lang='lat' dir='ltr'><strong>commissa</strong></span> <span class='ocrx_word' id='word_1_352' title='bbox 3271 2277 3395 2331; x_wconf 78' lang='lat' dir='ltr'><strong>fue-</strong></span> 
     </span>
    </p>
   </div>
   <div class='ocr_carea' id='block_1_51' title="bbox 1813 2351 2691 2427">
    <p class='ocr_par' dir='ltr' id='par_1_51' title="bbox 1813 2351 2691 2427">
     <span class='ocr_line' id='line_1_51' title="bbox 1813 2351 2691 2427; baseline 0.008 -24"><span class='ocrx_word' id='word_1_353' title='bbox 1813 2360 1892 2403; x_wconf 90' lang='lat' dir='ltr'><strong>rat</strong></span> <span class='ocrx_word' id='word_1_354' title='bbox 1920 2351 2114 2407; x_wconf 91' lang='lat' dir='ltr'><strong>domus</strong></span> <span class='ocrx_word' id='word_1_355' title='bbox 2145 2354 2554 2410; x_wconf 82' lang='lat' dir='ltr'><strong>administratio</strong></span> <span class='ocrx_word' id='word_1_356' title='bbox 2592 2358 2691 2427; x_wconf 61' lang='grc'><strong>(4).</strong></span> 
     </span>
    </p>
   </div>
   <div class='ocr_carea' id='block_1_52' title="bbox 1882 2442 3395 2526">
    <p class='ocr_par' dir='ltr' id='par_1_52' title="bbox 1882 2442 3395 2526">
     <span class='ocr_line' id='line_1_52' title="bbox 1882 2442 3395 2526; baseline 0.015 -34"><span class='ocrx_word' id='word_1_357' title='bbox 1882 2442 1947 2503; x_wconf 78' lang='grc' dir='ltr'><strong>Χ.</strong></span> <span class='ocrx_word' id='word_1_358' title='bbox 1989 2445 2187 2512; x_wconf 75' lang='lat' dir='ltr'><strong>Adjicit</strong></span> <span class='ocrx_word' id='word_1_359' title='bbox 2243 2457 2425 2500; x_wconf 88' lang='lat' dir='ltr'><strong>autem</strong></span> <span class='ocrx_word' id='word_1_360' title='bbox 2479 2448 2779 2518; x_wconf 83' lang='lat' dir='ltr'><strong>imperator</strong></span> <span class='ocrx_word' id='word_1_361' title='bbox 2834 2452 2986 2509; x_wconf 81' lang='lat' dir='ltr'><strong>aliud</strong></span> <span class='ocrx_word' id='word_1_362' title='bbox 3042 2472 3262 2526; x_wconf 86' lang='lat' dir='ltr'><strong>quoque</strong></span> <span class='ocrx_word' id='word_1_363' title='bbox 3308 2460 3395 2514; x_wconf 84' lang='lat' dir='ltr'><strong>di-</strong></span> 
     </span>
    </p>
   </div>
   <div class='ocr_carea' id='block_1_53' title="bbox 1810 2536 3389 2621">
    <p class='ocr_par' dir='ltr' id='par_1_53' title="bbox 1810 2536 3389 2621">
     <span class='ocr_line' id='line_1_53' title="bbox 1810 2536 3389 2621; baseline 0.013 -36"><span class='ocrx_word' id='word_1_364' title='bbox 1810 2549 1975 2604; x_wconf 86' lang='lat' dir='ltr'><strong>gnum</strong></span> <span class='ocrx_word' id='word_1_365' title='bbox 2038 2536 2391 2605; x_wconf 89' lang='lat' dir='ltr'><strong>imperatoria</strong></span> <span class='ocrx_word' id='word_1_366' title='bbox 2473 2540 2869 2598; x_wconf 86' lang='lat' dir='ltr'><strong>muniﬁcentia.</strong></span> <span class='ocrx_word' id='word_1_367' title='bbox 2939 2545 3057 2601; x_wconf 87' lang='lat' dir='ltr'><strong>Non</strong></span> <span class='ocrx_word' id='word_1_368' title='bbox 3136 2550 3389 2621; x_wconf 76' lang='lat' dir='ltr'><strong>exiguam</strong></span> 
     </span>
    </p>
   </div>
   <div class='ocr_carea' id='block_1_54' title="bbox 1810 2626 3398 2713">
    <p class='ocr_par' dir='ltr' id='par_1_54' title="bbox 1810 2626 3398 2713">
     <span class='ocr_line' id='line_1_54' title="bbox 1810 2626 3398 2713; baseline 0.013 -34"><span class='ocrx_word' id='word_1_369' title='bbox 1810 2626 1958 2679; x_wconf 85' lang='lat' dir='ltr'><strong>enim</strong></span> <span class='ocrx_word' id='word_1_370' title='bbox 1982 2642 2207 2681; x_wconf 91' lang='lat' dir='ltr'><strong>suorum</strong></span> <span class='ocrx_word' id='word_1_371' title='bbox 2240 2628 2508 2684; x_wconf 90' lang='lat' dir='ltr'><strong>bonorum</strong></span> <span class='ocrx_word' id='word_1_372' title='bbox 2557 2642 2788 2701; x_wconf 85' lang='lat' dir='ltr'><strong>partem,</strong></span> <span class='ocrx_word' id='word_1_373' title='bbox 2822 2645 2882 2691; x_wconf 90' lang='lat' dir='ltr'><strong>et</strong></span> <span class='ocrx_word' id='word_1_374' title='bbox 2944 2652 3053 2692; x_wconf 89' lang='lat' dir='ltr'><strong>non</strong></span> <span class='ocrx_word' id='word_1_375' title='bbox 3092 2639 3210 2696; x_wconf 88' lang='lat' dir='ltr'><strong>sine</strong></span> <span class='ocrx_word' id='word_1_376' title='bbox 3237 2657 3398 2713; x_wconf 85' lang='lat' dir='ltr'><strong>egre-</strong></span> 
     </span>
    </p>
   </div>
   <div class='ocr_carea' id='block_1_55' title="bbox 1811 2716 3401 2793">
    <p class='ocr_par' dir='ltr' id='par_1_55' title="bbox 1811 2716 3401 2793">
     <span class='ocr_line' id='line_1_55' title="bbox 1811 2716 3401 2793; baseline 0.014 -26"><span class='ocrx_word' id='word_1_377' title='bbox 1811 2716 1901 2785; x_wconf 84' lang='lat' dir='ltr'><strong>gio</strong></span> <span class='ocrx_word' id='word_1_378' title='bbox 1945 2720 2247 2787; x_wconf 81' lang='lat' dir='ltr'><strong>proposito,</strong></span> <span class='ocrx_word' id='word_1_379' title='bbox 2298 2721 2427 2774; x_wconf 87' lang='lat' dir='ltr'><strong>huic</strong></span> <span class='ocrx_word' id='word_1_380' title='bbox 2479 2722 2582 2776; x_wconf 73' lang='lat' dir='ltr'><strong>aedi</strong></span> <span class='ocrx_word' id='word_1_381' title='bbox 2633 2729 2835 2780; x_wconf 66' lang='lat' dir='ltr'><strong>sancta:</strong></span> <span class='ocrx_word' id='word_1_382' title='bbox 2888 2742 3195 2793; x_wconf 78' lang='lat' dir='ltr'><strong>consecrat,</strong></span> <span class='ocrx_word' id='word_1_383' title='bbox 3246 2748 3401 2788; x_wconf 87' lang='lat' dir='ltr'><strong>sum-</strong></span> 
     </span>
    </p>
   </div>
   <div class='ocr_carea' id='block_1_56' title="bbox 1813 2809 3398 2886">
    <p class='ocr_par' dir='ltr' id='par_1_56' title="bbox 1813 2809 3398 2886">
     <span class='ocr_line' id='line_1_56' title="bbox 1813 2809 3398 2886; baseline 0.013 -25"><span class='ocrx_word' id='word_1_384' title='bbox 1813 2817 1961 2879; x_wconf 88' lang='lat' dir='ltr'><strong>ptam</strong></span> <span class='ocrx_word' id='word_1_385' title='bbox 1990 2809 2291 2866; x_wconf 81' lang='lat' dir='ltr'><strong>scilicetex</strong></span> <span class='ocrx_word' id='word_1_386' title='bbox 2346 2814 2565 2882; x_wconf 74' lang='lat' dir='ltr'><strong>praedis,</strong></span> <span class='ocrx_word' id='word_1_387' title='bbox 2607 2832 2745 2886; x_wconf 88' lang='lat' dir='ltr'><strong>quas</strong></span> <span class='ocrx_word' id='word_1_388' title='bbox 2787 2820 3130 2877; x_wconf 76' lang='lat' dir='ltr'><strong>admirabilis</strong></span> <span class='ocrx_word' id='word_1_389' title='bbox 3171 2824 3263 2878; x_wconf 82' lang='lat' dir='ltr'><strong>ille</strong></span> <span class='ocrx_word' id='word_1_390' title='bbox 3297 2826 3398 2881; x_wconf 89' lang='lat' dir='ltr'><strong>Be-</strong></span> 
     </span>
    </p>
   </div>
   <div class='ocr_carea' id='block_1_57' title="bbox 1814 2899 3396 2986">
    <p class='ocr_par' dir='ltr' id='par_1_57' title="bbox 1814 2899 3396 2986">
     <span class='ocr_line' id='line_1_57' title="bbox 1814 2899 3396 2986; baseline 0.011 -33"><span class='ocrx_word' id='word_1_391' title='bbox 1814 2899 2035 2956; x_wconf 87' lang='lat' dir='ltr'><strong>lisarius</strong></span> <span class='ocrx_word' id='word_1_392' title='bbox 2062 2906 2126 2956; x_wconf 80' lang='lat' dir='ltr'><strong>ad</strong></span> <span class='ocrx_word' id='word_1_393' title='bbox 2157 2920 2283 2957; x_wconf 89' lang='lat' dir='ltr'><strong>eum</strong></span> <span class='ocrx_word' id='word_1_394' title='bbox 2333 2907 2594 2962; x_wconf 83' lang='lat' dir='ltr'><strong>attulerat</strong></span> <span class='ocrx_word' id='word_1_395' title='bbox 2643 2925 2673 2964; x_wconf 91' lang='lat' dir='ltr'><strong>e</strong></span> <span class='ocrx_word' id='word_1_396' title='bbox 2720 2920 2866 2965; x_wconf 86' lang='lat' dir='ltr'><strong>terra</strong></span> <span class='ocrx_word' id='word_1_397' title='bbox 2915 2914 3259 2985; x_wconf 83' lang='lat' dir='ltr'><strong>Assyriorum</strong></span> <span class='ocrx_word' id='word_1_398' title='bbox 3294 2920 3396 2986; x_wconf 66' lang='grc' dir='ltr'><strong>(εἰ),</strong></span> 
     </span>
    </p>
   </div>
   <div class='ocr_carea' id='block_1_58' title="bbox 1814 3000 3399 3073">
    <p class='ocr_par' dir='ltr' id='par_1_58' title="bbox 1814 3000 3399 3073">
     <span class='ocr_line' id='line_1_58' title="bbox 1814 3000 3399 3073; baseline 0.014 -30"><span class='ocrx_word' id='word_1_399' title='bbox 1814 3007 1935 3059; x_wconf 76' lang='lat' dir='ltr'><strong>qua:</strong></span> <span class='ocrx_word' id='word_1_400' title='bbox 1986 3008 2175 3049; x_wconf 81' lang='lat' dir='ltr'><strong>revera</strong></span> <span class='ocrx_word' id='word_1_401' title='bbox 2242 3007 2401 3051; x_wconf 85' lang='lat' dir='ltr'><strong>crant</strong></span> <span class='ocrx_word' id='word_1_402' title='bbox 2468 3000 2743 3067; x_wconf 65' lang='lat' dir='ltr'><strong>praeclara:</strong></span> <span class='ocrx_word' id='word_1_403' title='bbox 2792 3015 2848 3058; x_wconf 90' lang='lat' dir='ltr'><strong>et</strong></span> <span class='ocrx_word' id='word_1_404' title='bbox 2902 3006 3121 3073; x_wconf 71' lang='lat' dir='ltr'><strong>opimae.</strong></span> <span class='ocrx_word' id='word_1_405' title='bbox 3191 3009 3399 3065; x_wconf 80' lang='lat' dir='ltr'><strong>Deinde</strong></span> 
     </span>
    </p>
   </div>
   <div class='ocr_carea' id='block_1_59' title="bbox 1814 3084 3400 3170">
    <p class='ocr_par' dir='ltr' id='par_1_59' title="bbox 1814 3084 3400 3170">
     <span class='ocr_line' id='line_1_59' title="bbox 1814 3084 3400 3170; baseline 0.013 -33"><span class='ocrx_word' id='word_1_406' title='bbox 1814 3084 2039 3139; x_wconf 87' lang='lat' dir='ltr'><strong>domum</strong></span> <span class='ocrx_word' id='word_1_407' title='bbox 2093 3102 2311 3156; x_wconf 83' lang='lat' dir='ltr'><strong>quoque</strong></span> <span class='ocrx_word' id='word_1_408' title='bbox 2364 3092 2540 3143; x_wconf 86' lang='lat' dir='ltr'><strong>munit</strong></span> <span class='ocrx_word' id='word_1_409' title='bbox 2585 3092 2745 3147; x_wconf 88' lang='lat' dir='ltr'><strong>donis</strong></span> <span class='ocrx_word' id='word_1_410' title='bbox 2799 3096 3240 3162; x_wconf 87' lang='lat' dir='ltr'><strong>possessionum,</strong></span> <span class='ocrx_word' id='word_1_411' title='bbox 3277 3115 3400 3170; x_wconf 69' lang='lat' dir='ltr'><strong>qua</strong></span> 
     </span>
    </p>
   </div>
   <div class='ocr_carea' id='block_1_60' title="bbox 160 3161 1710 3269">
    <p class='ocr_par' dir='ltr' id='par_1_60' title="bbox 160 3161 1708 3245">
     <span class='ocr_line' id='line_1_60' title="bbox 160 3161 1708 3245; baseline 0.008 -29"><span class='ocrx_word' id='word_1_412' title='bbox 160 3168 334 3233; x_wconf 77' lang='grc' dir='ltr'>ἰατρῶν</span> <span class='ocrx_word' id='word_1_413' title='bbox 378 3172 697 3238; x_wconf 77' lang='grc' dir='ltr'>σιτηρέσια,</span> <span class='ocrx_word' id='word_1_414' title='bbox 731 3161 972 3223; x_wconf 75' lang='grc' dir='ltr'>καὶ’τῶν</span> <span class='ocrx_word' id='word_1_415' title='bbox 999 3173 1193 3242; x_wconf 78' lang='grc' dir='ltr'>ἐτέρας</span> <span class='ocrx_word' id='word_1_416' title='bbox 1218 3174 1708 3245; x_wconf 78' lang='grc' dir='ltr'>ὲπιτετραμμένων</span> 
     </span>
    </p>
   </div>
   <div class='ocr_carea' id='block_1_61' title="bbox 1818 3161 3397 3269">
    <p class='ocr_par' dir='ltr' id='par_1_61' title="bbox 1818 3161 3397 3249">
     <span class='ocr_line' id='line_1_61' title="bbox 1818 3161 3397 3249; baseline 0.009 -19"><span class='ocrx_word' id='word_1_417' title='bbox 1818 3185 1869 3230; x_wconf 91' lang='lat' dir='ltr'><strong>et</strong></span> <span class='ocrx_word' id='word_1_418' title='bbox 1898 3178 1963 3231; x_wconf 89' lang='lat' dir='ltr'><strong>ad</strong></span> <span class='ocrx_word' id='word_1_419' title='bbox 1992 3177 2130 3233; x_wconf 86' lang='lat' dir='ltr'><strong>alios</strong></span> <span class='ocrx_word' id='word_1_420' title='bbox 2149 3180 2268 3248; x_wconf 84' lang='lat' dir='ltr'><strong>ejus</strong></span> <span class='ocrx_word' id='word_1_421' title='bbox 2298 3190 2551 3248; x_wconf 83' lang='lat' dir='ltr'><strong>stunptus</strong></span> <span class='ocrx_word' id='word_1_422' title='bbox 2582 3161 2951 3249; x_wconf 74' lang='lat' dir='ltr'><strong>suﬁiciebant,</strong></span> <span class='ocrx_word' id='word_1_423' title='bbox 2979 3194 3035 3240; x_wconf 90' lang='lat' dir='ltr'><strong>et</strong></span> <span class='ocrx_word' id='word_1_424' title='bbox 3056 3186 3122 3240; x_wconf 87' lang='lat' dir='ltr'><strong>ad</strong></span> <span class='ocrx_word' id='word_1_425' title='bbox 3162 3161 3397 3244; x_wconf 74' lang='lat' dir='ltr'><strong>alimen-</strong></span> 
     </span>
    </p>
   </div>
   <div class='ocr_carea' id='block_1_62' title="bbox 156 3260 1706 3339">
    <p class='ocr_par' dir='ltr' id='par_1_62' title="bbox 156 3260 1706 3339">
     <span class='ocr_line' id='line_1_62' title="bbox 156 3260 1706 3339; baseline 0.009 -29"><span class='ocrx_word' id='word_1_426' title='bbox 156 3260 295 3312; x_wconf 74' lang='grc' dir='ltr'>αὑτοῦ</span> <span class='ocrx_word' id='word_1_427' title='bbox 314 3261 685 3332; x_wconf 84' lang='grc' dir='ltr'>λειτουργίας.</span> <span class='ocrx_word' id='word_1_428' title='bbox 733 3262 857 3315; x_wconf 73' lang='grc' dir='ltr'><strong>Ἐπὶ</strong></span> <span class='ocrx_word' id='word_1_429' title='bbox 878 3264 1089 3327; x_wconf 82' lang='grc' dir='ltr'>πολλοῖς</span> <span class='ocrx_word' id='word_1_430' title='bbox 1116 3260 1211 3317; x_wconf 77' lang='grc' dir='ltr'><strong>οὖν</strong></span> <span class='ocrx_word' id='word_1_431' title='bbox 1239 3270 1349 3330; x_wconf 88' lang='grc' dir='ltr'>τοῖς</span> <span class='ocrx_word' id='word_1_432' title='bbox 1376 3271 1588 3339; x_wconf 75' lang='grc' dir='ltr'>χρόνοις</span> <span class='ocrx_word' id='word_1_433' title='bbox 1617 3272 1706 3324; x_wconf 67' lang='grc' dir='ltr'><strong>οὖα</strong></span> 
     </span>
    </p>
   </div>
   <div class='ocr_carea' id='block_1_63' title="bbox 155 3354 1707 3430">
    <p class='ocr_par' dir='ltr' id='par_1_63' title="bbox 155 3354 1707 3430">
     <span class='ocr_line' id='line_1_63' title="bbox 155 3354 1707 3430; baseline 0.007 -26"><span class='ocrx_word' id='word_1_434' title='bbox 155 3368 241 3413; x_wconf 83' lang='grc' dir='ltr'><strong>τως</strong></span> <span class='ocrx_word' id='word_1_435' title='bbox 270 3357 294 3406; x_wconf 80' lang='grc' dir='ltr'><strong>ο</strong></span> <span class='ocrx_word' id='word_1_436' title='bbox 322 3354 614 3426; x_wconf 74' lang='grc' dir='ltr'>Μακάριος</span> <span class='ocrx_word' id='word_1_437' title='bbox 658 3354 952 3427; x_wconf 81' lang='grc' dir='ltr'>διαρκέσας</span> <span class='ocrx_word' id='word_1_438' title='bbox 988 3357 1047 3409; x_wconf 83' lang='grc' dir='ltr'>ἐν</span> <span class='ocrx_word' id='word_1_439' title='bbox 1092 3359 1209 3422; x_wconf 85' lang='grc' dir='ltr'>ταῖς</span> <span class='ocrx_word' id='word_1_440' title='bbox 1253 3358 1361 3411; x_wconf 83' lang='grc' dir='ltr'><strong>τῶν</strong></span> <span class='ocrx_word' id='word_1_441' title='bbox 1391 3362 1707 3430; x_wconf 87' lang='grc' dir='ltr'>καμνόντων</span> 
     </span>
    </p>
   </div>
   <div class='ocr_carea' id='block_1_64' title="bbox 156 3443 1707 3520">
    <p class='ocr_par' dir='ltr' id='par_1_64' title="bbox 156 3443 1707 3520">
     <span class='ocr_line' id='line_1_64' title="bbox 156 3443 1707 3520; baseline 0.008 -28"><span class='ocrx_word' id='word_1_442' title='bbox 156 3443 488 3514; x_wconf 75' lang='grc' dir='ltr'>ἐπιμελείαις,</span> <span class='ocrx_word' id='word_1_443' title='bbox 538 3446 640 3501; x_wconf 78' lang='grc' dir='ltr'><strong>καὶ</strong></span> <span class='ocrx_word' id='word_1_444' title='bbox 690 3449 969 3517; x_wconf 74' lang='grc' dir='ltr'>πατρικῶς</span> <span class='ocrx_word' id='word_1_445' title='bbox 1012 3449 1231 3501; x_wconf 83' lang='grc' dir='ltr'>πάντων</span> <span class='ocrx_word' id='word_1_446' title='bbox 1267 3452 1357 3502; x_wconf 78' lang='grc' dir='ltr'><strong>καὶ</strong></span> <span class='ocrx_word' id='word_1_447' title='bbox 1391 3450 1510 3503; x_wconf 90' lang='grc' dir='ltr'>λίαν</span> <span class='ocrx_word' id='word_1_448' title='bbox 1547 3453 1707 3520; x_wconf 78' lang='grc' dir='ltr'>κηδε-</span> 
     </span>
    </p>
   </div>
   <div class='ocr_carea' id='block_1_65' title="bbox 158 3539 1708 3613">
    <p class='ocr_par' dir='ltr' id='par_1_65' title="bbox 158 3539 1708 3613">
     <span class='ocr_line' id='line_1_65' title="bbox 158 3539 1708 3613; baseline 0.007 -27"><span class='ocrx_word' id='word_1_449' title='bbox 158 3539 365 3602; x_wconf 78' lang='grc' dir='ltr'>μονικῶς</span> <span class='ocrx_word' id='word_1_450' title='bbox 418 3539 905 3609; x_wconf 79' lang='grc' dir='ltr'>προμηθούμενος,</span> <span class='ocrx_word' id='word_1_451' title='bbox 956 3541 1080 3594; x_wconf 78' lang='grc' dir='ltr'>ἐπεὶ</span> <span class='ocrx_word' id='word_1_452' title='bbox 1115 3543 1207 3594; x_wconf 80' lang='grc' dir='ltr'><strong>καὶ</strong></span> <span class='ocrx_word' id='word_1_453' title='bbox 1241 3543 1319 3605; x_wconf 83' lang='grc' dir='ltr'><strong>είς</strong></span> <span class='ocrx_word' id='word_1_454' title='bbox 1355 3540 1491 3610; x_wconf 75' lang='grc' dir='ltr'>βαθὺ</span> <span class='ocrx_word' id='word_1_455' title='bbox 1533 3545 1708 3613; x_wconf 79' lang='grc' dir='ltr'>γῆρας</span> 
     </span>
    </p>
   </div>
   <div class='ocr_carea' id='block_1_66' title="bbox 156 3628 1707 3709">
    <p class='ocr_par' dir='ltr' id='par_1_66' title="bbox 156 3628 1707 3709">
     <span class='ocr_line' id='line_1_66' title="bbox 156 3628 1707 3709; baseline 0.008 -30"><span class='ocrx_word' id='word_1_456' title='bbox 156 3628 238 3699; x_wconf 65' lang='grc' dir='ltr'><strong>ήδη</strong></span> <span class='ocrx_word' id='word_1_457' title='bbox 273 3631 517 3699; x_wconf 74' lang='grc' dir='ltr'>παραδὺς</span> <span class='ocrx_word' id='word_1_458' title='bbox 551 3628 645 3700; x_wconf 76' lang='grc' dir='ltr'>ἦν,</span> <span class='ocrx_word' id='word_1_459' title='bbox 688 3633 783 3683; x_wconf 79' lang='grc' dir='ltr'><strong>καὶ</strong></span> <span class='ocrx_word' id='word_1_460' title='bbox 813 3632 1088 3695; x_wconf 75' lang='grc' dir='ltr'>ἀδυνάτως</span> <span class='ocrx_word' id='word_1_461' title='bbox 1114 3634 1237 3704; x_wconf 81' lang='grc' dir='ltr'>ἔχον</span> <span class='ocrx_word' id='word_1_462' title='bbox 1270 3636 1420 3703; x_wconf 82' lang='grc' dir='ltr'><strong>αὺτῷ</strong></span> <span class='ocrx_word' id='word_1_463' title='bbox 1447 3637 1505 3688; x_wconf 85' lang='grc' dir='ltr'><strong>τὸ</strong></span> <span class='ocrx_word' id='word_1_464' title='bbox 1550 3638 1707 3709; x_wconf 81' lang='grc' dir='ltr'>σῶμα</span> 
     </span>
    </p>
   </div>
   <div class='ocr_carea' id='block_1_67' title="bbox 155 3720 1709 3796">
    <p class='ocr_par' dir='ltr' id='par_1_67' title="bbox 155 3720 1709 3796">
     <span class='ocr_line' id='line_1_67' title="bbox 155 3720 1709 3796; baseline 0.008 -28"><span class='ocrx_word' id='word_1_465' title='bbox 155 3720 235 3789; x_wconf 66' lang='grc' dir='ltr'>τὴν</span> <span class='ocrx_word' id='word_1_466' title='bbox 255 3723 506 3791; x_wconf 73' lang='grc' dir='ltr'>τελευτὴν</span> <span class='ocrx_word' id='word_1_467' title='bbox 533 3720 718 3786; x_wconf 62' lang='lat' dir='ltr'><strong>(bime,</strong></span> <span class='ocrx_word' id='word_1_468' title='bbox 761 3721 950 3775; x_wconf 76' lang='grc' dir='ltr'>νοσοῦν</span> <span class='ocrx_word' id='word_1_469' title='bbox 983 3723 1083 3792; x_wconf 76' lang='grc' dir='ltr'>μὲν</span> <span class='ocrx_word' id='word_1_470' title='bbox 1128 3725 1282 3791; x_wconf 83' lang='grc' dir='ltr'>ὀλίγα</span> <span class='ocrx_word' id='word_1_471' title='bbox 1320 3727 1413 3776; x_wconf 83' lang='grc' dir='ltr'>καὶ</span> <span class='ocrx_word' id='word_1_472' title='bbox 1441 3723 1528 3778; x_wconf 76' lang='grc' dir='ltr'>οἷα</span> <span class='ocrx_word' id='word_1_473' title='bbox 1574 3746 1709 3796; x_wconf 67' lang='grc' dir='ltr'>προ-</span> 
     </span>
    </p>
   </div>
   <div class='ocr_carea' id='block_1_68' title="bbox 155 3814 1708 3891">
    <p class='ocr_par' dir='ltr' id='par_1_68' title="bbox 155 3814 1708 3891">
     <span class='ocr_line' id='line_1_68' title="bbox 155 3814 1708 3891; baseline 0.009 -31"><span class='ocrx_word' id='word_1_474' title='bbox 155 3814 285 3881; x_wconf 76' lang='grc' dir='ltr'>οεμια</span> <span class='ocrx_word' id='word_1_475' title='bbox 320 3815 642 3869; x_wconf 78' lang='grc' dir='ltr'>δείκνυσθαι</span> <span class='ocrx_word' id='word_1_476' title='bbox 674 3814 846 3869; x_wconf 76' lang='grc' dir='ltr'>ταῦτα</span> <span class='ocrx_word' id='word_1_477' title='bbox 882 3817 976 3869; x_wconf 78' lang='grc' dir='ltr'><strong>καὶ</strong></span> <span class='ocrx_word' id='word_1_478' title='bbox 1004 3816 1228 3889; x_wconf 65' lang='grc' dir='ltr'>ἀφορμὴ</span> <span class='ocrx_word' id='word_1_479' title='bbox 1277 3818 1532 3874; x_wconf 81' lang='grc' dir='ltr'>Θανάτου.</span> <span class='ocrx_word' id='word_1_480' title='bbox 1567 3820 1708 3891; x_wconf 83' lang='grc' dir='ltr'><strong>Θνή-</strong></span> 
     </span>
    </p>
   </div>
   <div class='ocr_carea' id='block_1_69' title="bbox 158 3909 1710 3985">
    <p class='ocr_par' dir='ltr' id='par_1_69' title="bbox 158 3909 1710 3985">
     <span class='ocr_line' id='line_1_69' title="bbox 158 3909 1710 3985; baseline 0.007 -28"><span class='ocrx_word' id='word_1_481' title='bbox 158 3923 253 3960; x_wconf 81' lang='grc' dir='ltr'>σκει</span> <span class='ocrx_word' id='word_1_482' title='bbox 291 3910 345 3963; x_wconf 67' lang='grc' dir='ltr'>δὲ</span> <span class='ocrx_word' id='word_1_483' title='bbox 382 3912 484 3963; x_wconf 77' lang='grc' dir='ltr'><strong>οὐκ</strong></span> <span class='ocrx_word' id='word_1_484' title='bbox 531 3909 784 3979; x_wconf 85' lang='grc' dir='ltr'>ἀθυμῶν,</span> <span class='ocrx_word' id='word_1_485' title='bbox 839 3911 959 3964; x_wconf 76' lang='grc' dir='ltr'>οὐδὲ</span> <span class='ocrx_word' id='word_1_486' title='bbox 1019 3909 1401 3982; x_wconf 82' lang='grc' dir='ltr'>βαρυνόμενος.</span> <span class='ocrx_word' id='word_1_487' title='bbox 1454 3914 1573 3967; x_wconf 75' lang='grc' dir='ltr'>οὐδὲ</span> <span class='ocrx_word' id='word_1_488' title='bbox 1612 3915 1710 3985; x_wconf 78' lang='grc' dir='ltr'>τὴν</span> 
     </span>
    </p>
   </div>
   <div class='ocr_carea' id='block_1_70' title="bbox 156 4001 1707 4078">
    <p class='ocr_par' dir='ltr' id='par_1_70' title="bbox 156 4001 1707 4078">
     <span class='ocr_line' id='line_1_70' title="bbox 156 4001 1707 4078; baseline 0.007 -29"><span class='ocrx_word' id='word_1_489' title='bbox 156 4001 417 4064; x_wconf 76' lang='grc' dir='ltr'>μετάθεσιν</span> <span class='ocrx_word' id='word_1_490' title='bbox 448 4003 827 4071; x_wconf 84' lang='grc' dir='ltr'>δυσχεραίνων</span> <span class='ocrx_word' id='word_1_491' title='bbox 868 4005 1007 4056; x_wconf 70' lang='grc' dir='ltr'>κατὰ</span> <span class='ocrx_word' id='word_1_492' title='bbox 1040 4006 1137 4068; x_wconf 72' lang='grc' dir='ltr'><strong>τὰς</strong></span> <span class='ocrx_word' id='word_1_493' title='bbox 1164 4006 1575 4075; x_wconf 79' lang='grc' dir='ltr'>φιλοσωμάτους</span> <span class='ocrx_word' id='word_1_494' title='bbox 1602 4008 1707 4078; x_wconf 78' lang='grc' dir='ltr'><strong>ψυ-</strong></span> 
     </span>
    </p>
   </div>
   <div class='ocr_carea' id='block_1_71' title="bbox 155 4095 1704 4170">
    <p class='ocr_par' dir='ltr' id='par_1_71' title="bbox 155 4095 1704 4170">
     <span class='ocr_line' id='line_1_71' title="bbox 155 4095 1704 4170; baseline 0.006 -27"><span class='ocrx_word' id='word_1_495' title='bbox 155 4095 236 4159; x_wconf 73' lang='grc' dir='ltr'>χάς</span> <span class='ocrx_word' id='word_1_496' title='bbox 256 4112 307 4147; x_wconf 83' lang='grc' dir='ltr'><strong>τε</strong></span> <span class='ocrx_word' id='word_1_497' title='bbox 340 4097 432 4147; x_wconf 79' lang='grc' dir='ltr'>καὶ</span> <span class='ocrx_word' id='word_1_498' title='bbox 458 4095 851 4163; x_wconf 82' lang='grc' dir='ltr'>φιλοκόσμους,</span> <span class='ocrx_word' id='word_1_499' title='bbox 874 4096 1009 4148; x_wconf 80' lang='grc' dir='ltr'>ἀλλὰ</span> <span class='ocrx_word' id='word_1_500' title='bbox 1030 4099 1219 4165; x_wconf 80' lang='grc' dir='ltr'>πράως</span> <span class='ocrx_word' id='word_1_501' title='bbox 1244 4098 1338 4151; x_wconf 76' lang='grc' dir='ltr'><strong>καὶ</strong></span> <span class='ocrx_word' id='word_1_502' title='bbox 1368 4100 1585 4170; x_wconf 82' lang='grc' dir='ltr'>ἱλαρῶς.</span> <span class='ocrx_word' id='word_1_503' title='bbox 1613 4105 1704 4154; x_wconf 74' lang='grc' dir='ltr'><strong>ατε</strong></span> 
     </span>
    </p>
   </div>
   <div class='ocr_carea' id='block_1_72' title="bbox 156 4184 1707 4257">
    <p class='ocr_par' dir='ltr' id='par_1_72' title="bbox 156 4184 1707 4257">
     <span class='ocr_line' id='line_1_72' title="bbox 156 4184 1707 4257; baseline 0.005 -22"><span class='ocrx_word' id='word_1_504' title='bbox 156 4184 263 4249; x_wconf 77' lang='grc' dir='ltr'>γοῦν</span> <span class='ocrx_word' id='word_1_505' title='bbox 289 4188 331 4239; x_wconf 76' lang='grc' dir='ltr'>δ’</span> <span class='ocrx_word' id='word_1_506' title='bbox 356 4184 607 4257; x_wconf 73' lang='grc' dir='ltr'>ἀκριϐῶς</span> <span class='ocrx_word' id='word_1_507' title='bbox 641 4185 1004 4255; x_wconf 67' lang='grc' dir='ltr'>ἐπιστάμενος</span> <span class='ocrx_word' id='word_1_508' title='bbox 1029 4186 1118 4255; x_wconf 70' lang='grc' dir='ltr'><strong>ὑφ’</strong></span> <span class='ocrx_word' id='word_1_509' title='bbox 1140 4185 1200 4239; x_wconf 77' lang='grc' dir='ltr'>οὔ</span> <span class='ocrx_word' id='word_1_510' title='bbox 1235 4189 1502 4252; x_wconf 83' lang='grc' dir='ltr'>καλεῖται,</span> <span class='ocrx_word' id='word_1_511' title='bbox 1532 4196 1622 4241; x_wconf 72' lang='grc' dir='ltr'>καὶ</span> <span class='ocrx_word' id='word_1_512' title='bbox 1650 4191 1707 4254; x_wconf 70' lang='grc' dir='ltr'><strong>ἐξ</strong></span> 
     </span>
    </p>
   </div>
   <div class='ocr_carea' id='block_1_73' title="bbox 154 4278 1711 4351">
    <p class='ocr_par' dir='ltr' id='par_1_73' title="bbox 154 4278 1711 4351">
     <span class='ocr_line' id='line_1_73' title="bbox 154 4278 1711 4351; baseline 0.004 -23"><span class='ocrx_word' id='word_1_513' title='bbox 154 4278 249 4340; x_wconf 84' lang='grc' dir='ltr'>οῐας</span> <span class='ocrx_word' id='word_1_514' title='bbox 278 4281 585 4351; x_wconf 71' lang='grc' dir='ltr'>περιφορᾶς</span> <span class='ocrx_word' id='word_1_515' title='bbox 631 4280 711 4343; x_wconf 87' lang='grc' dir='ltr'>εἰς</span> <span class='ocrx_word' id='word_1_516' title='bbox 745 4278 865 4331; x_wconf 77' lang='grc' dir='ltr'>οἵαν</span> <span class='ocrx_word' id='word_1_517' title='bbox 895 4278 1230 4333; x_wconf 82' lang='grc' dir='ltr'>κατάστασιν</span> <span class='ocrx_word' id='word_1_518' title='bbox 1258 4280 1590 4349; x_wconf 76' lang='grc' dir='ltr'>μετα-σαίνει,</span> <span class='ocrx_word' id='word_1_519' title='bbox 1617 4282 1711 4335; x_wconf 73' lang='grc' dir='ltr'><strong>καὶ</strong></span> 
     </span>
    </p>
   </div>
   <div class='ocr_carea' id='block_1_74' title="bbox 156 4366 1711 4444">
    <p class='ocr_par' dir='ltr' id='par_1_74' title="bbox 156 4366 1711 4444">
     <span class='ocr_line' id='line_1_74' title="bbox 156 4366 1711 4444; baseline 0.005 -25"><span class='ocrx_word' id='word_1_520' title='bbox 156 4366 243 4421; x_wconf 79' lang='grc' dir='ltr'>οἷαι</span> <span class='ocrx_word' id='word_1_521' title='bbox 271 4372 362 4441; x_wconf 73' lang='grc' dir='ltr'>τὴν</span> <span class='ocrx_word' id='word_1_522' title='bbox 387 4372 677 4442; x_wconf 83' lang='grc' dir='ltr'>μακαρίαν</span> <span class='ocrx_word' id='word_1_523' title='bbox 712 4371 874 4425; x_wconf 75' lang='grc' dir='ltr'><strong>αὖτοῦ</strong></span> <span class='ocrx_word' id='word_1_524' title='bbox 903 4372 1082 4444; x_wconf 70' lang='grc' dir='ltr'>ψυχὴν</span> <span class='ocrx_word' id='word_1_525' title='bbox 1114 4373 1442 4437; x_wconf 78' lang='grc' dir='ltr'>ἀπολαύσεις</span> <span class='ocrx_word' id='word_1_526' title='bbox 1471 4375 1711 4438; x_wconf 75' lang='grc' dir='ltr'>ὲκδέξον-</span> 
     </span>
    </p>
   </div>
   <div class='ocr_carea' id='block_1_75' title="bbox 154 4464 1711 4533">
    <p class='ocr_par' dir='ltr' id='par_1_75' title="bbox 154 4464 1711 4533">
     <span class='ocr_line' id='line_1_75' title="bbox 154 4464 1711 4533; baseline 0.007 -21"><span class='ocrx_word' id='word_1_527' title='bbox 154 4477 252 4513; x_wconf 75' lang='grc' dir='ltr'>ταιο</span> <span class='ocrx_word' id='word_1_528' title='bbox 298 4466 359 4514; x_wconf 81' lang='grc' dir='ltr'>ἐκ</span> <span class='ocrx_word' id='word_1_529' title='bbox 398 4467 507 4533; x_wconf 77' lang='grc' dir='ltr'>γὰρ</span> <span class='ocrx_word' id='word_1_530' title='bbox 563 4464 678 4515; x_wconf 84' lang='grc' dir='ltr'>τῶν</span> <span class='ocrx_word' id='word_1_531' title='bbox 732 4464 909 4518; x_wconf 88' lang='grc' dir='ltr'>πόνων</span> <span class='ocrx_word' id='word_1_532' title='bbox 969 4466 1067 4529; x_wconf 86' lang='grc' dir='ltr'>τὰς</span> <span class='ocrx_word' id='word_1_533' title='bbox 1122 4468 1435 4533; x_wconf 79' lang='grc' dir='ltr'>ἀντιδόσεις,</span> <span class='ocrx_word' id='word_1_534' title='bbox 1483 4470 1545 4522; x_wconf 73' lang='grc' dir='ltr'>ἐκ</span> <span class='ocrx_word' id='word_1_535' title='bbox 1600 4468 1711 4523; x_wconf 77' lang='grc' dir='ltr'>τῶν</span> 
     </span>
    </p>
   </div>
   <div class='ocr_carea' id='block_1_76' title="bbox 1817 3270 3402 3344">
    <p class='ocr_par' dir='ltr' id='par_1_76' title="bbox 1817 3270 3402 3344">
     <span class='ocr_line' id='line_1_76' title="bbox 1817 3270 3402 3344; baseline 0.01 -23"><span class='ocrx_word' id='word_1_536' title='bbox 1817 3276 1931 3322; x_wconf 91' lang='lat' dir='ltr'><strong>tum</strong></span> <span class='ocrx_word' id='word_1_537' title='bbox 1967 3270 2324 3334; x_wconf 92' lang='lat' dir='ltr'><strong>medicorum,</strong></span> <span class='ocrx_word' id='word_1_538' title='bbox 2350 3280 2406 3326; x_wconf 93' lang='lat' dir='ltr'><strong>et</strong></span> <span class='ocrx_word' id='word_1_539' title='bbox 2429 3287 2642 3339; x_wconf 86' lang='lat' dir='ltr'><strong>eorum,</strong></span> <span class='ocrx_word' id='word_1_540' title='bbox 2672 3273 2877 3344; x_wconf 83' lang='lat' dir='ltr'><strong>quibus</strong></span> <span class='ocrx_word' id='word_1_541' title='bbox 2910 3288 3069 3332; x_wconf 87' lang='lat' dir='ltr'><strong>erant</strong></span> <span class='ocrx_word' id='word_1_542' title='bbox 3098 3280 3203 3334; x_wconf 87' lang='lat' dir='ltr'><strong>alia</strong></span> <span class='ocrx_word' id='word_1_543' title='bbox 3238 3296 3402 3336; x_wconf 88' lang='lat' dir='ltr'><strong>com-</strong></span> 
     </span>
    </p>
   </div>
   <div class='ocr_carea' id='block_1_77' title="bbox 1814 3363 3403 3431">
    <p class='ocr_par' dir='ltr' id='par_1_77' title="bbox 1814 3363 3403 3431">
     <span class='ocr_line' id='line_1_77' title="bbox 1814 3363 3403 3431; baseline 0.011 -16"><span class='ocrx_word' id='word_1_544' title='bbox 1814 3363 1977 3415; x_wconf 91' lang='lat' dir='ltr'><strong>missa</strong></span> <span class='ocrx_word' id='word_1_545' title='bbox 2009 3378 2260 3419; x_wconf 89' lang='lat' dir='ltr'><strong>munera.</strong></span> <span class='ocrx_word' id='word_1_546' title='bbox 2292 3368 2426 3419; x_wconf 79' lang='lat' dir='ltr'><strong>Cum</strong></span> <span class='ocrx_word' id='word_1_547' title='bbox 2452 3368 2653 3422; x_wconf 81' lang='lat' dir='ltr'><strong>multos</strong></span> <span class='ocrx_word' id='word_1_548' title='bbox 2681 3379 2865 3424; x_wconf 88' lang='lat' dir='ltr'><strong>autem</strong></span> <span class='ocrx_word' id='word_1_549' title='bbox 2902 3385 3078 3427; x_wconf 86' lang='lat' dir='ltr'><strong>annos</strong></span> <span class='ocrx_word' id='word_1_550' title='bbox 3111 3373 3191 3427; x_wconf 92' lang='lat' dir='ltr'><strong>sic</strong></span> <span class='ocrx_word' id='word_1_551' title='bbox 3221 3382 3403 3431; x_wconf 82' lang='lat' dir='ltr'><strong>trans-</strong></span> 
     </span>
    </p>
   </div>
   <div class='ocr_carea' id='block_1_78' title="bbox 1812 3454 3405 3532">
    <p class='ocr_par' dir='ltr' id='par_1_78' title="bbox 1812 3454 3405 3532">
     <span class='ocr_line' id='line_1_78' title="bbox 1812 3454 3405 3532; baseline 0.007 -25"><span class='ocrx_word' id='word_1_552' title='bbox 1812 3454 2013 3523; x_wconf 86' lang='lat' dir='ltr'><strong>egisset</strong></span> <span class='ocrx_word' id='word_1_553' title='bbox 2042 3454 2118 3523; x_wconf 85' lang='lat'><strong>(6)</strong></span> <span class='ocrx_word' id='word_1_554' title='bbox 2144 3455 2232 3509; x_wconf 90' lang='lat' dir='ltr'><strong>ille</strong></span> <span class='ocrx_word' id='word_1_555' title='bbox 2264 3456 2461 3511; x_wconf 85' lang='lat' dir='ltr'><strong>Beatus</strong></span> <span class='ocrx_word' id='word_1_556' title='bbox 2492 3458 2545 3511; x_wconf 92' lang='lat' dir='ltr'><strong>in</strong></span> <span class='ocrx_word' id='word_1_557' title='bbox 2600 3472 2731 3512; x_wconf 86' lang='lat' dir='ltr'><strong>cura</strong></span> <span class='ocrx_word' id='word_1_558' title='bbox 2767 3460 3004 3527; x_wconf 82' lang='lat' dir='ltr'><strong>gerenda</strong></span> <span class='ocrx_word' id='word_1_559' title='bbox 3038 3474 3405 3532; x_wconf 72' lang='lat' dir='ltr'><strong>aegrotorum,</strong></span> 
     </span>
    </p>
   </div>
   <div class='ocr_carea' id='block_1_79' title="bbox 1815 3546 3401 3621">
    <p class='ocr_par' dir='ltr' id='par_1_79' title="bbox 1815 3546 3401 3621">
     <span class='ocr_line' id='line_1_79' title="bbox 1815 3546 3401 3621; baseline 0.006 -19"><span class='ocrx_word' id='word_1_560' title='bbox 1815 3546 1884 3602; x_wconf 90' lang='lat' dir='ltr'><strong>de</strong></span> <span class='ocrx_word' id='word_1_561' title='bbox 1906 3548 2110 3617; x_wconf 88' lang='lat' dir='ltr'><strong>quibus</strong></span> <span class='ocrx_word' id='word_1_562' title='bbox 2140 3548 2398 3602; x_wconf 87' lang='lat' dir='ltr'><strong>omnibus</strong></span> <span class='ocrx_word' id='word_1_563' title='bbox 2437 3557 2557 3602; x_wconf 88' lang='lat' dir='ltr'><strong>erat</strong></span> <span class='ocrx_word' id='word_1_564' title='bbox 2602 3549 2777 3604; x_wconf 90' lang='lat' dir='ltr'><strong>instar</strong></span> <span class='ocrx_word' id='word_1_565' title='bbox 2809 3552 2984 3620; x_wconf 84' lang='lat' dir='ltr'><strong>patris</strong></span> <span class='ocrx_word' id='word_1_566' title='bbox 3025 3553 3314 3621; x_wconf 79' lang='lat' dir='ltr'><strong>sollicitus,</strong></span> <span class='ocrx_word' id='word_1_567' title='bbox 3342 3566 3401 3611; x_wconf 89' lang='lat' dir='ltr'><strong>et</strong></span> 
     </span>
    </p>
   </div>
   <div class='ocr_carea' id='block_1_80' title="bbox 1810 3638 3400 3715">
    <p class='ocr_par' dir='ltr' id='par_1_80' title="bbox 1810 3638 3400 3715">
     <span class='ocr_line' id='line_1_80' title="bbox 1810 3638 3400 3715; baseline 0.005 -23"><span class='ocrx_word' id='word_1_568' title='bbox 1810 3641 1923 3711; x_wconf 88' lang='lat' dir='ltr'><strong>jam</strong></span> <span class='ocrx_word' id='word_1_569' title='bbox 1975 3639 2040 3693; x_wconf 88' lang='lat' dir='ltr'><strong>ad</strong></span> <span class='ocrx_word' id='word_1_570' title='bbox 2083 3653 2303 3709; x_wconf 83' lang='lat' dir='ltr'><strong>gravem</strong></span> <span class='ocrx_word' id='word_1_571' title='bbox 2354 3638 2675 3695; x_wconf 84' lang='lat' dir='ltr'><strong>devenisset</strong></span> <span class='ocrx_word' id='word_1_572' title='bbox 2726 3652 3089 3707; x_wconf 85' lang='lat' dir='ltr'><strong>senectutem,</strong></span> <span class='ocrx_word' id='word_1_573' title='bbox 3113 3652 3171 3699; x_wconf 87' lang='lat' dir='ltr'><strong>et</strong></span> <span class='ocrx_word' id='word_1_574' title='bbox 3198 3657 3400 3715; x_wconf 76' lang='lat' dir='ltr'><strong>corpus</strong></span> 
     </span>
    </p>
   </div>
   <div class='ocr_carea' id='block_1_81' title="bbox 1817 3732 3398 3805">
    <p class='ocr_par' dir='ltr' id='par_1_81' title="bbox 1817 3732 3398 3805">
     <span class='ocr_line' id='line_1_81' title="bbox 1817 3732 3398 3805; baseline 0.002 -19"><span class='ocrx_word' id='word_1_575' title='bbox 1817 3732 2158 3789; x_wconf 81' lang='lat' dir='ltr'><strong>imbecillum</strong></span> <span class='ocrx_word' id='word_1_576' title='bbox 2203 3734 2253 3787; x_wconf 90' lang='lat' dir='ltr'><strong>ei</strong></span> <span class='ocrx_word' id='word_1_577' title='bbox 2303 3741 2538 3788; x_wconf 89' lang='lat' dir='ltr'><strong>mortem</strong></span> <span class='ocrx_word' id='word_1_578' title='bbox 2568 3733 2883 3803; x_wconf 81' lang='lat' dir='ltr'><strong>parturiret,</strong></span> <span class='ocrx_word' id='word_1_579' title='bbox 2942 3750 3135 3803; x_wconf 88' lang='lat' dir='ltr'><strong>parum</strong></span> <span class='ocrx_word' id='word_1_580' title='bbox 3167 3736 3398 3805; x_wconf 80' lang='lat' dir='ltr'><strong>quidem</strong></span> 
     </span>
    </p>
   </div>
   <div class='ocr_carea' id='block_1_82' title="bbox 1815 3823 3400 3895">
    <p class='ocr_par' dir='ltr' id='par_1_82' title="bbox 1815 3823 3400 3895">
     <span class='ocr_line' id='line_1_82' title="bbox 1815 3823 3400 3895; baseline 0.004 -18"><span class='ocrx_word' id='word_1_581' title='bbox 1815 3828 2064 3893; x_wconf 68' lang='lat' dir='ltr'><strong>aegrotat,</strong></span> <span class='ocrx_word' id='word_1_582' title='bbox 2097 3833 2154 3877; x_wconf 88' lang='lat' dir='ltr'><strong>et</strong></span> <span class='ocrx_word' id='word_1_583' title='bbox 2184 3823 2329 3892; x_wconf 90' lang='lat' dir='ltr'><strong>quod</strong></span> <span class='ocrx_word' id='word_1_584' title='bbox 2364 3836 2546 3893; x_wconf 85' lang='lat' dir='ltr'><strong>posset</strong></span> <span class='ocrx_word' id='word_1_585' title='bbox 2573 3826 2790 3882; x_wconf 90' lang='lat' dir='ltr'><strong>ostendi</strong></span> <span class='ocrx_word' id='word_1_586' title='bbox 2811 3841 2932 3882; x_wconf 86' lang='lat' dir='ltr'><strong>esse</strong></span> <span class='ocrx_word' id='word_1_587' title='bbox 2968 3830 3301 3895; x_wconf 76' lang='lat' dir='ltr'><strong>prommium</strong></span> <span class='ocrx_word' id='word_1_588' title='bbox 3342 3840 3400 3884; x_wconf 85' lang='lat' dir='ltr'><strong>et</strong></span> 
     </span>
    </p>
   </div>
   <div class='ocr_carea' id='block_1_83' title="bbox 1816 3916 3399 3989">
    <p class='ocr_par' dir='ltr' id='par_1_83' title="bbox 1816 3916 3399 3989">
     <span class='ocr_line' id='line_1_83' title="bbox 1816 3916 3399 3989; baseline 0.003 -18"><span class='ocrx_word' id='word_1_589' title='bbox 1816 3916 2032 3972; x_wconf 84' lang='lat' dir='ltr'><strong>occasio</strong></span> <span class='ocrx_word' id='word_1_590' title='bbox 2068 3916 2281 3969; x_wconf 85' lang='lat' dir='ltr'><strong>mortis.</strong></span> <span class='ocrx_word' id='word_1_591' title='bbox 2320 3916 2553 3970; x_wconf 81' lang='lat' dir='ltr'><strong>Moritur</strong></span> <span class='ocrx_word' id='word_1_592' title='bbox 2599 3927 2782 3971; x_wconf 87' lang='lat' dir='ltr'><strong>autem</strong></span> <span class='ocrx_word' id='word_1_593' title='bbox 2814 3934 2922 3971; x_wconf 91' lang='lat' dir='ltr'><strong>non</strong></span> <span class='ocrx_word' id='word_1_594' title='bbox 2970 3921 3173 3983; x_wconf 86' lang='lat' dir='ltr'><strong>tristis,</strong></span> <span class='ocrx_word' id='word_1_595' title='bbox 3218 3936 3399 3989; x_wconf 88' lang='lat' dir='ltr'><strong>neque</strong></span> 
     </span>
    </p>
   </div>
   <div class='ocr_carea' id='block_1_84' title="bbox 1818 4008 3402 4079">
    <p class='ocr_par' dir='ltr' id='par_1_84' title="bbox 1818 4008 3402 4079">
     <span class='ocr_line' id='line_1_84' title="bbox 1818 4008 3402 4079; baseline 0.002 -17"><span class='ocrx_word' id='word_1_596' title='bbox 1818 4008 2056 4079; x_wconf 75' lang='lat' dir='ltr'><strong>graviter</strong></span> <span class='ocrx_word' id='word_1_597' title='bbox 2079 4017 2133 4064; x_wconf 92' lang='lat' dir='ltr'><strong>et</strong></span> <span class='ocrx_word' id='word_1_598' title='bbox 2159 4023 2300 4079; x_wconf 63' lang='grc' dir='ltr'>πει-ο</span> <span class='ocrx_word' id='word_1_599' title='bbox 2337 4008 2518 4064; x_wconf 80' lang='lat' dir='ltr'><strong>ferens</strong></span> <span class='ocrx_word' id='word_1_600' title='bbox 2548 4008 2857 4073; x_wconf 83' lang='lat' dir='ltr'><strong>decessum,</strong></span> <span class='ocrx_word' id='word_1_601' title='bbox 2892 4019 2954 4063; x_wconf 90' lang='lat' dir='ltr'><strong>ut</strong></span> <span class='ocrx_word' id='word_1_602' title='bbox 2994 4010 3175 4064; x_wconf 88' lang='lat' dir='ltr'><strong>solent</strong></span> <span class='ocrx_word' id='word_1_603' title='bbox 3201 4013 3402 4066; x_wconf 69' lang='lat' dir='ltr'><strong>anima</strong></span> 
     </span>
    </p>
   </div>
   <div class='ocr_carea' id='block_1_85' title="bbox 1819 4102 3405 4171">
    <p class='ocr_par' dir='ltr' id='par_1_85' title="bbox 1819 4102 3405 4171">
     <span class='ocr_line' id='line_1_85' title="bbox 1819 4102 3405 4171; baseline 0.004 -18"><span class='ocrx_word' id='word_1_604' title='bbox 1819 4116 1940 4171; x_wconf 74' lang='lat' dir='ltr'><strong>qua:</strong></span> <span class='ocrx_word' id='word_1_605' title='bbox 1970 4102 2220 4170; x_wconf 79' lang='lat' dir='ltr'><strong>corporis</strong></span> <span class='ocrx_word' id='word_1_606' title='bbox 2247 4112 2304 4157; x_wconf 90' lang='lat' dir='ltr'><strong>et</strong></span> <span class='ocrx_word' id='word_1_607' title='bbox 2333 4102 2520 4157; x_wconf 92' lang='lat' dir='ltr'><strong>mundi</strong></span> <span class='ocrx_word' id='word_1_608' title='bbox 2553 4104 2724 4157; x_wconf 88' lang='lat' dir='ltr'><strong>nimio</strong></span> <span class='ocrx_word' id='word_1_609' title='bbox 2755 4112 3011 4158; x_wconf 91' lang='lat' dir='ltr'><strong>tenentur</strong></span> <span class='ocrx_word' id='word_1_610' title='bbox 3038 4118 3224 4159; x_wconf 86' lang='lat' dir='ltr'><strong>amore</strong></span> <span class='ocrx_word' id='word_1_611' title='bbox 3253 4120 3267 4159; x_wconf 89' lang='lat'><strong>:</strong></span> <span class='ocrx_word' id='word_1_612' title='bbox 3302 4106 3405 4159; x_wconf 85' lang='lat' dir='ltr'><strong>sed</strong></span> 
     </span>
    </p>
   </div>
   <div class='ocr_carea' id='block_1_86' title="bbox 1818 4193 3407 4263">
    <p class='ocr_par' dir='ltr' id='par_1_86' title="bbox 1818 4193 3407 4263">
     <span class='ocr_line' id='line_1_86' title="bbox 1818 4193 3407 4263; baseline 0.004 -19"><span class='ocrx_word' id='word_1_613' title='bbox 1818 4193 2029 4261; x_wconf 86' lang='lat' dir='ltr'><strong>placide</strong></span> <span class='ocrx_word' id='word_1_614' title='bbox 2062 4206 2118 4247; x_wconf 87' lang='lat' dir='ltr'><strong>et</strong></span> <span class='ocrx_word' id='word_1_615' title='bbox 2167 4195 2436 4257; x_wconf 73' lang='lat' dir='ltr'><strong>hilariter,</strong></span> <span class='ocrx_word' id='word_1_616' title='bbox 2491 4203 2550 4248; x_wconf 93' lang='lat' dir='ltr'><strong>ut</strong></span> <span class='ocrx_word' id='word_1_617' title='bbox 2608 4194 2699 4262; x_wconf 92' lang='lat' dir='ltr'><strong>qui</strong></span> <span class='ocrx_word' id='word_1_618' title='bbox 2748 4194 2978 4262; x_wconf 84' lang='lat' dir='ltr'><strong>pulchre</strong></span> <span class='ocrx_word' id='word_1_619' title='bbox 3023 4196 3189 4247; x_wconf 87' lang='lat' dir='ltr'><strong>sciret</strong></span> <span class='ocrx_word' id='word_1_620' title='bbox 3226 4209 3254 4247; x_wconf 79' lang='grc' dir='ltr'><strong>ιι</strong></span> <span class='ocrx_word' id='word_1_621' title='bbox 3288 4208 3407 4263; x_wconf 67' lang='lat' dir='ltr'><strong>quo</strong></span> 
     </span>
    </p>
   </div>
   <div class='ocr_carea' id='block_1_87' title="bbox 1816 4285 3403 4354">
    <p class='ocr_par' dir='ltr' id='par_1_87' title="bbox 1816 4285 3403 4354">
     <span class='ocr_line' id='line_1_87' title="bbox 1816 4285 3403 4354; baseline 0.001 -17"><span class='ocrx_word' id='word_1_622' title='bbox 1816 4294 2127 4350; x_wconf 77' lang='lat' dir='ltr'><strong>vocaretur,</strong></span> <span class='ocrx_word' id='word_1_623' title='bbox 2150 4294 2203 4339; x_wconf 90' lang='lat' dir='ltr'><strong>et</strong></span> <span class='ocrx_word' id='word_1_624' title='bbox 2240 4302 2269 4338; x_wconf 73' lang='grc' dir='ltr'><strong>ει</strong></span> <span class='ocrx_word' id='word_1_625' title='bbox 2301 4301 2407 4354; x_wconf 89' lang='lat' dir='ltr'><strong>qua</strong></span> <span class='ocrx_word' id='word_1_626' title='bbox 2456 4285 2870 4354; x_wconf 86' lang='lat' dir='ltr'><strong>perturbatione</strong></span> <span class='ocrx_word' id='word_1_627' title='bbox 2920 4285 2985 4338; x_wconf 87' lang='lat' dir='ltr'><strong>ad</strong></span> <span class='ocrx_word' id='word_1_628' title='bbox 3024 4300 3187 4354; x_wconf 88' lang='lat' dir='ltr'><strong>quam</strong></span> <span class='ocrx_word' id='word_1_629' title='bbox 3222 4295 3403 4339; x_wconf 84' lang='lat' dir='ltr'><strong>trans-</strong></span> 
     </span>
    </p>
   </div>
   <div class='ocr_carea' id='block_1_88' title="bbox 1818 4377 3403 4447">
    <p class='ocr_par' dir='ltr' id='par_1_88' title="bbox 1818 4377 3403 4447">
     <span class='ocr_line' id='line_1_88' title="bbox 1818 4377 3403 4447; baseline -0.002 -14"><span class='ocrx_word' id='word_1_630' title='bbox 1818 4377 1926 4434; x_wconf 89' lang='lat' dir='ltr'><strong>iret</strong></span> <span class='ocrx_word' id='word_1_631' title='bbox 1986 4378 2254 4447; x_wconf 87' lang='lat' dir='ltr'><strong>requiem,</strong></span> <span class='ocrx_word' id='word_1_632' title='bbox 2280 4387 2337 4431; x_wconf 91' lang='lat' dir='ltr'><strong>et</strong></span> <span class='ocrx_word' id='word_1_633' title='bbox 2361 4384 2579 4446; x_wconf 63' lang='lat' dir='ltr'><strong>quantae</strong></span> <span class='ocrx_word' id='word_1_634' title='bbox 2614 4377 2924 4447; x_wconf 83' lang='lat' dir='ltr'><strong>voluptates</strong></span> <span class='ocrx_word' id='word_1_635' title='bbox 2962 4385 3149 4432; x_wconf 86' lang='lat' dir='ltr'><strong>essent</strong></span> <span class='ocrx_word' id='word_1_636' title='bbox 3178 4377 3403 4431; x_wconf 79' lang='lat' dir='ltr'><strong>beatam</strong></span> 
     </span>
    </p>
   </div>
   <div class='ocr_carea' id='block_1_89' title="bbox 1819 4469 3397 4539">
    <p class='ocr_par' dir='ltr' id='par_1_89' title="bbox 1819 4469 3397 4539">
     <span class='ocr_line' id='line_1_89' title="bbox 1819 4469 3397 4539; baseline -0.003 -13"><span class='ocrx_word' id='word_1_637' title='bbox 1819 4472 1938 4538; x_wconf 86' lang='lat' dir='ltr'><strong>ejus</strong></span> <span class='ocrx_word' id='word_1_638' title='bbox 1973 4473 2209 4524; x_wconf 86' lang='lat' dir='ltr'><strong>animam</strong></span> <span class='ocrx_word' id='word_1_639' title='bbox 2240 4482 2574 4539; x_wconf 61' lang='lat' dir='ltr'><strong>exceptura.</strong></span> <span class='ocrx_word' id='word_1_640' title='bbox 2611 4469 2687 4523; x_wconf 79' lang='grc' dir='ltr'><strong>Ει</strong></span> <span class='ocrx_word' id='word_1_641' title='bbox 2716 4469 3003 4523; x_wconf 88' lang='lat' dir='ltr'><strong>laboribus</strong></span> <span class='ocrx_word' id='word_1_642' title='bbox 3032 4470 3179 4524; x_wconf 89' lang='lat' dir='ltr'><strong>enim</strong></span> <span class='ocrx_word' id='word_1_643' title='bbox 3209 4484 3397 4524; x_wconf 87' lang='lat' dir='ltr'><strong>remu—</strong></span> 
     </span>
    </p>
   </div>
   <div class='ocr_carea' id='block_1_90' title="bbox 158 4554 1710 4632">
    <p class='ocr_par' dir='ltr' id='par_1_90' title="bbox 158 4554 1710 4632">
     <span class='ocr_line' id='line_1_90' title="bbox 158 4554 1710 4632; baseline 0.008 -29"><span class='ocrx_word' id='word_1_644' title='bbox 158 4556 459 4622; x_wconf 80' lang='grc' dir='ltr'>σττερμάτων</span> <span class='ocrx_word' id='word_1_645' title='bbox 500 4571 561 4606; x_wconf 84' lang='grc' dir='ltr'><strong>τε</strong></span> <span class='ocrx_word' id='word_1_646' title='bbox 602 4554 721 4623; x_wconf 69' lang='grc' dir='ltr'>ᾔδει</span> <span class='ocrx_word' id='word_1_647' title='bbox 761 4556 856 4607; x_wconf 85' lang='grc' dir='ltr'>καὶ</span> <span class='ocrx_word' id='word_1_648' title='bbox 892 4557 1017 4619; x_wconf 78' lang='grc' dir='ltr'>τοὺς</span> <span class='ocrx_word' id='word_1_649' title='bbox 1046 4558 1313 4627; x_wconf 78' lang='grc' dir='ltr'>καρπούς.</span> <span class='ocrx_word' id='word_1_650' title='bbox 1377 4561 1424 4612; x_wconf 76' lang='grc' dir='ltr'>Η</span> <span class='ocrx_word' id='word_1_651' title='bbox 1474 4561 1573 4632; x_wconf 80' lang='grc' dir='ltr'>μὲν</span> <span class='ocrx_word' id='word_1_652' title='bbox 1620 4562 1710 4616; x_wconf 80' lang='grc' dir='ltr'><strong>οὖν</strong></span> 
     </span>
    </p>
   </div>
   <div class='ocr_carea' id='block_1_91' title="bbox 1818 4554 3407 4632">
    <p class='ocr_par' dir='ltr' id='par_1_91' title="bbox 1819 4562 3407 4631">
     <span class='ocr_line' id='line_1_91' title="bbox 1819 4562 3407 4631; baseline -0.003 -12"><span class='ocrx_word' id='word_1_653' title='bbox 1819 4564 2151 4625; x_wconf 87' lang='lat' dir='ltr'><strong>nerationes,</strong></span> <span class='ocrx_word' id='word_1_654' title='bbox 2186 4571 2241 4616; x_wconf 89' lang='lat' dir='ltr'><strong>et</strong></span> <span class='ocrx_word' id='word_1_655' title='bbox 2268 4562 2483 4615; x_wconf 80' lang='lat' dir='ltr'><strong>fructus</strong></span> <span class='ocrx_word' id='word_1_656' title='bbox 2505 4572 2732 4615; x_wconf 77' lang='lat' dir='ltr'><strong>noverat</strong></span> <span class='ocrx_word' id='word_1_657' title='bbox 2764 4577 2834 4615; x_wconf 71' lang='lat' dir='ltr'><strong>ex</strong></span> <span class='ocrx_word' id='word_1_658' title='bbox 2866 4562 3192 4615; x_wconf 79' lang='lat' dir='ltr'><strong>seminibus.</strong></span> <span class='ocrx_word' id='word_1_659' title='bbox 3220 4564 3407 4631; x_wconf 78' lang='lat' dir='ltr'><strong>Atque</strong></span> 
     </span>
    </p>
   </div>
   <div class='ocr_carea' id='block_1_92' title="bbox 154 4644 1712 4725">
    <p class='ocr_par' dir='ltr' id='par_1_92' title="bbox 154 4644 1712 4725">
     <span class='ocr_line' id='line_1_92' title="bbox 154 4644 1712 4725; baseline 0.008 -29"><span class='ocrx_word' id='word_1_660' title='bbox 154 4645 365 4709; x_wconf 76' lang='grc' dir='ltr'>ὰξιόϐεος</span> <span class='ocrx_word' id='word_1_661' title='bbox 396 4644 621 4697; x_wconf 77' lang='grc' dir='ltr'>ἐκείνου</span> <span class='ocrx_word' id='word_1_662' title='bbox 653 4644 870 4715; x_wconf 72' lang='grc' dir='ltr'>καθαρὰ</span> <span class='ocrx_word' id='word_1_663' title='bbox 900 4648 1047 4720; x_wconf 75' lang='grc' dir='ltr'><strong>ψυχὴ</strong></span> <span class='ocrx_word' id='word_1_664' title='bbox 1080 4650 1216 4722; x_wconf 71' lang='grc' dir='ltr'>πρὸς</span> <span class='ocrx_word' id='word_1_665' title='bbox 1247 4651 1529 4723; x_wconf 82' lang='grc' dir='ltr'>οὐρανίους</span> <span class='ocrx_word' id='word_1_666' title='bbox 1558 4657 1712 4725; x_wconf 78' lang='grc' dir='ltr'>οἰκήο</span> 
     </span>
    </p>
   </div>
   <div class='ocr_carea' id='block_1_93' title="bbox 158 4735 1707 4813">
    <p class='ocr_par' dir='ltr' id='par_1_93' title="bbox 158 4735 1707 4813">
     <span class='ocr_line' id='line_1_93' title="bbox 158 4735 1707 4813; baseline 0.006 -28"><span class='ocrx_word' id='word_1_667' title='bbox 158 4751 249 4797; x_wconf 67' lang='lat' dir='ltr'><strong>an;</strong></span> <span class='ocrx_word' id='word_1_668' title='bbox 299 4736 733 4808; x_wconf 69' lang='grc' dir='ltr'>μεταφοιτᾷ·τδ</span> <span class='ocrx_word' id='word_1_669' title='bbox 762 4735 819 4789; x_wconf 67' lang='grc' dir='ltr'>δὲ</span> <span class='ocrx_word' id='word_1_670' title='bbox 864 4737 1007 4808; x_wconf 70' lang='grc' dir='ltr'>ἱερὸν</span> <span class='ocrx_word' id='word_1_671' title='bbox 1060 4741 1224 4810; x_wconf 82' lang='grc' dir='ltr'>σῶμα</span> <span class='ocrx_word' id='word_1_672' title='bbox 1276 4745 1369 4796; x_wconf 74' lang='grc' dir='ltr'><strong>καὶ</strong></span> <span class='ocrx_word' id='word_1_673' title='bbox 1420 4744 1573 4813; x_wconf 78' lang='grc' dir='ltr'>ἅγιον</span> <span class='ocrx_word' id='word_1_674' title='bbox 1630 4745 1707 4813; x_wconf 82' lang='grc' dir='ltr'><strong>τῷ</strong></span> 
     </span>
    </p>
   </div>
   <div class='ocr_carea' id='block_1_94' title="bbox 214 4923 1714 4994">
    <p class='ocr_par' dir='ltr' id='par_1_94' title="bbox 214 4923 1714 4994">
     <span class='ocr_line' id='line_1_94' title="bbox 214 4923 1714 4994; baseline -0.003 -11"><span class='ocrx_word' id='word_1_675' title='bbox 214 4924 277 4989; x_wconf 68' lang='grc' dir='ltr'><strong>(ί)</strong></span> <span class='ocrx_word' id='word_1_676' title='bbox 305 4928 429 4983; x_wconf 80' lang='lat' dir='ltr'><strong>Erat</strong></span> <span class='ocrx_word' id='word_1_677' title='bbox 455 4929 566 4981; x_wconf 89' lang='lat' dir='ltr'><strong>hoc</strong></span> <span class='ocrx_word' id='word_1_678' title='bbox 603 4923 1034 4994; x_wconf 73' lang='lat' dir='ltr'><strong>xenodoehium,</strong></span> <span class='ocrx_word' id='word_1_679' title='bbox 1066 4934 1127 4979; x_wconf 91' lang='lat' dir='ltr'><strong>ut</strong></span> <span class='ocrx_word' id='word_1_680' title='bbox 1172 4923 1339 4979; x_wconf 84' lang='lat' dir='ltr'><strong>habet</strong></span> <span class='ocrx_word' id='word_1_681' title='bbox 1377 4923 1620 4994; x_wconf 79' lang='lat' dir='ltr'><strong>Cangius</strong></span> <span class='ocrx_word' id='word_1_682' title='bbox 1659 4926 1714 4979; x_wconf 90' lang='lat' dir='ltr'><strong>in</strong></span> 
     </span>
    </p>
   </div>
   <div class='ocr_carea' id='block_1_95' title="bbox 156 4990 1717 5064">
    <p class='ocr_par' dir='ltr' id='par_1_95' title="bbox 156 4990 1717 5064">
     <span class='ocr_line' id='line_1_95' title="bbox 156 4990 1717 5064; baseline 0.003 -19"><span class='ocrx_word' id='word_1_683' title='bbox 156 4992 612 5064; x_wconf 66' lang='lat' dir='ltr'><strong>(l_oustantinolmli</strong></span> <span class='ocrx_word' id='word_1_684' title='bbox 653 4990 963 5048; x_wconf 70' lang='lat' dir='ltr'><strong>Christiana</strong></span> <span class='ocrx_word' id='word_1_685' title='bbox 994 4993 1087 5064; x_wconf 88' lang='lat' dir='ltr'><strong>lib.</strong></span> <span class='ocrx_word' id='word_1_686' title='bbox 1124 5010 1196 5059; x_wconf 84' lang='lat' dir='ltr'><strong>Iv,</strong></span> <span class='ocrx_word' id='word_1_687' title='bbox 1230 4996 1372 5049; x_wconf 88' lang='lat' dir='ltr'><strong>inter</strong></span> <span class='ocrx_word' id='word_1_688' title='bbox 1402 4990 1577 5049; x_wconf 63' lang='lat' dir='ltr'><strong>ardent</strong></span> <span class='ocrx_word' id='word_1_689' title='bbox 1619 4996 1717 5049; x_wconf 89' lang='lat' dir='ltr'><strong>So-</strong></span> 
     </span>
    </p>
   </div>
   <div class='ocr_carea' id='block_1_96' title="bbox 158 5058 1719 5127">
    <p class='ocr_par' dir='ltr' id='par_1_96' title="bbox 158 5058 1719 5127">
     <span class='ocr_line' id='line_1_96' title="bbox 158 5058 1719 5127; baseline 0.001 -11"><span class='ocrx_word' id='word_1_690' title='bbox 158 5058 383 5127; x_wconf 80' lang='lat' dir='ltr'><strong>phianatn</strong></span> <span class='ocrx_word' id='word_1_691' title='bbox 430 5058 701 5119; x_wconf 52' lang='lat' dir='ltr'><strong>et&#39;milem</strong></span> <span class='ocrx_word' id='word_1_692' title='bbox 751 5064 954 5115; x_wconf 82' lang='lat' dir='ltr'><strong>lrenes.</strong></span> <span class='ocrx_word' id='word_1_693' title='bbox 993 5063 1079 5123; x_wconf 78' lang='lat' dir='ltr'><strong>Et,</strong></span> <span class='ocrx_word' id='word_1_694' title='bbox 1126 5058 1189 5116; x_wconf 88' lang='lat' dir='ltr'><strong>ut</strong></span> <span class='ocrx_word' id='word_1_695' title='bbox 1234 5067 1435 5120; x_wconf 86' lang='lat' dir='ltr'><strong>ibidem</strong></span> <span class='ocrx_word' id='word_1_696' title='bbox 1468 5067 1537 5119; x_wconf 88' lang='lat' dir='ltr'><strong>ait</strong></span> <span class='ocrx_word' id='word_1_697' title='bbox 1578 5064 1719 5118; x_wconf 88' lang='lat' dir='ltr'><strong>Can-</strong></span> 
     </span>
    </p>
   </div>
   <div class='ocr_carea' id='block_1_97' title="bbox 158 5131 1715 5204">
    <p class='ocr_par' dir='ltr' id='par_1_97' title="bbox 158 5131 1715 5204">
     <span class='ocr_line' id='line_1_97' title="bbox 158 5131 1715 5204; baseline 0.004 -23"><span class='ocrx_word' id='word_1_698' title='bbox 158 5150 273 5197; x_wconf 67' lang='lat' dir='ltr'><strong>gms,</strong></span> <span class='ocrx_word' id='word_1_699' title='bbox 297 5145 472 5189; x_wconf 70' lang='lat' dir='ltr'><strong>exstat</strong></span> <span class='ocrx_word' id='word_1_700' title='bbox 502 5131 749 5204; x_wconf 74' lang='lat' dir='ltr'><strong>Epistula</strong></span> <span class='ocrx_word' id='word_1_701' title='bbox 775 5132 1081 5195; x_wconf 79' lang='lat' dir='ltr'><strong>Innocentii</strong></span> <span class='ocrx_word' id='word_1_702' title='bbox 1108 5131 1170 5185; x_wconf 94' lang='grc' dir='ltr'><strong>ΙΙΙ</strong></span> <span class='ocrx_word' id='word_1_703' title='bbox 1191 5134 1473 5190; x_wconf 82' lang='lat' dir='ltr'><strong>Pontiﬁcis</strong></span> <span class='ocrx_word' id='word_1_704' title='bbox 1494 5137 1715 5198; x_wconf 79' lang='lat' dir='ltr'><strong>lib.xut,</strong></span> 
     </span>
    </p>
   </div>
   <div class='ocr_carea' id='block_1_98' title="bbox 157 5204 1719 5275">
    <p class='ocr_par' dir='ltr' id='par_1_98' title="bbox 157 5204 1719 5275">
     <span class='ocr_line' id='line_1_98' title="bbox 157 5204 1719 5275; baseline 0.004 -24"><span class='ocrx_word' id='word_1_705' title='bbox 157 5210 291 5275; x_wconf 68' lang='grc' dir='ltr'>ιιιιιει.</span> <span class='ocrx_word' id='word_1_706' title='bbox 350 5209 434 5272; x_wconf 82' lang='lat' dir='ltr'><strong>t7,</strong></span> <span class='ocrx_word' id='word_1_707' title='bbox 468 5222 579 5275; x_wconf 87' lang='lat' dir='ltr'><strong>qua</strong></span> <span class='ocrx_word' id='word_1_708' title='bbox 634 5204 932 5275; x_wconf 69' lang='lat' dir='ltr'><strong>conﬁrmat</strong></span> <span class='ocrx_word' id='word_1_709' title='bbox 971 5207 1291 5271; x_wconf 62' lang='lat' dir='ltr'><strong>prmeeptori</strong></span> <span class='ocrx_word' id='word_1_710' title='bbox 1331 5217 1387 5257; x_wconf 89' lang='lat' dir='ltr'><strong>et</strong></span> <span class='ocrx_word' id='word_1_711' title='bbox 1437 5207 1719 5259; x_wconf 84' lang='lat' dir='ltr'><strong>Fratribus</strong></span> 
     </span>
    </p>
   </div>
   <div class='ocr_carea' id='block_1_99' title="bbox 160 5272 1717 5343">
    <p class='ocr_par' dir='ltr' id='par_1_99' title="bbox 160 5272 1717 5343">
     <span class='ocr_line' id='line_1_99' title="bbox 160 5272 1717 5343; baseline 0.004 -22"><span class='ocrx_word' id='word_1_712' title='bbox 160 5272 416 5342; x_wconf 56' lang='lat' dir='ltr'><strong>hospitalis</strong></span> <span class='ocrx_word' id='word_1_713' title='bbox 444 5272 501 5329; x_wconf 61' lang='lat' dir='ltr'><strong>SI</strong></span> <span class='ocrx_word' id='word_1_714' title='bbox 534 5272 1489 5343; x_wconf 36' lang='lat' dir='ltr'><strong>SampsonisAConstantinOpolitani</strong></span> <span class='ocrx_word' id='word_1_715' title='bbox 1540 5276 1717 5328; x_wconf 82' lang='lat' dir='ltr'><strong>dona-</strong></span> 
     </span>
    </p>
   </div>
   <div class='ocr_carea' id='block_1_100' title="bbox 159 5339 1716 5415">
    <p class='ocr_par' dir='ltr' id='par_1_100' title="bbox 159 5339 1716 5415">
     <span class='ocr_line' id='line_1_100' title="bbox 159 5339 1716 5415; baseline 0.003 -23"><span class='ocrx_word' id='word_1_716' title='bbox 159 5339 334 5397; x_wconf 50' lang='lat' dir='ltr'><strong>tionem</strong></span> <span class='ocrx_word' id='word_1_717' title='bbox 367 5346 634 5407; x_wconf 81' lang='lat' dir='ltr'><strong>cancelli,</strong></span> <span class='ocrx_word' id='word_1_718' title='bbox 663 5339 811 5411; x_wconf 75' lang='lat' dir='ltr'><strong>Quod</strong></span> <span class='ocrx_word' id='word_1_719' title='bbox 852 5339 1463 5415; x_wconf 20' lang='lat' dir='ltr'><strong>Corelisinuncupatur,</strong></span> <span class='ocrx_word' id='word_1_720' title='bbox 1513 5346 1716 5398; x_wconf 80' lang='lat' dir='ltr'><strong>factmn</strong></span> 
     </span>
    </p>
   </div>
   <div class='ocr_carea' id='block_1_101' title="bbox 159 5411 1715 5481">
    <p class='ocr_par' dir='ltr' id='par_1_101' title="bbox 159 5411 1715 5481">
     <span class='ocr_line' id='line_1_101' title="bbox 159 5411 1715 5481; baseline 0.006 -20"><span class='ocrx_word' id='word_1_721' title='bbox 159 5415 212 5463; x_wconf 79' lang='lat' dir='ltr'><strong>ab</strong></span> <span class='ocrx_word' id='word_1_722' title='bbox 252 5416 476 5469; x_wconf 76' lang='lat' dir='ltr'><strong>Henrico</strong></span> <span class='ocrx_word' id='word_1_723' title='bbox 519 5417 863 5481; x_wconf 82' lang='lat' dir='ltr'><strong>imperatore</strong></span> <span class='ocrx_word' id='word_1_724' title='bbox 910 5411 1014 5465; x_wconf 64' lang='grc' dir='ltr'><strong>(ΣΡ.</strong></span> <span class='ocrx_word' id='word_1_725' title='bbox 1071 5411 1318 5468; x_wconf 79' lang='lat' dir='ltr'><strong>Meminit</strong></span> <span class='ocrx_word' id='word_1_726' title='bbox 1357 5415 1522 5468; x_wconf 82' lang='lat' dir='ltr'><strong>etiam</strong></span> <span class='ocrx_word' id='word_1_727' title='bbox 1555 5417 1715 5471; x_wconf 86' lang='lat' dir='ltr'><strong>istius</strong></span> 
     </span>
    </p>
   </div>
   <div class='ocr_carea' id='block_1_102' title="bbox 161 5482 1713 5547">
    <p class='ocr_par' dir='ltr' id='par_1_102' title="bbox 161 5482 1713 5547">
     <span class='ocr_line' id='line_1_102' title="bbox 161 5482 1713 5547; baseline 0.005 -16"><span class='ocrx_word' id='word_1_728' title='bbox 161 5487 451 5539; x_wconf 72' lang='lat' dir='ltr'><strong>senodoclrii</strong></span> <span class='ocrx_word' id='word_1_729' title='bbox 507 5483 757 5539; x_wconf 86' lang='lat' dir='ltr'><strong>Jacobus</strong></span> <span class='ocrx_word' id='word_1_730' title='bbox 801 5484 868 5535; x_wconf 91' lang='lat' dir='ltr'><strong>de</strong></span> <span class='ocrx_word' id='word_1_731' title='bbox 892 5482 1129 5537; x_wconf 75' lang='lat' dir='ltr'><strong>V’ttriaeo</strong></span> <span class='ocrx_word' id='word_1_732' title='bbox 1159 5484 1210 5535; x_wconf 92' lang='lat' dir='ltr'><strong>in</strong></span> <span class='ocrx_word' id='word_1_733' title='bbox 1264 5485 1399 5538; x_wconf 74' lang='lat' dir='ltr'><strong>Hist.</strong></span> <span class='ocrx_word' id='word_1_734' title='bbox 1426 5485 1713 5547; x_wconf 82' lang='lat' dir='ltr'><strong>0ccidcut.,</strong></span> 
     </span>
    </p>
   </div>
   <div class='ocr_carea' id='block_1_103' title="bbox 162 5552 1714 5623">
    <p class='ocr_par' dir='ltr' id='par_1_103' title="bbox 162 5552 1714 5623">
     <span class='ocr_line' id='line_1_103' title="bbox 162 5552 1714 5623; baseline 0.002 -17"><span class='ocrx_word' id='word_1_735' title='bbox 162 5568 260 5621; x_wconf 68' lang='lat' dir='ltr'><strong>cap.</strong></span> <span class='ocrx_word' id='word_1_736' title='bbox 289 5554 375 5619; x_wconf 70' lang='lat'><strong>9.9,</strong></span> <span class='ocrx_word' id='word_1_737' title='bbox 406 5557 495 5611; x_wconf 75' lang='lat' dir='ltr'><strong>liis</strong></span> <span class='ocrx_word' id='word_1_738' title='bbox 521 5553 717 5607; x_wconf 74' lang='lat' dir='ltr'><strong>verbis</strong></span> <span class='ocrx_word' id='word_1_739' title='bbox 750 5570 762 5601; x_wconf 86' lang='lat'><strong>:</strong></span> <span class='ocrx_word' id='word_1_740' title='bbox 799 5573 815 5598; x_wconf 78' lang='grc' dir='ltr'><strong>ι</strong></span> <span class='ocrx_word' id='word_1_741' title='bbox 859 5552 1329 5618; x_wconf 85' lang='lat' dir='ltr'><strong>Quemadmodum</strong></span> <span class='ocrx_word' id='word_1_742' title='bbox 1362 5566 1490 5611; x_wconf 80' lang='lat' dir='ltr'><strong>sunt</strong></span> <span class='ocrx_word' id='word_1_743' title='bbox 1526 5556 1714 5623; x_wconf 78' lang='lat' dir='ltr'><strong>lioSpi-</strong></span> 
     </span>
    </p>
   </div>
   <div class='ocr_carea' id='block_1_104' title="bbox 165 5624 1717 5694">
    <p class='ocr_par' dir='ltr' id='par_1_104' title="bbox 165 5624 1717 5694">
     <span class='ocr_line' id='line_1_104' title="bbox 165 5624 1717 5694; baseline 0.005 -23"><span class='ocrx_word' id='word_1_744' title='bbox 165 5629 264 5679; x_wconf 75' lang='lat' dir='ltr'><strong>talia</strong></span> <span class='ocrx_word' id='word_1_745' title='bbox 307 5631 477 5679; x_wconf 85' lang='lat' dir='ltr'><strong>sancti</strong></span> <span class='ocrx_word' id='word_1_746' title='bbox 528 5626 777 5694; x_wconf 80' lang='lat' dir='ltr'><strong>Spiritus</strong></span> <span class='ocrx_word' id='word_1_747' title='bbox 828 5624 886 5694; x_wconf 82' lang='lat' dir='ltr'><strong>in</strong></span> <span class='ocrx_word' id='word_1_748' title='bbox 921 5626 1161 5679; x_wconf 74' lang='lat' dir='ltr'><strong>Romana</strong></span> <span class='ocrx_word' id='word_1_749' title='bbox 1202 5626 1338 5678; x_wconf 87' lang='lat' dir='ltr'><strong>urbe</strong></span> <span class='ocrx_word' id='word_1_750' title='bbox 1372 5639 1427 5680; x_wconf 85' lang='lat' dir='ltr'><strong>et</strong></span> <span class='ocrx_word' id='word_1_751' title='bbox 1474 5626 1528 5681; x_wconf 89' lang='lat' dir='ltr'><strong>S.</strong></span> <span class='ocrx_word' id='word_1_752' title='bbox 1562 5626 1717 5679; x_wconf 83' lang='lat' dir='ltr'><strong>Sarn-</strong></span> 
     </span>
    </p>
   </div>
   <div class='ocr_carea' id='block_1_105' title="bbox 163 5693 1719 5762">
    <p class='ocr_par' dir='ltr' id='par_1_105' title="bbox 163 5693 1719 5762">
     <span class='ocr_line' id='line_1_105' title="bbox 163 5693 1719 5762; baseline -0.002 -13"><span class='ocrx_word' id='word_1_753' title='bbox 163 5696 394 5755; x_wconf 66' lang='lat' dir='ltr'><strong>Pionisin</strong></span> <span class='ocrx_word' id='word_1_754' title='bbox 423 5693 1040 5762; x_wconf 79' lang='lat' dir='ltr'><strong>ConstantinOpolitana</strong></span> <span class='ocrx_word' id='word_1_755' title='bbox 1070 5696 1311 5756; x_wconf 78' lang='lat' dir='ltr'><strong>civitate,</strong></span> <span class='ocrx_word' id='word_1_756' title='bbox 1352 5707 1409 5747; x_wconf 82' lang='lat' dir='ltr'><strong>et</strong></span> <span class='ocrx_word' id='word_1_757' title='bbox 1448 5697 1506 5749; x_wconf 84' lang='lat' dir='ltr'><strong>B.</strong></span> <span class='ocrx_word' id='word_1_758' title='bbox 1549 5696 1719 5747; x_wconf 81' lang='lat' dir='ltr'><strong>Anto-</strong></span> 
     </span>
    </p>
   </div>
   <div class='ocr_carea' id='block_1_106' title="bbox 164 5762 1716 5838">
    <p class='ocr_par' dir='ltr' id='par_1_106' title="bbox 164 5762 1716 5838">
     <span class='ocr_line' id='line_1_106' title="bbox 164 5762 1716 5838; baseline 0.005 -27"><span class='ocrx_word' id='word_1_759' title='bbox 164 5766 222 5815; x_wconf 87' lang='lat' dir='ltr'><strong>tui</strong></span> <span class='ocrx_word' id='word_1_760' title='bbox 265 5771 312 5821; x_wconf 89' lang='lat' dir='ltr'><strong>in</strong></span> <span class='ocrx_word' id='word_1_761' title='bbox 366 5770 485 5838; x_wconf 87' lang='lat' dir='ltr'><strong>ipso</strong></span> <span class='ocrx_word' id='word_1_762' title='bbox 524 5768 734 5838; x_wconf 77' lang='lat' dir='ltr'><strong>capite,</strong></span> <span class='ocrx_word' id='word_1_763' title='bbox 782 5776 837 5817; x_wconf 88' lang='lat' dir='ltr'><strong>et</strong></span> <span class='ocrx_word' id='word_1_764' title='bbox 982 5765 1159 5819; x_wconf 76' lang='lat' dir='ltr'><strong>Maria:</strong></span> <span class='ocrx_word' id='word_1_765' title='bbox 1208 5765 1605 5838; x_wconf 66' lang='lat' dir='ltr'><strong>llonSriosallis</strong></span> <span class='ocrx_word' id='word_1_766' title='bbox 1662 5768 1716 5819; x_wconf 87' lang='lat' dir='ltr'><strong>in</strong></span> 
     </span>
    </p>
   </div>
   <div class='ocr_carea' id='block_1_107' title="bbox 166 5833 1721 5906">
    <p class='ocr_par' dir='ltr' id='par_1_107' title="bbox 166 5833 1721 5906">
     <span class='ocr_line' id='line_1_107' title="bbox 166 5833 1721 5906; baseline 0.001 -19"><span class='ocrx_word' id='word_1_767' title='bbox 166 5833 727 5906; x_wconf 56' lang='lat' dir='ltr'><strong>Introitu&#39;llispaniz,</strong></span> <span class='ocrx_word' id='word_1_768' title='bbox 765 5844 821 5889; x_wconf 87' lang='lat' dir='ltr'><strong>et</strong></span> <span class='ocrx_word' id='word_1_769' title='bbox 845 5833 947 5886; x_wconf 83' lang='lat' dir='ltr'><strong>alia</strong></span> <span class='ocrx_word' id='word_1_770' title='bbox 998 5838 1245 5902; x_wconf 65' lang='lat' dir='ltr'><strong>quasdam</strong></span> <span class='ocrx_word' id='word_1_771' title='bbox 1310 5837 1419 5888; x_wconf 85' lang='lat' dir='ltr'><strong>Deo</strong></span> <span class='ocrx_word' id='word_1_772' title='bbox 1468 5848 1618 5905; x_wconf 70' lang='lat' dir='ltr'><strong>grata</strong></span> <span class='ocrx_word' id='word_1_773' title='bbox 1664 5848 1721 5889; x_wconf 89' lang='lat' dir='ltr'><strong>et</strong></span> 
     </span>
    </p>
   </div>
   <div class='ocr_carea' id='block_1_108' title="bbox 1821 4651 3408 4723">
    <p class='ocr_par' dir='ltr' id='par_1_108' title="bbox 1821 4651 3408 4723">
     <span class='ocr_line' id='line_1_108' title="bbox 1821 4651 3408 4723; baseline -0.001 -14"><span class='ocrx_word' id='word_1_774' title='bbox 1821 4657 1932 4709; x_wconf 91' lang='lat' dir='ltr'><strong>Deo</strong></span> <span class='ocrx_word' id='word_1_775' title='bbox 1965 4654 2186 4723; x_wconf 91' lang='lat' dir='ltr'><strong>quidem</strong></span> <span class='ocrx_word' id='word_1_776' title='bbox 2214 4652 2376 4722; x_wconf 80' lang='lat' dir='ltr'><strong>digna</strong></span> <span class='ocrx_word' id='word_1_777' title='bbox 2427 4660 2483 4704; x_wconf 89' lang='lat' dir='ltr'><strong>et</strong></span> <span class='ocrx_word' id='word_1_778' title='bbox 2527 4652 2729 4704; x_wconf 84' lang='lat' dir='ltr'><strong>munda</strong></span> <span class='ocrx_word' id='word_1_779' title='bbox 2763 4651 2909 4707; x_wconf 91' lang='lat' dir='ltr'><strong>illius</strong></span> <span class='ocrx_word' id='word_1_780' title='bbox 2959 4652 3143 4707; x_wconf 79' lang='lat' dir='ltr'><strong>anima</strong></span> <span class='ocrx_word' id='word_1_781' title='bbox 3183 4651 3250 4706; x_wconf 90' lang='lat' dir='ltr'><strong>ad</strong></span> <span class='ocrx_word' id='word_1_782' title='bbox 3290 4666 3408 4707; x_wconf 50' lang='lat' dir='ltr'><strong>ea»</strong></span> 
     </span>
    </p>
   </div>
   <div class='ocr_carea' id='block_1_109' title="bbox 1816 4743 3409 4802">
    <p class='ocr_par' dir='ltr' id='par_1_109' title="bbox 1816 4743 3409 4802">
     <span class='ocr_line' id='line_1_109' title="bbox 1816 4743 3409 4802; baseline -0.003 -2"><span class='ocrx_word' id='word_1_783' title='bbox 1816 4748 2007 4802; x_wconf 93' lang='lat' dir='ltr'><strong>lestem</strong></span> <span class='ocrx_word' id='word_1_784' title='bbox 2041 4747 2239 4801; x_wconf 87' lang='lat' dir='ltr'><strong>transit</strong></span> <span class='ocrx_word' id='word_1_785' title='bbox 2278 4743 2672 4800; x_wconf 80' lang='lat' dir='ltr'><strong>habitationem</strong></span> <span class='ocrx_word' id='word_1_786' title='bbox 2707 4760 2722 4795; x_wconf 90' lang='lat'><strong>:</strong></span> <span class='ocrx_word' id='word_1_787' title='bbox 2755 4760 2972 4798; x_wconf 81' lang='lat' dir='ltr'><strong>sacrum</strong></span> <span class='ocrx_word' id='word_1_788' title='bbox 3007 4760 3136 4798; x_wconf 84' lang='lat' dir='ltr'><strong>vero</strong></span> <span class='ocrx_word' id='word_1_789' title='bbox 3175 4754 3231 4797; x_wconf 89' lang='lat' dir='ltr'><strong>et</strong></span> <span class='ocrx_word' id='word_1_790' title='bbox 3274 4758 3409 4797; x_wconf 81' lang='lat' dir='ltr'><strong>san—</strong></span> 
     </span>
    </p>
   </div>
   <div class='ocr_carea' id='block_1_110' title="bbox 1816 4920 3403 4995">
    <p class='ocr_par' dir='ltr' id='par_1_110' title="bbox 1816 4920 3403 4995">
     <span class='ocr_line' id='line_1_110' title="bbox 1816 4920 3403 4995; baseline 0 -18"><span class='ocrx_word' id='word_1_791' title='bbox 1816 4926 2151 4995; x_wconf 86' lang='lat' dir='ltr'><strong>pauperibus</strong></span> <span class='ocrx_word' id='word_1_792' title='bbox 2200 4923 2531 4994; x_wconf 72' lang='lat' dir='ltr'><strong>pcregriniS,</strong></span> <span class='ocrx_word' id='word_1_793' title='bbox 2564 4936 2665 4976; x_wconf 89' lang='lat' dir='ltr'><strong>seu</strong></span> <span class='ocrx_word' id='word_1_794' title='bbox 2711 4921 2948 4976; x_wconf 84' lang='lat' dir='ltr'><strong>inﬁrmis</strong></span> <span class='ocrx_word' id='word_1_795' title='bbox 3002 4920 3159 4975; x_wconf 81' lang='lat' dir='ltr'><strong>valde</strong></span> <span class='ocrx_word' id='word_1_796' title='bbox 3206 4936 3403 4977; x_wconf 81' lang='lat' dir='ltr'><strong>neces-</strong></span> 
     </span>
    </p>
   </div>
   <div class='ocr_carea' id='block_1_111' title="bbox 1817 5012 2051 5049">
    <p class='ocr_par' dir='ltr' id='par_1_111' title="bbox 1817 5012 2051 5049">
     <span class='ocr_line' id='line_1_111' title="bbox 1817 5012 2051 5049; baseline -0.013 -1"><span class='ocrx_word' id='word_1_797' title='bbox 1817 5012 1983 5049; x_wconf 74' lang='grc' dir='ltr'>ειη-ια.</span> <span class='ocrx_word' id='word_1_798' title='bbox 2034 5014 2051 5045; x_wconf 74' lang='grc' dir='ltr'><strong>ι</strong></span> 
     </span>
    </p>
   </div>
   <div class='ocr_carea' id='block_1_112' title="bbox 1888 5059 3389 5135">
    <p class='ocr_par' dir='ltr' id='par_1_112' title="bbox 1888 5059 3389 5135">
     <span class='ocr_line' id='line_1_112' title="bbox 1888 5059 3389 5135; baseline -0.004 -17"><span class='ocrx_word' id='word_1_799' title='bbox 1888 5068 1964 5135; x_wconf 83' lang='grc'><strong>(5)</strong></span> <span class='ocrx_word' id='word_1_800' title='bbox 2005 5062 2315 5118; x_wconf 82' lang='lat' dir='ltr'><strong>Transferri</strong></span> <span class='ocrx_word' id='word_1_801' title='bbox 2360 5064 2413 5117; x_wconf 91' lang='lat' dir='ltr'><strong>id</strong></span> <span class='ocrx_word' id='word_1_802' title='bbox 2455 5071 2675 5132; x_wconf 77' lang='lat' dir='ltr'><strong>oportet</strong></span> <span class='ocrx_word' id='word_1_803' title='bbox 2714 5069 2837 5129; x_wconf 86' lang='lat' dir='ltr'><strong>post</strong></span> <span class='ocrx_word' id='word_1_804' title='bbox 2867 5059 3389 5135; x_wconf 17' lang='lat' dir='ltr'><strong>ntortemASantpso-</strong></span> 
     </span>
    </p>
   </div>
   <div class='ocr_carea' id='block_1_113' title="bbox 1816 5132 3402 5199">
    <p class='ocr_par' dir='ltr' id='par_1_113' title="bbox 1816 5132 3402 5199">
     <span class='ocr_line' id='line_1_113' title="bbox 1816 5132 3402 5199; baseline -0.001 -12"><span class='ocrx_word' id='word_1_805' title='bbox 1816 5132 1905 5187; x_wconf 87' lang='lat' dir='ltr'><strong>nis</strong></span> <span class='ocrx_word' id='word_1_806' title='bbox 1936 5132 1954 5189; x_wconf 71' lang='grc' dir='ltr'>τ’</span> <span class='ocrx_word' id='word_1_807' title='bbox 1992 5137 2210 5187; x_wconf 78' lang='lat' dir='ltr'><strong>vivente</strong></span> <span class='ocrx_word' id='word_1_808' title='bbox 2266 5140 2472 5189; x_wconf 80' lang='lat' dir='ltr'><strong>etenim</strong></span> <span class='ocrx_word' id='word_1_809' title='bbox 2515 5136 2817 5199; x_wconf 84' lang='lat' dir='ltr'><strong>Sampsone</strong></span> <span class='ocrx_word' id='word_1_810' title='bbox 2863 5132 3263 5184; x_wconf 81' lang='lat' dir='ltr'><strong>xenodoeliium</strong></span> <span class='ocrx_word' id='word_1_811' title='bbox 3299 5134 3402 5186; x_wconf 83' lang='lat' dir='ltr'><strong>hoc</strong></span> 
     </span>
    </p>
   </div>
   <div class='ocr_carea' id='block_1_114' title="bbox 1818 5201 3402 5265">
    <p class='ocr_par' dir='ltr' id='par_1_114' title="bbox 1818 5201 3402 5265">
     <span class='ocr_line' id='line_1_114' title="bbox 1818 5201 3402 5265; baseline -0.003 -7"><span class='ocrx_word' id='word_1_812' title='bbox 1818 5207 1952 5260; x_wconf 85' lang='lat' dir='ltr'><strong>satis</strong></span> <span class='ocrx_word' id='word_1_813' title='bbox 1987 5206 2182 5257; x_wconf 71' lang='lat' dir='ltr'><strong>misere</strong></span> <span class='ocrx_word' id='word_1_814' title='bbox 2223 5206 2476 5264; x_wconf 82' lang='lat' dir='ltr'><strong>habebat,</strong></span> <span class='ocrx_word' id='word_1_815' title='bbox 2516 5204 2851 5265; x_wconf 77' lang='lat' dir='ltr'><strong>ut,habetur</strong></span> <span class='ocrx_word' id='word_1_816' title='bbox 2903 5202 3042 5254; x_wconf 82' lang='lat' dir='ltr'><strong>intra</strong></span> <span class='ocrx_word' id='word_1_817' title='bbox 3096 5202 3199 5254; x_wconf 89' lang='lat' dir='ltr'><strong>sub</strong></span> <span class='ocrx_word' id='word_1_818' title='bbox 3238 5201 3402 5253; x_wconf 81' lang='lat' dir='ltr'><strong>ﬁnem</strong></span> 
     </span>
    </p>
   </div>
   <div class='ocr_carea' id='block_1_115' title="bbox 1818 5274 3396 5344">
    <p class='ocr_par' dir='ltr' id='par_1_115' title="bbox 1818 5274 3396 5344">
     <span class='ocr_line' id='line_1_115' title="bbox 1818 5274 3396 5344; baseline -0.001 -20"><span class='ocrx_word' id='word_1_819' title='bbox 1818 5289 1970 5328; x_wconf 86' lang='lat' dir='ltr'><strong>num.</strong></span> <span class='ocrx_word' id='word_1_820' title='bbox 2020 5275 2076 5325; x_wconf 84' lang='lat' dir='ltr'><strong>l7</strong></span> <span class='ocrx_word' id='word_1_821' title='bbox 2127 5292 2139 5325; x_wconf 91' lang='lat'><strong>:</strong></span> <span class='ocrx_word' id='word_1_822' title='bbox 2182 5276 2432 5344; x_wconf 87' lang='lat' dir='ltr'><strong>quamvis</strong></span> <span class='ocrx_word' id='word_1_823' title='bbox 2466 5313 2480 5335; x_wconf 91' lang='lat'><strong>,</strong></span> <span class='ocrx_word' id='word_1_824' title='bbox 2525 5274 2705 5341; x_wconf 86' lang='lat' dir='ltr'><strong>quoad</strong></span> <span class='ocrx_word' id='word_1_825' title='bbox 2772 5284 3144 5344; x_wconf 30' lang='lat' dir='ltr'><strong>structuram‘</strong></span> <span class='ocrx_word' id='word_1_826' title='bbox 3177 5274 3396 5331; x_wconf 72' lang='lat' dir='ltr'><strong>attinet,</strong></span> 
     </span>
    </p>
   </div>
   <div class='ocr_carea' id='block_1_116' title="bbox 1814 5340 3400 5413">
    <p class='ocr_par' dir='ltr' id='par_1_116' title="bbox 1814 5340 3400 5413">
     <span class='ocr_line' id='line_1_116' title="bbox 1814 5340 3400 5413; baseline -0.001 -17"><span class='ocrx_word' id='word_1_827' title='bbox 1814 5347 1951 5399; x_wconf 80' lang='lat' dir='ltr'><strong>Salis</strong></span> <span class='ocrx_word' id='word_1_828' title='bbox 1986 5340 2331 5413; x_wconf 62' lang='lat' dir='ltr'><strong>magniﬁcum</strong></span> <span class='ocrx_word' id='word_1_829' title='bbox 2374 5340 2558 5406; x_wconf 76' lang='lat' dir='ltr'><strong>tuerit,</strong></span> <span class='ocrx_word' id='word_1_830' title='bbox 2598 5354 2654 5396; x_wconf 91' lang='lat' dir='ltr'><strong>ut</strong></span> <span class='ocrx_word' id='word_1_831' title='bbox 2681 5344 2887 5396; x_wconf 84' lang='lat' dir='ltr'><strong>dictum</strong></span> <span class='ocrx_word' id='word_1_832' title='bbox 2916 5354 2998 5393; x_wconf 83' lang='lat' dir='ltr'><strong>est</strong></span> <span class='ocrx_word' id='word_1_833' title='bbox 3031 5344 3082 5393; x_wconf 90' lang='lat' dir='ltr'><strong>in</strong></span> <span class='ocrx_word' id='word_1_834' title='bbox 3108 5340 3400 5395; x_wconf 86' lang='lat' dir='ltr'><strong>Commen-</strong></span> 
     </span>
    </p>
   </div>
   <div class='ocr_carea' id='block_1_117' title="bbox 1820 5414 3204 5491">
    <p class='ocr_par' dir='ltr' id='par_1_117' title="bbox 1820 5414 3204 5491">
     <span class='ocr_line' id='line_1_117' title="bbox 1820 5414 3204 5491; baseline -0.002 -25"><span class='ocrx_word' id='word_1_835' title='bbox 1820 5418 1961 5468; x_wconf 83' lang='lat' dir='ltr'><strong>tario</strong></span> <span class='ocrx_word' id='word_1_836' title='bbox 1985 5431 2185 5491; x_wconf 67' lang='lat' dir='ltr'><strong>praevno</strong></span> <span class='ocrx_word' id='word_1_837' title='bbox 2218 5431 2368 5467; x_wconf 87' lang='lat' dir='ltr'><strong>num.</strong></span> <span class='ocrx_word' id='word_1_838' title='bbox 2619 5482 2631 5491; x_wconf 81' lang='lat'>_</span> <span class='ocrx_word' id='word_1_839' title='bbox 3172 5480 3204 5491; x_wconf 46' lang='grc' dir='ltr'>η</span> 
     </span>
    </p>
   </div>
   <div class='ocr_carea' id='block_1_118' title="bbox 1896 5480 3398 5553">
    <p class='ocr_par' dir='ltr' id='par_1_118' title="bbox 1896 5480 3398 5553">
     <span class='ocr_line' id='line_1_118' title="bbox 1896 5480 3398 5553; baseline -0.003 -15"><span class='ocrx_word' id='word_1_840' title='bbox 1896 5480 2128 5553; x_wconf 60' lang='grc' dir='ltr'><strong>(6)]Ιωῦ</strong></span> <span class='ocrx_word' id='word_1_841' title='bbox 2163 5502 2272 5538; x_wconf 86' lang='lat' dir='ltr'><strong>non</strong></span> <span class='ocrx_word' id='word_1_842' title='bbox 2315 5482 2667 5552; x_wconf 68' lang='lat' dir='ltr'><strong>lulelligenda</strong></span> <span class='ocrx_word' id='word_1_843' title='bbox 2716 5493 2843 5536; x_wconf 91' lang='lat' dir='ltr'><strong>sunt</strong></span> <span class='ocrx_word' id='word_1_844' title='bbox 2886 5492 3005 5551; x_wconf 91' lang='lat' dir='ltr'><strong>post</strong></span> <span class='ocrx_word' id='word_1_845' title='bbox 3047 5480 3328 5535; x_wconf 88' lang='lat' dir='ltr'><strong>conditum</strong></span> <span class='ocrx_word' id='word_1_846' title='bbox 3370 5498 3398 5534; x_wconf 83' lang='lat' dir='ltr'><strong>a</strong></span> 
     </span>
    </p>
   </div>
   <div class='ocr_carea' id='block_1_119' title="bbox 1821 5553 3401 5610">
    <p class='ocr_par' dir='ltr' id='par_1_119' title="bbox 1821 5553 3401 5610">
     <span class='ocr_line' id='line_1_119' title="bbox 1821 5553 3401 5610; baseline -0.004 0"><span class='ocrx_word' id='word_1_847' title='bbox 1821 5555 2134 5610; x_wconf 80' lang='lat' dir='ltr'><strong>JuStiuiano</strong></span> <span class='ocrx_word' id='word_1_848' title='bbox 2161 5556 2562 5608; x_wconf 75' lang='lat' dir='ltr'><strong>\CllUdUL‘llltllll</strong></span> <span class='ocrx_word' id='word_1_849' title='bbox 2594 5572 2603 5607; x_wconf 94' lang='lat'>:</span> <span class='ocrx_word' id='word_1_850' title='bbox 2657 5569 2847 5607; x_wconf 83' lang='lat' dir='ltr'><strong>verum</strong></span> <span class='ocrx_word' id='word_1_851' title='bbox 2884 5560 2951 5607; x_wconf 90' lang='lat' dir='ltr'><strong>de</strong></span> <span class='ocrx_word' id='word_1_852' title='bbox 2993 5569 3123 5605; x_wconf 84' lang='lat' dir='ltr'><strong>cura</strong></span> <span class='ocrx_word' id='word_1_853' title='bbox 3152 5560 3209 5604; x_wconf 92' lang='lat' dir='ltr'><strong>et</strong></span> <span class='ocrx_word' id='word_1_854' title='bbox 3252 5553 3401 5609; x_wconf 86' lang='lat' dir='ltr'><strong>solli-</strong></span> 
     </span>
    </p>
   </div>
   <div class='ocr_carea' id='block_1_120' title="bbox 1824 5620 3405 5694">
    <p class='ocr_par' dir='ltr' id='par_1_120' title="bbox 1824 5620 3405 5694">
     <span class='ocr_line' id='line_1_120' title="bbox 1824 5620 3405 5694; baseline -0.003 -16"><span class='ocrx_word' id='word_1_855' title='bbox 1824 5620 2067 5679; x_wconf 84' lang='lat' dir='ltr'><strong>citudine</strong></span> <span class='ocrx_word' id='word_1_856' title='bbox 2103 5642 2263 5694; x_wconf 87' lang='lat' dir='ltr'><strong>quam</strong></span> <span class='ocrx_word' id='word_1_857' title='bbox 2308 5626 2473 5678; x_wconf 84' lang='lat' dir='ltr'><strong>etiam</strong></span> <span class='ocrx_word' id='word_1_858' title='bbox 2524 5625 2675 5691; x_wconf 83' lang='lat' dir='ltr'><strong>prius</strong></span> <span class='ocrx_word' id='word_1_859' title='bbox 2704 5624 2927 5693; x_wconf 64' lang='lat' dir='ltr'><strong>aegrotis</strong></span> <span class='ocrx_word' id='word_1_860' title='bbox 2970 5635 3025 5677; x_wconf 88' lang='lat' dir='ltr'><strong>et</strong></span> <span class='ocrx_word' id='word_1_861' title='bbox 3069 5624 3405 5689; x_wconf 83' lang='lat' dir='ltr'><strong>pauperibus</strong></span> 
     </span>
    </p>
   </div>
   <div class='ocr_carea' id='block_1_121' title="bbox 1826 5694 3404 5763">
    <p class='ocr_par' dir='ltr' id='par_1_121' title="bbox 1826 5694 3404 5763">
     <span class='ocr_line' id='line_1_121' title="bbox 1826 5694 3404 5763; baseline -0.003 -16"><span class='ocrx_word' id='word_1_862' title='bbox 1826 5698 2212 5763; x_wconf 81' lang='lat' dir='ltr'><strong>impenderat:</strong></span> <span class='ocrx_word' id='word_1_863' title='bbox 2263 5707 2395 5763; x_wconf 78' lang='lat' dir='ltr'><strong>post</strong></span> <span class='ocrx_word' id='word_1_864' title='bbox 2462 5704 2731 5747; x_wconf 88' lang='lat' dir='ltr'><strong>structum</strong></span> <span class='ocrx_word' id='word_1_865' title='bbox 2793 5696 2941 5747; x_wconf 85' lang='lat' dir='ltr'><strong>enim</strong></span> <span class='ocrx_word' id='word_1_866' title='bbox 2994 5694 3404 5747; x_wconf 77' lang='lat' dir='ltr'><strong>xenodocbium</strong></span> 
     </span>
    </p>
   </div>
   <div class='ocr_carea' id='block_1_122' title="bbox 1828 5764 3168 5834">
    <p class='ocr_par' dir='ltr' id='par_1_122' title="bbox 1828 5764 3168 5834">
     <span class='ocr_line' id='line_1_122' title="bbox 1828 5764 3168 5834; baseline -0.001 -17"><span class='ocrx_word' id='word_1_867' title='bbox 1828 5781 1996 5819; x_wconf 87' lang='lat' dir='ltr'><strong>unum</strong></span> <span class='ocrx_word' id='word_1_868' title='bbox 2028 5768 2329 5821; x_wconf 71' lang='lat' dir='ltr'><strong>alterumve</strong></span> <span class='ocrx_word' id='word_1_869' title='bbox 2362 5781 2564 5819; x_wconf 86' lang='lat' dir='ltr'><strong>annum</strong></span> <span class='ocrx_word' id='word_1_870' title='bbox 2598 5775 2808 5819; x_wconf 82' lang='lat' dir='ltr'><strong>tantum</strong></span> <span class='ocrx_word' id='word_1_871' title='bbox 2840 5764 3168 5834; x_wconf 69' lang='lat' dir='ltr'><strong>sepervixit.</strong></span> 
     </span>
    </p>
   </div>
  </div>
