3966 6430
543 381 643 444 291

1847 378 2135 437 MENSIS
2175 378 2482 440 JUNIUS.

3719 370 3827 431 292

546 508 695 551 ctum
768 496 886 562 ejus
958 505 1160 561 corpus
1237 492 1535 561 deponitur
1611 491 2012 547 honorabiliter
2075 493 2128 546 in

2247 494 2479 562 μεγίστῳ
2519 491 2632 563 ναῷ
2666 490 2890 546 Μωκῖου
2923 491 3015 543 τοῦ
3046 490 3326 560 μάρτυρος
3370 489 3704 552 πανσέπτως
3736 492 3826 557 ἐγ-

544 588 781 642 maximo
828 588 1029 654 templo
1081 584 1238 638 Mocii
1297 585 1552 654 martyris
1592 585 1690 653 (7),
1743 593 1932 653 utpote
1978 585 2125 654 quod

544 694 771 749 magnus
804 678 894 731 ille
927 680 1194 744 Sampson
1232 691 1300 728 ex
1339 691 1405 729 eo
1458 675 1741 728 diceretur
1789 676 2004 728 trahere
2038 690 2132 728 co—

542 772 877 839 gnationem,
915 785 1023 821 non
1070 784 1307 837 corpore
1364 768 1560 825 solum,
1617 768 1710 821 sed
1761 770 1930 823 multo
1960 768 2132 834 magis

542 864 730 916 animo
782 871 837 915 et
894 862 1164 915 moribus.
1221 859 1392 925 Quam
1437 860 1623 912 multis
1697 871 1879 913 autem
1950 862 2133 915 clarus

547 954 714 1006 fuerit
745 953 1047 1015 miraculis,
1075 953 1168 1021 qui
1202 953 1364 1005 estin
1421 952 1586 1004 rebus
1613 953 1871 1005 omnibus
1899 954 2132 1005 maxime

544 1049 907 1109 admirabilis,
946 1064 1053 1101 non
1092 1049 1146 1100 in
1194 1047 1303 1100 vita
1357 1049 1556 1110 solum,
1607 1048 1701 1100 sed
1752 1049 1916 1100 etiam
1952 1048 2125 1101 multo

548 1141 717 1209 magis
752 1150 871 1208 post
911 1148 1166 1201 mortem,
1220 1154 1400 1206 neque
1456 1139 1638 1207 lingua
1688 1146 1871 1206 potest
1919 1138 2126 1199 dicere,

546 1245 723 1298 neque
768 1232 919 1283 auris
949 1230 1260 1283 admittere.
1305 1230 1593 1294 Quomodo
1634 1230 1805 1292 enim,
1834 1230 1993 1298 cujus
2030 1246 2132 1285 nec

547 1324 603 1377 in
659 1325 984 1377 hodiernum
1042 1326 1264 1391 quidem
1315 1326 1459 1377 diem
1514 1324 1883 1378 constiterunt
1929 1323 2133 1377 ﬂuenta

544 1416 979 1469 miraculorum?
1025 1416 1133 1467 Imn
1187 1432 1316 1469 vero
1372 1432 1472 1469 nec
1530 1416 1835 1473 consistent
1884 1416 2131 1485 quidem,

543 1506 720 1559 donec
751 1508 842 1561 ille
871 1509 1014 1560 idem
1051 1510 1236 1571 inierit,
1278 1518 1331 1561 et
1363 1507 1610 1576 ejusdem
1644 1509 2040 1563 misericordiae
2066 1508 2133 1561 ad

547 1600 998 1654 intercedendum
1042 1617 1141 1670 pro
1176 1601 1496 1653 hominibus
1534 1602 1676 1668 apud
1721 1602 1915 1655 Deum.
1950 1603 2131 1655 Pauca

543 1707 696 1759 ergo,
722 1693 764 1744 si
796 1694 1034 1756 videtur,
1064 1694 1127 1745 ad
1160 1694 1253 1745 Dei
1284 1696 1535 1759 gloriam,
1572 1702 1626 1747 et
1658 1710 1872 1758 eorum,
1906 1696 1999 1763 qui
2030 1710 2134 1747 au-

548 1784 729 1847 diunt,
770 1786 1191 1840 delectationem
1227 1802 1289 1841 ac
1322 1788 1609 1840 utilitatem
1655 1803 1720 1841 ex
1756 1788 1821 1842 iis
1854 1804 1975 1857 qum
2010 1798 2135 1857 post

2234 583 2617 637 κατατίθεταιο
2655 583 2751 636 an
2797 582 2859 650 δὴ
2889 582 2983 633 καὶ
3032 581 3357 648 συγγένειαν
3396 582 3579 634 ἕλκειν
3612 582 3827 634 ἐκεῖθεν

2234 675 2326 728 τοῦ
2373 676 2625 741 Μεγάλου
2681 673 3080 742 φημιζομένου,
3137 673 3233 725 καὶ
3282 674 3497 735 οἰκείως
3550 675 3720 743 ἔχειν,
3764 674 3825 726 οὐ

2238 768 2378 819 κατὰ
2440 767 2598 835 σῶμα
2662 766 2843 834 μόνον,
2882 764 3018 817 ἀλλὰ
3080 765 3174 815 καὶ
3234 764 3395 815 πλέον
3457 766 3598 817 κατὰ
3638 765 3825 835 ψυχὴν

2234 860 2437 930 δηλαδὴ
2476 862 2571 911 καὶ
2618 862 2746 922 τοὺς
2782 860 3036 928 τρόπους.
3071 859 3258 920 Ὀσοις
3286 857 3342 909 δὲ
3392 859 3505 918 τοῖς
3546 858 3829 925 θαύμασιν

2236 952 2500 1020 ἐδοξάσθη
2530 954 2557 1001 ὁ
2595 952 2660 1003 τὰ
2699 954 2874 1004 παντα
2910 950 3385 1020 θαυμασιώτατος,
3418 950 3478 1002 οὐ
3534 953 3674 1001 κατα
3726 950 3826 1021 τὴν

2234 1045 2473 1097 ἐνταῦθα
2504 1043 2649 1113 ζωὴν
2688 1045 2892 1105 ἁπλῶς,
2925 1045 3059 1096 ἀλλὰ
3087 1044 3224 1113 μετὰ
3254 1043 3346 1094 τὸν
3380 1044 3610 1095 θάνατον
3641 1043 3826 1111 πτλλῷ

2238 1137 2462 1206 μᾶλλον,
2486 1134 2607 1187 οὔτε
2635 1134 2849 1201 γλῶττα
2878 1135 3074 1203 δυνατὴ
3104 1135 3305 1201 λέγειν,
3335 1133 3455 1185 οὔτε
3480 1133 3616 1202 ἀκοὴ
3649 1151 3827 1203 παρα-

2234 1230 2504 1297 δέχεσθαι.
2543 1227 2667 1288 Πῶς
2700 1228 2830 1295 γὰρ,
2866 1225 2927 1278 οὐ
2971 1228 3100 1295 μηδὲ
3156 1227 3329 1295 μέχριΙ
3361 1226 3453 1278 καὶ
3494 1224 3588 1276 νῦν
3633 1226 3683 1276 οἱ
3714 1224 3827 1275 τῶν

2238 1321 2535 1389 θαυμάτων
2570 1320 2808 1387 ἔστησαν
2842 1316 3046 1389 pom;
3074 1334 3088 1348 ·
3126 1319 3324 1386 μᾶλλον
3352 1318 3407 1370 δέ
3443 1317 3563 1369 οὐδὲ
3596 1318 3829 1385 στήσον-

2236 1430 2350 1477 ται,
2382 1413 2483 1474 ἕως
2519 1411 2584 1464 ἂν
2613 1414 2821 1474 ἐκεῖνος
2852 1413 2878 1463 ὁ
2906 1411 3069 1473 αὐτὸς
3098 1406 3155 1483 ᾖ,
3184 1410 3277 1461 καὶ
3314 1414 3423 1473 τοῖς
3460 1412 3649 1471 αὐτοῖς
3683 1410 3829 1480 χρῆ-

2239 1522 2328 1555 ται
2373 1504 2700 1572 σπλάγχνοις
2742 1504 2881 1575 ὑπὲρ
2909 1502 3213 1572 ἀνθρώπων
3264 1504 3399 1571 πρὸς
3436 1504 3568 1554 Θεὸν
3594 1503 3830 1571 διαπρε-

2239 1596 2597 1665 σϐευόμενοςς
2638 1596 2823 1663 Ὀλίγα
2850 1597 3052 1661 τοίνυν,
3082 1598 3129 1646 εί
3161 1595 3324 1657 δοκεῖ,
3352 1595 3487 1663 πρὸς
3510 1596 3667 1661 δόξαν
3688 1596 3827 1647 Θεοῦ

2240 1694 2335 1744 καί
2367 1692 2467 1761 τὴν
2510 1693 2617 1743 τῶν
2654 1692 2964 1744 ἀκουόντων
2999 1691 3190 1762 ἡδονὴν
3246 1692 3335 1742 καὶ
3383 1690 3683 1759 ὠφέλειαν,
3716 1690 3829 1742 τῶν

2244 1788 2383 1856 μετὰ
2427 1787 2522 1858 τὴν
2571 1784 2819 1839 ἐντεῦθεν
2846 1786 3011 1839 αὐτοῦ
3050 1784 3341 1856 μετάθεσιν
3392 1786 3705 1854 γενομένων
3752 1782 3829 1852 τῷ

542 1877 662 1944 ejus
732 1879 857 1933 hinc
931 1896 1215 1933 excessum
1304 1879 1447 1935 facta
1522 1890 1691 1947 sunt,
1764 1890 2133 1951 prosequatur

2247 1882 2381 1950 λόγῳ
2414 1880 2811 1951 μεταληπτέον.

543 1970 744 2025 oratio.

2006 2132 2235 2188 CAPUT
2294 2134 2358 2187 ll.

1805 2254 2073 2310 Miracula
2129 2266 2241 2325 post
2306 2266 2547 2309 mortem.

614 2410 709 2466 XI.
748 2411 809 2466 Et
845 2410 1082 2481 primum
1131 2411 1353 2479 quidem
1405 2413 1497 2477 sit,
1550 2413 1697 2481 quod
1743 2421 1798 2466 et
1826 2415 2143 2468 multaalin-

548 2521 665 2573 SUAE
712 2515 939 2567 canunt,
990 2514 1044 2558 et
1099 2504 1227 2558 libri
1278 2504 1485 2565 ferunt,
1533 2514 1587 2558 et
1635 2520 1828 2559 omnes
1868 2509 2136 2574 credunt,

551 2597 697 2665 quod
733 2598 786 2651 in
823 2596 1072 2665 populari
1125 2597 1385 2657 tumultu,
1435 2597 1701 2653 adversus
1742 2600 2136 2667 Iustinianum,

549 2705 807 2758 magnum
841 2690 994 2743 illum
1032 2698 1089 2744 et
1138 2691 1503 2745 clarissimum
1549 2693 1935 2762 imperatorem
1984 2696 2135 2747 exci-

548 2791 681 2843 tato,
730 2780 933 2834 accidit
984 2782 1084 2849 (8).
1155 2781 1251 2836 lllo
1329 2790 1579 2851 tempore
1633 2782 2133 2835 audacissimorum

548 2882 710 2941 atque
760 2872 1033 2939 imprimis
1097 2873 1516 2926 temerariorum
1578 2872 1865 2926 hominum
1913 2888 2133 2938 manus,

550 2961 728 3029 ignem
756 2959 1017 3023 ferentes,
1054 2959 1502 3027 praeclarissimas
1545 2969 1599 3014 et
1654 2962 1954 3016 ditissimas
1988 2963 2135 3017 aedes

549 3049 979 3120 aggrediuntur,
1016 3060 1179 3119 atque
1238 3050 1566 3121 principium
1620 3052 1880 3107 incendio
1921 3053 2056 3107 dant
2109 3069 2137 3107 a

551 3141 786 3194 maximo
841 3141 1046 3209 templo
1082 3141 1177 3196 Dei
1225 3142 1466 3210 SOphiae,
1515 3143 1663 3210 quod
1693 3160 1816 3195 cum
1852 3146 1905 3195 in
1947 3146 2136 3197 orbem

550 3232 734 3284 omnia
778 3232 1075 3293 exedisset,
1133 3232 1331 3286 deinde
1380 3248 1609 3305 serpens
1657 3236 1809 3288 venit
1856 3252 2030 3305 usque
2070 3240 2136 3291 ad

552 3322 841 3392 praeclaras
867 3322 1013 3377 aedes
1049 3322 1221 3377 divini
1253 3324 1590 3394 Sampsonis,
1618 3335 1670 3380 et
1703 3337 1905 3381 tectum
1944 3330 2141 3399 arripit
2169 3354 2209 3411 ς

551 3415 829 3479 celeriter,
871 3422 926 3468 et
969 3413 1213 3469 fremens
1245 3416 1477 3470 ulterius
1514 3419 1767 3486 procedit
1801 3436 1812 3469 :
1849 3422 2135 3474 existima-

550 3509 820 3577 baturque
852 3508 991 3569 fore.
1030 3516 1091 3561 ut
1148 3523 1271 3561 mox
1312 3517 1423 3561 tota
1470 3510 1666 3563 domus
1714 3514 1939 3563 omnino
2001 3514 2140 3565 inte-

555 3603 710 3653 riret.
766 3600 907 3665 Quid
953 3615 1083 3667 ergo
1128 3613 1213 3654 est
1259 3611 1445 3668 postea
1500 3602 1907 3654 consecutum?
1956 3603 2141 3655 Multae

554 3693 775 3759 quidem
802 3708 869 3745 ex
900 3691 1132 3745 adverso
1163 3692 1216 3745 in
1250 3708 1316 3745 eo
1343 3692 1707 3743 movebantur
1736 3708 1933 3746 manus
1976 3703 2141 3759 gratae

552 3795 608 3838 et
653 3785 777 3854 piae,
826 3784 960 3838 nihil
1010 3800 1120 3838 non
1174 3783 1459 3847 facientes,
1509 3784 1648 3837 nihil
1700 3800 1808 3838 non
1852 3786 2142 3839 molientes

555 3894 749 3932 eorum
780 3894 903 3948 qua:
937 3888 1166 3947 possunt
1200 3878 1317 3931 ﬁeri
1354 3878 1419 3931 ad
1457 3879 1597 3948 ignis
1628 3878 1997 3933 cohibendum
2041 3878 2141 3930 im-

555 3980 763 4039 petum.
802 3970 907 4023 Sed
950 3972 1154 4023 malum
1204 3978 1323 4023 erat
1372 3971 1822 4037 inexpugnabile,
1872 3981 1927 4020 et
1976 3984 2140 4021 omne

556 4059 853 4126 siuperabat
907 4060 1195 4112 auxilium.
1244 4059 1496 4112 Vincitur
1544 4068 1748 4119 tamen.
1806 4070 1862 4113 et
1918 4074 1985 4112 eo
2039 4058 2144 4111 fuit

556 4151 833 4219 potentior
858 4165 990 4204 cura
1042 4151 1219 4221 magni
1274 4150 1615 4221 Sampsonis.
1672 4153 1916 4207 Fuerunt
1962 4153 2136 4216 enim,

558 4245 799 4306 fuerunt,
830 4246 921 4311 qui
954 4254 1084 4297 tunc
1114 4245 1263 4313 digni
1302 4256 1431 4299 sunt
1459 4245 1633 4298 habiti
1669 4247 1916 4299 divinum
1952 4248 2141 4300 videre

557 4336 914 4403 Sampsonem
957 4352 1054 4403 per
1101 4346 1302 4389 tectum
1350 4339 1711 4391 circumcirca
1756 4340 2137 4397 cursitantem,

559 4438 615 4477 et
674 4426 851 4493 ignem
907 4426 1302 4494 increpantem,
1359 4437 1415 4483 et
1466 4429 1635 4483 veluti
1684 4428 2032 4489 frementem,
2088 4440 2143 4484 et

565 4516 963 4572 admirabiliter
1014 4520 1133 4589 ejus
1180 4519 1442 4589 impetum
1508 4522 1906 4576 retardantem.
1972 4522 2142 4591 Cujus

562 4609 784 4676 quidem
825 4620 1047 4677 aspectu
1092 4612 1232 4677 ignis
1275 4613 1445 4664 veluti
1501 4613 1916 4679 obstupefactus
1962 4627 2141 4668 retro-

570 4701 767 4754 cessit:
799 4700 998 4755 deinde
1035 4717 1157 4754 cum
1192 4702 1399 4757 tonitru
1446 4714 1671 4773 repente
1711 4706 2005 4773 erupisset,
2050 4722 2136 4759 co-

2247 4712 2683 4777 ἀναχαιτίζοντα,
2745 4706 2805 4763 οἶ)

564 4794 717 4859 piosa
760 4809 979 4860 quoque
1034 4793 1241 4845 allluxit
1288 4796 1493 4862 pluvia,
1532 4809 1639 4860 quo
1681 4796 1881 4850 factum
1933 4804 2038 4861 est,
2086 4808 2146 4851 ut

566 4884 705 4951 ignis
754 4886 1224 4954 exstingueretur,
1263 4895 1319 4939 et
1372 4886 1569 4941 domus
1622 4898 2045 4942 conservaretur
2080 4890 2147 4943 il-

563 4975 687 5030 laesa
718 4985 916 5046 prwter
959 4986 1160 5033 tectum
1202 4980 1299 5048 (9}.

565 5303 860 5426 “(mune
934 5302 989 5359 S.
1060 5304 1236 5360 Illocio
1307 5316 1545 5378 martyre
1625 5321 1812 5365 aetum
1888 5322 1972 5364 est
2050 5311 2139 5363 die

678 5390 821 5429 tuan.

637 5442 711 5521 (β)
748 5445 868 5497 llazc
904 5446 1101 5522 seditio
1134 5448 1269 5522 facta
1302 5456 1387 5501 est
1414 5464 1558 5503 anno
1586 5467 1615 5502 v
1638 5451 1956 5513 Iustiniani,
1978 5462 2140 5522 atque

561 5516 795 5593 excitata
834 5523 970 5593 este
1005 5516 1337 5593 Vic'toriatis,
1376 5522 1448 5573 ita
1492 5523 1801 5589 appellatis,
1847 5524 1992 5590 quod
2038 5516 2139 5593 pro

564 5591 770 5635 tessera
808 5588 865 5635 τὸ
892 5586 1036 5637 Νίκα
1072 5586 1243 5647 Vince,
1290 5586 1657 5645 assuinere’nt.
1696 5586 2003 5647 Hanc—fuse
2034 5586 2131 5647 de-

562 5648 813 5732 scribunt
853 5656 1153 5732 l’rocopius
1198 5658 1272 5711 De
1306 5660 1436 5712 bello
1490 5661 1639 5715 Pers.
1686 5664 1783 5717 lib.
1821 5679 1855 5725 ι,
1892 5678 2011 5732 cap.
2041 5668 2132 5729 2i,

564 5729 620 5799 et
676 5724 970 5801 Claronicon
1028 5724 1451 5784 Alexandrinum
1502 5734 1566 5786 ad
1623 5748 1826 5786 annum
1881 5750 1910 5785 ν
1958 5724 2135 5791 Ὶιιδιιὲ

564 5806 737 5857 ntaut,
764 5806 870 5849 etc.

2317 2413 2419 2468 Μ’.
2447 2413 2553 2465 Καὶ
2590 2413 2803 2483 πρῶτόν
2835 2428 2896 2480 γε
2937 2410 3111 2475 τοῦτο,
3145 2411 3171 2463 δ
3220 2412 3313 2464 καὶ
3364 2411 3600 2478 γλῶτται.
3633 2414 3835 2467 παλλαὶ

2244 2509 2449 2578 ᾄδουσι,
2479 2509 2573 2559 καὶ
2608 2506 2777 2576 βίϐλοι
2812 2508 3059 2575 φέρουσι,
3106 2506 3197 2556 καὶ
3235 2506 3434 2566 πάντες
3483 2506 3832 2572 πιστεύουσι,

2245 2602 2340 2654 καὶ
2392 2602 2418 2653 ὃ
2473 2601 2611 2653 κατὰ
2672 2602 2770 2669 τὴν
2816 2598 2909 2651 τοῦ
2961 2599 3223 2667 μεγάλου,
3257 2600 3423 2668 φημῖ,
3462 2601 3555 2651 καὶ
3595 2599 3745 2668 μέγα
3778 2604 3837 2653 ἐν

2247 2694 2529 2764 βασιλεῦσι
2588 2693 2901 2761 λάμψαντος
2949 2694 3329 2746 Ἰουστινιανοῦ
3380 2694 3473 2746 τοῦ
3518 2695 3695 2765 δήμου
3739 2715 3838 2764 φο-

2249 2784 2366 2853 ρὰν,
2394 2785 2514 2853 ἥτις
2546 2801 2609 2851 γε
2648 2783 2766 2836 κατ’
2801 2784 2962 2835 αὑτοῦ
3015 2787 3265 2854 συνέστη,
3296 2787 3545 2853 γενέσθαι
3587 2791 3795 2856 συνέϐη
3818 2806 3835 2821 ·

2244 2873 2340 2925 καὶ
2378 2874 2525 2935 ὅπως
2571 2872 2867 2941 πάντολμοί
2909 2890 3053 2932 τινες
3083 2877 3263 2942 χεῖρες
3299 2875 3396 2927 καὶ
3441 2876 3836 2943 φιλοκίνδυνοι,

2246 2961 2356 3031 πῦρ
2393 2961 2689 3028 ἀνάψασαι,
2722 2964 2832 3024 τοῖς
2872 2963 3143 3033 λαμπροῖς
3183 2964 3291 3015 τῶν
3326 2964 3491 3017 οἴκων
3525 2965 3622 3018 καὶ
3669 2969 3842 3021 nolo-

2246 3053 2493 3124 χρύσοις,
2532 3054 2675 3107 κατὰ
2717 3056 2776 3107 τὸ
2816 3055 3095 3125 ἐξαίρετον
3144 3058 3499 3112 ἐπιτίθενται.
3563 3062 3838 3131 Ἀρχεται

2248 3147 2346 3213 μὲν
2385 3145 2474 3197 οὖν
2506 3147 2567 3197 τὸ
2609 3147 2777 3199 κακὶιν
2821 3148 2927 3199 ἀπὸ
2972 3148 3066 3200 τοῦ
3118 3150 3376 3218 μεγίστου
3422 3152 3548 3204 ναοῦ
3598 3154 3696 3222 τῆς
3735 3154 3838 3205 τοῦ

2244 3232 2379 3285 θεοῦ
2410 3234 2628 3301 Σοφίας,
2663 3236 2757 3285 καὶ
2783 3237 2850 3287 τὰ
2878 3237 3062 3306 κύκλῳ
3087 3239 3410 3308 διανεμηθὲν
3436 3242 3676 3307 ἅπαντα,
3713 3242 3841 3299 εἶτα

2246 3328 2339 3375 καὶ
2369 3326 2531 3397 μέχρι
2561 3325 2653 3378 τοῦ
2691 3327 2947 3395 λαμπροῦ
2976 3328 3128 3381 τοῦδε
3174 3331 3323 3384 οἴκου
3360 3332 3452 3384 τοῦ
3491 3334 3636 3386 θείου
3684 3338 3843 3405 Σαμ-

2248 3417 2363 3487 ψὼν
2394 3419 2561 3488 ἕρπον
2592 3419 2834 3490 ἔρχεται,
2880 3422 2973 3474 καὶ
3018 3423 3115 3491 τῆς
3148 3425 3353 3494 ὀροφῆς
3385 3424 3549 3489 ὀξέως
3592 3427 3844 3498 ἐπιλαμ-

2248 3513 2469 3566 ϐάνεται
2502 3516 2594 3567 καὶ
2624 3516 2683 3567 τὸ
2719 3517 3055 3587 προσωτέρω
3102 3518 3304 3587 βρέμον
3358 3521 3537 3589 ἐπῄει,
3585 3521 3843 3588 ἐπίδοξόν

2249 3620 2308 3653 τε
2368 3600 2435 3671 ἦν
2482 3606 2603 3655 ὅσον
2648 3605 2823 3668 οῠπω,
2868 3608 2961 3657 καὶ
3002 3608 3282 3669 παντελῶς
3330 3610 3518 3662 θέσθαι
3565 3614 3645 3682 τῷ
3677 3616 3846 3683 ὀἴκῳ

2251 3693 2478 3763 φθοράν.
2508 3694 2573 3744 Τί
2602 3694 2781 3746 τοίνυν
2814 3696 2872 3745 τδ
2904 3696 3041 3762 μετὰ
3080 3696 3292 3761 ταῦτα;
3326 3699 3518 3751 πολλαὶ
3550 3704 3648 3769 μὲν
3684 3706 3846 3758 ἀντι.

2252 3786 2501 3854 στρόφως
2558 3788 2676 3846 ταῖς
2720 3786 3121 3855 προλαϐοὑσαις
3168 3790 3445 3843 ἐκινοῦντο
3495 3796 3623 3862 περὶ
3670 3797 3844 3853 αὐτὸν

2248 3882 2425 3950 χεῖρες
2458 3878 2828 3947 φιλοχάριστοι
2866 3880 2959 3932 καὶ
2995 3881 3391 3953 φιλάνθρωποι,
3424 3885 3475 3938 τί
3518 3887 3593 3957 μὴ
3643 3890 3845 3945 ποιοῦ-

2251 3987 2359 4034 σαι,
2396 3974 2487 4021 καὶ
2515 3972 2569 4021 τί
2590 3973 2697 4022 τῶν
2736 3972 2986 4038 γενέσθαι
3022 3973 3338 4043 δυναμένων
3402 3980 3461 4031 οὐ
3498 3983 3842 4053 μηχανώμε-

2251 4075 2339 4109 ναι
2382 4058 2516 4127 πρὸς
2552 4060 2836 4128 ἐπίσχεσιν
2880 4061 2977 4127 τῆς
3013 4064 3104 4115 τοῦ
3137 4068 3307 4136 πυρές
3352 4068 3562 4137 ῥύμης·
3603 4071 3740 4122 ἀλλὰ
3780 4075 3846 4125 τὸ

2250 4148 2420 4201 δεινὸν
2476 4149 2685 4220 ἄμαχον
2757 4146 2846 4221 ἦν,
2916 4155 3008 4205 καὶ
3067 4157 3245 4225 πάσης
3302 4158 3648 4225 ἰσχυρότερον
3702 4161 3843 4233 ﬂor;-

2251 4242 2400 4305 θείας
2424 4260 2437 4273 ·
2467 4244 2696 4311 ἡττᾶται
2723 4243 2766 4295 δ’
2795 4241 2889 4298 οὖν
2920 4246 3091 4315 ὅμως,
3117 4251 3211 4298 καὶ
3235 4251 3494 4316 κρείττων
3523 4252 3554 4319 ἡ
3580 4251 3673 4303 τοῦ
3717 4257 3837 4307 Με-

2248 4335 2414 4403 γάλου
2448 4337 2754 4404 προστασία
2798 4338 3029 4403 γίνεται.
3070 4334 3251 4393 Ἦσαν
3282 4342 3408 4410 γὰρ.
3453 4337 3613 4412 ἦσαν,
3651 4346 3703 4398 οἳ
3744 4351 3842 4400 τὸν

2250 4430 2393 4482 θεῖον
2424 4428 2541 4478 τότε
2565 4426 2805 4496 Σαμψὼν
2830 4427 3078 4497 ἠξιοῦντο
3098 4429 3341 4502 θεωρεῖν,
3367 4437 3549 4508 κύκλῳ
3571 4436 3671 4508 τῆς
3706 4441 3841 4511 ὀρο-

2252 4526 2357 4591 φῆς
2396 4520 2743 4593 περιθέοντα,
2782 4524 3121 4593 ἐπιτιμῶντά
3150 4544 3206 4579 τε
3249 4528 3327 4598 τῷ
3358 4533 3506 4597 πυρὶ,
3541 4535 3633 4583 καὶ
3665 4535 3839 4587 οἱονεὶ

2254 4616 2700 4686 ἐμϐριμώμενον,
2756 4617 2850 4669 καὶ
2910 4618 3008 4685 τῆς
3070 4620 3247 4689 ὁρμῆς
3312 4622 3459 4689 αὐτῷ
3511 4624 3840 4691 παραδόξως

2895 4712 2984 4763 καὶ
3038 4712 3136 4783 τὴν
3207 4714 3334 4765 θέαν
3407 4717 3581 4766 ἐκεῖνο
3640 4717 3841 4791 ὥσπερ

2248 4802 2621 4870 καταπλαγὲν,
2660 4805 2738 4864 εἰς
2767 4803 3010 4855 τούπίσω
3044 4822 3101 4855 τε
3147 4805 3363 4875 ἐχώρει,
3400 4809 3493 4859 καὶ
3526 4810 3837 4864 ἀνεκόπτε-

2247 4913 2337 4947 το·
2373 4898 2563 4950 ἔπειτα
2594 4898 2821 4967 βροντῆς
2852 4898 3051 4969 ἀθρόον
3087 4900 3564 4969 καταρραγούσης,
3596 4903 3834 4974 ὄμϐρος,

2245 4984 2356 5051 οἷος
2384 4990 2609 5057 δαψιλὴς
2636 4991 2898 5061 ἐπερρύη,
2933 4992 3009 5051 ὡς
3030 4990 3301 5054 ἐντεῦθεν,
3336 4994 3393 5044 τὸ
3424 4996 3522 5061 μὲν
3554 4996 3662 5063 πῦρ
3697 4999 3838 5048 ἀπο-

2250 5082 2462 5139 σεέσαι,
2496 5080 2825 5147 διασωθῆναι
2853 5083 2905 5131 δὲ
2937 5083 3029 5133 καὶ
3069 5082 3157 5133 τὲν
3188 5077 3334 5134 οἷκον
3379 5085 3517 5150 πλὴν
3560 5086 3660 5153 τῆς
3704 5088 3837 5159 ὀρο-

2248 5176 2353 5242 φῆς
2383 5171 2589 5241 ἀπαθῆ.

2319 5310 2393 5380 (9)
2428 5310 2541 5367 Hoc
2590 5313 2916 5366 miraculum
2956 5329 3096 5381 :egre
3150 5312 3435 5367 conciliari
3494 5324 3674 5382 potest
3702 5331 3834 5371 cum

2246 5396 2334 5447 eo,
2363 5384 2507 5449 quod
2560 5385 2723 5437 habet
2767 5384 3077 5437 Chroniron
3129 5386 3499 5450 prmcitatum,
3546 5401 3829 5449 asserens,

2245 5454 2390 5520 quod
2432 5455 2484 5505 in
2543 5456 2804 5523 pra-dicto
2864 5456 3096 5507 tumultu
3158 5457 3436 5523 populari.
3493 5454 3674 5506 Ξενὼν
3733 5460 3833 5510 τοῦ

2246 5524 2482 5591 Σαμψὼν
2514 5529 2538 5575 ὁ
2568 5526 2742 5591 μέγας
2770 5527 2999 5596 ἐπαύθη,
3044 5525 3134 5575 καὶ
3166 5526 3444 5578 ἀπώλοντο
3484 5527 3533 5576 oi
3573 5530 3631 5577 ἐν
3674 5528 3833 5596 αὐτῷ

2247 5597 2595 5661 ἀνακείμενοι
2627 5597 2917 5663 ἄρρωστοι.
2951 5595 3203 5663 Magnum
3234 5596 3556 5663 Sampsonis
3582 5595 3835 5651 xenodo;

2246 5664 2430 5717 chium
2468 5666 2843 5733 conﬂagravit,
2884 5674 2939 5719 ct
2989 5666 3317 5721 interierunt
3367 5668 3461 5737 qui
3511 5671 3565 5723 in
3605 5669 3703 5723 illo
3740 5671 3837 5723 de-

2246 5737 2580 5789 eumbebant
2603 5738 2826 5789 inlirmi.
