  <div class='ocr_page' id='page_1' title='image "/cluster/home/n/w/nwhite01/storage/ocr_20150623/115/ien.35556001659887/156.png"; bbox 0 0 3966 6480; ppageno 0'>
   <div class='ocr_carea' id='block_1_1' title="bbox 187 420 281 479">
    <p class='ocr_par' dir='ltr' id='par_1_1' title="bbox 187 420 281 479">
     <span class='ocr_line' id='line_1_1' title="bbox 187 420 281 479; baseline -0.011 0"><span class='ocrx_word' id='word_1_1' title='bbox 187 420 281 479; x_wconf 76' lang='lat'><strong>293</strong></span> 
     </span>
    </p>
   </div>
   <div class='ocr_carea' id='block_1_2' title="bbox 1415 409 2202 475">
    <p class='ocr_par' dir='ltr' id='par_1_2' title="bbox 1415 409 2202 475">
     <span class='ocr_line' id='line_1_2' title="bbox 1415 409 2202 475; baseline -0.008 0"><span class='ocrx_word' id='word_1_2' title='bbox 1415 415 1594 475; x_wconf 83' lang='lat' dir='ltr'><strong>VlTA</strong></span> <span class='ocrx_word' id='word_1_3' title='bbox 1637 415 1698 474; x_wconf 90' lang='lat' dir='ltr'><strong>S.</strong></span> <span class='ocrx_word' id='word_1_4' title='bbox 1754 409 2202 474; x_wconf 76' lang='lat' dir='ltr'><strong>SAMPSONIS.</strong></span> 
     </span>
    </p>
   </div>
   <div class='ocr_carea' id='block_1_3' title="bbox 3322 405 3431 467">
    <p class='ocr_par' dir='ltr' id='par_1_3' title="bbox 3322 405 3431 467">
     <span class='ocr_line' id='line_1_3' title="bbox 3322 405 3431 467; baseline -0.028 0"><span class='ocrx_word' id='word_1_5' title='bbox 3322 405 3431 467; x_wconf 67' lang='lat'><strong>294</strong></span> 
     </span>
    </p>
   </div>
   <div class='ocr_carea' id='block_1_4' title="bbox 244 516 1750 599">
    <p class='ocr_par' dir='ltr' id='par_1_4' title="bbox 244 519 1750 599">
     <span class='ocr_line' id='line_1_4' title="bbox 244 519 1750 599; baseline -0.005 -17"><span class='ocrx_word' id='word_1_6' title='bbox 244 530 344 583; x_wconf 80' lang='lat' dir='ltr'><strong>lB’.</strong></span> <span class='ocrx_word' id='word_1_7' title='bbox 387 528 748 599; x_wconf 74' lang='grc' dir='ltr'>Προσκείσθω</span> <span class='ocrx_word' id='word_1_8' title='bbox 778 528 873 581; x_wconf 57' lang='grc' dir='ltr'><strong>καὶ⁸</strong></span> <span class='ocrx_word' id='word_1_9' title='bbox 905 528 1067 597; x_wconf 76' lang='grc' dir='ltr'>ἕτερα</span> <span class='ocrx_word' id='word_1_10' title='bbox 1101 524 1207 579; x_wconf 91' lang='grc' dir='ltr'><strong>τῶν</strong></span> <span class='ocrx_word' id='word_1_11' title='bbox 1239 524 1558 594; x_wconf 82' lang='grc' dir='ltr'>θαυμάτων,</span> <span class='ocrx_word' id='word_1_12' title='bbox 1593 524 1651 576; x_wconf 79' lang='grc' dir='ltr'>οὺ</span> <span class='ocrx_word' id='word_1_13' title='bbox 1686 519 1750 574; x_wconf 76' lang='grc' dir='ltr'>τὰ</span> 
     </span>
    </p>
   </div>
   <div class='ocr_carea' id='block_1_5' title="bbox 1861 516 3431 599">
    <p class='ocr_par' dir='ltr' id='par_1_5' title="bbox 1930 516 3431 589">
     <span class='ocr_line' id='line_1_5' title="bbox 1930 516 3431 589; baseline 0.003 -17"><span class='ocrx_word' id='word_1_14' title='bbox 1930 518 2043 573; x_wconf 81' lang='grc' dir='ltr'><strong>ΧΠ.</strong></span> <span class='ocrx_word' id='word_1_15' title='bbox 2072 517 2412 588; x_wconf 81' lang='lat' dir='ltr'><strong>Adjiciantur</strong></span> <span class='ocrx_word' id='word_1_16' title='bbox 2444 519 2547 572; x_wconf 90' lang='lat' dir='ltr'><strong>alia</strong></span> <span class='ocrx_word' id='word_1_17' title='bbox 2573 532 2792 587; x_wconf 89' lang='lat' dir='ltr'><strong>quoque</strong></span> <span class='ocrx_word' id='word_1_18' title='bbox 2835 516 3118 585; x_wconf 81' lang='lat' dir='ltr'><strong>miracula,</strong></span> <span class='ocrx_word' id='word_1_19' title='bbox 3160 535 3268 573; x_wconf 91' lang='lat' dir='ltr'><strong>non</strong></span> <span class='ocrx_word' id='word_1_20' title='bbox 3308 535 3431 589; x_wconf 66' lang='lat' dir='ltr'><strong>quin</strong></span> 
     </span>
    </p>
   </div>
   <div class='ocr_carea' id='block_1_6' title="bbox 181 613 1754 693">
    <p class='ocr_par' dir='ltr' id='par_1_6' title="bbox 181 613 1754 693">
     <span class='ocr_line' id='line_1_6' title="bbox 181 613 1754 693; baseline -0.006 -16"><span class='ocrx_word' id='word_1_21' title='bbox 181 625 386 685; x_wconf 79' lang='grc' dir='ltr'>πολλοῖς</span> <span class='ocrx_word' id='word_1_22' title='bbox 410 624 682 693; x_wconf 77' lang='grc' dir='ltr'>πρότερον</span> <span class='ocrx_word' id='word_1_23' title='bbox 717 613 984 692; x_wconf 73' lang='grc' dir='ltr'>γενόμενα</span> <span class='ocrx_word' id='word_1_24' title='bbox 1013 621 1246 691; x_wconf 76' lang='grc' dir='ltr'><strong>χρόνοις,</strong></span> <span class='ocrx_word' id='word_1_25' title='bbox 1277 619 1344 672; x_wconf 81' lang='grc' dir='ltr'><strong>δι’</strong></span> <span class='ocrx_word' id='word_1_26' title='bbox 1371 618 1604 686; x_wconf 76' lang='grc' dir='ltr'>ἀπορίαν</span> <span class='ocrx_word' id='word_1_27' title='bbox 1634 632 1754 668; x_wconf 84' lang='grc' dir='ltr'>και-</span> 
     </span>
    </p>
   </div>
   <div class='ocr_carea' id='block_1_7' title="bbox 182 708 1755 784">
    <p class='ocr_par' dir='ltr' id='par_1_7' title="bbox 182 708 1755 784">
     <span class='ocr_line' id='line_1_7' title="bbox 182 708 1755 784; baseline -0.008 -16"><span class='ocrx_word' id='word_1_28' title='bbox 182 716 279 768; x_wconf 55' lang='lat' dir='ltr'><strong>«Iw</strong></span> <span class='ocrx_word' id='word_1_29' title='bbox 311 718 407 768; x_wconf 74' lang='grc' dir='ltr'><strong>καὶ</strong></span> <span class='ocrx_word' id='word_1_30' title='bbox 436 715 770 784; x_wconf 70' lang='grc' dir='ltr'>προσφάτων</span> <span class='ocrx_word' id='word_1_31' title='bbox 804 712 945 780; x_wconf 79' lang='grc' dir='ltr'>(οὐδὲ</span> <span class='ocrx_word' id='word_1_32' title='bbox 981 714 1090 781; x_wconf 78' lang='grc' dir='ltr'>γὰρ</span> <span class='ocrx_word' id='word_1_33' title='bbox 1119 711 1465 764; x_wconf 75' lang='grc' dir='ltr'><strong>ἐκλείπουσιν</strong></span> <span class='ocrx_word' id='word_1_34' title='bbox 1501 708 1630 777; x_wconf 81' lang='grc' dir='ltr'>ἄχρι</span> <span class='ocrx_word' id='word_1_35' title='bbox 1661 708 1755 757; x_wconf 72' lang='grc' dir='ltr'>καὶ</span> 
     </span>
    </p>
   </div>
   <div class='ocr_carea' id='block_1_8' title="bbox 182 798 1752 875">
    <p class='ocr_par' dir='ltr' id='par_1_8' title="bbox 182 798 1752 875">
     <span class='ocr_line' id='line_1_8' title="bbox 182 798 1752 875; baseline -0.006 -17"><span class='ocrx_word' id='word_1_36' title='bbox 182 808 267 861; x_wconf 75' lang='grc' dir='ltr'>νῦν</span> <span class='ocrx_word' id='word_1_37' title='bbox 294 808 403 858; x_wconf 88' lang='grc' dir='ltr'><strong>τῶν</strong></span> <span class='ocrx_word' id='word_1_38' title='bbox 438 805 704 875; x_wconf 80' lang='grc' dir='ltr'>ποταμῶν</span> <span class='ocrx_word' id='word_1_39' title='bbox 726 804 1034 874; x_wconf 75' lang='grc' dir='ltr'><strong>μιμούμενα</strong></span> <span class='ocrx_word' id='word_1_40' title='bbox 1063 804 1189 865; x_wconf 73' lang='grc' dir='ltr'>τοὺς</span> <span class='ocrx_word' id='word_1_41' title='bbox 1216 802 1440 869; x_wconf 77' lang='grc' dir='ltr'>ῥέοντας</span> <span class='ocrx_word' id='word_1_42' title='bbox 1468 798 1752 864; x_wconf 78' lang='grc' dir='ltr'>ἀεννάως),</span> 
     </span>
    </p>
   </div>
   <div class='ocr_carea' id='block_1_9' title="bbox 181 889 1757 968">
    <p class='ocr_par' dir='ltr' id='par_1_9' title="bbox 181 889 1757 968">
     <span class='ocr_line' id='line_1_9' title="bbox 181 889 1757 968; baseline -0.01 -15"><span class='ocrx_word' id='word_1_43' title='bbox 181 902 307 953; x_wconf 75' lang='grc' dir='ltr'>ἀλλὰ</span> <span class='ocrx_word' id='word_1_44' title='bbox 343 902 409 951; x_wconf 73' lang='grc' dir='ltr'>τὰ</span> <span class='ocrx_word' id='word_1_45' title='bbox 445 898 629 968; x_wconf 77' lang='grc' dir='ltr'>μικρῴ</span> <span class='ocrx_word' id='word_1_46' title='bbox 660 896 893 965; x_wconf 76' lang='grc' dir='ltr'>πρόσθεν</span> <span class='ocrx_word' id='word_1_47' title='bbox 934 893 1299 963; x_wconf 72' lang='grc' dir='ltr'>γεγενημένα,</span> <span class='ocrx_word' id='word_1_48' title='bbox 1334 894 1417 945; x_wconf 81' lang='grc' dir='ltr'><strong>ἵνα</strong></span> <span class='ocrx_word' id='word_1_49' title='bbox 1459 892 1550 943; x_wconf 69' lang='grc' dir='ltr'><strong>καὶ</strong></span> <span class='ocrx_word' id='word_1_50' title='bbox 1598 889 1757 941; x_wconf 88' lang='grc' dir='ltr'>πλέον</span> 
     </span>
    </p>
   </div>
   <div class='ocr_carea' id='block_1_10' title="bbox 181 980 1755 1057">
    <p class='ocr_par' dir='ltr' id='par_1_10' title="bbox 181 980 1755 1057">
     <span class='ocr_line' id='line_1_10' title="bbox 181 980 1755 1057; baseline -0.006 -14"><span class='ocrx_word' id='word_1_51' title='bbox 181 990 316 1043; x_wconf 69' lang='grc' dir='ltr'>οὕτω</span> <span class='ocrx_word' id='word_1_52' title='bbox 348 991 518 1042; x_wconf 71' lang='grc' dir='ltr'>πιστὰ</span> <span class='ocrx_word' id='word_1_53' title='bbox 560 992 669 1057; x_wconf 77' lang='grc' dir='ltr'>εἴη,</span> <span class='ocrx_word' id='word_1_54' title='bbox 701 990 772 1038; x_wconf 76' lang='grc' dir='ltr'>τὰ</span> <span class='ocrx_word' id='word_1_55' title='bbox 811 987 907 1055; x_wconf 82' lang='grc' dir='ltr'><strong>μὲν</strong></span> <span class='ocrx_word' id='word_1_56' title='bbox 948 985 1145 1047; x_wconf 70' lang='grc' dir='ltr'>αὐτοὺς</span> <span class='ocrx_word' id='word_1_57' title='bbox 1178 985 1421 1046; x_wconf 77' lang='grc' dir='ltr'>ἐκείνους</span> <span class='ocrx_word' id='word_1_58' title='bbox 1459 980 1755 1051; x_wconf 78' lang='grc' dir='ltr'>διηγουμέ-</span> 
     </span>
    </p>
   </div>
   <div class='ocr_carea' id='block_1_11' title="bbox 181 1073 1753 1149">
    <p class='ocr_par' dir='ltr' id='par_1_11' title="bbox 181 1073 1753 1149">
     <span class='ocr_line' id='line_1_11' title="bbox 181 1073 1753 1149; baseline -0.006 -18"><span class='ocrx_word' id='word_1_59' title='bbox 181 1100 296 1143; x_wconf 71' lang='grc' dir='ltr'>νους</span> <span class='ocrx_word' id='word_1_60' title='bbox 333 1081 547 1149; x_wconf 76' lang='grc' dir='ltr'>ἔχοντα,</span> <span class='ocrx_word' id='word_1_61' title='bbox 576 1080 705 1140; x_wconf 72' lang='grc' dir='ltr'>τοὺς</span> <span class='ocrx_word' id='word_1_62' title='bbox 734 1078 840 1128; x_wconf 84' lang='grc' dir='ltr'><strong>τῶν</strong></span> <span class='ocrx_word' id='word_1_63' title='bbox 872 1076 1108 1145; x_wconf 80' lang='grc' dir='ltr'>χαρίτων</span> <span class='ocrx_word' id='word_1_64' title='bbox 1140 1075 1538 1143; x_wconf 74' lang='grc' dir='ltr'>ἀποναμένους,</span> <span class='ocrx_word' id='word_1_65' title='bbox 1581 1073 1753 1139; x_wconf 79' lang='grc' dir='ltr'>γλώτ-</span> 
     </span>
    </p>
   </div>
   <div class='ocr_carea' id='block_1_12' title="bbox 180 1162 1755 1238">
    <p class='ocr_par' dir='ltr' id='par_1_12' title="bbox 180 1162 1755 1238">
     <span class='ocr_line' id='line_1_12' title="bbox 180 1162 1755 1238; baseline -0.006 -15"><span class='ocrx_word' id='word_1_66' title='bbox 180 1191 269 1234; x_wconf 86' lang='grc' dir='ltr'><strong>τας</strong></span> <span class='ocrx_word' id='word_1_67' title='bbox 302 1170 625 1238; x_wconf 64' lang='grc' dir='ltr'>φιλαλήθεις</span> <span class='ocrx_word' id='word_1_68' title='bbox 676 1168 772 1220; x_wconf 75' lang='grc' dir='ltr'>καὶ</span> <span class='ocrx_word' id='word_1_69' title='bbox 800 1167 878 1237; x_wconf 81' lang='grc' dir='ltr'>τῷ</span> <span class='ocrx_word' id='word_1_70' title='bbox 906 1166 1091 1234; x_wconf 69' lang='grc' dir='ltr'>ψεύδει</span> <span class='ocrx_word' id='word_1_71' title='bbox 1129 1166 1477 1217; x_wconf 83' lang='grc' dir='ltr'>παντάπασιν</span> <span class='ocrx_word' id='word_1_72' title='bbox 1512 1162 1755 1231; x_wconf 83' lang='grc' dir='ltr'>ἀπεχθα-</span> 
     </span>
    </p>
   </div>
   <div class='ocr_carea' id='block_1_13' title="bbox 182 1256 1755 1333">
    <p class='ocr_par' dir='ltr' id='par_1_13' title="bbox 182 1256 1755 1333">
     <span class='ocr_line' id='line_1_13' title="bbox 182 1256 1755 1333; baseline -0.005 -20"><span class='ocrx_word' id='word_1_73' title='bbox 182 1264 408 1333; x_wconf 64' lang='grc' dir='ltr'>νομέιας</span> <span class='ocrx_word' id='word_1_74' title='bbox 438 1280 450 1291; x_wconf 91' lang='grc'>·</span> <span class='ocrx_word' id='word_1_75' title='bbox 479 1263 546 1313; x_wconf 75' lang='grc' dir='ltr'>τὰ</span> <span class='ocrx_word' id='word_1_76' title='bbox 576 1262 631 1313; x_wconf 84' lang='grc' dir='ltr'><strong>δὲ</strong></span> <span class='ocrx_word' id='word_1_77' title='bbox 679 1262 806 1322; x_wconf 75' lang='grc' dir='ltr'>τοὺς</span> <span class='ocrx_word' id='word_1_78' title='bbox 827 1262 973 1327; x_wconf 81' lang='grc' dir='ltr'>γένει</span> <span class='ocrx_word' id='word_1_79' title='bbox 1001 1261 1376 1328; x_wconf 75' lang='grc' dir='ltr'>προσήκοντας</span> <span class='ocrx_word' id='word_1_80' title='bbox 1414 1257 1445 1324; x_wconf 82' lang='grc' dir='ltr'>ἢ</span> <span class='ocrx_word' id='word_1_81' title='bbox 1477 1256 1755 1325; x_wconf 77' lang='grc' dir='ltr'>ὑπηρετή-</span> 
     </span>
    </p>
   </div>
   <div class='ocr_carea' id='block_1_14' title="bbox 180 1346 1754 1424">
    <p class='ocr_par' dir='ltr' id='par_1_14' title="bbox 180 1346 1754 1424">
     <span class='ocr_line' id='line_1_14' title="bbox 180 1346 1754 1424; baseline -0.006 -19"><span class='ocrx_word' id='word_1_82' title='bbox 180 1372 377 1417; x_wconf 75' lang='grc' dir='ltr'>σαντας</span> <span class='ocrx_word' id='word_1_83' title='bbox 428 1356 461 1424; x_wconf 74' lang='grc' dir='ltr'>ἢ</span> <span class='ocrx_word' id='word_1_84' title='bbox 510 1352 687 1414; x_wconf 77' lang='grc' dir='ltr'>ἄλλως</span> <span class='ocrx_word' id='word_1_85' title='bbox 734 1351 1115 1421; x_wconf 77' lang='grc' dir='ltr'>ᾠκειωμένους</span> <span class='ocrx_word' id='word_1_86' title='bbox 1159 1349 1342 1410; x_wconf 75' lang='grc' dir='ltr'>αὐτοῖς</span> <span class='ocrx_word' id='word_1_87' title='bbox 1384 1346 1610 1406; x_wconf 75' lang='grc' dir='ltr'>ἐκείνοις</span> <span class='ocrx_word' id='word_1_88' title='bbox 1640 1348 1754 1406; x_wconf 86' lang='grc' dir='ltr'>τοῖς</span> 
     </span>
    </p>
   </div>
   <div class='ocr_carea' id='block_1_15' title="bbox 176 1437 1752 1515">
    <p class='ocr_par' dir='ltr' id='par_1_15' title="bbox 176 1437 1752 1515">
     <span class='ocr_line' id='line_1_15' title="bbox 176 1437 1752 1515; baseline -0.006 -18"><span class='ocrx_word' id='word_1_89' title='bbox 176 1448 278 1498; x_wconf 78' lang='grc' dir='ltr'><strong>τῶν</strong></span> <span class='ocrx_word' id='word_1_90' title='bbox 314 1447 616 1515; x_wconf 76' lang='grc' dir='ltr'>Θαυμάτων</span> <span class='ocrx_word' id='word_1_91' title='bbox 646 1442 1093 1511; x_wconf 84' lang='grc' dir='ltr'>πεπειραμένοις.</span> <span class='ocrx_word' id='word_1_92' title='bbox 1128 1440 1336 1492; x_wconf 75' lang='grc' dir='ltr'>Αὐτίκα</span> <span class='ocrx_word' id='word_1_93' title='bbox 1365 1437 1494 1506; x_wconf 81' lang='grc' dir='ltr'>γοῦν</span> <span class='ocrx_word' id='word_1_94' title='bbox 1544 1437 1752 1488; x_wconf 78' lang='grc' dir='ltr'>Θεοδὼο</span> 
     </span>
    </p>
   </div>
   <div class='ocr_carea' id='block_1_16' title="bbox 178 1528 1751 1606">
    <p class='ocr_par' dir='ltr' id='par_1_16' title="bbox 178 1528 1751 1606">
     <span class='ocr_line' id='line_1_16' title="bbox 178 1528 1751 1606; baseline -0.006 -17"><span class='ocrx_word' id='word_1_95' title='bbox 178 1555 343 1606; x_wconf 82' lang='grc' dir='ltr'>ριτος,</span> <span class='ocrx_word' id='word_1_96' title='bbox 382 1538 412 1588; x_wconf 85' lang='grc' dir='ltr'><strong>ὀ</strong></span> <span class='ocrx_word' id='word_1_97' title='bbox 449 1537 524 1603; x_wconf 76' lang='grc' dir='ltr'>τῷ</span> <span class='ocrx_word' id='word_1_98' title='bbox 554 1530 1280 1602; x_wconf 78' lang='grc' dir='ltr'>Σπαθαροκουὸικουλαρίων</span> <span class='ocrx_word' id='word_1_99' title='bbox 1313 1528 1627 1599; x_wconf 72' lang='grc' dir='ltr'>διαπρέπων</span> <span class='ocrx_word' id='word_1_100' title='bbox 1654 1529 1751 1580; x_wconf 81' lang='grc' dir='ltr'><strong>τά·</strong></span> 
     </span>
    </p>
   </div>
   <div class='ocr_carea' id='block_1_17' title="bbox 178 1620 1752 1696">
    <p class='ocr_par' dir='ltr' id='par_1_17' title="bbox 178 1620 1752 1696">
     <span class='ocr_line' id='line_1_17' title="bbox 178 1620 1752 1696; baseline -0.006 -17"><span class='ocrx_word' id='word_1_101' title='bbox 178 1646 369 1696; x_wconf 81' lang='grc' dir='ltr'>γματι,</span> <span class='ocrx_word' id='word_1_102' title='bbox 398 1621 441 1694; x_wconf 80' lang='grc' dir='ltr'>ᾧ</span> <span class='ocrx_word' id='word_1_103' title='bbox 470 1626 635 1694; x_wconf 80' lang='grc' dir='ltr'>πολλή</span> <span class='ocrx_word' id='word_1_104' title='bbox 677 1641 740 1691; x_wconf 88' lang='grc' dir='ltr'><strong>γε</strong></span> <span class='ocrx_word' id='word_1_105' title='bbox 767 1625 799 1694; x_wconf 72' lang='grc' dir='ltr'>ἡ</span> <span class='ocrx_word' id='word_1_106' title='bbox 830 1622 999 1693; x_wconf 83' lang='grc' dir='ltr'>ἀρετὴ</span> <span class='ocrx_word' id='word_1_107' title='bbox 1034 1623 1415 1692; x_wconf 76' lang='grc' dir='ltr'>μαρτυρεῖται,</span> <span class='ocrx_word' id='word_1_108' title='bbox 1448 1620 1752 1689; x_wconf 74' lang='grc' dir='ltr'>χρηστότης</span> 
     </span>
    </p>
   </div>
   <div class='ocr_carea' id='block_1_18' title="bbox 177 1712 1752 1789">
    <p class='ocr_par' dir='ltr' id='par_1_18' title="bbox 177 1712 1752 1789">
     <span class='ocr_line' id='line_1_18' title="bbox 177 1712 1752 1789; baseline -0.008 -16"><span class='ocrx_word' id='word_1_109' title='bbox 177 1722 315 1788; x_wconf 82' lang='grc' dir='ltr'><strong>μετὰ</strong></span> <span class='ocrx_word' id='word_1_110' title='bbox 373 1721 476 1789; x_wconf 78' lang='grc' dir='ltr'>τῆς</span> <span class='ocrx_word' id='word_1_111' title='bbox 546 1718 831 1787; x_wconf 79' lang='grc' dir='ltr'>ἀληθείας,</span> <span class='ocrx_word' id='word_1_112' title='bbox 886 1715 981 1768; x_wconf 82' lang='grc' dir='ltr'>καὶ</span> <span class='ocrx_word' id='word_1_113' title='bbox 1042 1712 1414 1784; x_wconf 83' lang='grc' dir='ltr'>μετριοπαθὴς</span> <span class='ocrx_word' id='word_1_114' title='bbox 1461 1712 1752 1763; x_wconf 78' lang='grc' dir='ltr'>ἐπιείκεια.</span> 
     </span>
    </p>
   </div>
   <div class='ocr_carea' id='block_1_19' title="bbox 174 1804 1751 1879">
    <p class='ocr_par' dir='ltr' id='par_1_19' title="bbox 174 1804 1751 1879">
     <span class='ocr_line' id='line_1_19' title="bbox 174 1804 1751 1879; baseline -0.003 -20"><span class='ocrx_word' id='word_1_115' title='bbox 174 1807 340 1873; x_wconf 60' lang='grc' dir='ltr'>(ὦτος</span> <span class='ocrx_word' id='word_1_116' title='bbox 411 1812 694 1879; x_wconf 76' lang='grc' dir='ltr'>ὑπηρέτης</span> <span class='ocrx_word' id='word_1_117' title='bbox 745 1805 834 1877; x_wconf 82' lang='grc' dir='ltr'>ἦν,</span> <span class='ocrx_word' id='word_1_118' title='bbox 885 1808 977 1858; x_wconf 77' lang='grc' dir='ltr'><strong>καὶ</strong></span> <span class='ocrx_word' id='word_1_119' title='bbox 1034 1804 1327 1873; x_wconf 79' lang='grc' dir='ltr'>ὑπηρετῶν</span> <span class='ocrx_word' id='word_1_120' title='bbox 1403 1804 1751 1865; x_wconf 74' lang='grc' dir='ltr'>οίκειότατος,</span> 
     </span>
    </p>
   </div>
   <div class='ocr_carea' id='block_1_20' title="bbox 174 1876 1829 1967">
    <p class='ocr_par' dir='ltr' id='par_1_20' title="bbox 174 1876 1829 1967">
     <span class='ocr_line' id='line_1_20' title="bbox 174 1876 1829 1967; baseline -0.004 -13"><span class='ocrx_word' id='word_1_121' title='bbox 174 1903 402 1961; x_wconf 84' lang='grc' dir='ltr'>Λέοντος</span> <span class='ocrx_word' id='word_1_122' title='bbox 437 1876 661 1950; x_wconf 63' lang='grc' dir='ltr'><strong>ἐκείνου⁷</strong></span> <span class='ocrx_word' id='word_1_123' title='bbox 687 1876 850 1966; x_wconf 72' lang='grc' dir='ltr'>φημὶ,</span> <span class='ocrx_word' id='word_1_124' title='bbox 881 1895 940 1947; x_wconf 78' lang='grc' dir='ltr'>ὃν</span> <span class='ocrx_word' id='word_1_125' title='bbox 982 1899 1009 1948; x_wconf 85' lang='grc' dir='ltr'>ὁ</span> <span class='ocrx_word' id='word_1_126' title='bbox 1064 1895 1172 1967; x_wconf 81' lang='grc' dir='ltr'><strong>τῷν</strong></span> <span class='ocrx_word' id='word_1_127' title='bbox 1217 1895 1528 1964; x_wconf 84' lang='grc' dir='ltr'>Πατρικίων</span> <span class='ocrx_word' id='word_1_128' title='bbox 1560 1911 1618 1946; x_wconf 86' lang='grc' dir='ltr'><strong>τε</strong></span> <span class='ocrx_word' id='word_1_129' title='bbox 1664 1895 1756 1947; x_wconf 76' lang='grc' dir='ltr'><strong>καὶ</strong></span> <span class='ocrx_word' id='word_1_130' title='bbox 1790 1876 1829 1931; x_wconf 71' lang='grc' dir='ltr'><strong>Β</strong></span> 
     </span>
    </p>
   </div>
   <div class='ocr_carea' id='block_1_21' title="bbox 174 1985 1754 2063">
    <p class='ocr_par' dir='ltr' id='par_1_21' title="bbox 174 1985 1754 2063">
     <span class='ocr_line' id='line_1_21' title="bbox 174 1985 1754 2063; baseline -0.006 -16"><span class='ocrx_word' id='word_1_131' title='bbox 174 1993 554 2063; x_wconf 81' lang='grc' dir='ltr'>πραιποσίτων</span> <span class='ocrx_word' id='word_1_132' title='bbox 600 1985 714 2060; x_wconf 75' lang='grc' dir='ltr'>εἶχε</span> <span class='ocrx_word' id='word_1_133' title='bbox 749 1989 927 2059; x_wconf 71' lang='grc' dir='ltr'>χορὸς,</span> <span class='ocrx_word' id='word_1_134' title='bbox 989 1988 1082 2039; x_wconf 74' lang='grc' dir='ltr'><strong>καὶ</strong></span> <span class='ocrx_word' id='word_1_135' title='bbox 1132 1987 1189 2050; x_wconf 87' lang='grc' dir='ltr'>ὃς</span> <span class='ocrx_word' id='word_1_136' title='bbox 1239 1986 1474 2055; x_wconf 74' lang='grc' dir='ltr'>μετῆλθε</span> <span class='ocrx_word' id='word_1_137' title='bbox 1527 1987 1626 2054; x_wconf 80' lang='grc' dir='ltr'><strong>μὲν</strong></span> <span class='ocrx_word' id='word_1_138' title='bbox 1663 1986 1754 2037; x_wconf 79' lang='grc' dir='ltr'><strong>τὸν</strong></span> 
     </span>
    </p>
   </div>
   <div class='ocr_carea' id='block_1_22' title="bbox 173 2076 1752 2153">
    <p class='ocr_par' dir='ltr' id='par_1_22' title="bbox 173 2076 1752 2153">
     <span class='ocr_line' id='line_1_22' title="bbox 173 2076 1752 2153; baseline -0.008 -14"><span class='ocrx_word' id='word_1_139' title='bbox 173 2088 261 2139; x_wconf 69' lang='grc' dir='ltr'><strong>τοῦ</strong></span> <span class='ocrx_word' id='word_1_140' title='bbox 300 2084 677 2153; x_wconf 80' lang='grc' dir='ltr'>Δρουγγαρίου</span> <span class='ocrx_word' id='word_1_141' title='bbox 720 2082 829 2133; x_wconf 89' lang='grc' dir='ltr'><strong>τῶν</strong></span> <span class='ocrx_word' id='word_1_142' title='bbox 868 2081 1152 2150; x_wconf 80' lang='grc' dir='ltr'>πλωῖμων,</span> <span class='ocrx_word' id='word_1_143' title='bbox 1184 2078 1413 2149; x_wconf 84' lang='grc' dir='ltr'>μετῆλθε</span> <span class='ocrx_word' id='word_1_144' title='bbox 1442 2076 1496 2130; x_wconf 86' lang='grc' dir='ltr'><strong>δὲ</strong></span> <span class='ocrx_word' id='word_1_145' title='bbox 1529 2078 1622 2129; x_wconf 76' lang='grc' dir='ltr'><strong>καὶ</strong></span> <span class='ocrx_word' id='word_1_146' title='bbox 1653 2077 1752 2146; x_wconf 77' lang='grc' dir='ltr'>τὴν</span> 
     </span>
    </p>
   </div>
   <div class='ocr_carea' id='block_1_23' title="bbox 173 2166 1753 2244">
    <p class='ocr_par' dir='ltr' id='par_1_23' title="bbox 173 2166 1753 2244">
     <span class='ocr_line' id='line_1_23' title="bbox 173 2166 1753 2244; baseline -0.008 -12"><span class='ocrx_word' id='word_1_147' title='bbox 173 2182 264 2233; x_wconf 69' lang='grc' dir='ltr'>τοῦ</span> <span class='ocrx_word' id='word_1_148' title='bbox 298 2179 602 2244; x_wconf 81' lang='grc' dir='ltr'>Λογοθέτου</span> <span class='ocrx_word' id='word_1_149' title='bbox 642 2174 737 2227; x_wconf 73' lang='grc' dir='ltr'>τοῦ</span> <span class='ocrx_word' id='word_1_150' title='bbox 761 2174 962 2244; x_wconf 73' lang='grc' dir='ltr'>δρόμου</span> <span class='ocrx_word' id='word_1_151' title='bbox 993 2174 1187 2243; x_wconf 81' lang='grc' dir='ltr'>ἀρχὴν,</span> <span class='ocrx_word' id='word_1_152' title='bbox 1230 2173 1313 2240; x_wconf 76' lang='grc' dir='ltr'><strong>ἐφ’</strong></span> <span class='ocrx_word' id='word_1_153' title='bbox 1423 2169 1518 2222; x_wconf 73' lang='grc' dir='ltr'><strong>καὶ</strong></span> <span class='ocrx_word' id='word_1_154' title='bbox 1559 2169 1753 2237; x_wconf 83' lang='grc' dir='ltr'>τέθνη-</span> 
     </span>
    </p>
   </div>
   <div class='ocr_carea' id='block_1_24' title="bbox 173 2259 1753 2335">
    <p class='ocr_par' dir='ltr' id='par_1_24' title="bbox 173 2259 1753 2335">
     <span class='ocr_line' id='line_1_24' title="bbox 173 2259 1753 2335; baseline -0.009 -11"><span class='ocrx_word' id='word_1_155' title='bbox 173 2290 267 2325; x_wconf 78' lang='grc' dir='ltr'><strong>κεν</strong></span> <span class='ocrx_word' id='word_1_156' title='bbox 299 2273 361 2323; x_wconf 69' lang='grc' dir='ltr'><strong>οὐ</strong></span> <span class='ocrx_word' id='word_1_157' title='bbox 408 2270 571 2320; x_wconf 81' lang='grc' dir='ltr'>πλέον</span> <span class='ocrx_word' id='word_1_158' title='bbox 607 2267 747 2335; x_wconf 75' lang='grc' dir='ltr'>μετὰ</span> <span class='ocrx_word' id='word_1_159' title='bbox 776 2266 867 2318; x_wconf 76' lang='grc' dir='ltr'><strong>τὸν</strong></span> <span class='ocrx_word' id='word_1_160' title='bbox 895 2266 1104 2319; x_wconf 73' lang='grc' dir='ltr'>ἐκείνου</span> <span class='ocrx_word' id='word_1_161' title='bbox 1136 2263 1385 2329; x_wconf 84' lang='grc' dir='ltr'>θάνατον,</span> <span class='ocrx_word' id='word_1_162' title='bbox 1415 2260 1447 2331; x_wconf 80' lang='grc' dir='ltr'>ἦ</span> <span class='ocrx_word' id='word_1_163' title='bbox 1492 2260 1656 2330; x_wconf 85' lang='grc' dir='ltr'>μῆνες</span> <span class='ocrx_word' id='word_1_164' title='bbox 1692 2259 1753 2311; x_wconf 84' lang='grc' dir='ltr'><strong>τὸ</strong></span> 
     </span>
    </p>
   </div>
   <div class='ocr_carea' id='block_1_25' title="bbox 174 2351 1752 2431">
    <p class='ocr_par' dir='ltr' id='par_1_25' title="bbox 174 2351 1752 2431">
     <span class='ocr_line' id='line_1_25' title="bbox 174 2351 1752 2431; baseline 0.004 -21"><span class='ocrx_word' id='word_1_165' title='bbox 174 2366 453 2431; x_wconf 68' lang='grc' dir='ltr'>μέγιστον,</span> <span class='ocrx_word' id='word_1_166' title='bbox 499 2362 681 2412; x_wconf 79' lang='grc' dir='ltr'>πέντε.</span> <span class='ocrx_word' id='word_1_167' title='bbox 728 2358 914 2427; x_wconf 80' lang='grc' dir='ltr'>Τούτῳ</span> <span class='ocrx_word' id='word_1_168' title='bbox 950 2354 1240 2423; x_wconf 79' lang='grc' dir='ltr'>τοιγαροῦν</span> <span class='ocrx_word' id='word_1_169' title='bbox 1281 2353 1359 2423; x_wconf 79' lang='grc' dir='ltr'><strong>τῷ</strong></span> <span class='ocrx_word' id='word_1_170' title='bbox 1411 2351 1752 2421; x_wconf 71' lang='grc' dir='ltr'>Θεοδωρίτίε)ν</span> 
     </span>
    </p>
   </div>
   <div class='ocr_carea' id='block_1_26' title="bbox 176 2443 1753 2522">
    <p class='ocr_par' dir='ltr' id='par_1_26' title="bbox 176 2443 1753 2522">
     <span class='ocr_line' id='line_1_26' title="bbox 176 2443 1753 2522; baseline -0.008 -16"><span class='ocrx_word' id='word_1_171' title='bbox 176 2458 267 2507; x_wconf 71' lang='grc' dir='ltr'>καὶ</span> <span class='ocrx_word' id='word_1_172' title='bbox 294 2454 482 2522; x_wconf 72' lang='grc' dir='ltr'>ἕτερος</span> <span class='ocrx_word' id='word_1_173' title='bbox 513 2448 581 2521; x_wconf 74' lang='grc' dir='ltr'>ἦν</span> <span class='ocrx_word' id='word_1_174' title='bbox 606 2450 783 2521; x_wconf 82' lang='grc' dir='ltr'><strong>[Λέων</strong></span> <span class='ocrx_word' id='word_1_175' title='bbox 804 2444 1066 2518; x_wconf 73' lang='grc' dir='ltr'>τοῦνομα]</span> <span class='ocrx_word' id='word_1_176' title='bbox 1092 2449 1197 2499; x_wconf 90' lang='grc' dir='ltr'><strong>τῶν</strong></span> <span class='ocrx_word' id='word_1_177' title='bbox 1230 2443 1753 2513; x_wconf 80' lang='grc' dir='ltr'>συνυπηρετούντων</span> 
     </span>
    </p>
   </div>
   <div class='ocr_carea' id='block_1_27' title="bbox 173 2541 1754 2621">
    <p class='ocr_par' dir='ltr' id='par_1_27' title="bbox 173 2541 1754 2621">
     <span class='ocr_line' id='line_1_27' title="bbox 173 2541 1754 2621; baseline -0.009 -17"><span class='ocrx_word' id='word_1_178' title='bbox 173 2553 248 2621; x_wconf 79' lang='grc' dir='ltr'><strong>τῷ</strong></span> <span class='ocrx_word' id='word_1_179' title='bbox 276 2552 574 2619; x_wconf 78' lang='grc' dir='ltr'>περιφανεῖ</span> <span class='ocrx_word' id='word_1_180' title='bbox 604 2548 813 2611; x_wconf 85' lang='grc' dir='ltr'>Λέοντι,</span> <span class='ocrx_word' id='word_1_181' title='bbox 850 2545 984 2597; x_wconf 83' lang='grc' dir='ltr'><strong>ἀλλά</strong></span> <span class='ocrx_word' id='word_1_182' title='bbox 1016 2546 1111 2595; x_wconf 66' lang='grc' dir='ltr'><strong>κα)⁸</strong></span> <span class='ocrx_word' id='word_1_183' title='bbox 1145 2542 1360 2605; x_wconf 78' lang='grc' dir='ltr'>οἰκείως</span> <span class='ocrx_word' id='word_1_184' title='bbox 1398 2541 1631 2610; x_wconf 80' lang='grc' dir='ltr'>ἐχόντων</span> <span class='ocrx_word' id='word_1_185' title='bbox 1662 2542 1754 2591; x_wconf 78' lang='grc' dir='ltr'><strong>καὶ</strong></span> 
     </span>
    </p>
   </div>
   <div class='ocr_carea' id='block_1_28' title="bbox 175 2627 1750 2708">
    <p class='ocr_par' dir='ltr' id='par_1_28' title="bbox 175 2627 1750 2708">
     <span class='ocr_line' id='line_1_28' title="bbox 175 2627 1750 2708; baseline -0.011 -11"><span class='ocrx_word' id='word_1_186' title='bbox 175 2644 407 2697; x_wconf 72' lang='grc' dir='ltr'>ἰδιωτῶν</span> <span class='ocrx_word' id='word_1_187' title='bbox 438 2658 549 2705; x_wconf 89' lang='grc' dir='ltr'>τις,</span> <span class='ocrx_word' id='word_1_188' title='bbox 586 2634 1081 2708; x_wconf 86' lang='grc' dir='ltr'>πρωτοσπαθάριός</span> <span class='ocrx_word' id='word_1_189' title='bbox 1133 2649 1189 2683; x_wconf 73' lang='grc' dir='ltr'><strong>τε</strong></span> <span class='ocrx_word' id='word_1_190' title='bbox 1239 2634 1347 2700; x_wconf 84' lang='grc' dir='ltr'>γὰρ</span> <span class='ocrx_word' id='word_1_191' title='bbox 1396 2627 1485 2699; x_wconf 79' lang='grc' dir='ltr'>ἦν,</span> <span class='ocrx_word' id='word_1_192' title='bbox 1536 2632 1631 2681; x_wconf 78' lang='grc' dir='ltr'><strong>καὶ</strong></span> <span class='ocrx_word' id='word_1_193' title='bbox 1673 2628 1750 2689; x_wconf 83' lang='grc' dir='ltr'><strong>ὡς</strong></span> 
     </span>
    </p>
   </div>
   <div class='ocr_carea' id='block_1_29' title="bbox 174 2720 1749 2801">
    <p class='ocr_par' dir='ltr' id='par_1_29' title="bbox 174 2720 1749 2801">
     <span class='ocr_line' id='line_1_29' title="bbox 174 2720 1749 2801; baseline -0.011 -12"><span class='ocrx_word' id='word_1_194' title='bbox 174 2736 408 2801; x_wconf 66' lang='grc' dir='ltr'>σύνηθες</span> <span class='ocrx_word' id='word_1_195' title='bbox 440 2730 749 2799; x_wconf 76' lang='grc' dir='ltr'>ὀνομάζειν,</span> <span class='ocrx_word' id='word_1_196' title='bbox 782 2727 875 2778; x_wconf 73' lang='grc' dir='ltr'><strong>ἐπὶ</strong></span> <span class='ocrx_word' id='word_1_197' title='bbox 921 2723 1018 2777; x_wconf 72' lang='grc' dir='ltr'><strong>τοῦ</strong></span> <span class='ocrx_word' id='word_1_198' title='bbox 1062 2723 1445 2789; x_wconf 76' lang='grc' dir='ltr'>Μαγκλαὸίου,</span> <span class='ocrx_word' id='word_1_199' title='bbox 1489 2720 1641 2788; x_wconf 78' lang='grc' dir='ltr'>φίλος</span> <span class='ocrx_word' id='word_1_200' title='bbox 1689 2737 1749 2771; x_wconf 88' lang='grc' dir='ltr'><strong>τε</strong></span> 
     </span>
    </p>
   </div>
   <div class='ocr_carea' id='block_1_30' title="bbox 170 2812 1753 2894">
    <p class='ocr_par' dir='ltr' id='par_1_30' title="bbox 170 2812 1753 2894">
     <span class='ocr_line' id='line_1_30' title="bbox 170 2812 1753 2894; baseline -0.009 -18"><span class='ocrx_word' id='word_1_201' title='bbox 170 2829 243 2894; x_wconf 76' lang='grc' dir='ltr'><strong>τῷ</strong></span> <span class='ocrx_word' id='word_1_202' title='bbox 287 2822 609 2890; x_wconf 79' lang='grc' dir='ltr'>Θεοδωρίτῳ</span> <span class='ocrx_word' id='word_1_203' title='bbox 641 2820 698 2879; x_wconf 76' lang='grc' dir='ltr'>ἐς</span> <span class='ocrx_word' id='word_1_204' title='bbox 722 2817 789 2870; x_wconf 84' lang='grc' dir='ltr'>τὰ</span> <span class='ocrx_word' id='word_1_205' title='bbox 820 2814 1056 2887; x_wconf 84' lang='grc' dir='ltr'>μάλιστα</span> <span class='ocrx_word' id='word_1_206' title='bbox 1090 2814 1184 2867; x_wconf 78' lang='grc' dir='ltr'>καὶ</span> <span class='ocrx_word' id='word_1_207' title='bbox 1215 2812 1595 2882; x_wconf 73' lang='grc' dir='ltr'>συνυπηρέτης</span> <span class='ocrx_word' id='word_1_208' title='bbox 1622 2812 1753 2881; x_wconf 80' lang='grc' dir='ltr'><strong>ὁμό-</strong></span> 
     </span>
    </p>
   </div>
   <div class='ocr_carea' id='block_1_31' title="bbox 170 2906 1756 2990">
    <p class='ocr_par' dir='ltr' id='par_1_31' title="bbox 170 2906 1756 2990">
     <span class='ocr_line' id='line_1_31' title="bbox 170 2906 1756 2990; baseline -0.008 -19"><span class='ocrx_word' id='word_1_209' title='bbox 170 2921 367 2990; x_wconf 57' lang='grc' dir='ltr'>ᾠυχος.</span> <span class='ocrx_word' id='word_1_210' title='bbox 401 2915 592 2985; x_wconf 75' lang='grc' dir='ltr'>Τούτῳ</span> <span class='ocrx_word' id='word_1_211' title='bbox 621 2912 801 2965; x_wconf 83' lang='grc' dir='ltr'>τοίνυν</span> <span class='ocrx_word' id='word_1_212' title='bbox 821 2910 899 2981; x_wconf 84' lang='grc' dir='ltr'>τῷ</span> <span class='ocrx_word' id='word_1_213' title='bbox 930 2910 1118 2963; x_wconf 81' lang='grc' dir='ltr'>Λέοντι</span> <span class='ocrx_word' id='word_1_214' title='bbox 1159 2909 1187 2959; x_wconf 82' lang='grc' dir='ltr'>ὁ</span> <span class='ocrx_word' id='word_1_215' title='bbox 1218 2906 1585 2977; x_wconf 81' lang='grc' dir='ltr'>Δρουγγάριος</span> <span class='ocrx_word' id='word_1_216' title='bbox 1616 2908 1756 2959; x_wconf 80' lang='grc' dir='ltr'>κατά</span> 
     </span>
    </p>
   </div>
   <div class='ocr_carea' id='block_1_32' title="bbox 172 2998 1756 3079">
    <p class='ocr_par' dir='ltr' id='par_1_32' title="bbox 172 2998 1756 3079">
     <span class='ocr_line' id='line_1_32' title="bbox 172 2998 1756 3079; baseline -0.009 -16"><span class='ocrx_word' id='word_1_217' title='bbox 172 3031 295 3065; x_wconf 74' lang='grc' dir='ltr'>τινα</span> <span class='ocrx_word' id='word_1_218' title='bbox 347 3010 627 3079; x_wconf 67' lang='grc' dir='ltr'>πρόφασιν</span> <span class='ocrx_word' id='word_1_219' title='bbox 677 3005 1011 3074; x_wconf 78' lang='grc' dir='ltr'>χαλεπήνας.</span> <span class='ocrx_word' id='word_1_220' title='bbox 1046 3000 1105 3065; x_wconf 70' lang='grc' dir='ltr'>ἐξ</span> <span class='ocrx_word' id='word_1_221' title='bbox 1134 2999 1308 3069; x_wconf 69' lang='grc' dir='ltr'>ὅψεως</span> <span class='ocrx_word' id='word_1_222' title='bbox 1346 3016 1404 3050; x_wconf 88' lang='grc' dir='ltr'><strong>τε</strong></span> <span class='ocrx_word' id='word_1_223' title='bbox 1453 2999 1627 3061; x_wconf 75' lang='grc' dir='ltr'>ἔθετο,</span> <span class='ocrx_word' id='word_1_224' title='bbox 1665 2998 1756 3050; x_wconf 78' lang='grc' dir='ltr'><strong>καὶ</strong></span> 
     </span>
    </p>
   </div>
   <div class='ocr_carea' id='block_1_33' title="bbox 176 3090 1754 3174">
    <p class='ocr_par' dir='ltr' id='par_1_33' title="bbox 176 3090 1754 3174">
     <span class='ocr_line' id='line_1_33' title="bbox 176 3090 1754 3174; baseline -0.011 -17"><span class='ocrx_word' id='word_1_225' title='bbox 176 3102 493 3174; x_wconf 65' lang='grc' dir='ltr'>παρρησίας</span> <span class='ocrx_word' id='word_1_226' title='bbox 545 3097 711 3149; x_wconf 75' lang='grc' dir='ltr'>αὐτὸν</span> <span class='ocrx_word' id='word_1_227' title='bbox 754 3094 1030 3163; x_wconf 82' lang='grc' dir='ltr'>ἀπέστησε</span> <span class='ocrx_word' id='word_1_228' title='bbox 1086 3093 1187 3161; x_wconf 86' lang='grc' dir='ltr'><strong>τῆς</strong></span> <span class='ocrx_word' id='word_1_229' title='bbox 1238 3090 1522 3159; x_wconf 83' lang='grc' dir='ltr'>συνήθους,</span> <span class='ocrx_word' id='word_1_230' title='bbox 1565 3091 1754 3160; x_wconf 86' lang='grc' dir='ltr'>χρόνον</span> 
     </span>
    </p>
   </div>
   <div class='ocr_carea' id='block_1_34' title="bbox 1858 611 3428 680">
    <p class='ocr_par' dir='ltr' id='par_1_34' title="bbox 1858 611 3428 680">
     <span class='ocr_line' id='line_1_34' title="bbox 1858 611 3428 680; baseline 0.001 -14"><span class='ocrx_word' id='word_1_231' title='bbox 1858 612 2042 666; x_wconf 87' lang='lat' dir='ltr'><strong>multis</strong></span> <span class='ocrx_word' id='word_1_232' title='bbox 2075 622 2201 666; x_wconf 90' lang='lat' dir='ltr'><strong>ante</strong></span> <span class='ocrx_word' id='word_1_233' title='bbox 2236 612 2394 665; x_wconf 90' lang='lat' dir='ltr'><strong>annis</strong></span> <span class='ocrx_word' id='word_1_234' title='bbox 2436 611 2574 666; x_wconf 80' lang='lat' dir='ltr'><strong>facta</strong></span> <span class='ocrx_word' id='word_1_235' title='bbox 2614 621 2760 674; x_wconf 89' lang='lat' dir='ltr'><strong>sunt,</strong></span> <span class='ocrx_word' id='word_1_236' title='bbox 2793 611 2940 680; x_wconf 91' lang='lat' dir='ltr'><strong>quod</strong></span> <span class='ocrx_word' id='word_1_237' title='bbox 2981 612 3162 665; x_wconf 92' lang='lat' dir='ltr'><strong>desint</strong></span> <span class='ocrx_word' id='word_1_238' title='bbox 3204 628 3342 665; x_wconf 84' lang='lat' dir='ltr'><strong>nova</strong></span> <span class='ocrx_word' id='word_1_239' title='bbox 3374 625 3428 667; x_wconf 84' lang='lat' dir='ltr'><strong>et</strong></span> 
     </span>
    </p>
   </div>
   <div class='ocr_carea' id='block_1_35' title="bbox 1857 702 3431 772">
    <p class='ocr_par' dir='ltr' id='par_1_35' title="bbox 1857 702 3431 772">
     <span class='ocr_line' id='line_1_35' title="bbox 1857 702 3431 772; baseline 0.001 -17"><span class='ocrx_word' id='word_1_240' title='bbox 1857 703 2095 757; x_wconf 83' lang='lat' dir='ltr'><strong>recentia</strong></span> <span class='ocrx_word' id='word_1_241' title='bbox 2132 707 2259 772; x_wconf 91' lang='lat' dir='ltr'><strong>(non</strong></span> <span class='ocrx_word' id='word_1_242' title='bbox 2289 703 2436 757; x_wconf 90' lang='lat' dir='ltr'><strong>enim</strong></span> <span class='ocrx_word' id='word_1_243' title='bbox 2470 704 2522 755; x_wconf 93' lang='lat' dir='ltr'><strong>in</strong></span> <span class='ocrx_word' id='word_1_244' title='bbox 2550 702 2877 757; x_wconf 87' lang='lat' dir='ltr'><strong>hodiernum</strong></span> <span class='ocrx_word' id='word_1_245' title='bbox 2915 719 3085 771; x_wconf 90' lang='lat' dir='ltr'><strong>usque</strong></span> <span class='ocrx_word' id='word_1_246' title='bbox 3115 703 3259 757; x_wconf 90' lang='lat' dir='ltr'><strong>diem</strong></span> <span class='ocrx_word' id='word_1_247' title='bbox 3294 704 3431 757; x_wconf 82' lang='lat' dir='ltr'><strong>deﬁ-</strong></span> 
     </span>
    </p>
   </div>
   <div class='ocr_carea' id='block_1_36' title="bbox 1856 794 3431 867">
    <p class='ocr_par' dir='ltr' id='par_1_36' title="bbox 1856 794 3431 867">
     <span class='ocr_line' id='line_1_36' title="bbox 1856 794 3431 867; baseline -0.002 -16"><span class='ocrx_word' id='word_1_248' title='bbox 1856 797 2029 857; x_wconf 88' lang='lat' dir='ltr'><strong>ciunt,</strong></span> <span class='ocrx_word' id='word_1_249' title='bbox 2080 804 2267 864; x_wconf 90' lang='lat' dir='ltr'><strong>utpote</strong></span> <span class='ocrx_word' id='word_1_250' title='bbox 2312 810 2582 864; x_wconf 84' lang='lat' dir='ltr'><strong>perennes</strong></span> <span class='ocrx_word' id='word_1_251' title='bbox 2630 796 2897 848; x_wconf 76' lang='lat' dir='ltr'><strong>imitantia</strong></span> <span class='ocrx_word' id='word_1_252' title='bbox 2951 794 3337 867; x_wconf 82' lang='lat' dir='ltr'><strong>ﬂuvios),_sed</strong></span> <span class='ocrx_word' id='word_1_253' title='bbox 3369 810 3431 848; x_wconf 88' lang='lat' dir='ltr'><strong>ea</strong></span> 
     </span>
    </p>
   </div>
   <div class='ocr_carea' id='block_1_37' title="bbox 1856 887 3432 958">
    <p class='ocr_par' dir='ltr' id='par_1_37' title="bbox 1856 887 3432 958">
     <span class='ocr_line' id='line_1_37' title="bbox 1856 887 3432 958; baseline -0.001 -18"><span class='ocrx_word' id='word_1_254' title='bbox 1856 904 1975 958; x_wconf 78' lang='lat' dir='ltr'><strong>qme</strong></span> <span class='ocrx_word' id='word_1_255' title='bbox 2006 889 2172 957; x_wconf 86' lang='lat' dir='ltr'><strong>paulo</strong></span> <span class='ocrx_word' id='word_1_256' title='bbox 2205 897 2329 941; x_wconf 97' lang='lat' dir='ltr'><strong>ante</strong></span> <span class='ocrx_word' id='word_1_257' title='bbox 2376 888 2745 957; x_wconf 85' lang='lat' dir='ltr'><strong>contigerunt,</strong></span> <span class='ocrx_word' id='word_1_258' title='bbox 2804 888 3037 954; x_wconf 83' lang='lat' dir='ltr'><strong>ideoque</strong></span> <span class='ocrx_word' id='word_1_259' title='bbox 3080 897 3207 939; x_wconf 86' lang='lat' dir='ltr'><strong>sunt</strong></span> <span class='ocrx_word' id='word_1_260' title='bbox 3259 887 3432 956; x_wconf 82' lang='lat' dir='ltr'><strong>magis</strong></span> 
     </span>
    </p>
   </div>
   <div class='ocr_carea' id='block_1_38' title="bbox 1858 978 3430 1048">
    <p class='ocr_par' dir='ltr' id='par_1_38' title="bbox 1858 978 3430 1048">
     <span class='ocr_line' id='line_1_38' title="bbox 1858 978 3430 1048; baseline 0 -16"><span class='ocrx_word' id='word_1_261' title='bbox 1858 980 2185 1043; x_wconf 78' lang='lat' dir='ltr'><strong>credibilia;</strong></span> <span class='ocrx_word' id='word_1_262' title='bbox 2248 994 2477 1048; x_wconf 64' lang='lat' dir='ltr'><strong>qumque</strong></span> <span class='ocrx_word' id='word_1_263' title='bbox 2532 980 2701 1031; x_wconf 87' lang='lat' dir='ltr'><strong>relata</strong></span> <span class='ocrx_word' id='word_1_264' title='bbox 2761 980 3003 1036; x_wconf 83' lang='lat' dir='ltr'><strong>luerunt.</strong></span> <span class='ocrx_word' id='word_1_265' title='bbox 3070 988 3184 1031; x_wconf 92' lang='lat' dir='ltr'><strong>tum</strong></span> <span class='ocrx_word' id='word_1_266' title='bbox 3229 978 3298 1031; x_wconf 90' lang='lat' dir='ltr'><strong>ab</strong></span> <span class='ocrx_word' id='word_1_267' title='bbox 3361 979 3430 1032; x_wconf 89' lang='lat' dir='ltr'><strong>iis</strong></span> 
     </span>
    </p>
   </div>
   <div class='ocr_carea' id='block_1_39' title="bbox 1858 1068 3423 1138">
    <p class='ocr_par' dir='ltr' id='par_1_39' title="bbox 1858 1068 3423 1138">
     <span class='ocr_line' id='line_1_39' title="bbox 1858 1068 3423 1138; baseline -0.001 -16"><span class='ocrx_word' id='word_1_268' title='bbox 1858 1070 2011 1138; x_wconf 87' lang='lat' dir='ltr'><strong>ipsis,</strong></span> <span class='ocrx_word' id='word_1_269' title='bbox 2040 1070 2133 1138; x_wconf 89' lang='lat' dir='ltr'><strong>qui</strong></span> <span class='ocrx_word' id='word_1_270' title='bbox 2168 1068 2431 1122; x_wconf 83' lang='lat' dir='ltr'><strong>beneﬁcia</strong></span> <span class='ocrx_word' id='word_1_271' title='bbox 2470 1069 2753 1121; x_wconf 89' lang='lat' dir='ltr'><strong>consecuti</strong></span> <span class='ocrx_word' id='word_1_272' title='bbox 2785 1079 2935 1129; x_wconf 84' lang='lat' dir='ltr'><strong>sunt,</strong></span> <span class='ocrx_word' id='word_1_273' title='bbox 2984 1069 3119 1122; x_wconf 79' lang='lat' dir='ltr'><strong>viris</strong></span> <span class='ocrx_word' id='word_1_274' title='bbox 3145 1070 3423 1127; x_wconf 81' lang='lat' dir='ltr'><strong>veridicis.</strong></span> 
     </span>
    </p>
   </div>
   <div class='ocr_carea' id='block_1_40' title="bbox 1856 1162 3429 1232">
    <p class='ocr_par' dir='ltr' id='par_1_40' title="bbox 1856 1162 3429 1232">
     <span class='ocr_line' id='line_1_40' title="bbox 1856 1162 3429 1232; baseline 0.001 -16"><span class='ocrx_word' id='word_1_275' title='bbox 1856 1173 1911 1216; x_wconf 93' lang='lat' dir='ltr'><strong>et</strong></span> <span class='ocrx_word' id='word_1_276' title='bbox 1938 1165 2116 1217; x_wconf 90' lang='lat' dir='ltr'><strong>omnis</strong></span> <span class='ocrx_word' id='word_1_277' title='bbox 2159 1162 2422 1216; x_wconf 85' lang='lat' dir='ltr'><strong>mendacii</strong></span> <span class='ocrx_word' id='word_1_278' title='bbox 2448 1162 2701 1216; x_wconf 87' lang='lat' dir='ltr'><strong>osoribus</strong></span> <span class='ocrx_word' id='word_1_279' title='bbox 2742 1178 2754 1212; x_wconf 91' lang='lat'>:</span> <span class='ocrx_word' id='word_1_280' title='bbox 2806 1172 2918 1215; x_wconf 88' lang='lat' dir='ltr'><strong>tum</strong></span> <span class='ocrx_word' id='word_1_281' title='bbox 2949 1164 3017 1217; x_wconf 89' lang='lat' dir='ltr'><strong>ab</strong></span> <span class='ocrx_word' id='word_1_282' title='bbox 3058 1164 3184 1226; x_wconf 91' lang='lat' dir='ltr'><strong>illis,</strong></span> <span class='ocrx_word' id='word_1_283' title='bbox 3215 1164 3308 1232; x_wconf 88' lang='lat' dir='ltr'><strong>qui</strong></span> <span class='ocrx_word' id='word_1_284' title='bbox 3336 1174 3429 1217; x_wconf 90' lang='lat' dir='ltr'><strong>aut</strong></span> 
     </span>
    </p>
   </div>
   <div class='ocr_carea' id='block_1_41' title="bbox 1857 1254 3432 1325">
    <p class='ocr_par' dir='ltr' id='par_1_41' title="bbox 1857 1254 3432 1325">
     <span class='ocr_line' id='line_1_41' title="bbox 1857 1254 3432 1325; baseline 0 -15"><span class='ocrx_word' id='word_1_285' title='bbox 1857 1256 2273 1325; x_wconf 85' lang='lat' dir='ltr'><strong>consanguinei,</strong></span> <span class='ocrx_word' id='word_1_286' title='bbox 2302 1264 2396 1308; x_wconf 85' lang='lat' dir='ltr'><strong>aut</strong></span> <span class='ocrx_word' id='word_1_287' title='bbox 2421 1254 2631 1319; x_wconf 82' lang='lat' dir='ltr'><strong>famuli,</strong></span> <span class='ocrx_word' id='word_1_288' title='bbox 2674 1264 2767 1307; x_wconf 91' lang='lat' dir='ltr'><strong>aut</strong></span> <span class='ocrx_word' id='word_1_289' title='bbox 2802 1256 2961 1309; x_wconf 91' lang='lat' dir='ltr'><strong>aliter</strong></span> <span class='ocrx_word' id='word_1_290' title='bbox 2988 1256 3286 1309; x_wconf 78' lang='lat' dir='ltr'><strong>familiares</strong></span> <span class='ocrx_word' id='word_1_291' title='bbox 3316 1256 3432 1310; x_wconf 82' lang='lat' dir='ltr'><strong>lue-</strong></span> 
     </span>
    </p>
   </div>
   <div class='ocr_carea' id='block_1_42' title="bbox 1859 1347 3430 1417">
    <p class='ocr_par' dir='ltr' id='par_1_42' title="bbox 1859 1347 3430 1417">
     <span class='ocr_line' id='line_1_42' title="bbox 1859 1347 3430 1417; baseline 0.001 -17"><span class='ocrx_word' id='word_1_292' title='bbox 1859 1357 1985 1401; x_wconf 93' lang='lat' dir='ltr'><strong>runt</strong></span> <span class='ocrx_word' id='word_1_293' title='bbox 2018 1349 2104 1408; x_wconf 86' lang='lat' dir='ltr'><strong>iis.</strong></span> <span class='ocrx_word' id='word_1_294' title='bbox 2149 1349 2202 1402; x_wconf 92' lang='lat' dir='ltr'><strong>in</strong></span> <span class='ocrx_word' id='word_1_295' title='bbox 2243 1347 2450 1415; x_wconf 88' lang='lat' dir='ltr'><strong>quibus</strong></span> <span class='ocrx_word' id='word_1_296' title='bbox 2499 1348 2758 1401; x_wconf 84' lang='lat' dir='ltr'><strong>miracula</strong></span> <span class='ocrx_word' id='word_1_297' title='bbox 2813 1357 3023 1417; x_wconf 83' lang='lat' dir='ltr'><strong>patrata</strong></span> <span class='ocrx_word' id='word_1_298' title='bbox 3069 1358 3216 1401; x_wconf 91' lang='lat' dir='ltr'><strong>sunt.</strong></span> <span class='ocrx_word' id='word_1_299' title='bbox 3273 1349 3430 1402; x_wconf 82' lang='lat' dir='ltr'><strong>Adsit</strong></span> 
     </span>
    </p>
   </div>
   <div class='ocr_carea' id='block_1_43' title="bbox 1857 1437 3430 1507">
    <p class='ocr_par' dir='ltr' id='par_1_43' title="bbox 1857 1437 3430 1507">
     <span class='ocr_line' id='line_1_43' title="bbox 1857 1437 3430 1507; baseline 0.003 -18"><span class='ocrx_word' id='word_1_300' title='bbox 1857 1437 2023 1506; x_wconf 89' lang='lat' dir='ltr'><strong>igitur</strong></span> <span class='ocrx_word' id='word_1_301' title='bbox 2103 1437 2519 1500; x_wconf 86' lang='lat' dir='ltr'><strong>Theodoritus,</strong></span> <span class='ocrx_word' id='word_1_302' title='bbox 2578 1437 3226 1507; x_wconf 82' lang='lat' dir='ltr'><strong>Spatharocubieularius</strong></span> <span class='ocrx_word' id='word_1_303' title='bbox 3297 1441 3430 1494; x_wconf 90' lang='lat' dir='ltr'><strong>insi-</strong></span> 
     </span>
    </p>
   </div>
   <div class='ocr_carea' id='block_1_44' title="bbox 1854 1527 3431 1609">
    <p class='ocr_par' dir='ltr' id='par_1_44' title="bbox 1854 1527 3431 1609">
     <span class='ocr_line' id='line_1_44' title="bbox 1854 1527 3431 1609; baseline 0.005 -31"><span class='ocrx_word' id='word_1_304' title='bbox 1854 1527 1975 1596; x_wconf 88' lang='lat' dir='ltr'><strong>gnis</strong></span> <span class='ocrx_word' id='word_1_305' title='bbox 2007 1527 2141 1597; x_wconf 91' lang='lat' dir='ltr'><strong>(l0),</strong></span> <span class='ocrx_word' id='word_1_306' title='bbox 2180 1529 2336 1597; x_wconf 87' lang='lat' dir='ltr'><strong>cujus</strong></span> <span class='ocrx_word' id='word_1_307' title='bbox 2386 1528 2739 1583; x_wconf 87' lang='lat' dir='ltr'><strong>testatissima</strong></span> <span class='ocrx_word' id='word_1_308' title='bbox 2784 1540 2865 1609; x_wconf 77' lang='lat' dir='ltr'><strong>est</strong></span> <span class='ocrx_word' id='word_1_309' title='bbox 2914 1532 3113 1595; x_wconf 80' lang='lat' dir='ltr'><strong>virtus,</strong></span> <span class='ocrx_word' id='word_1_310' title='bbox 3163 1530 3431 1599; x_wconf 74' lang='lat' dir='ltr'><strong>probitas,</strong></span> 
     </span>
    </p>
   </div>
   <div class='ocr_carea' id='block_1_45' title="bbox 1854 1622 3436 1681">
    <p class='ocr_par' dir='ltr' id='par_1_45' title="bbox 1854 1622 3436 1681">
     <span class='ocr_line' id='line_1_45' title="bbox 1854 1622 3436 1681; baseline 0.006 -10"><span class='ocrx_word' id='word_1_311' title='bbox 1854 1622 2145 1681; x_wconf 87' lang='lat' dir='ltr'><strong>veracitas,</strong></span> <span class='ocrx_word' id='word_1_312' title='bbox 2193 1630 2249 1673; x_wconf 91' lang='lat' dir='ltr'><strong>et</strong></span> <span class='ocrx_word' id='word_1_313' title='bbox 2278 1637 2492 1676; x_wconf 90' lang='lat' dir='ltr'><strong>summa</strong></span> <span class='ocrx_word' id='word_1_314' title='bbox 2534 1623 2701 1675; x_wconf 91' lang='lat' dir='ltr'><strong>animi</strong></span> <span class='ocrx_word' id='word_1_315' title='bbox 2753 1622 3077 1678; x_wconf 85' lang='lat' dir='ltr'><strong>moderatio.</strong></span> <span class='ocrx_word' id='word_1_316' title='bbox 3126 1625 3173 1679; x_wconf 90' lang='lat' dir='ltr'><strong>Is</strong></span> <span class='ocrx_word' id='word_1_317' title='bbox 3206 1636 3324 1680; x_wconf 89' lang='lat' dir='ltr'><strong>erat</strong></span> <span class='ocrx_word' id='word_1_318' title='bbox 3355 1626 3436 1681; x_wconf 78' lang='lat' dir='ltr'><strong>fa-</strong></span> 
     </span>
    </p>
   </div>
   <div class='ocr_carea' id='block_1_46' title="bbox 1855 1711 3431 1777">
    <p class='ocr_par' dir='ltr' id='par_1_46' title="bbox 1855 1711 3431 1777">
     <span class='ocr_line' id='line_1_46' title="bbox 1855 1711 3431 1777; baseline 0.006 -14"><span class='ocrx_word' id='word_1_319' title='bbox 1855 1712 2055 1773; x_wconf 90' lang='lat' dir='ltr'><strong>mulus,</strong></span> <span class='ocrx_word' id='word_1_320' title='bbox 2095 1720 2150 1765; x_wconf 90' lang='lat' dir='ltr'><strong>et</strong></span> <span class='ocrx_word' id='word_1_321' title='bbox 2187 1711 2518 1766; x_wconf 83' lang='lat' dir='ltr'><strong>famulorum</strong></span> <span class='ocrx_word' id='word_1_322' title='bbox 2556 1714 3035 1777; x_wconf 79' lang='lat' dir='ltr'><strong>familiarissimus,</strong></span> <span class='ocrx_word' id='word_1_323' title='bbox 3082 1726 3138 1769; x_wconf 91' lang='lat' dir='ltr'><strong>et</strong></span> <span class='ocrx_word' id='word_1_324' title='bbox 3175 1718 3431 1772; x_wconf 76' lang='lat' dir='ltr'><strong>fidelissi-</strong></span> 
     </span>
    </p>
   </div>
   <div class='ocr_carea' id='block_1_47' title="bbox 1856 1803 3430 1874">
    <p class='ocr_par' dir='ltr' id='par_1_47' title="bbox 1856 1803 3430 1874">
     <span class='ocr_line' id='line_1_47' title="bbox 1856 1803 3430 1874; baseline 0.004 -18"><span class='ocrx_word' id='word_1_325' title='bbox 1856 1818 1978 1857; x_wconf 88' lang='lat' dir='ltr'><strong>mus</strong></span> <span class='ocrx_word' id='word_1_326' title='bbox 2011 1803 2210 1855; x_wconf 89' lang='lat' dir='ltr'><strong>Leouis</strong></span> <span class='ocrx_word' id='word_1_327' title='bbox 2247 1804 2416 1866; x_wconf 88' lang='lat' dir='ltr'><strong>illius,</strong></span> <span class='ocrx_word' id='word_1_328' title='bbox 2450 1805 2543 1873; x_wconf 86' lang='lat' dir='ltr'><strong>qui</strong></span> <span class='ocrx_word' id='word_1_329' title='bbox 2592 1815 2709 1857; x_wconf 90' lang='lat' dir='ltr'><strong>erat</strong></span> <span class='ocrx_word' id='word_1_330' title='bbox 2734 1820 2799 1860; x_wconf 80' lang='lat' dir='ltr'><strong>ex</strong></span> <span class='ocrx_word' id='word_1_331' title='bbox 2828 1806 3019 1859; x_wconf 88' lang='lat' dir='ltr'><strong>ordine</strong></span> <span class='ocrx_word' id='word_1_332' title='bbox 3052 1807 3430 1874; x_wconf 87' lang='lat' dir='ltr'><strong>patriciorum,</strong></span> 
     </span>
    </p>
   </div>
   <div class='ocr_carea' id='block_1_48' title="bbox 1858 1896 3435 1969">
    <p class='ocr_par' dir='ltr' id='par_1_48' title="bbox 1858 1896 3435 1969">
     <span class='ocr_line' id='line_1_48' title="bbox 1858 1896 3435 1969; baseline 0.001 -17"><span class='ocrx_word' id='word_1_333' title='bbox 1858 1908 1913 1952; x_wconf 88' lang='lat' dir='ltr'><strong>et</strong></span> <span class='ocrx_word' id='word_1_334' title='bbox 1937 1896 2380 1968; x_wconf 69' lang='lat' dir='ltr'><strong>prmpositornm,</strong></span> <span class='ocrx_word' id='word_1_335' title='bbox 2419 1897 2623 1966; x_wconf 85' lang='lat' dir='ltr'><strong>quique</strong></span> <span class='ocrx_word' id='word_1_336' title='bbox 2656 1897 2825 1969; x_wconf 87' lang='lat' dir='ltr'><strong>gessit</strong></span> <span class='ocrx_word' id='word_1_337' title='bbox 2856 1899 3233 1968; x_wconf 78' lang='lat' dir='ltr'><strong>magistratum</strong></span> <span class='ocrx_word' id='word_1_338' title='bbox 3256 1900 3435 1953; x_wconf 87' lang='lat' dir='ltr'><strong>Drun-</strong></span> 
     </span>
    </p>
   </div>
   <div class='ocr_carea' id='block_1_49' title="bbox 1856 1988 3432 2061">
    <p class='ocr_par' dir='ltr' id='par_1_49' title="bbox 1856 1988 3432 2061">
     <span class='ocr_line' id='line_1_49' title="bbox 1856 1988 3432 2061; baseline 0.003 -20"><span class='ocrx_word' id='word_1_339' title='bbox 1856 1989 1991 2059; x_wconf 89' lang='lat' dir='ltr'><strong>garii</strong></span> <span class='ocrx_word' id='word_1_340' title='bbox 2022 1988 2129 2058; x_wconf 85' lang='lat' dir='ltr'><strong>(ll)</strong></span> <span class='ocrx_word' id='word_1_341' title='bbox 2159 1988 2590 2051; x_wconf 88' lang='lat' dir='ltr'><strong>classiariorum,</strong></span> <span class='ocrx_word' id='word_1_342' title='bbox 2640 2004 2853 2044; x_wconf 80' lang='lat' dir='ltr'><strong>necnon</strong></span> <span class='ocrx_word' id='word_1_343' title='bbox 2888 1991 3292 2045; x_wconf 86' lang='lat' dir='ltr'><strong>ratiocinatoris</strong></span> <span class='ocrx_word' id='word_1_344' title='bbox 3319 1992 3432 2061; x_wconf 72' lang='lat' dir='ltr'><strong>(l2)</strong></span> 
     </span>
    </p>
   </div>
   <div class='ocr_carea' id='block_1_50' title="bbox 1856 2082 3431 2152">
    <p class='ocr_par' dir='ltr' id='par_1_50' title="bbox 1856 2082 3431 2152">
     <span class='ocr_line' id='line_1_50' title="bbox 1856 2082 3431 2152; baseline 0.002 -15"><span class='ocrx_word' id='word_1_345' title='bbox 1856 2099 2089 2147; x_wconf 89' lang='lat' dir='ltr'><strong>cursus;</strong></span> <span class='ocrx_word' id='word_1_346' title='bbox 2124 2084 2177 2135; x_wconf 93' lang='lat' dir='ltr'><strong>in</strong></span> <span class='ocrx_word' id='word_1_347' title='bbox 2219 2099 2329 2152; x_wconf 91' lang='lat' dir='ltr'><strong>quo</strong></span> <span class='ocrx_word' id='word_1_348' title='bbox 2362 2082 2506 2136; x_wconf 91' lang='lat' dir='ltr'><strong>diem</strong></span> <span class='ocrx_word' id='word_1_349' title='bbox 2540 2083 2737 2137; x_wconf 86' lang='lat' dir='ltr'><strong>clausit</strong></span> <span class='ocrx_word' id='word_1_350' title='bbox 2780 2094 3111 2151; x_wconf 79' lang='lat' dir='ltr'><strong>extremum,</strong></span> <span class='ocrx_word' id='word_1_351' title='bbox 3152 2102 3259 2140; x_wconf 91' lang='lat' dir='ltr'><strong>non</strong></span> <span class='ocrx_word' id='word_1_352' title='bbox 3310 2103 3431 2141; x_wconf 85' lang='lat' dir='ltr'><strong>aln-</strong></span> 
     </span>
    </p>
   </div>
   <div class='ocr_carea' id='block_1_51' title="bbox 1855 2165 3433 2250">
    <p class='ocr_par' dir='ltr' id='par_1_51' title="bbox 1855 2165 3433 2250">
     <span class='ocr_line' id='line_1_51' title="bbox 1855 2165 3433 2250; baseline 0.003 -19"><span class='ocrx_word' id='word_1_353' title='bbox 1855 2165 1999 2248; x_wconf 80' lang='lat' dir='ltr'><strong>plius</strong></span> <span class='ocrx_word' id='word_1_354' title='bbox 2054 2194 2216 2247; x_wconf 91' lang='lat' dir='ltr'><strong>quam</strong></span> <span class='ocrx_word' id='word_1_355' title='bbox 2270 2191 2507 2241; x_wconf 84' lang='lat' dir='ltr'><strong>menses,</strong></span> <span class='ocrx_word' id='word_1_356' title='bbox 2557 2186 2615 2230; x_wconf 91' lang='lat' dir='ltr'><strong>ut</strong></span> <span class='ocrx_word' id='word_1_357' title='bbox 2662 2193 2961 2239; x_wconf 89' lang='lat' dir='ltr'><strong>summum,</strong></span> <span class='ocrx_word' id='word_1_358' title='bbox 3012 2181 3257 2249; x_wconf 92' lang='lat' dir='ltr'><strong>quinque</strong></span> <span class='ocrx_word' id='word_1_359' title='bbox 3308 2193 3433 2250; x_wconf 90' lang='lat' dir='ltr'><strong>post</strong></span> 
     </span>
    </p>
   </div>
   <div class='ocr_carea' id='block_1_52' title="bbox 1855 2268 3432 2329">
    <p class='ocr_par' dir='ltr' id='par_1_52' title="bbox 1855 2268 3432 2329">
     <span class='ocr_line' id='line_1_52' title="bbox 1855 2268 3432 2329; baseline 0.002 -4"><span class='ocrx_word' id='word_1_360' title='bbox 1855 2271 2064 2325; x_wconf 91' lang='lat' dir='ltr'><strong>obitum</strong></span> <span class='ocrx_word' id='word_1_361' title='bbox 2106 2270 2273 2323; x_wconf 87' lang='lat' dir='ltr'><strong>illius.</strong></span> <span class='ocrx_word' id='word_1_362' title='bbox 2326 2269 2457 2323; x_wconf 84' lang='lat' dir='ltr'><strong>Erat</strong></span> <span class='ocrx_word' id='word_1_363' title='bbox 2495 2268 2833 2323; x_wconf 78' lang='lat' dir='ltr'><strong>Tlieodorito</strong></span> <span class='ocrx_word' id='word_1_364' title='bbox 2866 2269 2995 2324; x_wconf 83' lang='lat' dir='ltr'><strong>huic</strong></span> <span class='ocrx_word' id='word_1_365' title='bbox 3044 2272 3207 2325; x_wconf 89' lang='lat' dir='ltr'><strong>etiam</strong></span> <span class='ocrx_word' id='word_1_366' title='bbox 3246 2274 3432 2329; x_wconf 89' lang='lat' dir='ltr'><strong>socius</strong></span> 
     </span>
    </p>
   </div>
   <div class='ocr_carea' id='block_1_53' title="bbox 1854 2359 3433 2428">
    <p class='ocr_par' dir='ltr' id='par_1_53' title="bbox 1854 2359 3433 2428">
     <span class='ocr_line' id='line_1_53' title="bbox 1854 2359 3433 2428; baseline 0.003 -12"><span class='ocrx_word' id='word_1_367' title='bbox 1854 2378 1920 2417; x_wconf 85' lang='lat' dir='ltr'><strong>ex</strong></span> <span class='ocrx_word' id='word_1_368' title='bbox 1951 2376 2179 2415; x_wconf 91' lang='lat' dir='ltr'><strong>numero</strong></span> <span class='ocrx_word' id='word_1_369' title='bbox 2229 2375 2417 2414; x_wconf 90' lang='lat' dir='ltr'><strong>secum</strong></span> <span class='ocrx_word' id='word_1_370' title='bbox 2472 2359 2850 2414; x_wconf 81' lang='lat' dir='ltr'><strong>famulantium</strong></span> <span class='ocrx_word' id='word_1_371' title='bbox 2900 2362 3102 2417; x_wconf 86' lang='lat' dir='ltr'><strong>illustri</strong></span> <span class='ocrx_word' id='word_1_372' title='bbox 3150 2362 3344 2428; x_wconf 89' lang='lat' dir='ltr'><strong>Leoni,</strong></span> <span class='ocrx_word' id='word_1_373' title='bbox 3376 2378 3433 2421; x_wconf 88' lang='lat' dir='ltr'><strong>et</strong></span> 
     </span>
    </p>
   </div>
   <div class='ocr_carea' id='block_1_54' title="bbox 1856 2453 3430 2526">
    <p class='ocr_par' dir='ltr' id='par_1_54' title="bbox 1856 2453 3430 2526">
     <span class='ocr_line' id='line_1_54' title="bbox 1856 2453 3430 2526; baseline 0.001 -16"><span class='ocrx_word' id='word_1_374' title='bbox 1856 2458 1971 2526; x_wconf 82' lang='lat' dir='ltr'><strong>ipse</strong></span> <span class='ocrx_word' id='word_1_375' title='bbox 1999 2455 2108 2509; x_wconf 84' lang='lat' dir='ltr'><strong>Leo</strong></span> <span class='ocrx_word' id='word_1_376' title='bbox 2126 2454 2323 2513; x_wconf 88' lang='lat' dir='ltr'><strong>dictus,</strong></span> <span class='ocrx_word' id='word_1_377' title='bbox 2349 2453 2573 2506; x_wconf 90' lang='lat' dir='ltr'><strong>domino</strong></span> <span class='ocrx_word' id='word_1_378' title='bbox 2598 2468 2697 2507; x_wconf 87' lang='lat' dir='ltr'><strong>suo</strong></span> <span class='ocrx_word' id='word_1_379' title='bbox 2722 2453 2923 2508; x_wconf 84' lang='lat' dir='ltr'><strong>charus</strong></span> <span class='ocrx_word' id='word_1_380' title='bbox 2947 2466 3109 2523; x_wconf 89' lang='lat' dir='ltr'><strong>atque</strong></span> <span class='ocrx_word' id='word_1_381' title='bbox 3126 2455 3430 2513; x_wconf 77' lang='lat' dir='ltr'><strong>familiaris.</strong></span> 
     </span>
    </p>
   </div>
   <div class='ocr_carea' id='block_1_55' title="bbox 1860 2547 3433 2617">
    <p class='ocr_par' dir='ltr' id='par_1_55' title="bbox 1860 2547 3433 2617">
     <span class='ocr_line' id='line_1_55' title="bbox 1860 2547 3433 2617; baseline 0.002 -15"><span class='ocrx_word' id='word_1_382' title='bbox 1860 2551 1985 2603; x_wconf 78' lang='lat' dir='ltr'><strong>Erat</strong></span> <span class='ocrx_word' id='word_1_383' title='bbox 2034 2549 2178 2602; x_wconf 89' lang='lat' dir='ltr'><strong>enim</strong></span> <span class='ocrx_word' id='word_1_384' title='bbox 2223 2547 2699 2617; x_wconf 86' lang='lat' dir='ltr'><strong>protospatharius</strong></span> <span class='ocrx_word' id='word_1_385' title='bbox 2760 2556 2815 2601; x_wconf 90' lang='lat' dir='ltr'><strong>et</strong></span> <span class='ocrx_word' id='word_1_386' title='bbox 2866 2556 2927 2600; x_wconf 94' lang='lat' dir='ltr'><strong>ut</strong></span> <span class='ocrx_word' id='word_1_387' title='bbox 2958 2562 3075 2601; x_wconf 92' lang='lat' dir='ltr'><strong>mos</strong></span> <span class='ocrx_word' id='word_1_388' title='bbox 3124 2557 3209 2603; x_wconf 89' lang='lat' dir='ltr'><strong>est</strong></span> <span class='ocrx_word' id='word_1_389' title='bbox 3254 2550 3433 2605; x_wconf 87' lang='lat' dir='ltr'><strong>nomi-</strong></span> 
     </span>
    </p>
   </div>
   <div class='ocr_carea' id='block_1_56' title="bbox 1856 2639 3434 2709">
    <p class='ocr_par' dir='ltr' id='par_1_56' title="bbox 1856 2639 3434 2709">
     <span class='ocr_line' id='line_1_56' title="bbox 1856 2639 3434 2709; baseline 0.003 -17"><span class='ocrx_word' id='word_1_390' title='bbox 1856 2656 1987 2692; x_wconf 90' lang='lat' dir='ltr'><strong>nare</strong></span> <span class='ocrx_word' id='word_1_391' title='bbox 2031 2641 2166 2707; x_wconf 79' lang='grc'><strong>(15),</strong></span> <span class='ocrx_word' id='word_1_392' title='bbox 2214 2640 2266 2691; x_wconf 86' lang='lat' dir='ltr'><strong>in</strong></span> <span class='ocrx_word' id='word_1_393' title='bbox 2327 2639 2631 2691; x_wconf 83' lang='lat' dir='ltr'><strong>Manclabio</strong></span> <span class='ocrx_word' id='word_1_394' title='bbox 2676 2639 2809 2709; x_wconf 68' lang='grc'><strong>(14).</strong></span> <span class='ocrx_word' id='word_1_395' title='bbox 2864 2642 2965 2696; x_wconf 86' lang='lat' dir='ltr'><strong>Hic</strong></span> <span class='ocrx_word' id='word_1_396' title='bbox 3030 2658 3277 2699; x_wconf 86' lang='lat' dir='ltr'><strong>summus</strong></span> <span class='ocrx_word' id='word_1_397' title='bbox 3314 2652 3434 2698; x_wconf 85' lang='lat' dir='ltr'><strong>erat</strong></span> 
     </span>
    </p>
   </div>
   <div class='ocr_carea' id='block_1_57' title="bbox 1856 2730 3434 2793">
    <p class='ocr_par' dir='ltr' id='par_1_57' title="bbox 1856 2730 3434 2793">
     <span class='ocr_line' id='line_1_57' title="bbox 1856 2730 3434 2793; baseline -0.001 -6"><span class='ocrx_word' id='word_1_398' title='bbox 1856 2731 2174 2787; x_wconf 88' lang='lat' dir='ltr'><strong>Theodoriti</strong></span> <span class='ocrx_word' id='word_1_399' title='bbox 2223 2730 2453 2793; x_wconf 90' lang='lat' dir='ltr'><strong>amicus,</strong></span> <span class='ocrx_word' id='word_1_400' title='bbox 2505 2737 2560 2784; x_wconf 91' lang='lat' dir='ltr'><strong>et</strong></span> <span class='ocrx_word' id='word_1_401' title='bbox 2615 2730 2895 2784; x_wconf 86' lang='lat' dir='ltr'><strong>unanimis</strong></span> <span class='ocrx_word' id='word_1_402' title='bbox 2946 2733 3131 2785; x_wconf 91' lang='lat' dir='ltr'><strong>socius</strong></span> <span class='ocrx_word' id='word_1_403' title='bbox 3173 2733 3227 2785; x_wconf 90' lang='lat' dir='ltr'><strong>in</strong></span> <span class='ocrx_word' id='word_1_404' title='bbox 3271 2736 3434 2787; x_wconf 92' lang='lat' dir='ltr'><strong>mini-</strong></span> 
     </span>
    </p>
   </div>
   <div class='ocr_carea' id='block_1_58' title="bbox 1858 2822 3432 2891">
    <p class='ocr_par' dir='ltr' id='par_1_58' title="bbox 1858 2822 3432 2891">
     <span class='ocr_line' id='line_1_58' title="bbox 1858 2822 3432 2891; baseline -0.001 -11"><span class='ocrx_word' id='word_1_405' title='bbox 1858 2825 2048 2880; x_wconf 78' lang='lat' dir='ltr'><strong>SIerio.</strong></span> <span class='ocrx_word' id='word_1_406' title='bbox 2084 2824 2225 2879; x_wconf 82' lang='lat' dir='ltr'><strong>Huic</strong></span> <span class='ocrx_word' id='word_1_407' title='bbox 2254 2833 2434 2877; x_wconf 90' lang='lat' dir='ltr'><strong>autem</strong></span> <span class='ocrx_word' id='word_1_408' title='bbox 2462 2822 2631 2875; x_wconf 87' lang='lat' dir='ltr'><strong>Leoni</strong></span> <span class='ocrx_word' id='word_1_409' title='bbox 2667 2836 2791 2877; x_wconf 91' lang='lat' dir='ltr'><strong>cum</strong></span> <span class='ocrx_word' id='word_1_410' title='bbox 2818 2822 3001 2891; x_wconf 89' lang='lat' dir='ltr'><strong>aliqua</strong></span> <span class='ocrx_word' id='word_1_411' title='bbox 3025 2822 3093 2877; x_wconf 91' lang='lat' dir='ltr'><strong>de</strong></span> <span class='ocrx_word' id='word_1_412' title='bbox 3118 2839 3281 2878; x_wconf 86' lang='lat' dir='ltr'><strong>causa</strong></span> <span class='ocrx_word' id='word_1_413' title='bbox 3306 2840 3432 2879; x_wconf 84' lang='lat' dir='ltr'><strong>suc-</strong></span> 
     </span>
    </p>
   </div>
   <div class='ocr_carea' id='block_1_59' title="bbox 1858 2914 3433 2985">
    <p class='ocr_par' dir='ltr' id='par_1_59' title="bbox 1858 2914 3433 2985">
     <span class='ocr_line' id='line_1_59' title="bbox 1858 2914 3433 2985; baseline 0.001 -15"><span class='ocrx_word' id='word_1_414' title='bbox 1858 2917 2160 2971; x_wconf 78' lang='lat' dir='ltr'><strong>censuisset</strong></span> <span class='ocrx_word' id='word_1_415' title='bbox 2193 2915 2555 2985; x_wconf 83' lang='lat' dir='ltr'><strong>Drnngarius,</strong></span> <span class='ocrx_word' id='word_1_416' title='bbox 2583 2928 2708 2968; x_wconf 91' lang='lat' dir='ltr'><strong>eum</strong></span> <span class='ocrx_word' id='word_1_417' title='bbox 2758 2914 2951 2968; x_wconf 84' lang='lat' dir='ltr'><strong>habuit</strong></span> <span class='ocrx_word' id='word_1_418' title='bbox 2995 2928 3332 2985; x_wconf 89' lang='lat' dir='ltr'><strong>suspectum,</strong></span> <span class='ocrx_word' id='word_1_419' title='bbox 3376 2925 3433 2971; x_wconf 90' lang='lat' dir='ltr'><strong>et</strong></span> 
     </span>
    </p>
   </div>
   <div class='ocr_carea' id='block_1_60' title="bbox 1860 3010 3433 3075">
    <p class='ocr_par' dir='ltr' id='par_1_60' title="bbox 1860 3010 3433 3075">
     <span class='ocr_line' id='line_1_60' title="bbox 1860 3010 3433 3075; baseline 0.001 -14"><span class='ocrx_word' id='word_1_420' title='bbox 1860 3019 2104 3075; x_wconf 89' lang='lat' dir='ltr'><strong>tempore</strong></span> <span class='ocrx_word' id='word_1_421' title='bbox 2136 3023 2243 3061; x_wconf 90' lang='lat' dir='ltr'><strong>non</strong></span> <span class='ocrx_word' id='word_1_422' title='bbox 2275 3024 2444 3074; x_wconf 82' lang='lat' dir='ltr'><strong>parvo</strong></span> <span class='ocrx_word' id='word_1_423' title='bbox 2470 3022 2595 3061; x_wconf 91' lang='lat' dir='ltr'><strong>eum</strong></span> <span class='ocrx_word' id='word_1_424' title='bbox 2643 3022 2670 3059; x_wconf 92' lang='lat' dir='ltr'><strong>a</strong></span> <span class='ocrx_word' id='word_1_425' title='bbox 2712 3019 2974 3063; x_wconf 88' lang='lat' dir='ltr'><strong>consueta</strong></span> <span class='ocrx_word' id='word_1_426' title='bbox 3012 3010 3244 3064; x_wconf 81' lang='lat' dir='ltr'><strong>removit</strong></span> <span class='ocrx_word' id='word_1_427' title='bbox 3276 3010 3433 3063; x_wconf 78' lang='lat' dir='ltr'><strong>l’ami-</strong></span> 
     </span>
    </p>
   </div>
   <div class='ocr_carea' id='block_1_61' title="bbox 1857 3099 3429 3170">
    <p class='ocr_par' dir='ltr' id='par_1_61' title="bbox 1857 3099 3429 3170">
     <span class='ocr_line' id='line_1_61' title="bbox 1857 3099 3429 3170; baseline 0.003 -18"><span class='ocrx_word' id='word_1_428' title='bbox 1857 3099 2115 3163; x_wconf 88' lang='lat' dir='ltr'><strong>liaritate,</strong></span> <span class='ocrx_word' id='word_1_429' title='bbox 2151 3106 2206 3153; x_wconf 90' lang='lat' dir='ltr'><strong>et</strong></span> <span class='ocrx_word' id='word_1_430' title='bbox 2248 3100 2317 3153; x_wconf 89' lang='lat' dir='ltr'><strong>ab</strong></span> <span class='ocrx_word' id='word_1_431' title='bbox 2361 3114 2445 3163; x_wconf 89' lang='lat' dir='ltr'><strong>ea,</strong></span> <span class='ocrx_word' id='word_1_432' title='bbox 2477 3116 2640 3168; x_wconf 89' lang='lat' dir='ltr'><strong>quam</strong></span> <span class='ocrx_word' id='word_1_433' title='bbox 2700 3102 2855 3170; x_wconf 89' lang='lat' dir='ltr'><strong>prius</strong></span> <span class='ocrx_word' id='word_1_434' title='bbox 2904 3102 3163 3165; x_wconf 85' lang='lat' dir='ltr'><strong>habebat,</strong></span> <span class='ocrx_word' id='word_1_435' title='bbox 3208 3102 3429 3157; x_wconf 72' lang='lat' dir='ltr'><strong>fiducia.</strong></span> 
     </span>
    </p>
   </div>
   <div class='ocr_carea' id='block_1_62' title="bbox 172 3182 1750 3267">
    <p class='ocr_par' dir='ltr' id='par_1_62' title="bbox 172 3182 1750 3265">
     <span class='ocr_line' id='line_1_62' title="bbox 172 3182 1750 3265; baseline -0.01 -18"><span class='ocrx_word' id='word_1_436' title='bbox 172 3198 293 3265; x_wconf 68' lang='grc' dir='ltr'>οζχὶ</span> <span class='ocrx_word' id='word_1_437' title='bbox 326 3191 556 3264; x_wconf 81' lang='grc' dir='ltr'>βραχύν.</span> <span class='ocrx_word' id='word_1_438' title='bbox 593 3189 820 3259; x_wconf 78' lang='grc' dir='ltr'>Μάρτυς</span> <span class='ocrx_word' id='word_1_439' title='bbox 862 3186 975 3255; x_wconf 77' lang='grc' dir='ltr'>είμὶ</span> <span class='ocrx_word' id='word_1_440' title='bbox 1012 3184 1107 3237; x_wconf 77' lang='grc' dir='ltr'>καὶ</span> <span class='ocrx_word' id='word_1_441' title='bbox 1134 3182 1294 3245; x_wconf 85' lang='grc' dir='ltr'>αὐτὸς</span> <span class='ocrx_word' id='word_1_442' title='bbox 1333 3182 1432 3250; x_wconf 82' lang='grc' dir='ltr'>τῆς</span> <span class='ocrx_word' id='word_1_443' title='bbox 1481 3184 1617 3251; x_wconf 83' lang='grc' dir='ltr'>πρὸς</span> <span class='ocrx_word' id='word_1_444' title='bbox 1660 3182 1750 3233; x_wconf 82' lang='grc' dir='ltr'><strong>τὸν</strong></span> 
     </span>
    </p>
   </div>
   <div class='ocr_carea' id='block_1_63' title="bbox 1861 3182 3432 3267">
    <p class='ocr_par' dir='ltr' id='par_1_63' title="bbox 1861 3192 3432 3263">
     <span class='ocr_line' id='line_1_63' title="bbox 1861 3192 3432 3263; baseline 0.004 -17"><span class='ocrx_word' id='word_1_445' title='bbox 1861 3192 1987 3246; x_wconf 83' lang='lat' dir='ltr'><strong>Sum</strong></span> <span class='ocrx_word' id='word_1_446' title='bbox 2013 3207 2231 3261; x_wconf 92' lang='lat' dir='ltr'><strong>quoque</strong></span> <span class='ocrx_word' id='word_1_447' title='bbox 2263 3208 2363 3263; x_wconf 86' lang='lat' dir='ltr'><strong>ego</strong></span> <span class='ocrx_word' id='word_1_448' title='bbox 2399 3194 2551 3248; x_wconf 91' lang='lat' dir='ltr'><strong>testis</strong></span> <span class='ocrx_word' id='word_1_449' title='bbox 2580 3193 2869 3263; x_wconf 83' lang='lat' dir='ltr'><strong>Drungaril</strong></span> <span class='ocrx_word' id='word_1_450' title='bbox 2902 3196 3165 3251; x_wconf 90' lang='lat' dir='ltr'><strong>adversus</strong></span> <span class='ocrx_word' id='word_1_451' title='bbox 3193 3194 3432 3252; x_wconf 85' lang='lat' dir='ltr'><strong>Leonem</strong></span> 
     </span>
    </p>
   </div>
   <div class='ocr_carea' id='block_1_64' title="bbox 174 3275 1752 3355">
    <p class='ocr_par' dir='ltr' id='par_1_64' title="bbox 174 3275 1752 3355">
     <span class='ocr_line' id='line_1_64' title="bbox 174 3275 1752 3355; baseline -0.01 -15"><span class='ocrx_word' id='word_1_452' title='bbox 174 3290 383 3341; x_wconf 77' lang='grc' dir='ltr'>Λέοντα</span> <span class='ocrx_word' id='word_1_453' title='bbox 423 3281 792 3355; x_wconf 75' lang='grc' dir='ltr'>χαλεπότητος</span> <span class='ocrx_word' id='word_1_454' title='bbox 833 3278 927 3331; x_wconf 83' lang='grc' dir='ltr'>τοῦ</span> <span class='ocrx_word' id='word_1_455' title='bbox 964 3276 1174 3346; x_wconf 74' lang='grc' dir='ltr'>ἀνδρὸς,</span> <span class='ocrx_word' id='word_1_456' title='bbox 1225 3275 1319 3327; x_wconf 53' lang='grc' dir='ltr'><strong>καὶ⁸</strong></span> <span class='ocrx_word' id='word_1_457' title='bbox 1349 3276 1448 3344; x_wconf 82' lang='grc' dir='ltr'><strong>τὴν</strong></span> <span class='ocrx_word' id='word_1_458' title='bbox 1480 3275 1752 3345; x_wconf 81' lang='grc' dir='ltr'>ἀποστροο</span> 
     </span>
    </p>
   </div>
   <div class='ocr_carea' id='block_1_65' title="bbox 174 3361 1754 3447">
    <p class='ocr_par' dir='ltr' id='par_1_65' title="bbox 174 3361 1754 3447">
     <span class='ocr_line' id='line_1_65' title="bbox 174 3361 1754 3447; baseline -0.011 -18"><span class='ocrx_word' id='word_1_459' title='bbox 174 3380 281 3447; x_wconf 76' lang='grc' dir='ltr'>φὴν</span> <span class='ocrx_word' id='word_1_460' title='bbox 314 3371 453 3438; x_wconf 74' lang='grc' dir='ltr'>οἶδα,</span> <span class='ocrx_word' id='word_1_461' title='bbox 490 3373 585 3426; x_wconf 75' lang='grc' dir='ltr'><strong>καὶ</strong></span> <span class='ocrx_word' id='word_1_462' title='bbox 624 3370 723 3440; x_wconf 79' lang='grc' dir='ltr'><strong>τὴν</strong></span> <span class='ocrx_word' id='word_1_463' title='bbox 748 3370 969 3440; x_wconf 83' lang='grc' dir='ltr'>χρονίαν</span> <span class='ocrx_word' id='word_1_464' title='bbox 999 3368 1319 3419; x_wconf 78' lang='grc' dir='ltr'>ἀπόστασιν.</span> <span class='ocrx_word' id='word_1_465' title='bbox 1357 3363 1467 3416; x_wconf 79' lang='grc' dir='ltr'>Καὶ</span> <span class='ocrx_word' id='word_1_466' title='bbox 1508 3362 1616 3430; x_wconf 79' lang='grc' dir='ltr'>γὰρ</span> <span class='ocrx_word' id='word_1_467' title='bbox 1660 3361 1754 3413; x_wconf 85' lang='grc' dir='ltr'><strong>καὶ</strong></span> 
     </span>
    </p>
   </div>
   <div class='ocr_carea' id='block_1_66' title="bbox 172 3455 1752 3537">
    <p class='ocr_par' dir='ltr' id='par_1_66' title="bbox 172 3455 1752 3537">
     <span class='ocr_line' id='line_1_66' title="bbox 172 3455 1752 3537; baseline -0.013 -12"><span class='ocrx_word' id='word_1_468' title='bbox 172 3472 338 3532; x_wconf 71' lang='grc' dir='ltr'>αὐτὸς</span> <span class='ocrx_word' id='word_1_469' title='bbox 363 3469 548 3537; x_wconf 71' lang='grc' dir='ltr'>ἠξίουν</span> <span class='ocrx_word' id='word_1_470' title='bbox 580 3466 720 3534; x_wconf 83' lang='grc' dir='ltr'>ὑπὲρ</span> <span class='ocrx_word' id='word_1_471' title='bbox 749 3462 843 3515; x_wconf 78' lang='grc' dir='ltr'>τοῦ</span> <span class='ocrx_word' id='word_1_472' title='bbox 870 3462 1118 3524; x_wconf 74' lang='grc' dir='ltr'>Λέοντος,</span> <span class='ocrx_word' id='word_1_473' title='bbox 1167 3459 1321 3525; x_wconf 81' lang='grc' dir='ltr'>φίλος</span> <span class='ocrx_word' id='word_1_474' title='bbox 1350 3456 1425 3507; x_wconf 84' lang='grc' dir='ltr'>ὢν</span> <span class='ocrx_word' id='word_1_475' title='bbox 1467 3455 1561 3507; x_wconf 80' lang='grc' dir='ltr'>καὶ</span> <span class='ocrx_word' id='word_1_476' title='bbox 1622 3472 1752 3506; x_wconf 75' lang='grc' dir='ltr'>συν-</span> 
     </span>
    </p>
   </div>
   <div class='ocr_carea' id='block_1_67' title="bbox 169 3548 1755 3635">
    <p class='ocr_par' dir='ltr' id='par_1_67' title="bbox 169 3548 1755 3635">
     <span class='ocr_line' id='line_1_67' title="bbox 169 3548 1755 3635; baseline -0.008 -21"><span class='ocrx_word' id='word_1_477' title='bbox 169 3565 308 3635; x_wconf 75' lang='grc' dir='ltr'>ήθης</span> <span class='ocrx_word' id='word_1_478' title='bbox 338 3562 416 3631; x_wconf 79' lang='grc' dir='ltr'>τῷ</span> <span class='ocrx_word' id='word_1_479' title='bbox 447 3557 824 3629; x_wconf 83' lang='grc' dir='ltr'>Δρουγγαρίῳ.</span> <span class='ocrx_word' id='word_1_480' title='bbox 866 3554 1085 3605; x_wconf 81' lang='grc' dir='ltr'>Ἠνιᾶτο</span> <span class='ocrx_word' id='word_1_481' title='bbox 1141 3550 1317 3603; x_wconf 84' lang='grc' dir='ltr'>τοίνυν</span> <span class='ocrx_word' id='word_1_482' title='bbox 1343 3550 1371 3599; x_wconf 82' lang='grc' dir='ltr'>ὁ</span> <span class='ocrx_word' id='word_1_483' title='bbox 1407 3550 1557 3603; x_wconf 84' lang='grc' dir='ltr'>Λέων</span> <span class='ocrx_word' id='word_1_484' title='bbox 1612 3548 1755 3619; x_wconf 83' lang='grc' dir='ltr'>μάλα</span> 
     </span>
    </p>
   </div>
   <div class='ocr_carea' id='block_1_68' title="bbox 170 3636 1751 3721">
    <p class='ocr_par' dir='ltr' id='par_1_68' title="bbox 170 3636 1751 3721">
     <span class='ocr_line' id='line_1_68' title="bbox 170 3636 1751 3721; baseline -0.007 -20"><span class='ocrx_word' id='word_1_485' title='bbox 170 3652 421 3721; x_wconf 65' lang='grc' dir='ltr'>σφοδρῶς</span> <span class='ocrx_word' id='word_1_486' title='bbox 455 3650 548 3700; x_wconf 73' lang='grc' dir='ltr'><strong>καὶ</strong></span> <span class='ocrx_word' id='word_1_487' title='bbox 573 3644 783 3715; x_wconf 78' lang='grc' dir='ltr'>ἀθυμίᾳ</span> <span class='ocrx_word' id='word_1_488' title='bbox 814 3644 1109 3711; x_wconf 85' lang='grc' dir='ltr'>συνείχετο,</span> <span class='ocrx_word' id='word_1_489' title='bbox 1150 3642 1247 3693; x_wconf 73' lang='grc' dir='ltr'><strong>καὶ</strong></span> <span class='ocrx_word' id='word_1_490' title='bbox 1281 3640 1380 3709; x_wconf 81' lang='grc' dir='ltr'><strong>τὴν</strong></span> <span class='ocrx_word' id='word_1_491' title='bbox 1406 3639 1581 3710; x_wconf 82' lang='grc' dir='ltr'>λύπην</span> <span class='ocrx_word' id='word_1_492' title='bbox 1616 3636 1751 3709; x_wconf 74' lang='grc' dir='ltr'>εἶχε,</span> 
     </span>
    </p>
   </div>
   <div class='ocr_carea' id='block_1_69' title="bbox 170 3732 1754 3801">
    <p class='ocr_par' dir='ltr' id='par_1_69' title="bbox 170 3732 1754 3801">
     <span class='ocr_line' id='line_1_69' title="bbox 170 3732 1754 3801; baseline -0.01 -6"><span class='ocrx_word' id='word_1_493' title='bbox 170 3747 264 3797; x_wconf 76' lang='grc' dir='ltr'><strong>καὶ</strong></span> <span class='ocrx_word' id='word_1_494' title='bbox 320 3740 504 3794; x_wconf 71' lang='grc' dir='ltr'>αὐτῶν</span> <span class='ocrx_word' id='word_1_495' title='bbox 568 3738 774 3790; x_wconf 82' lang='grc' dir='ltr'>ὀστέων</span> <span class='ocrx_word' id='word_1_496' title='bbox 830 3734 1143 3801; x_wconf 81' lang='grc' dir='ltr'>ἁπτομένην</span> <span class='ocrx_word' id='word_1_497' title='bbox 1202 3734 1297 3785; x_wconf 56' lang='grc' dir='ltr'><strong>καλ¹</strong></span> <span class='ocrx_word' id='word_1_498' title='bbox 1362 3732 1595 3801; x_wconf 82' lang='grc' dir='ltr'>μυελῶν,</span> <span class='ocrx_word' id='word_1_499' title='bbox 1658 3733 1754 3785; x_wconf 73' lang='grc' dir='ltr'>καὶ</span> 
     </span>
    </p>
   </div>
   <div class='ocr_carea' id='block_1_70' title="bbox 171 3823 1750 3908">
    <p class='ocr_par' dir='ltr' id='par_1_70' title="bbox 171 3823 1750 3908">
     <span class='ocr_line' id='line_1_70' title="bbox 171 3823 1750 3908; baseline -0.009 -18"><span class='ocrx_word' id='word_1_500' title='bbox 171 3835 412 3908; x_wconf 75' lang='grc' dir='ltr'>ἰσχυρῶς</span> <span class='ocrx_word' id='word_1_501' title='bbox 452 3836 748 3902; x_wconf 75' lang='grc' dir='ltr'>τήκουσαν.</span> <span class='ocrx_word' id='word_1_502' title='bbox 782 3824 891 3881; x_wconf 85' lang='grc' dir='ltr'>Ἦν</span> <span class='ocrx_word' id='word_1_503' title='bbox 928 3826 985 3879; x_wconf 72' lang='grc' dir='ltr'><strong>δὲ</strong></span> <span class='ocrx_word' id='word_1_504' title='bbox 1024 3824 1085 3877; x_wconf 80' lang='grc' dir='ltr'><strong>τὸ</strong></span> <span class='ocrx_word' id='word_1_505' title='bbox 1118 3823 1319 3877; x_wconf 82' lang='grc' dir='ltr'>λυποῦν</span> <span class='ocrx_word' id='word_1_506' title='bbox 1353 3823 1412 3875; x_wconf 82' lang='grc' dir='ltr'>οὐ</span> <span class='ocrx_word' id='word_1_507' title='bbox 1450 3826 1611 3893; x_wconf 74' lang='grc' dir='ltr'>μόνον</span> <span class='ocrx_word' id='word_1_508' title='bbox 1658 3826 1750 3880; x_wconf 83' lang='grc' dir='ltr'>τοῦ</span> 
     </span>
    </p>
   </div>
   <div class='ocr_carea' id='block_1_71' title="bbox 170 3913 1751 3992">
    <p class='ocr_par' dir='ltr' id='par_1_71' title="bbox 170 3913 1751 3992">
     <span class='ocr_line' id='line_1_71' title="bbox 170 3913 1751 3992; baseline -0.01 -9"><span class='ocrx_word' id='word_1_509' title='bbox 170 3933 423 3992; x_wconf 73' lang='grc' dir='ltr'>Λέοντος,</span> <span class='ocrx_word' id='word_1_510' title='bbox 462 3924 600 3978; x_wconf 84' lang='grc' dir='ltr'><strong>ἀλλά</strong></span> <span class='ocrx_word' id='word_1_511' title='bbox 636 3922 736 3991; x_wconf 77' lang='grc' dir='ltr'>μὲν</span> <span class='ocrx_word' id='word_1_512' title='bbox 777 3920 874 3973; x_wconf 76' lang='grc' dir='ltr'>καὶ</span> <span class='ocrx_word' id='word_1_513' title='bbox 913 3916 1243 3987; x_wconf 85' lang='grc' dir='ltr'>Θεοδώριτος</span> <span class='ocrx_word' id='word_1_514' title='bbox 1287 3916 1376 3969; x_wconf 79' lang='grc' dir='ltr'><strong>τὸν</strong></span> <span class='ocrx_word' id='word_1_515' title='bbox 1408 3915 1571 3968; x_wconf 81' lang='grc' dir='ltr'>αὑτδν</span> <span class='ocrx_word' id='word_1_516' title='bbox 1606 3913 1751 3967; x_wconf 83' lang='grc' dir='ltr'>εἷλκε</span> 
     </span>
    </p>
   </div>
   <div class='ocr_carea' id='block_1_72' title="bbox 169 4006 1749 4088">
    <p class='ocr_par' dir='ltr' id='par_1_72' title="bbox 169 4006 1749 4088">
     <span class='ocr_line' id='line_1_72' title="bbox 169 4006 1749 4088; baseline -0.007 -20"><span class='ocrx_word' id='word_1_517' title='bbox 169 4022 337 4088; x_wconf 72' lang='grc' dir='ltr'>ζυγὸν</span> <span class='ocrx_word' id='word_1_518' title='bbox 366 4017 460 4069; x_wconf 83' lang='grc' dir='ltr'>τοῦ</span> <span class='ocrx_word' id='word_1_519' title='bbox 497 4017 677 4082; x_wconf 81' lang='grc' dir='ltr'>λόγου,</span> <span class='ocrx_word' id='word_1_520' title='bbox 714 4015 807 4063; x_wconf 74' lang='grc' dir='ltr'><strong>καὶ</strong></span> <span class='ocrx_word' id='word_1_521' title='bbox 839 4010 1091 4079; x_wconf 82' lang='grc' dir='ltr'>συνήλγει</span> <span class='ocrx_word' id='word_1_522' title='bbox 1121 4008 1268 4076; x_wconf 83' lang='grc' dir='ltr'>αὐτῴ</span> <span class='ocrx_word' id='word_1_523' title='bbox 1304 4010 1394 4057; x_wconf 76' lang='grc' dir='ltr'><strong>καὶ</strong></span> <span class='ocrx_word' id='word_1_524' title='bbox 1423 4006 1749 4074; x_wconf 82' lang='grc' dir='ltr'>συνέπασχε,</span> 
     </span>
    </p>
   </div>
   <div class='ocr_carea' id='block_1_73' title="bbox 172 4096 1752 4183">
    <p class='ocr_par' dir='ltr' id='par_1_73' title="bbox 172 4096 1752 4183">
     <span class='ocr_line' id='line_1_73' title="bbox 172 4096 1752 4183; baseline -0.006 -22"><span class='ocrx_word' id='word_1_525' title='bbox 172 4116 359 4183; x_wconf 75' lang='grc' dir='ltr'>νόμοις</span> <span class='ocrx_word' id='word_1_526' title='bbox 391 4110 559 4162; x_wconf 80' lang='grc' dir='ltr'>εἴκων</span> <span class='ocrx_word' id='word_1_527' title='bbox 588 4102 1019 4175; x_wconf 76' lang='grc' dir='ltr'>φιλανθρωπίας,</span> <span class='ocrx_word' id='word_1_528' title='bbox 1054 4100 1149 4153; x_wconf 75' lang='grc' dir='ltr'><strong>ἅτε</strong></span> <span class='ocrx_word' id='word_1_529' title='bbox 1210 4098 1273 4169; x_wconf 83' lang='grc' dir='ltr'><strong>δὴ</strong></span> <span class='ocrx_word' id='word_1_530' title='bbox 1332 4098 1483 4166; x_wconf 85' lang='grc' dir='ltr'>φίλος</span> <span class='ocrx_word' id='word_1_531' title='bbox 1530 4096 1605 4149; x_wconf 82' lang='grc' dir='ltr'>ὢν</span> <span class='ocrx_word' id='word_1_532' title='bbox 1656 4100 1752 4151; x_wconf 74' lang='grc' dir='ltr'>καὶ</span> 
     </span>
    </p>
   </div>
   <div class='ocr_carea' id='block_1_74' title="bbox 171 4190 1606 4275">
    <p class='ocr_par' dir='ltr' id='par_1_74' title="bbox 171 4190 1606 4275">
     <span class='ocr_line' id='line_1_74' title="bbox 171 4190 1606 4275; baseline -0.011 -17"><span class='ocrx_word' id='word_1_533' title='bbox 171 4203 584 4275; x_wconf 75' lang='grc' dir='ltr'>συνυπηρέτης,</span> <span class='ocrx_word' id='word_1_534' title='bbox 615 4198 809 4266; x_wconf 84' lang='grc' dir='ltr'>ῶσπερ</span> <span class='ocrx_word' id='word_1_535' title='bbox 830 4199 856 4248; x_wconf 82' lang='grc' dir='ltr'><strong>ὁ</strong></span> <span class='ocrx_word' id='word_1_536' title='bbox 885 4194 1038 4261; x_wconf 87' lang='grc' dir='ltr'>λόγος</span> <span class='ocrx_word' id='word_1_537' title='bbox 1070 4192 1282 4263; x_wconf 80' lang='grc' dir='ltr'>φθάσας</span> <span class='ocrx_word' id='word_1_538' title='bbox 1316 4190 1606 4261; x_wconf 75' lang='grc' dir='ltr'>ἐδήλωσεν.</span> 
     </span>
    </p>
   </div>
   <div class='ocr_carea' id='block_1_75' title="bbox 240 4282 1751 4362">
    <p class='ocr_par' dir='ltr' id='par_1_75' title="bbox 240 4282 1751 4362">
     <span class='ocr_line' id='line_1_75' title="bbox 240 4282 1751 4362; baseline -0.002 -23"><span class='ocrx_word' id='word_1_539' title='bbox 240 4299 346 4351; x_wconf 74' lang='grc' dir='ltr'><strong>ιΓν,</strong></span> <span class='ocrx_word' id='word_1_540' title='bbox 376 4294 565 4362; x_wconf 77' lang='grc' dir='ltr'>Ταύτῃ</span> <span class='ocrx_word' id='word_1_541' title='bbox 597 4292 777 4343; x_wconf 88' lang='grc' dir='ltr'>τοίνυν</span> <span class='ocrx_word' id='word_1_542' title='bbox 812 4288 946 4355; x_wconf 82' lang='grc' dir='ltr'><strong>μηδὲ</strong></span> <span class='ocrx_word' id='word_1_543' title='bbox 974 4286 1155 4351; x_wconf 86' lang='grc' dir='ltr'>φέρων</span> <span class='ocrx_word' id='word_1_544' title='bbox 1182 4282 1323 4334; x_wconf 79' lang='grc' dir='ltr'>οὕτω</span> <span class='ocrx_word' id='word_1_545' title='bbox 1351 4284 1627 4351; x_wconf 79' lang='grc' dir='ltr'>πάσχοντα</span> <span class='ocrx_word' id='word_1_546' title='bbox 1660 4285 1751 4336; x_wconf 71' lang='grc' dir='ltr'>τὸν</span> 
     </span>
    </p>
   </div>
   <div class='ocr_carea' id='block_1_76' title="bbox 168 4373 1750 4452">
    <p class='ocr_par' dir='ltr' id='par_1_76' title="bbox 168 4373 1750 4452">
     <span class='ocr_line' id='line_1_76' title="bbox 168 4373 1750 4452; baseline -0.013 -7"><span class='ocrx_word' id='word_1_547' title='bbox 168 4393 376 4445; x_wconf 81' lang='grc' dir='ltr'>Λέοντα</span> <span class='ocrx_word' id='word_1_548' title='bbox 421 4385 689 4452; x_wconf 67' lang='grc' dir='ltr'>καθορᾷν,</span> <span class='ocrx_word' id='word_1_549' title='bbox 729 4378 1011 4446; x_wconf 84' lang='grc' dir='ltr'>ἀπετόλμα</span> <span class='ocrx_word' id='word_1_550' title='bbox 1046 4373 1246 4445; x_wconf 79' lang='grc' dir='ltr'>δηλαδὴ</span> <span class='ocrx_word' id='word_1_551' title='bbox 1290 4374 1383 4425; x_wconf 74' lang='grc' dir='ltr'>καὶ</span> <span class='ocrx_word' id='word_1_552' title='bbox 1422 4374 1750 4443; x_wconf 75' lang='grc' dir='ltr'>παρεκινδύ-</span> 
     </span>
    </p>
   </div>
   <div class='ocr_carea' id='block_1_77' title="bbox 168 4467 1751 4543">
    <p class='ocr_par' dir='ltr' id='par_1_77' title="bbox 168 4467 1751 4543">
     <span class='ocr_line' id='line_1_77' title="bbox 168 4467 1751 4543; baseline 0.004 -28"><span class='ocrx_word' id='word_1_553' title='bbox 168 4502 289 4536; x_wconf 65' lang='grc' dir='ltr'>νευε</span> <span class='ocrx_word' id='word_1_554' title='bbox 346 4484 461 4541; x_wconf 61' lang='grc' dir='ltr'><strong>τοῖς</strong></span> <span class='ocrx_word' id='word_1_555' title='bbox 522 4477 705 4543; x_wconf 70' lang='grc' dir='ltr'>λόγοις</span> <span class='ocrx_word' id='word_1_556' title='bbox 757 4475 867 4532; x_wconf 77' lang='grc' dir='ltr'>τοῖς</span> <span class='ocrx_word' id='word_1_557' title='bbox 928 4470 1061 4539; x_wconf 76' lang='grc' dir='ltr'>πρὸς</span> <span class='ocrx_word' id='word_1_558' title='bbox 1108 4470 1200 4520; x_wconf 83' lang='grc' dir='ltr'><strong>τὸν</strong></span> <span class='ocrx_word' id='word_1_559' title='bbox 1237 4467 1446 4520; x_wconf 82' lang='grc' dir='ltr'>ἑαυτῶν</span> <span class='ocrx_word' id='word_1_560' title='bbox 1484 4467 1751 4538; x_wconf 83' lang='grc' dir='ltr'>δεσπότην</span> 
     </span>
    </p>
   </div>
   <div class='ocr_carea' id='block_1_78' title="bbox 1862 3285 3437 3359">
    <p class='ocr_par' dir='ltr' id='par_1_78' title="bbox 1862 3285 3437 3359">
     <span class='ocr_line' id='line_1_78' title="bbox 1862 3285 3437 3359; baseline 0.003 -21"><span class='ocrx_word' id='word_1_561' title='bbox 1862 3285 2273 3354; x_wconf 82' lang='lat' dir='ltr'><strong>indignationis,</strong></span> <span class='ocrx_word' id='word_1_562' title='bbox 2312 3287 2533 3356; x_wconf 80' lang='lat' dir='ltr'><strong>vidique</strong></span> <span class='ocrx_word' id='word_1_563' title='bbox 2576 3290 2920 3343; x_wconf 88' lang='lat' dir='ltr'><strong>aversionem</strong></span> <span class='ocrx_word' id='word_1_564' title='bbox 2968 3290 3087 3359; x_wconf 83' lang='lat' dir='ltr'><strong>ejus</strong></span> <span class='ocrx_word' id='word_1_565' title='bbox 3128 3299 3183 3344; x_wconf 91' lang='lat' dir='ltr'><strong>et</strong></span> <span class='ocrx_word' id='word_1_566' title='bbox 3223 3290 3437 3345; x_wconf 88' lang='lat' dir='ltr'><strong>diutur-</strong></span> 
     </span>
    </p>
   </div>
   <div class='ocr_carea' id='block_1_79' title="bbox 1860 3379 3435 3452">
    <p class='ocr_par' dir='ltr' id='par_1_79' title="bbox 1860 3379 3435 3452">
     <span class='ocr_line' id='line_1_79' title="bbox 1860 3379 3435 3452; baseline 0.005 -21"><span class='ocrx_word' id='word_1_567' title='bbox 1860 3392 1983 3431; x_wconf 91' lang='lat' dir='ltr'><strong>nam</strong></span> <span class='ocrx_word' id='word_1_568' title='bbox 2024 3379 2451 3445; x_wconf 88' lang='lat' dir='ltr'><strong>separationem.</strong></span> <span class='ocrx_word' id='word_1_569' title='bbox 2507 3379 2618 3433; x_wconf 93' lang='lat' dir='ltr'><strong>lmo</strong></span> <span class='ocrx_word' id='word_1_570' title='bbox 2666 3397 2768 3452; x_wconf 91' lang='lat' dir='ltr'><strong>ego</strong></span> <span class='ocrx_word' id='word_1_571' title='bbox 2824 3397 3046 3451; x_wconf 91' lang='lat' dir='ltr'><strong>quoque</strong></span> <span class='ocrx_word' id='word_1_572' title='bbox 3093 3384 3280 3452; x_wconf 87' lang='lat' dir='ltr'><strong>rogavi</strong></span> <span class='ocrx_word' id='word_1_573' title='bbox 3333 3397 3435 3451; x_wconf 88' lang='lat' dir='ltr'><strong>pro</strong></span> 
     </span>
    </p>
   </div>
   <div class='ocr_carea' id='block_1_80' title="bbox 1858 3468 3433 3542">
    <p class='ocr_par' dir='ltr' id='par_1_80' title="bbox 1858 3468 3433 3542">
     <span class='ocr_line' id='line_1_80' title="bbox 1858 3468 3433 3542; baseline 0.003 -19"><span class='ocrx_word' id='word_1_574' title='bbox 1858 3468 2063 3531; x_wconf 90' lang='lat' dir='ltr'><strong>Leone,</strong></span> <span class='ocrx_word' id='word_1_575' title='bbox 2100 3479 2157 3523; x_wconf 93' lang='lat' dir='ltr'><strong>ut</strong></span> <span class='ocrx_word' id='word_1_576' title='bbox 2187 3471 2279 3539; x_wconf 90' lang='lat' dir='ltr'><strong>qui</strong></span> <span class='ocrx_word' id='word_1_577' title='bbox 2310 3485 2489 3524; x_wconf 89' lang='lat' dir='ltr'><strong>essem</strong></span> <span class='ocrx_word' id='word_1_578' title='bbox 2518 3472 2822 3542; x_wconf 89' lang='lat' dir='ltr'><strong>Drungario</strong></span> <span class='ocrx_word' id='word_1_579' title='bbox 2867 3475 3077 3527; x_wconf 90' lang='lat' dir='ltr'><strong>amicus</strong></span> <span class='ocrx_word' id='word_1_580' title='bbox 3106 3484 3161 3527; x_wconf 86' lang='lat' dir='ltr'><strong>et</strong></span> <span class='ocrx_word' id='word_1_581' title='bbox 3194 3473 3433 3529; x_wconf 83' lang='lat' dir='ltr'><strong>familia-</strong></span> 
     </span>
    </p>
   </div>
   <div class='ocr_carea' id='block_1_81' title="bbox 1860 3562 3433 3634">
    <p class='ocr_par' dir='ltr' id='par_1_81' title="bbox 1860 3562 3433 3634">
     <span class='ocr_line' id='line_1_81' title="bbox 1860 3562 3433 3634; baseline 0.003 -19"><span class='ocrx_word' id='word_1_582' title='bbox 1860 3562 1958 3615; x_wconf 90' lang='lat' dir='ltr'><strong>ris.</strong></span> <span class='ocrx_word' id='word_1_583' title='bbox 1992 3562 2157 3617; x_wconf 81' lang='lat' dir='ltr'><strong>Valde</strong></span> <span class='ocrx_word' id='word_1_584' title='bbox 2191 3562 2373 3632; x_wconf 84' lang='lat' dir='ltr'><strong>itaque</strong></span> <span class='ocrx_word' id='word_1_585' title='bbox 2407 3563 2708 3633; x_wconf 89' lang='lat' dir='ltr'><strong>angebatur</strong></span> <span class='ocrx_word' id='word_1_586' title='bbox 2736 3564 2871 3629; x_wconf 89' lang='lat' dir='ltr'><strong>Leo,</strong></span> <span class='ocrx_word' id='word_1_587' title='bbox 2908 3575 2963 3619; x_wconf 91' lang='lat' dir='ltr'><strong>et</strong></span> <span class='ocrx_word' id='word_1_588' title='bbox 2997 3579 3192 3634; x_wconf 88' lang='lat' dir='ltr'><strong>magna</strong></span> <span class='ocrx_word' id='word_1_589' title='bbox 3228 3562 3433 3620; x_wconf 80' lang='lat' dir='ltr'><strong>allicie-</strong></span> 
     </span>
    </p>
   </div>
   <div class='ocr_carea' id='block_1_82' title="bbox 1860 3654 3435 3723">
    <p class='ocr_par' dir='ltr' id='par_1_82' title="bbox 1860 3654 3435 3723">
     <span class='ocr_line' id='line_1_82' title="bbox 1860 3654 3435 3723; baseline -0.001 -15"><span class='ocrx_word' id='word_1_590' title='bbox 1860 3654 2024 3709; x_wconf 84' lang='lat' dir='ltr'><strong>batur</strong></span> <span class='ocrx_word' id='word_1_591' title='bbox 2057 3654 2222 3708; x_wconf 92' lang='lat' dir='ltr'><strong>animi</strong></span> <span class='ocrx_word' id='word_1_592' title='bbox 2263 3654 2614 3723; x_wconf 65' lang='lat' dir='ltr'><strong>aegritudine,</strong></span> <span class='ocrx_word' id='word_1_593' title='bbox 2652 3654 2917 3723; x_wconf 91' lang='lat' dir='ltr'><strong>dolorque</strong></span> <span class='ocrx_word' id='word_1_594' title='bbox 2949 3654 3031 3708; x_wconf 86' lang='lat' dir='ltr'><strong>vel</strong></span> <span class='ocrx_word' id='word_1_595' title='bbox 3074 3655 3187 3723; x_wconf 90' lang='lat' dir='ltr'><strong>ipsa</strong></span> <span class='ocrx_word' id='word_1_596' title='bbox 3220 3668 3344 3707; x_wconf 87' lang='lat' dir='ltr'><strong>ossa</strong></span> <span class='ocrx_word' id='word_1_597' title='bbox 3378 3662 3435 3707; x_wconf 90' lang='lat' dir='ltr'><strong>et</strong></span> 
     </span>
    </p>
   </div>
   <div class='ocr_carea' id='block_1_83' title="bbox 1858 3744 3435 3813">
    <p class='ocr_par' dir='ltr' id='par_1_83' title="bbox 1858 3744 3435 3813">
     <span class='ocr_line' id='line_1_83' title="bbox 1858 3744 3435 3813; baseline -0.001 -15"><span class='ocrx_word' id='word_1_598' title='bbox 1858 3746 2127 3798; x_wconf 87' lang='lat' dir='ltr'><strong>medullas</strong></span> <span class='ocrx_word' id='word_1_599' title='bbox 2189 3746 2467 3813; x_wconf 89' lang='lat' dir='ltr'><strong>tangebat,</strong></span> <span class='ocrx_word' id='word_1_600' title='bbox 2518 3754 2574 3799; x_wconf 91' lang='lat' dir='ltr'><strong>et</strong></span> <span class='ocrx_word' id='word_1_601' title='bbox 2623 3745 2781 3798; x_wconf 87' lang='lat' dir='ltr'><strong>valde</strong></span> <span class='ocrx_word' id='word_1_602' title='bbox 2843 3744 3221 3798; x_wconf 90' lang='lat' dir='ltr'><strong>consumebat.</strong></span> <span class='ocrx_word' id='word_1_603' title='bbox 3289 3744 3435 3808; x_wconf 78' lang='lat' dir='ltr'><strong>Quin</strong></span> 
     </span>
    </p>
   </div>
   <div class='ocr_carea' id='block_1_84' title="bbox 1858 3833 3436 3905">
    <p class='ocr_par' dir='ltr' id='par_1_84' title="bbox 1858 3833 3436 3905">
     <span class='ocr_line' id='line_1_84' title="bbox 1858 3833 3436 3905; baseline -0.001 -17"><span class='ocrx_word' id='word_1_604' title='bbox 1858 3834 2023 3889; x_wconf 89' lang='lat' dir='ltr'><strong>etiam</strong></span> <span class='ocrx_word' id='word_1_605' title='bbox 2050 3833 2419 3888; x_wconf 90' lang='lat' dir='ltr'><strong>Theodoritus</strong></span> <span class='ocrx_word' id='word_1_606' title='bbox 2472 3835 2615 3889; x_wconf 90' lang='lat' dir='ltr'><strong>idem</strong></span> <span class='ocrx_word' id='word_1_607' title='bbox 2654 3835 2845 3905; x_wconf 79' lang='lat' dir='ltr'><strong>jugum</strong></span> <span class='ocrx_word' id='word_1_608' title='bbox 2897 3833 3165 3896; x_wconf 83' lang='lat' dir='ltr'><strong>trahebat,</strong></span> <span class='ocrx_word' id='word_1_609' title='bbox 3200 3842 3261 3887; x_wconf 93' lang='lat' dir='ltr'><strong>ut</strong></span> <span class='ocrx_word' id='word_1_610' title='bbox 3293 3833 3436 3888; x_wconf 89' lang='lat' dir='ltr'><strong>dici-</strong></span> 
     </span>
    </p>
   </div>
   <div class='ocr_carea' id='block_1_85' title="bbox 1860 3924 3435 3994">
    <p class='ocr_par' dir='ltr' id='par_1_85' title="bbox 1860 3924 3435 3994">
     <span class='ocr_line' id='line_1_85' title="bbox 1860 3924 3435 3994; baseline 0 -17"><span class='ocrx_word' id='word_1_611' title='bbox 1860 3933 1969 3982; x_wconf 86' lang='lat' dir='ltr'><strong>tur.</strong></span> <span class='ocrx_word' id='word_1_612' title='bbox 2023 3925 2251 3994; x_wconf 88' lang='lat' dir='ltr'><strong>ejusque</strong></span> <span class='ocrx_word' id='word_1_613' title='bbox 2319 3925 2645 3979; x_wconf 77' lang='lat' dir='ltr'><strong>movebatur</strong></span> <span class='ocrx_word' id='word_1_614' title='bbox 2702 3924 3111 3985; x_wconf 89' lang='lat' dir='ltr'><strong>misericordia,</strong></span> <span class='ocrx_word' id='word_1_615' title='bbox 3172 3924 3435 3993; x_wconf 84' lang='lat' dir='ltr'><strong>gravique</strong></span> 
     </span>
    </p>
   </div>
   <div class='ocr_carea' id='block_1_86' title="bbox 1856 4015 3437 4089">
    <p class='ocr_par' dir='ltr' id='par_1_86' title="bbox 1856 4015 3437 4089">
     <span class='ocr_line' id='line_1_86' title="bbox 1856 4015 3437 4089; baseline -0.001 -20"><span class='ocrx_word' id='word_1_616' title='bbox 1856 4016 2045 4069; x_wconf 84' lang='lat' dir='ltr'><strong>dolore</strong></span> <span class='ocrx_word' id='word_1_617' title='bbox 2102 4015 2461 4083; x_wconf 67' lang='lat' dir='ltr'><strong>adiciebatur,</strong></span> <span class='ocrx_word' id='word_1_618' title='bbox 2512 4017 2726 4089; x_wconf 90' lang='lat' dir='ltr'><strong>legibus</strong></span> <span class='ocrx_word' id='word_1_619' title='bbox 2786 4016 2989 4071; x_wconf 88' lang='lat' dir='ltr'><strong>cedens</strong></span> <span class='ocrx_word' id='word_1_620' title='bbox 3046 4016 3324 4075; x_wconf 68' lang='lat' dir='ltr'><strong>amicitiae.</strong></span> <span class='ocrx_word' id='word_1_621' title='bbox 3376 4025 3437 4069; x_wconf 89' lang='lat' dir='ltr'><strong>ut</strong></span> 
     </span>
    </p>
   </div>
   <div class='ocr_carea' id='block_1_87' title="bbox 1856 4108 3438 4176">
    <p class='ocr_par' dir='ltr' id='par_1_87' title="bbox 1856 4108 3438 4176">
     <span class='ocr_line' id='line_1_87' title="bbox 1856 4108 3438 4176; baseline 0 -16"><span class='ocrx_word' id='word_1_622' title='bbox 1856 4108 1953 4176; x_wconf 89' lang='lat' dir='ltr'><strong>qui</strong></span> <span class='ocrx_word' id='word_1_623' title='bbox 2003 4118 2153 4163; x_wconf 88' lang='lat' dir='ltr'><strong>esset</strong></span> <span class='ocrx_word' id='word_1_624' title='bbox 2202 4111 2439 4174; x_wconf 86' lang='lat' dir='ltr'><strong>amicus,</strong></span> <span class='ocrx_word' id='word_1_625' title='bbox 2491 4120 2547 4165; x_wconf 91' lang='lat' dir='ltr'><strong>et</strong></span> <span class='ocrx_word' id='word_1_626' title='bbox 2596 4112 2649 4163; x_wconf 89' lang='lat' dir='ltr'><strong>in</strong></span> <span class='ocrx_word' id='word_1_627' title='bbox 2716 4110 3029 4163; x_wconf 90' lang='lat' dir='ltr'><strong>ministerio</strong></span> <span class='ocrx_word' id='word_1_628' title='bbox 3090 4110 3299 4174; x_wconf 86' lang='lat' dir='ltr'><strong>socius,</strong></span> <span class='ocrx_word' id='word_1_629' title='bbox 3376 4115 3438 4161; x_wconf 89' lang='lat' dir='ltr'><strong>ut</strong></span> 
     </span>
    </p>
   </div>
   <div class='ocr_carea' id='block_1_88' title="bbox 1856 4200 2461 4268">
    <p class='ocr_par' dir='ltr' id='par_1_88' title="bbox 1856 4200 2461 4268">
     <span class='ocr_line' id='line_1_88' title="bbox 1856 4200 2461 4268; baseline 0.007 -18"><span class='ocrx_word' id='word_1_630' title='bbox 1856 4200 2013 4268; x_wconf 92' lang='lat' dir='ltr'><strong>prius</strong></span> <span class='ocrx_word' id='word_1_631' title='bbox 2041 4209 2123 4253; x_wconf 90' lang='lat' dir='ltr'><strong>est</strong></span> <span class='ocrx_word' id='word_1_632' title='bbox 2155 4209 2461 4254; x_wconf 90' lang='lat' dir='ltr'><strong>ostensum.</strong></span> 
     </span>
    </p>
   </div>
   <div class='ocr_carea' id='block_1_89' title="bbox 1928 4290 3434 4363">
    <p class='ocr_par' dir='ltr' id='par_1_89' title="bbox 1928 4290 3434 4363">
     <span class='ocr_line' id='line_1_89' title="bbox 1928 4290 3434 4363; baseline -0.001 -18"><span class='ocrx_word' id='word_1_633' title='bbox 1928 4290 2067 4345; x_wconf 75' lang='lat' dir='ltr'><strong>Xlll.</strong></span> <span class='ocrx_word' id='word_1_634' title='bbox 2096 4290 2232 4346; x_wconf 91' lang='lat' dir='ltr'><strong>Cum</strong></span> <span class='ocrx_word' id='word_1_635' title='bbox 2267 4291 2450 4361; x_wconf 85' lang='lat' dir='ltr'><strong>itaque</strong></span> <span class='ocrx_word' id='word_1_636' title='bbox 2484 4292 2628 4348; x_wconf 84' lang='lat' dir='ltr'><strong>lerre</strong></span> <span class='ocrx_word' id='word_1_637' title='bbox 2674 4309 2782 4346; x_wconf 91' lang='lat' dir='ltr'><strong>non</strong></span> <span class='ocrx_word' id='word_1_638' title='bbox 2829 4302 3035 4363; x_wconf 83' lang='lat' dir='ltr'><strong>posset,</strong></span> <span class='ocrx_word' id='word_1_639' title='bbox 3075 4292 3314 4345; x_wconf 88' lang='lat' dir='ltr'><strong>Leonem</strong></span> <span class='ocrx_word' id='word_1_640' title='bbox 3350 4290 3434 4345; x_wconf 78' lang='lat' dir='ltr'><strong>sic</strong></span> 
     </span>
    </p>
   </div>
   <div class='ocr_carea' id='block_1_90' title="bbox 1856 4382 3435 4455">
    <p class='ocr_par' dir='ltr' id='par_1_90' title="bbox 1856 4382 3435 4455">
     <span class='ocr_line' id='line_1_90' title="bbox 1856 4382 3435 4455; baseline -0.002 -17"><span class='ocrx_word' id='word_1_641' title='bbox 1856 4384 2019 4442; x_wconf 80' lang='lat' dir='ltr'><strong>allici,</strong></span> <span class='ocrx_word' id='word_1_642' title='bbox 2068 4401 2233 4437; x_wconf 87' lang='lat' dir='ltr'><strong>ausus</strong></span> <span class='ocrx_word' id='word_1_643' title='bbox 2291 4394 2375 4438; x_wconf 85' lang='lat' dir='ltr'><strong>est</strong></span> <span class='ocrx_word' id='word_1_644' title='bbox 2426 4385 2612 4440; x_wconf 87' lang='lat' dir='ltr'><strong>verbis</strong></span> <span class='ocrx_word' id='word_1_645' title='bbox 2654 4400 2815 4439; x_wconf 90' lang='lat' dir='ltr'><strong>suum</strong></span> <span class='ocrx_word' id='word_1_646' title='bbox 2866 4384 3087 4455; x_wconf 83' lang='lat' dir='ltr'><strong>aggredi</strong></span> <span class='ocrx_word' id='word_1_647' title='bbox 3146 4382 3435 4437; x_wconf 91' lang='lat' dir='ltr'><strong>dominum</strong></span> 
     </span>
    </p>
   </div>
   <div class='ocr_carea' id='block_1_91' title="bbox 1859 4476 3437 4546">
    <p class='ocr_par' dir='ltr' id='par_1_91' title="bbox 1859 4476 3437 4546">
     <span class='ocr_line' id='line_1_91' title="bbox 1859 4476 3437 4546; baseline -0.002 -17"><span class='ocrx_word' id='word_1_648' title='bbox 1859 4482 2060 4546; x_wconf 88' lang='lat' dir='ltr'><strong>(neque</strong></span> <span class='ocrx_word' id='word_1_649' title='bbox 2091 4476 2236 4530; x_wconf 89' lang='lat' dir='ltr'><strong>enim</strong></span> <span class='ocrx_word' id='word_1_650' title='bbox 2265 4476 2439 4529; x_wconf 82' lang='lat' dir='ltr'><strong>facilis</strong></span> <span class='ocrx_word' id='word_1_651' title='bbox 2464 4479 2529 4530; x_wconf 90' lang='lat' dir='ltr'><strong>ad</strong></span> <span class='ocrx_word' id='word_1_652' title='bbox 2564 4493 2688 4530; x_wconf 90' lang='lat' dir='ltr'><strong>eum</strong></span> <span class='ocrx_word' id='word_1_653' title='bbox 2708 4479 2929 4545; x_wconf 87' lang='lat' dir='ltr'><strong>patebat</strong></span> <span class='ocrx_word' id='word_1_654' title='bbox 2955 4478 3155 4536; x_wconf 82' lang='lat' dir='ltr'><strong>aditus,</strong></span> <span class='ocrx_word' id='word_1_655' title='bbox 3190 4485 3249 4529; x_wconf 88' lang='lat' dir='ltr'><strong>et</strong></span> <span class='ocrx_word' id='word_1_656' title='bbox 3276 4488 3437 4543; x_wconf 84' lang='lat' dir='ltr'><strong>asper</strong></span> 
     </span>
    </p>
   </div>
   <div class='ocr_carea' id='block_1_92' title="bbox 168 4542 1750 4645">
    <p class='ocr_par' dir='ltr' id='par_1_92' title="bbox 168 4542 1748 4645">
     <span class='ocr_line' id='line_1_92' title="bbox 168 4542 1748 4645; baseline -0.01 -17"><span class='ocrx_word' id='word_1_657' title='bbox 168 4577 399 4645; x_wconf 67' lang='grc' dir='ltr'>(σφόδρα</span> <span class='ocrx_word' id='word_1_658' title='bbox 423 4572 536 4639; x_wconf 66' lang='grc' dir='ltr'><strong>γὰρ</strong></span> <span class='ocrx_word' id='word_1_659' title='bbox 561 4542 919 4635; x_wconf 75' lang='grc' dir='ltr'>δυσπρόσιτός</span> <span class='ocrx_word' id='word_1_660' title='bbox 943 4580 1001 4614; x_wconf 85' lang='grc' dir='ltr'><strong>τε</strong></span> <span class='ocrx_word' id='word_1_661' title='bbox 1033 4564 1124 4614; x_wconf 72' lang='grc' dir='ltr'><strong>καὶ</strong></span> <span class='ocrx_word' id='word_1_662' title='bbox 1146 4561 1502 4630; x_wconf 78' lang='grc' dir='ltr'>δυσομίλητος</span> <span class='ocrx_word' id='word_1_663' title='bbox 1530 4562 1557 4612; x_wconf 83' lang='grc' dir='ltr'>ὁ</span> <span class='ocrx_word' id='word_1_664' title='bbox 1588 4561 1748 4631; x_wconf 79' lang='grc' dir='ltr'>ἀνὴρ,</span> 
     </span>
    </p>
   </div>
   <div class='ocr_carea' id='block_1_93' title="bbox 1861 4542 3427 4645">
    <p class='ocr_par' dir='ltr' id='par_1_93' title="bbox 1861 4567 3427 4636">
     <span class='ocr_line' id='line_1_93' title="bbox 1861 4567 3427 4636; baseline 0.004 -17"><span class='ocrx_word' id='word_1_665' title='bbox 1861 4577 1978 4620; x_wconf 87' lang='lat' dir='ltr'><strong>erat</strong></span> <span class='ocrx_word' id='word_1_666' title='bbox 2016 4568 2068 4619; x_wconf 93' lang='lat' dir='ltr'><strong>in</strong></span> <span class='ocrx_word' id='word_1_667' title='bbox 2119 4568 2392 4620; x_wconf 88' lang='lat' dir='ltr'><strong>sermonis</strong></span> <span class='ocrx_word' id='word_1_668' title='bbox 2438 4568 2845 4636; x_wconf 81' lang='lat' dir='ltr'><strong>congressione,</strong></span> <span class='ocrx_word' id='word_1_669' title='bbox 2884 4567 3120 4623; x_wconf 75' lang='lat' dir='ltr'><strong>maxime</strong></span> <span class='ocrx_word' id='word_1_670' title='bbox 3168 4568 3314 4623; x_wconf 81' lang='lat' dir='ltr'><strong>inter</strong></span> <span class='ocrx_word' id='word_1_671' title='bbox 3353 4571 3427 4625; x_wconf 80' lang='lat' dir='ltr'><strong>fa-</strong></span> 
     </span>
    </p>
   </div>
   <div class='ocr_carea' id='block_1_94' title="bbox 169 4653 1751 4736">
    <p class='ocr_par' dir='ltr' id='par_1_94' title="bbox 169 4653 1751 4736">
     <span class='ocr_line' id='line_1_94' title="bbox 169 4653 1751 4736; baseline -0.003 -25"><span class='ocrx_word' id='word_1_672' title='bbox 169 4673 259 4722; x_wconf 68' lang='grc' dir='ltr'><strong>καὶ</strong></span> <span class='ocrx_word' id='word_1_673' title='bbox 327 4670 569 4736; x_wconf 69' lang='grc' dir='ltr'>μάλιστα</span> <span class='ocrx_word' id='word_1_674' title='bbox 626 4663 686 4711; x_wconf 81' lang='grc' dir='ltr'>ἐν</span> <span class='ocrx_word' id='word_1_675' title='bbox 718 4655 1037 4723; x_wconf 76' lang='grc' dir='ltr'>ὑπηρέταις)</span> <span class='ocrx_word' id='word_1_676' title='bbox 1079 4653 1174 4703; x_wconf 74' lang='grc' dir='ltr'>καὶ</span> <span class='ocrx_word' id='word_1_677' title='bbox 1218 4653 1368 4714; x_wconf 78' lang='grc' dir='ltr'>ἠξίου</span> <span class='ocrx_word' id='word_1_678' title='bbox 1415 4653 1543 4721; x_wconf 75' lang='grc' dir='ltr'>περὶ</span> <span class='ocrx_word' id='word_1_679' title='bbox 1584 4653 1751 4705; x_wconf 74' lang='grc' dir='ltr'>αὑτοῦ</span> 
     </span>
    </p>
   </div>
   <div class='ocr_carea' id='block_1_95' title="bbox 170 4743 1751 4832">
    <p class='ocr_par' dir='ltr' id='par_1_95' title="bbox 170 4743 1751 4832">
     <span class='ocr_line' id='line_1_95' title="bbox 170 4743 1751 4832; baseline -0.019 -17"><span class='ocrx_word' id='word_1_680' title='bbox 170 4764 365 4832; x_wconf 62' lang='grc' dir='ltr'>τρόπον</span> <span class='ocrx_word' id='word_1_681' title='bbox 412 4757 506 4808; x_wconf 70' lang='grc' dir='ltr'><strong>τὸν</strong></span> <span class='ocrx_word' id='word_1_682' title='bbox 553 4754 820 4821; x_wconf 80' lang='grc' dir='ltr'>ἔμφρονα·</span> <span class='ocrx_word' id='word_1_683' title='bbox 849 4749 1088 4816; x_wconf 83' lang='grc' dir='ltr'>Οίχεται,</span> <span class='ocrx_word' id='word_1_684' title='bbox 1126 4744 1321 4810; x_wconf 81' lang='grc' dir='ltr'>λέγων,</span> <span class='ocrx_word' id='word_1_685' title='bbox 1354 4743 1382 4794; x_wconf 85' lang='grc' dir='ltr'>ὁ</span> <span class='ocrx_word' id='word_1_686' title='bbox 1416 4743 1568 4795; x_wconf 87' lang='grc' dir='ltr'>Λέων</span> <span class='ocrx_word' id='word_1_687' title='bbox 1606 4744 1751 4815; x_wconf 81' lang='grc' dir='ltr'>οίχε-</span> 
     </span>
    </p>
   </div>
   <div class='ocr_carea' id='block_1_96' title="bbox 170 4838 1750 4916">
    <p class='ocr_par' dir='ltr' id='par_1_96' title="bbox 170 4838 1750 4916">
     <span class='ocr_line' id='line_1_96' title="bbox 170 4838 1750 4916; baseline -0.01 -11"><span class='ocrx_word' id='word_1_688' title='bbox 170 4872 293 4909; x_wconf 76' lang='grc' dir='ltr'>ταιο</span> <span class='ocrx_word' id='word_1_689' title='bbox 334 4855 457 4911; x_wconf 77' lang='grc' dir='ltr'>δέος</span> <span class='ocrx_word' id='word_1_690' title='bbox 503 4847 582 4916; x_wconf 79' lang='grc' dir='ltr'>μὴ</span> <span class='ocrx_word' id='word_1_691' title='bbox 606 4847 698 4897; x_wconf 79' lang='grc' dir='ltr'><strong>καὶ</strong></span> <span class='ocrx_word' id='word_1_692' title='bbox 733 4844 929 4911; x_wconf 69' lang='grc' dir='ltr'>δρᾶσαι</span> <span class='ocrx_word' id='word_1_693' title='bbox 960 4841 1060 4910; x_wconf 71' lang='grc' dir='ltr'><strong>μέν</strong></span> <span class='ocrx_word' id='word_1_694' title='bbox 1081 4858 1133 4890; x_wconf 90' lang='grc' dir='ltr'><strong>τι</strong></span> <span class='ocrx_word' id='word_1_695' title='bbox 1162 4838 1269 4889; x_wconf 78' lang='grc' dir='ltr'><strong>τῶν</strong></span> <span class='ocrx_word' id='word_1_696' title='bbox 1307 4838 1577 4907; x_wconf 82' lang='grc' dir='ltr'>χαλεπῶν,</span> <span class='ocrx_word' id='word_1_697' title='bbox 1614 4841 1750 4909; x_wconf 85' lang='grc' dir='ltr'>ὅπερ</span> 
     </span>
    </p>
   </div>
   <div class='ocr_carea' id='block_1_97' title="bbox 172 4930 1752 5013">
    <p class='ocr_par' dir='ltr' id='par_1_97' title="bbox 172 4930 1752 5013">
     <span class='ocr_line' id='line_1_97' title="bbox 172 4930 1752 5013; baseline -0.003 -25"><span class='ocrx_word' id='word_1_698' title='bbox 172 4952 428 5013; x_wconf 39' lang='lat' dir='ltr'><strong>and?“</strong></span> <span class='ocrx_word' id='word_1_699' title='bbox 463 4944 528 4993; x_wconf 71' lang='grc' dir='ltr'><strong>(ιὺ</strong></span> <span class='ocrx_word' id='word_1_700' title='bbox 558 4936 885 5007; x_wconf 64' lang='grc' dir='ltr'>βουλόμεθα,</span> <span class='ocrx_word' id='word_1_701' title='bbox 930 4934 1063 5001; x_wconf 78' lang='grc' dir='ltr'><strong>μηδὲ</strong></span> <span class='ocrx_word' id='word_1_702' title='bbox 1116 4930 1346 4981; x_wconf 78' lang='grc' dir='ltr'>Θανάτου</span> <span class='ocrx_word' id='word_1_703' title='bbox 1396 4931 1752 4997; x_wconf 84' lang='grc' dir='ltr'>καταστῶμεν</span> 
     </span>
    </p>
   </div>
   <div class='ocr_carea' id='block_1_98' title="bbox 238 5143 1752 5224">
    <p class='ocr_par' dir='ltr' id='par_1_98' title="bbox 238 5143 1752 5224">
     <span class='ocr_line' id='line_1_98' title="bbox 238 5143 1752 5224; baseline -0.011 -13"><span class='ocrx_word' id='word_1_704' title='bbox 238 5157 346 5221; x_wconf 81' lang='grc' dir='ltr'>(ιο)</span> <span class='ocrx_word' id='word_1_705' title='bbox 380 5151 669 5224; x_wconf 75' lang='lat' dir='ltr'><strong>Spalliarii</strong></span> <span class='ocrx_word' id='word_1_706' title='bbox 700 5156 879 5224; x_wconf 77' lang='lat' dir='ltr'><strong>erant,</strong></span> <span class='ocrx_word' id='word_1_707' title='bbox 906 5147 995 5215; x_wconf 93' lang='lat' dir='ltr'><strong>qui</strong></span> <span class='ocrx_word' id='word_1_708' title='bbox 1025 5146 1289 5224; x_wconf 64' lang='lat' dir='ltr'><strong>custodia:</strong></span> <span class='ocrx_word' id='word_1_709' title='bbox 1310 5144 1559 5214; x_wconf 88' lang='lat' dir='ltr'><strong>corporis</strong></span> <span class='ocrx_word' id='word_1_710' title='bbox 1579 5143 1752 5224; x_wconf 79' lang='lat' dir='ltr'><strong>impe-</strong></span> 
     </span>
    </p>
   </div>
   <div class='ocr_carea' id='block_1_99' title="bbox 170 5216 1748 5287">
    <p class='ocr_par' dir='ltr' id='par_1_99' title="bbox 170 5216 1748 5287">
     <span class='ocr_line' id='line_1_99' title="bbox 170 5216 1748 5287; baseline -0.01 -6"><span class='ocrx_word' id='word_1_711' title='bbox 170 5216 361 5281; x_wconf 11' lang='lat' dir='ltr'><strong>ratoriis</strong></span> <span class='ocrx_word' id='word_1_712' title='bbox 393 5216 555 5279; x_wconf 76' lang='lat' dir='ltr'><strong>erant</strong></span> <span class='ocrx_word' id='word_1_713' title='bbox 591 5220 863 5287; x_wconf 85' lang='lat' dir='ltr'><strong>deputati,</strong></span> <span class='ocrx_word' id='word_1_714' title='bbox 893 5233 920 5268; x_wconf 72' lang='grc' dir='ltr'>ει</span> <span class='ocrx_word' id='word_1_715' title='bbox 944 5232 1073 5269; x_wconf 90' lang='lat' dir='ltr'><strong>voce</strong></span> <span class='ocrx_word' id='word_1_716' title='bbox 1100 5218 1310 5281; x_wconf 75' lang='grc' dir='ltr'>Σπαθα,</span> <span class='ocrx_word' id='word_1_717' title='bbox 1337 5234 1463 5287; x_wconf 58' lang='lat' dir='ltr'><strong>qua:</strong></span> <span class='ocrx_word' id='word_1_718' title='bbox 1488 5216 1748 5287; x_wconf 50' lang='lat' dir='ltr'><strong>majorem</strong></span> 
     </span>
    </p>
   </div>
   <div class='ocr_carea' id='block_1_100' title="bbox 166 5284 1747 5368">
    <p class='ocr_par' dir='ltr' id='par_1_100' title="bbox 166 5284 1747 5368">
     <span class='ocr_line' id='line_1_100' title="bbox 166 5284 1747 5368; baseline -0.008 -20"><span class='ocrx_word' id='word_1_719' title='bbox 166 5302 399 5368; x_wconf 77' lang='lat' dir='ltr'><strong>gladium</strong></span> <span class='ocrx_word' id='word_1_720' title='bbox 433 5284 1402 5368; x_wconf 43' lang='grc' dir='ltr'><strong>μὶἱςιιίίίρξιιηςιιιοἰΙΙίηίιινιιίιιιιυιιιιιλ.¹</strong></span> <span class='ocrx_word' id='word_1_721' title='bbox 1428 5284 1562 5338; x_wconf 81' lang='lat' dir='ltr'><strong>Vide</strong></span> <span class='ocrx_word' id='word_1_722' title='bbox 1603 5284 1747 5368; x_wconf 58' lang='lat' dir='ltr'><strong>pan-</strong></span> 
     </span>
    </p>
   </div>
   <div class='ocr_carea' id='block_1_101' title="bbox 168 5356 1756 5435">
    <p class='ocr_par' dir='ltr' id='par_1_101' title="bbox 168 5356 1756 5435">
     <span class='ocr_line' id='line_1_101' title="bbox 168 5356 1756 5435; baseline -0.008 -16"><span class='ocrx_word' id='word_1_723' title='bbox 168 5356 310 5435; x_wconf 49' lang='lat' dir='ltr'><strong>{num</strong></span> <span class='ocrx_word' id='word_1_724' title='bbox 340 5386 389 5419; x_wconf 80' lang='grc' dir='ltr'><strong>ιιι</strong></span> <span class='ocrx_word' id='word_1_725' title='bbox 424 5356 713 5435; x_wconf 62' lang='grc' dir='ltr'>ΟΙῖιεςίιτίρ</span> <span class='ocrx_word' id='word_1_726' title='bbox 744 5356 1756 5435; x_wconf 39' lang='grc' dir='ltr'>Οτειξςο-βηιτὺςιτο..ξρο-ῑίιοξορυὺιου-</span> 
     </span>
    </p>
   </div>
   <div class='ocr_carea' id='block_1_102' title="bbox 169 5426 1753 5504">
    <p class='ocr_par' dir='ltr' id='par_1_102' title="bbox 169 5426 1753 5504">
     <span class='ocr_line' id='line_1_102' title="bbox 169 5426 1753 5504; baseline -0.009 -13"><span class='ocrx_word' id='word_1_727' title='bbox 169 5426 353 5495; x_wconf 77' lang='lat' dir='ltr'><strong>larius,</strong></span> <span class='ocrx_word' id='word_1_728' title='bbox 387 5439 484 5504; x_wconf 87' lang='lat' dir='ltr'><strong>qui</strong></span> <span class='ocrx_word' id='word_1_729' title='bbox 521 5433 691 5489; x_wconf 87' lang='lat' dir='ltr'><strong>simul</strong></span> <span class='ocrx_word' id='word_1_730' title='bbox 750 5427 1013 5498; x_wconf 85' lang='lat' dir='ltr'><strong>spatharii</strong></span> <span class='ocrx_word' id='word_1_731' title='bbox 1054 5436 1108 5479; x_wconf 90' lang='lat' dir='ltr'><strong>ct</strong></span> <span class='ocrx_word' id='word_1_732' title='bbox 1151 5426 1474 5482; x_wconf 89' lang='lat' dir='ltr'><strong>cubicularii</strong></span> <span class='ocrx_word' id='word_1_733' title='bbox 1529 5438 1753 5477; x_wconf 88' lang='lat' dir='ltr'><strong>munere</strong></span> 
     </span>
    </p>
   </div>
   <div class='ocr_carea' id='block_1_103' title="bbox 169 5510 1677 5575">
    <p class='ocr_par' dir='ltr' id='par_1_103' title="bbox 169 5510 1677 5575">
     <span class='ocr_line' id='line_1_103' title="bbox 169 5510 1677 5575; baseline 0.004 -14"><span class='ocrx_word' id='word_1_734' title='bbox 169 5510 523 5575; x_wconf 74' lang='lat' dir='ltr'><strong>fungebatur.</strong></span> <span class='ocrx_word' id='word_1_735' title='bbox 646 5571 685 5575; x_wconf 93' lang='lat'><strong>__</strong></span> <span class='ocrx_word' id='word_1_736' title='bbox 784 5568 835 5575; x_wconf 88' lang='lat'>__</span> <span class='ocrx_word' id='word_1_737' title='bbox 1092 5565 1110 5575; x_wconf 87' lang='lat'>_</span> <span class='ocrx_word' id='word_1_738' title='bbox 1555 5567 1565 5575; x_wconf 68' lang='grc'><strong>,</strong></span> <span class='ocrx_word' id='word_1_739' title='bbox 1652 5564 1677 5574; x_wconf 85' lang='grc'><em>,</em></span> 
     </span>
    </p>
   </div>
   <div class='ocr_carea' id='block_1_104' title="bbox 244 5565 1749 5645">
    <p class='ocr_par' dir='ltr' id='par_1_104' title="bbox 244 5565 1749 5645">
     <span class='ocr_line' id='line_1_104' title="bbox 244 5565 1749 5645; baseline -0.013 -12"><span class='ocrx_word' id='word_1_740' title='bbox 244 5565 348 5645; x_wconf 61' lang='grc' dir='ltr'><strong>ιῙΙ)</strong></span> <span class='ocrx_word' id='word_1_741' title='bbox 381 5571 753 5643; x_wconf 81' lang='lat' dir='ltr'><strong>Drungarius,</strong></span> <span class='ocrx_word' id='word_1_742' title='bbox 783 5568 945 5645; x_wconf 78' lang='lat' dir='ltr'><strong>idest</strong></span> <span class='ocrx_word' id='word_1_743' title='bbox 975 5565 1285 5645; x_wconf 62' lang='lat' dir='ltr'><strong>praefectus.</strong></span> <span class='ocrx_word' id='word_1_744' title='bbox 1314 5582 1343 5619; x_wconf 92' lang='lat' dir='ltr'><strong>a</strong></span> <span class='ocrx_word' id='word_1_745' title='bbox 1377 5581 1510 5645; x_wconf 72' lang='lat' dir='ltr'><strong>voce</strong></span> <span class='ocrx_word' id='word_1_746' title='bbox 1541 5565 1749 5645; x_wconf 66' lang='grc' dir='ltr'>Δροῐξγ-</span> 
     </span>
    </p>
   </div>
   <div class='ocr_carea' id='block_1_105' title="bbox 167 5636 1748 5719">
    <p class='ocr_par' dir='ltr' id='par_1_105' title="bbox 167 5636 1748 5719">
     <span class='ocr_line' id='line_1_105' title="bbox 167 5636 1748 5719; baseline -0.009 -17"><span class='ocrx_word' id='word_1_747' title='bbox 167 5636 281 5716; x_wconf 66' lang='grc' dir='ltr'>τοξ,</span> <span class='ocrx_word' id='word_1_748' title='bbox 310 5636 428 5719; x_wconf 80' lang='lat' dir='ltr'><strong>qua:</strong></span> <span class='ocrx_word' id='word_1_749' title='bbox 482 5636 727 5719; x_wconf 45' lang='lat' dir='ltr'><strong>(Ilvatan</strong></span> <span class='ocrx_word' id='word_1_750' title='bbox 776 5636 1010 5719; x_wconf 51' lang='lat' dir='ltr'><strong>militant</strong></span> <span class='ocrx_word' id='word_1_751' title='bbox 1045 5638 1337 5719; x_wconf 68' lang='lat' dir='ltr'><strong>signiﬁcat.</strong></span> <span class='ocrx_word' id='word_1_752' title='bbox 1385 5636 1748 5719; x_wconf 58' lang='lat' dir='ltr'><strong>Lenticlqvius</strong></span> 
     </span>
    </p>
   </div>
   <div class='ocr_carea' id='block_1_106' title="bbox 170 5706 1748 5775">
    <p class='ocr_par' dir='ltr' id='par_1_106' title="bbox 170 5706 1748 5775">
     <span class='ocr_line' id='line_1_106' title="bbox 170 5706 1748 5775; baseline -0.008 -5"><span class='ocrx_word' id='word_1_753' title='bbox 170 5706 624 5773; x_wconf 32' lang='lat' dir='ltr'><strong>rn&#39;On&#39;omastico</strong></span> <span class='ocrx_word' id='word_1_754' title='bbox 686 5710 925 5763; x_wconf 87' lang='lat' dir='ltr'><strong>Turcico</strong></span> <span class='ocrx_word' id='word_1_755' title='bbox 977 5709 1049 5761; x_wconf 89' lang='lat' dir='ltr'><strong>ita</strong></span> <span class='ocrx_word' id='word_1_756' title='bbox 1096 5709 1300 5763; x_wconf 47' lang='lat' dir='ltr'><strong>Graecis</strong></span> <span class='ocrx_word' id='word_1_757' title='bbox 1359 5706 1622 5775; x_wconf 78' lang='lat' dir='ltr'><strong>appellari</strong></span> <span class='ocrx_word' id='word_1_758' title='bbox 1673 5708 1748 5759; x_wconf 88' lang='lat' dir='ltr'><strong>ait</strong></span> 
     </span>
    </p>
   </div>
   <div class='ocr_carea' id='block_1_107' title="bbox 169 5778 1746 5850">
    <p class='ocr_par' dir='ltr' id='par_1_107' title="bbox 169 5778 1746 5850">
     <span class='ocr_line' id='line_1_107' title="bbox 169 5778 1746 5850; baseline -0.01 -6"><span class='ocrx_word' id='word_1_759' title='bbox 169 5791 399 5843; x_wconf 79' lang='lat' dir='ltr'><strong>baculum</strong></span> <span class='ocrx_word' id='word_1_760' title='bbox 438 5786 667 5847; x_wconf 80' lang='lat' dir='ltr'><strong>tribuni,</strong></span> <span class='ocrx_word' id='word_1_761' title='bbox 698 5795 865 5850; x_wconf 88' lang='lat' dir='ltr'><strong>quem</strong></span> <span class='ocrx_word' id='word_1_762' title='bbox 893 5779 1066 5850; x_wconf 86' lang='lat' dir='ltr'><strong>instar</strong></span> <span class='ocrx_word' id='word_1_763' title='bbox 1096 5780 1295 5847; x_wconf 91' lang='lat' dir='ltr'><strong>sceptri</strong></span> <span class='ocrx_word' id='word_1_764' title='bbox 1332 5780 1490 5845; x_wconf 85' lang='lat' dir='ltr'><strong>gerit,</strong></span> <span class='ocrx_word' id='word_1_765' title='bbox 1539 5778 1746 5850; x_wconf 77' lang='lat' dir='ltr'><strong>fortea</strong></span> 
     </span>
    </p>
   </div>
   <div class='ocr_carea' id='block_1_108' title="bbox 172 5847 1745 5919">
    <p class='ocr_par' dir='ltr' id='par_1_108' title="bbox 172 5847 1745 5919">
     <span class='ocr_line' id='line_1_108' title="bbox 172 5847 1745 5919; baseline -0.008 -6"><span class='ocrx_word' id='word_1_766' title='bbox 172 5875 293 5915; x_wconf 67' lang='lat' dir='ltr'><strong>voce</strong></span> <span class='ocrx_word' id='word_1_767' title='bbox 320 5863 509 5918; x_wconf 82' lang='lat' dir='ltr'><strong>Latina</strong></span> <span class='ocrx_word' id='word_1_768' title='bbox 539 5847 795 5917; x_wconf 73' lang='lat' dir='ltr'><strong>truncus,</strong></span> <span class='ocrx_word' id='word_1_769' title='bbox 824 5860 884 5904; x_wconf 91' lang='lat' dir='ltr'><strong>ut</strong></span> <span class='ocrx_word' id='word_1_770' title='bbox 910 5850 983 5903; x_wconf 87' lang='lat' dir='ltr'><strong>ait</strong></span> <span class='ocrx_word' id='word_1_771' title='bbox 1020 5849 1295 5919; x_wconf 83' lang='lat' dir='ltr'><strong>Canguis;</strong></span> <span class='ocrx_word' id='word_1_772' title='bbox 1327 5864 1489 5917; x_wconf 89' lang='lat' dir='ltr'><strong>quem</strong></span> <span class='ocrx_word' id='word_1_773' title='bbox 1520 5847 1745 5901; x_wconf 88' lang='lat' dir='ltr'><strong>consule</strong></span> 
     </span>
    </p>
   </div>
   <div class='ocr_carea' id='block_1_109' title="bbox 1862 4661 3431 4733">
    <p class='ocr_par' dir='ltr' id='par_1_109' title="bbox 1862 4661 3431 4733">
     <span class='ocr_line' id='line_1_109' title="bbox 1862 4661 3431 4733; baseline 0.003 -22"><span class='ocrx_word' id='word_1_774' title='bbox 1862 4661 2059 4726; x_wconf 84' lang='lat' dir='ltr'><strong>mulos)</strong></span> <span class='ocrx_word' id='word_1_775' title='bbox 2094 4671 2148 4713; x_wconf 88' lang='lat' dir='ltr'><strong>et</strong></span> <span class='ocrx_word' id='word_1_776' title='bbox 2185 4662 2440 4728; x_wconf 90' lang='lat' dir='ltr'><strong>prudenti</strong></span> <span class='ocrx_word' id='word_1_777' title='bbox 2476 4663 2607 4713; x_wconf 90' lang='lat' dir='ltr'><strong>inita</strong></span> <span class='ocrx_word' id='word_1_778' title='bbox 2640 4662 2873 4724; x_wconf 88' lang='lat' dir='ltr'><strong>ratione,</strong></span> <span class='ocrx_word' id='word_1_779' title='bbox 2926 4677 3027 4729; x_wconf 88' lang='lat' dir='ltr'><strong>pro</strong></span> <span class='ocrx_word' id='word_1_780' title='bbox 3069 4678 3136 4715; x_wconf 92' lang='lat' dir='ltr'><strong>eo</strong></span> <span class='ocrx_word' id='word_1_781' title='bbox 3172 4666 3384 4733; x_wconf 85' lang='lat' dir='ltr'><strong>rogavit</strong></span> <span class='ocrx_word' id='word_1_782' title='bbox 3417 4682 3431 4717; x_wconf 88' lang='lat'><strong>:</strong></span> 
     </span>
    </p>
   </div>
   <div class='ocr_carea' id='block_1_110' title="bbox 1860 4751 3434 4822">
    <p class='ocr_par' dir='ltr' id='par_1_110' title="bbox 1860 4751 3434 4822">
     <span class='ocr_line' id='line_1_110' title="bbox 1860 4751 3434 4822; baseline 0.005 -17"><span class='ocrx_word' id='word_1_783' title='bbox 1860 4751 2027 4815; x_wconf 88' lang='lat' dir='ltr'><strong>Perit,</strong></span> <span class='ocrx_word' id='word_1_784' title='bbox 2077 4753 2287 4816; x_wconf 87' lang='lat' dir='ltr'><strong>dicens,</strong></span> <span class='ocrx_word' id='word_1_785' title='bbox 2328 4754 2435 4808; x_wconf 90' lang='lat' dir='ltr'><strong>Leo</strong></span> <span class='ocrx_word' id='word_1_786' title='bbox 2480 4754 2666 4822; x_wconf 85' lang='lat' dir='ltr'><strong>perit:</strong></span> <span class='ocrx_word' id='word_1_787' title='bbox 2710 4755 3014 4809; x_wconf 90' lang='lat' dir='ltr'><strong>timendum</strong></span> <span class='ocrx_word' id='word_1_788' title='bbox 3064 4767 3169 4817; x_wconf 89' lang='lat' dir='ltr'><strong>est.</strong></span> <span class='ocrx_word' id='word_1_789' title='bbox 3216 4773 3283 4811; x_wconf 89' lang='lat' dir='ltr'><strong>ne</strong></span> <span class='ocrx_word' id='word_1_790' title='bbox 3325 4758 3434 4813; x_wconf 91' lang='lat' dir='ltr'><strong>sibi</strong></span> 
     </span>
    </p>
   </div>
   <div class='ocr_carea' id='block_1_111' title="bbox 1856 4845 3429 4914">
    <p class='ocr_par' dir='ltr' id='par_1_111' title="bbox 1856 4845 3429 4914">
     <span class='ocr_line' id='line_1_111' title="bbox 1856 4845 3429 4914; baseline 0.006 -20"><span class='ocrx_word' id='word_1_791' title='bbox 1856 4859 2017 4912; x_wconf 84' lang='lat' dir='ltr'><strong>grave</strong></span> <span class='ocrx_word' id='word_1_792' title='bbox 2054 4845 2259 4913; x_wconf 86' lang='lat' dir='ltr'><strong>aliquid</strong></span> <span class='ocrx_word' id='word_1_793' title='bbox 2285 4845 2478 4909; x_wconf 80' lang='lat' dir='ltr'><strong>faciat,</strong></span> <span class='ocrx_word' id='word_1_794' title='bbox 2530 4847 2674 4914; x_wconf 91' lang='lat' dir='ltr'><strong>quod</strong></span> <span class='ocrx_word' id='word_1_795' title='bbox 2719 4847 2941 4914; x_wconf 89' lang='lat' dir='ltr'><strong>quidem</strong></span> <span class='ocrx_word' id='word_1_796' title='bbox 2985 4857 3135 4903; x_wconf 89' lang='lat' dir='ltr'><strong>certe</strong></span> <span class='ocrx_word' id='word_1_797' title='bbox 3166 4850 3429 4914; x_wconf 86' lang='lat' dir='ltr'><strong>nolimus,</strong></span> 
     </span>
    </p>
   </div>
   <div class='ocr_carea' id='block_1_112' title="bbox 1865 4938 3433 5013">
    <p class='ocr_par' dir='ltr' id='par_1_112' title="bbox 1865 4938 3433 5013">
     <span class='ocr_line' id='line_1_112' title="bbox 1865 4938 3433 5013; baseline 0.006 -24"><span class='ocrx_word' id='word_1_798' title='bbox 1865 4952 2040 5004; x_wconf 88' lang='lat' dir='ltr'><strong>neque</strong></span> <span class='ocrx_word' id='word_1_799' title='bbox 2066 4938 2237 4990; x_wconf 85' lang='lat' dir='ltr'><strong>simus</strong></span> <span class='ocrx_word' id='word_1_800' title='bbox 2269 4948 2523 4991; x_wconf 89' lang='lat' dir='ltr'><strong>auctores</strong></span> <span class='ocrx_word' id='word_1_801' title='bbox 2550 4941 2667 5008; x_wconf 84' lang='lat' dir='ltr'><strong>ejus</strong></span> <span class='ocrx_word' id='word_1_802' title='bbox 2712 4942 2926 4993; x_wconf 85' lang='lat' dir='ltr'><strong>mortis.</strong></span> <span class='ocrx_word' id='word_1_803' title='bbox 2960 4941 3121 4995; x_wconf 85' lang='lat' dir='ltr'><strong>Miser</strong></span> <span class='ocrx_word' id='word_1_804' title='bbox 3150 4943 3295 4995; x_wconf 89' lang='lat' dir='ltr'><strong>enim</strong></span> <span class='ocrx_word' id='word_1_805' title='bbox 3320 4946 3433 5013; x_wconf 90' lang='lat' dir='ltr'><strong>jam</strong></span> 
     </span>
    </p>
   </div>
   <div class='ocr_carea' id='block_1_113' title="bbox 1864 5142 3436 5214">
    <p class='ocr_par' dir='ltr' id='par_1_113' title="bbox 1864 5142 3436 5214">
     <span class='ocr_line' id='line_1_113' title="bbox 1864 5142 3436 5214; baseline 0.008 -20"><span class='ocrx_word' id='word_1_806' title='bbox 1864 5142 1917 5196; x_wconf 91' lang='lat' dir='ltr'><strong>in</strong></span> <span class='ocrx_word' id='word_1_807' title='bbox 1970 5152 2203 5212; x_wconf 89' lang='lat' dir='ltr'><strong>utroque</strong></span> <span class='ocrx_word' id='word_1_808' title='bbox 2252 5145 2551 5200; x_wconf 81' lang='lat' dir='ltr'><strong>Glossario.</strong></span> <span class='ocrx_word' id='word_1_809' title='bbox 2605 5146 2702 5201; x_wconf 86' lang='lat' dir='ltr'><strong>llic</strong></span> <span class='ocrx_word' id='word_1_810' title='bbox 2756 5147 3092 5214; x_wconf 87' lang='lat' dir='ltr'><strong>Drungarius</strong></span> <span class='ocrx_word' id='word_1_811' title='bbox 3123 5147 3189 5200; x_wconf 90' lang='lat' dir='ltr'><strong>ad</strong></span> <span class='ocrx_word' id='word_1_812' title='bbox 3242 5148 3436 5207; x_wconf 76' lang='lat' dir='ltr'><strong>classis</strong></span> 
     </span>
    </p>
   </div>
   <div class='ocr_carea' id='block_1_114' title="bbox 1861 5215 2533 5282">
    <p class='ocr_par' dir='ltr' id='par_1_114' title="bbox 1861 5215 2533 5282">
     <span class='ocr_line' id='line_1_114' title="bbox 1861 5215 2533 5282; baseline 0.001 -17"><span class='ocrx_word' id='word_1_813' title='bbox 1861 5215 2238 5282; x_wconf 71' lang='lat' dir='ltr'><strong>pnefecturatn</strong></span> <span class='ocrx_word' id='word_1_814' title='bbox 2281 5216 2533 5267; x_wconf 79' lang='lat' dir='ltr'><strong>refertur.</strong></span> 
     </span>
    </p>
   </div>
   <div class='ocr_carea' id='block_1_115' title="bbox 1930 5284 3433 5355">
    <p class='ocr_par' dir='ltr' id='par_1_115' title="bbox 1930 5284 3433 5355">
     <span class='ocr_line' id='line_1_115' title="bbox 1930 5284 3433 5355; baseline 0.004 -20"><span class='ocrx_word' id='word_1_815' title='bbox 1930 5284 2378 5351; x_wconf 68' lang='grc' dir='ltr'>(12)Λογοθέτης</span> <span class='ocrx_word' id='word_1_816' title='bbox 2416 5286 2507 5336; x_wconf 77' lang='lat'><strong>10-3</strong></span> <span class='ocrx_word' id='word_1_817' title='bbox 2556 5285 2766 5352; x_wconf 67' lang='grc' dir='ltr'>Δρόμον</span> <span class='ocrx_word' id='word_1_818' title='bbox 2823 5295 2939 5339; x_wconf 83' lang='lat' dir='ltr'><strong>erat</strong></span> <span class='ocrx_word' id='word_1_819' title='bbox 3000 5287 3065 5349; x_wconf 86' lang='lat' dir='ltr'><strong>is,</strong></span> <span class='ocrx_word' id='word_1_820' title='bbox 3117 5288 3208 5355; x_wconf 91' lang='lat' dir='ltr'><strong>qui</strong></span> <span class='ocrx_word' id='word_1_821' title='bbox 3262 5288 3433 5341; x_wconf 85' lang='lat' dir='ltr'><strong>ratio-</strong></span> 
     </span>
    </p>
   </div>
   <div class='ocr_carea' id='block_1_116' title="bbox 1853 5355 3433 5476">
    <p class='ocr_par' dir='ltr' id='par_1_116' title="bbox 1853 5355 3433 5476">
     <span class='ocr_line' id='line_1_116' title="bbox 1853 5355 3433 5476; baseline 0.003 -68"><span class='ocrx_word' id='word_1_822' title='bbox 1853 5370 1952 5476; x_wconf 58' lang='lat' dir='ltr'><strong>(qes</strong></span> <span class='ocrx_word' id='word_1_823' title='bbox 1982 5370 2177 5407; x_wconf 81' lang='lat' dir='ltr'><strong>cursus</strong></span> <span class='ocrx_word' id='word_1_824' title='bbox 2214 5355 2418 5422; x_wconf 78' lang='lat' dir='ltr'><strong>publici</strong></span> <span class='ocrx_word' id='word_1_825' title='bbox 2453 5356 2819 5424; x_wconf 76' lang='lat' dir='ltr'><strong>expendebat.</strong></span> <span class='ocrx_word' id='word_1_826' title='bbox 2859 5357 2989 5412; x_wconf 75' lang='lat' dir='ltr'><strong>Vide</strong></span> <span class='ocrx_word' id='word_1_827' title='bbox 3031 5358 3294 5425; x_wconf 79' lang='lat' dir='ltr'><strong>Cangium</strong></span> <span class='ocrx_word' id='word_1_828' title='bbox 3328 5358 3433 5412; x_wconf 85' lang='lat' dir='ltr'><strong>ibi-</strong></span> 
     </span>
     <span class='ocr_line' id='line_1_117' title="bbox 1891 5440 1998 5476; baseline -0.009 0"><span class='ocrx_word' id='word_1_829' title='bbox 1891 5440 1998 5476; x_wconf 91' lang='lat' dir='ltr'><strong>em.</strong></span> 
     </span>
    </p>
   </div>
   <div class='ocr_carea' id='block_1_117' title="bbox 1925 5494 3431 5575">
    <p class='ocr_par' dir='ltr' id='par_1_117' title="bbox 1925 5494 3431 5575">
     <span class='ocr_line' id='line_1_118' title="bbox 1925 5494 3431 5575; baseline 0.006 -31"><span class='ocrx_word' id='word_1_830' title='bbox 1925 5497 2034 5575; x_wconf 67' lang='grc' dir='ltr'><strong>(ίῦ)</strong></span> <span class='ocrx_word' id='word_1_831' title='bbox 2070 5494 2585 5565; x_wconf 71' lang='grc' dir='ltr'>Πρωτυςπαθάριος,</span> <span class='ocrx_word' id='word_1_832' title='bbox 2622 5496 2919 5551; x_wconf 68' lang='lat' dir='ltr'><strong>Prazfeetus</strong></span> <span class='ocrx_word' id='word_1_833' title='bbox 2968 5498 3263 5552; x_wconf 87' lang='lat' dir='ltr'><strong>custodum</strong></span> <span class='ocrx_word' id='word_1_834' title='bbox 3306 5513 3431 5553; x_wconf 89' lang='lat' dir='ltr'><strong>cor-</strong></span> 
     </span>
    </p>
   </div>
   <div class='ocr_carea' id='block_1_118' title="bbox 1852 5581 3430 5707">
    <p class='ocr_par' dir='ltr' id='par_1_118' title="bbox 1852 5581 3430 5707">
     <span class='ocr_line' id='line_1_119' title="bbox 1852 5581 3430 5707; baseline 0.006 -22"><span class='ocrx_word' id='word_1_835' title='bbox 2091 5636 2447 5702; x_wconf 73' lang='grc' dir='ltr'>Μαγκλάὸιον</span> <span class='ocrx_word' id='word_1_836' title='bbox 2496 5636 2715 5690; x_wconf 86' lang='lat' dir='ltr'><strong>Clavam</strong></span> <span class='ocrx_word' id='word_1_837' title='bbox 2759 5638 3049 5706; x_wconf 77' lang='lat' dir='ltr'><strong>significat,</strong></span> <span class='ocrx_word' id='word_1_838' title='bbox 3093 5655 3197 5707; x_wconf 90' lang='lat' dir='ltr'><strong>qua</strong></span> <span class='ocrx_word' id='word_1_839' title='bbox 3250 5655 3430 5694; x_wconf 84' lang='lat' dir='ltr'><strong>arma-</strong></span> 
     </span>
    </p>
   </div>
   <div class='ocr_carea' id='block_1_119' title="bbox 1852 5704 3431 5777">
    <p class='ocr_par' dir='ltr' id='par_1_119' title="bbox 1852 5704 3431 5777">
     <span class='ocr_line' id='line_1_120' title="bbox 1852 5704 3431 5777; baseline 0.004 -19"><span class='ocrx_word' id='word_1_840' title='bbox 1852 5704 2058 5758; x_wconf 89' lang='lat' dir='ltr'><strong>bantur</strong></span> <span class='ocrx_word' id='word_1_841' title='bbox 2089 5709 2181 5774; x_wconf 91' lang='lat' dir='ltr'><strong>qui</strong></span> <span class='ocrx_word' id='word_1_842' title='bbox 2218 5718 2377 5761; x_wconf 88' lang='lat' dir='ltr'><strong>erant</strong></span> <span class='ocrx_word' id='word_1_843' title='bbox 2423 5709 2792 5777; x_wconf 77' lang='lat' dir='ltr'><strong>imperatoria:</strong></span> <span class='ocrx_word' id='word_1_844' title='bbox 2816 5704 3122 5771; x_wconf 49' lang='lat' dir='ltr'><strong>cohortisi</strong></span> <span class='ocrx_word' id='word_1_845' title='bbox 3164 5711 3251 5761; x_wconf 93' lang='lat' dir='ltr'><strong>hic</strong></span> <span class='ocrx_word' id='word_1_846' title='bbox 3295 5724 3431 5764; x_wconf 90' lang='lat' dir='ltr'><strong>vero</strong></span> 
     </span>
    </p>
   </div>
   <div class='ocr_carea' id='block_1_120' title="bbox 1853 5776 3431 5901">
    <p class='ocr_par' dir='ltr' id='par_1_120' title="bbox 1853 5776 3431 5901">
     <span class='ocr_line' id='line_1_121' title="bbox 1853 5776 3431 5901; baseline 0.005 -75"><span class='ocrx_word' id='word_1_847' title='bbox 1853 5776 2091 5901; x_wconf 46' lang='lat' dir='ltr'><strong>intuitur</strong></span> <span class='ocrx_word' id='word_1_848' title='bbox 2122 5792 2219 5844; x_wconf 87' lang='lat' dir='ltr'><strong>pro</strong></span> <span class='ocrx_word' id='word_1_849' title='bbox 2245 5777 2359 5846; x_wconf 84' lang='lat' dir='ltr'><strong>ipsa</strong></span> <span class='ocrx_word' id='word_1_850' title='bbox 2386 5776 2613 5833; x_wconf 77' lang='lat' dir='ltr'><strong>coherle</strong></span> <span class='ocrx_word' id='word_1_851' title='bbox 2644 5779 3018 5848; x_wconf 78' lang='lat' dir='ltr'><strong>imperatoria.</strong></span> <span class='ocrx_word' id='word_1_852' title='bbox 3044 5782 3281 5835; x_wconf 84' lang='lat' dir='ltr'><strong>Rursum</strong></span> <span class='ocrx_word' id='word_1_853' title='bbox 3306 5780 3431 5834; x_wconf 87' lang='lat' dir='ltr'><strong>vide</strong></span> 
     </span>
     <span class='ocr_line' id='line_1_122' title="bbox 1900 5862 2150 5901; baseline 0 -2"><span class='ocrx_word' id='word_1_854' title='bbox 1900 5862 2150 5901; x_wconf 66' lang='lat' dir='ltr'><strong>animum.</strong></span> 
     </span>
    </p>
   </div>
   <div class='ocr_carea' id='block_1_121' title="bbox 1900 5862 2150 5915">
    <p class='ocr_par' dir='ltr' id='par_1_121' title="bbox 1900 5862 2150 5915">
     <span class='ocr_line' id='line_1_123' title="bbox 1900 5862 2150 5915; baseline 0 -16"><span class='ocrx_word' id='word_1_855' title='bbox 1900 5862 2150 5915; x_wconf 81' lang='lat' dir='ltr'><strong>angium.</strong></span> 
     </span>
    </p>
   </div>
  </div>
