3966 6442
508 374 617 437 295

1807 354 2090 422 MENSIS
2125 349 2430 416 JUNIUS.

3664 336 3772 399 296

508 484 776 545 extabuit,
806 491 861 535 et
899 493 983 535 est
1013 493 1145 534 sane
1175 485 1560 545 consumptus,
1588 487 1697 527 non
1726 473 1909 526 ferens
1931 478 2079 522 tuam

2205 464 2353 516 ιίίιοι
2373 479 2385 491 ο
2420 460 2618 527 τέτηκε
2648 459 2758 530 γὰρ
2786 459 2813 511 ὁ
2836 454 3103 524 δυστυχὴς
3131 452 3230 524 ἥδη
3257 452 3353 505 καὶ
3376 451 3771 520 δεδαπάνηται,

510 575 949 637 aversationem;
1003 581 1059 625 et
1108 570 1293 625 statim
1341 568 1558 622 amittet
1614 563 1777 618 etiam
1822 563 2083 615 animam.

510 668 622 722 Hoc
652 682 775 720 cum
810 681 919 719 non
948 666 1138 725 semel,
1172 660 1268 715 sed
1297 674 1441 729 saepe
1465 658 1710 720 dixisset,
1762 652 2085 708 assiduitate

509 765 564 809 et
590 760 899 824 Opportuna
957 752 1313 822 persuasione
1362 748 1506 803 belle
1563 745 1879 801 reconeiliat
1918 743 2085 796 Leoni

512 847 796 901 dominum
842 859 1036 909 suum;
1076 842 1413 913 iubeturque
1472 840 1649 909 ipsum
1712 837 1985 890 adducere
2030 834 2085 887 in

510 946 863 1008 conspectum
895 937 1035 1005 ejus.
1091 933 1186 987 llle
1234 948 1366 987 vero
1410 946 1519 1001 prae
1565 928 1736 983 nimio
1780 927 1980 997 gaudio
2024 940 2088 979 ac

512 1030 858 1086 festinatione
896 1027 1045 1082 (dum
1085 1026 1225 1079 forte
1247 1023 1480 1078 debebat
1512 1038 1611 1092 per
1655 1022 1831 1075 scalas
1861 1019 2088 1072 descen-

512 1122 663 1186 dere)
714 1117 1038 1189 impeditum
1102 1114 1308 1170 alicubi
1366 1113 1567 1184 pedem
1610 1112 1852 1182 graviter
1900 1110 2087 1173 laxat,-

510 1215 756 1281 jacetquc
803 1210 920 1263 sine
950 1223 1103 1273 voce,
1148 1206 1451 1261 immobilis
1508 1213 1564 1258 et
1618 1203 1808 1257 dolore
1862 1202 2093 1265 fractus,-

512 1318 577 1357 ac
602 1317 744 1371 aegre
783 1303 1002 1356 tandem
1041 1298 1257 1351 delatus
1294 1304 1380 1350 est
1416 1293 1484 1349 ad
1528 1294 1755 1348 lectum.
1804 1291 1939 1346 Tres
1973 1291 2089 1345 dies

514 1393 913 1463 prmterierant,
958 1401 1014 1444 et
1050 1390 1165 1458 ipse
1204 1388 1283 1442 sic
1320 1386 1539 1459 jacebat
1579 1386 1829 1454 supinus,
1879 1393 2085 1447 mutus,

513 1482 873 1551 stupefactus,
911 1480 1089 1533 somni
1120 1489 1175 1534 et
1214 1478 1322 1533 cibi
1355 1492 1575 1547 expers,
1607 1491 1709 1531 nec
1741 1490 1937 1545 aquam
1966 1475 2090 1544 qui-

514 1574 637 1629 dem
667 1573 983 1635 admittens,
1018 1586 1120 1626 nec
1144 1570 1371 1625 omnino
1398 1585 1458 1623 se
1492 1582 1719 1623 movens
1741 1607 1755 1633 ,
1788 1566 1884 1621 sed
1920 1564 2086 1620 veluti

518 1668 654 1721 lecto
693 1664 905 1726 allixus,
933 1674 987 1718 et
1018 1678 1045 1716 a
1075 1678 1135 1717 re
1160 1661 1401 1727 inanima
1438 1660 1576 1714 nihil
1607 1659 1890 1714 diﬂ'erens.
1948 1656 2079 1711 San-

516 1766 661 1809 ctum
717 1763 899 1807 tamen
954 1751 1124 1807 etiam
1193 1749 1426 1805 tacendo
1481 1763 1698 1819 rogans,
1766 1747 1914 1801 videt
1961 1761 2085 1800 eum

2194 553 2292 624 τὴν
2332 549 2683 622 ἀποστροφὴν
2725 549 2787 601 οὐ
2831 548 3017 616 φέρων
3048 544 3146 615 τὴν
3180 543 3300 613 σὴν,
3335 543 3428 595 καὶ
3461 542 3585 595 ὅσον
3618 540 3774 593 οὔπω

2194 642 2489 697 ἀποϐάλλει
2513 642 2605 694 καί
2634 639 2733 709 τὴν
2760 638 2959 709 ψυχήν.
2998 634 3169 689 Τοῦτο
3200 635 3299 703 ούχ
3338 632 3487 697 ἅπαξ
3509 630 3773 701 εἰρηκὼς,

2194 734 2329 787 ἀλλὰ
2362 736 2454 786 καὶ
2488 732 2769 793 πνλλάκις,
2806 729 2885 799 τῷ
2912 728 3127 797 συνεχεῖ
3159 726 3254 777 καὶ
3282 722 3527 792 εὐκαίρῳ
3568 722 3775 783 πείθει,

2194 826 2288 877 καὶ
2332 826 2432 891 τὴν
2475 819 2823 887 καταλλαγὴν
2870 815 3163 885 πρεσδεύει
3213 814 3394 875 καλῶς
3434 811 3513 880 τῷ
3556 810 3773 862 Λέοντι.

2197 909 2329 965 Εἶτα
2361 911 2453 964 καὶ
2490 910 2571 971 εἰς
2612 907 2735 976 διιν
2760 905 2921 958 αὑτὸν
2948 905 3175 972 ἀγαγεῖν
3202 898 3533 964 κελευσθεὶς,
3565 900 3778 959 ἐκεῖνος

2196 1007 2259 1056 ἐκ
2294 1004 2403 1055 τῶν
2444 1002 2583 1068 άγαν
2632 996 2989 1068 περιχαρείας
3040 995 3311 1064 (κλίμακα
3367 990 3509 1044 οὕτω
3558 988 3780 1059 συμὸάν

2197 1094 2423 1161 κατιὼν)
2469 1092 2563 1146 καὶ
2593 1090 2670 1161 τῷ
2714 1090 2873 1158 τάχει
2912 1085 3325 1156 συμποδισθεὶς,
3355 1082 3682 1152 διάστροφός
3717 1097 3779 1132 τε

2197 1187 2288 1240 καὶ
2328 1186 2543 1254 ἔξεδρος
2570 1183 2667 1254 τὴν
2690 1181 2783 1236 τοῦ
2809 1181 2965 1240 ποδὸς
2995 1176 3247 1248 ἁρμογὴν
3280 1175 3487 1243 γίνεται
3513 1188 3525 1201 ·
3556 1174 3652 1227 καὶ
3681 1172 3782 1225 εὐ-

2197 1280 2293 1343 θὺς
2323 1278 2538 1347 ἄφωνός
2573 1292 2633 1329 τε
2678 1274 2771 1328 καί
2800 1274 3059 1342 ἀκίνητος
3090 1265 3179 1340 ἦν,
3216 1267 3321 1321 ὑπὸ
3355 1266 3454 1335 τῆς
3500 1263 3777 1334 περιωδυ-

2196 1374 2315 1433 νίας
2348 1366 2759 1440 άπορραγεὶς,ὴ
2791 1363 2948 1432 κλίνη
2979 1378 3037 1415 τε
3068 1356 3181 1431 εἶχε
3210 1359 3417 1417 τοῦτον,
3448 1358 3605 1425 μόγις
3635 1354 3779 1423 πρὸς

2196 1461 2365 1533 αὐτὴν
2396 1457 2884 1527 ἑκκεκομισμένον.
2914 1455 3074 1525 Τρεῖς
3106 1450 3387 1521 παρῆλθον
3414 1448 3647 1519 ἡμέραι,
3681 1446 3782 1498 καὶ

2195 1554 2359 1618 αὐτὸς
2412 1550 2585 1615 οὕτως
2627 1549 2809 1601 ἔκειτο
2848 1547 3059 1609 ὕπτιος,
3095 1545 3311 1612 ἄφωνος
3347 1541 3550 1601 άῦπνός
3575 1556 3634 1591 τε
3683 1538 3783 1592 καὶ

2197 1646 2402 1717 ἀχανὴς
2446 1644 2540 1697 καὶ
2570 1643 2776 1705 ἄσιτος,
2808 1638 2932 1692 οὐδὲ
2973 1638 3165 1700 ὕδατος
3204 1634 3566 1705 προσιέμενος
3618 1632 3783 1683 οὐδα-

2199 1738 2335 1809 μῶς,
2360 1736 2480 1790 οὐδὲ
2514 1734 2755 1806 κινηθεὶς
2782 1733 2919 1794 ὅλως
2939 1748 2953 1762 ο
2980 1730 3095 1783 ἀλλ’
3116 1729 3281 1781 οἰονεὶ
3313 1728 3378 1796 τῇ
3411 1725 3572 1796 κλίνῃ
3600 1737 3781 1791 προσ-

514 1855 745 1900 stautcm
772 1845 835 1897 ad
863 1853 1168 1896 extremum
1202 1842 1356 1902 lecti,
1388 1817 1702 1909 tangentem
1728 1839 1902 1891 talum
1936 1838 2092 1907 pedis

2205 1828 2473 1898 ηλωμένος
2502 1827 2596 1879 καὶ
2625 1826 2721 1893 τῆς
2754 1823 2962 1893 ἀψύχου
2996 1821 3273 1892 διαφέρων
3302 1819 3474 1873 οὐδέν.
3508 1817 3782 1886 Δεόμενος

514 1936 717 1999 allecti,
750 1936 1099 1989 etdiccntem
1134 1950 1147 1984 :
1178 1931 1374 2001 Surge,
1417 1931 1553 1984 nihil
1594 1930 1702 1984 erit
1726 1930 1823 1982 tibi
1858 1929 2093 1998 amplius

517 2030 662 2083 ntali.
695 2028 867 2084 Simul
904 2038 1083 2080 autem
1125 2034 1291 2095 atque
1329 2025 1435 2079 hoc
1477 2024 1644 2087 dixit,
1691 2022 1858 2077 simul
1908 2022 2095 2091 dispa-

516 2122 651 2181 ruit,
697 2128 982 2187 spectante
1036 2117 1395 2181 Thcodorilo,
1436 2127 1492 2170 et
1543 2132 1652 2186 pra:
1701 2125 1925 2185 stupore
1956 2116 2094 2169 nihil

517 2209 797 2277 loquente.
855 2207 1149 2275 Postquam
1218 2220 1346 2259 vero
1396 2218 1625 2275 magnus
1681 2204 1772 2258 ille
1828 2206 2092 2273 Sampson

521 2299 711 2368 procul
739 2298 839 2351 fuit
868 2300 936 2350 ab
967 2298 1162 2357 oculis,
1195 2295 1263 2349 ad
1296 2311 1355 2349 se
1412 2296 1554 2349 redit
1604 2293 1995 2355 Theodoritus,
2042 2304 2097 2347 et

521 2406 661 2443 novo
694 2390 860 2442 veluti
900 2389 1095 2457 spiritu
1140 2387 1439 2447 animatur,
1483 2386 1699 2453 sibique
1751 2384 2093 2448 restituitur;

520 2482 635 2537 oris
668 2496 887 2551 quoque
927 2490 983 2533 et
1025 2479 1223 2549 lingua:
1271 2492 1427 2532 usum
1467 2477 1762 2545 recipiens,
1798 2478 1917 2531 laeta
1964 2491 2095 2530 voce

519 2572 861 2646 gloriﬁcabat
895 2571 1064 2625 Deum
1105 2568 1645 2638 subsusurrabatque
1682 2584 1696 2621 :
1734 2568 1968 2624 Sanctus
1996 2568 2096 2623 iste

522 2674 604 2717 est
643 2662 946 2731 Sampson;
1004 2671 1060 2715 et
1107 2662 1291 2715 statim
1331 2660 1640 2713 ministrmn
1678 2670 1763 2713 est
1804 2659 2095 2721 allocutus,

523 2753 712 2807 dicens
748 2764 763 2803 :
798 2748 995 2819 Surge.
1017 2747 1181 2802 Basili
1205 2748 1299 2814 (ita
1331 2747 1477 2802 enim
1506 2746 1553 2802 is
1582 2746 1925 2815 vocabatur),
1944 2754 1999 2800 et
2028 2746 2096 2799 da

526 2843 659 2898 mihi
691 2850 920 2905 vestem,
951 2850 1012 2893 ut
1040 2854 1125 2893 me
1158 2840 1381 2892 induam
1412 2856 1425 2891 :
1454 2846 1510 2892 et
1540 2839 1705 2893 simul
1744 2838 1938 2908 pedem
1975 2837 2099 2891 teti-

523 2935 617 3006 git.
651 2934 791 2987 Eum
827 2939 1011 2985 autem
1049 2930 1243 2984 videns
1285 2930 1500 2993 sanum,
1547 2929 1705 2983 alteri
1738 2945 1957 2983 manum
2004 2931 2099 2984 ad-

527 3027 716 3088 movit,
749 3023 855 3093 qui
873 3031 991 3078 erat
1015 3023 1217 3077 illaesus
1254 3022 1521 3076 abinitio.
1557 3019 1654 3076 Rei
1678 3023 1822 3077 enim
1863 3022 2100 3077 admira-

525 3114 706 3169 bilitas
733 3127 858 3167 eum
892 3110 1158 3164 reddebat
1213 3125 1390 3179 prope
1419 3119 1613 3165 emota:
1648 3110 1870 3174 mentis,
1906 3121 1959 3165 et
1979 3123 2099 3164 erat

528 3215 787 3274 tanquam
817 3203 900 3257 sui
925 3202 1153 3268 oblitus,
1178 3213 1234 3257 et
1262 3202 1616 3265 dubitans,et
1645 3202 1918 3256 haesitanti
1944 3204 2096 3257 simi-

527 3297 613 3351 lis.
647 3294 887 3350 Nimium
929 3295 1077 3349 enim
1126 3293 1385 3361 gaudium
1430 3301 1485 3347 ct
1513 3294 1714 3346 bonum
1762 3291 2100 3363 inexspecta-

528 3394 646 3448 tum
672 3405 736 3443 ac
760 3398 959 3457 praeter
993 3386 1311 3455 opinionem
1348 3384 1628 3450 eveniens,
1676 3393 1914 3440 mentem
1960 3387 2101 3441 solet

528 3484 830 3538 dimovere.
870 3480 973 3537 Ubi
1011 3488 1194 3535 autem
1231 3480 1499 3547 comperit
1534 3480 1725 3533 ambos
1763 3496 1882 3534 esse
1916 3495 2100 3541 sanos,

529 3574 697 3627 alacri
728 3572 909 3626 statim
934 3571 1116 3623 animo
1143 3579 1197 3622 et
1232 3568 1464 3637 pedibus
1497 3569 1669 3623 tendit
1693 3570 1758 3624 ad
1785 3572 2100 3640 sepulcrum

527 3682 666 3751 ejus,
703 3681 795 3749 qui
826 3678 1027 3733 misero
1059 3675 1403 3730 curationem
1441 3677 1805 3745 impertietat,
1841 3688 1895 3733 et
1931 3680 2099 3735 benc-

528 3773 713 3827 licium
743 3771 792 3825 ei
827 3770 995 3824 refert
1015 3778 1328 3835 acceptum,
1375 3769 1690 3838 gratiasque
1739 3772 1829 3839 pie
1863 3775 1994 3841 agit,
2040 3783 2099 3827 ut

528 3864 667 3917 solet
688 3870 875 3932 gratus
902 3869 960 3914 et
995 3873 1205 3913 memor
1229 3858 1465 3913 animus.

2198 1922 2381 1992 μέντοι
2430 1920 2521 1973 καὶ
2564 1914 2783 1970 σιωπῶν
2838 1915 2930 1967 τοῦ
2984 1913 3190 1980 Ἀγίου,
3227 1912 3329 1981 ὁρᾷ
3374 1908 3563 1962 τλῦτον
3623 1907 3783 1977 παρὰ

2194 2017 2317 2077 τοὺς
2341 2011 2623 2084 πρόποδας
2647 2006 2917 2077 ἑστηκότα
2939 2005 3035 2075 τῆς
3062 2003 3270 2071 κλίνης,
3298 2001 3391 2055 τοῦ
3423 1998 3781 2070 ἀστραγάλου

2196 2110 2287 2162 τὸν
2327 2107 2687 2175 ὲπαφώμενον
2736 2100 2829 2155 τοῦ
2858 2097 3185 2153 πεπονθότος
3235 2094 3417 2156 ποδὸς,
3451 2095 3546 2146 καὶ
3582 2093 3785 2157 Ἐγει-

2200 2221 2310 2271 pzt,
2339 2203 2620 2271 εἰρηκότα,
2648 2198 2815 2250 κακδν
2849 2194 2957 2265 γάρ
2990 2193 3105 2245 έστί
3148 2208 3231 2245 σοι
3280 2190 3339 2242 τὸ
3372 2187 3635 2258 παράπαν
3689 2186 3784 2237 ού-

2198 2297 2285 2348 δέν
2306 2310 2318 2322 ·
2348 2298 2463 2361 ἅμα
2494 2310 2550 2345 τε
2582 2291 2687 2359 ἔφη
2716 2288 2894 2352 τοῦτο,
2946 2286 3041 2338 καὶ
3082 2284 3197 2353 ἅμα
3248 2282 3419 2353 ἐξῄει,
3464 2279 3784 2350 βλεπόντων

2199 2387 2291 2439 τοῦ
2330 2385 2665 2452 Θεοδωρίτου
2702 2379 2811 2431 τῶν
2842 2377 3159 2445 ὀφθαλμῶν,
3190 2376 3285 2426 τοῦ
3329 2374 3600 2441 στόματος
3643 2371 3784 2441 μηδὲ

2199 2478 2534 2550 φθέγγεσθαι
2565 2474 2890 2542 δυναμένου.
2937 2468 3154 2536 Ἐπειδὴ
3182 2467 3275 2519 καὶ
3310 2467 3337 2517 ὁ
3367 2465 3559 2530 Μέγας
3587 2466 3787 2533 πέρρω

2197 2574 2307 2625 τῶν
2340 2567 2638 2640 ὀφθαλμῶν
2663 2562 2750 2637 ἧν,
2785 2564 3029 2617 ἐπάνεισι
3071 2559 3174 2629 μὲν
3209 2560 3288 2621 είς
3333 2556 3527 2609 ἑαυτὸν
3574 2555 3604 2605 ὸ
3648 2556 3786 2605 θεο-

2198 2664 2446 2734 δώριτος,
2494 2662 2587 2714 καὶ
2636 2658 2799 2711 οἱονεὶ
2841 2654 3132 2724 ψυχοῦται,
3178 2651 3274 2703 καὶ
3300 2648 3604 2717 κινουμένῳ
3640 2661 3787 2714 παρ-

2198 2760 2382 2829 όμοιος
2435 2754 2734 2817 δείκνυται,
2768 2749 2953 2820 φωνὴν
3000 2746 3056 2801 δὲ
3106 2742 3203 2797 καὶ
3248 2739 3309 2793 τὸ
3358 2736 3535 2807 στόμα
3587 2736 3787 2805 ὥσπερ

2201 2852 2466 2922 πρότερον
2519 2842 2655 2918 εἷχε,
2706 2843 2945 2907 δοξάζων
2993 2856 3053 2891 τε
3116 2831 3185 2906 ἦν
3246 2832 3338 2885 τὸν
3402 2829 3574 2922 θεὶνΔ,
3626 2830 3787 2922 (frey-ﬁ

2202 2916 2679 3012 φὰιδρὸτέρῳ,’ὼς
2717 2934 2776 2987 δι
2818 2932 2911 2985 καὶ
2952 2924 3451 2997 ύποφθεγγόμενος,
3510 2917 3571 2971 'o
3624 2916 3787 2985 ἆγιός

2197 3036 2316 3091 ἐστι
2354 3029 2616 3101 Σαμψών.
2652 3025 2760 3079 Καὶ
2802 3024 2999 3078 αὐτίκα
3037 3016 3220 3093 [πρὸς]
3263 3016 3355 3069 τὺν
3397 3012 3791 3085 ὑπηρετούμε-

2202 3143 2314 3191 νον,
2350 3122 2605 3183 Ἀνάστα,
2649 3117 2776 3188 ἔφη,
2815 3114 3060 3170 Βασίλειε
3106 3112 3270 3184 (οὕτω
3325 3113 3437 3179 γάρ
3481 3104 3787 3169 ἐκαλεῖτο),

2202 3214 2297 3269 καὶ
2330 3216 2391 3267 τὸ
2422 3210 2635 3280 ἰμάτιόν
2669 3224 2759 3277 μοι
2798 3205 2885 3269 δὸς
2927 3201 3348 3257 ἐπενδύσασθαι.
3390 3198 3501 3251 Καὶ
3534 3194 3653 3265 ἃμα
3686 3192 3788 3245 τοῦ

2200 3307 2359 3369 ποδὸς
2398 3305 2623 3375 ἥπτετο,
2670 3298 2766 3352 καὶ
2811 3298 2941 3364 ὑγιᾶ
2990 3295 3182 3347 τοῦτον
3222 3292 3386 3360 ὀρῶν,
3437 3287 3655 3357 θατέρῳ
3684 3285 3793 3354 τὴν

2202 3403 2358 3470 χεῖρα
2393 3394 2633 3465 προσῆγε
2672 3390 2753 3459 τῷ
2803 3388 2860 3454 ἐξ
2910 3386 3081 3456 ἀρχῆς
3128 3382 3373 3437 ἀπαθεί’
3416 3379 3629 3433 ἐδείκνυ
3671 3377 3790 3449 γὰρ

2205 3491 2369 3545 αὑτὸν
2425 3484 2622 3560 μικροῦ
2681 3482 2777 3536 καὶ
2830 3479 3071 3549 ῑκφρονα
3115 3478 3149 3547 ή
3198 3472 3627 3547 παραδοξοποιία
3685 3470 3789 3523 τοῦ

2207 3586 2555 3657 πράγματος,
2610 3577 2705 3630 καὶ
2764 3574 2955 3642 ὥσπερ
3007 3569 3370 3639 ἐκλαθόμενος
3427 3564 3646 3629 ἑαυτοῦ,
3689 3562 3795 3616 καὶ

2207 3655 2532 3745 ἀμ’ςιγνοῶν
2558 3670 2813 3733 διέκειτο,
2837 3665 2933 3719 καὶ
2960 3662 3321 3731 ἀπορουμένῳ
3352 3660 3534 3711 ὲοίκει.
3573 3655 3795 3717 Ἄλλως

2205 3788 2264 3824 τε
2305 3770 2361 3821 δὲ
2408 3767 2503 3818 καὶ
2550 3763 2584 3832 ἡ
2621 3758 2950 3829 περιχάρεια
2997 3754 3090 3806 καὶ
3144 3751 3206 3802 τὸ
3250 3750 3511 3817 ἀδόκητον
3552 3747 3789 3810 ἀγαθὸν.

2206 3861 2346 3918 οἶδεν
2387 3856 2604 3927 ἑξιστᾷν
2639 3852 2701 3905 οὐ
2740 3847 3000 3921 μετρίως.
3044 3844 3130 3906 Ὠς
3171 3837 3264 3896 οὖν
3310 3842 3404 3893 καὶ
3430 3837 3789 3910 ἀμφοτέρους

530 3957 805 4029 ἐρρῶσθαι
830 3954 1052 4023 διέγνω,
1087 3952 1283 4005 αὐτίκα
1310 3954 1588 4024 πρόθυμος
1617 3956 1917 4026 προθύμοις
1949 3962 2097 4027 ποσὶ,
2134 3962 2271 4033 πρὸς
2337 3955 2428 4009 τὸν
2460 3950 2556 4004 τοῦ
2591 3944 3026 4018 θεραπεύσαντος
3057 3941 3249 4008 τάφον,
3281 3935 3532 4006 ὁμολογεῖ
3588 3950 3651 3986 τε
3682 3936 3792 4005 τὴν

531 4047 713 4118 χάριν,
743 4048 832 4098 καὶ
861 4045 959 4115 τὴν
993 4044 1365 4114 εὐχαριστίαν,
1392 4043 1581 4115 ὥσπερ
1619 4042 1759 4099 οἶδεν
1802 4048 2102 4121 εὐγνώμων
2131 4050 2304 4122 ψυχὴ,
2337 4041 2600 4112 θεοφιλῶς
2634 4037 2947 4091 ἀποδίδωσι.

600 4136 740 4191 XIV.
782 4135 923 4190 Huic
961 4150 1087 4188 vero
1136 4134 1475 4188 Theodorito
1508 4138 1729 4202 accidit,
1772 4151 1830 4192 ut
1872 4141 2105 4199 Sanctus

531 4230 622 4284 ille
648 4228 700 4281 in
723 4227 831 4279 alio
870 4241 1090 4295 quoque
1122 4225 1407 4291 miraculo,
1436 4227 1581 4295 quod
1631 4229 1777 4284 circa
1816 4230 2102 4288 dominum

527 4322 651 4391 ejus
682 4319 883 4372 factum
915 4326 999 4371 est
1028 4318 1303 4385 (quisnam
1325 4328 1529 4373 .autem
1570 4322 1615 4374 is
1647 4321 1739 4387 sit,
1766 4323 1876 4393 jam
1917 4334 2103 4381 osten-

532 4428 652 4466 sum
684 4411 788 4481 est)
832 4410 1144 4463 inserviret.
1178 4408 1285 4461 Sed
1316 4411 1594 4477 quomodo
1625 4411 1679 4464 id
1706 4415 1931 4469 accidit?
1961 4416 2098 4470 Cum

2289 4138 2388 4195 lA'.
2428 4136 2519 4208 Τῷ
2545 4118 2863 4202 Θεοδωρίτῳ
2895 4126 2961 4200 δὴ
2987 4124 3160 4196 τούτῳ
3192 4121 3285 4177 καὶ
3311 4120 3483 4192 ἑτέρῳ
3520 4118 3790 4188 θαύματι,

2211 4237 2240 4290 δ
2270 4233 2400 4305 περὶ
2426 4231 2517 4284 τὸν
2555 4224 2754 4281 ἑαυτοῦ
2785 4222 3106 4293 πέπρακται
3149 4216 3336 4287 κύριον
3368 4214 3547 4283 (δῆλος
3568 4212 3627 4265 δὲ
3659 4212 3807 4288 ἤδη,

2210 4328 2296 4391 τίς
2326 4303 2482 4386 οὗτός
2532 4317 2705 4387 ἐστιν)
2741 4314 3019 4380 ἐξεγένετο
3067 4306 3436 4378 ὑπουργῆσαι,
3481 4303 3595 4358 ἀλλ’
3634 4305 3795 4364 ὅπως

2212 4418 2322 4486 ἄρα
2360 4414 2454 4466 καὶ
2498 4408 2799 4475 ἐξεγένετο.
2833 4401 2941 4455 Τοῦ
2974 4396 3348 4486 Δρουγγαρίου
3388 4395 3637 4453 Λέοντος,
3690 4392 3795 4445 τοῦ

533 4499 876 4571 Drungarius
904 4499 994 4552 hic
1035 4497 1146 4552 Leo
1172 4498 1468 4567 aliquando
1521 4500 1803 4570 equitaret
1828 4542 1842 4567 ,
1889 4506 2097 4569 evenit,

2209 4506 2265 4561 δὲ
2318 4500 2698 4573 ἰππαζομένου
2732 4497 2884 4557 ποτὲ,
2928 4491 3222 4563 συμϐαίνει
3274 4488 3367 4541 τὸν
3411 4488 3578 4541 ἵππον
3621 4486 3798 4558 τοίχῳ

531 4603 593 4651 ut
619 4609 793 4663 equus
821 4593 968 4646 illius
1004 4592 1193 4662 pedem
1247 4608 1403 4648 muro
1442 4594 1696 4662 allidens,
1735 4613 1860 4650 eum
1914 4599 2105 4652 feriret

530 4687 792 4757 graviter.
844 4685 978 4738 Male
1026 4692 1209 4737 autem
1256 4699 1313 4737 se
1368 4686 1609 4739 habebat
1641 4702 1757 4755 pes,
1807 4705 1917 4741 non
1952 4690 2105 4744 brevi

532 4779 717 4846 aliquo
752 4785 1015 4844 tempore,
1041 4775 1135 4828 sed
1166 4774 1350 4833 multis
1376 4775 1596 4836 diebus.
1624 4778 1831 4834 Deinde
1862 4795 1984 4835 cum
2029 4782 2109 4835 sic

532 4869 765 4922 allectus
804 4868 1188 4921 ostenderetur
1220 4868 1472 4931 medicis,
1509 4886 1606 4925 eos
1647 4872 1715 4925 ad
1743 4873 2109 4926 necessariam

534 4962 837 5017 scelionem
868 4972 923 5014 et
945 4962 1309 5030 chirurgicam
1339 4964 1715 5033 operationem
1746 4965 2107 5035 propellebat.

536 5054 714 5121 Atque
772 5062 891 5105 erat
957 5049 1184 5120 quidem
1236 5050 1355 5103 dies
1404 5066 1673 5121 quartus,
1721 5071 1830 5124 quo
1883 5055 2112 5109 medicis

539 5147 715 5199 visum
761 5142 1042 5197 fueratsie
1070 5143 1267 5197 facere.
1312 5144 1377 5198 Et
1430 5142 1688 5200 Nicolaus
1733 5150 1873 5215 (erat
1925 5160 2109 5204 aulcm

539 5238 585 5288 is
610 5251 830 5304 quoque
862 5249 1007 5288 unus
1034 5249 1098 5287 ex
1142 5235 1209 5287 iis
1235 5236 1328 5304 qui
1363 5237 1671 5291 serviebant
1700 5238 2021 5307 Drungario.
2060 5248 2116 5294 et

540 5328 658 5397 ejus
706 5327 928 5379 domum
974 5323 1360 5396 complebant)
1426 5336 1693 5382 statuerat
1750 5329 1865 5398 ipse
1914 5330 2115 5384 afferre

544 5416 870 5472 sectionem.
916 5417 1010 5469 llla
1059 5432 1193 5471 vero
1246 5427 1405 5471 nocte
1455 5431 1718 5486 apparent
1779 5421 2116 5476 'l'heodorito

546 5507 649 5559 viri
684 5517 795 5560 tres
865 5507 1089 5560 domum
1135 5507 1432 5579 Drungarii
1478 5509 1866 5578 ingredientes,
1927 5512 2116 5565 habitu

550 5610 605 5654 et
633 5601 833 5652 amictu
859 5600 1111 5653 Romani.
1146 5598 1356 5666 Quibus
1399 5601 1573 5655 factus
1604 5603 1845 5666 obviam,
1869 5604 2115 5669 Quonam

544 5693 673 5749 itis?
716 5695 942 5763 rogavit.
980 5692 1060 5747 Illi
1108 5703 1292 5747 autem
1326 5709 1459 5749 voce
1497 5706 1550 5748 et
1587 5707 1813 5767 aspectu
1861 5698 2072 5767 placido
2103 5715 2117 5751 :

548 5787 628 5840 Ad
692 5787 974 5843 dominum
1035 5799 1189 5843 tuum
1246 5790 1581 5845 accedimus.
1632 5792 1712 5845 Ad
1774 5792 1889 5847 haec
1937 5800 2118 5846 autem

2212 4596 2675 4671 προσαρράξαντα
2706 4592 2797 4645 τὸν
2840 4588 3050 4641 ἐκείνου
3086 4584 3223 4636 πόδα
3269 4582 3469 4652 πλῆξαι
3508 4581 3793 4652 χαλεπῶς.

2210 4687 2339 4761 Εἶχε
2364 4684 2655 4755 τοιγαροῦν
2692 4680 2942 4749 πονηρῶς
2972 4681 3000 4731 ὁ
3026 4677 3250 4740 ποῦς,οὐ
3280 4678 3411 4746 παρ’
3443 4676 3643 4739 ὀλίγον,
3671 4673 3798 4724 ἀλλ’

2212 4785 2268 4835 ὲν
2323 4780 2556 4849 ἡμέραις
2611 4775 2856 4845 συχναῖς.
2904 4765 3038 4824 Εὶτα
3072 4770 3165 4822 καὶ
3219 4768 3331 4830 τοῖς
3370 4765 3572 4836 ἰατροῖς
3612 4762 3797 4826 οὕτως

2213 4875 2349 4943 ἔχων
2378 4867 2845 4935 ἐπιδεικνύμενος,
2873 4864 3006 4933 πρὸς
3034 4862 3209 4931 τομὴν
3239 4858 3434 4920 αὐτοὺς
3475 4856 3797 4922 ἀναγκαίως

2214 4962 2517 5035 παρεκάλει
2560 4960 2655 5011 καί
2698 4955 3069 5025 χειρουργίαν.
3129 4950 3195 5003 Ἦ
3232 4951 3331 5017 μὲν
3362 4946 3454 5000 οὖν
3484 4947 3673 5017 ἡμέρα
3708 4964 3804 4997 τε-

2212 5054 2369 5124 τράς,
2390 5054 2478 5103 ὅτε
2505 5048 2645 5101 ούτω
2668 5047 2911 5098 δέδοκται
2942 5044 3054 5104 τοῖς
3085 5042 3287 5111 ἰατροῖς
3308 5040 3439 5111 δρᾷν
3462 5054 3475 5067 ’
3507 5048 3602 5089 καὶ
3633 5040 3660 5087 ὁ
3688 5036 3800 5088 Νι-

2217 5146 2409 5204 κόλαος
2448 5135 2550 5211 (εἷς
2584 5139 2639 5191 δὲ
2666 5139 2760 5191 καί
2787 5136 2948 5199 αὐτὸς
2985 5132 3186 5187 τούτων
3207 5129 3296 5204 ἦν,
3331 5132 3405 5200 τῷ
3434 5128 3802 5201 Δρουγγαρίῳ

2215 5256 2273 5290 τε
2312 5233 2753 5303 ὐπηρετούμενος
2790 5228 2998 5281 καὶτὸν
3027 5225 3195 5280 αὑτοῦ
3230 5221 3380 5277 οἷκον
3410 5223 3799 5292 συμπληροῦν)

2216 5327 2443 5397 ὡρίζετο
2473 5322 2791 5390 ἐπενεγκεῖν
2826 5320 2987 5380 αὐτὸς
3026 5319 3125 5387 τὴν
3163 5318 3360 5385 τομήν.
3405 5317 3559 5368 Κατὰ
3590 5314 3645 5365 δὲ
3694 5314 3801 5382 τὴν

2218 5421 2388 5473 νύκτα
2420 5418 2655 5487 εκείνην,
2688 5414 3067 5480 ἐπιφαίνονται
3109 5408 3187 5480 τῷ
3239 5407 3553 5476 Θεοδωρίτῳ
3601 5404 3803 5477 ἄνδρες

2218 5515 2389 5582 τρεῖς,
2416 5509 2504 5560 τὸν
2526 5504 2673 5561 οἰκον
2695 5507 2953 5566 εἰσιόντες
2976 5500 3068 5554 τοῦ
3097 5504 3492 5571 Δρουγγαρου,
3521 5496 3581 5549 τὸ
3606 5497 3805 5566 σχῆμα

2231 5603 2494 5671 Ῥωμαῖοι
2547 5599 2641 5652 καὶ
2682 5598 2778 5668 τὴν
2816 5594 3133 5667 περιὸολήν.
3170 5586 3263 5654 Οἷς
3292 5593 3644 5662 ὑπαντήσας,
3681 5590 3799 5642 Ποῦ

2221 5696 2276 5749 δὲ
2316 5698 2349 5766 ἡ
2393 5695 2607 5765 aqua“
2657 5694 2841 5764 ἤρετο.
2876 5694 2983 5745 Καὶ
3033 5690 3187 5743 αὐτοὶ
3219 5689 3422 5762 πραείᾳ
3462 5688 3581 5758 ἅμα
3618 5686 3803 5755 φωνῇ.

2225 5790 2384 5861 πράῳ
2437 5789 2492 5841 δὲ
2540 5788 2635 5840 καὶ
2691 5786 2767 5857 τῷ
2814 5785 3111 5855 βλέμματι,
3158 5782 3301 5851 Πρὸς
3348 5781 3438 5833 τὸν
3480 5780 3671 5849 κύριόν
3703 5795 3805 5831 σου
