3966 6438
512 327 624 392 299

522 525 769 585 eumdem
828 520 1021 578 habet.
1084 522 1179 591 qui
1226 514 1419 590 passu's
1473 528 1577 582 est,
1632 528 1687 574 et
1725 520 2005 581 eumdem,
2037 521 2131 589 qui

526 616 760 676 curavit.
792 614 928 667 Nam
966 614 1073 684 qui
1114 628 1311 683 passus
1346 595 1567 681 quidem
1616 621 1721 676 est,
1756 612 1859 667 fuit
1901 613 2133 683 insignis

528 713 682 766 Leo:
740 706 1023 771 Sampson
1079 715 1264 759 autem
1305 704 1544 766 divinus,
1586 703 1678 772 qui
1722 705 1951 759 curavit.
1995 705 2128 769 llye'

529 805 613 859 los
648 798 757 869 (I6)
793 806 879 849 est
938 809 1091 852 unus
1131 795 1357 849 morbus
1405 810 1471 849 ex
1522 795 1589 847 iis
1628 795 1720 864 qui
1769 804 2134 864 corrumpunt

535 893 723 948 oculos
762 886 1085 942 hominum.
1127 886 1230 952 Qui
1264 901 1390 940 eum
1422 886 1475 940 in
1508 886 1658 939 illius
1685 887 1946 941 canthum
1976 888 2133 940 incu-

535 984 768 1042 buisset,
816 993 949 1032 eum
996 978 1155 1033 valde
1203 978 1508 1048 premebat.
1569 976 1705 1029 Eum
1768 991 1891 1030 cum
1934 977 2135 1046 aliquis

540 1071 881 1131 exsecuisset
917 1069 1192 1132 medicus,
1247 1070 1480 1123 Iredebat
1516 1068 1718 1137 potius.
1768 1082 1933 1137 quam
1973 1067 2133 1137 juva-

540 1172 630 1227 bat
660 1184 672 1223 :
700 1168 753 1221 in
798 1165 906 1217 hoc
931 1164 1051 1217 solo
1085 1161 1458 1225 excusandus,
1500 1159 1647 1229 quod
1674 1175 1782 1214 non
1808 1175 1906 1213 sua
1939 1173 2134 1229 sponte

541 1264 801 1317 damnum
837 1256 1048 1311 attulit.
1082 1255 1168 1308 Fit
1194 1255 1341 1309 enim
1380 1253 1551 1307 sectio
1589 1252 1850 1315 maxima,
1891 1261 1949 1306 et
1979 1253 2134 1307 valde

544 1353 896 1426 periculosa,
964 1364 1130 1417 quam
1185 1348 1357 1417 ipsam
1430 1361 1654 1416 quoque
1703 1344 1927 1401 divinus
1978 1357 2135 1401 curat

544 1452 850 1516 Sampson,
888 1441 1020 1495 dum
1080 1440 1227 1496 illius
1270 1450 1551 1509 unguento
1596 1440 1820 1508 ungitur
1875 1438 2134 1508 frequen-

545 1544 676 1606 tius,
720 1537 960 1610 quodam
1014 1534 1313 1590 admodum
1366 1538 1535 1602 p'arvo
1596 1534 1789 1587 relicto
1844 1534 2134 1595 foramine,

546 1634 710 1703 idque
746 1629 933 1685 dedita
961 1643 1151 1698 opera,
1185 1636 1240 1681 et
1264 1634 1495 1703 propter
1524 1627 1840 1683 utilitatem.
1874 1626 2006 1679 Nam
2038 1641 2135 1693 per

547 1732 723 1795 ipsum
774 1724 975 1779 humor
1036 1722 1263 1792 quidam
1310 1719 1469 1774 facile
1520 1718 1770 1781 efﬂuens,
1800 1727 1855 1773 et
1893 1718 2054 1772 oculo
2079 1729 2136 1772 et

548 1820 709 1889 capiti
743 1817 975 1875 multum
1014 1814 1244 1885 profuit.

620 1909 784 1965 XVII.
818 1909 1127 1978 Adjiciatur
1157 1906 1279 1961 aliis
1328 1905 1505 1975 magni
1541 1903 1863 1972 Sampsonis
1894 1901 2137 1955 miracu-

548 2002 611 2055 lis
643 1999 971 2055 miraculum
1009 2012 1233 2067 quoque
1267 1995 1511 2051 Genesii.
1545 1994 1682 2047 Nam
1721 2000 1920 2061 praeter
1964 2001 2141 2045 terro-

550 2108 687 2155 rem,
724 2092 893 2145 habet
923 2092 1088 2144 etiam
1145 2089 1197 2142 in
1247 2102 1305 2141 se
1353 2084 1780 2157 iucunditatem,
1825 2092 1881 2138 et
1909 2092 1995 2139 est
2036 2099 2138 2138 au-

549 2185 668 2238 ditu
698 2180 1105 2252 dignissimum.
1155 2178 1255 2232 Hic
1286 2192 1417 2247 ergo
1447 2175 1722 2230 Genesius
1759 2183 1881 2229 erat
1910 2173 2138 2244 quidem

546 2291 690 2331 unus
725 2290 792 2329 ex
824 2274 1007 2335 clero;
1047 2271 1150 2325 fuit
1202 2278 1385 2324 autem
1416 2269 1615 2323 multos
1665 2281 1842 2322 annos
1889 2267 2141 2322 minister

551 2366 919 2428 xenodochii;
981 2378 1092 2417 non
1190 2361 1375 2415 minus
1437 2360 1609 2422 enim,
1679 2372 1844 2427 quam
1919 2357 2139 2428 triginta

548 2474 817 2516 annorum
856 2457 960 2512 fuit
999 2457 1118 2527 ejus
1147 2454 1546 2509 ministerium.
1583 2452 1712 2507 Erat
1746 2462 1929 2507 autem
1973 2452 2026 2505 in
2072 2466 2140 2507 eo

548 2549 845 2604 admodum
890 2562 1079 2601 socors
1123 2555 1178 2600 et
1222 2546 1524 2615 negligens.
1570 2544 1684 2599 Una
1728 2542 1914 2613 itaque
1977 2553 2139 2598 nocte

548 2641 822 2697 accedens
853 2638 1107 2701 Sanctus,
1137 2636 1337 2689 multas
1366 2635 1416 2689 ei
1444 2633 1631 2704 plagas
1657 2632 1877 2694 inﬂixit,
1908 2632 2098 2686 dicens
2123 2648 2137 2684 :

547 2735 659 2789 Cur
686 2748 797 2786 non
825 2746 889 2786 ea
927 2730 1157 2799 praebes,
1205 2727 1411 2796 quibus
1447 2734 1613 2793 egent
1650 2722 1897 2776 infirmi?
1936 2730 1993 2777 et
2040 2737 2141 2775 cur

551 2824 891 2893 negligenter
935 2820 1174 2873 versaris
1224 2820 1279 2872 in
1316 2817 1423 2871 hoc
1469 2825 1562 2869 tuo
1606 2814 1958 2868 ministerio?
2013 2813 2139 2869 Haec

549 2925 733 2970 autem
770 2928 878 2969 non
931 2914 983 2966 in
1032 2910 1262 2975 somnis,
1320 2923 1503 2979 neque
1560 2923 1659 2978 per
1712 2906 1919 2961 nudam
1959 2906 2136 2959 solum

550 3009 817 3062 visionem
868 3007 1039 3066 facta,
1094 3006 1191 3059 sed
1239 3018 1408 3071 opere
1452 3004 1579 3069 ipso
1621 3016 1746 3053 mox
1793 2996 2138 3051 manifestata

550 3099 797 3153 fuerunt.
857 3096 1013 3150 Mane
1052 3094 1200 3149 enim
1251 3100 1464 3146 mutum
1512 3090 1736 3160 quidem
1771 3099 1894 3149 erat
1935 3104 1996 3145 os
2027 3088 2135 3144 Ge-
2164 3130 2207 3189 ϐ

549 3192 727 3254 nesio,
758 3190 898 3245 livor
937 3194 1122 3242 autem
1152 3196 1207 3241 et
1246 3186 1444 3241 tibiccs
1475 3183 1751 3239 manifesti
1791 3184 1843 3237 in
1881 3197 2132 3253 corpore,

549 3298 656 3336 non
706 3281 912 3342 minus,
973 3293 1138 3347 quam
1188 3278 1396 3346 lingua,
1456 3275 1603 3345 quod
1661 3274 1865 3328 factum
1934 3272 2135 3335 fuerat,

548 3372 962 3444 significabant.
992 3370 1129 3426 Cum
1162 3371 1351 3437 itaque
1383 3367 1649 3436 quidnam
1688 3366 1795 3419 sibi
1823 3364 2136 3426 accidisset,

549 3474 775 3533 rogatus
807 3463 1083 3531 explicare
1114 3476 1225 3514 non
1269 3466 1475 3528 posset,
1519 3457 1569 3511 ci
1619 3456 1782 3509 datur
1842 3456 2057 3518 charta,
2084 3455 2137 3509 in

550 3572 657 3627 qua
681 3556 924 3626 scripsit,
954 3552 1233 3624 quomodo
1262 3566 1322 3607 se
1366 3550 1693 3605 habuissent
1728 3564 1791 3604 ea
1822 3564 1945 3618 qua:
1994 3548 2136 3602 facta

549 3649 787 3703 fuerant.
842 3645 982 3700 Tres
1029 3643 1254 3699 interim
1302 3641 1425 3694 dies
1474 3639 1883 3709 praeterierunt,
1938 3648 1995 3691 et
2047 3639 2138 3690 ille

551 3740 775 3808 quidem
807 3737 989 3790 adhuc
1022 3742 1141 3787 erat
1170 3732 1432 3803 elinguis.
1478 3730 1616 3784 Cum
1650 3728 1766 3781 haec
1808 3736 1992 3781 autem
2026 3726 2139 3797 jam

552 3834 818 3887 audiisset
855 3828 1217 3898 Drungarius,
1251 3840 1363 3879 non
1400 3821 1638 3891 amplius
1679 3820 1953 3877 contineri
1992 3829 2138 3890 pote-

552 3934 659 3989 rat,
686 3924 781 3979 sed
814 3924 882 3977 ad
909 3935 1122 3975 sacram
1153 3917 1377 3971 domum
1412 3915 1598 3970 statim
1631 3914 1866 3976 accedit,
1910 3913 2139 3980 cupiens

553 4033 652 4086 per
694 4012 1185 4082 interrogationem
1214 4019 1271 4063 et
1307 4004 1729 4074 reaponsionem
1758 4002 1950 4056 audire
1980 4015 2143 4072 aper-

554 4110 689 4170 tius,
721 4121 785 4161 ea
821 4120 942 4175 qua:
974 4103 1115 4158 facta
1148 4101 1369 4155 fuerant
1398 4112 1413 4150 :
1447 4096 1541 4153 sed
1569 4096 1793 4151 modum
1831 4111 1941 4150 non
1989 4094 2142 4149 inve-

555 4201 714 4255 niens
749 4203 980 4265 prapter
1026 4190 1271 4254 vincula,
1312 4187 1518 4258 quibus
1556 4187 1738 4242 adhuc
1800 4195 1919 4241 erat
1983 4183 2141 4239 astri-

554 4302 641 4342 cta
689 4287 871 4355 lingua
926 4281 1268 4352 aegrotantis,
1324 4295 1442 4335 rem
1488 4279 1785 4334 committit
1829 4278 2087 4346 precibus
2124 4294 2137 4331 :

555 4380 754 4435 Sancte
786 4376 904 4441 Dei,
934 4376 1145 4437 dicens,
1177 4373 1307 4437 seis,
1351 4370 1468 4426 scis
1499 4379 1703 4440 quanta
1732 4384 1851 4425 mea
1894 4370 1963 4425 sit
1990 4370 2043 4424 in
2089 4377 2140 4425 te

1870 322 2155 383 MENSIS
2194 324 2495 385 JUNlUS.

590 435 707 492 XVI
760 433 879 487 Nec
936 434 1044 487 hoc
1106 446 1326 503 quoque
1382 428 1942 500 praetermittendum,
1993 432 2139 499 quod
2173 441 2216 494 Α

2323 433 2440 501 ις’.
2483 435 2615 489 Οὐδὲ
2652 436 2810 490 τοῦτο
2839 438 3171 507 παραλιπεῖν
3208 440 3375 504 ἄξιον,
3417 442 3444 493 ὀ
3474 442 3565 495 καὶ
3609 442 3698 495 τὸν
3740 446 3823 496 ία-

2246 527 2480 596 σάμενον
2516 531 2608 583 καὶ
2645 530 2737 583 τὸν
2768 532 2932 584 αὑτὸν
2955 532 3048 584 ἐπὶ
3082 532 3251 601 ἄμφω
3279 534 3495 587 ἰαθέντα
3524 535 3783 603 σημαίνει
3806 552 3821 569 ⁸

2241 618 2270 668 ὀ
2308 618 2405 684 μέν
2432 618 2539 687 γὰρ
2567 614 2632 689 ἦν
2663 620 2690 670 ὀ
2736 621 3044 690 περιφανὴς
3083 622 3252 679 Λέων.
3287 622 3526 690 Σαμψὼν
3546 623 3601 675 δὲ
3630 626 3656 675 ὀ
3679 625 3826 687 θεῖος

2242 709 2603 777 ὀίασάμενος.
2642 711 2853 779 Timr;
2916 712 2977 764 τὸ
3022 712 3194 773 πάθος
3247 712 3305 765 ἐν
3358 715 3474 765 ἐστι
3531 716 3627 767 καὶ
3666 716 3828 769 τοῦτο

2241 798 2349 849 τῶν
2400 798 2712 869 ὀφθαλμοὺς
2762 802 3069 869 ἀνθρώπων
3113 805 3524 868 ἐπισαινόντων,
3558 806 3719 873 ὖ,κα“ι
3751 808 3830 877 τῷ

2242 890 2453 941 ἐκείνου
2488 890 2669 959 κανθῷ
2706 891 3041 960 ἐπισκῆψαν,
3085 896 3303 959 ἐπίεζεν
3350 897 3607 966 ἰσχυρῶς.
3655 897 3830 951 Τοῦτο

2248 981 2450 1049 ἰατρῶν
2501 998 2582 1042 τις
2654 982 2913 1051 ἐκκόψας,
2966 984 3219 1053 βλάπτων
3273 988 3487 1056 ὑπῆρχε
3547 989 3752 1056 μᾶλλον
3796 990 3829 1058 ἢ

2243 1071 2495 1141 ὠφελῶν,
2528 1076 2621 1126 καὶ
2647 1074 2819 1145 τούτῳ
2853 1075 2998 1145 μόνῳ
3018 1077 3218 1147 δηλαδὴ
3249 1079 3324 1148 μὴ
3360 1082 3829 1150 πονηρευόμενος,

2243 1165 2325 1217 ὅτι
2368 1167 2444 1235 μὴ
2481 1165 2626 1218 ἑκὼν
2663 1168 2837 1235 ἐπῆγε
2877 1169 2973 1239 τὴν
3030 1169 3272 1239 βλάϐην·
3332 1174 3567 1241 μεγίστη
3623 1173 3735 1243 γὰρ
3799 1176 3831 1240 ή

2244 1258 2383 1325 τομὴ
2438 1259 2646 1325 γίνεται
2684 1263 2775 1313 καὶ
2807 1262 2990 1330 ἄκρως
3033 1264 3361 1333 ἐπισφαλὴς,
3403 1266 3471 1335 ἥν
3513 1268 3608 1318 καὶ
3654 1267 3832 1335 αὐτὴν

2245 1350 2271 1399 ὀ
2338 1347 2481 1411 θεῖος
2548 1351 2694 1403 ἰᾶται
2757 1352 3018 1420 Σαμψὼν,
3060 1354 3139 1423 τῷ
3186 1355 3398 1408 ἐκείνου
3453 1356 3834 1426 θαμινώτερον

2245 1440 2638 1509 ἐπιχριομένην
2677 1479 2689 1500 .
2750 1446 2953 1512 μικρᾶς
3009 1461 3153 1506 τινος
3207 1447 3348 1511 ἄγαν
3403 1448 3833 1518 ὑπολειφθείσης

2244 1530 2407 1598 ὀπῆς,
2439 1531 2535 1584 καὶ
2565 1533 2735 1601 αὐτῆς
2762 1536 2902 1587 κατὰ
2931 1536 3188 1603 πρόνοιαν
3209 1537 3410 1607 δηλαδὴ
3435 1540 3531 1591 καὶ
3560 1541 3653 1593 τοῦ
3684 1541 3836 1609 ώφε-

2247 1619 2356 1671 λεῖν
2387 1621 2594 1674 ἕνεκεν·
2640 1622 2728 1675 διὰ
2767 1623 2866 1692 τῆς
2896 1626 3068 1695 αὐτῆς
3105 1625 3214 1696 γὰρ
3251 1628 3418 1697 ἰκμάς
3464 1647 3545 1689 τις
3581 1630 3831 1700 εὐχερῶς

2247 1712 2631 1784 ἀπορρέουσα,
2661 1715 2728 1767 ei
2788 1717 2906 1784 μεθ’
2932 1718 3028 1770 ὅλα
3058 1719 3134 1788 τῷ
3188 1737 3245 1771 τε
3300 1720 3566 1792 ὀφθαλμῷ
3606 1724 3707 1776 καὶ
3764 1727 3833 1791 τῇ

2168 1796 2211 1851 Β
2242 1806 2453 1873 κεφαλῇ
2500 1807 2804 1861 συνέτεινε.

2319 1897 2418 1951 ΙΖ’.
2459 1898 2762 1968 Προσθήτω
2798 1904 2890 1954 καὶ
2938 1904 2998 1957 τὸ
3050 1905 3144 1957 τοῦ
3186 1907 3436 1961 Γενεσίου
3482 1911 3595 1970 τοῖς
3645 1909 3835 1971 ἄλλοις

2243 1988 2337 2043 τοῦ
2368 1989 2624 2057 Μεγάλου
2659 1992 2982 2063 θαύμασιον·
3010 1997 3123 2065 ἔχει
3152 1998 3257 2067 γὰρ
3297 2000 3435 2067 μετὰ
3463 1999 3558 2051 τοῦ
3592 1999 3836 2069 φοϐεροῦ

2242 2082 2338 2136 καὶ
2377 2082 2438 2135 τὸ
2467 2084 2679 2152 χαρίεν,
2713 2086 2803 2137 καὶ
2829 2086 2974 2138 ἐστιν
3010 2088 3272 2149 ἐπιεικῶς
3318 2089 3703 2151 ἀξιάκουστον.
3776 2092 3837 2143 Ὀ

2241 2173 2423 2225 τοίνυν
2447 2173 2698 2235 Γενέσιος
2730 2168 2883 2233 οὗτος
2908 2171 2975 2244 ἦν
3008 2176 3106 2244 μέν
3133 2171 3210 2237 εἷς
3238 2176 3345 2228 τῶν
3374 2176 3467 2241 τοῦ
3498 2178 3727 2248 κλήρου,
3764 2175 3836 2249 ἦν

2242 2262 2299 2315 δέ
2352 2262 2446 2316 καὶ
2472 2262 2764 2332 ὑπουργῶν
2815 2264 2944 2334 περὶ
3000 2266 3097 2327 τὰς
3124 2264 3215 2318 τοῦ
3244 2266 3473 2331 ξενῶνος
3502 2269 3659 2321 τοῦδε
3688 2269 3838 2323 λειτ-

2243 2353 2489 2422 ουργίας,
2544 2353 2637 2423 ἐτη
2688 2355 2860 2425 συχνά
2880 2372 2891 2384 ·
2928 2356 3020 2409 καὶ
3040 2356 3148 2425 γὰρ
3177 2358 3276 2409 οὐκ
3308 2356 3547 2411 ἐλάττων
3579 2360 3611 2427 ἢ
3643 2361 3838 2429 χρόνοι

2242 2444 2537 2515 τριάκοντα
2571 2447 2603 2516 ἡ
2631 2446 2924 2517 ὑπηρεσία.
2963 2447 3259 2516 Ἐτύγχανε
3282 2450 3338 2502 δὲ
3360 2448 3436 2501 ὣν
3460 2450 3674 2520 ἀμελὴς
3700 2468 3767 2502 πε
3780 2446 3837 2521 pl.

2243 2534 2414 2601 αὐτὴν
2436 2536 2531 2588 καὶ
2561 2536 2804 2602 ἀτέχνως
2839 2538 3100 2604 ῥᾴθυμος.
3138 2537 3321 2610 Ταύτῃ
3342 2557 3424 2591 τοι
3457 2543 3550 2592 καὶ
3586 2544 3687 2608 μιᾷ
3718 2542 3837 2593 τῶν

2245 2624 2479 2687 νυκτῶν,
2531 2627 2758 2687 ἐπιστὰς
2792 2625 2945 2695 αὐτῷ
2992 2627 3020 2678 ὀ
3075 2628 3285 2693 Ἀγιος,
3338 2628 3554 2696 πληγὰς
3597 2632 3835 2683 ἐντείνει

2246 2717 2470 2784 πολλὰς,
2504 2717 2603 2771 Διά
2644 2718 2695 2769 τί
2737 2717 2835 2787 μὴ,
2874 2718 3072 2784 λέγων,
3126 2718 3388 2787 παρέχεις
3418 2712 3493 2771 ὧν
3539 2721 3733 2788 χρείαν
3785 2722 3839 2773 οἱ

2242 2812 2546 2879 κάμνοντες
2580 2808 2787 2879 ἔχουσι,
2820 2811 2912 2862 καὶ
2956 2808 3044 2864 διὰ
3090 2809 3142 2863 τί
3190 2812 3319 2882 περὶ
3345 2812 3551 2880 ταύτην
3588 2829 3685 2864 σου
3730 2813 3838 2884 τὴν

2242 2900 2521 2953 διακονίαν
2552 2901 2831 2969 ὀλιγώρως
2863 2901 3045 2970 ἔχειςς
3080 2903 3266 2955 ταῦτα
3299 2902 3354 2955 δὲ
3412 2905 3511 2956 οὐκ
3545 2904 3678 2975 ὄναρ
3706 2906 3837 2959 οὐδέ

2247 2993 2410 3061 μέχρι
2439 2992 2532 3045 καὶ
2562 2993 2723 3062 ψιλῆς
2756 2995 3059 3061 φαντασίας
3092 2994 3285 3064 ἔτυχεν
3316 2999 3681 3067 εἰργασμένα,
3709 3002 3836 3052 ἀλλ’

2242 3083 2331 3136 ἐπ’
2354 3083 2536 3138 αὐτῶν
2565 3084 2824 3156 ἄντικρυς
2864 3085 2975 3138 τῶν
3007 3086 3189 3157 ἔργων
3230 3090 3324 3138 καὶ
3353 3090 3385 3156 ὴ
3420 3090 3694 3152 ὑπόδειξις
3727 3110 3840 3160 φα-

2241 3176 2373 3246 νερά
2393 3193 2405 3205 °
2430 3176 2601 3230 ἕωθεν
2635 3179 2745 3247 γὰρ
2782 3180 3001 3245 ἄφωνον
3036 3179 3134 3246 μὲν
3162 3175 3231 3247 ἦν
3257 3180 3335 3247 τῷ
3358 3180 3591 3249 Γενεσίῳ
3613 3183 3674 3233 τὸ
3709 3187 3841 3237 στό-

2245 3286 2340 3337 μα,
2379 3269 2632 3336 μελανίαι
2658 3270 2714 3322 δέ
2752 3270 2848 3322 καὶ
2883 3269 3233 3333 πελιδνώσεις
3270 3271 3399 3339 περὶ
3431 3271 3491 3323 τὸ
3518 3275 3682 3341 σῶμα
3712 3276 3839 3329 δια-

2243 3363 2453 3428 φανεῖς,
2511 3360 2758 3430 γλώττης
2808 3362 2907 3414 οὐκ
2960 3361 3184 3416 ἔλαττον
3250 3364 3698 3432 ἀπαγγέλλουσαι
3762 3372 3840 3423 τὰ

2241 3452 2577 3524 πραχθέντα.
2625 3453 2777 3507 Ἐπεὶ
2811 3452 2905 3508 οὖν
2933 3456 3025 3508 καὶ
3058 3456 3414 3527 ἐρωτώμενος
3457 3457 3485 3510 ὃ
3530 3460 3836 3519 πεπόνθοι.

2238 3546 2577 3616 διασαφῆσαι
2610 3547 2872 3609 ἀδύνατος
2905 3544 2993 3616 ἦν,
3027 3549 3237 3617 χάρτης
3272 3550 3421 3618 αὑτῷ
3478 3552 3700 3616 δίδοται,
3734 3558 3840 3608 καὶ

2241 3642 2436 3709 τούτῳ,
2466 3644 2616 3701 ὅπως
2656 3638 2824 3709 εἶχεν,
2861 3642 3108 3709 ἐντίθησι
3147 3644 3215 3694 τὰ
3252 3643 3619 3711 γεγενημένα.
3663 3646 3839 3713 Τρεῖς

2240 3730 2303 3781 τδ
2357 3729 2559 3799 μεταξὺ
2602 3730 2879 3800 παρῆλθον
2908 3732 3137 3800 ἡμέραι,
3177 3733 3270 3784 καὶ
3302 3734 3329 3785 ὀ
3368 3733 3467 3801 μὲν
3503 3735 3787 3799 ἄγλωττος
3824 3756 3836 3767 ·

2240 3821 2317 3892 τῷ
2360 3822 2415 3876 δέ
2445 3823 2792 3893 δρουγγαρίῳ
2844 3822 2955 3875 τῶν
2980 3825 3385 3895 πεπραγμένων
3414 3825 3697 3879 άκουστῶν
3728 3828 3840 3900 ἤδη

2240 3914 2571 3982 γενομένων,
2611 3909 2722 3975 οἷος
2754 3918 2959 3976 ἐκεῖνος
2992 3915 3112 3968 οὐδὲ
3146 3916 3412 3979 καθεκτὸς
3444 3911 3512 3987 ἦν
3543 3918 3647 3981 ἔτι,
3693 3918 3843 3973 ἀλλὰ

2244 4004 2384 4074 πρὸς
2415 4003 2506 4056 τὸν
2545 4005 2691 4072 ἱερὸν
2718 3999 2866 4057 οἶκον
2894 4004 2956 4057 τὸ
2994 4009 3310 4075 παραυτίκα
3342 4010 3574 4074 γίνεται.
3608 4011 3721 4061 Καὶ
3756 4012 3839 4063 δι-

2242 4096 2361 4165 ψῶν
2387 4098 2487 4166 μὲν
2521 4097 2608 4151 διὰ
2645 4097 2891 4161 πεύσεως
2919 4100 3011 4151 καὶ
3038 4099 3389 4166 ἀποκρίσεων
3419 4099 3654 4151 ἀκοῦσαι
3689 4118 3838 4170 τρα-

2243 4188 2495 4255 νέστερον
2516 4189 2583 4240 τὰ
2610 4190 2955 4258 γεγενημένα
2986 4202 3001 4216 ·
3039 4189 3262 4257 ἀπορῶν
3306 4188 3361 4241 δὲ
3397 4188 3486 4241 διὰ
3512 4189 3609 4252 τὰς
3640 4191 3837 4257 ἐγκει-

2247 4276 2414 4344 μένας
2460 4276 2544 4328 ἔτι
2587 4276 2755 4338 πέδας
2785 4279 2849 4345 τῇ
2880 4276 3099 4346 γλώσσῃ
3142 4275 3236 4329 τοῦ
3271 4278 3623 4353 πεπονθότος,
3660 4283 3837 4351 εὐχὴν

2244 4364 2311 4417 τὰ
2340 4365 2435 4419 τοῦ
2470 4366 2797 4436 πράγματος
2846 4368 3169 4437 ἐπιτρέπει·
3206 4367 3365 4436 Ἀγιε
3408 4368 3504 4422 τοῦ
3548 4368 3709 4435 Θεοῦ,
3740 4371 3838 4424 λέ-

557 4474 714 4535 ίὶιιεε,
746 4480 803 4525 et
839 4484 1001 4538 quam
1044 4467 1243 4522 fuerim
1302 4465 1357 4519 in
1392 4472 1486 4519 tuo
1532 4461 1840 4517 ministerio
1884 4462 2138 4532 diligens,

2248 4476 2382 4527 γων,
2418 4463 2471 4515 εί
2518 4479 2619 4531 μου
2661 4463 2908 4525 σύνοιδας
2952 4464 3051 4531 τὴν
3090 4463 3273 4515 πίστιν
3303 4464 3402 4531 ὅση
3445 4464 3580 4532 πρὸς
3614 4465 3698 4531 σὲ,
3734 4472 3839 4519 καὶ

555 4564 823 4621 concede,
858 4570 918 4614 ut
959 4559 1227 4614 Genesius
1273 4572 1371 4611 sua
1410 4555 1525 4624 ipse
1557 4554 1765 4623 lingua,
1793 4570 1915 4624 quae
1946 4570 2139 4623 passus

558 4663 663 4716 est,
685 4649 1110 4707 cnuntiet.Cum
1142 4649 1231 4703 ille
1258 4647 1337 4702 sic
1356 4656 1862 4714 essetprecaturus,
1895 4660 2004 4697 non
2041 4644 2142 4698 fuit

557 4746 844 4802 fraudatus
891 4758 989 4798 sua
1037 4742 1305 4812 petitione
1338 4757 1352 4805 ;
1388 4740 1483 4794 sed
1525 4738 1593 4793 ab
1627 4738 1743 4807 ipso
1780 4746 2003 4807 rogatus
2038 4735 2143 4790 Ge-

560 4840 768 4899 nesius,
796 4836 1033 4905 primum
1070 4832 1290 4900 quidem
1323 4830 1687 4890 balbutiebat,
1723 4828 2052 4896 exiliterque
2087 4838 2142 4882 et

558 4926 818 4982 intercise
862 4923 1213 4993 loquebatur.
1266 4929 1321 4973 et
1369 4936 1433 4973 ea
1487 4919 1728 4979 dicebat,
1781 4935 1902 4987 quae
1960 4918 2142 4973 minus

560 5018 787 5088 intelligi
824 5028 1084 5087 poterant
1136 5015 1347 5090 Lingua
1388 5023 1571 5066 autem
1606 5010 1654 5064 ei
1690 5010 1953 5078 paulatim
2004 5012 2143 5068 rela-

558 5123 703 5173 xata,
750 5111 935 5167 omnia
988 5110 1247 5176 explicat,
1302 5106 1570 5175 adjiciens
1622 5104 1788 5157 etiam
1833 5103 2038 5173 aliquid
2074 5104 2141 5158 (le

562 5206 724 5259 domo
757 5202 937 5273 magni
975 5198 1316 5268 Sampsonis,
1365 5203 1591 5266 prapter
1624 5195 1771 5249 illam
1816 5195 1961 5249 enim
2007 5194 2142 5247 indi-

561 5297 748 5365 gnatio
801 5294 1077 5363 praecipue
1123 5300 1243 5345 orta
1274 5300 1441 5345 erat:
1492 5304 1611 5357 qure
1653 5287 1873 5356 quidem
1925 5287 2139 5352 domus,

562 5392 690 5443 dum
724 5386 808 5439 vir
851 5393 1077 5439 sanctus
1115 5383 1297 5435 adhuc
1338 5381 1553 5433 vivebat
1584 5379 1725 5431 inter
1762 5379 2013 5431 homines
2048 5394 2139 5429 su-

570 5487 799 5541 perstes,
836 5475 1041 5525 nullius
1076 5473 1233 5539 pretii
1260 5472 1530 5537 (l7)crat,
1563 5478 1617 5521 et
1642 5468 2140 5529 contentnebatur;

650 5607 757 5667 (ἰδ’)
792 5603 1047 5670 ’Υελοπὴ,
1076 5603 1254 5669 inquit
1283 5601 1519 5670 Cangirus
1550 5600 1614 5670 in_
1640 5598 1922 5650 Glossario
1954 5598 2140 5670 Grmco

584 5666 842 5727 Barbam,
893 5681 979 5721 cst
1017 5666 1222 5719 \‘itititn
1264 5670 1317 5718 in
1352 5666 1728 5731 accipitribus,
1782 5681 1905 5716 cum
1937 5666 2143 5715 scilicet.

593 5742 777 5795 oculos
811 5739 963 5807 quasi
994 5738 1198 5788 vitreus
1236 5730 1453 5785 habent.
1476 5730 1645 5785 idem
1693 5732 1907 5782 videtur
1938 5733 2146 5796 signifi~

2246 4554 2395 4616 ὅπως
2431 4554 2835 4623 ἐμμελέστατος
2883 4553 2994 4620 ἐγὼ
3038 4557 3166 4623 περὶ
3205 4556 3303 4625 τὴν
3330 4554 3699 4624 λειτουργίαν,
3739 4559 3838 4624 δὶς

2245 4647 2381 4715 αὐτῇ
2416 4644 2636 4716 γλώττῃ
2664 4662 2753 4713 μοι
2783 4645 2873 4697 τὸν
2911 4646 3163 4699 Γενέσιον
3194 4646 3222 4697 ὃ
3256 4645 3529 4701 πέπονθεν
3557 4650 3840 4717 άπαγγεῖυ

2244 4736 2352 4785 λαι.
2381 4732 2567 4795 Οὕτως
2585 4734 2788 4795 ἐκεῖνος
2822 4733 3138 4802 εὐξάμενος,
3162 4735 3220 4785 οὐ
3245 4734 3513 4807 διήμαρτε
3537 4737 3637 4805 τῆς
3670 4740 3839 4810 αἰτή-

2248 4842 2407 4887 σεως,
2441 4823 2555 4877 ἀλλ’
2576 4825 2927 4894 ἐρωτώμενος
2955 4825 3047 4875 ὑπ’
3079 4825 3244 4878 αὑτοῦ
3267 4830 3294 4879 ὁ
3334 4828 3603 4893 Γενέσιος,
3634 4832 3843 4901 πρῶτα,

2251 4915 2349 4983 μὲν
2381 4913 2801 4985 ὑποϐαταρίζων
2839 4910 3189 4985 ἦν,άμυδρῶς
3230 4935 3289 4970 τε
3326 4919 3421 4970 καί
3452 4920 3838 4991 διακεκομμέ-

2245 5025 2350 5071 νως
2387 5007 2865 5074 ὑποφθεγγόμενος
2910 5008 3002 5061 καὶ
3034 5005 3194 5079 ἦττον
3237 5012 3434 5062 συνετὰ
3465 5012 3664 5081 λέγων·
3705 5022 3841 5069 κατ’

2244 5096 2421 5165 ὀλίγον
2448 5096 2505 5149 δὲ
2538 5095 2821 5166 ανεοείσης
2852 5098 3001 5167 αὐτῷ
3026 5099 3125 5167 τῆς
3154 5099 3401 5169 γλώττης
3434 5103 3613 5156 πάντα
3641 5103 3837 5159 διασα-

2247 5195 2354 5260 φεῖ,
2400 5191 2655 5261 προσθεὶς
2689 5196 2781 5245 καὶ
2810 5194 2877 5243 τὰ
2910 5192 3035 5260 περὶ
3066 5195 3160 5262 τῆς
3198 5195 3451 5261 Μεγάλου
3490 5198 3666 5259 οἰκίας
3694 5241 3707 5253 .
3748 5202 3838 5255 Δι’

2246 5285 2462 5351 ἐκείνην
2493 5283 2603 5350 γὰρ
2642 5286 2731 5335 καὶ
2764 5282 2964 5351 μᾶλλον
2994 5286 3024 5353 ή
3070 5284 3471 5354 ἀγανάκτησις,
3500 5288 3621 5354 ἥτις
3656 5288 3835 5353 ζῶντι

2255 5374 2351 5439 μὲν
2383 5373 2461 5440 τῷ
2507 5372 2691 5442 ’Λγῐῳ,
2730 5372 2822 5424 καὶ
2873 5373 2953 5425 ἔτι
3017 5374 3263 5441 περιόντι
3316 5376 3394 5443 τῷ
3446 5376 3564 5446 βίῳ,
3604 5380 3835 5445 φαύλως

2253 5456 2364 5527 εἶχε
2409 5462 2499 5511 καὶ
2531 5460 2729 5519 ἱκανῶς
2761 5459 3141 5523 ἑξουδενοῦτο’
3178 5464 3547 5529 μεταστάντος
3593 5467 3647 5517 δὲ
3689 5470 3838 5534 πρὸς

2250 5612 2373 5645 caro
2413 5595 2641 5658 'l'e‘idrt}.

2326 5664 2434 5725 U7)
2491 5662 2604 5711 Non
2665 5660 2801 5711 adeo
2844 5662 3057 5712 scilicet
3114 5661 3457 5713 xenodochio
3508 5663 3840 5727 Sampsonis

2260 5729 2413 5790 (dum
2447 5729 2541 5779 hic.
2571 5730 2800 5778 τίνω-ει)
2838 5741 3193 5794 prospectum
3230 5740 3345 5779 erat
3382 5734 3447 5781 dc
3485 5730 3765 5787 reditibus
3808 5754 3839 5788 ρ
