3966 6472
133 415 219 482 301
1382 407 1556 468 VITA
1600 406 1659 467 s.
1695 402 1719 460 ε

1830 402 2143 462 lPSONIS.

3268 395 3374 455 302

136 528 273 594 Θεὸν,
305 530 404 582 καὶ
437 529 541 599 ἤδη
576 527 812 599 ςςανεροῦ
835 525 1124 594 γενομένου
1153 522 1246 592 τὴν
1284 522 1568 589 ἀγιότητα,
1601 519 1702 572 ἔδει

1830 527 1928 570 ιοει
1966 526 2194 569 mortem
2239 529 2367 569 vero
2402 514 2520 584 ejus
2547 521 2601 566 ct
2645 511 3046 567 ‘manil‘eStatam
3080 511 3383 565 sanetimo-

135 624 342 684 πάντως
386 623 561 691 αὐτὴν
587 623 680 674 καὶ
711 621 874 688 τιμῆς
907 615 1214 684 ἀξιοῦσθαι,
1257 617 1351 668 καὶ
1386 617 1460 677 ὡς
1492 615 1698 666 ἐκείνου

133 715 300 764 οἰκίαν
336 711 652 779 λογίζεσθαι
681 729 693 741 ·
720 711 747 763 ὃ
789 711 851 778 δὴ
882 712 972 762 καὶ
1000 709 1222 776 γέγονεν
1249 707 1488 769 εὐσεϐῶς
1523 722 1579 756 τε
1611 704 1701 755 καὶ

135 805 387 871 ᾳιλοθέως
413 807 521 867 ἐίς
555 805 662 872 γὰρ
684 785 809 856 ναὸν
837 801 1258 868 μεταϐέϐληται.
1291 802 1384 852 καὶ
1421 797 1698 864 ἁγιστεὶας

135 896 370 958 ἀξιοῦται
405 898 506 962 τῆς
532 894 942 964 προσηκούσης.

198 1075 304 1127 IH'.
353 1075 494 1126 Ἀλλ’
523 1075 645 1127 οὐδὲ
677 1076 736 1127 τὸ
763 1075 896 1143 προς
927 1075 1014 1125 τὸν
1049 1073 1380 1140 Εὑατράτιον
1407 1069 1611 1135 Θαῦμα,
1646 1066 1702 1127 δς

136 1165 219 1216 τοῦ
257 1165 568 1232 καταλόγου
611 1166 710 1234 μὲν
750 1165 856 1216 τῶν
889 1163 1318 1232 προσπαθαρίων
1362 1161 1474 1212 ἐστὶ
1508 1160 1608 1229 (ἔτι
1648 1160 1703 1210 δὲ

139 1255 240 1318 ζῶν
268 1257 362 1307 καὶ
399 1255 607 1324 περιὼν
632 1255 946 1319 δείκνυται),
978 1255 1173 1324 μικρὸν
1205 1247 1314 1306 οἷον
1341 1253 1435 1305 καὶ
1457 1252 1516 1304 τὸ
1548 1251 1706 1320 τυχὸν

137 1345 222 1394 καὶ
277 1343 403 1394 οὐδὲ
471 1345 695 1411 μνήμης
745 1343 916 1406 ἄξιον.
965 1344 1156 1410 Ἢλγει
1195 1343 1294 1411 μὲν
1343 1344 1451 1412 γὰρ
1502 1344 1707 1402 ἐκεῖνος

136 1436 435 1503 ὀφθαλμῶν
476 1435 538 1505 δὴ
580 1437 672 1488 καὶ
704 1436 914 1503 ἕτερον,
953 1437 1046 1488 καὶ
1078 1436 1198 1488 λίαν
1249 1436 1523 1506 σφοδρῶς·
1559 1435 1708 1502 φίλος

141 1529 190 1578 δὲ
219 1523 284 1594 ἦν
330 1526 486 1595 αὐτῷ
539 1528 634 1579 καὶ
671 1528 911 1597 συνήθης
951 1529 978 1580 6
1017 1529 1508 1598 πρωτοσπαοάριος
1537 1528 1705 1587 Λέων,

136 1618 191 1669 δν
253 1621 350 1672 καὶ
419 1619 810 1689 ὑπηρετεῖσθαι
857 1621 934 1690 τῷ
1001 1621 1347 1689 δρουγγαρίῳ
1409 1621 1708 1688 gilium-.3;

136 1711 508 1780 ἐδηλώσαμεν,
545 1714 604 1775 ὃς
651 1715 747 1765 καὶ
792 1714 890 1782 τὴν
942 1715 1034 1767 τοῦ
1089 1715 1316 1780 ξενῶνος
1377 1712 1710 1784 προστασίαν

138 1805 607 1872 ἐπιτετραμμένος
630 1801 696 1874 ἦν
719 1806 774 1870 ἐξ
803 1808 1034 1870 ἐκείνου,
1057 1807 1268 1868 ἐδὺναις
1293 1807 1432 1858 οὕτω
1452 1805 1713 1874 βαλλόμε-

1811 610 1976 672 niam,
2019 608 2252 663 debebat
2297 607 2446 662 omni
2493 608 2844 662 Veneratione
2891 605 3147 660 honorari
3186 620 3250 658 ac
3288 620 3385 658 re-

1811 697 1908 752 luti
1937 698 2107 768 ipsius
2147 697 2342 752 domus
2387 698 2650 766 reputari.
2699 696 2854 762 Quod
2905 696 3128 764 quidem
3179 696 3382 750 factum

1811 800 1892 843 est
1924 791 2009 859 pie
2044 799 2095 844 et
2129 790 2380 858 religiose
2420 809 2430 840 :
2474 800 2680 843 mutata
2710 789 2857 844 enim
2887 799 2973 844 est
3007 790 3058 843 in
3096 791 3382 859 templum.

1811 890 1866 932 et
1919 892 2168 934 assecuta
2239 890 2319 934 est
2380 898 2535 944 eam,
2593 898 2757 951 quam
2819 898 2918 950 par
2969 893 3086 945 est,

3155 898 3353 936 renera
3374 912 3387 921 ·

1815 973 2036 1026 tionem.

1885 1065 2066 1120 XVIII.
2118 1066 2220 1123 Sed
2275 1082 2449 1137 neque
2500 1066 2643 1136 quod
2704 1068 2755 1120 in
2801 1069 3135 1124 Eustratium
3181 1069 3385 1125 factum

1815 1166 1898 1210 est
1960 1157 2304 1221 miraculum,
2381 1158 2473 1228 qui
2538 1166 2623 1212 est
2679 1157 2731 1212 in
2813 1162 3388 1229 protospatliariorum

1816 1249 2038 1319 quidem
2073 1251 2278 1306 relatus
2310 1268 2600 1307 numerum
2633 1253 2754 1322 (est
2785 1263 2965 1308 autem
3008 1254 3189 1308 adhuc
3229 1257 3390 1308 virus

1815 1351 1869 1396 et
1899 1347 2196 1412 superstes)
2237 1359 2466 1414 parvum
2517 1357 2601 1401 est
2631 1358 2687 1401 et
2731 1349 2972 1416 vulgare,
3021 1358 3075 1403 et
3106 1348 3390 1418 indignum

1817 1444 2272 1489 commemoratu.
2301 1436 2432 1490 Nam
2467 1437 2516 1490 ei
2549 1438 2773 1507 quidem
2807 1439 2964 1492 valde
2995 1440 3218 1496 dolebat
3251 1442 3392 1496 alter

1817 1539 1882 1578 ex
1912 1527 2110 1582 oculis.
2144 1527 2280 1582 Cum
2307 1528 2357 1582 ei
2392 1538 2569 1583 autem
2590 1537 2735 1583 esset
2765 1531 2990 1590 amicus,
3021 1541 3078 1586 et
3108 1532 3396 1588 familiaris

1818 1615 1928 1670 Leo
1980 1620 2482 1688 protospatharius.
2537 1636 2700 1690 quem
2750 1621 2905 1690 prius
2952 1623 3191 1678 diximus
3229 1625 3393 1679 mini-

1819 1715 2022 1761 strasse
2056 1708 2383 1778 Drnngario,
2433 1711 2519 1763 cui
2567 1712 2732 1765 etiam
2794 1713 2973 1768 fuerat
2997 1714 3066 1768 ab
3113 1716 3207 1770 illo
3247 1731 3397 1771 com-

1822 1799 1985 1853 missa
2017 1815 2146 1854 cura
2178 1801 2525 1865 senodoehii,
2557 1811 2611 1855 et
2642 1803 2870 1857 vidisset
2903 1821 3029 1859 eum
3066 1807 3203 1862 allici
3245 1820 3397 1866 tanto

139 1911 222 1945 νον
254 1899 371 1955 ταῖς
400 1898 463 1946 ἐκ
490 1893 583 1945 τοῦ
614 1886 896 1962 ὀφθαλμοῦ
926 1897 1158 1948 ἐπιδώνο
1186 1897 1245 1947 Εἰ
1283 1899 1553 1963 ποιήσεις,
1583 1897 1707 1963 ἔφη,

1830 1891 2005 1945 lolore
2045 1893 2188 1947 oeuli
2231 1911 2242 1946 :
2280 1894 2333 1948 Si
2376 1893 2597 1957 feceris,
2628 1893 2832 1965 inquit,
2862 1912 2896 1951 ο
2919 1898 3090 1952 amice
3125 1901 3394 1962 Eustrati,

139 1985 258 2052 φίλε
293 1987 618 2053 Εὺςτράτιε,
649 1985 783 2054 ὅπερ
811 1985 918 2052 ἐγώ
946 2001 1026 2038 σοι
1055 1985 1364 2052 ὑπόθωμοιι,
1397 1984 1546 2036 οὐδὲν
1573 1983 1714 2048 ἕξεις

136 2078 194 2128 τὸ
227 2078 458 2138 κωλῦον,
492 2077 630 2145 ἔχων
663 2076 753 2128 τὸν
794 2077 1072 2147 ὀφθαλμὸν
1119 2077 1274 2145 ὑγιᾶ.
1334 2075 1626 2146 Ἐρομένου
1661 2076 1716 2128 δὲ

137 2165 226 2216 τοῦ
263 2166 602 2232 Εὐστρατίου
628 2181 642 2194 ·
673 2164 738 2218 Τί
796 2183 924 2219 ποτε
953 2167 1103 2220 ἐστιν
1136 2166 1165 2219 δ
1209 2167 1455 2238 ποιήσω;
1508 2165 1716 2218 Ἑλαίου

137 2259 308 2310 δεῖται
339 2261 367 2310 ὁ
402 2258 591 2323 ξενὼν,
629 2259 754 2329 ἔφη,
809 2261 902 2314 καὶ
951 2264 1000 2314 εἰ
1047 2262 1307 2332 παρέξεις
1353 2263 1415 2313 τὸ
1453 2261 1588 2331 πρὸς
1621 2259 1718 2331 τὴν

139 2352 350 2415 χρείαν,
396 2353 821 2420 ἀναμφιλέκτως
857 2354 1138 2420 ὕγιανεῖς·
1191 2354 1361 2422 ὅμως,
1413 2355 1462 2405 εί
1518 2352 1717 2422 βούλει,

140 2443 229 2492 καὶ
272 2444 591 2512 ἐγγράφους
637 2462 716 2496 σοι
749 2445 938 2497 τούτου
969 2443 1192 2511 παρέξω
1221 2445 1318 2504 τὰς
1355 2444 1584 2506 πίστεις.
1615 2442 1720 2496 Οὖ-

138 2551 243 2598 τως
273 2536 402 2603 ἔφη,
439 2538 532 2585 καὶ
563 2536 612 2585 οἱ
651 2534 796 2600 λόγοι
832 2535 892 2585 οὑ
923 2535 1088 2602 μέχρι
1121 2533 1216 2586 καὶ
1242 2533 1415 2601 λόγων
1461 2534 1717 2603 ἔστησαν,

139 2627 254 2677 ἀλλ’
303 2627 409 2694 ήδη
460 2629 552 2677 καὶ
595 2628 674 2687 εἰς
700 2625 859 2695 ἔργον
894 2627 1199 2690 ἐξέϐαινονο
1237 2627 1612 2698 ἐπιθαρσήσας
1655 2627 1722 2696 τῇ

140 2719 230 2769 τοῦ
263 2719 525 2785 Μεγάλου
561 2718 807 2788 δυιάμει,
837 2722 930 2773 καὶ
965 2716 1044 2783 οἷς
1079 2721 1224 2790 ἑώρα
1267 2720 1357 2771 ὑπ’
1393 2719 1557 2773 αὑτοῦ
1590 2719 1724 2772 θαυ-

143 2815 652 2880 ματουργουμὲνοις
684 2813 712 2864 ὀ
743 2813 895 2866 Λέων
937 2814 1118 2865 πιστοῖ
1154 2812 1242 2863 τὸν
1276 2811 1610 2879 Εὐστράτιον
1635 2811 1724 2863 διὰ

144 2905 392 2971 γραφῆς,
443 2903 618 2965 οὕτως
655 2905 904 2972 ἐχούσης⁸
952 2905 1093 2970 Ἐγὼ
1126 2904 1276 2956 Λέων
1328 2901 1603 2964 πεποιθὼς
1631 2903 1723 2953 ἐπὶ

143 3001 201 3065 τῇ
236 2996 334 3047 τοῦ
377 2996 563 3058 Ἀγίου
599 2995 848 3064 δυνάμει,
879 2998 968 3047 καὶ
1061 2996 1193 3064 πρὸς
1222 2997 1384 3048 αὑτὸν
1418 2995 1723 3065 ὲμόεόαὲω-

145 3105 240 3155 μαι
273 3087 481 3148 πίστει,
514 3085 800 3156 ἐγγυῶμαι
836 3103 918 3138 σοι
948 3086 1024 3157 τῷ
1057 3085 1398 3155 Εὑστρατίῳ,
1431 3088 1724 3154 παρέχοντι

1821 1984 1873 2037 id
1914 1987 2057 2053 quod
2086 1988 2314 2055 egotibi
2356 2004 2704 2057 suggessero,
2761 1992 2896 2047 nihil
2947 1994 3195 2059 habebis,
3249 1999 3397 2067 quod

1821 2073 2144 2142 prohibeat,
2206 2078 2353 2147 quod
2403 2080 2588 2134 minus
2632 2097 2826 2134 sanum
2891 2083 3097 2139 habeas
3154 2089 3396 2143 oculum.

1820 2164 1956 2220 Cum
1999 2181 2130 2223 vero
2170 2180 2416 2240 rogasset
2456 2171 2790 2236 Eustratius,
2843 2173 3072 2229 dicens:
3125 2176 3398 2242 Quidnam

1822 2270 1925 2323 est,
1975 2262 2122 2332 quod
2174 2277 2293 2317 sum
2338 2263 2624 2318 facturus?
2670 2264 2822 2328 Oleo.
2864 2267 3089 2336 inquit,
3123 2284 3262 2338 opus
3314 2280 3401 2325 est

1824 2352 2168 2408 xenodochio
2207 2368 2220 2406 :
2258 2353 2404 2423 quod
2442 2353 2487 2409 si
2531 2355 2852 2424 praebueris.
2882 2361 3233 2413 convalesces
3265 2360 3403 2413 citra

1827 2443 1989 2497 ullam
2019 2444 2462 2500 dubitationem:
2499 2455 2575 2510 et,
2612 2447 2654 2500 si
2693 2446 2766 2501 ita
2802 2448 2959 2510 velis,
3006 2447 3057 2502 id
3106 2465 3208 2520 ego
3249 2465 3403 2503 man-

1823 2536 1967 2590 dabo
1995 2537 2232 2602 litteris;
2265 2538 2409 2607 quod
2441 2538 2537 2592 tibi
2575 2538 2857 2606 polliceor.
2895 2539 2985 2594 Sic
3015 2541 3110 2605 ait,
3153 2553 3207 2596 et
3239 2545 3403 2596 verba

1825 2644 1933 2681 non
1967 2627 2019 2680 in
2046 2629 2177 2682 solis
2204 2629 2387 2681 verbis
2415 2629 2796 2691 constiterunt,
2832 2631 2927 2684 sed
2968 2633 3132 2685 etiam
3182 2649 3406 2701 proces-

1827 2732 2017 2776 serunt
2063 2722 2129 2774 ad
2187 2735 2350 2791 opus.
2407 2720 2585 2791 Magni
2627 2721 2776 2775 enim
2827 2720 3147 2793 Sampsonis
3200 2727 3407 2780 virtute

1828 2813 2025 2880 fretus,
2075 2823 2130 2868 et
2181 2813 2270 2877 iis,
2333 2829 2452 2882 quae
2500 2813 2568 2866 ab
2627 2828 2694 2868 eo
2746 2813 3049 2880 viditfieri,
3103 2818 3407 2889 miraculis,

1828 2904 2107 2958 Eustratio
2134 2906 2295 2959 ﬁdem
2344 2905 2473 2959 facit
2521 2921 2618 2974 per
2652 2905 3003 2976 scripturam,
3043 2925 3164 2978 quae
3195 2912 3275 2966 sic
3310 2915 3408 2968 ha-

1828 2994 2034 3049 hebat:
2077 2995 2189 3064 Ego
2223 2994 2331 3048 Leo
2375 2995 2549 3048 fretus
2591 2996 2796 3048 virtute
2841 3000 3017 3051 sancti
3057 3001 3404 3071 Sampsonis,

1830 3098 1884 3143 et
1920 3087 2043 3150 fide,
2085 3101 2192 3157 qua
2224 3102 2342 3141 sum
2377 3086 2430 3140 in
2468 3101 2592 3140 eum
2623 3086 3002 3155 confirmatus,
3051 3094 3297 3160 spondeo
3342 3112 3406 3151 ac

144 3181 247 3250 γάρ
277 3197 358 3232 τοι
389 3182 450 3232 τό
481 3197 542 3248 γε
570 3181 706 3250 πρὸς
728 3183 825 3251 τὴν
854 3181 1042 3250 χρείαν
1067 3180 1161 3231 τοῦ
1189 3179 1336 3230 οἴκου
1365 3179 1562 3238 ἔλαιον,
1589 3195 1719 3246 παρ-

1831 3178 2132 3248 ftdejubeo
2174 3178 2270 3232 tibi
2320 3176 2620 3242 Eustratio,
2672 3181 2817 3248 quod
2875 3181 3141 3248 praebenti
3193 3186 3290 3240 tibi
3337 3190 3405 3242 ad

143 3272 250 3336 έξει
292 3289 376 3325 σοι
435 3273 532 3323 καὶ
589 3274 617 3323 ὁ
675 3273 868 3336 Μέγας
912 3273 1003 3322 τὸν
1045 3272 1110 3323 ἐκ
1138 3268 1272 3321 Θεοῦ
1308 3269 1455 3320 ἔλεον
1495 3270 1588 3320 καὶ
1631 3267 1723 3319 τὸν

139 3366 426 3434 ὁφῦαλμὸν
452 3363 710 3431 ἀλγήσεις
734 3364 940 3416 οὐκέτι.
980 3363 1039 3416 '0
1076 3363 1174 3432 μὲν
1193 3361 1284 3415 οὖν
1311 3363 1499 3428 Ἀγιος
1528 3360 1724 3430 ἔφθανε

141 3477 204 3511 τα
241 3459 374 3525 παρ’
405 3455 626 3519 ἑαυτοῦ,
661 3457 832 3509 ποιῶν
863 3455 961 3527 τὴν
982 3457 1194 3508 ἐκείνου
1221 3457 1387 3519 δόσιν,
1419 3455 1509 3506 καὶ
1542 3455 1725 3524 ἀπαθῆ

142 3557 235 3603 καὶ
299 3549 608 3616 ἀνάλγητον
643 3545 755 3617 εἶχε
808 3547 896 3598 τὸν
956 3547 1235 3614 ὀφθαλμὸν
1288 3548 1314 3598 ὁ
1369 3547 1724 3616 Εὐστράτιος.

151 3643 396 3702 Ἐκεῖνος
442 3640 520 3702 δὲ,
549 3640 685 3692 κατὰ
717 3639 778 3691 τδ
806 3638 1088 3710 ᾀδόμενον,
1120 3639 1214 3709 ἅμ’
1247 3639 1464 3709 ἡλέητο,
1499 3639 1591 3692 καὶ
1637 3640 1728 3691 τέ-

140 3735 346 3802 Θνηκεν
394 3735 426 3802 ἠ
472 3734 670 3802 χάρις’
700 3730 1024 3799 ὠλιγώρησε
1080 3732 1189 3799 γὰρ
1220 3727 1294 3784 ὦν
1333 3731 1720 3800 ἐπηγγείλατο,

144 3833 283 3894 μετὰ
312 3827 371 3878 τὸ
401 3828 585 3892 τυχεῖν
615 3820 689 3876 ὦν
715 3823 964 3874 ἐϐούλετο
1000 3821 1122 3875 λίαν
1145 3822 1376 3886 ἀναξίως
1405 3823 1497 3874 καὶ
1529 3821 1728 3888 σφαλε·

144 3921 275 3986 ρῶς,
331 3917 567 3984 χορηγός
613 3932 673 3968 τε
729 3915 909 3968 ὲλαίου
949 3915 1043 3967 τοῦ
1077 3915 1211 3984 πρὸς
1251 3915 1342 3965 τὸν
1397 3913 1539 3980 ἱερὸν
1582 3908 1730 3964 οἷκον

137 4014 260 4064 οὐδὲ
295 4011 528 4080 βραχέος
568 4007 659 4079 ἦν.
704 4009 844 4061 Ἀλλ’
876 4011 903 4061 ὁ
941 4009 1132 4076 Μέγας
1164 4005 1355 4068 νυκτὸς
1385 4005 1576 4073 ἐκείνῳ
1605 4007 1727 4057 ἑπι-

139 4107 339 4171 ςανεὶς
376 4105 477 4171 (δεῖ
515 4103 571 4154 δὲ
604 4101 910 4170 χρήσασθαι
938 4103 1051 4159 τοῖς
1089 4099 1256 4152 αὑτοῦ
1291 4088 1514 4166 λόγοις),
1552 4097 1728 4165 Ἐμοὶ,

139 4201 271 4268 iam,
300 4196 636 4265 ἐμπαίζειςς
685 4193 880 4262 Φρενοῐ
921 4192 1011 4243 τὸν
1068 4189 1403 4258 Εὑστράτιον
1452 4191 1485 4257 ἡ
1523 4187 1729 4256 ἀληθὴς

137 4293 282 4358 αὕτη
343 4290 486 4355 δψις,
532 4289 628 4338 καὶ
669 4285 820 4346 δέους
851 4282 1013 4336 αὑτὸν
1052 4281 1428 4351 ἐμπίπλησινο
1475 4281 1589 4348 ἅμα
1621 4280 1728 4349 γὰρ

141 4386 288 4450 eui—.1
335 4385 396 4434 τὸ
437 4380 617 4432 ἔλαιον
652 4378 799 4431 ἅπαν
829 4377 964 4446 πρὸς
1017 4375 1108 4427 τὸν
1147 4375 1352 4426 Λέοντα
1388 4371 1729 4440 ἐπιπέμψας,

148 4474 426 4526 Ἀπέτισα
450 4488 556 4529 σοι,
583 4470 772 4538 φησιν,
797 4469 897 4535 ήδη
931 4467 992 4517 τὸ
1015 4467 1170 4535 χρέος
1192 4481 1204 4494 ·
1240 4465 1403 4526 αὐτὸς
1427 4463 1483 4514 δέ
1519 4479 1608 4531 μοι
1639 4463 1728 4526 ἑξ-

1830 3282 1988 3321 ttsum
2037 3269 2154 3336 ejus
2198 3268 2393 3321 domus
2439 3269 2646 3332 oleum,
2699 3270 2964 3339 praebebit
3015 3289 3235 3344 quoque
3299 3294 3411 3330 ma.

1830 3374 1968 3428 gnus
2013 3358 2280 3428 Sampson
2336 3375 2365 3413 a
2412 3359 2523 3413 Deo
2576 3363 3036 3427 misericordiam,
3091 3382 3271 3436 neque
3308 3372 3404 3424 tibi

1830 3448 2064 3517 amplius
2118 3448 2328 3503 dolebit
2375 3448 2592 3503 oculus.
2643 3449 2821 3520 Atque
2882 3450 3120 3508 Sanetus
3176 3458 3403 3526 quidem

1831 3539 2097 3607 praevenit
2133 3539 2277 3594 illius
2321 3539 2697 3603 donationem,
2746 3541 3084 3610 illzesumque
3131 3554 3186 3596 et
3229 3548 3409 3600 omnis

1831 3630 2038 3683 doloris
2087 3639 2368 3698 expertem
2421 3631 2641 3685 oculum
2695 3631 2888 3686 habuit
2934 3632 3266 3690 Eustratius.
3312 3637 3407 3691 Illc

1831 3733 2012 3774 autem
2045 3721 2207 3776 simul
2265 3721 2346 3790 (ut
2391 3723 2554 3791 vulgo
2591 3723 2815 3790 dicitur)
2863 3735 2918 3778 et
2971 3727 3407 3781 misericordiam

1832 3821 1914 3865 est
1949 3821 2255 3876 assecutus,
2307 3821 2362 3865 et
2409 3812 2672 3866 memoria
2723 3812 2845 3882 ejus
2896 3813 2970 3865 illi
3021 3824 3237 3868 mortua
3294 3827 3403 3872 est.

1832 3901 2173 3969 Contempsit
2215 3902 2362 3954 enim
2407 3917 2529 3971 quae
2570 3914 2690 3958 erat
2742 3904 3044 3974 pollicitus,
3094 3918 3404 3980 postquam,

1833 4011 1954 4064 qua:
1985 3995 2175 4056 voluit,
2217 4003 2299 4048 est
2348 4005 2698 4058 consecutus,
2747 3998 2967 4068 indigne
3007 4001 3303 4054 admodum
3355 4017 3409 4058 et

1834 4089 2178 4158 periculose;
2210 4097 2265 4142 et
2295 4100 2500 4143 sancta:
2545 4089 2733 4145 domui
2783 4107 2853 4146 ne
2905 4093 3137 4147 nimium
3181 4094 3408 4164 quidem

1833 4182 2070 4250 praebuit
2105 4183 2306 4234 oleum.
2347 4181 2453 4235 Sed
2491 4197 2614 4235 cum
2650 4183 2876 4253 Magnus
2905 4186 2982 4238 illi
3021 4198 3185 4240 noctu
3236 4204 3402 4256 appa-

1834 4272 2036 4327 ruisset
2085 4272 2328 4342 (oporret
2370 4284 2553 4329 autem
2598 4275 2676 4328 uti
2721 4277 2839 4344 ejus
2890 4277 3097 4344 verbis)
3133 4296 3148 4332 :
3184 4279 3286 4338 Me,
3321 4281 3406 4332 in-

1834 4365 1975 4436 quit,
2004 4365 2172 4419 habes
2205 4366 2488 4420 ludibrio?
2516 4365 2691 4420 Efﬁcit
2717 4384 2848 4422 vero
2879 4369 2991 4424 hme
3041 4372 3204 4430 visio,
3254 4381 3311 4424 ut
3339 4372 3405 4423 ad

1836 4474 1893 4512 se
1925 4458 2111 4511 redeat
2139 4458 2470 4521 Eustratius,
2526 4459 2722 4512 timore
2769 4473 3075 4528 correptus.
3118 4463 3250 4515 Nam
3282 4480 3408 4517 cmn

142 4573 292 4622 ιλέου
333 4567 426 4618 τὸν
465 4567 687 4631 ’Δγιονο
720 4563 839 4616 οὐδὲ
881 4562 988 4631 γὰρ
1024 4559 1248 4623 δυνατὸς
1284 4556 1396 4626 ἐγὼ
1419 4557 1603 4628 φέρειν
1628 4557 1719 4618 τὰς

1835 4550 2078 4605 diluculo
2111 4560 2286 4604 totum
2321 4551 2501 4603 oleum
2537 4551 2775 4605 misisset
2814 4553 2880 4605 ad
2930 4551 3168 4608 Leonem
3203 4576 3215 4609 :
3261 4557 3406 4625 Jam,

142 4662 273 4732 παρ’
313 4657 487 4712 αὑτοῦ
518 4654 773 4718 ἀπειλάς.

209 4931 323 4987 IB'.
366 4931 438 4981 Τὸ
481 4929 536 4980 δὲ
573 4927 702 4994 περὶ
741 4922 831 4975 τὸν
864 4918 1361 4992 πρωτοσπαϐάριον
1402 4915 1608 4986 Βάρδιν
1637 4931 1731 4981 γε·

138 5032 300 5095 γωώς
371 5021 573 5091 μικροῦ
607 5019 706 5071 καὶ
742 5015 978 5076 πίστεώς
1019 5015 1137 5065 ὲστι
1175 5014 1442 5080 κρεῖττον,
1479 5010 1535 5071 ὃς
1564 5009 1724 5076 ἐτύγ-

135 5141 267 5190 χανε
325 5120 430 5189 μὲν
475 5109 700 5179 ἁδελφὸς
737 5108 814 5162 ὢν
878 5106 1146 5168 Ἰωάννου,
1181 5105 1355 5173 φημὶ,
1399 5101 1491 5154 τοῦ
1534 5119 1730 5170 πατρι-

136 5219 283 5276 κίου,
313 5212 412 5265 τοῦ
455 5213 520 5262 ἐκ
555 5203 888 5260 Μακεδόνων
922 5201 983 5253 τὸ
1013 5198 1170 5265 γένος
1201 5197 1448 5255 ἕλκοντος
1469 5211 1482 5223 ·
1523 5195 1729 5262 σφόδρα

138 5316 192 5364 δὲ
238 5287 402 5365 οὗτος
451 5298 726 5371 Ῥωμανῷ
760 5294 969 5365 β²σ⁸λεῖ
1004 5293 1080 5361 τῷ
1111 5290 1343 5342 ἐπιεικεῖ
1378 5303 1435 5338 τε
1469 5287 1562 5338 ἀὶ
1590 5303 1727 5355 xm-

139 5407 249 5458 ετὼ
282 5394 724 5470 προπῳκειοῦτο,
774 5391 832 5441 ὃν
868 5387 963 5439 καὶ
1008 5387 1153 5437 ίσασι
1196 5383 1395 5440 πάντες
1431 5379 1544 5430 υίόν
1575 5381 1730 5430 Κων-

138 5465 429 5550 “initae
450 5465 746 5560 γενέσθαι,
775 5480 892 5542 τοῦ,
920 5480 987 5530 τὰ
1008 5477 1180 5527 πάντα
1211 5471 1496 5524 συνελόντα
1536 5471 1724 5530 εἰπὼν,

141 5559 608 5638 Ξαςιλικωτατου.
650 5571 845 5639 Τούτῳ
879 5564 1162 5636 τοιγαροῦν
1203 5561 1280 5630 τῷ
1329 5559 1512 5630 Βάρδᾳ
1557 5561 1727 5625 πάθος

138 5793 413 5854 censibus,
456 5783 728 5858 quamvis
781 5785 1059 5833 structura
1110 5775 1242 5829 satis
1293 5782 1433 5827 esset
1487 5767 1732 5840 magniﬁ-

134 5879 256 5917 cum

1835 4645 2033 4712 inquit,
2063 4644 2270 4696 exsolvi
2301 4643 2417 4696 tibi
2454 4643 2698 4698 debitum
2734 4663 2745 4697 :
2781 4656 2834 4698 tu
2870 4658 3049 4699 autem
3099 4650 3246 4716 placa
3301 4657 3409 4706 mi-

1834 4737 1888 4790 hi
1969 4735 2252 4789 Sanctum.
2324 4735 2512 4804 Neque
2578 4738 2723 4788 enim
2789 4755 3011 4805 possunt
3097 4741 3240 4795 ferre
3289 4749 3410 4814 ejus

1836 4842 2032 4880 minas.

1906 4919 2046 4973 XIX.
2096 4919 2251 4984 Quod
2307 4929 2487 4972 autent
2538 4922 2589 4974 in
2641 4917 3136 4988 protéspathat-inm
3183 4927 3410 4983 Bardam

1835 5014 2039 5066 factum
2068 5020 2172 5070 est.
2213 5011 2373 5064 Iidem
2421 5027 2589 5078 prepe
2630 5025 2870 5081 superat.
2927 5016 3058 5068 Erat
3113 5018 3200 5071 hic
3245 5021 3408 5072 frater

1836 5101 2062 5156 Joannis
2099 5101 2330 5168 patriici,
2367 5101 2457 5168 qui
2484 5101 2722 5153 ducebat
2760 5117 2933 5170 genus
2974 5117 3038 5156 ex
3071 5104 3410 5172 Macedonia,

1838 5202 1892 5245 et
1924 5206 2113 5260 magna
2136 5191 2184 5242 ei
2221 5191 2605 5242 intercesserat
2633 5192 2974 5246 familiaritas
3008 5210 3131 5247 cum
3165 5197 3410 5255 Romano

1842 5285 2190 5350 imperatore,
2245 5282 2478 5349 benigno
2532 5295 2586 5333 et
2645 5282 2941 5345 clemente,
2997 5300 3160 5352 quem
3229 5293 3412 5345 scium

1839 5390 2031 5429 omnes
2081 5375 2251 5427 fuisse
2308 5374 2478 5426 filium
2538 5373 2881 5428 Constantini
2945 5379 3110 5444 (l8):
3171 5382 3262 5448 qui
3326 5387 3411 5450 (ut

1838 5468 2022 5522 omnia
2053 5466 2223 5520 semel
2265 5465 2465 5531 dicant)
2498 5465 2604 5519 fuit
2636 5467 2933 5534 imperator
2961 5471 3236 5536 egregius.
3272 5473 3408 5528 Ilu'te

1836 5575 1968 5630 ergo
2003 5559 2190 5613 Bardze
2223 5559 2447 5613 morbus
2478 5559 2742 5614 incumbit
2773 5561 2823 5612 in
2863 5561 3024 5618 latas,
3067 5562 3220 5629 isque
3251 5564 3408 5634 longe

1917 5766 2028 5840 (I8)
2065 5767 2344 5840 Romanus
2381 5767 2694 5832 imperator,
2723 5769 3067 5840 Constantini
3108 5769 3386 5840 I’orphyro

1844 5839 2041 5905 genitis
2071 5838 2235 5902 illius,
2266 5840 2509 5906 regnavit
2545 5840 2612 5889 ah
2640 5855 2781 5891 anno
2812 5839 2911 5891 9ου
2944 5842 3005 5892 ad
3041 5839 3126 5892 6|.
