3966 6434
611 375 708 433 307
1887 371 2163 427 MENSIS
2196 369 2492 432 JUNIUS.

3742 382 3844 445 308

609 480 900 535 medentur
947 482 1200 550 pecunia,
1232 481 1483 534 Cosmum
1529 491 1583 534 et
1637 481 2020 546 Daminauum)
2058 496 2179 536 eam

2288 485 2430 551 σμᾶν
2465 501 2557 536 και
2590 485 2881 554 Δαμιανδν,
2920 487 3082 556 ἤρετο
3115 489 3328 559 πρῶτον
3369 492 3540 561 αὐτὴν
3575 495 3602 546 ό
3637 497 3840 563 Ἀγιος,

613 575 846 642 primum
881 574 1259 644 interrogavit,
1290 573 1550 642 quidnam
1597 575 1720 626 mali
1749 584 2046 642 pateretur.
2079 573 2177 627 Illa

611 677 790 719 autem
821 664 1110 718 videbatur
1141 665 1316 735 ipsum
1352 665 1553 718 malum
1586 667 1909 730 ostendere;
1944 663 2178 719 Sanctus

611 773 740 811 vero
777 772 946 811 unum
973 775 1002 811 e
1037 759 1200 811 sociis
1233 759 1347 812 suis
1377 757 1604 826 alloqui,
1647 768 1702 812 et
1734 758 1914 812 dicere
1951 776 1962 810 :
2001 757 2176 827 Opor-

611 858 686 902 tet
712 849 832 917 ejus
853 848 1047 903 femori
1083 849 1346 904 adhibere
1379 850 1698 904 sectionem.
1740 850 1803 903 Et
1835 851 1922 903 ille
1952 850 2175 918 quidem

608 938 687 990 sic
720 937 864 992 fecit.
903 938 1095 993 Mulier
1117 949 1324 1003 autem,
1351 949 1412 992 ut
1443 954 1564 1008 quae
1597 938 1853 992 dolorem
1884 939 2175 1008 quemdam

609 1041 878 1093 senserat,
908 1047 939 1086 e
966 1047 1160 1086 somno
1190 1044 1276 1087 est
1305 1033 1576 1096 excitata;
1627 1032 1762 1085 nihil
1798 1046 1928 1085 vero
1978 1046 2176 1101 cogno-

611 1123 688 1174 vit
723 1135 790 1174 ex
818 1122 884 1175 iis
906 1137 1026 1190 quze
1061 1138 1216 1190 passa
1249 1120 1444 1177 fuerat.
1483 1121 1619 1178 Cum
1652 1135 1836 1179 autem
1868 1124 2176 1188 diluxisset,

609 1210 676 1262 ad
709 1226 829 1264 eam
881 1212 1146 1266 accedens
1189 1213 1414 1277 famula,
1463 1214 1763 1284 vidensque
1830 1229 2028 1282 aquam
2077 1215 2178 1270 sub

609 1304 751 1357 lecto
773 1301 970 1369 fusam,
1001 1303 1286 1364 arbitrata,
1318 1314 1376 1357 ut
1409 1313 1529 1357 erat
1558 1306 1869 1370 verisimile,
1912 1321 2030 1360 eam
2059 1321 2178 1361 esse

611 1393 864 1447 urinam:
893 1393 1241 1462 exprobravit
1279 1394 1399 1463 ipsi,
1445 1397 1591 1465 quod
1647 1397 1879 1466 turpiter
1925 1397 2180 1452 indecore

609 1501 666 1538 se
697 1496 931 1554 gereret,
983 1494 1038 1540 et
1077 1485 1220 1555 quod
1270 1502 1449 1556 neque
1486 1488 1837 1552 surrexisset,
1885 1505 2062 1558 neque
2094 1490 2178 1543 ul-

610 1577 712 1629 lam
744 1586 993 1631 vocasset
1018 1592 1083 1630 ex
1124 1577 1356 1640 ancillis,
1403 1580 1497 1632 sed
1531 1579 1869 1648 inquinasset
1920 1589 1975 1634 et
2003 1589 2182 1634 vestes

609 1675 663 1720 et
702 1668 966 1738 stragula.
1018 1669 1111 1722 Illa
1159 1678 1341 1724 autem
1375 1671 1626 1741 negabat,
1664 1671 1874 1735 dicens,
1930 1687 1988 1726 se
2043 1671 2179 1725 nihil

609 1761 713 1814 tale
741 1761 957 1816 fecisse.
992 1761 1198 1817 Deinde
1228 1773 1436 1818 remota
1467 1764 1674 1828 tunica,
1726 1779 1850 1817 cum
1883 1765 1992 1817 visa
2033 1772 2180 1817 esset

609 1853 802 1916 sectio,
834 1866 889 1909 et
914 1854 1110 1908 humor
1142 1854 1390 1916 eﬂIuens.
1430 1857 1682 1925 cognitus
1711 1855 1837 1908 inde
1868 1854 1970 1908 fuit
2003 1854 2178 1908 medi-

607 1960 707 1998 cus
739 1963 751 1996 :
781 1956 834 1999 et
863 1946 977 2014 ipsa
1014 1963 1144 2001 sana
1173 1947 1404 2010 exstitit,
1439 1954 1496 2001 et
1538 1946 1760 2000 domum
1806 1962 1929 1999 cum
1979 1945 2180 2014 gaudio

606 2045 692 2090 εει
727 2052 963 2090 reversa.

681 2126 869 2180 XXIII.
922 2128 1098 2196 Atque
1161 2130 1276 2185 haec
1319 2129 1593 2185 sufﬁciunt
1633 2131 1698 2183 ad
1746 2130 2177 2200 cognoscendam

606 2221 834 2290 gratiam
867 2236 987 2289 quae
1011 2237 1206 2292 magno
1241 2222 1525 2293 Sampsoni
1557 2223 1682 2279 data
1713 2225 1832 2278 fuit.
1865 2223 2003 2290 Quid
2031 2223 2177 2277 enim

610 2321 694 2384 (ut
727 2324 814 2368 est
843 2314 896 2366 in
939 2314 1221 2385 tragtndia)
1265 2332 1554 2371 numerare
1600 2325 1817 2386 oportet
1867 2319 2182 2371 innumera-

609 2405 738 2459 bilia
769 2404 919 2473 (22)?
943 2403 1156 2458 Etenim
1185 2405 1365 2474 qualia
1394 2409 1534 2460 facta
1567 2417 1717 2469 sunt,
1753 2423 2031 2477 nunquam
2060 2423 2180 2462 ces-

609 2505 734 2548 sant
768 2495 910 2555 fieri,
959 2493 1055 2549 sed
1095 2494 1381 2549 ﬂuminum
1437 2498 1608 2551 Instar
1641 2513 1697 2550 se
1746 2498 1982 2560 habent;
2017 2510 2180 2566 atque

611 2586 737 2642 ideo
769 2587 1094 2641 miraculum
1139 2603 1308 2642 unum
1349 2587 1550 2643 suﬂlcit
1597 2603 1694 2656 pro
1738 2588 2013 2653 omnibus,
2060 2598 2179 2642 tan-

609 2695 773 2749 quam
828 2679 1032 2734 ﬂumen
1079 2680 1344 2735 divinitus
1401 2681 1596 2740 fluens,
1656 2680 1799 2747 quod
1842 2681 2092 2750 procedit
2151 2696 2180 2734 e

610 2770 866 2840 sepulcro
906 2772 1010 2823 viri
1060 2773 1256 2836 sancti,
1287 2780 1340 2824 et
1370 2772 1614 2839 quotidie
1646 2773 1821 2825 oritur
1859 2782 2115 2840 tanquam
2151 2787 2181 2823 e

609 2863 782 2917 fonte.
813 2861 1068 2918 Procedit
1094 2875 1276 2919 autem
1309 2881 1418 2919 non
1445 2880 1662 2932 semper
1694 2885 1707 2919 :
1744 2867 1838 2918 sed
1863 2865 2052 2932 paucis
2075 2865 2184 2917 die-

609 2957 713 3008 bus
750 2963 876 3008 ante
927 2954 1127 3009 festum
1159 2954 1552 3023 Thaumaturgi
1597 2955 1819 3023 quidam
1867 2955 2033 3009 veluti
2079 2955 2182 3009 hu-

611 3061 730 3098 mor
752 3056 1000 3114 apparet,
1034 3047 1127 3115 qui
1167 3045 1367 3102 deinde
1393 3047 1654 3117 paulatim
1704 3058 1957 3118 augetur,
1990 3059 2045 3103 et
2093 3063 2180 3102 re-

2279 576 2332 628 τί
2357 576 2421 629 ἂν
2449 579 2538 629 καὶ
2575 579 2854 646 πάσχουσα
2883 579 2992 649 εἴη.
3033 579 3098 633 Ἦ
3131 581 3187 633 δὲ
3220 582 3598 638 ὑποδεικνύναι
3637 587 3841 642 ὲδόκει·

2284 671 2375 722 καὶ
2408 671 2435 720 ὁ
2466 671 2653 734 ’Ἄγιος
2676 673 2752 723 ἑνὶ
2777 673 2979 724 τούτων
3000 673 3322 740 προσλαϐὼν
3354 677 3676 745 ὑπεφαίνετο
3695 695 3710 708 ο
3740 682 3840 734 Το-

2283 763 2390 830 μὴν
2421 764 2584 828 αὐτῆς
2613 763 2690 814 δεῖ
2718 763 2793 832 τῷ
2821 765 2978 834 μηρῷ
3009 767 3301 820 ἐπιθεῖναι.
3334 769 3441 820 Καὶ
3479 773 3507 822 ό
3541 771 3638 837 μὲν
3677 771 3843 837 οὕτως

2281 854 2474 908 ἐποίει.
2508 852 2574 906 Ἦ
2596 853 2874 924 δὲ,ὦσττερ
2907 856 3093 923 ὀδύνης
3119 858 3412 928 αἰσθομένη
3445 861 3608 922 τινὸς,
3639 863 3831 917 διυπνί-

2281 947 2427 1009 ζετο,
2466 943 2607 1012 ἔγνω
2634 945 2691 998 δὲ
2721 946 2870 998 οὐδὲν
2897 941 2970 1000 ὧν
2999 949 3279 1003 πέπονθεν.
3331 951 3414 1012 Ὠς
3444 951 3498 1002 δὲ
3539 953 3630 1004 καὶ
3660 955 3844 1022 ἡμέρα

2281 1029 2365 1102 ἡν,
2398 1037 2430 1104 ἡ
2472 1035 2736 1106 ὑπηρέτις
2770 1038 2904 1107 αὐτῇ
2939 1040 3323 1107 προσελθοῦσα,
3361 1043 3452 1093 καὶ
3482 1041 3626 1112 ὕδωρ
3658 1045 3764 1097 ὑπὸ
3784 1049 3845 1112 τῇ

2281 1125 2436 1196 κλίνῃ
2465 1128 2765 1196 κεχυμένον
2799 1129 2999 1190 ἰδοῦσα,
3037 1131 3200 1197 οὐράν
3231 1148 3286 1182 τε
3321 1133 3452 1185 αὐτὸ
3485 1128 3648 1197 εἶναι,
3677 1136 3754 1196 ὡς
3791 1138 3847 1187 τὸ

2282 1220 2449 1282 εἰκὸς,
2479 1220 2745 1289 οἱηθεῐσα,
2787 1219 2846 1272 τὸ
2877 1221 3117 1288 ἄκοσμον
3140 1222 3276 1290 αὐτῇ
3308 1223 3576 1285 ὠνείδιζε,
3602 1225 3695 1277 καὶ
3725 1227 3850 1276 ἁτε-

2283 1311 2423 1379 χνῶς
2447 1312 2712 1381 ἄσχημον,
2741 1314 2819 1363 ὃτι
2856 1311 2929 1380 μὴ
2958 1312 3179 1381 ἀνέστη,
3222 1315 3316 1364 καὶ
3352 1314 3425 1383 μὴ
3453 1316 3678 1367 ἐκάλεσε
3746 1332 3848 1383 μη-

2281 1403 2475 1470 δεμίαν
2535 1402 2640 1454 τῶν
2671 1402 3146 1472 ὑπηρετουμένων,
3206 1403 3339 1456 ἀλλὰ
3387 1406 3480 1456 καὶ
3534 1407 3600 1457 τὰ
3657 1407 3850 1474 ἱμάτια

2283 1494 2519 1561 ⁴ᾔσχυνεν
2560 1492 2702 1545 οὕτω
2737 1494 2872 1562 μετὰ
2906 1494 3012 1545 τῶν
3046 1495 3406 1563 στρωμάτων.
3455 1497 3515 1547 'II
3549 1497 3603 1548 δὲ
3636 1499 3852 1564 ἠρνεῖτο

2287 1583 2454 1652 μηδὲν
2523 1581 2760 1634 τοιοῦτον
2826 1583 3148 1652 είργάσθαι,
3208 1584 3444 1650 λέγουσα
3488 1601 3502 1615 ο
3545 1586 3848 1655 Μηδαμῶς.

2288 1674 2519 1726 Ἔπειτα
2587 1675 2678 1727 τοῦ
2726 1675 2949 1742 χιτῶνος
2984 1675 3398 1737 ἀνασταλέντος,
3437 1676 3537 1745 τῆς
3572 1678 3746 1744 τομῆς
3793 1695 3850 1730 τε

2283 1765 2656 1832 διαφανείσης,
2689 1765 2894 1817 καὶτοῦ
2923 1767 3090 1834 ὑγροῦ
3123 1767 3542 1836 καταρρέοντος,
3571 1769 3598 1819 ὁ
3629 1769 3729 1835 μὶν
3770 1770 3851 1820 ία-

2284 1859 2407 1925 τρδς
2457 1857 2613 1926 δῆλος
2646 1854 2735 1926 ἦν,
2778 1859 2914 1926 αὑτὴ
2945 1876 3000 1910 τε
3031 1860 3187 1927 ὑγιὴς
3219 1859 3514 1924 ἐδείκνυτο,
3546 1862 3639 1912 καὶ
3668 1860 3854 1913 οἴκαδε

2285 1948 2466 2011 καλῶς
2491 1951 2848 2020 ἐπανήρχετο.

2353 2151 2477 2206 ΚΓ.
2525 2154 2711 2222 Ἀρκεῖ
2729 2155 2936 2215 τούτοις
2958 2155 3226 2222 γεύματος
3253 2156 3350 2223 τὴν
3380 2155 3506 2224 ὅλην
3533 2154 3862 2223 ἀποδειχθῆ-

2284 2261 2370 2298 ναι
2396 2243 2490 2295 τοῦ
2521 2244 2774 2310 Μεγάλου
2799 2246 2976 2312 χάριν.
3008 2246 3071 2296 Τί
3097 2247 3224 2314 γὰρ,
3253 2251 3391 2299 κατὰ
3414 2245 3509 2315 τὴν
3529 2246 3860 2315 τραγῳδίαν,

2284 2337 2635 2407 ἀναρίθμητα
2694 2337 3074 2405 μετρήσασθαι
3109 2337 3224 2401 δεῐ;
3283 2342 3374 2390 καὶ
3434 2339 3544 2406 γὰρ
3601 2338 3862 2390 οὐδέποτε

2284 2428 2455 2481 ταῦτα
2497 2428 2765 2496 λεγόμενα
2808 2428 3097 2495 λήγουσινο
3137 2428 3271 2479 ἀλλὰ
3307 2433 3416 2490 τοῖς
3451 2431 3557 2480 τῶν
3591 2429 3860 2496 ποταμῶν

2286 2522 2550 2590 ῥεύμασιν
2577 2518 2791 2589 ἔχουσιν
2817 2519 3016 2589 ὁμοίως
3038 2535 3050 2547 ·
3078 2520 3252 2582 ἄλλως
3278 2519 3331 2572 δέ
3365 2537 3420 2572 τε
3467 2520 3562 2571 καὶ
3589 2520 3704 2581 ἑνὸς
3739 2519 3863 2573 ἀντὶ

2284 2614 2502 2667 πάντων
2532 2612 2852 2683 ἀρκοῦντος,
2879 2612 2970 2665 τοῦ
3003 2612 3316 2682 Θεορρὐου,
3347 2615 3508 2680 φημὶ,
3537 2612 3805 2679 νάματος,
3836 2611 3860 2660 ὃ

2285 2709 2500 2776 πρόεισι
2544 2707 2643 2774 μὲν
2679 2706 2769 2756 τοῦ
2795 2707 2988 2771 τάφου,
3027 2708 3119 2758 καὶ
3150 2707 3337 2758 τοῦτον
3379 2706 3489 2775 ἔχει
3517 2706 3734 2772 γένεσιν
3769 2707 3866 2759 καὶ

2289 2798 2470 2864 πηγήν
2498 2810 2510 2821 ·
2546 2793 2757 2862 πρόεισι
2799 2792 2856 2844 δὲ
2885 2795 2981 2844 οὐκ
3012 2795 3116 2853 ἀεὶ,
3141 2795 3253 2846 ἀλλ’
3284 2797 3493 2862 ὀλίγαις
3527 2800 3624 2864 μὲν
3656 2798 3852 2863 πρότε-

2289 2903 2380 2955 ρον
2412 2886 2645 2955 ἡμέραις
2676 2885 2774 2953 τῆς
2818 2884 2908 2937 τοῦ
2950 2884 3364 2954 θαυματουργοῦ
3398 2888 3610 2956 ἑορτῆς,
3644 2881 3733 2938 οἷα
3775 2903 3862 2938 νο-

2286 2979 2364 3038 τις
2395 2975 2752 3044 ὑποφαίνεται
2774 2993 2786 3005 ’
2826 2975 3020 3026 ἔπειτα
3057 2975 3148 3026 καὶ
3182 2975 3240 3026 τὸ
3278 2975 3456 3043 ὀλίγον
3489 2975 3734 3040 αὒξεται,
3769 2977 3868 3029 καὶ

2286 3068 2528 3134 διαμένει
2562 3068 2699 3134 μετὰ
2729 3066 2823 3135 τὴν
2857 3067 3069 3135 ἑορτὴν,
3103 3068 3300 3121 οὑτωσὶ
3340 3067 3600 3137 πηγάζον,
3635 3066 3742 3129 ἓως
3771 3067 3866 3120 καί

611 3147 794 3190 manet
840 3147 966 3206 post
1006 3136 1229 3203 festum,
1261 3139 1340 3195 sic
1377 3142 1710 3200 scaturiens,
1763 3139 1937 3193 donec
1979 3141 2179 3207 aliquot

2288 3173 2428 3217 τινες
2465 3156 2668 3228 ἡμέραι
2699 3157 3038 3226 παρέλθοιεν,
3079 3153 3198 3212 εἶτα
3237 3136 3492 3212 παύεται.
3525 3160 3671 3228 Πλὴν
3703 3154 3872 3228 οἶμαι

609 3229 725 3282 dies
748 3229 1117 3297 prreterierint
1151 3248 1162 3283 :
1197 3229 1396 3286 deinde
1432 3230 1828 3298 cessat.Atque
1862 3228 1964 3282 hoc
1997 3229 2180 3295 modo,

611 3329 667 3373 ut
696 3322 915 3387 opinor,
956 3321 1147 3389 majori
1198 3328 1283 3374 est
1325 3321 1380 3374 in
1433 3321 1642 3377 honore
1683 3331 1738 3377 et
1793 3322 2178 3388 admiratione,

610 3428 771 3481 quam
805 3413 848 3466 sl
876 3420 1140 3482 perpetuo
1171 3411 1385 3468 ﬂueret.
1415 3410 1683 3480 Quoniam
1710 3415 1789 3469 sic
1812 3429 2028 3469 servare
2064 3429 2182 3468 cer-

610 3516 743 3560 tum.
780 3514 832 3558 et
867 3518 1149 3571 nunquam
1175 3503 1436 3557 aberrans
1463 3515 1679 3573 tempus
1711 3506 1916 3559 ﬂuendi
1951 3515 2012 3558 et
2046 3503 2180 3558 defl-

610 3594 810 3660 ciendi,
855 3603 1218 3663 praeterquam
1251 3594 1397 3664 quod
1430 3594 1484 3649 id
1522 3597 1730 3667 gratius
1781 3605 1836 3652 et
1881 3597 2181 3652 admirabi-

609 3691 714 3743 lius
743 3691 831 3751 sit,
866 3699 948 3744 est
979 3690 1146 3745 etiam
1172 3691 1343 3760 magis
1366 3692 1699 3745 venerabile.
1739 3690 1894 3757 Quod
1925 3691 2072 3746 enim
2097 3703 2180 3746 est

611 3792 960 3848 perpetuum,
993 3781 1152 3834 aﬂ‘ert
1183 3783 1415 3836 fortasse
1445 3781 1611 3835 etiam
1638 3783 1982 3846 satietatem;
2016 3784 2179 3835 satie-

612 3883 694 3927 tas
717 3881 898 3928 autem
933 3874 1146 3928 inducit
1171 3878 1660 3945 contemptionem.

679 3966 860 4022 XXIV.
899 3968 1010 4023 Hoc
1035 3978 1139 4032 est,
1165 3969 1311 4038 quod
1341 3969 1437 4022 tibi
1469 3983 1498 4020 a
1520 3969 1677 4021 nobis
1703 3969 1930 4022 oﬂ’ertur
1949 3971 2176 4032 donum,

610 4061 843 4112 maxime
871 4060 1031 4114 Pater
1069 4060 1359 4129 Sampson,
1407 4059 1597 4114 nescio
1635 4060 1879 4130 quidem,
1920 4075 1986 4114 an
2011 4076 2074 4114 ex
2100 4060 2178 4113 tui

611 4151 779 4206 animi
806 4151 1102 4216 sententia,
1160 4151 1256 4206 sed
1307 4163 1455 4207 certe
1506 4166 1606 4222 pro
1677 4152 1880 4208 nostris
1947 4152 2178 4207 viribus.

610 4248 766 4313 Quod
802 4248 1025 4317 quidem
1065 4247 1302 4318 benigne
1343 4259 1397 4303 et
1435 4248 1647 4318 placide
1695 4251 1948 4320 accipias,
1989 4251 2079 4319 qui
2124 4265 2182 4304 es

611 4340 1038 4410 benignissimus
1080 4359 1092 4392 :
1141 4342 1570 4411 morborumque
1617 4353 1966 4403 nostrorum,
2019 4352 2181 4412 atque

612 4432 734 4485 ideo
764 4434 958 4486 anima
991 4434 1194 4501 potius,
1227 4449 1389 4502 quam
1429 4437 1699 4502 corporis,
1739 4435 1918 4488 bonus
1958 4437 2032 4488 sis
2075 4452 2182 4488 me-

609 4521 791 4586 dicus,
824 4522 935 4577 dux
957 4532 1011 4578 et
1038 4533 1224 4579 custos
1261 4526 1428 4579 totius
1470 4538 1670 4580 nostra:
1711 4527 1855 4590 vitae,
1901 4525 2178 4581 Christum

612 4615 848 4669 reddens
874 4618 1007 4670 mihi
1038 4620 1358 4687 propitium.
1406 4619 1578 4682 Quem
1613 4621 1729 4689 ipse
1775 4620 1996 4689 quidem
2044 4622 2177 4674 insi-

611 4707 792 4774 gniter
842 4704 1102 4773 dilexisti,
1153 4725 1254 4779 ego
1294 4721 1475 4763 autem
1527 4722 1878 4777 peccatorum
1928 4713 2179 4764 multitu-

611 4799 760 4862 dine,
798 4799 886 4856 hei
919 4801 1072 4860 mihi.
1100 4802 1388 4871 plusquam
1419 4803 1524 4856 dici
1563 4802 1757 4870 possit,
1791 4805 2085 4873 provocavi
2113 4805 2178 4857 ad

614 4890 752 4942 iram
783 4907 795 4938 :
826 4907 989 4960 quem
1020 4893 1178 4948 decet
1209 4894 1385 4948 omnis
1412 4896 1601 4962 gloria,
1637 4895 1815 4948 honor
1844 4906 1898 4949 et
1931 4896 2181 4951 adoratio

613 4997 759 5036 nunc
838 4995 892 5038 et
965 4999 1217 5052 semper,
1287 4997 1340 5040 et
1418 4993 1468 5038 in
1553 4989 1751 5040 saecula
1836 4988 2180 5046 saeculorum.

616 5077 812 5130 Amen.

688 5256 924 5327 (ἥλως
954 5258 1228 5311 annotatis
1250 5261 1470 5312 minime
1505 5271 1794 5314 contentus
1824 5261 2018 5314 fuisset
2048 5277 2174 5315 eru-

613 5322 762 5398 ditus
784 5322 1232 5398 'Commentator,
1267 5329 1359 5382 sed
1397 5345 1615 5398 quoque
1646 5347 1840 5385 novam
1866 5330 2173 5384 versionem

615 5396 895 5470 adornare
934 5397 1222 5464 voluisset,
1250 5399 1319 5470 si
1367 5396 1463 5469 per
1518 5396 1682 5453 sitam
1729 5402 2011 5465 licuisset;
2057 5416 2177 5470 quin

615 5466 797 5520 versio
827 5466 1009 5522 minus
1039 5482 1222 5526 presse
1247 5466 1519 5526 inhéreus
1546 5470 1858 5526 Graecorum
1891 5466 2182 5525 verborum

611 5536 819 5608 ordini,
844 5548 897 5590 et
931 5536 1173 5608 periodis
1205 5553 1378 5608 usque
1409 5541 1476 5594 ad
1516 5541 1792 5594 fastidium
1829 5543 2043 5595 aurium
2082 5541 2183 5595 La-

617 5607 861 5660 tinarum
904 5607 1158 5674 prolixit:
1207 5607 1378 5667 multo
1425 5611 1626 5666 clarius
1671 5613 2014 5668 exhibuisset
2048 5627 2177 5667 sen—

2287 3249 2456 3320 ταύτῃ
2487 3248 2899 3319 Θαυμαζόμενον
2944 3251 3039 3303 καὶ
3068 3253 3411 3318 τιμιώτερον,
3442 3251 3472 3317 ἢ
3509 3253 3557 3300 εί
3595 3249 3865 3317 διηνεκῶς

2287 3343 2379 3393 καὶ
2417 3342 2666 3409 ἀλήκτως
2695 3343 2920 3393 διετέλει
2957 3343 3079 3411 ῥέον
3100 3358 3112 3373 ’
3149 3343 3270 3392 ἐπεὶ
3294 3342 3417 3407 τόγε
3449 3342 3734 3408 συντηρεῖν
3767 3339 3860 3392 οὓ-

2286 3448 2394 3493 τως
2424 3428 2637 3496 ἀπλανῆ
2680 3445 2736 3479 τε
2772 3429 2864 3480 καὶ
2904 3429 3260 3497 ἀδιάψευστον
3293 3429 3382 3480 τὸν
3407 3425 3596 3497 καιρὸν
3627 3426 3721 3478 τὸν
3764 3428 3871 3489 τῆς

2286 3522 2571 3591 ἐπιρροῆς,
2622 3522 2785 3590 φημὶ,
2829 3522 2921 3574 καὶ
2977 3520 3067 3572 τὸν
3112 3523 3210 3590 τῆς
3259 3519 3552 3589 ἐκλείψεως
3585 3519 3727 3586 μετὰ
3770 3517 3873 3570 τοῦ

2288 3612 2737 3684 Θαυμασιὼτερον
2789 3613 2883 3666 καὶ
2927 3614 3277 3683 χαριέστερον
3307 3607 3468 3672 εἶναι,
3509 3611 3710 3680 μᾶλλον
3746 3613 3872 3663 ἐστι

2286 3705 2380 3757 καὶ
2446 3705 2921 3774 σεϐασμιὼτερον·
2975 3707 3032 3754 τὸ
3083 3706 3188 3770 γὰρ
3256 3704 3498 3771 διηνεκὲς
3576 3702 3706 3760 ἴσως
3773 3701 3874 3754 καὶ

2288 3795 2621 3863 προσκορές’
2663 3798 2689 3846 ὁ
2742 3795 2796 3845 δὲ
2857 3794 3012 3860 κόρος
3071 3795 3298 3861 πρᾶγμα
3363 3793 3527 3858 φέρον
3573 3791 3651 3850 εἰς
3692 3807 3876 3843 κατα-

2288 3886 2572 3955 φρόνησιν.

2359 3974 2482 4028 KA'.
2521 3973 2689 4028 Τοῦτό
2726 3992 2804 4028 τοι
2841 3976 2898 4027 τὸ
2941 3977 3069 4044 παρ’
3107 3975 3262 4045 ἡμῶν
3297 3975 3710 4045 προσαγόμενον
3760 3969 3875 4022 6di-

2291 4089 2460 4142 ρημα,
2504 4073 2727 4140 μέγιστε
2776 4072 3025 4140 Πατρῶν,
3075 4071 3455 4138 Σαμψὼν,οὺκ
3497 4064 3612 4122 οἴδα
3644 4068 3774 4137 μὲν,
3823 4073 3875 4122 εἰ

2288 4163 2429 4216 κατά
2457 4162 2683 4229 γνώμην
2710 4162 2808 4230 τὴν
2839 4162 2960 4229 σὴν,
2994 4165 3134 4212 κατὰ
3163 4161 3396 4228 δύναμιν
3427 4161 3480 4210 δὲ
3516 4163 3738 4224 πάντως
3767 4162 3875 4232 τὴν

2287 4255 2582 4326 ἡμετέραν,
2614 4255 2640 4306 ὃ
2670 4256 2761 4306 καὶ
2792 4253 2965 4324 δέχοιο
2992 4251 3277 4324 προσηνῶς
3319 4267 3377 4303 τε
3417 4251 3510 4302 καὶ
3553 4249 3877 4321 φιλανθρώσ

2287 4365 2422 4414 πως,
2464 4349 2489 4398 ὁ
2518 4346 2789 4414 πανταχοῦ
2823 4345 3225 4414 φιλάνθρωπος,
3273 4343 3366 4396 καὶ
3390 4340 3498 4394 τῶν
3538 4338 3731 4392 παθῶν
3772 4345 3877 4396 καὶ

2288 4440 2461 4489 νόσων
2501 4439 2607 4488 τῶν
2641 4439 2947 4506 ἡμετέρων,
2984 4438 3074 4489 καὶ
3106 4438 3306 4505 μᾶλλον
3345 4435 3452 4487 τῶν
3478 4431 3751 4504 ψυχικῶν,
3785 4436 3876 4487 ία-

2221 4491 2261 4544 D
2288 4527 2416 4598 τρδς
2462 4530 2576 4598 είης
2618 4491 2874 4602 χρηστὸς,
2919 4491 3142 4598 ἡγεμὰέν
3184 4527 3277 4578 καὶ
3309 4491 3874 4595 φύλαξ’παντδςντοῦ

2289 4622 2410 4674 καίΓ
2439 4624 2585 4691 ἡμᾶς
2633 4623 2780 4692 βίου·
2818 4622 2972 4675 ἵλεών
3011 4639 3098 4690 μοι
3142 4621 3310 4683 τιθεὶς
3353 4621 3445 4673 τὸν
3488 4619 3750 4688 Χριστὸν,
3807 4619 3873 4671 ὃν

2283 4715 2443 4776 αὐτὸς
2498 4717 2594 4783 μὶν
2636 4715 2999 4781 διαφερόντως
3046 4715 3363 4782 ἠγάπησας,
3398 4709 3510 4778 ἐγὼ
3547 4710 3604 4762 δὲ
3655 4711 3872 4778 πλήθει

2286 4806 2590 4875 ἁμαρτιῶν,
2624 4803 2790 4872 οἴμοι,
2821 4805 3126 4873 ἁόιηγήτως
3173 4802 3528 4870 παρὼργισα·
3577 4793 3620 4866 ᾧ
3650 4800 3873 4868 πρέπει

2287 4901 2436 4950 πᾶσα
2457 4897 2602 4962 δόξα.
2639 4899 2767 4965 τιμὴ
2801 4899 2893 4950 καί
2925 4897 3312 4964 προσκύνησις,
3346 4894 3442 4947 νῦν
3483 4896 3576 4946 καὶ
3613 4895 3724 4958 de‘,
3765 4895 3875 4946 καὶ

2289 4991 2368 5051 εἰς
2393 4990 2517 5052 τοὺς
2547 4989 2743 5051 αἰῶνας
2775 4989 2881 5040 τῶν
2909 4987 3135 5040 αιώνων.
3185 4990 3237 5041 Ἀ
3250 4990 3378 5056 μήν.

2284 5279 2411 5334 sum
2438 5265 2694 5326 auctoris,
2743 5266 3023 5334 magisque
3056 5263 3309 5315 intercisa
3336 5261 3536 5334 minus
3573 5258 3878 5334 fatigasset

2284 5333 2568 5386 lectorem.
2615 5334 2717 5386 Sed
2749 5331 2893 5402 quod
2928 5333 3015 5386 hic
3052 5349 3159 5386 non
3197 5333 3393 5402 potuit,
3419 5339 3614 5400 morte
3658 5331 3876 5383 imma-

2288 5413 2408 5456 tura
2432 5401 2815 5472 prevenieute;
2846 5419 3024 5472 neque
3041 5418 3139 5456 nos
3171 5401 3331 5454 modo
3359 5415 3670 5469 possumus.
3701 5401 3876 5467 prelo

2291 5487 2514 5544 moram
2534 5489 2642 5526 non
2673 5473 2878 5527 ferente
2909 5493 2922 5528 :
2967 5473 3218 5544 quamvis
3259 5482 3438 5525 tamen
3473 5483 3673 5544 negare
3711 5472 3878 5544 noli-

2290 5558 2430 5605 mus,
2467 5542 2622 5612 plura
2677 5545 2841 5597 etiam
2890 5540 2999 5599 nos-
3045 5544 3099 5596 in
3153 5550 3302 5596 textu
3349 5541 3668 5596 emendasse
3717 5540 3878 5597 inter

2290 5613 2669 5684 corrigendum
2706 5615 3107 5683 typothetarum
3141 5623 3338 5666 errata.
