3966 6496
1085 440 1261 501 VITA
1298 438 1355 497 S.
1398 431 1779 496 STEPHANl
1822 429 1914 489 ET
1958 425 2370 489 SOCIORUM.

3281 415 3398 477 3l0

128 602 3385 658 Μ

861 822 1646 1006 MENSIS
1779 815 2597 999 JULIUS.

241 1357 424 1468 DE
506 1350 709 1467 SS.
809 1348 1562 1462 STEPHANO
1646 1340 2337 1458 EPISCOPO
2431 1333 3206 1453 RHEGIENSI

1426 1584 1577 1674 ET
1644 1580 2065 1681 SOCllS,

642 1784 899 1847 SUEBA
933 1782 1344 1857 EPISCOPO,
1373 1776 1719 1847 AGNETE,
1753 1776 2233 1840 FELICITATE
2268 1776 2372 1839 ET
2424 1774 2845 1840 PERPETUA

947 1926 1513 1987 MARTYRIBUS
1568 1923 1872 1981 RHEGII
1930 1923 2012 1981 IN
2068 1922 2540 1981 CALABRIA.

1127 2063 1266 2125 (Julii
1295 2064 1377 2114 die
1405 2064 1434 2113 5
1466 2064 1587 2113 Acta
1612 2061 1703 2111 SS.
1724 2059 1949 2109 Bolland.
1976 2060 2037 2110 ad
2057 2060 2184 2111 hanc
2207 2059 2386 2120 diem.)

204 2361 251 2412 t.
290 2356 546 2412 Notiores
588 2352 722 2407 olim
766 2351 919 2407 fuere
959 2350 1017 2406 hi
1057 2352 1232 2406 sancti
1270 2350 1417 2421 apud
1464 2351 1704 2417 Graecos,
1733 2351 2129 2422 AepiscOpum
2181 2350 2506 2419 Bovensem,
2538 2350 2633 2423 qui
2680 2350 3059 2423 sull‘raganeus
3098 2360 3182 2409 est
3233 2354 3382 2412 Rhe-

137 2464 293 2519 quam
337 2447 481 2517 apud
517 2445 767 2501 Latinos.
802 2445 1172 2500 Meminerunt
1204 2460 1395 2501 eorum
1438 2445 1703 2500 nonnulla

133 2542 332 2595 lienam
369 2540 515 2609 apud
556 2556 679 2605 nos,
714 2540 1117 2597 Chiﬂletianum
1161 2548 1327 2608 atque
1358 2538 1705 2593 Sirmundia-

131 2648 300 2697 num;
355 2648 594 2703 quorum
651 2631 783 2685 illud
844 2630 935 2684 die
980 2646 1011 2683 ν
1054 2630 1185 2684 Julii
1227 2630 1360 2699 legit
1389 2647 1401 2682 :
1430 2630 1707 2697 Στεφάνου

133 2724 382 2795 κολαὸρ.
419 2728 513 2777 καὶ
538 2722 646 2775 τῶν
691 2722 787 2774 σὺν
836 2720 984 2791 αὐτῷ
1015 2737 1030 2753 -
1077 2719 1192 2777 Hoc
1220 2737 1351 2777 vero
1380 2721 1573 2777 eodem
1617 2721 1707 2777 die

134 2817 293 2885 paulo
328 2815 656 2883 explicatius
701 2834 711 2867 :
752 2814 860 2867 Τοῦ
889 2814 1045 2883 ἁγίου
1080 2817 1372 2887 Μάρτυρος
1408 2817 1708 2885 Στεφάνου,

134 2904 225 2956 τοῦ
273 2904 355 2966 εἰς
408 2904 471 2955 τὸ
518 2903 736 2973 Ῥήγιον
778 2905 1095 2975 Καλασρίας
1134 2908 1407 2974 κειμένου,
1455 2910 1550 2959 καὶ
1595 2909 1706 2961 τῶν

135 2998 229 3050 σὺν
266 2998 422 3069 αὐτῷ
451 3000 623 3065 ἁγίων
647 3001 1114 3070 μαρτυρησάντων
1132 3018 1144 3032 ·
1186 3020 1204 3053 r
1232 2999 1415 3057 Sancti
1447 2998 1709 3071 Stephani

136 3092 418 3157 martyris,
452 3089 545 3157 qui
566 3090 710 3158 jacet
739 3088 931 3158 Rhegii
964 3091 1019 3142 in
1058 3090 1327 3156 Calabria,
1353 3091 1712 3157 etsociorum

132 3178 251 3245 ejus
311 3186 667 3239 sanctorum.
723 3178 815 3247 qui
879 3194 1005 3233 cum
1063 3195 1129 3235 eo
1189 3183 1511 3253 martyrium
1578 3184 1713 3239 sub-

138 3272 346 3323 ierunt.
392 3288 413 3319 ›
446 3268 729 3324 Monachis
749 3287 968 3341 quoque
988 3270 1202 3343 Cryptac
1222 3274 1478 3339 Ferratze,
1514 3285 1569 3331 et
1596 3278 1716 3333 aliis

136 3362 537 3417 ecclesiasticis
569 3362 741 3417 Graeci
780 3366 938 3431 ritus,
977 3367 1368 3425 celebrandum
1401 3370 1595 3427 eodem
1628 3356 1733 3427 die

139 3456 525 3524 praescribitur
570 3454 792 3524 festum,
822 3457 929 3511 Τοῦ
970 3460 1127 3527 ἁγίου
1152 3456 1449 3531 ’Στεφάνου
1494 3464 1589 3517 καὶ
1617 3464 1717 3534 τῆς

142 3550 393 3608 συνοδίας
430 3547 617 3602 αὑτοῦ.
658 3548 867 3605 Similia
912 3551 1115 3606 habent
1160 3553 1361 3609 Menam
1400 3557 1587 3612 Graeca
1638 3558 1719 3613 hi-

142 3638 438 3693 bliothecz
462 3638 770 3708 Vaticana;
797 3651 853 3697 et
879 3643 1009 3698 alibi
1040 3645 1142 3699 alia
1162 3644 1320 3701 facile
1347 3649 1718 3716 invenientur,

142 3746 264 3798 qua:
300 3730 437 3785 mihi
469 3736 580 3786 visa
613 3749 722 3788 non
750 3746 900 3799 sunt,
932 3752 1160 3806 quchue
1189 3740 1299 3805 jam
1333 3740 1479 3793 dicta
1526 3751 1720 3809 potue-

146 3831 277 3876 runt
312 3823 664 3878 confirmare.

212 3914 272 3966 2.
312 3914 475 3967 Nulla
510 3922 692 3969 tamen
736 3915 881 3985 apud
916 3917 1311 3990 Martyrologos
1340 3921 1562 3978 Latinos
1602 3924 1723 3979 Stc-

146 4004 317 4071 phanl
358 4004 526 4075 hujus
558 4015 613 4061 et
644 4009 922 4062 sociorum
956 4022 1256 4081 martyrum
1298 4025 1473 4069 exstat
1518 4033 1725 4073 memo-

142 4095 245 4147 ria.
277 4093 437 4158 Quod
464 4094 725 4151 indicium
752 4112 873 4155 esse
903 4104 1093 4169 possit,
1124 4119 1231 4159 non
1263 4105 1400 4161 adeo
1427 4108 1725 4176 celebrem,

142 4192 487 4260 seriptorum
512 4194 731 4249 illorum
762 4201 1122 4268 temporibus.
1149 4203 1387 4273 viguisse
1426 4208 1634 4261 cultum
1672 4209 1726 4262 in

142 4282 401 4339 Ecclesia
419 4284 633 4341 Latina.
656 4292 835 4358 Atque
864 4290 993 4345 hinc
1025 4293 1225 4347 factum
1248 4295 1340 4357 sit,
1374 4296 1431 4349 ut
1460 4295 1730 4367 Rhegien-

144 4373 219 4427 sis
268 4376 745 4447 archiepiscopus,
780 4381 1012 4436 Annibal
1055 4382 1119 4437 de
1160 4383 1409 4452 Afﬂictis,
1443 4388 1524 4441 vir
1560 4392 1728 4444 multa

142 4468 523 4524 sanctimonia
552 4471 758 4547 clarus,
789 4470 950 4529 initio
985 4478 1170 4532 seculi
1201 4479 1503 4547 superioris
1525 4484 1731 4551 suppli-

141 4561 371 4613 caverit
423 4560 839 4633 congregationi
896 4584 1180 4622 sacrorum
1238 4571 1466 4626 Rituum
1522 4574 1727 4638 Romae,

141 4662 256 4713 quo
328 4664 351 4696 ‹
390 4647 496 4701 sibi
551 4649 774 4720 suisque
819 4652 1216 4725 Rhegiensibus
1271 4656 1499 4714 facultas
1552 4658 1728 4724 fieret,

146 4741 383 4808 publice
406 4744 714 4811 exponendi
742 4746 1053 4817 imaginem,
1085 4747 1141 4803 S.
1172 4749 1447 4819 Stephano
1476 4754 1733 4824 episcopo

145 4845 249 4884 suo
282 4845 358 4883 ac
390 4834 634 4899 martyri,
671 4846 835 4904 atque
860 4839 1050 4894 altaria
1080 4851 1131 4892 et
1157 4843 1354 4910 templa
1390 4844 1442 4896 in
1468 4844 1731 4901 honorem

140 4921 406 4988 ejusdem
454 4923 726 4993 erigendi.
769 4944 789 4975 ι
829 4927 1002 4982 Aﬂ'erl
1026 4946 1126 4999 pro
1163 4933 1367 4986 motive
1402 4934 1525 4989 talia
1567 4938 1736 5007 impe-

142 5012 368 5071 trandi,
397 5015 544 5081 quod
577 5034 596 5067 ί
634 5017 869 5085 pridem.
896 5032 1060 5090 atque
1094 5024 1260 5077 etiam
1295 5034 1423 5079 tunc
1454 5030 1735 5096 temporis,

143 5105 555 5160 celebrabatur
586 5109 654 5164 de
686 5112 878 5167 eodem
908 5124 1098 5169 sancto
1125 5115 1403 5185 Stephano
1442 5119 1736 5189 sociisque,

144 5200 245 5253 die
306 5216 343 5252 ν
390 5199 519 5254 Julii
566 5201 725 5258 Missa
784 5215 840 5261 et
881 5208 984 5262 alia
1020 5209 1224 5266 Officia.
1268 5230 1285 5262 ι
1328 5210 1394 5265 Ει
1423 5227 1573 5266 sacra
1604 5229 1739 5267 con-

146 5290 439 5358 gregatio,
502 5292 774 5349 refcrcnte
828 5297 1106 5355 illustriss.
1164 5310 1219 5354 et
1284 5300 1742 5357 rcverendissimo

148 5385 217 5435 Ι).
258 5380 581 5451 Francisc'o,
616 5383 799 5442 Sancti
835 5388 1023 5458 Angelt
1057 5395 1109 5445 in
1144 5390 1285 5446 Foro
1310 5391 1549 5447 Piscium
1580 5390 1739 5447 Card.

149 5476 671 5548 Buoncompagno,
724 5482 954 5551 gratiam
1021 5485 1246 5553 petitam
1308 5483 1580 5540 concessit
1652 5501 1747 5539 an-

152 5586 231 5624 no
270 5566 433 5625 1622.
469 5570 541 5624 De
576 5572 731 5626 hisce
774 5573 909 5627 mihi
962 5585 1195 5638 constat,
1236 5577 1306 5631 ita
1353 5576 1555 5631 factum
1604 5592 1748 5643 esse,

150 5682 223 5719 ex
261 5663 585 5719 testimonio
619 5664 829 5718 Nicolai
869 5664 1051 5721 Mariae
1079 5666 1365 5733 Modol’ari,
1400 5679 1531 5725 tunc
1567 5670 1752 5725 Romte

151 5758 415 5817 ecclesiae
448 5759 505 5815 S.
534 5757 766 5815 Thema:
798 5757 850 5811 in
884 5758 1113 5814 Parione
1147 5762 1405 5827 rectoris,
1436 5769 1491 5817 et
1526 5760 1752 5832 hujusce

155 5871 344 5913 causa!
392 5855 646 5927 Agentis,
681 5859 848 5924 atque
887 5851 1081 5908 eodem
1132 5868 1276 5911 anno
1313 5854 1446 5911 1692
1481 5854 1641 5911 electi
1699 5856 1752 5910 in

1809 2456 2033 2512 gtenSts.

1876 2532 1929 2587 5.
1965 2533 2355 2590 Prasdictarum
2400 2535 2811 2605 Scripturarum
2851 2538 2953 2607 (uti
2994 2537 3041 2593 is
3079 2536 3253 2602 addit,
3288 2539 3384 2609 qui

1810 2623 1932 2677 illas
1983 2625 2142 2681 nobis
2191 2626 2469 2696 submisit)
2503 2629 2800 2700 archetypa
2830 2639 3183 2687 asservantur
3214 2646 3388 2700 penes

1808 2712 2075 2769 Joannem
2128 2715 2408 2770 Simonem
2466 2716 2535 2772 de
2581 2719 2883 2783 Antonillo,
2928 2718 2991 2773 U.
3025 2720 3075 2775 J.
3119 2720 3176 2774 ι).
3206 2722 3383 2774 virum

1812 2804 2088 2860 eruditum
2123 2816 2179 2861 et
2208 2807 2381 2877 pium,
2414 2816 2470 2863 et
2498 2809 2601 2879 ipsi
2638 2808 2694 2865 S.
2732 2808 3014 2880 Stephano
3050 2812 3187 2867 satis
3231 2813 3389 2867 addi-

1814 2909 1986 2966 ctum,
2026 2901 2183 2971 cujus
2215 2901 2505 2958 devotione
2546 2911 2601 2957 et
2632 2903 2890 2972 expensis
2921 2905 3182 2960 sacellum
3208 2913 3389 2960 exstat

1816 2991 2029 3058 (utique
2071 3001 2193 3059 post
2219 3004 2507 3063 acceptum
2553 2995 2642 3049 illa
2676 2994 2744 3051 de
2779 3011 2836 3050 re
2868 3011 3192 3067 responsum
3222 3013 3392 3054 sacra:

1812 3079 2267 3153 Congregationis
2298 3085 2491 3154 Roma)
2530 3097 2871 3141 exstructum
2906 3089 2959 3141 in
2984 3088 3216 3144 ecclesia
3248 3090 3392 3144 Pras-

1820 3173 2124 3230 dicatorum
2172 3174 2246 3230 S.-
2261 3175 2539 3247 Stephano
2572 3177 2839 3243 dicatum,
2866 3180 2920 3233 in
2945 3194 3056 3251 quo
3087 3180 3247 3236 annis
3274 3183 3389 3235 sin-

1820 3266 1960 3336 gulis
1986 3267 2308 3323 condecenti
2348 3284 2471 3323 cum
2509 3270 2913 3340 magnificentia
2954 3272 3128 3349 Missa:
3176 3273 3390 3334 sacrifi-

1820 3357 1963 3409 cium
1995 3366 2051 3409 et
2079 3357 2329 3425 Vespera
2360 3358 2587 3412 musicis
2615 3376 2739 3423 cum
2773 3362 3136 3418 concentibus
3172 3364 3227 3417 in
3251 3362 3393 3417 festo

1822 3446 2007 3503 Sancti
2040 3446 2361 3501 solemniter
2402 3448 2766 3504 celebrantur.
2810 3453 2966 3505 Circa
3015 3453 3228 3505 ieonem
3260 3468 3393 3507 vero

1824 3539 2087 3595 antistitis
2114 3538 2402 3609 Stephani,
2430 3540 2678 3611 ejusdem
2702 3552 2819 3596 acta
2845 3544 3234 3617 etmartyrium
3265 3544 3396 3601 hinc

1827 3631 1955 3687 inde
1998 3632 2188 3703 figuris
2218 3646 2275 3690 et
2308 3637 2561 3691 versibus
2588 3637 2959 3697 declarantur.

1895 3724 1949 3777 4.
1981 3723 2176 3777 Iisdem
2218 3726 2330 3779 fere
2363 3726 2729 3796 temporibus,
2766 3730 2969 3797 quibus
3003 3731 3189 3785 Romae
3225 3732 3394 3800 petita

1827 3828 2196 3884 concessaque
2232 3815 2333 3871 fuit
2379 3815 2610 3873 facultas
2639 3822 2998 3876 construendi
3027 3821 3083 3877 S.
3118 3821 3397 3893 Stephano

1828 3907 2041 3971 altaria,
2073 3910 2289 3975 sacella,
2322 3912 2541 3981 templa,
2578 3914 2855 3982 impressit
2887 3915 3168 3969 Ferrarius
3196 3925 3398 3970 utrum-

1830 4016 1935 4068 que
1992 4003 2300 4074 catalogum
2352 4019 2534 4071 suum,
2565 4006 2799 4061 alterum
2840 4022 3039 4076 nempe
3080 4016 3397 4063 sanctorum

1830 4093 2017 4157 Italiae,
2052 4111 2195 4149 anno
2232 4096 2388 4159 1615,
2422 4098 2654 4150 alterum
2687 4097 2903 4151 illorum
2938 4099 3029 4167 qui
3066 4100 3117 4152 in
3152 4100 3399 4155 Romano

1832 4185 2210 4257 Martyrologio
2242 4202 2347 4240 non
2383 4187 2677 4251 habentur,
2705 4202 2848 4243 anno
2880 4187 3034 4243 1625.
3073 4189 3131 4244 In
3165 4179 3401 4258 utroque

1831 4288 2241 4341 commemorat,
2264 4280 2352 4332 die
2380 4281 2412 4332 5
2435 4280 2586 4342 Julii,
2614 4280 2670 4334 S.
2700 4280 3170 4349 Stephanum,sed
3193 4274 3401 4349 absq’ue

1832 4369 2030 4434 sociis;
2079 4368 2131 4422 in
2189 4371 2361 4439 priori
2396 4371 2614 4440 quidem
2656 4388 2780 4427 cum
2820 4372 3001 4443 elogio
3038 4373 3141 4428 hoc
3176 4391 3188 4428 ε
3227 4393 3243 4425 ι
3285 4373 3407 4431 Ste-

1834 4461 2069 4531 phanus,
2105 4463 2241 4517 civis
2276 4464 2573 4533 Rheginus,
2614 4481 2643 4518 a
2674 4464 2730 4519 S.
2765 4465 2935 4519 Paulo
2976 4467 3245 4535 apostolo,
3276 4483 3401 4522 cum

1832 4572 1897 4609 ex
1957 4555 2110 4627 Syria
2166 4557 2394 4609 Romam
2450 4556 2668 4617 ductus,
2732 4556 3024 4626 Rhegium,
3086 4559 3403 4617 Brutiorum

1835 4647 2180 4717 metropolim
2216 4648 2540 4717 appulisset.
2576 4649 2643 4702 ad
2667 4646 2945 4705 Christum
2995 4665 3315 4716 conversus,
3348 4663 3405 4707 et

1835 4742 1891 4795 in
1930 4740 2033 4795 fide
2074 4742 2399 4807 instructus,
2439 4744 2652 4811 primus
2692 4742 3064 4813 Rheginorum
3115 4746 3406 4816 episcopus

1836 4836 1904 4889 ab
1949 4834 2139 4887 eodem
2191 4834 2436 4903 apostolo
2480 4836 2786 4887 ordinatur.
2838 4835 2966 4903 Qui,
3006 4845 3127 4906 post
3158 4838 3407 4908 Apostoli

1837 4930 2163 4994 discessum,
2194 4929 2323 4983 dum
2348 4945 2548 4984 munus
2588 4930 2901 5001 episcopale
2929 4933 3279 5001 praedicando
3307 4935 3409 4989 im.

1842 5022 1992 5090 pigre
2015 5032 2435 5090 exsequeretur,
2467 5023 2653 5077 multis
2682 5026 2792 5091 jam
2825 5024 2890 5076 ad
2925 5023 3082 5077 fidem
3105 5025 3408 5094 perductis.

1844 5115 1899 5169 in
1930 5116 2239 5169 Neroniana
2280 5116 2662 5183 persecutione
2693 5115 3218 5183 comprehenditur;
3255 5133 3423 5191 cum:

1847 5224 1952 5277 que
1984 5217 2300 5262 constanter
2346 5204 2398 5259 in
2446 5205 2573 5259 fidei
2612 5206 2960 5261 confessione
3014 5220 3413 5276 perseveraret,

1848 5312 2011 5371 atque
2070 5303 2257 5356 multis
2307 5301 2537 5355 affectus
2580 5299 2885 5369 suppliciis,
2913 5302 3190 5356 cruciatus
3224 5318 3414 5358 omnes

1851 5406 2184 5463 superasset,
2217 5393 2438 5447 demum
2484 5392 2680 5460 capitis
2730 5393 3152 5461 obtruncatione
3217 5404 3415 5466 marty-

1853 5489 1994 5542 rium
2024 5487 2440 5542 consummavit.
2480 5485 2589 5539 LII]
2627 5484 2913 5555 posteriori
2937 5494 3117 5539 autem
3136 5485 3416 5557 Catalogo,

1850 5580 1993 5635 idem
2045 5579 2331 5634 Ferrarius
2379 5578 2458 5633 sic
2510 5577 2674 5631 habet
2719 5595 2730 5630 :
2782 5595 2797 5626 ι
2839 5576 3031 5647 ltheg’ii
3096 5577 3149 5630 in
3190 5577 3416 5641 Brutiis,

1850 5672 1908 5728 S.
1949 5672 2233 5741 Stephani,
2290 5670 2454 5743 primi
2492 5668 2737 5740 ejusdem
2782 5668 3022 5738 episcopi
3062 5678 3119 5725 et
3164 5671 3420 5737 martyris

1852 5765 1949 5821 sub
1986 5764 2219 5822 Nerone.
2260 5782 2276 5814 ›

1924 5858 1973 5913 5.
2006 5856 2125 5912 Νοιι
2173 5855 2322 5911 omni
2362 5868 2429 5910 ex
2474 5862 2624 5925 parte
2670 5850 2859 5907 isthmc
2916 5848 3251 5906 concordant
3295 5862 3419 5905 cum
