3966 6434
594 372 694 438 311

1896 380 2179 444 MENSIS
2220 382 2518 443 IULIUS.

3737 393 3835 453 3i!

592 493 741 548 Actis
766 491 986 556 Gracis,
1021 509 1142 561 qum
1175 493 1306 546 mihi
1337 493 1404 546 ab
1436 493 1584 548 hisce
1610 494 1798 564 viginti
1825 497 2006 559 annis,
2041 505 2172 550 tunc
2200 498 2247 556 Α
2276 493 2573 562 quidquam
2621 493 2827 548 habent
2871 495 2939 550 de
2980 499 3262 566 sepultura
3299 510 3616 555 sanctorum
3652 519 3837 574 corpo-

593 587 776 642 Romae
804 587 1006 656 agenti,
1035 603 1064 640 a
1091 586 1155 640 R.
1184 586 1242 640 P.
1281 586 1520 655 Josepho
1574 586 1753 652 Denti,
1795 589 1991 643 domus
2037 606 2166 658 pro-

589 678 860 731 fessarum
887 676 1169 731 societatis
1199 686 1400 730 nostra:
1439 679 1750 744 praeposito,
1788 675 2043 731 Messanae
2066 692 2163 730 cu-

592 781 708 823 rata
743 769 965 823 fuerunt
1000 768 1236 822 describi
1291 783 1322 822 e
1352 769 1637 823 codicibus
1680 784 1783 823 ms.
1821 769 2162 824 celeberrimi

591 876 760 930 prope
800 861 994 914 urbem
1043 860 1187 913 illam
1235 861 1553 915 monasterii
1610 861 1792 915 Sancti
1839 861 2158 924 Salvator-is,

589 954 800 1008 ordinis
859 953 913 1006 S.
967 951 1186 1012 Basilii;
1247 953 1321 1006 uti
1396 954 1648 1024 pluribus
1700 953 1811 1007 dixi
1869 954 1935 1006 ad
1984 954 2162 1008 Vitam

589 1046 646 1100 S.
675 1046 1013 1100 Sebastianaa
1061 1045 1121 1100 V.
1150 1045 1216 1099 Μ.
1253 1055 1397 1100 tomo
1441 1045 1506 1100 Vl
1540 1045 1710 1110 Junii,
1754 1061 1874 1114 qua:
1922 1044 2164 1098 indidem

587 1139 658 1192 ab
687 1139 905 1203 eodem,
969 1139 1047 1192 uti
1099 1140 1283 1194 multae
1333 1139 1473 1200 alia.
1520 1139 1651 1192 mihi
1705 1139 1892 1192 Grmce
1942 1138 2164 1191 fuerunt

587 1231 892 1286 submisse.
938 1231 1081 1295 Haec,
1112 1232 1356 1302 inquam,
1392 1232 1525 1286 Acta
1570 1232 1622 1286 S.
1654 1231 1916 1300 Stephani
1971 1231 2161 1286 viden-

587 1331 674 1375 tur
699 1321 820 1377 t‘ons
855 1338 996 1385 esse,
1023 1339 1088 1376 ex
1119 1339 1248 1392 quo,
1279 1332 1552 1392 quotquot
1571 1323 1638 1378 de
1674 1322 1766 1376 illo
1799 1321 1990 1377 Latine
2020 1323 2156 1378 s‘crio

584 1429 765 1482 psere,
791 1429 888 1467 sua
923 1415 1248 1477 hauserunt,
1283 1415 1406 1471 aliis
1466 1415 1689 1481 additis,
1747 1417 1869 1471 aliis
1913 1418 2157 1480 mutatis,

583 1521 687 1575 pro
740 1521 842 1559 suo
894 1507 1158 1576 cujusque
1212 1522 1395 1563 sensu.
1445 1508 1535 1564 Sic
1594 1508 1925 1578 Stephanus.
1959 1509 2053 1578 qui
2106 1509 2160 1562 in

582 1599 735 1653 Actis
786 1599 987 1654 Graecis
1041 1600 1240 1668 legitur
1291 1603 1464 1670 patria
1523 1601 1778 1658 Nicanus
1821 1603 1875 1656 in
1908 1602 2158 1672 Bithynia

583 1690 776 1754 fuisse,
809 1703 864 1744 et
914 1708 1037 1745 cum
1096 1692 1152 1746 S.
1208 1693 1377 1746 Paulo
1437 1694 1686 1762 apostolo
1739 1695 2006 1764 Rhegium
2062 1710 2157 1762 ap-

583 1783 821 1852 pulisse;
874 1782 1015 1852 apud
1063 1783 1374 1837 Ferrarium
1426 1783 1630 1839 dicitur
1675 1785 1811 1840 civis
1858 1785 2155 1855 Rheginus,

2278 602 2422 640 rutn.
2487 586 2664 641 Facile
2725 587 2977 642 condono
3027 590 3085 644 P.
3141 589 3416 656 Cornelio,
3471 595 3750 666 Theologo
3791 609 3845 656 ct

2275 678 2705 734 Commentatori
2746 681 2799 733 in
2831 697 3044 736 sacram
3081 682 3420 751 Scripturam
3445 689 3671 749 eximio,
3701 692 3837 757 quod

2276 771 2382 825 iide
2429 781 2484 825 et
2521 773 2846 826 auctoritate
2879 773 3292 842 Rhegiensium,
3327 776 3566 834 virorum
3601 784 3837 836 erudito-

2274 881 2395 919 rum
2435 877 2487 920 et
2520 865 2934 935 primariorum,
2973 869 3096 919 talia
3130 871 3436 938 scripserit.
3476 871 3592 940 lpsc
3626 875 3840 929 interim

2273 957 2411 1012 nihil
2451 972 2548 1026 per
2583 972 2639 1010 se
2667 968 3073 1010 commentatur
3111 959 3179 1012 de
3213 975 3362 1012 mora
3407 972 3499 1014 aut
3550 980 3658 1016 non
3693 981 3839 1018 mora

2274 1045 2425 1101 Pauli
2452 1048 2681 1114 apostoli
2711 1047 2853 1117 apud
2882 1046 3171 1119 Rhegium.
3201 1048 3516 1119 Supposuit,
3553 1069 3678 1107 vera
3702 1073 3840 1117 esse.

2274 1155 2394 1209 qua:
2436 1140 2774 1209 Rhegienses
2803 1140 2870 1194 de
2904 1155 3054 1192 mora
3092 1141 3212 1209 ejus
3242 1144 3384 1212 apud
3421 1159 3481 1198 se
3521 1146 3684 1198 unius
3715 1147 3844 1210 diei,

2271 1243 2326 1286 et
2361 1232 2428 1285 de
2456 1247 2647 1300 tnagna
2681 1233 3040 1287 conversione
3088 1234 3375 1302 gentilium
3415 1236 3508 1289 illo
3539 1236 3630 1288 die
3674 1236 3844 1302 facta;

2273 1326 2404 1380 item
2444 1323 2512 1378 de
2543 1325 2694 1378 Actis
2727 1324 2782 1378 S.
2820 1323 3106 1393 Stephani,
3157 1327 3359 1380 saeculo
3414 1325 3619 1380 Christi
3668 1329 3844 1397 primo

2271 1412 2458 1468 Graece
2485 1413 2841 1482 conscriptis.
2874 1412 3238 1466 aﬂirmabant.
3269 1414 3338 1467 Et
3375 1416 3419 1467 si
3462 1416 3593 1483 quid
3643 1417 3732 1471 illa
3778 1417 3848 1471 de

2272 1519 2329 1557 re
2363 1519 2459 1573 per
2487 1519 2544 1557 se
2572 1512 2972 1556 commentatus
3007 1503 3218 1564 fuisset,
3251 1505 3441 1574 utique
3477 1509 3846 1569 observasset.

2269 1595 2416 1666 quod
2471 1595 2515 1649 si
2561 1594 2762 1650 Paulus
2795 1609 2904 1648 uno
2935 1594 3024 1650 die
3065 1595 3260 1665 Rhegii
3311 1612 3518 1652 moram
3568 1602 3847 1666 traxisset,

2271 1703 2378 1742 non
2407 1687 2676 1758 potuisset
2703 1688 2949 1742 secundo
2979 1687 3067 1742 die
3097 1687 3358 1742 Putoleos
3385 1691 3632 1759 attigisse
3658 1709 3673 1745 :
3699 1694 3850 1762 quod

2273 1782 2444 1835 Lucas
2468 1783 2673 1836 factum
2710 1796 2830 1836 esse
2863 1783 2958 1836 ait.
2991 1781 3098 1836 Sed
3130 1781 3196 1836 de
3226 1780 3314 1834 his
3341 1796 3464 1834 mox
3488 1781 3614 1836 alia.

583 1845 640 1922 et
692 1869 762 1922 ab
822 1845 1132 1938 appellente
1191 1871 1310 1926 illas
1394 1873 1450 1926 in
1520 1888 1649 1928 oras
1711 1873 1900 1940 Paulo,
1969 1845 2163 1944 Rhegii
2198 1845 2240 1903 Β
2339 1875 2390 1928 8.
2419 1874 2631 1928 interea
2659 1890 2724 1928 ex
2758 1874 2942 1928 citatis
2979 1874 3324 1928 editionibus
3350 1874 3753 1938 animadverto,
3789 1876 3848 1930 in

585 1960 865 2025 inventus,
914 1975 1079 2030 atque
1135 1963 1209 2015 ibi
1263 1963 1328 2017 ad
1383 1962 1588 2019 Christi
1650 1965 1809 2021 iidem
1862 1983 2162 2023 conversus

584 2053 777 2107 fuisse.

656 2147 706 2200 6.
745 2147 1112 2219 Hieronymus
1155 2147 1422 2202 Maraﬁoti
1460 2149 1517 2202 in
1560 2163 1660 2203 suo
1691 2147 1955 2205 Calabria:
1982 2152 2152 2208 Chro-

583 2238 727 2300 nico,
762 2238 947 2292 ltaiice
991 2254 1138 2293 anno
1169 2239 1300 2294 160i
1332 2254 1554 2305 excuso,
1587 2255 1707 2310 pag.
1747 2241 1832 2305 47,
1865 2253 1918 2296 et
1947 2241 2160 2297 Marcus

584 2330 854 2383 Antonius
885 2329 1043 2384 Politi
1079 2331 1132 2382 in
1166 2345 1266 2384 suo
1296 2331 1551 2386 similiter
1581 2331 1873 2396 Chronico,
1903 2333 2160 2389 Messana:

582 2421 852 2491 impresso
889 2437 1018 2476 ann.
1055 2421 1209 2486 l6l7,
1243 2438 1363 2494 pag.
1393 2423 1481 2478 80.
1511 2423 1660 2478 idem
1692 2424 1895 2480 Paulus
1939 2426 2161 2481 Gualte~

587 2514 699 2566 rius
752 2514 806 2566 in
865 2514 1068 2567 sanctis
1115 2512 1398 2580 Calabria,
1435 2515 1528 2586 qui
1583 2529 1726 2570 anno
1759 2515 1893 2572 1630
1930 2516 2156 2587 Neapoli

580 2604 928 2675 prodierunt,
980 2621 1103 2674 pag.
1145 2605 1232 2669 53,
1279 2616 1336 2660 et
1388 2605 1765 2661 Ferdinandus
1796 2607 2054 2678 Ughellus
2101 2611 2157 2663 in

582 2712 686 2750 suo
716 2696 891 2751 Italia!
923 2713 1090 2750 sacra:
1123 2706 1271 2751 tomo
1298 2695 1369 2751 lx
1397 2696 1547 2751 edito
1578 2712 1723 2752 anno
1759 2697 1915 2764 l662,
1955 2699 2157 2753 habent

581 2791 760 2844 Vitam
797 2789 849 2844 S.
882 2789 1166 2859 Stephani,
1201 2807 1363 2861 quam
1405 2793 1614 2861 primus
1645 2807 1710 2846 ex
1745 2791 1932 2845 codice
1968 2791 2156 2846 Graeco

581 2884 982 2953 interpretatus
1013 2893 1096 2936 est
1128 2884 1313 2938 ltalice
1343 2901 1356 2938 ε
1390 2883 1668 2939 secundus
1703 2891 1756 2936 et
1789 2893 2019 2953 quartus
2049 2883 2155 2938 La-

581 2981 752 3034 tinam
785 2978 1079 3034 ediderunt
1110 2993 1176 3034 ex
1204 2982 1309 3034 alia
1347 2989 1510 3049 atque
1538 2978 1642 3034 alia
1673 2979 2150 3050 interpretatione.

579 3073 800 3128 Tertius
842 3086 872 3125 e
915 3081 1064 3126 textu
1101 3071 1294 3124 Latino
1326 3070 1565 3126 Italicam
1604 3069 1878 3125 l'ecitcum
1912 3072 2153 3126 oratoria

2269 1975 2416 2022 textu
2453 1966 2646 2022 Graeco
2692 1976 2882 2022 nostro
2916 1966 3219 2035 sphalmata
3251 1970 3504 2036 qumdam
3553 1968 3850 2022 commissa

2264 2073 2406 2121 esse,
2441 2059 2828 2113 verosimiliter
2855 2057 3146 2113 oscitantia
3173 2059 3406 2123 librarii,
3446 2061 3555 2115 illis
3589 2061 3642 2114 in
3681 2061 3846 2126 locis,

2267 2148 2358 2201 ubi
2400 2162 2502 2218 ego
2534 2163 2632 2216 per
2668 2149 2879 2202 inclusa
2907 2149 3060 2203 hisce
3090 2149 3263 2218 signis
3293 2149 3347 2220 ι]
3376 2151 3540 2205 verba
3582 2154 3847 2222 supplere

2263 2251 2496 2296 conatus
2529 2254 2670 2294 sum.
2723 2240 2870 2294 Inter
2919 2256 3056 2310 quas
3110 2244 3488 2298 correctiones
3528 2244 3694 2298 etiam
3736 2255 3846 2310 est,

2261 2331 2406 2400 quod
2441 2334 2662 2387 tertium
2714 2348 2913 2388 nomen
2956 2334 3273 2399 mulierum,
3317 2336 3478 2390 simul
3529 2353 3845 2406 passarum,

2263 2423 2534 2492 Perpetua
2581 2424 3020 2488 desiderabatur,
3073 2441 3194 2492 qua:
3246 2426 3300 2480 in
3339 2427 3527 2482 italico
3559 2438 3614 2482 et
3646 2430 3848 2484 Latino

2263 2513 2448 2568 Suerze
2477 2513 2761 2584 episcopo,
2788 2516 2981 2584 Agneti
3001 2524 3053 2570 et
3073 2515 3343 2571 Felicitati
3373 2519 3845 2573 subnectitur.Ex

2263 2611 2347 2664 his
2384 2619 2567 2665 autem
2602 2611 2737 2680 ipsis
2767 2611 3086 2666 nominibus
3123 2611 3351 2666 dubium
3383 2613 3517 2668 oriri
3545 2613 3742 2683 possit,
3777 2631 3846 2668 an

2261 2717 2451 2754 omnes
2496 2703 2584 2755 isti
2622 2717 2727 2755 una
2765 2717 2888 2755 eum
2917 2703 3194 2772 Stephano
3226 2706 3370 2774 passi
3405 2704 3610 2760 fuerint
3641 2707 3849 2760 sarculo

2259 2792 2462 2848 Christi
2495 2795 2689 2865 primo.
2722 2796 2856 2849 Acta
2881 2795 3128 2865 quidem,
3155 2799 3320 2850 etiam
3354 2798 3562 2862 Graeca,
3590 2815 3701 2852 non
3735 2811 3846 2852 tam

2259 2887 2485 2956 antiqua
2526 2897 2676 2952 sunt,
2704 2903 2806 2943 nec
2857 2889 3003 2952 talia,
3046 2899 3106 2944 ut
3150 2889 3283 2944 illud
3331 2893 3464 2959 ipsis
3513 2901 3631 2945 tuto
3687 2893 3846 2948 credi

2259 2979 2446 3047 possit.
2483 2977 2820 3033 Tcstimonia
2859 2980 3347 3051 Martyrologorum
3374 2982 3522 3035 nulla
3551 2984 3836 3052 reperiun-

2259 3079 2366 3121 tur.
2402 3067 2600 3123 Cultus
2632 3085 2734 3123 nec
2769 3071 2923 3124 valde
2955 3073 3220 3140 antiquus
3266 3073 3410 3141 apud
3451 3073 3702 3136 Latinos,
3741 3092 3847 3128 nec

582 3163 1028 3234 interpolatione.
1059 3162 1267 3217 Horum
1309 3177 1410 3233 ego
1441 3163 1778 3218 editionibus
1812 3163 1956 3219 inter
1999 3178 2056 3219 se
2099 3174 2155 3221 et
2185 3188 2227 3244 ρ
2262 3163 2417 3216 valde
2448 3162 2683 3216 celebris
2721 3161 2824 3217 fuit
2859 3172 2986 3218 ante
3019 3164 3275 3219 saeculum
3310 3181 3418 3218 xvtt
3467 3167 3694 3234 quando
3723 3169 3850 3237 ejus

584 3272 703 3310 cum
739 3265 886 3310 textu
922 3264 1110 3310 nostro
1149 3255 1334 3311 Graeco
1364 3255 1596 3323 collatis,
1626 3271 1936 3327 quanquam
1963 3258 2156 3312 eodem

580 3349 695 3407 fere
731 3349 977 3402 recidant
1007 3347 1210 3412 omnia,
1238 3348 1402 3402 malui
1437 3358 1618 3402 tamen
1655 3365 1852 3404 novam
1887 3350 2156 3419 interpre-

581 3441 847 3496 tationem
877 3441 1076 3504 iacere,
1108 3441 1454 3495 consimilem
1490 3450 1676 3495 nostro
1711 3457 1816 3497 ms.
1848 3441 2056 3507 Graeco,
2089 3445 2156 3496 il-

584 3535 800 3601 iamque
840 3532 1001 3585 simul
1038 3533 1378 3602 imprimere,
1425 3542 1485 3587 ut
1515 3534 1700 3587 omnia
1733 3535 1902 3604 magis
1926 3537 2157 3588 authen-

585 3627 689 3680 tica
715 3627 842 3679 sint.
879 3624 1061 3680 Editio
1086 3623 1297 3696 Ughelii
1335 3627 1564 3698 propius
1589 3627 1793 3682 insistit
1832 3640 2022 3684 nostro
2052 3646 2153 3684 ms.

585 3717 769 3773 Graeco
807 3736 820 3772 :
857 3717 1194 3774 Marailmina
1227 3729 1282 3773 et
1314 3719 1583 3772 Politiana
1613 3719 1666 3774 in
1693 3721 1884 3789 paucis
1905 3721 2157 3790 aliquano

584 3811 698 3870 tum
721 3809 1071 3876 discordant;
1097 3819 1151 3864 et
1181 3810 1235 3864 in
1257 3809 1350 3864 illo
1372 3812 1670 3881 praecipue.
1695 3813 1840 3881 quod
1870 3813 2158 3880 designent

579 3903 725 3958 diem
798 3901 1049 3972 martyrii
1101 3902 1395 3972 septimum
1447 3901 1610 3968 Julii;
1666 3915 1828 3972 quem
1875 3899 2154 3973 Ughellus,

584 4005 770 4049 noster
808 4002 988 4047 textus
1020 3991 1262 4058 Graecus,
1298 3992 1498 4047 Metizea
1539 4004 1595 4048 et
1635 3994 1934 4062 Menologia
1965 3994 2152 4056 citata,

585 4087 919 4144 unanimiter
947 4094 1208 4142 asserunt
1229 4086 1483 4155 quintum
1509 4087 1659 4142 .lulii.

653 4179 690 4229 7
735 4177 1024 4233 Contelius
1069 4191 1099 4230 a
1130 4175 1334 4246 Lapide
1369 4177 1422 4229 in
1457 4178 1588 4230 Acta
1619 4179 1990 4246 apostolorum
2035 4194 2154 4246 cup.

581 4272 775 4326 ultimo
823 4270 888 4322 ad
933 4268 1023 4324 illa
1075 4270 1265 4332 verba,
1324 4267 1632 4322 Dcreuimus
1682 4267 1964 4333 Rhegium,
2007 4287 2154 4324 com-

585 4371 859 4427 mentans,
886 4363 1037 4416 varia
1089 4359 1273 4423 habet,
1311 4375 1431 4428 qum
1473 4360 1597 4420 sibi,
1630 4371 1758 4413 tunc
1794 4345 1975 4414 Romae
2007 4378 2157 4413 cntu-

587 4459 846 4518 moranti,
878 4453 1149 4509 submissa
1195 4455 1417 4509 fuerunt
1478 4470 1506 4505 a
1561 4451 1984 4521 Rhegiensibns.
2031 4453 2160 4506 viris

587 4547 819 4604 eruditis
862 4559 916 4602 et
971 4546 1248 4616 primariis
1285 4565 1295 4597 :
1333 4557 1494 4613 atque
1533 4561 1595 4599 cx
1631 4546 1848 4598 illorum
1895 4546 1997 4599 title
2047 4548 2159 4600 lucc

586 4649 819 4695 narrat:
870 4659 886 4690 ι
934 4639 1070 4693 Silet
1128 4638 1218 4691 hic
1273 4638 1438 4690 multa
1491 4635 1685 4696 Lucus,
1746 4654 1806 4690 ac
1856 4642 2154 4705 pra‘sertim

588 4731 979 4803 Rhegiensium
1012 4745 1040 4783 a
1069 4730 1241 4784 Paulo
1273 4728 1710 4792 conversionem,
1754 4746 1862 4784 uno
1905 4730 2010 4791 die,
2052 4749 2158 4799 (ιυυ

587 4825 729 4896 apud
752 4838 846 4877 eos
877 4824 1051 4887 hmsit,
1079 4823 1278 4875 iactam
1309 4839 1319 4872 :
1349 4837 1469 4890 qua:
1501 4837 1566 4875 ex
1595 4823 1848 4876 Ecclesia.
1883 4823 2158 4893 Rhegien-

581 4920 658 4972 ais
685 4915 1078 4978 monumentis,
1106 4915 1297 4967 codem
1324 4928 1439 4966 aevo
1479 4915 1696 4981 (nempe
1729 4915 1928 4967 s:eculo
1955 4917 2156 4970 Christi

588 5010 781 5080 primo)
817 5007 1005 5064 Graece
1059 5006 1407 5074 conscriptis,
1447 5021 1509 5059 ac
1560 5006 1759 5060 deinde
1815 5008 1865 5059 in
1905 5005 2158 5061 Latinum

587 5103 788 5157 idioma
839 5100 1138 5156 translatis.
1175 5110 1229 5153 et
1277 5100 1331 5153 in
1399 5099 1852 5169 archiepiscopati
1915 5102 2160 5156 archivio

589 5196 904 5259 asservatis,
931 5209 958 5247 a
988 5191 1395 5261 Rhegicnsibus
1445 5195 1578 5246 viris
1607 5195 1841 5250 eruditis
1871 5208 1924 5248 et
1964 5197 2162 5264 prima-

589 5289 686 5341 riis
725 5287 791 5340 ad
828 5301 914 5340 me
941 5283 1168 5340 Romam
1201 5284 1540 5346 transmissa,
1576 5283 1665 5337 hic
1717 5286 2096 5340 rranseribam.
2138 5306 2154 5337 ι

589 5377 930 5437 Transcribit
988 5387 1171 5430 autem
1235 5377 1307 5432 ibi
1359 5379 1488 5431 Acta
1543 5375 1731 5431 Latina
1787 5378 1842 5432 S.
1898 5378 2162 5448 Stephani

590 5471 861 5542 episoOpi,
899 5485 928 5524 a
960 5469 1130 5530 Paulo
1159 5470 1405 5538 apostolo
1435 5468 1857 5537 Rhegiensibus,
1893 5481 1947 5524 ut
1984 5471 2158 5534 aiunt.

593 5569 649 5621 in
681 5563 916 5618 transitu
939 5562 1198 5623 ordinati,
1227 5577 1344 5630 quae
1390 5563 1492 5616 alia
1532 5575 1637 5614 non
1681 5575 1807 5618 sunt
1851 5579 2013 5633 quam
2044 5581 2164 5633 qua

592 5673 691 5713 nos
722 5656 861 5711 inira
883 5655 1075 5709 damus
1103 5651 1546 5718 Caeco-Latina;
1584 5670 1685 5708 nec
1717 5667 1894 5710 tamen
1931 5655 2002 5710 ibi
2038 5667 2164 5710 sunt

595 5755 842 5818 integra;
896 5765 1016 5801 nam
1076 5746 1330 5801 desinunt
1389 5751 1441 5802 in
1493 5752 1750 5818 martyrio
1815 5750 1897 5803 his
1941 5749 2159 5804 verbis:

610 5842 815 5911 «Quod
871 5844 1014 5915 digni
1071 5844 1290 5900 fuerunt
1346 5860 1446 5915 pro
1505 5841 1720 5898 Christo
1780 5845 1946 5910 mori;
1995 5866 2006 5894 ›
2066 5860 2164 5899 nec

2263 3256 2615 3325 ampliticatio
2651 3258 2820 3327 petita
2856 3258 2958 3312 fuit
3000 3274 3028 3312 a
3065 3258 3120 3313 S.
3158 3259 3382 3312 Rituum
3415 3261 3853 3329 congregatione

2263 3348 2448 3402 Roma:
2477 3358 2532 3400 et
2555 3349 2801 3411 obtenta,
2823 3364 2922 3416 per
2944 3349 3258 3404 facultatem
3285 3351 3593 3420 exponendi
3621 3352 3856 3420 publice

2263 3440 2555 3509 imaginem
2585 3439 2785 3504 sancti,
2829 3441 3056 3511 ejusque
3082 3441 3290 3493 nomini
3332 3443 3524 3495 altaria
3557 3452 3611 3496 et
3640 3444 3857 3512 templa

2261 3532 2600 3587 dedicandi:
2637 3549 2760 3603 quae
2811 3543 3040 3586 eatenus
3101 3531 3248 3586 nulla
3302 3533 3578 3586 habuerit.
3639 3533 3858 3599 Locus,

2262 3628 2353 3683 ubi
2388 3627 2658 3698 sepultum
2685 3627 2786 3681 fuit
2810 3643 3009 3696 corpus
3036 3627 3088 3680 in
3120 3628 3450 3682 hodiernum
3477 3644 3648 3696 usque
3671 3631 3862 3694 diem.

2264 3722 2340 3774 uti
2375 3721 2569 3776 scribit
2597 3721 2893 3776 historicus
2929 3721 3257 3792 Rbegiensis
3289 3721 3498 3776 Potitus
3533 3735 3680 3775 anno
3711 3723 3857 3776 t6l7

2264 3815 2494 3880 reperiri
2523 3827 2633 3864 non
2664 3813 2862 3879 potuit.

2331 3904 2382 3957 9.
2417 3902 2496 3956 Ex
2551 3900 2656 3964 his,
2695 3901 2942 3969 inquam,
2979 3899 3219 3954 dubitari
3261 3903 3458 3970 possit,
3495 3917 3564 3955 an
3618 3901 3680 3957 S.
3718 3903 3859 3960 Ste-

2263 3995 2476 4063 phanus
2499 4008 2621 4047 cum
2650 3991 2814 4045 sociis
2839 3992 2951 4045 suis
2982 3993 3298 4061 martyrium
3329 4007 3521 4061 passus
3552 3992 3621 4048 sit
3641 3996 3863 4051 saeculo

2265 4087 2473 4153 primo;
2502 4099 2676 4152 coque
2712 4084 2903 4152 magis,
2939 4085 3084 4151 quod
3124 4084 3254 4138 totis
3292 4086 3471 4138 tribus
3508 4088 3707 4154 primis
3741 4104 3860 4143 sa:-

2261 4176 2402 4229 eulis
2445 4175 2760 4244 episcopus.
2801 4188 2913 4228 sua:
2959 4172 3200 4228 civitatis
3238 4175 3400 4238 alius,
3436 4177 3860 4248 Rhegiensibus

2265 4288 2372 4325 non
2427 4272 2498 4323 sit
2540 4280 2723 4322 notus.
2763 4267 2821 4322 Si
2874 4266 3048 4330 dicas,
3092 4280 3190 4335 per
3240 4265 3592 4322 traditionem
3649 4282 3858 4326 notum

2263 4378 2382 4415 esse
2430 4360 2485 4412 S.
2523 4359 2862 4427 Stephanum
2921 4373 3020 4425 pro
3051 4357 3250 4412 seculo
3303 4361 3519 4427 primo,
3575 4376 3858 4430 quaeram,

2265 4470 2363 4508 cur
2399 4453 2537 4508 alius
2566 4451 2858 4521 episcopus
2893 4464 2992 4519 pro
3032 4449 3226 4504 eodem
3274 4451 3476 4504 saeculo
3526 4461 3582 4504 et
3623 4451 3861 4510 duobus

2199 4524 2236 4575 θ
2268 4545 2649 4614 sequentibus,
2681 4545 2936 4600 similiter
2972 4554 3135 4602 notus
3161 4561 3271 4598 non
3306 4546 3395 4599 sit.
3438 4545 3680 4616 lnquies.
3718 4551 3862 4616 quia

2271 4639 2494 4706 antiqua
2549 4637 2790 4690 civitatis
2845 4636 3049 4704 scripta
3105 4636 3542 4700 interciderunt;
3593 4651 3866 4706 superest

2268 4744 2446 4786 autem
2482 4733 2589 4784 vita
2623 4731 2677 4785 S.
2722 4728 3009 4799 Stephani,
3046 4743 3168 4798 quae
3211 4727 3389 4796 ipsum
3423 4727 3477 4781 S.
3512 4728 3664 4782 Pauli
3721 4746 3867 4799 apo-

2269 4824 2391 4877 stoli
2418 4823 2748 4890 discipulum
2774 4821 2926 4887 facit,
2959 4820 3159 4874 Audio.
3194 4820 3300 4874 Sed
3334 4822 3423 4873 illa
3455 4820 3572 4888 ipsa
3599 4822 3714 4874 vita
3744 4839 3866 4878 non

2268 4912 2408 4982 sapit
2455 4911 2670 4981 longam
2702 4911 3108 4980 antiquitatem,
3144 4925 3245 4963 nec
3293 4919 3472 4980 potest
3511 4919 3637 4965 ante
3677 4930 3865 4969 saecu-

2269 5009 2380 5059 lutn
2417 5003 2691 5058 decimum
2732 5004 2936 5071 scripta
2969 5001 3160 5066 fuisse,
3192 5002 3236 5055 si
3266 5018 3373 5056 non
3409 5002 3502 5057 ditt
3531 5014 3677 5073 post.
3715 5005 3868 5074 Spa-

2270 5101 2346 5152 tio
2372 5109 2554 5151 autem
2588 5111 2806 5158 novem,
2845 5094 3057 5158 decem,
3086 5103 3180 5149 aut
3231 5094 3473 5164 plurium
3520 5095 3869 5152 seculorum

2273 5203 2402 5245 tunc
2437 5191 2642 5260 elapso,
2681 5187 2901 5258 quando
2949 5189 3151 5257 scripta
3203 5189 3324 5253 fuit,
3376 5197 3560 5259 potest
3609 5190 3869 5260 scriptor

2271 5285 2440 5339 multa
2474 5285 2752 5354 ignorasse
2771 5282 2838 5335 de
2857 5282 3022 5351 gestis
3049 5281 3223 5335 sancti
3253 5282 3359 5343 sui,
3380 5282 3870 5351 quemadmodum

2272 5395 2418 5433 nunc
2449 5376 2582 5431 nihil
2619 5378 2686 5430 de
2716 5376 2820 5428 illis
2853 5373 3027 5429 scitur
3069 5387 3136 5426 ex
3187 5374 3516 5442 antiquitate
3555 5382 3771 5441 praeter
3802 5375 3873 5428 .id

2271 5471 2418 5540 quod
2454 5470 2508 5524 in
2535 5470 2642 5524 vita
2681 5477 2976 5522 narrantur
3008 5484 3020 5518 :
3058 5476 3112 5520 et
3151 5465 3320 5535 magis
3356 5474 3535 5534 potest
3565 5465 3873 5534 ignorasse

2271 5572 2484 5616 certum
2518 5573 2733 5629 tempus
2755 5574 2865 5626 quo
2893 5558 3115 5622 vixerit,
3150 5557 3519 5628 martyrioque
3553 5570 3875 5611 coronatus

2273 5657 2456 5712 fuerit.
2500 5655 2556 5708 ln
2602 5653 2701 5706 hac
2739 5667 2900 5720 porro
2947 5651 3290 5721 ignoratione
3327 5660 3424 5703 aut
3453 5649 3691 5720 maligna
3747 5656 3872 5706 Ua-

2273 5749 2498 5806 ditionis
2545 5745 2685 5815 vulgi
2725 5741 2846 5799 luce
2886 5744 3128 5798 scribere
3178 5757 3378 5798 exorso
3427 5741 3601 5795 visum
3661 5743 3874 5807 fuerit,

2270 5845 2465 5913 aptiori
2507 5851 2746 5912 tempore
2797 5838 3133 5910 Stephanum
3181 5836 3377 5892 adduci
3428 5837 3708 5907 Rhegium
3746 5853 3871 5894 non
