3966 6448
215 390 312 452 313

1159 394 1335 455 VITA
1377 393 1439 455 S.
1491 393 1871 453 STEPHANI
1912 395 2007 454 ET
2047 395 2465 459 SOCIORUM.

3258 436 3264 445 ·
3353 410 3462 472 314

211 517 383 570 posse,
422 517 588 570 quam
615 519 724 572 quo
751 503 946 558 Paulus
970 505 1250 573 apostolus
1277 507 1469 562 eodem
1500 511 1777 578 appulisse
1807 516 1853 570 Α
1883 524 2010 566 runt
2045 511 2336 582 Rhegium.
2373 515 2492 570 Non
2542 514 2805 570 dicuntur
2846 517 3041 572 urbem
3076 520 3330 584 intrasse.
3362 540 3462 579 ne-

208 595 486 648 sciebatur
513 615 528 659 ;
559 607 612 648 et
659 597 914 664 prmsumi
953 608 1192 666 poterat.
1225 600 1404 669 ipsum
1442 601 1644 657 ibidem
1681 619 1782 673 pro

207 701 260 738 se
291 686 533 753 aliquem
566 689 848 755 reliquisse
872 689 1213 758 episcopum.

279 779 364 831 lo.
399 779 540 830 Tum
584 796 712 833 vero
740 782 907 847 quaeri
943 792 1120 849 potest
1150 783 1217 837 de
1248 785 1412 839 sociis
1451 797 1778 859 symmarty-

206 871 355 924 ribus
397 870 452 924 S.
488 872 774 939 Stephani,
808 871 978 926 Suera
1008 875 1288 943 episcopo.
1323 887 1377 930 et
1411 881 1740 934 mulieribus
1762 923 1776 944 .

203 968 432 1027 Agncte.
470 963 752 1016 Felicitate
780 973 835 1015 et
866 964 1157 1034 Perpetua,
1181 970 1320 1023 unde
1348 970 1468 1024 illos
1499 974 1779 1040 acceperit

201 1063 292 1106 aut
350 1064 638 1106 mutuatus
685 1054 822 1106 forte
871 1057 944 1110 sit
988 1059 1226 1126 scriptor
1261 1060 1618 1130 Vitam/Eque.
1665 1067 1779 1117 haec

200 1144 434 1196 obscura
469 1143 690 1196 aliunde
715 1157 844 1198 sunt
873 1163 884 1195 :
925 1163 1025 1200 nec
1057 1149 1213 1201 facile
1239 1150 1473 1216 capiam,
1503 1155 1779 1219 quomodo

203 1236 308 1287 illis
348 1234 589 1288 induc-tte
622 1237 902 1307 religionis
926 1238 1247 1293 ChriSIianae
1275 1241 1462 1300 initiis.
1495 1241 1605 1297 duo
1633 1245 1780 1300 Rhe-

196 1325 264 1392 gii
315 1324 527 1376 fuerint
569 1326 834 1394 episcopi,
864 1329 1085 1394 quando
1119 1331 1186 1383 de
1219 1347 1327 1383 uno
1355 1334 1471 1385 solo
1503 1350 1610 1388 non
1639 1352 1776 1390 con-

197 1426 302 1468 stat
339 1427 521 1468 certo.
559 1418 628 1469 De
665 1419 991 1473 mulieribus
1021 1436 1241 1489 quoque
1275 1426 1513 1480 certiora
1555 1427 1774 1482 deside-

198 1507 298 1556 rari
335 1517 590 1572 possunt,
625 1523 690 1560 ne
725 1508 848 1576 quis
874 1520 1102 1579 eugatur
1126 1512 1418 1580 suspicari,
1451 1516 1774 1584 Perpetuam

196 1607 358 1660 atque
386 1594 749 1660 Felicitatem,
771 1600 1013 1651 omnium
1038 1600 1150 1654 fere
1172 1602 1521 1670 antiquorum
1553 1607 1775 1661 Patrum

197 1682 418 1748 scriptis
449 1683 775 1745 celebratas.
807 1688 857 1738 in
882 1688 1061 1742 Africa
1089 1706 1210 1743 cum
1239 1694 1360 1745 aliis
1380 1695 1544 1748 sociis
1570 1709 1774 1765 marty-

198 1786 300 1838 res,
341 1774 568 1827 ineunte
600 1779 798 1831 szeculo
836 1780 994 1834 tertio
1033 1797 1241 1850 passas,
1274 1785 1542 1855 Rhegium
1579 1791 1773 1845 tradu-

197 1875 310 1917 ctas
336 1864 528 1919 fuisse.

264 1956 349 2008 ll.
389 1956 502 2024 Ego
528 1958 748 2024 quidem
783 1977 880 2029 per
915 1964 1028 2018 litet-
1068 1966 1232 2021 dubia
1277 1985 1394 2024 mea
1427 1972 1563 2025 nihil
1608 1973 1772 2029 dero-

197 2058 376 2110 gatum
429 2047 589 2099 velim
630 2050 883 2115 veritati;
916 2053 1010 2105 Sed
1056 2059 1227 2123 magis
1258 2060 1443 2125 cupio.
1480 2063 1768 2115 veritatem

195 2151 256 2186 ex
298 2135 409 2188 illis
458 2137 814 2195 illustriOrcm
860 2143 975 2196 fieri
1018 2161 1114 2212 per
1149 2158 1303 2216 aptas
1337 2151 1404 2206 ad
1439 2150 1604 2205 dubia
1651 2169 1770 2208 mea

196 2227 588 2298 Rliegiensium
621 2234 942 2290 solutiones.
971 2239 1128 2294 Aliud
1157 2257 1376 2310 quoque
1403 2244 1632 2298 dubium
1665 2247 1772 2303 huc

194 2321 458 2385 pertinet,
502 2323 591 2375 ubi
627 2326 694 2378 de
729 2329 902 2395 prima
933 2329 1326 2401 Rhegiensiuni
1370 2338 1435 2389 ad
1472 2337 1674 2392 Christi
1711 2343 1772 2394 li-

193 2406 315 2460 dem
368 2414 733 2469 Conversione
783 2434 878 2485 per
927 2419 1155 2474 Paulum
1209 2427 1539 2493 apostolum,
1590 2446 1770 2485 sermo

191 2508 292 2553 eSt.
323 2502 679 2570 Popularium
719 2523 840 2568 vox,
868 2520 925 2561 et
958 2517 1359 2578 quodammodo
1390 2517 1768 2588 Evangelium,

192 2591 256 2642 de
280 2608 391 2660 quo
420 2595 672 2650 dubitare
707 2598 856 2650 nefas
882 2601 973 2659 sit.
1004 2604 1216 2657 insonat
1239 2607 1490 2669 auribus,
1519 2611 1765 2677 Paulum,

190 2697 311 2734 cum
345 2699 374 2735 e
403 2684 556 2753 Syria
587 2688 851 2757 Rhegium
877 2696 1200 2760 appulisset,
1224 2699 1509 2755 ducendus
1539 2703 1767 2758 Romam

190 2787 216 2823 a
250 2777 581 2832 centurione
628 2790 683 2833 et
719 2785 1043 2840 custodibus
1072 2791 1187 2843 suis
1219 2789 1284 2846 ad
1322 2795 1560 2848 tribunal
1593 2795 1772 2851 Caesa-

187 2865 285 2924 ris.
338 2869 396 2920 in
440 2868 690 2939 ingressu
737 2877 887 2929 urbis
935 2879 1280 2948 Rliegiensis.
1328 2887 1558 2954 coepisse
1604 2887 1768 2942 Chri-

188 2968 332 3008 stum
372 2964 705 3016 annuntiare
743 2982 754 3016 :
795 2967 1002 3020 incolas
1040 2983 1222 3024 autem
1275 2974 1551 3030 obstinato
1581 2979 1765 3032 animo

185 3051 233 3100 ei
263 3051 617 3115 prohibuisse
647 3053 956 3111 istiusmodi
989 3073 1202 3116 annunt
1226 3065 1508 3136 ationem;
1545 3071 1762 3127 tandem

1881 602 2010 655 dum
2058 618 2268 658 moram
2318 604 2574 660 diurnam
2626 607 2700 661 ibi
2749 607 2975 675 fecisse;
3010 613 3104 664 sed
3139 615 3324 681 potius
3355 617 3463 670 iter

1881 697 2180 763 prosecuti,
2206 713 2234 749 e
2259 708 2558 766 conspectu
2594 698 2810 770 Rhegii,
2841 702 3058 758 favente
3090 717 3300 770 austro,
3337 719 3462 775 post

1885 805 2050 842 unum
2113 789 2259 844 diem
2320 793 2709 861 navigationis.
2759 807 3025 850 venerunt
3076 799 3166 852 die
3211 804 3458 856 secundo

1881 878 2158 935 Puteolos.
2206 881 2394 950 Neque
2423 884 2596 945 enim,
2630 885 2675 937 si
2711 901 2818 938 uno
2841 887 2929 940 die
2958 888 3149 957 Rhegii
3183 892 3462 945 substitis-

1880 980 2024 1034 sent,
2073 973 2380 1040 potuissent
2433 975 2522 1027 die
2586 978 2827 1030 secundo
2875 979 3131 1034 Puteolos
3187 984 3458 1051 attigisse,

1879 1065 2299 1133 quibuscunque
2331 1067 2608 1121 stantibus
2638 1071 2835 1135 ventis,
2858 1081 3077 1140 propter
3103 1074 3456 1144 longinquam

1879 1156 2122 1213 locorum
2161 1158 2496 1212 distantiam.

1953 1248 2036 1302 l5.
2071 1249 2146 1303 Ita
2181 1251 2461 1305 intellecto
2491 1253 2630 1307 sacri
2661 1254 2946 1323 scriptoris
2981 1265 3154 1314 textu.
3183 1258 3260 1310 uti
3295 1259 3456 1326 plano

1876 1339 2095 1393 videtur
2135 1341 2362 1410 intelligi
2399 1344 2599 1398 debere
2625 1383 2640 1406 ,
2679 1348 2956 1400 evanescit
2992 1349 3302 1416 prodigium
3358 1365 3457 1401 co-

1877 1431 2077 1485 lumna:
2121 1448 2444 1489 marmoreas
2494 1437 2740 1491 ardentis
2769 1437 2820 1489 in
2850 1440 3266 1492 conversionem
3307 1439 3458 1494 Rbe-

1876 1523 2168 1592 giensium,
2205 1526 2316 1578 imo
2349 1537 2401 1578 et
2450 1529 2740 1581 conversio
2780 1529 3023 1597 ipsorum
3063 1545 3160 1597 per
3196 1529 3454 1594 Paulum.

1875 1623 1929 1665 et
1965 1613 2239 1666 ordinatio
2275 1613 2537 1682 Stephani
2572 1625 2702 1668 tunc
2727 1619 2991 1684 temporis
3018 1619 3069 1670 in
3105 1620 3453 1686 episcopum.

1876 1704 2028 1767 Quod
2061 1704 2104 1755 si
2143 1704 2266 1777 quis
2290 1705 2454 1756 etiam
2488 1705 2764 1758 sustinere
2805 1704 2954 1764 velit.
2996 1703 3224 1756 Paulum
3257 1707 3455 1758 civita-

1881 1800 1986 1847 tem
2044 1794 2348 1864 ingressum
2411 1795 2599 1855 fuisse.
2649 1796 2834 1864 ibique
2880 1785 2970 1848 die
3010 1811 3118 1848 uno
3161 1796 3452 1858 mansisse,

1879 1885 2122 1938 nondum
2177 1888 2430 1940 columna
2483 1904 2790 1942 marmorea
2836 1892 3056 1942 arserit.
3086 1887 3226 1955 Quid
3267 1888 3456 1943 enim?

1876 1974 1928 2029 Si
1971 1977 2020 2027 id
2065 1975 2268 2030 factum
2307 1977 2520 2038 fuisset,
2560 1979 2755 2042 Lucas.
2811 1980 2962 2033 Pauli
3010 1985 3216 2042 socius,
3263 1982 3455 2048 utique

1873 2067 2146 2124 scivisset.
2208 2069 2264 2124 Si
2313 2072 2584 2132 scivisset.
2633 2074 2824 2139 utique
2874 2075 3211 2139 scripsisset.
3253 2071 3452 2139 Utpote

1872 2161 1966 2228 qui
2002 2163 2173 2214 multo
2207 2163 2418 2216 rninora
2454 2161 2602 2216 Pauli
2653 2173 2804 2233 gesta
2859 2163 2911 2218 in
2955 2163 3135 2218 Melita
3177 2163 3353 2217 insula
3395 2171 3452 2218 et

1872 2252 2022 2311 alibi.
2058 2264 2162 2303 tam
2201 2253 2393 2305 sedulo
2424 2254 2476 2305 in
2509 2257 2834 2309 memoriam
2873 2257 3213 2324 posteritatis
3245 2255 3453 2323 scripto

1874 2345 2238 2414 consignavir.
2274 2343 2458 2400 Utitur
2498 2346 2550 2398 in
2594 2362 2650 2399 re
2683 2345 2874 2406 simili.
2905 2348 3067 2400 simili
3106 2357 3453 2413 argumenta-

1875 2439 2022 2491 tione
2053 2435 2109 2491 S.
2137 2436 2525 2506 Hieronymus.
2565 2435 2873 2505 Legebatur
2901 2438 3076 2506 ipsius
3105 2438 3288 2492 adhuc
3315 2447 3453 2490 tem-

1873 2539 2004 2595 pore
2036 2527 2177 2580 liber
2214 2528 2278 2581 de
2315 2529 2484 2597 gestis
2514 2529 2664 2583 Pauli
2699 2539 2752 2582 et
2779 2527 3017 2592 Thecla,
3059 2531 3112 2583 in
3147 2545 3257 2598 quo
3298 2531 3449 2584 etde

1873 2617 2145 2684 baptizato
2176 2619 2334 2670 leone
2363 2621 2710 2672 narrabatur.
2737 2620 2892 2684 Quod
2936 2621 3275 2676 refutaturus
3306 2623 3445 2691 ipse.

1868 2709 1949 2762 sic
1981 2710 2057 2762 ait
2096 2727 2106 2760 :
2147 2729 2165 2760 ι
2203 2710 2372 2779 Igitur
2407 2712 2693 2778 ΙΙεριόδῡυς
2749 2713 2898 2765 Pauli
2929 2722 2984 2767 et
3008 2713 3240 2771 Tlieclae.
3277 2714 3331 2765 ei
3361 2723 3448 2766 to-

1871 2810 1979 2855 tam
2032 2801 2288 2870 baptizati
2347 2804 2526 2858 leonis
2583 2804 2847 2868 fabulam,
2911 2805 3054 2859 inter
3098 2807 3446 2876 apocrypha:

1869 2898 2168 2964 scripturas
2200 2909 2600 2966 computamus.
2630 2899 2798 2966 Quale
2832 2901 2978 2955 enim
3016 2910 3120 2961 est.
3149 2911 3209 2954 ut
3240 2900 3444 2956 indivi-

1868 2987 2010 3044 duus
2034 3004 2220 3042 comes
2255 2991 2500 3057 Apustoli
2538 2995 2732 3054 Lucas.
2764 2995 2906 3049 inter
2933 3001 3160 3048 eieteras
3188 2997 3308 3064 ejus
3336 3010 3444 3058 res,

1869 3079 1973 3134 hoc
1998 3080 2174 3133 solum
2206 3081 2581 3150 ignoraverit?
2625 3105 2644 3136 δ
2681 3087 2947 3140 Similiter
2981 3089 3258 3154 quomodo
3296 3087 3446 3140 idem

189 3148 394 3253 tamen,
431 3142 761 3210 deprecante
793 3149 980 3214 Paulo,
1017 3165 1075 3208 ut
1108 3171 1165 3209 se
1204 3157 1475 3213 dicentem
1510 3163 1764 3220 audirent
1791 3198 1833 3253 ο
1870 3176 2223 3244 ignoraveril,
2275 3192 2563 3231 accensam
2612 3193 2640 3231 a
2689 3195 2854 3248 parva
2893 3179 3202 3236 candelula.
3243 3179 3444 3248 prﬁdi-

187 3233 404 3283 tantillo
432 3243 700 3303 tempore,
732 3254 840 3306 quo
864 3245 1148 3308 parvulum
1174 3249 1417 3302 candela:
1444 3251 1758 3321 frustulum,

184 3326 329 3391 quod
361 3342 525 3380 manu
555 3331 777 3385 tenebat
811 3349 1125 3401 accensum,
1159 3339 1530 3410 deﬂagrasset,
1565 3346 1616 3399 id
1645 3363 1763 3415 per-

186 3419 420 3472 misisse.
493 3421 630 3474 Tnm
695 3440 825 3478 vero
897 3429 1127 3484 Paulum
1196 3437 1438 3490 candelae
1521 3441 1762 3497 ardentis

183 3507 479 3560 frustulum
507 3511 834 3578 imposuisse
864 3517 1186 3585 columellae,
1220 3539 1339 3590 qua
1361 3526 1498 3582 forte
1524 3535 1755 3595 astabat,

182 3617 544 3667 marmoream
581 3616 636 3658 et
685 3605 823 3662 hanc
868 3612 1202 3681 columnam,
1237 3632 1558 3689 consumpta
1606 3624 1758 3677 brevi

182 3691 470 3746 caudelula
538 3693 809 3754 ﬂammam
854 3707 1173 3773 concepisse
1231 3717 1286 3762 et
1329 3713 1636 3778 perrexisse
1671 3731 1761 3768 ar-

181 3782 336 3837 dere.
371 3784 494 3850 Quo
527 3788 643 3857 viso
674 3792 945 3863 prodigio,
985 3797 1192 3852 incolas
1219 3799 1380 3856 fidem
1411 3802 1614 3860 Christi
1643 3823 1760 3860 am-

179 3877 431 3944 plexatos
460 3877 651 3934 fuisse.

254 3968 342 4020 12.
383 3967 499 4023 Hoc
536 3971 760 4038 factum,
794 3991 901 4031 non
935 3989 1143 4034 tantum
1175 3984 1319 4054 vulgi
1350 4001 1628 4052 sermone.
1660 3989 1756 4045 sed

178 4058 348 4114 etiam
392 4062 601 4132 scripto
635 4067 950 4125 celebratur
984 4091 1012 4128 a
1041 4075 1217 4131 Marco
1242 4078 1480 4134 Antonio
1513 4081 1672 4136 Politi
1701 4083 1756 4138 in

177 4148 458 4207 Chronico
493 4153 784 4226 Rhegiensi
834 4177 955 4229 pag.
988 4164 1077 4229 80,
1134 4167 1229 4220 sed
1275 4169 1458 4223 obiter
1513 4179 1754 4226 tantum.

1866 3277 2026 3320 caute
2066 3268 2254 3336 Rhegii
2304 3269 2492 3333 Paulo.
2531 3271 2838 3324 columnam
2876 3287 3237 3325 marmoream
3272 3273 3444 3326 arsis-

1867 3358 1967 3410 se?
1996 3376 2014 3408 ι
2055 3359 2219 3412 Addit
2249 3359 2617 3430 Hieronymus
2646 3377 2710 3414 ex
2745 3361 3107 3425 Tertulliano,
3147 3381 3164 3412 ι
3209 3362 3444 3433 Presby-

1868 3459 2044 3503 terum
2070 3450 2360 3518 quemdam
2392 3452 2444 3503 in
2477 3452 2604 3505 Asia
2637 3453 2982 3520 σπουδαστήν
3005 3453 3235 3521 apostoli
3267 3454 3440 3518 Pauli,

1866 3537 2178 3591 convictum
2208 3553 2328 3592 esse
2359 3538 2502 3608 apud
2531 3539 2821 3605 Joannem,
2857 3541 3003 3610 quod
3046 3552 3241 3595 auctor
3295 3553 3442 3598 esset

1864 3627 2011 3691 libri,
2043 3642 2098 3682 et
2130 3630 2466 3689 confessum.
2490 3646 2549 3685 se
2579 3633 2681 3685 hoc
2714 3633 2865 3686 Pauli
2901 3648 3089 3686 amore
3122 3633 3316 3688 fecisse
3341 3651 3357 3691 ξ
3384 3642 3442 3686 et

1862 3720 1933 3772 ob
1960 3720 2010 3772 id
2042 3720 2108 3774 de
2138 3723 2258 3775 loco
2284 3722 2576 3776 excidisse.
2613 3741 2631 3772 ι
2666 3724 2832 3791 Digna
2867 3725 3152 3776 lictoribus
3188 3726 3240 3776 in
3275 3724 3442 3777 rebus

1862 3813 2034 3867 sacris
2060 3827 2126 3867 ac
2156 3815 2316 3868 seriis
2341 3830 2520 3882 paana.
2545 3815 2662 3870 sive
2695 3814 2952 3868 finxerint
2973 3829 3160 3869 amore
3191 3831 3441 3884 persona

1861 3903 2108 3970 privatae,
2134 3903 2249 3956 sive
2276 3918 2460 3956 amore
2483 3904 2694 3971 patriae,
2720 3912 2778 3956 ut
2802 3919 2887 3956 res
2917 3906 3038 3972 ejus
3072 3916 3250 3973 gestas
3273 3921 3440 3974 quam

1860 3995 2128 4049 altissime
2157 4004 2430 4063 repetant.
2461 4006 2558 4050 aut
2583 3997 3006 4051 conversionem
3036 3997 3156 4068 ejus
3185 3997 3251 4051 ad
3279 3996 3441 4052 Chri-

1859 4088 1928 4141 sti
1969 4086 2130 4142 fidem
2168 4091 2234 4141 ab
2265 4089 2532 4156 apostolis
2563 4088 2862 4142 deducant.

1931 4181 2018 4234 N.
2051 4179 2421 4234 Procedainus
2455 4194 2643 4248 porro.
2685 4179 2805 4234 Non
2843 4189 3055 4235 tantum
3095 4181 3250 4236 Pauli
3300 4190 3442 4235 tem-

177 4241 426 4340 Primum
462 4247 596 4340 mibi
644 4250 699 4302 in
734 4251 818 4304 his
853 4254 1079 4309 dubium
1126 4265 1233 4319 est.
1281 4271 1466 4314 utrum
1521 4260 1752 4318 Paulum
1856 4284 1989 4338 pore
2037 4269 2282 4337 ignotum
2337 4241 2806 4340 fuit-prodigium
2854 4271 3102 4326 ardentis
3146 4273 3438 4336 columna,

179 4332 376 4405 Bbegii
418 4338 682 4394 miracula
715 4340 928 4408 fecerit.
964 4355 1057 4401 aut
1093 4349 1307 4421 aliquos
1336 4352 1402 4405 ad
1429 4353 1591 4407 tidem
1621 4371 1752 4408 con-

178 4429 434 4488 verterit.
473 4431 581 4484 imo
628 4449 695 4487 an
729 4434 883 4491 istam
919 4440 1111 4495 urbem
1150 4459 1216 4497 ex
1262 4445 1607 4514 navigatione
1661 4448 1751 4504 illa

1853 4375 2046 4414 verum
2087 4361 2253 4415 etiam
2294 4360 2443 4414 mille
2485 4361 2648 4416 annis
2688 4371 2832 4431 post,
2864 4377 3040 4432 usque
3085 4365 3151 4416 ad
3199 4375 3434 4433 tempus.

1855 4470 1964 4522 quo
2021 4453 2281 4520 primaria
2336 4453 2394 4506 S.
2450 4453 2712 4523 Stephani
2773 4455 2915 4519 vita,
2981 4471 3145 4525 quam
3212 4453 3434 4511 Graeco-

178 4523 490 4617 intraverit.
525 4523 726 4579 Scribit
756 4529 948 4594 Lucas,
980 4547 1163 4588 cernes
1201 4534 1254 4590 S.
1303 4537 1454 4592 Pauli
1494 4539 1550 4594 in
1598 4541 1752 4594 navi-
1787 4547 1834 4605 D
1863 4545 2110 4598 Latinam
2143 4545 2361 4607 damus,
2395 4548 2705 4612 conscripta
2745 4546 2867 4598 fuit.
2911 4523 3040 4616 Ejus
3083 4549 3287 4617 quippe
3343 4564 3439 4602 au-

175 4615 398 4683 gatione
451 4615 976 4688 Syriaco-Romano.
1031 4641 1152 4695 quae
1195 4629 1366 4693 vidit;
1411 4640 1464 4684 et
1500 4643 1752 4690 acetiratc

174 4717 332 4760 notat
360 4724 569 4762 moram
621 4727 783 4780 quam
813 4715 865 4768 in
894 4718 1208 4774 civitatibus
1241 4721 1420 4777 obviis
1446 4733 1749 4789 traxerunt,

173 4799 267 4854 Sic
301 4799 514 4865 Melitae,
544 4802 637 4864 ait,
671 4803 991 4864 hibernasse
1023 4813 1254 4878 Paulum
1293 4824 1402 4870 tres
1430 4834 1666 4882 menses,
1697 4828 1752 4873 et

171 4906 298 4958 qua:
335 4891 540 4948 ibidem
577 4895 785 4950 interea
817 4898 945 4952 fecit
983 4902 1244 4956 miracula
1272 4916 1326 4958 et
1362 4909 1753 4965 conversiones

167 4984 487 5058 gentilium,
545 4987 826 5046 describit.
888 4992 1174 5064 Syracusis
1243 4998 1427 5052 triduo
1484 5001 1748 5054 substite-

169 5092 343 5146 runt;
394 5082 643 5136 Puteolis
703 5093 890 5153 rogatu
953 5085 1184 5141 fratrum
1247 5101 1568 5145 manserunt
1632 5093 1751 5147 dies

164 5190 402 5246 septem.
445 5177 519 5230 De
542 5176 750 5246 Rlicgio
779 5187 958 5231 autem
989 5179 1126 5233 nihil
1158 5182 1336 5236 simile
1367 5185 1620 5240 meminit
1643 5185 1749 5238 Lu-

161 5286 239 5320 cae
277 5278 479 5322 textus.
526 5267 604 5321 En
643 5271 828 5330 verba,
860 5274 1120 5324 Actorum
1166 5287 1286 5341 cap.
1320 5275 1399 5326 ult
1436 5293 1448 5328 :
1479 5294 1495 5325 ‹
1533 5276 1746 5330 Etcum

161 5362 513 5415 venissemus
551 5361 904 5431 Syracusam,
941 5365 1244 5418 mansimus
1278 5366 1350 5419 ibi
1387 5368 1589 5422 triduo.
1619 5369 1748 5423 lude

158 5455 651 5522 cireumlegentcs,
681 5454 1006 5509 devenimus
1035 5456 1324 5524 Rhegium,
1348 5468 1402 5512 et
1423 5469 1544 5528 post
1578 5477 1744 5514 unum

155 5561 334 5605 uacui.
365 5556 545 5600 stante
583 5556 814 5610 austro;
857 5547 1100 5601 secundo
1143 5548 1230 5603 die
1261 5551 1513 5604 venimus
1555 5553 1748 5606 Puteo-

151 5643 261 5700 los.
304 5639 394 5691 ubi
445 5637 691 5693 inventis
743 5637 1025 5702 fratribus,
1071 5640 1242 5708 rogati
1291 5657 1480 5695 sumus
1528 5661 1746 5698 manere

151 5735 302 5814 apud
337 5749 452 5794 eos.
493 5733 618 5787 dies
645 5741 860 5800 septem
894 5747 906 5782 :
947 5742 1001 5786 et
1031 5732 1110 5787 sic
1148 5735 1399 5789 venimus
1433 5737 1678 5791 Romam.
1722 5757 1738 5789 ι

151 5829 325 5898 igitur
353 5827 557 5883 l’aulus
594 5835 650 5880 et
676 5825 877 5892 Lucas,
917 5826 1233 5897 navigantes
1271 5828 1536 5894 Syracusa
1573 5847 1742 5889 vcne-

1863 4645 2003 4699 ctor,
2031 4637 2287 4706 quamvis
2312 4635 2537 4690 Paulum
2569 4636 2788 4692 inducat
2827 4637 3131 4706 Rhegium:
3160 4638 3346 4705 ibique
3374 4637 3438 4691 fi-

1861 4730 1986 4783 dem
2029 4730 2408 4790 anuuntiasse.
2449 4731 2650 4783 inultos
2687 4729 3017 4798 baptizasse,
3059 4739 3224 4799 atque
3267 4729 3436 4783 etiam

1862 4823 2213 4892 presbyteros
2250 4831 2304 4876 et
2335 4822 2624 4890 episcopos
2662 4822 2946 4876 ordinasse
2979 4822 3149 4884 dicat,
3187 4823 3436 4892 adeoque

1862 4915 2055 4968 innuat
2088 4915 2392 4982 longiorem
2430 4929 2637 4967 moram
2683 4914 2887 4968 ibidem
2930 4919 3206 4977 traxisse;
3252 4923 3435 4970 tamen

1859 5020 1962 5058 suo
1994 5015 2239 5074 tempore
2271 5006 2510 5057 nondum
2547 5005 2729 5062 scivit.
2763 5004 2907 5072 quod
2938 5005 3128 5058 incolat
3154 5006 3436 5076 Rhegion-

1861 5112 1948 5150 ses
1981 5097 2137 5148 initio
2171 5096 2526 5164 pertinaciter
2561 5095 2949 5164 prohibuerint
2983 5095 3148 5148 Paulo
3172 5098 3423 5164 pra-dica-

1860 5205 1918 5242 re
1971 5188 2153 5250 fidem,
2209 5187 2408 5241 deinde
2460 5203 2592 5239 vero
2642 5203 2740 5255 per
2799 5187 3108 5256 prodigium
3164 5189 3436 5243 columna

1861 5296 2181 5334 marmorea:
2209 5281 2454 5334 ardentis
2497 5280 2748 5333 conversi
2781 5279 2848 5332 ab
2873 5280 2992 5346 ipso
3024 5279 3252 5334 fuerint.
3288 5279 3432 5344 Quin

1863 5373 1971 5426 imo
2006 5372 2139 5425 satis
2178 5371 2422 5424 declarat
2455 5381 2648 5424 auctor
2681 5371 2823 5434 vitae,
2856 5370 3194 5439 Rhegienses
3219 5370 3295 5424 ab
3328 5370 3434 5424 iiii-

1861 5464 1956 5524 tio,
1994 5463 2202 5531 absque
2246 5462 2356 5515 ullo
2399 5461 2662 5529 singulari
2705 5461 2991 5521 miraculo.
3039 5459 3266 5514 Paulum
3299 5476 3434 5514 con-

1857 5555 2167 5608 cionantem
2194 5566 2397 5622 pronos
2425 5553 2762 5606 auscultasse
2796 5569 2809 5605 :
2844 5562 2897 5604 et
2923 5551 3088 5606 sicuti
3123 5562 3266 5604 terra
3291 5551 3431 5606 bona

1857 5655 2175 5713 susceptum
2207 5657 2393 5697 semen
2429 5642 2757 5711 multiplicat
2796 5642 3134 5710 centuplum.
3187 5641 3257 5694 ita
3308 5643 3431 5697 illos

1856 5736 2163 5805 suscepisse
2209 5733 2437 5788 verbum
2476 5734 2570 5789 Dei
2609 5750 2674 5788 ex
2703 5750 2799 5788 ore
2832 5734 3012 5788 Pauli.
3050 5732 3220 5787 Debet
3263 5734 3431 5802 igitur

1857 5831 2040 5886 fabula
2073 5831 2172 5886 ista
2203 5828 2440 5896 primum
2475 5839 2603 5884 nata
2627 5827 2793 5883 fuisse
2823 5827 2877 5883 in
2914 5826 3122 5896 vulgus,
3148 5835 3267 5896 post
3297 5836 3422 5882 κιε-
