3966 6434
529 365 639 426 315

1866 375 2144 434 MENSIS
2176 375 2470 434 JULIUS.

3677 375 3775 438 3l6

528 486 640 530 tem
673 477 806 532 dicti
838 480 1127 548 seriptoris
1160 493 1214 535 et
1247 485 1388 540 forte
1425 487 1518 541 diu
1552 499 1692 558 post,
1726 507 1792 543 ex
1822 493 1982 545 otiosi
2011 493 2108 544 ali«
2137 494 2182 550 Α
2213 489 2465 557 discipuli
2498 500 2591 542 aut
2627 489 2832 543 Christi
2865 489 3104 552 Domini,
3138 501 3233 543 aut
3261 501 3579 544 sanctorum
3609 491 3774 554 Petri,

529 572 687 638 cujus
741 573 994 637 cerebro,
1045 590 1163 643 qua“:
1208 593 1335 631 mox
1390 582 1549 650 vulgo
1599 583 1884 651 placuerit,
1939 597 2101 655 atque

527 664 690 716 etiam
733 679 764 716 a
801 667 1058 732 praedicto
1094 669 1518 742 chronographo
1558 677 1880 753 Rhegiensi,
1919 681 2102 734 Marco

527 753 766 806 Antonio
799 755 981 818 Politi,
1027 770 1246 827 recepta
1296 763 1478 819 fuerit.
1539 767 1917 838 Scriptoribus
1955 774 2101 835 aliis,

528 843 830 900 Maraliotio
864 849 916 900 in
953 849 1228 906 Chronico
1257 855 1544 920 Calabriae,
1583 873 1748 932 atque
1793 865 2019 934 Ughello
2049 867 2102 920 in

527 934 799 1004 episcopis
844 939 1285 1009 Rhegiensibus;
1326 948 1452 1001 item
1487 952 1656 1006 Paulo
1713 955 1990 1010 Gualterio
2048 959 2100 1011 in

526 1023 790 1080 Calabria:
833 1028 1068 1094 Sanctis,
1102 1043 1155 1088 et
1199 1037 1319 1091 Vita
1349 1039 1402 1092 S.
1434 1040 1718 1110 Stephani,
1753 1048 1845 1114 qui
1889 1058 2014 1100 ante
2051 1058 2106 1101 et

529 1126 652 1184 post
721 1120 978 1181 Politum.
1045 1142 1142 1180 sua
1191 1129 1522 1197 ediderunt,
1581 1153 1690 1189 non
1754 1141 1902 1193 ausis
1965 1158 2104 1210 pra:-

529 1209 663 1263 dicti
724 1214 982 1281 prodigii,
1033 1233 1095 1271 ac
1130 1221 1250 1275 talis
1299 1227 1675 1282 conversionis
1712 1231 2101 1302 Rhegiensium

529 1300 593 1352 ad
648 1300 807 1356 fidem
851 1304 1082 1371 Christi,
1138 1313 1219 1363 vel
1257 1313 1424 1367 verbo
1472 1319 1800 1380 meminisse.
1837 1300 1980 1393 quod
2028 1329 2104 1382 fa-

529 1407 693 1445 ctam.

604 1484 686 1536 15.
723 1484 1010 1555 Superest,
1050 1503 1110 1545 ut
1141 1493 1208 1548 de
1244 1507 1402 1553 aJtate
1436 1501 1489 1554 S.
1525 1502 1788 1573 Stephani
1836 1520 1891 1562 et
1929 1517 2106 1569 socio-

531 1588 649 1626 rum
697 1579 815 1647 ejus
845 1594 1169 1653 martyrum,
1203 1591 1428 1645 verbum
1465 1596 1750 1653 addamus.
1795 1603 1937 1658 Satis
1971 1624 2103 1662 con-

532 1673 678 1718 stare
753 1682 933 1736 potest
986 1692 1052 1728 cx
1114 1679 1382 1734 hactenus
1452 1686 1774 1755 disputatis,
1843 1695 2019 1760 ipsmn
2076 1715 2104 1752 a

531 1758 588 1812 S.
618 1761 786 1814 Paulo
815 1781 844 1816 e
879 1770 1229 1838 navigatione
1257 1773 1758 1842 Syriaco-Romana
1789 1788 2104 1856 episc0pum

533 1845 728 1919 Rhegii
779 1860 1140 1914 constitutum
1193 1881 1302 1918 non
1349 1861 1518 1924 fttisse
1551 1891 1562 1925 :
1593 1875 1644 1926 id
1689 1877 1908 1932 interim
1955 1845 2107 1939 aiunt

540 1941 898 2009 lihegienses.
933 1961 1097 2018 atque
1131 1954 1269 2008 adeo
1311 1972 1372 2010 ex
1424 1960 1642 2014 illorum
1677 1968 1936 2033 opinione
1977 1989 2108 2027 con-

536 2034 764 2090 stitutus
796 2039 900 2093 fuit
930 2057 1077 2097 anno
1109 2044 1312 2101 Christi
1343 2051 1409 2102 56
1441 2069 1551 2119 quo
1581 2056 1700 2109 illac
1733 2064 1945 2115 transiit
1977 2066 2110 2121 Pau-

537 2123 642 2176 lus.
672 2126 745 2178 lie
784 2143 926 2180 anno
954 2142 1137 2185 autem
1176 2135 1541 2194 determinato
1566 2151 1804 2218 martyrii
1840 2153 2108 2210 nihildum

538 2215 680 2280 apud
727 2217 874 2284 ipsos
929 2221 1053 2288 legi.
1115 2224 1403 2282 Ferrarius
1453 2235 1666 2301 scribit,
1714 2256 1930 2307 passum
1990 2264 2110 2303 esse

538 2303 878 2373 Stephanum
909 2314 1011 2366 sub
1035 2315 1254 2371 Nerone
1282 2338 1294 2371 :
1327 2324 1471 2388 quod
1511 2338 1684 2379 certat
1709 2303 1829 2382 cum
1855 2335 2026 2401 Actis,
2059 2342 2110 2393 in

536 2397 742 2463 quibus
771 2399 993 2469 legitur,
1028 2406 1207 2474 ipsum
1249 2413 1529 2477 priefuisse
1575 2419 1896 2489 episcopum
1939 2397 2113 2485 annos

536 2488 729 2543 decem
785 2503 841 2545 et
899 2506 1130 2564 septem.
1168 2501 1242 2552 Ex
1275 2518 1386 2571 quo
1433 2511 1809 2577 consequitur,
1849 2523 2112 2592 martyrio

536 2579 860 2638 defunctum
887 2603 1006 2642 esse
1041 2607 1189 2645 anno
1221 2594 1310 2656 75,
1351 2599 1494 2664 quod
1519 2617 1674 2670 aeque
1712 2610 1968 2666 sustineri
1996 2579 2109 2671 non

538 2682 739 2738 potest.
764 2675 900 2738 Quia
935 2681 1130 2744 scitur,
1167 2699 1268 2736 nec
1299 2686 1389 2738 illo
1421 2704 1584 2752 anno,
1617 2709 1715 2747 nec
1742 2699 1945 2768 aliquot
1975 2721 2111 2772 pra:-

536 2764 886 2832 cedentibus,
920 2785 1022 2824 nec
1072 2773 1282 2842 aliquot
1319 2781 1808 2853 subsequentibus,
1831 2764 2113 2861 ipers-ecu-

536 2855 744 2910 tionem
806 2863 970 2915 ullam
1030 2865 1203 2923 fuisse
1254 2883 1456 2927 motam
1508 2887 1699 2934 contra
1747 2883 2107 2946 Christianos.

534 2944 904 3010 Quamobrem
940 2955 1086 3009 aliud
1115 2968 1329 3028 tempus
1350 2970 1704 3033 quaerendum
1730 2984 1833 3039 est,
1854 2993 1962 3045 quo
1993 2944 2110 3048 epi;

533 3052 735 3107 acopus
765 3042 964 3108 factus,
987 3064 1208 3120 quoque
1238 3059 1558 3126 martyrium
1585 3078 1778 3128 passus
1808 3042 1886 3120 sit
1908 3070 1961 3124 S.
1993 3042 2110 3127 Ste-

2135 1827 2182 1884 B

2210 583 2358 636 Pauli
2390 592 2483 634 aut
2505 581 2824 643 Clementis,
2850 591 2982 642 etc.,
3015 581 3274 648 quodque
3304 583 3555 634 venerint
3584 583 3776 650 praedi-

2208 688 2330 724 care
2368 671 2718 738 Evangelium
2753 669 2805 720 in
2840 682 3017 723 vastas
3049 669 3211 722 hasce
3240 670 3553 737 provincias
3581 673 3779 726 saeculo

2210 764 2385 830 primo
2433 763 2862 826 Christianismi,
2919 761 2971 814 S.
3026 761 3284 815 Ursinum
3327 763 3776 826 Bituricensium,

2211 855 2267 906 S.
2303 857 2750 908 Austremonium
2795 857 3194 917 Arvernorum,
3233 855 3287 908 S.
3329 855 3629 908 Martialem
3677 857 3778 909 Le—

2213 946 2631 1006 movicensium,
2692 945 2747 998 S.
2779 999 2787 1006 ,
2820 945 3151 998 Frontonem
3222 945 3778 1006 Petrocoriccnsium,

2211 1033 2265 1086 S.
2299 1034 2658 1100 Eutrophium
2687 1034 3136 1099 Santonensium,
3177 1055 3194 1086 ›
3238 1044 3292 1087 et
3327 1049 3464 1103 quos
3498 1049 3663 1102 porro
3695 1051 3782 1088 re-

2211 1132 2396 1175 censet
2425 1139 2617 1191 magno
2645 1139 2874 1176 numero
2905 1124 3040 1177 alios
3077 1141 3088 1174 :
3129 1143 3146 1174 ‹
3181 1139 3320 1192 quos
3353 1126 3549 1191 inquit,
3576 1123 3785 1177 doctis-

2212 1213 2334 1264 simi
2399 1211 2522 1276 viri,
2584 1213 2780 1274 Faber,
2841 1213 3168 1282 Bosquetus,
3219 1213 3527 1282 Launoyus,
3598 1216 3786 1267 Patres

2213 1302 2544 1357 Sirmundus
2577 1316 2630 1358 et
2663 1306 2938 1368 Petavius,
2973 1306 3174 1374 aliique
3203 1307 3410 1374 plures,
3446 1316 3786 1360 censuerunt

2211 1410 2316 1448 non
2378 1397 2594 1450 venisse
2659 1398 2762 1450 nisi
2818 1399 3018 1451 smculo
3052 1400 3212 1452 tertio
3259 1413 3354 1452 aut
3389 1412 3608 1468 quarto.
3644 1419 3659 1450 ι
3711 1398 3785 1452 De

2210 1488 2492 1540 nonnullis
2526 1498 2840 1541 sanctorum
2873 1488 3088 1541 illorum
3119 1497 3174 1541 et
3204 1505 3303 1543 nos
3331 1492 3690 1543 tractavimus
3731 1490 3785 1542 in

2210 1579 2359 1633 Actis
2415 1582 2640 1640 nostris.
2694 1591 2747 1634 et
2797 1581 2910 1635 fere
2969 1583 3348 1635 consentimus
3409 1598 3532 1634 cum
3601 1584 3790 1637 citatis

2211 1671 2554 1726 auctoribus.

2283 1785 2368 1839 17.
2405 1785 2460 1838 lu
2503 1785 2687 1840 Sicilia
2730 1804 2948 1856 quoque
2994 1788 3342 1857 Syracusani,
3394 1791 3487 1857 qui
3535 1801 3791 1842 sanctum

2213 1892 2370 1928 suum
2413 1877 2770 1942 Marcianum,
2799 1882 3036 1948 primum
3071 1882 3308 1935 civitatis
3331 1883 3654 1949 episcopum
3687 1897 3792 1934 no-

2215 1967 2442 2029 minant,
2479 1971 2951 2039 contenduntqne,
2987 1973 3275 2027 Antiochia
3308 1975 3410 2026 sibi
3461 1991 3488 2028 a
3536 1975 3591 2028 S.
3629 1974 3793 2029 Petro

2213 2059 2458 2125 apostolo
2487 2061 2818 2116 submissum
2859 2063 3046 2129 fuisse,
3069 2065 3435 2118 ostenduntur
3460 2066 3525 2118 ad
3550 2068 3696 2121 diem
3729 2067 3795 2125 Η

2211 2149 2356 2202 Junii
2396 2153 2589 2211 nostri.
2625 2153 2932 2217 aberrasse,
2966 2157 3254 2226 ipsumque
3296 2168 3572 2221 sanctum,
3618 2161 3794 2229 impe-

2215 2243 2467 2295 rantibus
2494 2245 2785 2300 Valeriano
2813 2256 2866 2299 et
2895 2247 3164 2311 Gallieno,
3199 2251 3397 2302 saeculo
3421 2251 3603 2313 tertio,
3642 2267 3794 2304 mar-

2217 2334 2415 2400 tyrium
2448 2335 2796 2390 sustinuisse.
2828 2337 3016 2391 Umbri
3047 2341 3322 2402 similiter,
3354 2351 3412 2394 ut
3439 2358 3615 2410 nuper
3651 2344 3798 2396 dixi-

2216 2441 2358 2489 tnus,
2410 2427 2462 2478 in
2523 2438 2759 2481 tractatu
2813 2431 3168 2498 prmlitninari
3221 2433 3284 2485 ad
3334 2443 3540 2489 tomum
3581 2435 3597 2486 l
3637 2437 3794 2502 Julii,

2215 2519 2470 2573 affectant
2507 2523 2889 2590 antiquitatem
2929 2525 3227 2592 primorum
3260 2525 3467 2592 aliquot
3502 2528 3799 2596 episcopo-

2216 2625 2332 2662 rum
2361 2626 2606 2675 suorum,
2634 2628 2772 2681 quos
2797 2615 2948 2666 aiunt
2977 2631 3004 2667 a
3031 2614 3084 2667 S.
3117 2616 3278 2670 Petro
3305 2618 3551 2685 apostolo
3577 2633 3606 2670 e
3637 2618 3798 2687 Syria

2216 2700 2281 2752 ad
2316 2717 2372 2754 se
2407 2703 2600 2756 missos
2639 2705 2840 2769 fuisse;
2880 2707 2973 2773 qui
3011 2721 3116 2759 non
3149 2708 3252 2761 nisi
3282 2710 3624 2777 temporibus
3668 2712 3800 2767 Dio-

2217 2789 2435 2841 cletiani
2489 2800 2541 2842 et
2578 2791 2888 2846 Maximiani
2937 2797 3194 2849 vixerunt
3239 2814 3301 2850 ac
3349 2812 3618 2868 martyres
3667 2802 3797 2854 facti

2215 2888 2361 2934 sunt.
2394 2881 2538 2935 Nihil
2568 2884 2760 2938 attinet
2805 2885 2960 2955 plura
3014 2903 3312 2958 congerere
3357 2891 3624 2958 exempla.
3687 2893 3799 2946 Res

2215 2973 2448 3027 eruditis
2504 2976 2790 3030 notissima
2851 2988 2952 3032 est.
3022 2980 3093 3033 De
3150 2981 3204 3034 S.
3262 2981 3562 3050 Stephano,
3613 2984 3800 3051 primo

2217 3061 2606 3130 Rhegiensium
2638 3067 2917 3133 episcopo,
2949 3068 3056 3136 jam
3083 3070 3386 3122 ostendisse
3416 3072 3544 3123 mihi
3576 3071 3796 3135 videor,

536 3126 776 3193 phanus.
813 3134 947 3188 lllud
982 3150 1165 3194 autem
1211 3145 1461 3203 invenire
1496 3126 1603 3205 non
1632 3155 1738 3209 erit
1766 3158 1961 3216 facile:
1987 3179 2110 3221 cum
2141 3156 2182 3213 C
2219 3151 2397 3221 ipsum
2433 3171 2533 3208 nec
2560 3156 2760 3211 33301110
2786 3158 2983 3225 ρτὶηιο,
3017 3173 3116 3213 nec
3161 3175 3191 3213 ³
3227 3161 3281 3214 S-
3320 3161 3489 3215 Ρίιυιο
3515 3164 3797 3230 θροδιοίοο

538 3218 799 3287 Ughcllus
831 3225 998 3295 dicat,
1038 3249 1056 3281 ‹
1086 3242 1209 3301 post
1245 3235 1587 3308 Stephanum
1637 3263 1813 3319 usque
1861 3255 1927 3307 ad

541 3315 768 3408 stantini
817 3318 992 3388 Magni
1029 3333 1266 3394 tempus,
1308 3334 1615 3402 episcopos,
1649 3315 1742 3408 qui
1787 3343 1842 3395 in
1894 3347 2114 3404 civitate

542 3400 840 3505 Fibegiensi
863 3410 1189 3482 ﬂoruerunt,
1217 3400 1536 3480 desiderari.
1561 3447 1579 3479 ι
1611 3400 1759 3502 Rogo
1784 3434 1951 3505 igitur
1976 3400 2116 3497 Illic:

537 3497 777 3563 gienses,
813 3511 871 3554 ut
901 3505 1004 3573 ipsi
1042 3524 1179 3565 nova
1217 3528 1348 3567 cura
1398 3517 1451 3569 in
1492 3535 1606 3573 rem
1656 3524 1802 3579 illam
1851 3536 2111 3600 tanquam

535 3604 714 3653 suam,
746 3595 975 3661 propius
1003 3599 1306 3668 inquirant.

610 3679 697 3732 16.
741 3683 913 3739 Nobis
962 3690 1184 3758 quidem
1241 3701 1587 3764 experientia
1629 3697 1861 3776 constat,
1911 3714 2113 3784 ubique

535 3774 781 3871 gentium
843 3778 1150 3836 obtinuisse
1201 3796 1256 3841 et
1306 3789 1577 3859 obtinere,
1622 3805 1816 3868 estque
1849 3774 2114 3871 pluribus

537 3860 945 3925 quodammodo
977 3868 1249 3940 innatum,
1276 3886 1335 3932 ut
1363 3896 1545 3936 rerum
1572 3901 1792 3944 suarum
1819 3860 2114 3964 antiquita-

539 3962 646 4004 tem
681 3954 964 4021 aﬂ'ectent,
993 3976 1228 4033 eamque
1282 3985 1442 4038 quam
1502 3976 1765 4034 altissime
1817 3954 2108 4043 attollant:

535 4046 684 4109 quod
726 4056 782 4100 et
815 4048 1138 4121 frequenter
1172 4075 1274 4115 usu
1303 4065 1454 4118 venit
1487 4067 1541 4121 in
1578 4072 1728 4126 Actis
1773 4085 2109 4145 sanctorum,

535 4151 659 4201 quae
694 4151 816 4207 post
858 4142 1019 4215 longa
1064 4159 1310 4220 tempora
1364 4171 1430 4210 ex
1471 4160 1765 4231 caliginosa
1813 4142 2112 4229 traditione

537 4233 634 4275 aut
675 4233 1004 4299 apocryphis
1053 4239 1276 4308 scriptis
1333 4246 1687 4318 colliguntur.
1737 4254 1794 4309 Id
1847 4260 2112 4318 accidisse

539 4320 746 4372 sanctis
769 4320 954 4379 Galliae
981 4329 1261 4395 prioribus
1287 4337 1580 4409 episcopis,
1608 4343 1917 4403 luculenter
1950 4361 2114 4409 testa-

541 4415 629 4516 tur
661 4411 947 4516 Philippus
987 4419 1194 4490 Labbe,
1229 4429 1574 4500 antiquitatis
1605 4438 1876 4508 eruditus,
1909 4444 1954 4499 si
1986 4447 2113 4516 quis

540 4501 700 4564 alius,
733 4505 786 4557 in
816 4506 1096 4567 Breviario
1120 4531 1221 4571 suo
1245 4522 1636 4596 cltrunologico
1667 4530 1918 4588 Historia:
1943 4501 2110 4594 sacra:
2144 4506 2187 4562 Β

537 4598 593 4642 et
627 4594 868 4659 profana:
892 4608 959 4651 ad
993 4617 1196 4682 annum
1228 4607 1431 4664 Christi
1466 4594 1554 4678 69,
1587 4616 1661 4669 ita
1687 4621 1938 4676 scribens
1970 4641 2114 4681 anno

539 4685 715 4740 1665:
755 4706 771 4737 ‹
800 4690 883 4744 Ab
908 4694 1067 4750 annis
1089 4696 1246 4754 facile
1275 4703 1606 4774 octingentis
1629 4710 1818 4779 plures
1844 4718 2113 4786 majorum

537 4787 852 4835 nostrorum
884 4787 1261 4857 crediderunt,
1290 4796 1437 4862 quod
1465 4799 1627 4866 primi
1651 4805 1892 4875 episcopi
1919 4810 2115 4867 funda-

541 4875 689 4924 tores
719 4871 1088 4933 Ecclesiarum
1131 4895 1444 4940 nostrarum
1491 4903 1591 4959 per
1629 4871 1880 4960 Galliam,
1910 4899 2114 4958 fuerint

2216 3244 2437 3311 quando
2471 3246 2514 3300 is
2549 3249 2822 3314 navigavit
2847 3249 3098 3311 Romam,
3126 3249 3440 3304 ordinatum
3474 3251 3643 3306 fuisse
3681 3255 3804 3322 epi-

2217 3349 2444 3403 scopum
2483 3353 2496 3387 :
2534 3339 2754 3406 quando
2800 3351 2982 3393 autem
3026 3342 3314 3394 ordinatus
3357 3342 3541 3405 fuerit,
3575 3360 3802 3412 nequeo

2218 3424 2498 3491 divinare;
2534 3427 2660 3496 quia
2693 3429 2760 3482 de
2796 3430 2900 3484 hoc
2940 3429 3219 3501 Stephano
3247 3433 3412 3486 silent
3448 3443 3552 3486 tam
3585 3433 3799 3506 Marty-

2218 3518 2388 3588 rologi
2425 3519 2624 3583 Latini,
2666 3537 2828 3590 quam
2872 3523 2961 3576 alii
3000 3526 3301 3593 scriptores
3333 3526 3564 3594 antiqui.
3597 3527 3801 3582 saltem

2217 3609 2310 3676 qui
2357 3619 2480 3663 ante
2511 3610 2689 3664 Vitam
2741 3613 2860 3681 ejus
2907 3614 3167 3681 scriptam
3215 3615 3468 3667 vixerint.
3520 3616 3804 3672 Fortassis

2217 3709 2401 3764 posset
2449 3700 2567 3766 ejus
2599 3702 2920 3770 martyrium
2980 3702 3043 3754 ad
3080 3711 3325 3770 tempora
3370 3702 3697 3757 Diocletiani
3747 3715 3805 3759 ct

2216 3788 2527 3843 Maximiani
2561 3790 2777 3856 referri,
2811 3793 2940 3860 quia
2972 3793 3105 3846 nulli
3132 3795 3222 3847 alii
3253 3802 3378 3847 ante
3408 3794 3539 3847 illud
3575 3803 3806 3865 tempus

2217 3880 2330 3936 noti
2363 3892 2492 3936 sunt
2523 3883 2769 3953 episcopi
2799 3883 3161 3955 Rhegienses.
3196 3887 3398 3941 Verum
3442 3888 3688 3942 certiora
3733 3890 3803 3944 de

2216 3973 2303 4026 his
2354 3977 2795 4045 exspectabimus
2844 3994 2873 4032 a
2922 3979 3321 4049 Rhegiensibus
3365 3982 3515 4050 ipsis,
3567 3990 3628 4035 ut
3690 3982 3805 4053 jam

2216 4064 2348 4120 dixi.

2286 4171 2372 4228 18.
2418 4172 2668 4230 Diximus
2717 4189 2960 4245 quoque,
3008 4176 3152 4232 unde
3202 4181 3576 4249 acceperimus
3660 4185 3804 4240 Acta

2213 4265 2420 4332 Graeca,
2455 4277 2511 4322 et
2542 4269 2670 4338 quia
2701 4269 2854 4324 tarde
2893 4271 3119 4325 fuerunt
3156 4272 3403 4335 collecta,
3441 4277 3805 4341 comperiun-

2219 4365 2308 4409 tur
2339 4373 2446 4412 non
2480 4373 2688 4428 magnae
2719 4358 2846 4413 ﬁdei
2874 4375 3015 4415 esse.
3052 4358 3131 4413 En
3161 4361 3296 4429 ipsa,
3328 4378 3453 4415 cum
3483 4372 3676 4416 nostra
3715 4367 3803 4419 in-

2221 4451 2634 4516 terpretatione.
2662 4450 2880 4506 Titulus
2915 4451 3038 4506 talis
3074 4451 3496 4522 praafigebatur:
3531 4453 3806 4526 Ἀθλησις

2216 4537 2311 4591 τοῦ
2343 4541 2491 4593 ὁσίου
2518 4542 2730 4614 Harpe;
2756 4545 2912 4614 ἡμῶν
2939 4547 3339 4620 Ιερομὰρτυρος
3366 4547 3662 4613 Στεφάνου,
3696 4569 3805 4620 μη-

2213 4634 2533 4702 τροπολίτου
2562 4639 2663 4706 τῆς
2698 4638 3019 4708 Καλαερίας
3051 4657 3063 4691 :
3096 4638 3376 4698 Certamen
3405 4641 3577 4692 sancti
3613 4638 3804 4694 Patris

2219 4729 2403 4788 nostri,
2429 4730 2570 4780 sacri
2603 4735 2852 4799 martyris
2886 4729 3161 4802 Stephani,
3187 4730 3536 4802 metropolita:
3567 4734 3803 4785 civitatis

2217 4815 2399 4888 Rhegii
2421 4819 2472 4873 in
2496 4818 2774 4875 Calabria.
