  <div class='ocr_page' id='page_1' title='image "/cluster/home/n/w/nwhite01/storage/ocr_20150623/115/ien.35556001659887/168.png"; bbox 0 0 3966 6444; ppageno 0'>
   <div class='ocr_carea' id='block_1_1' title="bbox 193 387 286 452">
    <p class='ocr_par' dir='ltr' id='par_1_1' title="bbox 193 387 286 452">
     <span class='ocr_line' id='line_1_1' title="bbox 193 387 286 452; baseline -0.011 -1"><span class='ocrx_word' id='word_1_1' title='bbox 193 387 286 452; x_wconf 79' lang='lat'><strong>317</strong></span> 
     </span>
    </p>
   </div>
   <div class='ocr_carea' id='block_1_2' title="bbox 1152 396 2445 460">
    <p class='ocr_par' dir='ltr' id='par_1_2' title="bbox 1152 396 2445 460">
     <span class='ocr_line' id='line_1_2' title="bbox 1152 396 2445 460; baseline 0.004 -5"><span class='ocrx_word' id='word_1_2' title='bbox 1152 396 1325 456; x_wconf 73' lang='grc' dir='ltr'><strong>ιίΤΑ</strong></span> <span class='ocrx_word' id='word_1_3' title='bbox 1365 397 1424 458; x_wconf 89' lang='lat' dir='ltr'><strong>S.</strong></span> <span class='ocrx_word' id='word_1_4' title='bbox 1468 396 1853 458; x_wconf 83' lang='lat' dir='ltr'><strong>STEPHANI</strong></span> <span class='ocrx_word' id='word_1_5' title='bbox 1893 396 1988 456; x_wconf 82' lang='grc' dir='ltr'>ΕΤ</span> <span class='ocrx_word' id='word_1_6' title='bbox 2029 396 2445 460; x_wconf 80' lang='lat' dir='ltr'><strong>SOCIORUM.</strong></span> 
     </span>
    </p>
   </div>
   <div class='ocr_carea' id='block_1_3' title="bbox 3332 399 3439 459">
    <p class='ocr_par' dir='ltr' id='par_1_3' title="bbox 3332 399 3439 459">
     <span class='ocr_line' id='line_1_3' title="bbox 3332 399 3439 459; baseline 0 -1"><span class='ocrx_word' id='word_1_7' title='bbox 3332 399 3439 459; x_wconf 76' lang='lat' dir='ltr'><strong>?.l3</strong></span> 
     </span>
    </p>
   </div>
   <div class='ocr_carea' id='block_1_4' title="bbox 857 669 2785 790">
    <p class='ocr_par' dir='ltr' id='par_1_4' title="bbox 857 669 2785 790">
     <span class='ocr_line' id='line_1_4' title="bbox 857 669 2785 790; baseline 0.002 -8"><span class='ocrx_word' id='word_1_8' title='bbox 857 670 1220 782; x_wconf 86' lang='lat' dir='ltr'><strong>ACTA</strong></span> <span class='ocrx_word' id='word_1_9' title='bbox 1314 669 1978 790; x_wconf 84' lang='lat' dir='ltr'><strong>AUCTORE</strong></span> <span class='ocrx_word' id='word_1_10' title='bbox 2067 670 2785 786; x_wconf 89' lang='lat' dir='ltr'><strong>ANONYMO</strong></span> 
     </span>
    </p>
   </div>
   <div class='ocr_carea' id='block_1_5' title="bbox 1335 872 2312 952">
    <p class='ocr_par' dir='ltr' id='par_1_5' title="bbox 1335 872 2312 952">
     <span class='ocr_line' id='line_1_5' title="bbox 1335 872 2312 952; baseline 0.003 -19"><span class='ocrx_word' id='word_1_11' title='bbox 1335 873 1466 934; x_wconf 85' lang='lat' dir='ltr'><strong>Nisi</strong></span> <span class='ocrx_word' id='word_1_12' title='bbox 1506 872 1668 934; x_wconf 84' lang='lat' dir='ltr'><strong>forte</strong></span> <span class='ocrx_word' id='word_1_13' title='bbox 1704 873 1788 935; x_wconf 85' lang='lat' dir='ltr'><strong>sit</strong></span> <span class='ocrx_word' id='word_1_14' title='bbox 1826 873 2312 952; x_wconf 76' lang='lat' dir='ltr'><strong>Metapht&#39;astes.</strong></span> 
     </span>
    </p>
   </div>
   <div class='ocr_carea' id='block_1_6' title="bbox 562 1021 3046 1094">
    <p class='ocr_par' dir='ltr' id='par_1_6' title="bbox 562 1021 3046 1094">
     <span class='ocr_line' id='line_1_6' title="bbox 562 1021 3046 1094; baseline 0.002 -20"><span class='ocrx_word' id='word_1_15' title='bbox 562 1021 640 1074; x_wconf 76' lang='grc' dir='ltr'>Ει</span> <span class='ocrx_word' id='word_1_16' title='bbox 674 1021 863 1076; x_wconf 89' lang='lat' dir='ltr'><strong>codice</strong></span> <span class='ocrx_word' id='word_1_17' title='bbox 895 1039 995 1078; x_wconf 87' lang='lat' dir='ltr'><strong>ms.</strong></span> <span class='ocrx_word' id='word_1_18' title='bbox 1024 1022 1341 1077; x_wconf 85' lang='lat' dir='ltr'><strong>monasterii</strong></span> <span class='ocrx_word' id='word_1_19' title='bbox 1372 1021 1557 1076; x_wconf 84' lang='lat' dir='ltr'><strong>Sancti</strong></span> <span class='ocrx_word' id='word_1_20' title='bbox 1605 1021 1926 1084; x_wconf 87' lang='lat' dir='ltr'><strong>Salvatoris,</strong></span> <span class='ocrx_word' id='word_1_21' title='bbox 1966 1021 2180 1077; x_wconf 87' lang='lat' dir='ltr'><strong>ordinis</strong></span> <span class='ocrx_word' id='word_1_22' title='bbox 2214 1023 2270 1078; x_wconf 93' lang='lat' dir='ltr'><strong>S.</strong></span> <span class='ocrx_word' id='word_1_23' title='bbox 2303 1024 2486 1078; x_wconf 81' lang='lat' dir='ltr'><strong>Basilii</strong></span> <span class='ocrx_word' id='word_1_24' title='bbox 2509 1040 2681 1094; x_wconf 88' lang='lat' dir='ltr'><strong>prope</strong></span> <span class='ocrx_word' id='word_1_25' title='bbox 2715 1025 3046 1080; x_wconf 74' lang='lat' dir='ltr'><strong>Messanam.</strong></span> 
     </span>
    </p>
   </div>
   <div class='ocr_carea' id='block_1_7' title="bbox 255 1309 1764 1392">
    <p class='ocr_par' dir='ltr' id='par_1_7' title="bbox 255 1309 1762 1390">
     <span class='ocr_line' id='line_1_7' title="bbox 255 1309 1762 1390; baseline 0.001 -20"><span class='ocrx_word' id='word_1_26' title='bbox 255 1319 331 1370; x_wconf 79' lang='lat' dir='ltr'><strong>A&#39;.</strong></span> <span class='ocrx_word' id='word_1_27' title='bbox 368 1309 541 1379; x_wconf 76' lang='grc' dir='ltr'>Οὗτος</span> <span class='ocrx_word' id='word_1_28' title='bbox 573 1318 599 1369; x_wconf 94' lang='lat'><strong>6</strong></span> <span class='ocrx_word' id='word_1_29' title='bbox 630 1314 783 1385; x_wconf 68' lang='grc' dir='ltr'>ἅγιος</span> <span class='ocrx_word' id='word_1_30' title='bbox 828 1318 1159 1388; x_wconf 86' lang='grc' dir='ltr'>ίερομάρτυς</span> <span class='ocrx_word' id='word_1_31' title='bbox 1207 1319 1476 1385; x_wconf 82' lang='grc' dir='ltr'>Στέφανος</span> <span class='ocrx_word' id='word_1_32' title='bbox 1517 1319 1762 1390; x_wconf 80' lang='grc' dir='ltr'>ὑπῆρχεν</span> 
     </span>
    </p>
   </div>
   <div class='ocr_carea' id='block_1_8' title="bbox 1872 1309 3438 1392">
    <p class='ocr_par' dir='ltr' id='par_1_8' title="bbox 1938 1319 3438 1392">
     <span class='ocr_line' id='line_1_8' title="bbox 1938 1319 3438 1392; baseline 0 -16"><span class='ocrx_word' id='word_1_33' title='bbox 1938 1323 1978 1376; x_wconf 93' lang='lat' dir='ltr'><strong>l.</strong></span> <span class='ocrx_word' id='word_1_34' title='bbox 2012 1323 2246 1378; x_wconf 89' lang='lat' dir='ltr'><strong>Sanctus</strong></span> <span class='ocrx_word' id='word_1_35' title='bbox 2277 1321 2366 1376; x_wconf 89' lang='lat' dir='ltr'><strong>hic</strong></span> <span class='ocrx_word' id='word_1_36' title='bbox 2398 1329 2602 1392; x_wconf 86' lang='lat' dir='ltr'><strong>martyr</strong></span> <span class='ocrx_word' id='word_1_37' title='bbox 2639 1319 2972 1389; x_wconf 85' lang='lat' dir='ltr'><strong>Stephanus,</strong></span> <span class='ocrx_word' id='word_1_38' title='bbox 3009 1321 3230 1375; x_wconf 85' lang='lat' dir='ltr'><strong>civitate</strong></span> <span class='ocrx_word' id='word_1_39' title='bbox 3259 1322 3438 1376; x_wconf 61' lang='lat' dir='ltr'><strong>Nicaea</strong></span> 
     </span>
    </p>
   </div>
   <div class='ocr_carea' id='block_1_9' title="bbox 193 1409 836 1473">
    <p class='ocr_par' dir='ltr' id='par_1_9' title="bbox 193 1409 836 1473">
     <span class='ocr_line' id='line_1_9' title="bbox 193 1409 836 1473; baseline -0.006 -7"><span class='ocrx_word' id='word_1_40' title='bbox 193 1414 293 1466; x_wconf 72' lang='grc' dir='ltr'><strong>ἀπὸ</strong></span> <span class='ocrx_word' id='word_1_41' title='bbox 323 1412 532 1473; x_wconf 73' lang='grc' dir='ltr'>πόλεως</span> <span class='ocrx_word' id='word_1_42' title='bbox 563 1409 800 1472; x_wconf 87' lang='grc' dir='ltr'>Νικαίας</span> <span class='ocrx_word' id='word_1_43' title='bbox 822 1427 836 1441; x_wconf 78' lang='grc'><strong>⁸</strong></span> 
     </span>
    </p>
   </div>
   <div class='ocr_carea' id='block_1_10' title="bbox 191 1501 1760 1577">
    <p class='ocr_par' dir='ltr' id='par_1_10' title="bbox 191 1501 1760 1577">
     <span class='ocr_line' id='line_1_10' title="bbox 191 1501 1760 1577; baseline 0.002 -20"><span class='ocrx_word' id='word_1_44' title='bbox 191 1503 492 1557; x_wconf 80' lang='grc' dir='ltr'>ἀποστόλου</span> <span class='ocrx_word' id='word_1_45' title='bbox 523 1505 582 1554; x_wconf 74' lang='grc' dir='ltr'>ἐν</span> <span class='ocrx_word' id='word_1_46' title='bbox 607 1505 674 1572; x_wconf 79' lang='grc' dir='ltr'>τῇ</span> <span class='ocrx_word' id='word_1_47' title='bbox 719 1501 928 1572; x_wconf 81' lang='grc' dir='ltr'>Ῥώμη,</span> <span class='ocrx_word' id='word_1_48' title='bbox 953 1505 1422 1575; x_wconf 76' lang='grc' dir='ltr'>συνηκολούθησεν</span> <span class='ocrx_word' id='word_1_49' title='bbox 1452 1507 1602 1575; x_wconf 81' lang='grc' dir='ltr'><strong>αὑτῷ</strong></span> <span class='ocrx_word' id='word_1_50' title='bbox 1633 1506 1760 1577; x_wconf 74' lang='grc' dir='ltr'>ἄχρι</span> 
     </span>
    </p>
   </div>
   <div class='ocr_carea' id='block_1_11' title="bbox 191 1597 1760 1669">
    <p class='ocr_par' dir='ltr' id='par_1_11' title="bbox 191 1597 1760 1669">
     <span class='ocr_line' id='line_1_11' title="bbox 191 1597 1760 1669; baseline 0.001 -19"><span class='ocrx_word' id='word_1_51' title='bbox 191 1600 390 1659; x_wconf 74' lang='grc' dir='ltr'>πόλεως</span> <span class='ocrx_word' id='word_1_52' title='bbox 425 1597 648 1666; x_wconf 83' lang='grc' dir='ltr'><strong>Ῥηγίου</strong></span> <span class='ocrx_word' id='word_1_53' title='bbox 678 1599 773 1666; x_wconf 83' lang='grc' dir='ltr'>τῆς</span> <span class='ocrx_word' id='word_1_54' title='bbox 800 1597 1137 1666; x_wconf 81' lang='grc' dir='ltr'>Καλασρίας.</span> <span class='ocrx_word' id='word_1_55' title='bbox 1168 1599 1357 1669; x_wconf 82' lang='grc' dir='ltr'>Εὑρὼν</span> <span class='ocrx_word' id='word_1_56' title='bbox 1381 1602 1408 1652; x_wconf 98' lang='lat'><strong>6</strong></span> <span class='ocrx_word' id='word_1_57' title='bbox 1438 1601 1760 1662; x_wconf 68' lang='grc' dir='ltr'>’Δπὶστολος</span> 
     </span>
    </p>
   </div>
   <div class='ocr_carea' id='block_1_12' title="bbox 192 1689 1758 1762">
    <p class='ocr_par' dir='ltr' id='par_1_12' title="bbox 192 1689 1758 1762">
     <span class='ocr_line' id='line_1_12' title="bbox 192 1689 1758 1762; baseline 0.002 -21"><span class='ocrx_word' id='word_1_58' title='bbox 192 1691 280 1757; x_wconf 76' lang='grc' dir='ltr'>τὴν</span> <span class='ocrx_word' id='word_1_59' title='bbox 312 1691 471 1742; x_wconf 82' lang='grc' dir='ltr'>πόλιν</span> <span class='ocrx_word' id='word_1_60' title='bbox 498 1689 665 1742; x_wconf 82' lang='grc' dir='ltr'>οὖσαν</span> <span class='ocrx_word' id='word_1_61' title='bbox 697 1689 1043 1754; x_wconf 87' lang='grc' dir='ltr'>κατείδωλον,</span> <span class='ocrx_word' id='word_1_62' title='bbox 1085 1691 1352 1762; x_wconf 76' lang='grc' dir='ltr'><strong>ἐκήρυξεν</strong></span> <span class='ocrx_word' id='word_1_63' title='bbox 1394 1694 1456 1745; x_wconf 77' lang='grc' dir='ltr'><strong>εν</strong></span> <span class='ocrx_word' id='word_1_64' title='bbox 1488 1694 1623 1762; x_wconf 75' lang='grc' dir='ltr'>αὐτῇ</span> <span class='ocrx_word' id='word_1_65' title='bbox 1671 1691 1758 1744; x_wconf 80' lang='grc' dir='ltr'>λό-</span> 
     </span>
    </p>
   </div>
   <div class='ocr_carea' id='block_1_13' title="bbox 189 1780 1758 1856">
    <p class='ocr_par' dir='ltr' id='par_1_13' title="bbox 189 1780 1758 1856">
     <span class='ocr_line' id='line_1_13' title="bbox 189 1780 1758 1856; baseline 0.001 -22"><span class='ocrx_word' id='word_1_66' title='bbox 189 1799 276 1848; x_wconf 88' lang='grc' dir='ltr'><strong>γον</strong></span> <span class='ocrx_word' id='word_1_67' title='bbox 303 1782 536 1852; x_wconf 78' lang='grc' dir='ltr'><strong>Κυρίου,</strong></span> <span class='ocrx_word' id='word_1_68' title='bbox 571 1781 666 1833; x_wconf 77' lang='grc' dir='ltr'>καὶ</span> <span class='ocrx_word' id='word_1_69' title='bbox 695 1780 884 1850; x_wconf 82' lang='grc' dir='ltr'>ὥσπερ</span> <span class='ocrx_word' id='word_1_70' title='bbox 923 1782 1105 1852; x_wconf 81' lang='grc' dir='ltr'>ἀγαθὴ</span> <span class='ocrx_word' id='word_1_71' title='bbox 1137 1784 1228 1836; x_wconf 76' lang='grc' dir='ltr'><strong>τὸν</strong></span> <span class='ocrx_word' id='word_1_72' title='bbox 1268 1785 1469 1855; x_wconf 84' lang='grc' dir='ltr'>σπόρον</span> <span class='ocrx_word' id='word_1_73' title='bbox 1492 1785 1758 1856; x_wconf 80' lang='grc' dir='ltr'><strong>δεχομένη</strong></span> 
     </span>
    </p>
   </div>
   <div class='ocr_carea' id='block_1_14' title="bbox 187 1872 1762 1945">
    <p class='ocr_par' dir='ltr' id='par_1_14' title="bbox 187 1872 1762 1945">
     <span class='ocr_line' id='line_1_14' title="bbox 187 1872 1762 1945; baseline 0.004 -20"><span class='ocrx_word' id='word_1_74' title='bbox 187 1875 273 1926; x_wconf 73' lang='grc' dir='ltr'>καὶ</span> <span class='ocrx_word' id='word_1_75' title='bbox 299 1872 763 1937; x_wconf 76' lang='grc' dir='ltr'>ἑκατοστεύουσα,</span> <span class='ocrx_word' id='word_1_76' title='bbox 794 1872 970 1937; x_wconf 79' lang='grc' dir='ltr'>οὕτως</span> <span class='ocrx_word' id='word_1_77' title='bbox 1003 1876 1051 1927; x_wconf 86' lang='grc' dir='ltr'>οἱ</span> <span class='ocrx_word' id='word_1_78' title='bbox 1076 1878 1132 1927; x_wconf 81' lang='grc' dir='ltr'>ὲν</span> <span class='ocrx_word' id='word_1_79' title='bbox 1162 1876 1300 1945; x_wconf 79' lang='grc' dir='ltr'><strong>αὑτῇ</strong></span> <span class='ocrx_word' id='word_1_80' title='bbox 1333 1878 1423 1928; x_wconf 84' lang='grc' dir='ltr'>τὸν</span> <span class='ocrx_word' id='word_1_81' title='bbox 1453 1878 1610 1945; x_wconf 85' lang='grc' dir='ltr'>λόγον</span> <span class='ocrx_word' id='word_1_82' title='bbox 1650 1881 1762 1932; x_wconf 74' lang='grc' dir='ltr'><strong>ἐδέ-</strong></span> 
     </span>
    </p>
   </div>
   <div class='ocr_carea' id='block_1_15' title="bbox 185 1961 1762 2042">
    <p class='ocr_par' dir='ltr' id='par_1_15' title="bbox 185 1961 1762 2042">
     <span class='ocr_line' id='line_1_15' title="bbox 185 1961 1762 2042; baseline 0.004 -24"><span class='ocrx_word' id='word_1_83' title='bbox 185 1968 343 2032; x_wconf 68' lang='grc' dir='ltr'>ξαντο</span> <span class='ocrx_word' id='word_1_84' title='bbox 365 1985 378 1998; x_wconf 88' lang='grc'><strong>·</strong></span> <span class='ocrx_word' id='word_1_85' title='bbox 410 1967 736 2038; x_wconf 79' lang='grc' dir='ltr'>κατηχήσας</span> <span class='ocrx_word' id='word_1_86' title='bbox 769 1961 922 2030; x_wconf 70' lang='grc' dir='ltr'>οὗτος</span> <span class='ocrx_word' id='word_1_87' title='bbox 954 1968 1154 2032; x_wconf 83' lang='grc' dir='ltr'>αὐτοὺς</span> <span class='ocrx_word' id='word_1_88' title='bbox 1190 1971 1218 2021; x_wconf 89' lang='lat'><strong>6</strong></span> <span class='ocrx_word' id='word_1_89' title='bbox 1264 1969 1493 2036; x_wconf 78' lang='grc' dir='ltr'><strong>Παῦλος,</strong></span> <span class='ocrx_word' id='word_1_90' title='bbox 1533 1973 1625 2024; x_wconf 77' lang='grc' dir='ltr'>καὶ</span> <span class='ocrx_word' id='word_1_91' title='bbox 1662 1973 1762 2042; x_wconf 86' lang='grc' dir='ltr'>βα-</span> 
     </span>
    </p>
   </div>
   <div class='ocr_carea' id='block_1_16' title="bbox 185 2060 1758 2131">
    <p class='ocr_par' dir='ltr' id='par_1_16' title="bbox 185 2060 1758 2131">
     <span class='ocr_line' id='line_1_16' title="bbox 185 2060 1758 2131; baseline 0.004 -19"><span class='ocrx_word' id='word_1_92' title='bbox 185 2064 379 2123; x_wconf 72' lang='grc' dir='ltr'><strong>⁴κτίσας</strong></span> <span class='ocrx_word' id='word_1_93' title='bbox 411 2060 704 2124; x_wconf 88' lang='grc' dir='ltr'>πλείστους</span> <span class='ocrx_word' id='word_1_94' title='bbox 725 2063 802 2122; x_wconf 85' lang='grc' dir='ltr'><strong>είς</strong></span> <span class='ocrx_word' id='word_1_95' title='bbox 841 2060 904 2113; x_wconf 78' lang='grc' dir='ltr'>τὸ</span> <span class='ocrx_word' id='word_1_96' title='bbox 938 2062 1109 2129; x_wconf 79' lang='grc' dir='ltr'>ὄνομα</span> <span class='ocrx_word' id='word_1_97' title='bbox 1144 2062 1236 2114; x_wconf 85' lang='grc' dir='ltr'><strong>τοῦ</strong></span> <span class='ocrx_word' id='word_1_98' title='bbox 1277 2064 1510 2131; x_wconf 74' lang='grc' dir='ltr'>Πατρὸς,</span> <span class='ocrx_word' id='word_1_99' title='bbox 1539 2067 1633 2116; x_wconf 80' lang='grc' dir='ltr'>καὶ</span> <span class='ocrx_word' id='word_1_100' title='bbox 1670 2066 1758 2118; x_wconf 75' lang='grc' dir='ltr'>τοῦ</span> 
     </span>
    </p>
   </div>
   <div class='ocr_carea' id='block_1_17' title="bbox 186 2153 1760 2225">
    <p class='ocr_par' dir='ltr' id='par_1_17' title="bbox 186 2153 1760 2225">
     <span class='ocr_line' id='line_1_17' title="bbox 186 2153 1760 2225; baseline 0.001 -19"><span class='ocrx_word' id='word_1_101' title='bbox 186 2154 332 2221; x_wconf 72' lang='lat' dir='ltr'><strong>Tia-3,</strong></span> <span class='ocrx_word' id='word_1_102' title='bbox 377 2153 474 2206; x_wconf 79' lang='grc' dir='ltr'>καὶ</span> <span class='ocrx_word' id='word_1_103' title='bbox 507 2154 602 2208; x_wconf 79' lang='grc' dir='ltr'>τοῦ</span> <span class='ocrx_word' id='word_1_104' title='bbox 642 2154 797 2220; x_wconf 81' lang='grc' dir='ltr'>ἁγίου</span> <span class='ocrx_word' id='word_1_105' title='bbox 829 2155 1162 2221; x_wconf 79' lang='grc' dir='ltr'>Πνεύματος.</span> <span class='ocrx_word' id='word_1_106' title='bbox 1203 2155 1538 2225; x_wconf 77' lang='grc' dir='ltr'>προχειρίζει</span> <span class='ocrx_word' id='word_1_107' title='bbox 1577 2158 1760 2219; x_wconf 71' lang='grc' dir='ltr'>αὐτοῖς</span> 
     </span>
    </p>
   </div>
   <div class='ocr_carea' id='block_1_18' title="bbox 186 2247 1761 2318">
    <p class='ocr_par' dir='ltr' id='par_1_18' title="bbox 186 2247 1761 2318">
     <span class='ocr_line' id='line_1_18' title="bbox 186 2247 1761 2318; baseline 0.002 -19"><span class='ocrx_word' id='word_1_108' title='bbox 186 2249 618 2318; x_wconf 68' lang='grc' dir='ltr'>ἀρχιεπίσκοπον</span> <span class='ocrx_word' id='word_1_109' title='bbox 664 2247 956 2313; x_wconf 81' lang='grc' dir='ltr'>Στέφανον.</span> <span class='ocrx_word' id='word_1_110' title='bbox 996 2249 1091 2309; x_wconf 88' lang='grc' dir='ltr'>Ὃς</span> <span class='ocrx_word' id='word_1_111' title='bbox 1125 2248 1306 2310; x_wconf 85' lang='grc' dir='ltr'>καλῶς</span> <span class='ocrx_word' id='word_1_112' title='bbox 1346 2250 1620 2317; x_wconf 88' lang='grc' dir='ltr'>ποιμάνας</span> <span class='ocrx_word' id='word_1_113' title='bbox 1661 2250 1761 2318; x_wconf 83' lang='grc' dir='ltr'>τὴν</span> 
     </span>
    </p>
   </div>
   <div class='ocr_carea' id='block_1_19' title="bbox 879 1413 1758 1483">
    <p class='ocr_par' dir='ltr' id='par_1_19' title="bbox 879 1413 1758 1483">
     <span class='ocr_line' id='line_1_19' title="bbox 879 1413 1758 1483; baseline 0.003 -20"><span class='ocrx_word' id='word_1_114' title='bbox 879 1415 1282 1483; x_wconf 84' lang='grc' dir='ltr'>κατερχομένου</span> <span class='ocrx_word' id='word_1_115' title='bbox 1324 1415 1380 1466; x_wconf 86' lang='grc' dir='ltr'>δὲ</span> <span class='ocrx_word' id='word_1_116' title='bbox 1418 1413 1628 1466; x_wconf 78' lang='grc' dir='ltr'>Παύλου</span> <span class='ocrx_word' id='word_1_117' title='bbox 1663 1414 1758 1466; x_wconf 73' lang='grc' dir='ltr'>τοῦ</span> 
     </span>
    </p>
   </div>
   <div class='ocr_carea' id='block_1_20' title="bbox 185 2338 1761 2414">
    <p class='ocr_par' dir='ltr' id='par_1_20' title="bbox 185 2338 1761 2414">
     <span class='ocr_line' id='line_1_20' title="bbox 185 2338 1761 2414; baseline 0.001 -22"><span class='ocrx_word' id='word_1_118' title='bbox 185 2338 646 2411; x_wconf 60' lang='grc' dir='ltr'>ἐμπιστευθεῖσαν</span> <span class='ocrx_word' id='word_1_119' title='bbox 681 2340 830 2410; x_wconf 79' lang='grc' dir='ltr'><strong>αὑτῷ</strong></span> <span class='ocrx_word' id='word_1_120' title='bbox 856 2340 1115 2411; x_wconf 76' lang='grc' dir='ltr'>ποίμνην,</span> <span class='ocrx_word' id='word_1_121' title='bbox 1147 2342 1377 2404; x_wconf 80' lang='grc' dir='ltr'>πολλοὺς</span> <span class='ocrx_word' id='word_1_122' title='bbox 1411 2342 1489 2412; x_wconf 84' lang='grc' dir='ltr'>τῷ</span> <span class='ocrx_word' id='word_1_123' title='bbox 1519 2343 1761 2414; x_wconf 78' lang='grc' dir='ltr'>ἐσπερίῳ</span> 
     </span>
    </p>
   </div>
   <div class='ocr_carea' id='block_1_21' title="bbox 185 2434 1762 2505">
    <p class='ocr_par' dir='ltr' id='par_1_21' title="bbox 185 2434 1762 2505">
     <span class='ocr_line' id='line_1_21' title="bbox 185 2434 1762 2505; baseline 0.003 -19"><span class='ocrx_word' id='word_1_124' title='bbox 185 2435 392 2504; x_wconf 74' lang='grc' dir='ltr'>(μέρει)</span> <span class='ocrx_word' id='word_1_125' title='bbox 459 2434 802 2502; x_wconf 71' lang='grc' dir='ltr'>ὑπέστρεψεν</span> <span class='ocrx_word' id='word_1_126' title='bbox 859 2435 939 2496; x_wconf 86' lang='grc' dir='ltr'><strong>είς</strong></span> <span class='ocrx_word' id='word_1_127' title='bbox 986 2435 1086 2502; x_wconf 84' lang='grc' dir='ltr'>τὴν</span> <span class='ocrx_word' id='word_1_128' title='bbox 1141 2434 1236 2486; x_wconf 60' lang='grc' dir='ltr'>τοῦ</span> <span class='ocrx_word' id='word_1_129' title='bbox 1286 2435 1522 2505; x_wconf 72' lang='grc' dir='ltr'>Χριστοῦ</span> <span class='ocrx_word' id='word_1_130' title='bbox 1578 2437 1762 2490; x_wconf 85' lang='grc' dir='ltr'>πίστιν</span> 
     </span>
    </p>
   </div>
   <div class='ocr_carea' id='block_1_22' title="bbox 185 2520 1764 2597">
    <p class='ocr_par' dir='ltr' id='par_1_22' title="bbox 185 2520 1764 2597">
     <span class='ocr_line' id='line_1_22' title="bbox 185 2520 1764 2597; baseline 0.001 -20"><span class='ocrx_word' id='word_1_131' title='bbox 185 2529 300 2586; x_wconf 84' lang='grc' dir='ltr'>ταῖς</span> <span class='ocrx_word' id='word_1_132' title='bbox 337 2526 509 2578; x_wconf 76' lang='grc' dir='ltr'>αὐτοῦ</span> <span class='ocrx_word' id='word_1_133' title='bbox 547 2526 941 2584; x_wconf 85' lang='grc' dir='ltr'>διδασκαλίαις.</span> <span class='ocrx_word' id='word_1_134' title='bbox 992 2524 1295 2593; x_wconf 69' lang='grc' dir='ltr'>Διατρίψας</span> <span class='ocrx_word' id='word_1_135' title='bbox 1340 2520 1432 2576; x_wconf 78' lang='grc' dir='ltr'>οὖν</span> <span class='ocrx_word' id='word_1_136' title='bbox 1486 2527 1546 2578; x_wconf 82' lang='grc' dir='ltr'>ἐν</span> <span class='ocrx_word' id='word_1_137' title='bbox 1585 2527 1764 2597; x_wconf 80' lang='grc' dir='ltr'>ταύτῃ</span> 
     </span>
    </p>
   </div>
   <div class='ocr_carea' id='block_1_23' title="bbox 185 2616 1762 2688">
    <p class='ocr_par' dir='ltr' id='par_1_23' title="bbox 185 2616 1762 2688">
     <span class='ocr_line' id='line_1_23' title="bbox 185 2616 1762 2688; baseline -0.001 -16"><span class='ocrx_word' id='word_1_138' title='bbox 185 2623 244 2688; x_wconf 74' lang='grc' dir='ltr'><strong>τῇ</strong></span> <span class='ocrx_word' id='word_1_139' title='bbox 273 2621 431 2670; x_wconf 82' lang='grc' dir='ltr'>πόλει</span> <span class='ocrx_word' id='word_1_140' title='bbox 481 2619 620 2670; x_wconf 63' lang='grc' dir='ltr'>ἑπτά</span> <span class='ocrx_word' id='word_1_141' title='bbox 665 2617 762 2668; x_wconf 80' lang='grc' dir='ltr'>καὶ</span> <span class='ocrx_word' id='word_1_142' title='bbox 792 2618 922 2670; x_wconf 83' lang='grc' dir='ltr'>δέκα</span> <span class='ocrx_word' id='word_1_143' title='bbox 952 2618 1252 2682; x_wconf 76' lang='grc' dir='ltr'>ἐνιαυτοὺς,</span> <span class='ocrx_word' id='word_1_144' title='bbox 1299 2616 1392 2670; x_wconf 77' lang='grc' dir='ltr'>καὶ</span> <span class='ocrx_word' id='word_1_145' title='bbox 1429 2619 1762 2682; x_wconf 75' lang='grc' dir='ltr'><strong>ἐπισκόπους</strong></span> 
     </span>
    </p>
   </div>
   <div class='ocr_carea' id='block_1_24' title="bbox 186 2708 1762 2780">
    <p class='ocr_par' dir='ltr' id='par_1_24' title="bbox 186 2708 1762 2780">
     <span class='ocr_line' id='line_1_24' title="bbox 186 2708 1762 2780; baseline 0.002 -21"><span class='ocrx_word' id='word_1_146' title='bbox 186 2711 273 2760; x_wconf 68' lang='grc' dir='ltr'>καὶ</span> <span class='ocrx_word' id='word_1_147' title='bbox 308 2708 724 2776; x_wconf 71' lang='grc' dir='ltr'>πρεσϐυτέρους</span> <span class='ocrx_word' id='word_1_148' title='bbox 753 2711 1160 2778; x_wconf 71' lang='grc' dir='ltr'>χειροτονήσας,</span> <span class='ocrx_word' id='word_1_149' title='bbox 1190 2711 1280 2762; x_wconf 77' lang='grc' dir='ltr'>καὶ</span> <span class='ocrx_word' id='word_1_150' title='bbox 1307 2709 1408 2778; x_wconf 83' lang='grc' dir='ltr'>τῆς</span> <span class='ocrx_word' id='word_1_151' title='bbox 1436 2711 1762 2780; x_wconf 82' lang='grc' dir='ltr'>Ἐκκλησίας</span> 
     </span>
    </p>
   </div>
   <div class='ocr_carea' id='block_1_25' title="bbox 185 2797 1764 2871">
    <p class='ocr_par' dir='ltr' id='par_1_25' title="bbox 185 2797 1764 2871">
     <span class='ocr_line' id='line_1_25' title="bbox 185 2797 1764 2871; baseline 0.003 -22"><span class='ocrx_word' id='word_1_152' title='bbox 185 2797 316 2850; x_wconf 76' lang='grc' dir='ltr'>Θεοῦ</span> <span class='ocrx_word' id='word_1_153' title='bbox 350 2799 540 2868; x_wconf 85' lang='grc' dir='ltr'>χάριτι</span> <span class='ocrx_word' id='word_1_154' title='bbox 587 2798 1045 2871; x_wconf 84' lang='grc' dir='ltr'>μεγαλυνθείσης,</span> <span class='ocrx_word' id='word_1_155' title='bbox 1077 2800 1306 2869; x_wconf 78' lang='grc' dir='ltr'><strong>ἐκινήθη</strong></span> <span class='ocrx_word' id='word_1_156' title='bbox 1340 2801 1580 2870; x_wconf 74' lang='grc' dir='ltr'>διωγμὸς</span> <span class='ocrx_word' id='word_1_157' title='bbox 1622 2802 1764 2854; x_wconf 72' lang='grc' dir='ltr'>κατὰ</span> 
     </span>
    </p>
   </div>
   <div class='ocr_carea' id='block_1_26' title="bbox 186 2892 688 2961">
    <p class='ocr_par' dir='ltr' id='par_1_26' title="bbox 186 2892 688 2961">
     <span class='ocr_line' id='line_1_26' title="bbox 186 2892 688 2961; baseline 0.004 -19"><span class='ocrx_word' id='word_1_158' title='bbox 186 2892 287 2942; x_wconf 80' lang='grc' dir='ltr'>τῶν</span> <span class='ocrx_word' id='word_1_159' title='bbox 317 2892 688 2961; x_wconf 74' lang='grc' dir='ltr'>Χριστιανῶν.</span> 
     </span>
    </p>
   </div>
   <div class='ocr_carea' id='block_1_27' title="bbox 254 2981 1764 3054">
    <p class='ocr_par' dir='ltr' id='par_1_27' title="bbox 254 2981 1764 3054">
     <span class='ocr_line' id='line_1_27' title="bbox 254 2981 1764 3054; baseline 0.001 -20"><span class='ocrx_word' id='word_1_160' title='bbox 254 2981 328 3034; x_wconf 88' lang='grc' dir='ltr'><strong>Β¹.</strong></span> <span class='ocrx_word' id='word_1_161' title='bbox 388 2981 705 3051; x_wconf 81' lang='grc' dir='ltr'>Ἐκρατήθη</span> <span class='ocrx_word' id='word_1_162' title='bbox 764 2982 867 3035; x_wconf 77' lang='grc' dir='ltr'><strong>ὑπὸ</strong></span> <span class='ocrx_word' id='word_1_163' title='bbox 904 2982 1151 3053; x_wconf 80' lang='grc' dir='ltr'>Ἱέρακος</span> <span class='ocrx_word' id='word_1_164' title='bbox 1210 2984 1478 3054; x_wconf 78' lang='grc' dir='ltr'><strong>ἡγεμόνος</strong></span> <span class='ocrx_word' id='word_1_165' title='bbox 1517 2986 1544 3037; x_wconf 87' lang='grc' dir='ltr'>ὁ</span> <span class='ocrx_word' id='word_1_166' title='bbox 1573 2985 1764 3052; x_wconf 80' lang='grc' dir='ltr'>’Δγιος</span> 
     </span>
    </p>
   </div>
   <div class='ocr_carea' id='block_1_28' title="bbox 184 3073 1766 3148">
    <p class='ocr_par' dir='ltr' id='par_1_28' title="bbox 184 3073 1766 3148">
     <span class='ocr_line' id='line_1_28' title="bbox 184 3073 1766 3148; baseline 0.004 -23"><span class='ocrx_word' id='word_1_167' title='bbox 184 3075 503 3144; x_wconf 77' lang='grc' dir='ltr'>προσαίτιος</span> <span class='ocrx_word' id='word_1_168' title='bbox 545 3073 640 3124; x_wconf 79' lang='grc' dir='ltr'>τοῦ</span> <span class='ocrx_word' id='word_1_169' title='bbox 679 3075 1137 3142; x_wconf 85' lang='grc' dir='ltr'>Χριστιανισμοῦ,</span> <span class='ocrx_word' id='word_1_170' title='bbox 1173 3077 1266 3129; x_wconf 80' lang='grc' dir='ltr'>καὶ</span> <span class='ocrx_word' id='word_1_171' title='bbox 1308 3078 1630 3146; x_wconf 73' lang='grc' dir='ltr'>ἠναγκάσθη</span> <span class='ocrx_word' id='word_1_172' title='bbox 1667 3081 1766 3148; x_wconf 77' lang='grc' dir='ltr'><strong>ἀρ-</strong></span> 
     </span>
    </p>
   </div>
   <div class='ocr_carea' id='block_1_29' title="bbox 185 3166 1767 3236">
    <p class='ocr_par' dir='ltr' id='par_1_29' title="bbox 185 3166 1767 3236">
     <span class='ocr_line' id='line_1_29' title="bbox 185 3166 1767 3236; baseline 0.005 -19"><span class='ocrx_word' id='word_1_173' title='bbox 185 3167 451 3234; x_wconf 70' lang='grc' dir='ltr'>νήσασθαι</span> <span class='ocrx_word' id='word_1_174' title='bbox 477 3166 568 3218; x_wconf 75' lang='grc' dir='ltr'><strong>τὸν</strong></span> <span class='ocrx_word' id='word_1_175' title='bbox 591 3166 846 3236; x_wconf 71' lang='grc' dir='ltr'>Χριστὸν,</span> <span class='ocrx_word' id='word_1_176' title='bbox 869 3168 964 3219; x_wconf 71' lang='grc' dir='ltr'>καὶ</span> <span class='ocrx_word' id='word_1_177' title='bbox 990 3168 1149 3220; x_wconf 81' lang='grc' dir='ltr'>θῦσαι</span> <span class='ocrx_word' id='word_1_178' title='bbox 1177 3171 1291 3230; x_wconf 84' lang='grc' dir='ltr'>τοῖς</span> <span class='ocrx_word' id='word_1_179' title='bbox 1318 3171 1555 3233; x_wconf 75' lang='grc' dir='ltr'>εἰδώλοις</span> <span class='ocrx_word' id='word_1_180' title='bbox 1577 3188 1590 3200; x_wconf 91' lang='grc'><strong>·</strong></span> <span class='ocrx_word' id='word_1_181' title='bbox 1623 3174 1678 3234; x_wconf 81' lang='grc' dir='ltr'>ὃς</span> <span class='ocrx_word' id='word_1_182' title='bbox 1709 3173 1767 3225; x_wconf 75' lang='grc' dir='ltr'>δὲ</span> 
     </span>
    </p>
   </div>
   <div class='ocr_carea' id='block_1_30' title="bbox 184 3257 1765 3330">
    <p class='ocr_par' dir='ltr' id='par_1_30' title="bbox 184 3257 1765 3330">
     <span class='ocr_line' id='line_1_30' title="bbox 184 3257 1765 3330; baseline 0.003 -21"><span class='ocrx_word' id='word_1_183' title='bbox 184 3259 278 3310; x_wconf 73' lang='grc' dir='ltr'>οὐκ</span> <span class='ocrx_word' id='word_1_184' title='bbox 310 3257 595 3327; x_wconf 72' lang='grc' dir='ltr'>ἠνέσχετο,</span> <span class='ocrx_word' id='word_1_185' title='bbox 631 3257 766 3309; x_wconf 76' lang='grc' dir='ltr'>ἀλλὰ</span> <span class='ocrx_word' id='word_1_186' title='bbox 815 3257 1017 3328; x_wconf 80' lang='grc' dir='ltr'>μᾶλλον</span> <span class='ocrx_word' id='word_1_187' title='bbox 1065 3259 1349 3330; x_wconf 77' lang='grc' dir='ltr'>παρρησίᾳ</span> <span class='ocrx_word' id='word_1_188' title='bbox 1395 3261 1486 3314; x_wconf 82' lang='grc' dir='ltr'>τὸν</span> <span class='ocrx_word' id='word_1_189' title='bbox 1527 3262 1765 3329; x_wconf 77' lang='grc' dir='ltr'>Χριστὸν</span> 
     </span>
    </p>
   </div>
   <div class='ocr_carea' id='block_1_31' title="bbox 179 3349 1764 3424">
    <p class='ocr_par' dir='ltr' id='par_1_31' title="bbox 179 3349 1764 3424">
     <span class='ocr_line' id='line_1_31' title="bbox 179 3349 1764 3424; baseline 0.001 -22"><span class='ocrx_word' id='word_1_190' title='bbox 179 3352 548 3420; x_wconf 69' lang='grc' dir='ltr'>ὁμολογήσας,</span> <span class='ocrx_word' id='word_1_191' title='bbox 583 3349 714 3402; x_wconf 70' lang='grc' dir='ltr'>Θεὸν</span> <span class='ocrx_word' id='word_1_192' title='bbox 745 3350 874 3403; x_wconf 71' lang='grc' dir='ltr'>ὄντα</span> <span class='ocrx_word' id='word_1_193' title='bbox 910 3351 1006 3405; x_wconf 72' lang='grc' dir='ltr'>καὶ</span> <span class='ocrx_word' id='word_1_194' title='bbox 1038 3351 1280 3424; x_wconf 82' lang='grc' dir='ltr'>Ποιητὴν</span> <span class='ocrx_word' id='word_1_195' title='bbox 1305 3354 1526 3406; x_wconf 84' lang='grc' dir='ltr'>πάντων</span> <span class='ocrx_word' id='word_1_196' title='bbox 1552 3367 1565 3382; x_wconf 85' lang='lat'><strong><em>°</em></strong></span> <span class='ocrx_word' id='word_1_197' title='bbox 1605 3353 1672 3405; x_wconf 77' lang='grc' dir='ltr'><strong>τά</strong></span> <span class='ocrx_word' id='word_1_198' title='bbox 1709 3353 1764 3405; x_wconf 86' lang='grc' dir='ltr'>δὲ</span> 
     </span>
    </p>
   </div>
   <div class='ocr_carea' id='block_1_32' title="bbox 184 3439 1766 3514">
    <p class='ocr_par' dir='ltr' id='par_1_32' title="bbox 184 3439 1766 3514">
     <span class='ocr_line' id='line_1_32' title="bbox 184 3439 1766 3514; baseline 0.004 -24"><span class='ocrx_word' id='word_1_199' title='bbox 184 3441 401 3500; x_wconf 79' lang='grc' dir='ltr'>εἴδωλα,</span> <span class='ocrx_word' id='word_1_200' title='bbox 455 3439 589 3501; x_wconf 77' lang='grc' dir='ltr'>ξύλα</span> <span class='ocrx_word' id='word_1_201' title='bbox 629 3439 723 3491; x_wconf 85' lang='grc' dir='ltr'>καὶ</span> <span class='ocrx_word' id='word_1_202' title='bbox 769 3440 948 3502; x_wconf 87' lang='grc' dir='ltr'>λίθους</span> <span class='ocrx_word' id='word_1_203' title='bbox 992 3442 1318 3511; x_wconf 80' lang='grc' dir='ltr'>ἀναίσθητα,</span> <span class='ocrx_word' id='word_1_204' title='bbox 1369 3444 1508 3513; x_wconf 73' lang='grc' dir='ltr'>ἔργα</span> <span class='ocrx_word' id='word_1_205' title='bbox 1565 3443 1766 3514; x_wconf 81' lang='grc' dir='ltr'>χειρῶν</span> 
     </span>
    </p>
   </div>
   <div class='ocr_carea' id='block_1_33' title="bbox 183 3530 1765 3602">
    <p class='ocr_par' dir='ltr' id='par_1_33' title="bbox 183 3530 1765 3602">
     <span class='ocr_line' id='line_1_33' title="bbox 183 3530 1765 3602; baseline 0.003 -17"><span class='ocrx_word' id='word_1_206' title='bbox 183 3532 516 3600; x_wconf 79' lang='grc' dir='ltr'>ἀνθρώπων,</span> <span class='ocrx_word' id='word_1_207' title='bbox 546 3530 641 3581; x_wconf 76' lang='grc' dir='ltr'>τοῦ</span> <span class='ocrx_word' id='word_1_208' title='bbox 680 3530 931 3584; x_wconf 78' lang='grc' dir='ltr'>δ;ασόλου</span> <span class='ocrx_word' id='word_1_209' title='bbox 969 3535 1349 3602; x_wconf 75' lang='grc' dir='ltr'>ἐφευρήματα.</span> <span class='ocrx_word' id='word_1_210' title='bbox 1376 3535 1468 3586; x_wconf 81' lang='grc' dir='ltr'><strong>Διὸ</strong></span> <span class='ocrx_word' id='word_1_211' title='bbox 1501 3536 1765 3590; x_wconf 85' lang='grc' dir='ltr'>τύπτεται</span> 
     </span>
    </p>
   </div>
   <div class='ocr_carea' id='block_1_34' title="bbox 183 3620 1766 3698">
    <p class='ocr_par' dir='ltr' id='par_1_34' title="bbox 183 3620 1766 3698">
     <span class='ocr_line' id='line_1_34' title="bbox 183 3620 1766 3698; baseline 0 -25"><span class='ocrx_word' id='word_1_212' title='bbox 183 3621 421 3698; x_wconf 44' lang='lat' dir='ltr'><strong>sesami);</strong></span> <span class='ocrx_word' id='word_1_213' title='bbox 472 3620 597 3686; x_wconf 76' lang='grc' dir='ltr'>(σὺν</span> <span class='ocrx_word' id='word_1_214' title='bbox 639 3620 718 3692; x_wconf 82' lang='grc' dir='ltr'><strong>τῷ</strong></span> <span class='ocrx_word' id='word_1_215' title='bbox 755 3621 970 3692; x_wconf 80' lang='grc' dir='ltr'>Σουηρᾷ</span> <span class='ocrx_word' id='word_1_216' title='bbox 1003 3622 1306 3693; x_wconf 83' lang='grc' dir='ltr'>ὲπισκόπῳ)</span> <span class='ocrx_word' id='word_1_217' title='bbox 1336 3625 1428 3675; x_wconf 71' lang='grc' dir='ltr'>καὶ</span> <span class='ocrx_word' id='word_1_218' title='bbox 1456 3621 1625 3685; x_wconf 85' lang='grc' dir='ltr'>λίθοις</span> <span class='ocrx_word' id='word_1_219' title='bbox 1665 3623 1766 3684; x_wconf 68' lang='grc' dir='ltr'><strong>τὰς</strong></span> 
     </span>
    </p>
   </div>
   <div class='ocr_carea' id='block_1_35' title="bbox 182 3715 1765 3786">
    <p class='ocr_par' dir='ltr' id='par_1_35' title="bbox 182 3715 1765 3786">
     <span class='ocr_line' id='line_1_35' title="bbox 182 3715 1765 3786; baseline -0.001 -18"><span class='ocrx_word' id='word_1_220' title='bbox 182 3717 333 3785; x_wconf 40' lang='lat' dir='ltr'><strong>hbet;</strong></span> <span class='ocrx_word' id='word_1_221' title='bbox 366 3715 731 3780; x_wconf 82' lang='grc' dir='ltr'>συνθλῶνται,</span> <span class='ocrx_word' id='word_1_222' title='bbox 767 3715 861 3768; x_wconf 73' lang='grc' dir='ltr'>καὶ</span> <span class='ocrx_word' id='word_1_223' title='bbox 889 3716 969 3778; x_wconf 91' lang='grc' dir='ltr'><strong>είς</strong></span> <span class='ocrx_word' id='word_1_224' title='bbox 1004 3717 1233 3786; x_wconf 76' lang='grc' dir='ltr'>κάμινον</span> <span class='ocrx_word' id='word_1_225' title='bbox 1263 3716 1435 3786; x_wconf 79' lang='grc' dir='ltr'>πυρὸς</span> <span class='ocrx_word' id='word_1_226' title='bbox 1463 3715 1765 3786; x_wconf 74' lang='grc' dir='ltr'>ιμὸληθέν-</span> 
     </span>
    </p>
   </div>
   <div class='ocr_carea' id='block_1_36' title="bbox 181 3805 1766 3876">
    <p class='ocr_par' dir='ltr' id='par_1_36' title="bbox 181 3805 1766 3876">
     <span class='ocr_line' id='line_1_36' title="bbox 181 3805 1766 3876; baseline 0 -18"><span class='ocrx_word' id='word_1_227' title='bbox 181 3825 295 3871; x_wconf 77' lang='grc' dir='ltr'>τες,</span> <span class='ocrx_word' id='word_1_228' title='bbox 347 3806 577 3876; x_wconf 73' lang='grc' dir='ltr'>ἐξῆλθον</span> <span class='ocrx_word' id='word_1_229' title='bbox 627 3805 921 3864; x_wconf 75' lang='grc' dir='ltr'>ὰὸλασεῖς·</span> <span class='ocrx_word' id='word_1_230' title='bbox 981 3805 1102 3858; x_wconf 80' lang='grc' dir='ltr'>ὅθεν</span> <span class='ocrx_word' id='word_1_231' title='bbox 1143 3807 1385 3857; x_wconf 79' lang='grc' dir='ltr'>πλεῖστοι</span> <span class='ocrx_word' id='word_1_232' title='bbox 1434 3807 1766 3858; x_wconf 78' lang='grc' dir='ltr'>ἐπίστευσαν</span> 
     </span>
    </p>
   </div>
   <div class='ocr_carea' id='block_1_37' title="bbox 181 3895 1768 3969">
    <p class='ocr_par' dir='ltr' id='par_1_37' title="bbox 181 3895 1768 3969">
     <span class='ocr_line' id='line_1_37' title="bbox 181 3895 1768 3969; baseline -0.001 -19"><span class='ocrx_word' id='word_1_233' title='bbox 181 3901 258 3965; x_wconf 77' lang='grc' dir='ltr'>τῷ</span> <span class='ocrx_word' id='word_1_234' title='bbox 291 3898 536 3965; x_wconf 73' lang='grc' dir='ltr'>Χριστῷ.</span> <span class='ocrx_word' id='word_1_235' title='bbox 569 3895 685 3960; x_wconf 72' lang='grc' dir='ltr'>καὶ,</span> <span class='ocrx_word' id='word_1_236' title='bbox 726 3897 916 3964; x_wconf 77' lang='grc' dir='ltr'>Μέγας</span> <span class='ocrx_word' id='word_1_237' title='bbox 966 3897 992 3947; x_wconf 90' lang='lat'><strong>6</strong></span> <span class='ocrx_word' id='word_1_238' title='bbox 1023 3896 1181 3962; x_wconf 78' lang='grc' dir='ltr'>θεὸς,</span> <span class='ocrx_word' id='word_1_239' title='bbox 1231 3896 1558 3969; x_wconf 70' lang='grc' dir='ltr'>ἀνεϐόησαν,</span> <span class='ocrx_word' id='word_1_240' title='bbox 1595 3899 1622 3950; x_wconf 90' lang='lat'><strong>6</strong></span> <span class='ocrx_word' id='word_1_241' title='bbox 1663 3898 1768 3950; x_wconf 75' lang='grc' dir='ltr'><strong>ὑπὸ</strong></span> 
     </span>
    </p>
   </div>
   <div class='ocr_carea' id='block_1_38' title="bbox 1866 1412 3438 1482">
    <p class='ocr_par' dir='ltr' id='par_1_38' title="bbox 1866 1412 3438 1482">
     <span class='ocr_line' id='line_1_38' title="bbox 1866 1412 3438 1482; baseline -0.004 -13"><span class='ocrx_word' id='word_1_242' title='bbox 1866 1427 2042 1479; x_wconf 87' lang='lat' dir='ltr'><strong>ortus,</strong></span> <span class='ocrx_word' id='word_1_243' title='bbox 2085 1430 2210 1468; x_wconf 92' lang='lat' dir='ltr'><strong>cum</strong></span> <span class='ocrx_word' id='word_1_244' title='bbox 2258 1414 2458 1469; x_wconf 80' lang='lat' dir='ltr'><strong>Paulus</strong></span> <span class='ocrx_word' id='word_1_245' title='bbox 2505 1413 2787 1482; x_wconf 74' lang='lat' dir='ltr'><strong>apostolus</strong></span> <span class='ocrx_word' id='word_1_246' title='bbox 2826 1412 3270 1480; x_wconf 80' lang='lat' dir='ltr'><strong>proﬁcisceretur</strong></span> <span class='ocrx_word' id='word_1_247' title='bbox 3330 1413 3438 1464; x_wconf 79' lang='lat' dir='ltr'><strong>Ro-</strong></span> 
     </span>
    </p>
   </div>
   <div class='ocr_carea' id='block_1_39' title="bbox 1868 1503 3440 1573">
    <p class='ocr_par' dir='ltr' id='par_1_39' title="bbox 1868 1503 3440 1573">
     <span class='ocr_line' id='line_1_39' title="bbox 1868 1503 3440 1573; baseline -0.002 -15"><span class='ocrx_word' id='word_1_248' title='bbox 1868 1522 2032 1569; x_wconf 85' lang='lat' dir='ltr'><strong>mam,</strong></span> <span class='ocrx_word' id='word_1_249' title='bbox 2083 1506 2260 1573; x_wconf 91' lang='lat' dir='ltr'><strong>ipsum</strong></span> <span class='ocrx_word' id='word_1_250' title='bbox 2314 1505 2607 1558; x_wconf 89' lang='lat' dir='ltr'><strong>comitatus</strong></span> <span class='ocrx_word' id='word_1_251' title='bbox 2653 1503 2754 1556; x_wconf 82' lang='lat' dir='ltr'><strong>fuit</strong></span> <span class='ocrx_word' id='word_1_252' title='bbox 2812 1517 2985 1572; x_wconf 88' lang='lat' dir='ltr'><strong>usque</strong></span> <span class='ocrx_word' id='word_1_253' title='bbox 3039 1503 3106 1556; x_wconf 90' lang='lat' dir='ltr'><strong>ad</strong></span> <span class='ocrx_word' id='word_1_254' title='bbox 3162 1503 3440 1556; x_wconf 88' lang='lat' dir='ltr'><strong>civitatem</strong></span> 
     </span>
    </p>
   </div>
   <div class='ocr_carea' id='block_1_40' title="bbox 1864 1595 3438 1666">
    <p class='ocr_par' dir='ltr' id='par_1_40' title="bbox 1864 1595 3438 1666">
     <span class='ocr_line' id='line_1_40' title="bbox 1864 1595 3438 1666; baseline -0.001 -15"><span class='ocrx_word' id='word_1_255' title='bbox 1864 1598 2133 1666; x_wconf 81' lang='lat' dir='ltr'><strong>Rhegium</strong></span> <span class='ocrx_word' id='word_1_256' title='bbox 2175 1595 2461 1651; x_wconf 76' lang='lat' dir='ltr'><strong>Calabrizc.</strong></span> <span class='ocrx_word' id='word_1_257' title='bbox 2495 1595 2786 1649; x_wconf 86' lang='lat' dir='ltr'><strong>lnveniens</strong></span> <span class='ocrx_word' id='word_1_258' title='bbox 2824 1604 3006 1648; x_wconf 90' lang='lat' dir='ltr'><strong>autem</strong></span> <span class='ocrx_word' id='word_1_259' title='bbox 3037 1595 3331 1663; x_wconf 82' lang='lat' dir='ltr'><strong>Apostolus</strong></span> <span class='ocrx_word' id='word_1_260' title='bbox 3365 1596 3438 1649; x_wconf 81' lang='lat' dir='ltr'><strong>ci-</strong></span> 
     </span>
    </p>
   </div>
   <div class='ocr_carea' id='block_1_41' title="bbox 1861 1685 3441 1756">
    <p class='ocr_par' dir='ltr' id='par_1_41' title="bbox 1861 1685 3441 1756">
     <span class='ocr_line' id='line_1_41' title="bbox 1861 1685 3441 1756; baseline -0.002 -13"><span class='ocrx_word' id='word_1_261' title='bbox 1861 1692 2084 1743; x_wconf 87' lang='lat' dir='ltr'><strong>vitalem</strong></span> <span class='ocrx_word' id='word_1_262' title='bbox 2133 1689 2301 1753; x_wconf 84' lang='lat' dir='ltr'><strong>illam,</strong></span> <span class='ocrx_word' id='word_1_263' title='bbox 2359 1699 2528 1744; x_wconf 88' lang='lat' dir='ltr'><strong>totam</strong></span> <span class='ocrx_word' id='word_1_264' title='bbox 2583 1689 2950 1750; x_wconf 85' lang='lat' dir='ltr'><strong>idololatram,</strong></span> <span class='ocrx_word' id='word_1_265' title='bbox 3005 1688 3320 1756; x_wconf 66' lang='lat' dir='ltr'><strong>praedicavit</strong></span> <span class='ocrx_word' id='word_1_266' title='bbox 3363 1685 3441 1740; x_wconf 88' lang='lat' dir='ltr'><strong>ibi</strong></span> 
     </span>
    </p>
   </div>
   <div class='ocr_carea' id='block_1_42' title="bbox 1867 1782 3442 1850">
    <p class='ocr_par' dir='ltr' id='par_1_42' title="bbox 1867 1782 3442 1850">
     <span class='ocr_line' id='line_1_42' title="bbox 1867 1782 3442 1850; baseline 0.001 -17"><span class='ocrx_word' id='word_1_267' title='bbox 1867 1783 2090 1836; x_wconf 85' lang='lat' dir='ltr'><strong>verbum</strong></span> <span class='ocrx_word' id='word_1_268' title='bbox 2126 1782 2220 1834; x_wconf 91' lang='lat' dir='ltr'><strong>Dei</strong></span> <span class='ocrx_word' id='word_1_269' title='bbox 2257 1799 2269 1833; x_wconf 93' lang='lat'><strong>:</strong></span> <span class='ocrx_word' id='word_1_270' title='bbox 2307 1791 2362 1835; x_wconf 91' lang='lat' dir='ltr'><strong>et</strong></span> <span class='ocrx_word' id='word_1_271' title='bbox 2392 1782 2854 1850; x_wconf 83' lang='lat' dir='ltr'><strong>quemadmodum</strong></span> <span class='ocrx_word' id='word_1_272' title='bbox 2902 1782 3044 1837; x_wconf 84' lang='lat' dir='ltr'><strong>bona</strong></span> <span class='ocrx_word' id='word_1_273' title='bbox 3073 1791 3214 1835; x_wconf 88' lang='lat' dir='ltr'><strong>terra</strong></span> <span class='ocrx_word' id='word_1_274' title='bbox 3250 1795 3442 1834; x_wconf 83' lang='lat' dir='ltr'><strong>semen</strong></span> 
     </span>
    </p>
   </div>
   <div class='ocr_carea' id='block_1_43' title="bbox 1866 1873 3442 1943">
    <p class='ocr_par' dir='ltr' id='par_1_43' title="bbox 1866 1873 3442 1943">
     <span class='ocr_line' id='line_1_43' title="bbox 1866 1873 3442 1943; baseline 0 -17"><span class='ocrx_word' id='word_1_275' title='bbox 1866 1874 2060 1942; x_wconf 84' lang='lat' dir='ltr'><strong>recipit</strong></span> <span class='ocrx_word' id='word_1_276' title='bbox 2089 1874 2525 1943; x_wconf 88' lang='lat' dir='ltr'><strong>multiplicatque</strong></span> <span class='ocrx_word' id='word_1_277' title='bbox 2557 1875 2899 1943; x_wconf 90' lang='lat' dir='ltr'><strong>centuplum,</strong></span> <span class='ocrx_word' id='word_1_278' title='bbox 2929 1874 3002 1926; x_wconf 91' lang='lat' dir='ltr'><strong>ita</strong></span> <span class='ocrx_word' id='word_1_279' title='bbox 3027 1873 3220 1927; x_wconf 70' lang='lat' dir='ltr'><strong>incolae</strong></span> <span class='ocrx_word' id='word_1_280' title='bbox 3247 1873 3442 1926; x_wconf 82' lang='lat' dir='ltr'><strong>civita-</strong></span> 
     </span>
    </p>
   </div>
   <div class='ocr_carea' id='block_1_44' title="bbox 1867 1962 3444 2032">
    <p class='ocr_par' dir='ltr' id='par_1_44' title="bbox 1867 1962 3444 2032">
     <span class='ocr_line' id='line_1_44' title="bbox 1867 1962 3444 2032; baseline 0.001 -16"><span class='ocrx_word' id='word_1_281' title='bbox 1867 1964 1936 2017; x_wconf 91' lang='lat' dir='ltr'><strong>tis</strong></span> <span class='ocrx_word' id='word_1_282' title='bbox 1977 1963 2203 2016; x_wconf 84' lang='lat' dir='ltr'><strong>verbum</strong></span> <span class='ocrx_word' id='word_1_283' title='bbox 2255 1973 2605 2032; x_wconf 85' lang='lat' dir='ltr'><strong>receperunt.</strong></span> <span class='ocrx_word' id='word_1_284' title='bbox 2642 1963 2856 2017; x_wconf 87' lang='lat' dir='ltr'><strong>Interea</strong></span> <span class='ocrx_word' id='word_1_285' title='bbox 2893 1962 3244 2017; x_wconf 84' lang='lat' dir='ltr'><strong>catechizans</strong></span> <span class='ocrx_word' id='word_1_286' title='bbox 3294 1963 3444 2032; x_wconf 87' lang='lat' dir='ltr'><strong>ipsos</strong></span> 
     </span>
    </p>
   </div>
   <div class='ocr_carea' id='block_1_45' title="bbox 1865 2054 3444 2125">
    <p class='ocr_par' dir='ltr' id='par_1_45' title="bbox 1865 2054 3444 2125">
     <span class='ocr_line' id='line_1_45' title="bbox 1865 2054 3444 2125; baseline 0 -15"><span class='ocrx_word' id='word_1_287' title='bbox 1865 2056 2086 2115; x_wconf 81' lang='lat' dir='ltr'><strong>Paulus.</strong></span> <span class='ocrx_word' id='word_1_288' title='bbox 2122 2055 2418 2125; x_wconf 83' lang='lat' dir='ltr'><strong>baptizavit</strong></span> <span class='ocrx_word' id='word_1_289' title='bbox 2468 2056 2737 2125; x_wconf 89' lang='lat' dir='ltr'><strong>plurimos</strong></span> <span class='ocrx_word' id='word_1_290' title='bbox 2789 2055 2840 2109; x_wconf 88' lang='lat' dir='ltr'><strong>in</strong></span> <span class='ocrx_word' id='word_1_291' title='bbox 2894 2055 3116 2109; x_wconf 88' lang='lat' dir='ltr'><strong>nomine</strong></span> <span class='ocrx_word' id='word_1_292' title='bbox 3160 2054 3340 2110; x_wconf 85' lang='lat' dir='ltr'><strong>Patris</strong></span> <span class='ocrx_word' id='word_1_293' title='bbox 3385 2063 3444 2110; x_wconf 84' lang='lat' dir='ltr'><strong>et</strong></span> 
     </span>
    </p>
   </div>
   <div class='ocr_carea' id='block_1_46' title="bbox 1865 2145 3440 2218">
    <p class='ocr_par' dir='ltr' id='par_1_46' title="bbox 1865 2145 3440 2218">
     <span class='ocr_line' id='line_1_46' title="bbox 1865 2145 3440 2218; baseline -0.001 -16"><span class='ocrx_word' id='word_1_294' title='bbox 1865 2149 1986 2202; x_wconf 86' lang='lat' dir='ltr'><strong>Filii</strong></span> <span class='ocrx_word' id='word_1_295' title='bbox 2030 2156 2085 2202; x_wconf 91' lang='lat' dir='ltr'><strong>ct</strong></span> <span class='ocrx_word' id='word_1_296' title='bbox 2125 2146 2364 2216; x_wconf 89' lang='lat' dir='ltr'><strong>Spiritus</strong></span> <span class='ocrx_word' id='word_1_297' title='bbox 2397 2149 2610 2212; x_wconf 89' lang='lat' dir='ltr'><strong>sancti;</strong></span> <span class='ocrx_word' id='word_1_298' title='bbox 2640 2159 2808 2218; x_wconf 87' lang='lat' dir='ltr'><strong>atque</strong></span> <span class='ocrx_word' id='word_1_299' title='bbox 2838 2147 3116 2202; x_wconf 83' lang='lat' dir='ltr'><strong>ordinavit</strong></span> <span class='ocrx_word' id='word_1_300' title='bbox 3147 2145 3221 2202; x_wconf 88' lang='lat' dir='ltr'><strong>ibi</strong></span> <span class='ocrx_word' id='word_1_301' title='bbox 3251 2145 3440 2200; x_wconf 81' lang='lat' dir='ltr'><strong>archi-</strong></span> 
     </span>
    </p>
   </div>
   <div class='ocr_carea' id='block_1_47' title="bbox 1863 2239 3443 2310">
    <p class='ocr_par' dir='ltr' id='par_1_47' title="bbox 1863 2239 3443 2310">
     <span class='ocr_line' id='line_1_47' title="bbox 1863 2239 3443 2310; baseline -0.001 -17"><span class='ocrx_word' id='word_1_302' title='bbox 1863 2241 2184 2309; x_wconf 87' lang='lat' dir='ltr'><strong>episcopum</strong></span> <span class='ocrx_word' id='word_1_303' title='bbox 2219 2240 2580 2309; x_wconf 85' lang='lat' dir='ltr'><strong>Stephanum,</strong></span> <span class='ocrx_word' id='word_1_304' title='bbox 2617 2243 2712 2310; x_wconf 87' lang='lat' dir='ltr'><strong>qui</strong></span> <span class='ocrx_word' id='word_1_305' title='bbox 2740 2250 2887 2296; x_wconf 91' lang='lat' dir='ltr'><strong>recte</strong></span> <span class='ocrx_word' id='word_1_306' title='bbox 2919 2255 3149 2310; x_wconf 89' lang='lat' dir='ltr'><strong>pascens</strong></span> <span class='ocrx_word' id='word_1_307' title='bbox 3184 2239 3443 2294; x_wconf 82' lang='lat' dir='ltr'><strong>commis-</strong></span> 
     </span>
    </p>
   </div>
   <div class='ocr_carea' id='block_1_48' title="bbox 1864 2331 3442 2403">
    <p class='ocr_par' dir='ltr' id='par_1_48' title="bbox 1864 2331 3442 2403">
     <span class='ocr_line' id='line_1_48' title="bbox 1864 2331 3442 2403; baseline -0.004 -14"><span class='ocrx_word' id='word_1_308' title='bbox 1864 2349 1982 2389; x_wconf 90' lang='lat' dir='ltr'><strong>sum</strong></span> <span class='ocrx_word' id='word_1_309' title='bbox 2017 2331 2121 2386; x_wconf 90' lang='lat' dir='ltr'><strong>sibi</strong></span> <span class='ocrx_word' id='word_1_310' title='bbox 2153 2347 2394 2403; x_wconf 87' lang='lat' dir='ltr'><strong>gregem,</strong></span> <span class='ocrx_word' id='word_1_311' title='bbox 2437 2333 2640 2387; x_wconf 89' lang='lat' dir='ltr'><strong>multos</strong></span> <span class='ocrx_word' id='word_1_312' title='bbox 2688 2332 2743 2385; x_wconf 91' lang='lat' dir='ltr'><strong>in</strong></span> <span class='ocrx_word' id='word_1_313' title='bbox 2775 2332 3218 2386; x_wconf 82' lang='lat' dir='ltr'><strong>occidentalibus</strong></span> <span class='ocrx_word' id='word_1_314' title='bbox 3248 2331 3442 2401; x_wconf 86' lang='lat' dir='ltr'><strong>plagis,</strong></span> 
     </span>
    </p>
   </div>
   <div class='ocr_carea' id='block_1_49' title="bbox 1865 2420 3442 2489">
    <p class='ocr_par' dir='ltr' id='par_1_49' title="bbox 1865 2420 3442 2489">
     <span class='ocr_line' id='line_1_49' title="bbox 1865 2420 3442 2489; baseline -0.002 -13"><span class='ocrx_word' id='word_1_315' title='bbox 1865 2423 2140 2477; x_wconf 85' lang='lat' dir='ltr'><strong>convertit</strong></span> <span class='ocrx_word' id='word_1_316' title='bbox 2167 2423 2418 2477; x_wconf 88' lang='lat' dir='ltr'><strong>doctrina</strong></span> <span class='ocrx_word' id='word_1_317' title='bbox 2450 2438 2548 2477; x_wconf 90' lang='lat' dir='ltr'><strong>sua</strong></span> <span class='ocrx_word' id='word_1_318' title='bbox 2580 2420 2648 2475; x_wconf 90' lang='lat' dir='ltr'><strong>ad</strong></span> <span class='ocrx_word' id='word_1_319' title='bbox 2681 2421 2843 2475; x_wconf 80' lang='lat' dir='ltr'><strong>tidem</strong></span> <span class='ocrx_word' id='word_1_320' title='bbox 2878 2420 3106 2476; x_wconf 89' lang='lat' dir='ltr'><strong>Christi.</strong></span> <span class='ocrx_word' id='word_1_321' title='bbox 3142 2421 3442 2489; x_wconf 85' lang='lat' dir='ltr'><strong>Postquam</strong></span> 
     </span>
    </p>
   </div>
   <div class='ocr_carea' id='block_1_50' title="bbox 1866 2514 3446 2585">
    <p class='ocr_par' dir='ltr' id='par_1_50' title="bbox 1866 2514 3446 2585">
     <span class='ocr_line' id='line_1_50' title="bbox 1866 2514 3446 2585; baseline -0.001 -17"><span class='ocrx_word' id='word_1_322' title='bbox 1866 2514 2031 2583; x_wconf 77' lang='lat' dir='ltr'><strong>igitur</strong></span> <span class='ocrx_word' id='word_1_323' title='bbox 2065 2515 2459 2584; x_wconf 88' lang='lat' dir='ltr'><strong>septemdecim</strong></span> <span class='ocrx_word' id='word_1_324' title='bbox 2493 2530 2668 2569; x_wconf 89' lang='lat' dir='ltr'><strong>annos</strong></span> <span class='ocrx_word' id='word_1_325' title='bbox 2700 2514 2773 2569; x_wconf 87' lang='lat' dir='ltr'><strong>ibi</strong></span> <span class='ocrx_word' id='word_1_326' title='bbox 2799 2515 3094 2585; x_wconf 73' lang='lat' dir='ltr'><strong>exegisset,</strong></span> <span class='ocrx_word' id='word_1_327' title='bbox 3123 2514 3446 2582; x_wconf 81' lang='lat' dir='ltr'><strong>episcopos-</strong></span> 
     </span>
    </p>
   </div>
   <div class='ocr_carea' id='block_1_51' title="bbox 1864 2605 3444 2676">
    <p class='ocr_par' dir='ltr' id='par_1_51' title="bbox 1864 2605 3444 2676">
     <span class='ocr_line' id='line_1_51' title="bbox 1864 2605 3444 2676; baseline -0.003 -15"><span class='ocrx_word' id='word_1_328' title='bbox 1864 2623 1971 2676; x_wconf 91' lang='lat' dir='ltr'><strong>que</strong></span> <span class='ocrx_word' id='word_1_329' title='bbox 1996 2617 2051 2659; x_wconf 90' lang='lat' dir='ltr'><strong>et</strong></span> <span class='ocrx_word' id='word_1_330' title='bbox 2085 2606 2434 2676; x_wconf 80' lang='lat' dir='ltr'><strong>presbyteros</strong></span> <span class='ocrx_word' id='word_1_331' title='bbox 2453 2616 2847 2668; x_wconf 85' lang='lat' dir='ltr'><strong>consecrasset.</strong></span> <span class='ocrx_word' id='word_1_332' title='bbox 2878 2617 3041 2674; x_wconf 90' lang='lat' dir='ltr'><strong>atque</strong></span> <span class='ocrx_word' id='word_1_333' title='bbox 3072 2605 3315 2660; x_wconf 87' lang='lat' dir='ltr'><strong>Ecclesia</strong></span> <span class='ocrx_word' id='word_1_334' title='bbox 3345 2619 3444 2673; x_wconf 88' lang='lat' dir='ltr'><strong>per</strong></span> 
     </span>
    </p>
   </div>
   <div class='ocr_carea' id='block_1_52' title="bbox 1794 2678 3445 2768">
    <p class='ocr_par' dir='ltr' id='par_1_52' title="bbox 1794 2678 3445 2768">
     <span class='ocr_line' id='line_1_52' title="bbox 1794 2678 3445 2768; baseline 0 -16"><span class='ocrx_word' id='word_1_335' title='bbox 1794 2678 1836 2732; x_wconf 75' lang='grc' dir='ltr'><strong><em>Β</em></strong></span> <span class='ocrx_word' id='word_1_336' title='bbox 1867 2699 1960 2752; x_wconf 84' lang='lat' dir='ltr'><strong>Dei</strong></span> <span class='ocrx_word' id='word_1_337' title='bbox 2001 2700 2234 2765; x_wconf 80' lang='lat' dir='ltr'><strong>gratiam</strong></span> <span class='ocrx_word' id='word_1_338' title='bbox 2281 2696 2557 2765; x_wconf 86' lang='lat' dir='ltr'><strong>perampla</strong></span> <span class='ocrx_word' id='word_1_339' title='bbox 2588 2705 2734 2753; x_wconf 84' lang='lat' dir='ltr'><strong>esset</strong></span> <span class='ocrx_word' id='word_1_340' title='bbox 2763 2714 2778 2752; x_wconf 89' lang='lat'><strong>:</strong></span> <span class='ocrx_word' id='word_1_341' title='bbox 2812 2707 2957 2753; x_wconf 91' lang='lat' dir='ltr'><strong>mota</strong></span> <span class='ocrx_word' id='word_1_342' title='bbox 2993 2697 3098 2752; x_wconf 80' lang='lat' dir='ltr'><strong>fuit</strong></span> <span class='ocrx_word' id='word_1_343' title='bbox 3132 2697 3445 2768; x_wconf 88' lang='lat' dir='ltr'><strong>persecutio</strong></span> 
     </span>
    </p>
   </div>
   <div class='ocr_carea' id='block_1_53' title="bbox 1867 2787 2449 2844">
    <p class='ocr_par' dir='ltr' id='par_1_53' title="bbox 1867 2787 2449 2844">
     <span class='ocr_line' id='line_1_53' title="bbox 1867 2787 2449 2844; baseline -0.005 0"><span class='ocrx_word' id='word_1_344' title='bbox 1867 2798 2056 2844; x_wconf 89' lang='lat' dir='ltr'><strong>contra</strong></span> <span class='ocrx_word' id='word_1_345' title='bbox 2082 2787 2449 2843; x_wconf 85' lang='lat' dir='ltr'><strong>Christianos.</strong></span> 
     </span>
    </p>
   </div>
   <div class='ocr_carea' id='block_1_54' title="bbox 1937 2969 3446 3042">
    <p class='ocr_par' dir='ltr' id='par_1_54' title="bbox 1937 2969 3446 3042">
     <span class='ocr_line' id='line_1_54' title="bbox 1937 2969 3446 3042; baseline -0.002 -16"><span class='ocrx_word' id='word_1_346' title='bbox 1937 2974 2002 3026; x_wconf 94' lang='lat' dir='ltr'><strong>ll.</strong></span> <span class='ocrx_word' id='word_1_347' title='bbox 2036 2974 2093 3026; x_wconf 90' lang='lat' dir='ltr'><strong>ln</strong></span> <span class='ocrx_word' id='word_1_348' title='bbox 2123 2975 2216 3027; x_wconf 87' lang='lat' dir='ltr'><strong>illa</strong></span> <span class='ocrx_word' id='word_1_349' title='bbox 2253 2982 2437 3027; x_wconf 91' lang='lat' dir='ltr'><strong>autem</strong></span> <span class='ocrx_word' id='word_1_350' title='bbox 2473 2973 2908 3042; x_wconf 88' lang='lat' dir='ltr'><strong>comprehensus</strong></span> <span class='ocrx_word' id='word_1_351' title='bbox 2931 2970 3000 3025; x_wconf 90' lang='lat' dir='ltr'><strong>ab</strong></span> <span class='ocrx_word' id='word_1_352' title='bbox 3037 2969 3267 3024; x_wconf 89' lang='lat' dir='ltr'><strong>Hierace</strong></span> <span class='ocrx_word' id='word_1_353' title='bbox 3304 2985 3446 3039; x_wconf 70' lang='lat' dir='ltr'><strong>pra-</strong></span> 
     </span>
    </p>
   </div>
   <div class='ocr_carea' id='block_1_55' title="bbox 1868 3061 3446 3135">
    <p class='ocr_par' dir='ltr' id='par_1_55' title="bbox 1868 3061 3446 3135">
     <span class='ocr_line' id='line_1_55' title="bbox 1868 3061 3446 3135; baseline -0.004 -14"><span class='ocrx_word' id='word_1_354' title='bbox 1868 3066 1984 3121; x_wconf 85' lang='lat' dir='ltr'><strong>side</strong></span> <span class='ocrx_word' id='word_1_355' title='bbox 2015 3065 2072 3120; x_wconf 90' lang='lat' dir='ltr'><strong>S.</strong></span> <span class='ocrx_word' id='word_1_356' title='bbox 2106 3065 2440 3135; x_wconf 87' lang='lat' dir='ltr'><strong>Stephanus,</strong></span> <span class='ocrx_word' id='word_1_357' title='bbox 2475 3078 2731 3134; x_wconf 85' lang='lat' dir='ltr'><strong>tanquam</strong></span> <span class='ocrx_word' id='word_1_358' title='bbox 2774 3073 2968 3118; x_wconf 87' lang='lat' dir='ltr'><strong>auctor</strong></span> <span class='ocrx_word' id='word_1_359' title='bbox 3006 3061 3446 3124; x_wconf 88' lang='lat' dir='ltr'><strong>Christianismi,</strong></span> 
     </span>
    </p>
   </div>
   <div class='ocr_carea' id='block_1_56' title="bbox 1869 3151 3446 3226">
    <p class='ocr_par' dir='ltr' id='par_1_56' title="bbox 1869 3151 3446 3226">
     <span class='ocr_line' id='line_1_56' title="bbox 1869 3151 3446 3226; baseline -0.004 -13"><span class='ocrx_word' id='word_1_360' title='bbox 1869 3167 2094 3213; x_wconf 89' lang='lat' dir='ltr'><strong>coactus</strong></span> <span class='ocrx_word' id='word_1_361' title='bbox 2125 3156 2226 3210; x_wconf 77' lang='lat' dir='ltr'><strong>fuit</strong></span> <span class='ocrx_word' id='word_1_362' title='bbox 2266 3171 2468 3226; x_wconf 88' lang='lat' dir='ltr'><strong>negare</strong></span> <span class='ocrx_word' id='word_1_363' title='bbox 2507 3155 2791 3210; x_wconf 87' lang='lat' dir='ltr'><strong>Christum</strong></span> <span class='ocrx_word' id='word_1_364' title='bbox 2824 3163 2880 3209; x_wconf 89' lang='lat' dir='ltr'><strong>et</strong></span> <span class='ocrx_word' id='word_1_365' title='bbox 2910 3154 3222 3209; x_wconf 75' lang='lat' dir='ltr'><strong>sacrificare</strong></span> <span class='ocrx_word' id='word_1_366' title='bbox 3260 3151 3446 3206; x_wconf 86' lang='lat' dir='ltr'><strong>idolis.</strong></span> 
     </span>
    </p>
   </div>
   <div class='ocr_carea' id='block_1_57' title="bbox 1868 3246 3447 3317">
    <p class='ocr_par' dir='ltr' id='par_1_57' title="bbox 1868 3246 3447 3317">
     <span class='ocr_line' id='line_1_57' title="bbox 1868 3246 3447 3317; baseline -0.004 -14"><span class='ocrx_word' id='word_1_367' title='bbox 1868 3250 2022 3317; x_wconf 85' lang='lat' dir='ltr'><strong>Quod</strong></span> <span class='ocrx_word' id='word_1_368' title='bbox 2091 3251 2181 3304; x_wconf 88' lang='lat' dir='ltr'><strong>ille</strong></span> <span class='ocrx_word' id='word_1_369' title='bbox 2237 3265 2346 3303; x_wconf 90' lang='lat' dir='ltr'><strong>non</strong></span> <span class='ocrx_word' id='word_1_370' title='bbox 2409 3251 2712 3310; x_wconf 88' lang='lat' dir='ltr'><strong>sustinens,</strong></span> <span class='ocrx_word' id='word_1_371' title='bbox 2789 3248 2972 3316; x_wconf 85' lang='lat' dir='ltr'><strong>potius</strong></span> <span class='ocrx_word' id='word_1_372' title='bbox 3030 3246 3314 3299; x_wconf 79' lang='lat' dir='ltr'><strong>confessus</strong></span> <span class='ocrx_word' id='word_1_373' title='bbox 3363 3253 3447 3297; x_wconf 89' lang='lat' dir='ltr'><strong>est</strong></span> 
     </span>
    </p>
   </div>
   <div class='ocr_carea' id='block_1_58' title="bbox 1867 3335 3446 3403">
    <p class='ocr_par' dir='ltr' id='par_1_58' title="bbox 1867 3335 3446 3403">
     <span class='ocr_line' id='line_1_58' title="bbox 1867 3335 3446 3403; baseline -0.006 -6"><span class='ocrx_word' id='word_1_374' title='bbox 1867 3341 2149 3397; x_wconf 83' lang='lat' dir='ltr'><strong>Christum</strong></span> <span class='ocrx_word' id='word_1_375' title='bbox 2195 3342 2364 3396; x_wconf 91' lang='lat' dir='ltr'><strong>Deum</strong></span> <span class='ocrx_word' id='word_1_376' title='bbox 2409 3357 2531 3395; x_wconf 87' lang='lat' dir='ltr'><strong>esse</strong></span> <span class='ocrx_word' id='word_1_377' title='bbox 2565 3351 2620 3394; x_wconf 89' lang='lat' dir='ltr'><strong>et</strong></span> <span class='ocrx_word' id='word_1_378' title='bbox 2650 3348 2954 3395; x_wconf 87' lang='lat' dir='ltr'><strong>creatorem</strong></span> <span class='ocrx_word' id='word_1_379' title='bbox 2992 3338 3275 3403; x_wconf 92' lang='lat' dir='ltr'><strong>omnium;</strong></span> <span class='ocrx_word' id='word_1_380' title='bbox 3304 3335 3446 3389; x_wconf 89' lang='lat' dir='ltr'><strong>idola</strong></span> 
     </span>
    </p>
   </div>
   <div class='ocr_carea' id='block_1_59' title="bbox 1869 3431 3446 3504">
    <p class='ocr_par' dir='ltr' id='par_1_59' title="bbox 1869 3431 3446 3504">
     <span class='ocr_line' id='line_1_59' title="bbox 1869 3431 3446 3504; baseline -0.006 -15"><span class='ocrx_word' id='word_1_381' title='bbox 1869 3451 2002 3490; x_wconf 92' lang='lat' dir='ltr'><strong>vero</strong></span> <span class='ocrx_word' id='word_1_382' title='bbox 2034 3450 2154 3488; x_wconf 90' lang='lat' dir='ltr'><strong>esse</strong></span> <span class='ocrx_word' id='word_1_383' title='bbox 2197 3436 2340 3504; x_wconf 86' lang='lat' dir='ltr'><strong>ligna</strong></span> <span class='ocrx_word' id='word_1_384' title='bbox 2389 3443 2446 3489; x_wconf 91' lang='lat' dir='ltr'><strong>et</strong></span> <span class='ocrx_word' id='word_1_385' title='bbox 2491 3434 2722 3501; x_wconf 86' lang='lat' dir='ltr'><strong>lapides,</strong></span> <span class='ocrx_word' id='word_1_386' title='bbox 2760 3447 2925 3486; x_wconf 89' lang='lat' dir='ltr'><strong>sensu</strong></span> <span class='ocrx_word' id='word_1_387' title='bbox 2956 3431 3201 3484; x_wconf 87' lang='lat' dir='ltr'><strong>carentia</strong></span> <span class='ocrx_word' id='word_1_388' title='bbox 3228 3469 3241 3491; x_wconf 87' lang='lat'>.</span> <span class='ocrx_word' id='word_1_389' title='bbox 3280 3443 3446 3495; x_wconf 88' lang='lat' dir='ltr'><strong>opera</strong></span> 
     </span>
    </p>
   </div>
   <div class='ocr_carea' id='block_1_60' title="bbox 1869 3521 3449 3588">
    <p class='ocr_par' dir='ltr' id='par_1_60' title="bbox 1869 3521 3449 3588">
     <span class='ocr_line' id='line_1_60' title="bbox 1869 3521 3449 3588; baseline -0.004 -6"><span class='ocrx_word' id='word_1_390' title='bbox 1869 3542 2131 3583; x_wconf 89' lang='lat' dir='ltr'><strong>manuum</strong></span> <span class='ocrx_word' id='word_1_391' title='bbox 2177 3525 2486 3588; x_wconf 86' lang='lat' dir='ltr'><strong>hominum,</strong></span> <span class='ocrx_word' id='word_1_392' title='bbox 2521 3535 2577 3579; x_wconf 91' lang='lat' dir='ltr'><strong>et</strong></span> <span class='ocrx_word' id='word_1_393' title='bbox 2615 3524 2822 3580; x_wconf 88' lang='lat' dir='ltr'><strong>diaboli</strong></span> <span class='ocrx_word' id='word_1_394' title='bbox 2859 3523 3104 3578; x_wconf 91' lang='lat' dir='ltr'><strong>inventa.</strong></span> <span class='ocrx_word' id='word_1_395' title='bbox 3148 3522 3289 3576; x_wconf 85' lang='lat' dir='ltr'><strong>Hine</strong></span> <span class='ocrx_word' id='word_1_396' title='bbox 3329 3521 3449 3575; x_wconf 84' lang='lat' dir='ltr'><strong>sine</strong></span> 
     </span>
    </p>
   </div>
   <div class='ocr_carea' id='block_1_61' title="bbox 1867 3614 3450 3686">
    <p class='ocr_par' dir='ltr' id='par_1_61' title="bbox 1867 3614 3450 3686">
     <span class='ocr_line' id='line_1_61' title="bbox 1867 3614 3450 3686; baseline -0.006 -10"><span class='ocrx_word' id='word_1_397' title='bbox 1867 3622 2177 3677; x_wconf 87' lang='lat' dir='ltr'><strong>cessatione</strong></span> <span class='ocrx_word' id='word_1_398' title='bbox 2202 3621 2534 3675; x_wconf 89' lang='lat' dir='ltr'><strong>verberatur</strong></span> <span class='ocrx_word' id='word_1_399' title='bbox 2569 3635 2676 3672; x_wconf 89' lang='lat' dir='ltr'><strong>una</strong></span> <span class='ocrx_word' id='word_1_400' title='bbox 2706 3616 2831 3672; x_wconf 84' lang='lat' dir='ltr'><strong>cum</strong></span> <span class='ocrx_word' id='word_1_401' title='bbox 2867 3617 3130 3686; x_wconf 87' lang='lat' dir='ltr'><strong>episcopo</strong></span> <span class='ocrx_word' id='word_1_402' title='bbox 3167 3614 3364 3677; x_wconf 88' lang='lat' dir='ltr'><strong>Suera,</strong></span> <span class='ocrx_word' id='word_1_403' title='bbox 3392 3621 3450 3667; x_wconf 83' lang='lat' dir='ltr'><strong>et</strong></span> 
     </span>
    </p>
   </div>
   <div class='ocr_carea' id='block_1_62' title="bbox 1868 3706 3449 3781">
    <p class='ocr_par' dir='ltr' id='par_1_62' title="bbox 1868 3706 3449 3781">
     <span class='ocr_line' id='line_1_62' title="bbox 1868 3706 3449 3781; baseline -0.006 -13"><span class='ocrx_word' id='word_1_404' title='bbox 1868 3715 2037 3768; x_wconf 84' lang='lat' dir='ltr'><strong>facies</strong></span> <span class='ocrx_word' id='word_1_405' title='bbox 2066 3729 2256 3767; x_wconf 91' lang='lat' dir='ltr'><strong>eorum</strong></span> <span class='ocrx_word' id='word_1_406' title='bbox 2286 3712 2563 3781; x_wconf 84' lang='lat' dir='ltr'><strong>lapidibus</strong></span> <span class='ocrx_word' id='word_1_407' title='bbox 2584 3719 2972 3775; x_wconf 91' lang='lat' dir='ltr'><strong>conteruntur,</strong></span> <span class='ocrx_word' id='word_1_408' title='bbox 3004 3718 3060 3764; x_wconf 86' lang='lat' dir='ltr'><strong>et</strong></span> <span class='ocrx_word' id='word_1_409' title='bbox 3087 3708 3140 3761; x_wconf 94' lang='lat' dir='ltr'><strong>in</strong></span> <span class='ocrx_word' id='word_1_410' title='bbox 3170 3706 3449 3761; x_wconf 86' lang='lat' dir='ltr'><strong>caminum</strong></span> 
     </span>
    </p>
   </div>
   <div class='ocr_carea' id='block_1_63' title="bbox 1870 3798 3450 3880">
    <p class='ocr_par' dir='ltr' id='par_1_63' title="bbox 1870 3798 3450 3880">
     <span class='ocr_line' id='line_1_63' title="bbox 1870 3798 3450 3880; baseline -0.007 -18"><span class='ocrx_word' id='word_1_411' title='bbox 1870 3809 2010 3880; x_wconf 91' lang='lat' dir='ltr'><strong>ignis</strong></span> <span class='ocrx_word' id='word_1_412' title='bbox 2066 3805 2272 3877; x_wconf 85' lang='lat' dir='ltr'><strong>injecti,</strong></span> <span class='ocrx_word' id='word_1_413' title='bbox 2328 3806 2458 3859; x_wconf 88' lang='lat' dir='ltr'><strong>inde</strong></span> <span class='ocrx_word' id='word_1_414' title='bbox 2505 3807 2762 3860; x_wconf 75' lang='lat' dir='ltr'><strong>exierunt</strong></span> <span class='ocrx_word' id='word_1_415' title='bbox 2801 3803 2975 3857; x_wconf 67' lang='lat' dir='ltr'><strong>illaesi.</strong></span> <span class='ocrx_word' id='word_1_416' title='bbox 3011 3801 3132 3868; x_wconf 84' lang='lat' dir='ltr'><strong>Quo</strong></span> <span class='ocrx_word' id='word_1_417' title='bbox 3181 3798 3450 3853; x_wconf 86' lang='lat' dir='ltr'><strong>miraculo</strong></span> 
     </span>
    </p>
   </div>
   <div class='ocr_carea' id='block_1_64' title="bbox 1870 3894 3446 3969">
    <p class='ocr_par' dir='ltr' id='par_1_64' title="bbox 1870 3894 3446 3969">
     <span class='ocr_line' id='line_1_64' title="bbox 1870 3894 3446 3969; baseline -0.006 -15"><span class='ocrx_word' id='word_1_418' title='bbox 1870 3901 2095 3969; x_wconf 89' lang='lat' dir='ltr'><strong>plurimi</strong></span> <span class='ocrx_word' id='word_1_419' title='bbox 2148 3899 2510 3954; x_wconf 88' lang='lat' dir='ltr'><strong>crediderunt</strong></span> <span class='ocrx_word' id='word_1_420' title='bbox 2570 3897 2623 3951; x_wconf 93' lang='lat' dir='ltr'><strong>in</strong></span> <span class='ocrx_word' id='word_1_421' title='bbox 2672 3894 2978 3960; x_wconf 86' lang='lat' dir='ltr'><strong>Christum,</strong></span> <span class='ocrx_word' id='word_1_422' title='bbox 3023 3894 3446 3948; x_wconf 79' lang='lat' dir='ltr'><strong>exclamantes:</strong></span> 
     </span>
    </p>
   </div>
   <div class='ocr_carea' id='block_1_65' title="bbox 181 3983 1764 4072">
    <p class='ocr_par' dir='ltr' id='par_1_65' title="bbox 181 3989 1763 4063">
     <span class='ocr_line' id='line_1_65' title="bbox 181 3989 1763 4063; baseline 0.001 -19"><span class='ocrx_word' id='word_1_423' title='bbox 181 3992 480 4059; x_wconf 70' lang='grc' dir='ltr'>Στεφάνου,</span> <span class='ocrx_word' id='word_1_424' title='bbox 512 3989 607 4043; x_wconf 73' lang='grc' dir='ltr'>καὶ</span> <span class='ocrx_word' id='word_1_425' title='bbox 630 3991 846 4062; x_wconf 69' lang='grc' dir='ltr'>Σουηρᾶ</span> <span class='ocrx_word' id='word_1_426' title='bbox 876 3992 985 4045; x_wconf 83' lang='grc' dir='ltr'><strong>τῶν</strong></span> <span class='ocrx_word' id='word_1_427' title='bbox 1005 3993 1311 4063; x_wconf 85' lang='grc' dir='ltr'>ἀρχιερέων</span> <span class='ocrx_word' id='word_1_428' title='bbox 1335 3993 1763 4062; x_wconf 82' lang='grc' dir='ltr'>κηρυττόμενος.</span> 
     </span>
    </p>
   </div>
   <div class='ocr_carea' id='block_1_66' title="bbox 1872 3983 3450 4072">
    <p class='ocr_par' dir='ltr' id='par_1_66' title="bbox 1872 3983 3450 4060">
     <span class='ocr_line' id='line_1_66' title="bbox 1872 3983 3450 4060; baseline -0.006 -16"><span class='ocrx_word' id='word_1_429' title='bbox 1872 3993 2095 4060; x_wconf 79' lang='lat' dir='ltr'><strong>Magnus</strong></span> <span class='ocrx_word' id='word_1_430' title='bbox 2145 4000 2230 4044; x_wconf 90' lang='lat' dir='ltr'><strong>est</strong></span> <span class='ocrx_word' id='word_1_431' title='bbox 2275 3992 2436 4053; x_wconf 88' lang='lat' dir='ltr'><strong>Deus,</strong></span> <span class='ocrx_word' id='word_1_432' title='bbox 2471 4006 2635 4059; x_wconf 89' lang='lat' dir='ltr'><strong>quem</strong></span> <span class='ocrx_word' id='word_1_433' title='bbox 2679 3988 2993 4058; x_wconf 86' lang='lat' dir='ltr'><strong>Stephanus</strong></span> <span class='ocrx_word' id='word_1_434' title='bbox 3031 3995 3090 4042; x_wconf 90' lang='lat' dir='ltr'><strong>et</strong></span> <span class='ocrx_word' id='word_1_435' title='bbox 3117 3984 3289 4041; x_wconf 90' lang='lat' dir='ltr'><strong>Suera</strong></span> <span class='ocrx_word' id='word_1_436' title='bbox 3331 3983 3450 4052; x_wconf 86' lang='lat' dir='ltr'><strong>epi-</strong></span> 
     </span>
    </p>
   </div>
   <div class='ocr_carea' id='block_1_67' title="bbox 192 4076 1760 4154">
    <p class='ocr_par' dir='ltr' id='par_1_67' title="bbox 192 4076 1760 4154">
     <span class='ocr_line' id='line_1_67' title="bbox 192 4076 1760 4154; baseline 0 -18"><span class='ocrx_word' id='word_1_437' title='bbox 192 4081 287 4136; x_wconf 82' lang='grc' dir='ltr'><strong>Ἐν</strong></span> <span class='ocrx_word' id='word_1_438' title='bbox 316 4076 399 4144; x_wconf 78' lang='grc' dir='ltr'>οἷς</span> <span class='ocrx_word' id='word_1_439' title='bbox 431 4082 681 4150; x_wconf 79' lang='grc' dir='ltr'>ὑπῆρχον</span> <span class='ocrx_word' id='word_1_440' title='bbox 720 4086 982 4149; x_wconf 85' lang='grc' dir='ltr'>γυναῖκες</span> <span class='ocrx_word' id='word_1_441' title='bbox 1012 4087 1230 4153; x_wconf 76' lang='grc' dir='ltr'>σεμναὶ,</span> <span class='ocrx_word' id='word_1_442' title='bbox 1276 4085 1498 4154; x_wconf 70' lang='grc' dir='ltr'>Ἁγνῆς,</span> <span class='ocrx_word' id='word_1_443' title='bbox 1532 4086 1760 4154; x_wconf 81' lang='grc' dir='ltr'>Φιλικη-</span> 
     </span>
    </p>
   </div>
   <div class='ocr_carea' id='block_1_68' title="bbox 179 4174 1764 4249">
    <p class='ocr_par' dir='ltr' id='par_1_68' title="bbox 179 4174 1764 4249">
     <span class='ocr_line' id='line_1_68' title="bbox 179 4174 1764 4249; baseline 0.001 -20"><span class='ocrx_word' id='word_1_444' title='bbox 179 4178 285 4239; x_wconf 72' lang='grc' dir='ltr'><strong>τὰς</strong></span> <span class='ocrx_word' id='word_1_445' title='bbox 331 4175 448 4243; x_wconf 71' lang='grc' dir='ltr'>(καὶ</span> <span class='ocrx_word' id='word_1_446' title='bbox 478 4174 826 4245; x_wconf 73' lang='grc' dir='ltr'>Περπετοὺα)</span> <span class='ocrx_word' id='word_1_447' title='bbox 858 4179 1428 4245; x_wconf 79' lang='grc' dir='ltr'>προσαγορευόμεναι,</span> <span class='ocrx_word' id='word_1_448' title='bbox 1463 4180 1764 4249; x_wconf 82' lang='grc' dir='ltr'>μαθήτριαι</span> 
     </span>
    </p>
   </div>
   <div class='ocr_carea' id='block_1_69' title="bbox 180 4265 1763 4338">
    <p class='ocr_par' dir='ltr' id='par_1_69' title="bbox 180 4265 1763 4338">
     <span class='ocr_line' id='line_1_69' title="bbox 180 4265 1763 4338; baseline 0.001 -19"><span class='ocrx_word' id='word_1_449' title='bbox 180 4268 279 4320; x_wconf 80' lang='grc' dir='ltr'><strong>τοῦ</strong></span> <span class='ocrx_word' id='word_1_450' title='bbox 324 4268 476 4320; x_wconf 79' lang='grc' dir='ltr'>ὁσίου</span> <span class='ocrx_word' id='word_1_451' title='bbox 525 4265 799 4334; x_wconf 80' lang='grc' dir='ltr'>Στεφάνου</span> <span class='ocrx_word' id='word_1_452' title='bbox 836 4266 1200 4337; x_wconf 79' lang='grc' dir='ltr'>ὑπάρχουσαι,</span> <span class='ocrx_word' id='word_1_453' title='bbox 1240 4269 1763 4338; x_wconf 77' lang='grc' dir='ltr'>παρῤησιασάμεναι</span> 
     </span>
    </p>
   </div>
   <div class='ocr_carea' id='block_1_70' title="bbox 178 4359 1765 4431">
    <p class='ocr_par' dir='ltr' id='par_1_70' title="bbox 178 4359 1765 4431">
     <span class='ocr_line' id='line_1_70' title="bbox 178 4359 1765 4431; baseline -0.002 -16"><span class='ocrx_word' id='word_1_454' title='bbox 178 4360 500 4431; x_wconf 70' lang='grc' dir='ltr'>ἔμπροσθεν</span> <span class='ocrx_word' id='word_1_455' title='bbox 561 4361 760 4413; x_wconf 78' lang='grc' dir='ltr'>στᾶσαι</span> <span class='ocrx_word' id='word_1_456' title='bbox 804 4359 1045 4429; x_wconf 69' lang='grc' dir='ltr'>Ἱέρακος</span> <span class='ocrx_word' id='word_1_457' title='bbox 1080 4359 1370 4431; x_wconf 75' lang='grc' dir='ltr'>ἡγεμόνος,</span> <span class='ocrx_word' id='word_1_458' title='bbox 1404 4361 1765 4430; x_wconf 83' lang='grc' dir='ltr'>ὡμολόγησαν</span> 
     </span>
    </p>
   </div>
   <div class='ocr_carea' id='block_1_71' title="bbox 178 4453 1766 4524">
    <p class='ocr_par' dir='ltr' id='par_1_71' title="bbox 178 4453 1766 4524">
     <span class='ocr_line' id='line_1_71' title="bbox 178 4453 1766 4524; baseline -0.001 -17"><span class='ocrx_word' id='word_1_459' title='bbox 178 4459 241 4508; x_wconf 81' lang='grc' dir='ltr'>τὸ</span> <span class='ocrx_word' id='word_1_460' title='bbox 277 4455 452 4523; x_wconf 76' lang='grc' dir='ltr'>ὄνομα</span> <span class='ocrx_word' id='word_1_461' title='bbox 491 4453 586 4505; x_wconf 81' lang='grc' dir='ltr'>τοῦ</span> <span class='ocrx_word' id='word_1_462' title='bbox 630 4453 890 4522; x_wconf 83' lang='grc' dir='ltr'>Χριστοῦ,</span> <span class='ocrx_word' id='word_1_463' title='bbox 921 4453 1054 4507; x_wconf 85' lang='grc' dir='ltr'>Θεὸν</span> <span class='ocrx_word' id='word_1_464' title='bbox 1101 4453 1354 4524; x_wconf 77' lang='grc' dir='ltr'>ἀληθινὸν</span> <span class='ocrx_word' id='word_1_465' title='bbox 1393 4455 1487 4507; x_wconf 77' lang='grc' dir='ltr'><strong>καὶ</strong></span> <span class='ocrx_word' id='word_1_466' title='bbox 1527 4454 1766 4524; x_wconf 78' lang='grc' dir='ltr'>Ποιητὴν</span> 
     </span>
    </p>
   </div>
   <div class='ocr_carea' id='block_1_72' title="bbox 180 4543 887 4612">
    <p class='ocr_par' dir='ltr' id='par_1_72' title="bbox 180 4543 887 4612">
     <span class='ocr_line' id='line_1_72' title="bbox 180 4543 887 4612; baseline -0.001 -17"><span class='ocrx_word' id='word_1_467' title='bbox 180 4547 406 4596; x_wconf 72' lang='grc' dir='ltr'>πάντων</span> <span class='ocrx_word' id='word_1_468' title='bbox 440 4543 887 4612; x_wconf 79' lang='grc' dir='ltr'>ἀνακηρύξασαι.</span> 
     </span>
    </p>
   </div>
   <div class='ocr_carea' id='block_1_73' title="bbox 255 4632 1762 4704">
    <p class='ocr_par' dir='ltr' id='par_1_73' title="bbox 255 4632 1762 4704">
     <span class='ocr_line' id='line_1_73' title="bbox 255 4632 1762 4704; baseline -0.001 -17"><span class='ocrx_word' id='word_1_469' title='bbox 255 4635 330 4688; x_wconf 83' lang='grc' dir='ltr'><strong>Γ.</strong></span> <span class='ocrx_word' id='word_1_470' title='bbox 362 4635 501 4688; x_wconf 84' lang='grc' dir='ltr'>Τότε</span> <span class='ocrx_word' id='word_1_471' title='bbox 544 4632 722 4704; x_wconf 80' lang='grc' dir='ltr'>θυμοῦ</span> <span class='ocrx_word' id='word_1_472' title='bbox 775 4633 1060 4703; x_wconf 76' lang='grc' dir='ltr'>πλησθεὶς,</span> <span class='ocrx_word' id='word_1_473' title='bbox 1089 4634 1379 4689; x_wconf 67' lang='grc' dir='ltr'>ἐκέλευσεν</span> <span class='ocrx_word' id='word_1_474' title='bbox 1406 4637 1578 4697; x_wconf 75' lang='grc' dir='ltr'>αὑτὰς</span> <span class='ocrx_word' id='word_1_475' title='bbox 1619 4636 1762 4703; x_wconf 77' lang='grc' dir='ltr'>ξίφει</span> 
     </span>
    </p>
   </div>
   <div class='ocr_carea' id='block_1_74' title="bbox 181 4726 1765 4798">
    <p class='ocr_par' dir='ltr' id='par_1_74' title="bbox 181 4726 1765 4798">
     <span class='ocr_line' id='line_1_74' title="bbox 181 4726 1765 4798; baseline -0.01 -15"><span class='ocrx_word' id='word_1_476' title='bbox 181 4727 578 4798; x_wconf 78' lang='grc' dir='ltr'>ἀποτμηθῆναι</span> <span class='ocrx_word' id='word_1_477' title='bbox 631 4728 748 4796; x_wconf 71' lang='grc' dir='ltr'>ἅμα</span> <span class='ocrx_word' id='word_1_478' title='bbox 779 4726 1036 4796; x_wconf 71' lang='grc' dir='ltr'>Στεφάνῳ</span> <span class='ocrx_word' id='word_1_479' title='bbox 1077 4729 1172 4781; x_wconf 74' lang='grc' dir='ltr'>καὶ</span> <span class='ocrx_word' id='word_1_480' title='bbox 1209 4726 1426 4798; x_wconf 77' lang='grc' dir='ltr'>Σουηρᾷ</span> <span class='ocrx_word' id='word_1_481' title='bbox 1474 4730 1586 4789; x_wconf 78' lang='grc' dir='ltr'>τοῖς</span> <span class='ocrx_word' id='word_1_482' title='bbox 1625 4729 1765 4797; x_wconf 76' lang='grc' dir='ltr'>ἀρχ-</span> 
     </span>
    </p>
   </div>
   <div class='ocr_carea' id='block_1_75' title="bbox 187 4811 1768 4892">
    <p class='ocr_par' dir='ltr' id='par_1_75' title="bbox 187 4811 1768 4892">
     <span class='ocr_line' id='line_1_75' title="bbox 187 4811 1768 4892; baseline 0.001 -20"><span class='ocrx_word' id='word_1_483' title='bbox 187 4821 456 4892; x_wconf 61' lang='lat' dir='ltr'><strong>tepetii-rw.</strong></span> <span class='ocrx_word' id='word_1_484' title='bbox 500 4811 577 4871; x_wconf 73' lang='grc' dir='ltr'><strong>Οὖ</strong></span> <span class='ocrx_word' id='word_1_485' title='bbox 621 4821 931 4890; x_wconf 80' lang='grc' dir='ltr'>γινομένου,</span> <span class='ocrx_word' id='word_1_486' title='bbox 975 4821 1294 4888; x_wconf 87' lang='grc' dir='ltr'>παραυτίκα</span> <span class='ocrx_word' id='word_1_487' title='bbox 1340 4820 1629 4874; x_wconf 78' lang='grc' dir='ltr'>ἀπέδωκαν</span> <span class='ocrx_word' id='word_1_488' title='bbox 1669 4821 1768 4882; x_wconf 84' lang='grc' dir='ltr'>τὰς</span> 
     </span>
    </p>
   </div>
   <div class='ocr_carea' id='block_1_76' title="bbox 187 4912 1770 4983">
    <p class='ocr_par' dir='ltr' id='par_1_76' title="bbox 187 4912 1770 4983">
     <span class='ocr_line' id='line_1_76' title="bbox 187 4912 1770 4983; baseline -0.001 -17"><span class='ocrx_word' id='word_1_489' title='bbox 187 4917 354 4981; x_wconf 74' lang='grc' dir='ltr'>ἁγίας</span> <span class='ocrx_word' id='word_1_490' title='bbox 402 4912 586 4966; x_wconf 73' lang='grc' dir='ltr'>αὐτῶν</span> <span class='ocrx_word' id='word_1_491' title='bbox 623 4912 804 4982; x_wconf 75' lang='grc' dir='ltr'>ψυχὰς</span> <span class='ocrx_word' id='word_1_492' title='bbox 827 4913 904 4982; x_wconf 82' lang='grc' dir='ltr'>τῷ</span> <span class='ocrx_word' id='word_1_493' title='bbox 934 4912 1146 4983; x_wconf 78' lang='grc' dir='ltr'>Κυρίῳ,</span> <span class='ocrx_word' id='word_1_494' title='bbox 1178 4913 1633 4982; x_wconf 77' lang='grc' dir='ltr'>εὐχαριστοῦντες</span> <span class='ocrx_word' id='word_1_495' title='bbox 1678 4915 1770 4967; x_wconf 75' lang='grc' dir='ltr'>καὶ</span> 
     </span>
    </p>
   </div>
   <div class='ocr_carea' id='block_1_77' title="bbox 177 5001 1768 5080">
    <p class='ocr_par' dir='ltr' id='par_1_77' title="bbox 177 5001 1768 5080">
     <span class='ocr_line' id='line_1_77' title="bbox 177 5001 1768 5080; baseline 0 -17"><span class='ocrx_word' id='word_1_496' title='bbox 177 5001 620 5077; x_wconf 78' lang='grc' dir='ltr'>ἀγαλλιώμενοι,</span> <span class='ocrx_word' id='word_1_497' title='bbox 673 5008 756 5060; x_wconf 80' lang='grc' dir='ltr'>ὅτι</span> <span class='ocrx_word' id='word_1_498' title='bbox 801 5008 1115 5078; x_wconf 69' lang='grc' dir='ltr'>ἠξιώθησαν</span> <span class='ocrx_word' id='word_1_499' title='bbox 1166 5007 1306 5079; x_wconf 76' lang='grc' dir='ltr'>ὑπὶρ</span> <span class='ocrx_word' id='word_1_500' title='bbox 1341 5009 1582 5080; x_wconf 86' lang='grc' dir='ltr'>Χριστοῦ</span> <span class='ocrx_word' id='word_1_501' title='bbox 1629 5012 1768 5063; x_wconf 78' lang='grc' dir='ltr'>ἁποο</span> 
     </span>
    </p>
   </div>
   <div class='ocr_carea' id='block_1_78' title="bbox 186 5101 1771 5174">
    <p class='ocr_par' dir='ltr' id='par_1_78' title="bbox 186 5101 1771 5174">
     <span class='ocr_line' id='line_1_78' title="bbox 186 5101 1771 5174; baseline 0.003 -21"><span class='ocrx_word' id='word_1_502' title='bbox 186 5105 394 5156; x_wconf 76' lang='grc' dir='ltr'>ὑανεῖν.</span> <span class='ocrx_word' id='word_1_503' title='bbox 425 5101 499 5153; x_wconf 82' lang='grc' dir='ltr'><strong>Τὸ</strong></span> <span class='ocrx_word' id='word_1_504' title='bbox 531 5101 587 5154; x_wconf 67' lang='grc' dir='ltr'><strong>δί</strong></span> <span class='ocrx_word' id='word_1_505' title='bbox 634 5102 818 5170; x_wconf 88' lang='grc' dir='ltr'>τίμιον</span> <span class='ocrx_word' id='word_1_506' title='bbox 859 5102 1020 5172; x_wconf 85' lang='grc' dir='ltr'>σῶμα</span> <span class='ocrx_word' id='word_1_507' title='bbox 1059 5102 1152 5156; x_wconf 82' lang='grc' dir='ltr'><strong>τοῦ</strong></span> <span class='ocrx_word' id='word_1_508' title='bbox 1184 5104 1330 5156; x_wconf 82' lang='grc' dir='ltr'>ὁσίου</span> <span class='ocrx_word' id='word_1_509' title='bbox 1378 5104 1771 5174; x_wconf 80' lang='grc' dir='ltr'>ίερομάρτυρος</span> 
     </span>
    </p>
   </div>
   <div class='ocr_carea' id='block_1_79' title="bbox 185 5194 1769 5267">
    <p class='ocr_par' dir='ltr' id='par_1_79' title="bbox 185 5194 1769 5267">
     <span class='ocr_line' id='line_1_79' title="bbox 185 5194 1769 5267; baseline 0.002 -21"><span class='ocrx_word' id='word_1_510' title='bbox 185 5197 505 5263; x_wconf 75' lang='grc' dir='ltr'>Στεφάνου,</span> <span class='ocrx_word' id='word_1_511' title='bbox 539 5195 631 5244; x_wconf 77' lang='grc' dir='ltr'><strong>ὑπ’</strong></span> <span class='ocrx_word' id='word_1_512' title='bbox 675 5194 887 5265; x_wconf 81' lang='grc' dir='ltr'>ἀνδρῶν</span> <span class='ocrx_word' id='word_1_513' title='bbox 941 5196 1182 5249; x_wconf 74' lang='grc' dir='ltr'>εὐσεϐῶν</span> <span class='ocrx_word' id='word_1_514' title='bbox 1226 5197 1366 5265; x_wconf 67' lang='grc' dir='ltr'>ἀωρὶ</span> <span class='ocrx_word' id='word_1_515' title='bbox 1419 5199 1518 5267; x_wconf 83' lang='grc' dir='ltr'>τῆς</span> <span class='ocrx_word' id='word_1_516' title='bbox 1578 5199 1769 5260; x_wconf 76' lang='grc' dir='ltr'>νυκτὸς</span> 
     </span>
    </p>
   </div>
   <div class='ocr_carea' id='block_1_80' title="bbox 186 5286 1766 5360">
    <p class='ocr_par' dir='ltr' id='par_1_80' title="bbox 186 5286 1766 5360">
     <span class='ocr_line' id='line_1_80' title="bbox 186 5286 1766 5360; baseline 0.004 -23"><span class='ocrx_word' id='word_1_517' title='bbox 186 5290 455 5354; x_wconf 72' lang='grc' dir='ltr'>κιμισθὲν</span> <span class='ocrx_word' id='word_1_518' title='bbox 500 5287 560 5341; x_wconf 73' lang='grc' dir='ltr'>ιν</span> <span class='ocrx_word' id='word_1_519' title='bbox 594 5286 672 5356; x_wconf 82' lang='grc' dir='ltr'>τῷ</span> <span class='ocrx_word' id='word_1_520' title='bbox 713 5289 930 5358; x_wconf 81' lang='grc' dir='ltr'>νοτιαίῳ</span> <span class='ocrx_word' id='word_1_521' title='bbox 966 5291 1127 5358; x_wconf 83' lang='grc' dir='ltr'>μέρει</span> <span class='ocrx_word' id='word_1_522' title='bbox 1167 5291 1265 5360; x_wconf 85' lang='grc' dir='ltr'>τῆς</span> <span class='ocrx_word' id='word_1_523' title='bbox 1325 5289 1497 5359; x_wconf 75' lang='grc' dir='ltr'>αὐτῆς</span> <span class='ocrx_word' id='word_1_524' title='bbox 1536 5290 1766 5355; x_wconf 84' lang='grc' dir='ltr'>πόλεως,</span> 
     </span>
    </p>
   </div>
   <div class='ocr_carea' id='block_1_81' title="bbox 1869 4079 3450 4154">
    <p class='ocr_par' dir='ltr' id='par_1_81' title="bbox 1869 4079 3450 4154">
     <span class='ocr_line' id='line_1_81' title="bbox 1869 4079 3450 4154; baseline -0.004 -14"><span class='ocrx_word' id='word_1_525' title='bbox 1869 4083 2020 4153; x_wconf 89' lang='lat' dir='ltr'><strong>scopi</strong></span> <span class='ocrx_word' id='word_1_526' title='bbox 2054 4083 2373 4154; x_wconf 61' lang='lat' dir='ltr'><strong>pradicant.</strong></span> <span class='ocrx_word' id='word_1_527' title='bbox 2418 4082 2566 4136; x_wconf 89' lang='lat' dir='ltr'><strong>Inter</strong></span> <span class='ocrx_word' id='word_1_528' title='bbox 2596 4083 2697 4136; x_wconf 87' lang='lat' dir='ltr'><strong>hos</strong></span> <span class='ocrx_word' id='word_1_529' title='bbox 2728 4097 2948 4150; x_wconf 90' lang='lat' dir='ltr'><strong>quoque</strong></span> <span class='ocrx_word' id='word_1_530' title='bbox 2996 4089 3156 4134; x_wconf 90' lang='lat' dir='ltr'><strong>erant</strong></span> <span class='ocrx_word' id='word_1_531' title='bbox 3205 4079 3450 4133; x_wconf 68' lang='lat' dir='ltr'><strong>honesta</strong></span> 
     </span>
    </p>
   </div>
   <div class='ocr_carea' id='block_1_82' title="bbox 1869 4168 3449 4246">
    <p class='ocr_par' dir='ltr' id='par_1_82' title="bbox 1869 4168 3449 4246">
     <span class='ocr_line' id='line_1_82' title="bbox 1869 4168 3449 4246; baseline -0.006 -13"><span class='ocrx_word' id='word_1_532' title='bbox 1869 4179 2108 4238; x_wconf 68' lang='lat' dir='ltr'><strong>feminae,</strong></span> <span class='ocrx_word' id='word_1_533' title='bbox 2143 4179 2323 4246; x_wconf 82' lang='lat' dir='ltr'><strong>Agnes</strong></span> <span class='ocrx_word' id='word_1_534' title='bbox 2358 4185 2414 4230; x_wconf 90' lang='lat' dir='ltr'><strong>et</strong></span> <span class='ocrx_word' id='word_1_535' title='bbox 2447 4173 2701 4229; x_wconf 83' lang='lat' dir='ltr'><strong>Felicitas</strong></span> <span class='ocrx_word' id='word_1_536' title='bbox 2730 4182 2786 4227; x_wconf 91' lang='lat' dir='ltr'><strong>et</strong></span> <span class='ocrx_word' id='word_1_537' title='bbox 2829 4173 3099 4241; x_wconf 88' lang='lat' dir='ltr'><strong>Perpetua</strong></span> <span class='ocrx_word' id='word_1_538' title='bbox 3130 4168 3449 4233; x_wconf 66' lang='lat' dir='ltr'><strong>nominate,</strong></span> 
     </span>
    </p>
   </div>
   <div class='ocr_carea' id='block_1_83' title="bbox 1869 4265 3455 4338">
    <p class='ocr_par' dir='ltr' id='par_1_83' title="bbox 1869 4265 3455 4338">
     <span class='ocr_line' id='line_1_83' title="bbox 1869 4265 3455 4338; baseline -0.007 -15"><span class='ocrx_word' id='word_1_539' title='bbox 1869 4270 2150 4338; x_wconf 73' lang='lat' dir='ltr'><strong>discipula:</strong></span> <span class='ocrx_word' id='word_1_540' title='bbox 2179 4268 2354 4321; x_wconf 89' lang='lat' dir='ltr'><strong>sancti</strong></span> <span class='ocrx_word' id='word_1_541' title='bbox 2378 4265 2641 4335; x_wconf 87' lang='lat' dir='ltr'><strong>Stephani</strong></span> <span class='ocrx_word' id='word_1_542' title='bbox 2668 4283 2684 4333; x_wconf 85' lang='lat'><strong>;</strong></span> <span class='ocrx_word' id='word_1_543' title='bbox 2709 4280 2830 4334; x_wconf 66' lang='lat' dir='ltr'><strong>qua</strong></span> <span class='ocrx_word' id='word_1_544' title='bbox 2852 4265 3023 4318; x_wconf 91' lang='lat' dir='ltr'><strong>libera</strong></span> <span class='ocrx_word' id='word_1_545' title='bbox 3059 4277 3213 4324; x_wconf 91' lang='lat' dir='ltr'><strong>voce,</strong></span> <span class='ocrx_word' id='word_1_546' title='bbox 3240 4268 3455 4316; x_wconf 79' lang='lat' dir='ltr'><strong>stantes</strong></span> 
     </span>
    </p>
   </div>
   <div class='ocr_carea' id='block_1_84' title="bbox 1869 4351 3452 4430">
    <p class='ocr_par' dir='ltr' id='par_1_84' title="bbox 1869 4351 3452 4430">
     <span class='ocr_line' id='line_1_84' title="bbox 1869 4351 3452 4430; baseline -0.008 -14"><span class='ocrx_word' id='word_1_547' title='bbox 1869 4376 2054 4416; x_wconf 89' lang='lat' dir='ltr'><strong>coram</strong></span> <span class='ocrx_word' id='word_1_548' title='bbox 2088 4359 2314 4413; x_wconf 79' lang='lat' dir='ltr'><strong>llierace</strong></span> <span class='ocrx_word' id='word_1_549' title='bbox 2337 4357 2588 4430; x_wconf 68' lang='lat' dir='ltr'><strong>praeside,</strong></span> <span class='ocrx_word' id='word_1_550' title='bbox 2612 4357 2879 4410; x_wconf 78' lang='lat' dir='ltr'><strong>confessa:</strong></span> <span class='ocrx_word' id='word_1_551' title='bbox 2905 4363 3034 4408; x_wconf 88' lang='lat' dir='ltr'><strong>sunt</strong></span> <span class='ocrx_word' id='word_1_552' title='bbox 3063 4368 3261 4407; x_wconf 87' lang='lat' dir='ltr'><strong>nomen</strong></span> <span class='ocrx_word' id='word_1_553' title='bbox 3288 4351 3452 4407; x_wconf 87' lang='lat' dir='ltr'><strong>Chri-</strong></span> 
     </span>
    </p>
   </div>
   <div class='ocr_carea' id='block_1_85' title="bbox 1870 4451 3456 4529">
    <p class='ocr_par' dir='ltr' id='par_1_85' title="bbox 1870 4451 3456 4529">
     <span class='ocr_line' id='line_1_85' title="bbox 1870 4451 3456 4529; baseline -0.006 -16"><span class='ocrx_word' id='word_1_554' title='bbox 1870 4460 1961 4524; x_wconf 89' lang='lat' dir='ltr'><strong>sti,</strong></span> <span class='ocrx_word' id='word_1_555' title='bbox 1995 4459 2170 4529; x_wconf 88' lang='lat' dir='ltr'><strong>ipsum</strong></span> <span class='ocrx_word' id='word_1_556' title='bbox 2206 4459 2376 4512; x_wconf 87' lang='lat' dir='ltr'><strong>Deum</strong></span> <span class='ocrx_word' id='word_1_557' title='bbox 2405 4452 2595 4510; x_wconf 88' lang='lat' dir='ltr'><strong>verum</strong></span> <span class='ocrx_word' id='word_1_558' title='bbox 2634 4462 2688 4508; x_wconf 93' lang='lat' dir='ltr'><strong>et</strong></span> <span class='ocrx_word' id='word_1_559' title='bbox 2719 4451 3007 4508; x_wconf 85' lang='lat' dir='ltr'><strong>Factorem</strong></span> <span class='ocrx_word' id='word_1_560' title='bbox 3032 4452 3278 4506; x_wconf 88' lang='lat' dir='ltr'><strong>omnium</strong></span> <span class='ocrx_word' id='word_1_561' title='bbox 3307 4463 3456 4520; x_wconf 65' lang='lat' dir='ltr'><strong>pra-</strong></span> 
     </span>
    </p>
   </div>
   <div class='ocr_carea' id='block_1_86' title="bbox 1871 4553 2139 4608">
    <p class='ocr_par' dir='ltr' id='par_1_86' title="bbox 1871 4553 2139 4608">
     <span class='ocr_line' id='line_1_86' title="bbox 1871 4553 2139 4608; baseline -0.004 -1"><span class='ocrx_word' id='word_1_562' title='bbox 1871 4553 2139 4608; x_wconf 89' lang='lat' dir='ltr'><strong>dicantcs.</strong></span> 
     </span>
    </p>
   </div>
   <div class='ocr_carea' id='block_1_87' title="bbox 1944 4634 3453 4710">
    <p class='ocr_par' dir='ltr' id='par_1_87' title="bbox 1944 4634 3453 4710">
     <span class='ocr_line' id='line_1_87' title="bbox 1944 4634 3453 4710; baseline -0.007 -12"><span class='ocrx_word' id='word_1_563' title='bbox 1944 4644 2034 4698; x_wconf 91' lang='lat' dir='ltr'><strong>lll.</strong></span> <span class='ocrx_word' id='word_1_564' title='bbox 2075 4644 2232 4698; x_wconf 88' lang='lat' dir='ltr'><strong>Tunc</strong></span> <span class='ocrx_word' id='word_1_565' title='bbox 2281 4656 2503 4710; x_wconf 66' lang='lat' dir='ltr'><strong>praeses,</strong></span> <span class='ocrx_word' id='word_1_566' title='bbox 2557 4639 2845 4694; x_wconf 84' lang='lat' dir='ltr'><strong>iracundia</strong></span> <span class='ocrx_word' id='word_1_567' title='bbox 2910 4637 3127 4705; x_wconf 87' lang='lat' dir='ltr'><strong>plenus,</strong></span> <span class='ocrx_word' id='word_1_568' title='bbox 3155 4703 3158 4709; x_wconf 20' lang='grc' dir='ltr'><strong>λ</strong></span> <span class='ocrx_word' id='word_1_569' title='bbox 3188 4634 3453 4703; x_wconf 72' lang='lat' dir='ltr'><strong>pmcepit</strong></span> 
     </span>
    </p>
   </div>
   <div class='ocr_carea' id='block_1_88' title="bbox 1873 4726 3448 4807">
    <p class='ocr_par' dir='ltr' id='par_1_88' title="bbox 1873 4726 3448 4807">
     <span class='ocr_line' id='line_1_88' title="bbox 1873 4726 3448 4807; baseline -0.009 -15"><span class='ocrx_word' id='word_1_570' title='bbox 1873 4738 2007 4806; x_wconf 91' lang='lat' dir='ltr'><strong>ipsis</strong></span> <span class='ocrx_word' id='word_1_571' title='bbox 2062 4735 2242 4807; x_wconf 81' lang='lat' dir='ltr'><strong>gladio</strong></span> <span class='ocrx_word' id='word_1_572' title='bbox 2289 4734 2561 4805; x_wconf 89' lang='lat' dir='ltr'><strong>amputari</strong></span> <span class='ocrx_word' id='word_1_573' title='bbox 2617 4741 2802 4802; x_wconf 91' lang='lat' dir='ltr'><strong>caput,</strong></span> <span class='ocrx_word' id='word_1_574' title='bbox 2857 4731 2936 4785; x_wconf 90' lang='lat' dir='ltr'><strong>uti</strong></span> <span class='ocrx_word' id='word_1_575' title='bbox 2972 4738 3030 4784; x_wconf 89' lang='lat' dir='ltr'><strong>et</strong></span> <span class='ocrx_word' id='word_1_576' title='bbox 3067 4726 3350 4795; x_wconf 86' lang='lat' dir='ltr'><strong>Stephano</strong></span> <span class='ocrx_word' id='word_1_577' title='bbox 3391 4735 3448 4780; x_wconf 85' lang='lat' dir='ltr'><strong>et</strong></span> 
     </span>
    </p>
   </div>
   <div class='ocr_carea' id='block_1_89' title="bbox 1873 4821 3455 4900">
    <p class='ocr_par' dir='ltr' id='par_1_89' title="bbox 1873 4821 3455 4900">
     <span class='ocr_line' id='line_1_89' title="bbox 1873 4821 3455 4900; baseline -0.011 -13"><span class='ocrx_word' id='word_1_578' title='bbox 1873 4833 2061 4888; x_wconf 74' lang='lat' dir='ltr'><strong>Suera:</strong></span> <span class='ocrx_word' id='word_1_579' title='bbox 2116 4829 2414 4900; x_wconf 88' lang='lat' dir='ltr'><strong>episcopis.</strong></span> <span class='ocrx_word' id='word_1_580' title='bbox 2447 4827 2567 4894; x_wconf 87' lang='lat' dir='ltr'><strong>Quo</strong></span> <span class='ocrx_word' id='word_1_581' title='bbox 2621 4825 2788 4889; x_wconf 82' lang='lat' dir='ltr'><strong>facto,</strong></span> <span class='ocrx_word' id='word_1_582' title='bbox 2837 4821 3200 4879; x_wconf 88' lang='lat' dir='ltr'><strong>reddiderunt</strong></span> <span class='ocrx_word' id='word_1_583' title='bbox 3233 4826 3455 4873; x_wconf 89' lang='lat' dir='ltr'><strong>sanctas</strong></span> 
     </span>
    </p>
   </div>
   <div class='ocr_carea' id='block_1_90' title="bbox 1874 4908 3448 4988">
    <p class='ocr_par' dir='ltr' id='par_1_90' title="bbox 1874 4908 3448 4988">
     <span class='ocr_line' id='line_1_90' title="bbox 1874 4908 3448 4988; baseline -0.011 -11"><span class='ocrx_word' id='word_1_584' title='bbox 1874 4925 2088 4978; x_wconf 89' lang='lat' dir='ltr'><strong>animas</strong></span> <span class='ocrx_word' id='word_1_585' title='bbox 2125 4938 2253 4976; x_wconf 89' lang='lat' dir='ltr'><strong>suas</strong></span> <span class='ocrx_word' id='word_1_586' title='bbox 2287 4921 2539 4981; x_wconf 90' lang='lat' dir='ltr'><strong>Domino,</strong></span> <span class='ocrx_word' id='word_1_587' title='bbox 2578 4919 2782 4988; x_wconf 75' lang='lat' dir='ltr'><strong>gratias</strong></span> <span class='ocrx_word' id='word_1_588' title='bbox 2817 4922 3041 4984; x_wconf 89' lang='lat' dir='ltr'><strong>agentes</strong></span> <span class='ocrx_word' id='word_1_589' title='bbox 3076 4919 3132 4965; x_wconf 85' lang='lat' dir='ltr'><strong>et</strong></span> <span class='ocrx_word' id='word_1_590' title='bbox 3163 4908 3448 4964; x_wconf 82' lang='lat' dir='ltr'><strong>exsultan-</strong></span> 
     </span>
    </p>
   </div>
   <div class='ocr_carea' id='block_1_91' title="bbox 1877 5000 3450 5086">
    <p class='ocr_par' dir='ltr' id='par_1_91' title="bbox 1877 5000 3450 5086">
     <span class='ocr_line' id='line_1_91' title="bbox 1877 5000 3450 5086; baseline -0.013 -16"><span class='ocrx_word' id='word_1_591' title='bbox 1877 5027 1978 5081; x_wconf 88' lang='lat' dir='ltr'><strong>tes,</strong></span> <span class='ocrx_word' id='word_1_592' title='bbox 2005 5015 2153 5086; x_wconf 88' lang='lat' dir='ltr'><strong>quod</strong></span> <span class='ocrx_word' id='word_1_593' title='bbox 2180 5011 2328 5083; x_wconf 89' lang='lat' dir='ltr'><strong>digni</strong></span> <span class='ocrx_word' id='word_1_594' title='bbox 2370 5010 2577 5066; x_wconf 80' lang='lat' dir='ltr'><strong>fuerint</strong></span> <span class='ocrx_word' id='word_1_595' title='bbox 2619 5024 2717 5080; x_wconf 85' lang='lat' dir='ltr'><strong>pro</strong></span> <span class='ocrx_word' id='word_1_596' title='bbox 2757 5008 2978 5061; x_wconf 81' lang='lat' dir='ltr'><strong>Christo</strong></span> <span class='ocrx_word' id='word_1_597' title='bbox 3017 5003 3178 5057; x_wconf 91' lang='lat' dir='ltr'><strong>mori.</strong></span> <span class='ocrx_word' id='word_1_598' title='bbox 3209 5000 3450 5054; x_wconf 80' lang='lat' dir='ltr'><strong>Venera-</strong></span> 
     </span>
    </p>
   </div>
   <div class='ocr_carea' id='block_1_92' title="bbox 1875 5092 3452 5173">
    <p class='ocr_par' dir='ltr' id='par_1_92' title="bbox 1875 5092 3452 5173">
     <span class='ocr_line' id='line_1_92' title="bbox 1875 5092 3452 5173; baseline -0.013 -8"><span class='ocrx_word' id='word_1_599' title='bbox 1875 5112 1984 5166; x_wconf 88' lang='lat' dir='ltr'><strong>bile</strong></span> <span class='ocrx_word' id='word_1_600' title='bbox 2016 5119 2198 5163; x_wconf 90' lang='lat' dir='ltr'><strong>autem</strong></span> <span class='ocrx_word' id='word_1_601' title='bbox 2227 5106 2402 5161; x_wconf 90' lang='lat' dir='ltr'><strong>sancti</strong></span> <span class='ocrx_word' id='word_1_602' title='bbox 2438 5103 2702 5173; x_wconf 86' lang='lat' dir='ltr'><strong>Stephani</strong></span> <span class='ocrx_word' id='word_1_603' title='bbox 2727 5115 2927 5169; x_wconf 89' lang='lat' dir='ltr'><strong>corpus</strong></span> <span class='ocrx_word' id='word_1_604' title='bbox 2951 5114 2981 5152; x_wconf 91' lang='lat' dir='ltr'><strong>a</strong></span> <span class='ocrx_word' id='word_1_605' title='bbox 3015 5097 3147 5150; x_wconf 90' lang='lat' dir='ltr'><strong>viris</strong></span> <span class='ocrx_word' id='word_1_606' title='bbox 3180 5092 3452 5162; x_wconf 82' lang='lat' dir='ltr'><strong>religiosis</strong></span> 
     </span>
    </p>
   </div>
   <div class='ocr_carea' id='block_1_93' title="bbox 1874 5183 3448 5267">
    <p class='ocr_par' dir='ltr' id='par_1_93' title="bbox 1874 5183 3448 5267">
     <span class='ocr_line' id='line_1_93' title="bbox 1874 5183 3448 5267; baseline -0.015 -10"><span class='ocrx_word' id='word_1_607' title='bbox 1874 5213 2035 5257; x_wconf 93' lang='lat' dir='ltr'><strong>nocte</strong></span> <span class='ocrx_word' id='word_1_608' title='bbox 2093 5201 2420 5267; x_wconf 87' lang='lat' dir='ltr'><strong>intempesta</strong></span> <span class='ocrx_word' id='word_1_609' title='bbox 2475 5196 2820 5264; x_wconf 89' lang='lat' dir='ltr'><strong>deportatum</strong></span> <span class='ocrx_word' id='word_1_610' title='bbox 2882 5191 2987 5243; x_wconf 85' lang='lat' dir='ltr'><strong>l’uit</strong></span> <span class='ocrx_word' id='word_1_611' title='bbox 3037 5189 3090 5241; x_wconf 92' lang='lat' dir='ltr'><strong>in</strong></span> <span class='ocrx_word' id='word_1_612' title='bbox 3148 5183 3448 5238; x_wconf 83' lang='lat' dir='ltr'><strong>australem</strong></span> 
     </span>
    </p>
   </div>
   <div class='ocr_carea' id='block_1_94' title="bbox 1877 5277 3452 5367">
    <p class='ocr_par' dir='ltr' id='par_1_94' title="bbox 1877 5277 3452 5367">
     <span class='ocr_line' id='line_1_94' title="bbox 1877 5277 3452 5367; baseline -0.013 -17"><span class='ocrx_word' id='word_1_613' title='bbox 1877 5305 2091 5367; x_wconf 87' lang='lat' dir='ltr'><strong>partem</strong></span> <span class='ocrx_word' id='word_1_614' title='bbox 2121 5294 2368 5364; x_wconf 86' lang='lat' dir='ltr'><strong>ejusdem</strong></span> <span class='ocrx_word' id='word_1_615' title='bbox 2398 5289 2660 5350; x_wconf 89' lang='lat' dir='ltr'><strong>civitatis,</strong></span> <span class='ocrx_word' id='word_1_616' title='bbox 2698 5301 2761 5339; x_wconf 92' lang='lat' dir='ltr'><strong>ac</strong></span> <span class='ocrx_word' id='word_1_617' title='bbox 2793 5283 3105 5352; x_wconf 91' lang='lat' dir='ltr'><strong>depositum</strong></span> <span class='ocrx_word' id='word_1_618' title='bbox 3149 5277 3203 5332; x_wconf 90' lang='lat' dir='ltr'><strong>in</strong></span> <span class='ocrx_word' id='word_1_619' title='bbox 3235 5284 3452 5331; x_wconf 82' lang='lat' dir='ltr'><strong>secreto</strong></span> 
     </span>
    </p>
   </div>
   <div class='ocr_carea' id='block_1_95' title="bbox 187 5367 1764 5461">
    <p class='ocr_par' dir='ltr' id='par_1_95' title="bbox 187 5378 1764 5454">
     <span class='ocr_line' id='line_1_95' title="bbox 187 5378 1764 5454; baseline 0.01 -24"><span class='ocrx_word' id='word_1_620' title='bbox 187 5382 459 5449; x_wconf 76' lang='grc' dir='ltr'>κατετέθη</span> <span class='ocrx_word' id='word_1_621' title='bbox 503 5383 561 5433; x_wconf 81' lang='grc' dir='ltr'>ἐν</span> <span class='ocrx_word' id='word_1_622' title='bbox 611 5378 690 5448; x_wconf 83' lang='grc' dir='ltr'>τῷ</span> <span class='ocrx_word' id='word_1_623' title='bbox 741 5381 1097 5451; x_wconf 80' lang='grc' dir='ltr'>ήσυχαστικῷ</span> <span class='ocrx_word' id='word_1_624' title='bbox 1145 5382 1310 5436; x_wconf 76' lang='grc' dir='ltr'>αὐτοῦ</span> <span class='ocrx_word' id='word_1_625' title='bbox 1362 5384 1653 5454; x_wconf 75' lang='grc' dir='ltr'>εὐκτηρὶῳ.</span> <span class='ocrx_word' id='word_1_626' title='bbox 1697 5384 1764 5445; x_wconf 72' lang='grc' dir='ltr'><strong>ὡς</strong></span> 
     </span>
    </p>
   </div>
   <div class='ocr_carea' id='block_1_96' title="bbox 1872 5367 3450 5461">
    <p class='ocr_par' dir='ltr' id='par_1_96' title="bbox 1879 5369 3450 5461">
     <span class='ocr_line' id='line_1_96' title="bbox 1879 5369 3450 5461; baseline -0.016 -16"><span class='ocrx_word' id='word_1_627' title='bbox 1879 5393 1999 5461; x_wconf 89' lang='lat' dir='ltr'><strong>ejus</strong></span> <span class='ocrx_word' id='word_1_628' title='bbox 2029 5386 2292 5450; x_wconf 89' lang='lat' dir='ltr'><strong>oratorio,</strong></span> <span class='ocrx_word' id='word_1_629' title='bbox 2325 5384 2472 5454; x_wconf 88' lang='lat' dir='ltr'><strong>quod</strong></span> <span class='ocrx_word' id='word_1_630' title='bbox 2510 5383 2734 5437; x_wconf 86' lang='lat' dir='ltr'><strong>circiter</strong></span> <span class='ocrx_word' id='word_1_631' title='bbox 2771 5375 2992 5433; x_wconf 87' lang='lat' dir='ltr'><strong>milliari</strong></span> <span class='ocrx_word' id='word_1_632' title='bbox 3028 5388 3137 5428; x_wconf 94' lang='lat' dir='ltr'><strong>uno</strong></span> <span class='ocrx_word' id='word_1_633' title='bbox 3172 5387 3200 5422; x_wconf 89' lang='lat' dir='ltr'><strong>a</strong></span> <span class='ocrx_word' id='word_1_634' title='bbox 3228 5369 3450 5422; x_wconf 80' lang='lat' dir='ltr'><strong>civitate</strong></span> 
     </span>
    </p>
   </div>
   <div class='ocr_carea' id='block_1_97' title="bbox 185 5473 1770 5545">
    <p class='ocr_par' dir='ltr' id='par_1_97' title="bbox 185 5473 1770 5545">
     <span class='ocr_line' id='line_1_97' title="bbox 185 5473 1770 5545; baseline 0 -17"><span class='ocrx_word' id='word_1_635' title='bbox 185 5477 298 5528; x_wconf 76' lang='grc' dir='ltr'><strong>ἀπὸ</strong></span> <span class='ocrx_word' id='word_1_636' title='bbox 362 5475 599 5540; x_wconf 79' lang='grc' dir='ltr'>σημείου</span> <span class='ocrx_word' id='word_1_637' title='bbox 655 5473 774 5535; x_wconf 73' lang='grc' dir='ltr'>ἑνὸς</span> <span class='ocrx_word' id='word_1_638' title='bbox 831 5475 929 5545; x_wconf 81' lang='grc' dir='ltr'>τῆς</span> <span class='ocrx_word' id='word_1_639' title='bbox 976 5474 1221 5540; x_wconf 85' lang='grc' dir='ltr'>πόλεως,</span> <span class='ocrx_word' id='word_1_640' title='bbox 1277 5476 1538 5540; x_wconf 86' lang='grc' dir='ltr'>πλείστας</span> <span class='ocrx_word' id='word_1_641' title='bbox 1599 5477 1770 5540; x_wconf 72' lang='grc' dir='ltr'>ἰάσεις</span> 
     </span>
    </p>
   </div>
   <div class='ocr_carea' id='block_1_98' title="bbox 185 5565 1765 5639">
    <p class='ocr_par' dir='ltr' id='par_1_98' title="bbox 185 5565 1765 5639">
     <span class='ocr_line' id='line_1_98' title="bbox 185 5565 1765 5639; baseline 0.003 -21"><span class='ocrx_word' id='word_1_642' title='bbox 185 5565 492 5620; x_wconf 67' lang='grc' dir='ltr'>ἐπιτελοῦν.</span> <span class='ocrx_word' id='word_1_643' title='bbox 544 5565 629 5619; x_wconf 73' lang='grc' dir='ltr'><strong>Τὰ</strong></span> <span class='ocrx_word' id='word_1_644' title='bbox 680 5566 738 5618; x_wconf 76' lang='grc' dir='ltr'>δὲ</span> <span class='ocrx_word' id='word_1_645' title='bbox 780 5567 888 5618; x_wconf 80' lang='grc' dir='ltr'>τῶν</span> <span class='ocrx_word' id='word_1_646' title='bbox 931 5566 1134 5621; x_wconf 81' lang='grc' dir='ltr'>λοιπῶν</span> <span class='ocrx_word' id='word_1_647' title='bbox 1179 5570 1348 5637; x_wconf 78' lang='grc' dir='ltr'>ἁγίων</span> <span class='ocrx_word' id='word_1_648' title='bbox 1397 5571 1465 5623; x_wconf 72' lang='grc' dir='ltr'>τὰ</span> <span class='ocrx_word' id='word_1_649' title='bbox 1515 5570 1765 5639; x_wconf 84' lang='grc' dir='ltr'>σώματα,</span> 
     </span>
    </p>
   </div>
   <div class='ocr_carea' id='block_1_99' title="bbox 187 5659 1769 5732">
    <p class='ocr_par' dir='ltr' id='par_1_99' title="bbox 187 5659 1769 5732">
     <span class='ocr_line' id='line_1_99' title="bbox 187 5659 1769 5732; baseline 0.001 -20"><span class='ocrx_word' id='word_1_650' title='bbox 187 5661 412 5730; x_wconf 74' lang='grc' dir='ltr'>Σουηρᾶ</span> <span class='ocrx_word' id='word_1_651' title='bbox 439 5659 772 5724; x_wconf 67' lang='grc' dir='ltr'>ἐπισκόπου,</span> <span class='ocrx_word' id='word_1_652' title='bbox 804 5660 1012 5729; x_wconf 79' lang='grc' dir='ltr'>σεμνῆς</span> <span class='ocrx_word' id='word_1_653' title='bbox 1050 5662 1244 5732; x_wconf 71' lang='grc' dir='ltr'>Ἁγνῆς</span> <span class='ocrx_word' id='word_1_654' title='bbox 1278 5664 1369 5715; x_wconf 76' lang='grc' dir='ltr'>καὶ</span> <span class='ocrx_word' id='word_1_655' title='bbox 1400 5663 1769 5732; x_wconf 74' lang='grc' dir='ltr'>Φιλικητάτης</span> 
     </span>
    </p>
   </div>
   <div class='ocr_carea' id='block_1_100' title="bbox 184 5756 1765 5830">
    <p class='ocr_par' dir='ltr' id='par_1_100' title="bbox 184 5756 1765 5830">
     <span class='ocr_line' id='line_1_100' title="bbox 184 5756 1765 5830; baseline 0.002 -18"><span class='ocrx_word' id='word_1_656' title='bbox 184 5763 309 5826; x_wconf 66' lang='grc' dir='ltr'>(καὶ</span> <span class='ocrx_word' id='word_1_657' title='bbox 345 5757 745 5828; x_wconf 78' lang='grc' dir='ltr'>Περπετούας),</span> <span class='ocrx_word' id='word_1_658' title='bbox 788 5757 917 5811; x_wconf 72' lang='grc' dir='ltr'>ἔνθα</span> <span class='ocrx_word' id='word_1_659' title='bbox 953 5758 1378 5830; x_wconf 73' lang='grc' dir='ltr'>ἀπετμήθησαν,</span> <span class='ocrx_word' id='word_1_660' title='bbox 1415 5760 1518 5812; x_wconf 69' lang='grc' dir='ltr'><strong>ὑπὸ</strong></span> <span class='ocrx_word' id='word_1_661' title='bbox 1558 5756 1765 5814; x_wconf 83' lang='grc' dir='ltr'>πιστῶν</span> 
     </span>
    </p>
   </div>
   <div class='ocr_carea' id='block_1_101' title="bbox 187 5851 1564 5927">
    <p class='ocr_par' dir='ltr' id='par_1_101' title="bbox 187 5851 1564 5927">
     <span class='ocr_line' id='line_1_101' title="bbox 187 5851 1564 5927; baseline 0.003 -22"><span class='ocrx_word' id='word_1_662' title='bbox 187 5853 586 5927; x_wconf 72' lang='grc' dir='ltr'>κατετέθησαν,</span> <span class='ocrx_word' id='word_1_663' title='bbox 622 5853 764 5922; x_wconf 79' lang='grc' dir='ltr'>ὑπὲρ</span> <span class='ocrx_word' id='word_1_664' title='bbox 795 5851 889 5906; x_wconf 83' lang='grc' dir='ltr'>τοῦ</span> <span class='ocrx_word' id='word_1_665' title='bbox 919 5853 1121 5922; x_wconf 81' lang='grc' dir='ltr'>κόσμου</span> <span class='ocrx_word' id='word_1_666' title='bbox 1151 5853 1564 5924; x_wconf 79' lang='grc' dir='ltr'>πρεσσεύοντες,</span> 
     </span>
    </p>
   </div>
   <div class='ocr_carea' id='block_1_102' title="bbox 1874 5465 3447 5552">
    <p class='ocr_par' dir='ltr' id='par_1_102' title="bbox 1874 5465 3447 5552">
     <span class='ocr_line' id='line_1_102' title="bbox 1874 5465 3447 5552; baseline -0.019 -11"><span class='ocrx_word' id='word_1_667' title='bbox 1874 5487 2049 5547; x_wconf 88' lang='lat' dir='ltr'><strong>abest,</strong></span> <span class='ocrx_word' id='word_1_668' title='bbox 2102 5480 2367 5552; x_wconf 89' lang='lat' dir='ltr'><strong>plurimas</strong></span> <span class='ocrx_word' id='word_1_669' title='bbox 2415 5491 2651 5546; x_wconf 88' lang='lat' dir='ltr'><strong>operans</strong></span> <span class='ocrx_word' id='word_1_670' title='bbox 2704 5473 3036 5528; x_wconf 88' lang='lat' dir='ltr'><strong>curationes.</strong></span> <span class='ocrx_word' id='word_1_671' title='bbox 3091 5465 3447 5533; x_wconf 80' lang='lat' dir='ltr'><strong>Reliquorum</strong></span> 
     </span>
    </p>
   </div>
   <div class='ocr_carea' id='block_1_103' title="bbox 1873 5552 3447 5637">
    <p class='ocr_par' dir='ltr' id='par_1_103' title="bbox 1873 5552 3447 5637">
     <span class='ocr_line' id='line_1_103' title="bbox 1873 5552 3447 5637; baseline -0.017 -8"><span class='ocrx_word' id='word_1_672' title='bbox 1873 5591 2004 5631; x_wconf 85' lang='lat' dir='ltr'><strong>vero</strong></span> <span class='ocrx_word' id='word_1_673' title='bbox 2025 5583 2340 5629; x_wconf 89' lang='lat' dir='ltr'><strong>sanctorum</strong></span> <span class='ocrx_word' id='word_1_674' title='bbox 2371 5583 2620 5637; x_wconf 86' lang='lat' dir='ltr'><strong>corpora.</strong></span> <span class='ocrx_word' id='word_1_675' title='bbox 2649 5565 2835 5620; x_wconf 77' lang='lat' dir='ltr'><strong>Suera:</strong></span> <span class='ocrx_word' id='word_1_676' title='bbox 2855 5559 3122 5630; x_wconf 87' lang='lat' dir='ltr'><strong>episcopi,</strong></span> <span class='ocrx_word' id='word_1_677' title='bbox 3155 5552 3447 5610; x_wconf 88' lang='lat' dir='ltr'><strong>venerabi-</strong></span> 
     </span>
    </p>
   </div>
   <div class='ocr_carea' id='block_1_104' title="bbox 1871 5643 3448 5740">
    <p class='ocr_par' dir='ltr' id='par_1_104' title="bbox 1871 5643 3448 5740">
     <span class='ocr_line' id='line_1_104' title="bbox 1871 5643 3448 5740; baseline -0.018 -16"><span class='ocrx_word' id='word_1_678' title='bbox 1871 5671 1940 5724; x_wconf 87' lang='lat' dir='ltr'><strong>lis</strong></span> <span class='ocrx_word' id='word_1_679' title='bbox 1971 5667 2221 5738; x_wconf 81' lang='lat' dir='ltr'><strong>Agnetis,</strong></span> <span class='ocrx_word' id='word_1_680' title='bbox 2263 5659 2564 5740; x_wconf 84' lang='lat' dir='ltr'><strong>Felicitatis</strong></span> <span class='ocrx_word' id='word_1_681' title='bbox 2607 5667 2664 5710; x_wconf 93' lang='lat' dir='ltr'><strong>et</strong></span> <span class='ocrx_word' id='word_1_682' title='bbox 2694 5656 2999 5723; x_wconf 63' lang='lat' dir='ltr'><strong>Perpetua),</strong></span> <span class='ocrx_word' id='word_1_683' title='bbox 3033 5651 3104 5705; x_wconf 83' lang='lat' dir='ltr'><strong>ibi</strong></span> <span class='ocrx_word' id='word_1_684' title='bbox 3137 5664 3165 5702; x_wconf 94' lang='lat' dir='ltr'><strong>a</strong></span> <span class='ocrx_word' id='word_1_685' title='bbox 3195 5643 3448 5700; x_wconf 80' lang='lat' dir='ltr'><strong>ﬁdelibus</strong></span> 
     </span>
    </p>
   </div>
   <div class='ocr_carea' id='block_1_105' title="bbox 1870 5739 3449 5828">
    <p class='ocr_par' dir='ltr' id='par_1_105' title="bbox 1870 5739 3449 5828">
     <span class='ocr_line' id='line_1_105' title="bbox 1870 5739 3449 5828; baseline -0.016 -13"><span class='ocrx_word' id='word_1_686' title='bbox 1870 5759 2119 5828; x_wconf 86' lang='lat' dir='ltr'><strong>deposita</strong></span> <span class='ocrx_word' id='word_1_687' title='bbox 2148 5756 2322 5821; x_wconf 81' lang='lat' dir='ltr'><strong>fuere,</strong></span> <span class='ocrx_word' id='word_1_688' title='bbox 2355 5751 2448 5807; x_wconf 88' lang='lat' dir='ltr'><strong>ubi</strong></span> <span class='ocrx_word' id='word_1_689' title='bbox 2474 5748 2887 5814; x_wconf 88' lang='lat' dir='ltr'><strong>occubuerant;</strong></span> <span class='ocrx_word' id='word_1_690' title='bbox 2916 5742 3257 5816; x_wconf 87' lang='lat' dir='ltr'><strong>pro.mundo</strong></span> <span class='ocrx_word' id='word_1_691' title='bbox 3285 5739 3449 5792; x_wconf 87' lang='lat' dir='ltr'><strong>inter-</strong></span> 
     </span>
    </p>
   </div>
   <div class='ocr_carea' id='block_1_106' title="bbox 1870 5854 2147 5909">
    <p class='ocr_par' dir='ltr' id='par_1_106' title="bbox 1870 5854 2147 5909">
     <span class='ocr_line' id='line_1_106' title="bbox 1870 5854 2147 5909; baseline -0.018 0"><span class='ocrx_word' id='word_1_692' title='bbox 1870 5854 2147 5909; x_wconf 82' lang='lat' dir='ltr'><strong>cedentes.</strong></span> 
     </span>
    </p>
   </div>
  </div>
