3966 6468
518 390 620 454 319
1808 385 2091 447 MENSIS
2129 389 2420 452 IULIUS.
3656 387 3770 453 320

515 534 1663 566 ξω

1668 537 3772 573 W

989 743 1167 854 DE
1257 739 1862 854 SANCTIS
1962 742 2256 855 XLV
2346 739 3282 855 MARTYRIBUS

1683 966 2060 1028 NICOPOLI
2097 966 2176 1029 IN
2210 966 2579 1028 ARMENIA

1313 1152 2272 1247 COMMENTARIUS
2354 1157 2952 1248 PREVIUS.

1680 1345 1824 1410 (Acta
1858 1349 1942 1400 SS.
1971 1349 2219 1411 Bolland.,
2244 1350 2355 1403 Maii
2378 1353 2459 1401 dle
2487 1351 2585 1411 ιο.)

575 1663 625 1714 l.
660 1663 937 1729 Nicopolis
963 1664 1016 1716 in
1042 1663 1317 1727 Armenia,
1343 1665 1411 1717 ab
1436 1665 1558 1718 aliis
1585 1664 1835 1730 pluribus
1866 1665 2112 1732 ejusdem
2132 1664 2375 1717 nominis
2404 1661 2721 1716 civitatibus
2741 1661 3020 1715 additione
3046 1660 3211 1730 hujus
3230 1662 3529 1728 pravlncla:
3566 1662 3779 1715 distin-

504 1761 616 1811 cta,
650 1766 678 1804 a
714 1751 973 1820 Pompeio
1004 1752 1195 1821 Magno
1223 1755 1445 1807 condita
1472 1755 1541 1805 ob
1571 1753 1941 1807 Mithridatem
1978 1753 2053 1805 ibi
2088 1753 2449 1813 debellatum,
2479 1761 2703 1806 auctore
2740 1752 2910 1805 Dione
2953 1749 3163 1812 Cassio,
3215 1748 3313 1802 lib.
3352 1764 3511 1802 nxrt
3575 1751 3771 1806 Hlsro-

508 1841 718 1893 riarum
759 1840 1156 1904 Romanorum,
1182 1843 1395 1895 exstitit
1426 1842 1855 1895 clarissimorum
1891 1851 2193 1909 martyrum
2234 1839 2372 1894 XLV
2402 1840 2673 1908 palaestra,
2702 1839 3025 1893 coostantiae
3056 1852 3247 1891 eorum
3281 1839 3435 1891 testis
3462 1848 3514 1889 et
3547 1848 3777 1905 specta-

507 1928 640 1984 trix.
682 1942 748 1980 ac
777 1927 967 1995 gloriae
987 1929 1299 1992 theatrum;
1336 1928 1532 1981 civitas
1565 1945 1693 1983 sane
1720 1940 1832 1982 tum
1864 1930 2064 1998 insigni
2098 1929 2198 1982 hoc
2241 1930 2522 1996 triumpho
2552 1929 2771 1986 nobilis,
2806 1938 2919 1981 tttm
2955 1926 3183 1980 miriﬁce
3227 1925 3513 1994 prmdieari
3548 1927 3779 1988 merita,

506 2000 1030 2080 quud’temporibus
1058 2016 1298 2070 Valentis
1326 2015 1678 2083 imperatoris
1714 2017 2041 2071 inconcussa
2070 2018 2284 2071 steterit
2312 2016 2579 2071 adversus
2604 2018 2927 2070 Arianorum
2958 2015 3245 2083 procellas,
3282 2024 3341 2067 ut
3372 2012 3628 2082 pluribus
3657 2028 3781 2067 me-

510 2102 667 2155 minit
695 2101 752 2157 S.
786 2102 1101 2157 Basilius‘in
1135 2105 1355 2171 epistol.
1385 2105 1584 2165 addit,
1613 2104 1758 2157 sicut
1794 2106 1973 2173 signat
2005 2104 2274 2160 Baronius
2310 2108 2361 2159 in
2396 2105 2771 2160 natationibus
2801 2105 2909 2163 hic,
2939 2103 2991 2164 6,
3016 2102 3069 2163 9,
3102 2102 3187 2165 10,
3214 2106 3273 2156 ll
3304 2111 3360 2156 et
3386 2101 3448 2154 i2
3470 2101 3607 2155 edit.
3636 2100 3777 2155 Nut.

510 2189 1007 2243 celebratissimam
1033 2208 1165 2244 vero
1194 2203 1507 2245 sanctorum
1549 2202 1848 2264 martyrum
1884 2195 2205 2247 memoriam
2234 2194 2401 2247 fuisse
2436 2194 2489 2245 in
2523 2195 2697 2247 sacris
2734 2193 2956 2255 tabulis,
2992 2191 3211 2244 abunde
3264 2191 3538 2246 constabit
3594 2205 3659 2244 ex
3712 2190 3786 2243 iis

515 2290 638 2344 qua:
672 2276 739 2330 de
760 2293 951 2331 eorum
986 2281 1135 2332 cultu
1161 2280 1566 2336 subnectimus.

580 2364 635 2417 2.
674 2364 1035 2435 MenolOgium
1070 2367 1427 2424 Basilianum.
1452 2369 1518 2421 ad
1553 2369 1757 2421 calcem
1792 2368 1921 2422 tomi
1948 2368 2109 2437 primi
2149 2367 2315 2436 hujus
2345 2369 2548 2422 mensis
2594 2377 2714 2435 post
2756 2368 3232 2423 annuntiationem
3268 2384 3281 2418 :
3321 2367 3525 2422 Eodem
3584 2382 3783 2422 menso

514 2450 684 2519 (Julia
712 2452 799 2505 die
826 2459 903 2521 χ),
948 2456 1132 2523 passio
1160 2467 1475 2509 sanctorum
1510 2455 1650 2510 XLV
1683 2467 2004 2527 martyrum,
2035 2459 2126 2525 qui
2160 2456 2211 2509 in
2250 2458 2497 2525 Nicopoli
2529 2458 2793 2528 martyrio
2826 2457 3004 2512 allecti
3046 2468 3194 2519 sunt,
3242 2476 3259 2508 ι
3302 2457 3373 2509 ita
3410 2457 3475 2511 (le
3506 2457 3614 2510 illis
3634 2471 3787 2525 prin-

517 2539 663 2593 dicat
697 2557 709 2593 :
743 2560 767 2595 ι
805 2540 1179 2613 Quadraginta
1221 2544 1464 2618 quinque
1489 2543 1693 2598 Christi
1728 2554 1995 2616 martyres
2022 2548 2275 2599 vixerunt
2305 2545 2408 2597 sub
2446 2561 2614 2614 regno
2646 2547 2837 2600 Licinii
2871 2556 2925 2599 et
2955 2548 3275 2614 prmfectura
3302 2544 3495 2615 Lysirc.
3534 2558 3782 2613 quorum

512 2625 791 2694 principes
824 2628 976 2682 fuere
1041 2628 1327 2693 Leontius,
1370 2632 1679 2692 Mauritius,
1717 2633 1907 2687 Daniel
1936 2644 1991 2688 et
2022 2634 2315 2685 Antonius.
2341 2632 2736 2704 Compreltcnsi
2774 2635 2956 2696 itaque
3000 2634 3295 2686 astiterunt
3316 2633 3442 2685 duci
3502 2632 3675 2700 Lysia:
3725 2630 3785 2682 in

510 2712 760 2782 Nicopoli
798 2716 1092 2779 Armenize.
1128 2717 1526 2787 Christumque
1559 2721 1799 2775 confessi
1833 2732 1887 2774 et
1924 2721 2066 2773 idola
2100 2721 2390 2783 exsecrati,
2426 2724 2663 2789 c:esique
2694 2720 3049 2785 aelapidihus
3083 2735 3178 2772 ora
3204 2730 3259 2772 et
3297 2718 3489 2771 faciem
3521 2716 3782 2779 contriti,

514 2800 571 2853 in
598 2816 877 2858 carcerem
902 2805 1148 2857 conclusi
1182 2816 1332 2867 sunt,
1360 2823 1455 2875 per
1484 2809 1603 2859 dics
1636 2810 1820 2877 plures
1858 2810 2064 2878 absque
2097 2810 2223 2863 cibo
2258 2818 2666 2878 permanentes.
2708 2808 2928 2869 Milites,
2963 2822 3155 2860 eorum
3225 2806 3591 2860 constantiam
3636 2818 3784 2856 con-

516 2889 735 2956 spicati.
777 2890 998 2949 Christo
1030 2892 1391 2949 crediderunt
1444 2896 1649 2953 Deinde
1675 2912 1704 2950 e
1732 2914 1953 2952 carcere
1988 2900 2172 2968 ejecti,
2199 2910 2254 2953 et
2283 2912 2443 2952 crura
2475 2896 2765 2951 securibus
2787 2896 3036 2959 abscissi,
3063 2895 3117 2949 hi
3147 2894 3369 2964 quidem
3398 2895 3507 2959 jam
3539 2891 3781 2951 mortui.

518 2977 597 3031 illi
640 2990 822 3035 autem
862 2984 1045 3038 adhuc
1101 2986 1397 3054 spirantes,
1448 2988 1501 3040 in
1540 2991 1813 3041 caminum
1838 2991 1979 3058 ignis
2038 2987 2248 3057 injecti.
2280 2999 2504 3038 cursum
2549 2994 3024 3046 consummarunt,
3069 2984 3402 3049 accipientes
3461 2979 3783 3035 immortale

520 3080 772 3137 regnum,
806 3072 950 3138 quod
981 3075 1231 3138 paratum
1262 3075 1393 3141 ipsis
1424 3076 1531 3127 fuit
1555 3091 1584 3127 a
1616 3076 1989 3128 Christoante
2024 3077 2213 3130 mutuli
2251 3077 2723 3129 constitutionem.
2762 3093 2779 3125 ι
2814 3074 2957 3129 Alibi
2987 3076 3184 3143 saepius
3221 3075 3415 3126 horum
3465 3081 3780 3137 martyrum

519 3158 761 3209 recurrit
793 3161 1057 3212 memoria
1091 3162 1141 3212 in
1163 3159 1369 3213 Graecis
1406 3161 1582 3223 fastis,
1615 3178 1677 3215 ac
1701 3165 2021 3233 plerumque
2044 3181 2166 3218 enm
2208 3182 2375 3235 parvo
2400 3166 2594 3232 elogio,
2629 3164 2886 3219 videlicet
2912 3165 2963 3216 in
2990 3164 3205 3217 Menaeis
3236 3163 3517 3229 impressis
3541 3176 3781 3214 eorum-

518 3260 627 3313 que
661 3246 840 3300 indice
870 3257 919 3304 el
954 3247 1250 3320 llorologio
1289 3249 1648 3316 Gratcorum;
1700 3254 1827 3307 item
1872 3256 1923 3308 in
1976 3254 2369 3324 Supplemento
2416 3253 2481 3305 ad
2523 3252 2721 3305 Meuma
2777 3268 2841 3305 ex
2895 3250 3196 3319 Synaxario
3251 3248 3533 3301 Sirmoudi
3582 3257 3639 3297 et
3671 3261 3784 3303 ms.

517 3334 885 3397 Chimetii,in
915 3338 1135 3392 Menmis
1168 3340 1514 3396 bibliorheca:
1546 3342 1943 3404 Ambrosiante,
1998 3342 2202 3397 Mentco
2258 3342 2541 3405 Chiﬂletii,
2605 3341 2910 3407 Menulogio
2958 3338 3119 3390 Slavo
3155 3335 3407 3395 Russico,
3473 3334 3621 3399 quod
3679 3349 3787 3402 pro

520 3420 737 3476 Leontio
760 3426 951 3478 scribit
985 3426 1198 3483 Leonis.
1233 3428 1467 3485 Maximo
1492 3429 1853 3501 Cythetorum
1884 3431 2182 3499 episcopo;
2210 3434 2411 3499 quibus
2440 3431 2563 3482 addi
2594 3438 2773 3495 potest
2799 3442 2900 3479 ms.
2936 3440 3002 3479 ex
3038 3425 3178 3479 libro
3210 3425 3409 3494 linguae
3432 3421 3685 3475 Arabica:
3710 3421 3786 3478 de

520 3509 634 3562 vita
666 3513 1057 3565 nonnullorum
1091 3525 1433 3576 sanctorum,
1461 3518 1729 3586 Typicum
1769 3519 1825 3571 S.
1857 3518 2035 3576 Saba.
2068 3533 2170 3570 nec
2207 3533 2313 3569 non
2350 3518 2592 3584 epitomc
2618 3528 2820 3567 excusa
2876 3511 3165 3583 Meuologii
3202 3529 3215 3565 :
3257 3511 3498 3578 denique
3529 3508 3786 3562 Menolo-
3864 3580 3867 3581 ν

521 3600 669 3669 gium
707 3599 891 3653 Sirleti
932 3620 945 3654 :
976 3616 1006 3655 e
1033 3617 1142 3669 quo
1172 3614 1356 3671 postea
1388 3620 1581 3658 eorum
1618 3607 1883 3660 memoria
1945 3605 2162 3658 transiit
2193 3606 2258 3657 ad
2299 3603 2742 3673 Martyrologium
2798 3601 3126 3663 Romanum,
3187 3600 3267 3654 sic
3306 3598 3430 3652 illos
3488 3596 3785 3651 referens:

527 3704 549 3739 ι
587 3687 832 3755 Nicopoli
888 3692 941 3743 in
980 3691 1261 3754 Armenia,
1294 3705 1609 3749 sanctorum
1651 3706 1949 3766 martyrum
1983 3694 2220 3756 Leontii,
2246 3692 2507 3749 Mauritii.
2546 3692 2785 3747 Danielis
2819 3699 2875 3745 et
2921 3692 3221 3749 sociorum,
3272 3691 3362 3757 qui
3410 3688 3514 3742 sub
3567 3687 3790 3743 Licinio

521 3770 861 3841 imperatore
885 3786 941 3831 et
970 3777 1124 3847 Lysia
1157 3782 1390 3849 praeside
1431 3783 1581 3833 varie
1614 3784 1939 3845 excruciati,
1975 3782 2194 3836 tandem
2227 3784 2279 3837 in
2308 3782 2486 3853 ignem
2519 3782 2776 3849 conjecti,
2800 3778 3049 3847 martyrii
3078 3792 3301 3830 cursum
3329 3775 3714 3832 confecerunt.
3761 3794 3782 3828 ο

523 3860 774 3917 Maltinus
802 3865 922 3919 illos
950 3869 1115 3919 etiam
1138 3869 1321 3925 habet.
1349 3877 1403 3921 et
1422 3867 1751 3923 Galesinius.

601 3950 655 4005 3.
680 3951 881 4006 Menaza
910 3952 1196 4023 impressa,
1232 3956 1307 4009 uti
1336 3958 1501 4010 etiam
1533 3956 1739 4011 dictum
1765 3972 1956 4012 eorum
1983 3956 2459 4027 Supplementum,
2487 3970 2643 4010 sacro
2670 3963 2971 4027 martyrum
3003 3952 3203 4026 agmini
3229 3951 3302 4007 ita
3327 3949 3591 4008 occinunt
3625 3967 3640 4004 :

1380 4118 1709 4184 Παρεμϐολή
1735 4134 1817 4170 τις
1850 4116 2049 4184 εὑρέθη
2078 4117 2157 4185 τῷ
2191 4118 2307 4184 Θεῷ
2348 4119 2441 4169 νέα

1378 4186 1564 4253 Τόλμῃ
1598 4185 2027 4254 παρεμϐαλοῦσα
2058 4192 2149 4238 καὶ
2179 4189 2349 4254 πυρὸς
2386 4188 2573 4252 μέσον.

1384 4257 1611 4311 κτεῖνεν
1645 4255 1971 4328 ἀρισοενέας
2004 4257 2203 4327 δεκάτη
2232 4260 2340 4327 πῦρ
2370 4257 2763 4322 Νικοπολίτης.

1379 4367 1527 4423 Nova
1556 4378 1735 4423 castra
1772 4370 1978 4424 Numen
2006 4370 2229 4424 militent
2260 4372 2456 4424 invenit
2498 4386 2688 4423 norum

1374 4440 1636 4509 Autt‘dacter
1668 4456 1853 4490 omum
1882 4442 2094 4491 tendere
2118 4444 2171 4492 in
2194 4444 2363 4493 medio
2392 4456 2565 4509 rogos.

1388 4506 1643 4562 Flamma
1669 4520 1814 4563 necat
1841 4510 2041 4563 decima
2068 4526 2320 4581 generosa
2344 4506 2683 4581 Nicopolitas.

533 4665 682 4723 Idem
717 4662 1171 4733 Supplementum
1203 4662 1369 4722 habet
1403 4661 1507 4717 hoc
1555 4663 1832 4733 singulare
1860 4663 1928 4718 de
1977 4680 2099 4718 eoru

2222 4664 2350 4720 :ullu
2386 4685 2397 4719 :
2451 4665 2694 4718 Τεὶεῖτκι
2729 4666 2781 4718 δὲ
2822 4667 2850 4735 ἡ
2884 4664 3064 4719 αὐτῶν
3097 4667 3315 4732 stimet;
3346 4678 3402 4716 tv
3446 4666 3522 4734 τῷ
3547 4666 3662 4734 ναῷ
3686 4667 3788 4737 τῆς

534 4754 695 4821 ἁγίας
745 4751 1031 4821 ’Δκυλινης
1057 4752 1285 4819 πλησίον
1306 4751 1400 4804 τοῦ
1424 4752 1614 4819 φόρου.
1659 4750 1984 4804 Celebratttr
2021 4764 2100 4806 au!

2232 4770 2422 4808 eorum
2474 4755 2792 4808 solemnitas
2852 4756 2905 4808 in
2956 4757 3161 4825 templo
3192 4754 3248 4811 S.
3308 4755 3579 4825 Aquilium
3609 4770 3786 4825 prope

533 4840 758 4898 Forum.
801 4861 822 4894 ι
856 4841 931 4897 De
957 4841 1159 4911 templo
1187 4840 1243 4897 S.
1270 4840 1538 4911 Aquilium
1568 4842 1679 4911 agit
1703 4840 1940 4903 Cangius
1968 4841 2063 4897 lib.
2100 4860 2151 4897 tv
2187 4842 2369 4899 CPolis
2401 4841 2731 4906 Christianis,
2761 4858 2875 4912 pag.
2906 4844 3028 4898 144.
3208 4846 3209 4849 “

603 4932 660 4986 ι.
692 4930 961 4984 Baronius
984 4941 1115 4983 tom.
1150 4929 1233 4989 Ill.
1269 4945 1388 4999 pag.
1432 4930 1551 4988 162.
1577 4945 1731 4983 num.
1754 4930 1843 4992 46,
1877 4946 2043 5004 agens
2060 4932 2126 4985 de
2158 4934 2309 4986 hisce
2347 4934 2703 5000 martyribus,
2738 4948 2963 5001 agonem
2995 4948 3185 4986 eorum
3212 4933 3385 5006 afﬁgit
3408 4948 3551 4987 anno
3574 4933 3701 4988 316.
3724 4935 3785 4989 In

537 5016 848 5087 Menologio
887 5016 1312 5073 Slavo-Russico
1343 5027 1625 5088 ponuntur
1656 5017 1798 5087 passi
1820 5034 1965 5072 anno
1990 5019 2113 5073 507.
2144 5018 2310 5074 Liber
2340 5022 2536 5091 Iingme
2583 5022 2845 5085 Arabicre,
2871 5022 2939 5076 de
2972 5038 3083 5091 quo
3124 5038 3313 5091 supra,
3350 5023 3569 5078 videtur
3630 5024 3787 5089 ipsos

537 5105 763 5174 alligare
786 5106 1130 5174 temporibus
1158 5106 1516 5169 Diocletiani;
1555 5121 1679 5159 cum
1718 5116 1843 5176 post
1872 5107 2353 5161 annuntiationem
2382 5110 2583 5162 ibidem
2620 5108 2854 5162 addatur
2886 5108 3145 5164 Actorum
3186 5111 3312 5163 vitm
3365 5118 3464 5161 aut
3488 5108 3676 5179 elogii,
3721 5118 3787 5163 ut

539 5205 793 5258 autumo,
831 5194 1165 5263 principium
1193 5210 1211 5244 ι
1251 5192 1303 5246 in
1340 5192 1538 5247 diebus
1575 5193 1897 5249 Diocletiani
1940 5217 1951 5249 :
1982 5216 1999 5247 ›
2029 5208 2085 5251 et
2118 5199 2436 5261 aserihitur,
2466 5200 2560 5254 fol.
2599 5199 2683 5252 l5.
2716 5190 2889 5253 Τοιηο
2922 5200 2963 5253 V
2988 5200 3134 5262 Maii,
3168 5216 3291 5270 pag.
3324 5198 3444 5260 151.
3482 5200 3535 5252 ἱη
3585 5210 3783 5254 annot.

537 5282 603 5337 ad
636 5297 756 5352 cap.
792 5284 823 5336 ὅ
856 5285 1118 5338 Actorum
1144 5284 1201 5340 S.
1241 5286 1435 5340 Denati
1467 5284 1818 5340 etsociorum
1848 5297 2149 5358 martyrum
2174 5288 2256 5341 lit.
2296 5287 2331 5346 f.
2364 5289 2585 5357 ponitur
2621 5287 2864 5342 Licinius
2897 5288 3128 5357 coepisse
3153 5285 3789 5357 persequiChristianos

544 5385 691 5425 anno
724 5370 848 5425 316.
887 5371 1061 5427 Secus
1090 5373 1349 5441 opinatur
1372 5373 1572 5443 Pagius
1596 5374 1649 5427 in
1681 5372 1884 5428 Critica
1912 5374 2041 5427 hist.
2079 5372 2344 5430 Chronol.
2378 5387 2511 5431 tom.
2548 5376 2591 5440 l,
2620 5392 2737 5446 pag.
2774 5376 2901 5440 38l,
2938 5392 3191 5439 censetis,
3223 5376 3405 5431 nullos
3430 5386 3702 5445 martyres
3729 5376 3787 5433 in

543 5465 934 5533 persecutione
959 5464 1248 5520 Liciniana
1285 5464 1454 5521 fuisse
1490 5482 1679 5537 passos
1706 5476 1830 5519 ante
1858 5481 2063 5519 annum
2095 5466 2220 5527 5l9,
2242 5479 2419 5533 neque
2443 5474 2568 5518 ante
2604 5464 2737 5519 illud
2786 5475 3001 5534 tempus
3033 5464 3303 5519 Licinium
3341 5464 3788 5534 persecutionem

544 5551 809 5607 Ecclesiae
840 5554 1114 5608 intulisse.
1146 5553 1534 5609 Tillemontius
1570 5566 1702 5608 tom.
1728 5556 1791 5620 ν,
1820 5571 1940 5625 pag.
1979 5555 2101 5615 fili,
2134 5554 2312 5607 obiter
2343 5568 2408 5606 ex
2437 5552 2641 5607 Grmcis
2674 5553 2873 5607 tabulis
2895 5562 3114 5606 sanctos
3137 5550 3343 5606 Christi
3404 5552 3617 5622 pugiles
3634 5568 3793 5607 com-

548 5654 882 5702 memorans,
907 5657 1111 5697 anuum
1141 5645 1384 5714 martyrii
1418 5661 1526 5698 non
1558 5644 1909 5698 determinat.
1938 5644 2003 5697 Et
2036 5658 2163 5696 vero
2186 5657 2247 5693 ea
2297 5642 2559 5713 temporis
2604 5647 2761 5700 ratio.
2805 5657 2967 5709 quam
3010 5639 3121 5707 figit
3168 5639 3382 5711 Pagius,
3434 5656 3542 5695 non
3570 5641 3791 5700 videtur

549 5729 927 5803 improbabilia
965 5750 977 5784 :
1009 5748 1187 5803 neque
1212 5736 1357 5791 enint
1396 5744 1639 5805 apparet.
1678 5750 1838 5804 quem
1868 5734 2211 5804 potissimum
2244 5732 2509 5802 martyrio
2536 5748 2677 5801 sape
2714 5732 2862 5786 dicto
2902 5732 3147 5801 assignes
3169 5747 3396 5791 annum.
3426 5746 3589 5801 quam
3634 5732 3790 5789 illum

548 5837 657 5891 quo
730 5821 972 5877 Licinius
1000 5823 1146 5877 varia
1180 5822 1231 5877 in
1264 5825 1605 5880 Christianos
1641 5824 1987 5880 machinatus
2019 5834 2120 5886 εει,
2156 5838 2248 5876 eos
2277 5838 2303 5877 e
2333 5822 2529 5890 palatio
2560 5835 2657 5877 suo
2684 5820 2911 5892 pellens,
2934 5819 3167 5876 concilia
3203 5820 3509 5887 celebrare,
3550 5835 3649 5879 eos
3697 5837 3792 5880 re.
