3966 6444
203 371 298 433 321
1162 369 1630 431 MARTYRIUM
1673 371 1769 430 SS.

1890 374 1961 429 -V
2009 370 2458 434 MARTYRUH.
3347 368 3456 428 322

199 499 338 547 tant.
380 484 602 554 aliaque
625 499 788 556 quam
812 484 1042 554 plurima
1092 494 1284 538 contra
1315 499 1410 538 eos
1437 495 1688 540 statuens
1720 503 1784 540 ac
1821 498 2016 556 gerens
2050 488 2103 540 in
2134 487 2319 542 odium
2347 488 2692 542 Constantini
2725 488 2790 543 de
2832 487 3030 556 quibus
3059 486 3330 542 Eusebius
3353 485 3448 542 lib.

196 589 213 628 ι
242 573 314 625 De
348 570 465 626 Vtra
493 572 853 636 Constantini,
885 574 1060 641 capite
1091 572 1180 635 51,
1216 572 1282 627 52
1309 583 1362 626 et
1393 589 1548 642 seqq.
1584 575 1728 642 agit;
1760 591 1878 643 qu.e
1912 575 2164 628 Petavius
2197 577 2379 645 alligat
2416 592 2561 628 anno
2586 576 2789 631 Christi
2824 575 2947 639 519,
2983 585 3040 626 ut
3067 575 3252 627 videre
3283 585 3366 627 cst
3397 575 3449 626 in

199 670 352 727 parte
390 664 564 714 altera
610 661 685 713 De
712 662 948 712 doctrina
986 671 1169 726 temp..
1193 676 1311 729 pag.
1347 661 1470 724 7l8;
1509 662 1736 714 addens.
1777 676 1964 731 passos
1987 680 2104 718 esse
2141 670 2192 716 iu
2217 680 2277 717 ea
2317 669 2707 733 persecutione
2733 664 2824 718 XL
2864 674 3129 732 martyres
3157 663 3209 714 in
3243 661 3454 729 Cappa-

195 749 376 809 docia,
413 748 618 818 frigore
649 759 894 805 enectos.
925 747 1281 806 etBasilium.
1312 749 1542 801 Amasis.-
1572 751 1809 804 Pontica:
1860 754 2208 820 episcopum,
2269 752 2532 822 martyrio
2585 751 2865 815 affectum,
2926 753 3167 818 citatque
3227 750 3448 802 Eusebii

192 835 530 889 Chronicon.
578 839 771 890 Actum
805 835 870 888 de
907 835 999 887 illo
1030 845 1116 888 est
1151 845 1283 888 tom.
1317 836 1378 889 Ill
1416 838 1638 904 Aprilis.
1675 855 1796 906 pag.
1824 839 1947 897 416.
1991 843 2235 907 apposita
2270 841 2502 910 cpncha,
2529 841 2678 895 circa
2700 857 2824 893 ann.
2857 840 2992 902 δεῖς
3024 839 3090 892 de
3149 839 3214 891 iis
3264 851 3448 890 autem

195 925 279 974 die
310 925 370 978 lO
401 919 598 976 Martii.
643 925 706 974 ad
745 925 857 976 Ιτςεε
895 922 1114 974 Eusebii
1142 922 1454 978 Chronieon
1495 924 1684 978 Latine
1734 941 1951 979 versum
1972 931 2114 996 apud
2149 929 2445 996 loseplmm
2496 926 2838 994 Scaligerum
2893 942 3014 996 pag.
3079 925 3198 987 180,
3251 927 3314 978 ad
3357 941 3447 977 an.

196 1032 377 1074 occur
405 1019 571 1070 habet
594 1033 608 1079 ;
637 1016 910 1070 tLicinius
932 1017 1273 1069 Christianos
1297 1017 1362 1068 de
1383 1019 1584 1085 palatio
1610 1035 1705 1070 sua
1729 1019 1901 1086 pellit.
1922 1041 1936 1066 ι
1959 1021 2212 1075 Dicamus
2232 1038 2378 1092 ergo,
2399 1033 2668 1092 martyres
2695 1023 2898 1075 obiisse
2927 1024 3068 1074 circa
3095 1035 3297 1072 annum
3325 1019 3450 1074 519.

264 1106 315 1160 5.
353 1106 494 1169 Quid
519 1103 755 1156 sentiam
796 1104 862 1156 de
893 1105 1116 1163 Actis,.c
1147 1104 1336 1156 Cra-co
1380 1107 1431 1155 in
1462 1103 1714 1156 Latinum
1748 1121 2052 1158 seri-nonem
2091 1124 2116 1160 a
2147 1124 2229 1161 me
2248 1112 2550 1168 conversis,
2575 1111 2764 1177 paucis
2794 1110 3060 1174 intellige.
3087 1107 3200 1160 Non
3235 1109 3453 1160 sincera

199 1193 281 1245 illa
308 1207 458 1252 esse,
493 1197 586 1248 sed
613 1191 863 1260 cpisodio
894 1193 1011 1257 plus
1042 1205 1152 1241 uno
1195 1192 1458 1247 adornata
1513 1191 1924 1260 dramaticcque
1990 1198 2315 1263 composita,
2367 1197 2737 1252 indubitatum
2792 1196 2925 1249 mihi
2978 1195 3211 1248 videtur.
3267 1194 3453 1262 Spirat

198 1281 483 1332 enimvero
516 1279 569 1331 in
597 1281 707 1332 illis
737 1278 1016 1345 ingenium
1046 1277 1451 1344 Melaphrasus.
1485 1279 1570 1330 vel
1600 1279 1789 1332 saltem
1828 1283 2053 1337 altct'ius
2074 1283 2356 1353 cujusdam
2383 1284 2434 1338 ei
2461 1299 2566 1336 non
2602 1284 2890 1340 absimilis.
2926 1281 3152 1349 tragacdi
3182 1281 3320 1332 sacri
3359 1297 3455 1347 po-

200 1367 300 1419 tius
357 1381 524 1433 qoatn
573 1365 770 1418 sinceri
801 1364 1044 1417 historici
1075 1379 1272 1416 nomen
1305 1367 1613 1432 promeriti.
1645 1365 1982 1435 Argumenta
2021 1380 2150 1421 sunt
2173 1379 2470 1436 sequentes
2503 1371 2942 1422 observationes.
2987 1367 3192 1428 l’rttuo,
3240 1379 3451 1434 preces,

197 1455 376 1508 verbis
419 1459 759 1522 psalmorum
789 1455 952 1506 nimis
984 1454 1310 1522 composita
1345 1455 1707 1510 cont-innatat.
1747 1465 1805 1509 ut
1838 1455 2042 1507 videsis
2070 1472 2219 1507 num.
2265 1458 2295 1507 δ
2330 1467 2384 1509 et
2414 1457 2498 1509 12.
2531 1455 2809 1518 Secundo,
2859 1457 3109 1509 inductio
3151 1465 3453 1524 martyrum

204 1543 492 1607 Utriusque
525 1555 692 1592 sexus
720 1555 956 1593 necnon
996 1542 1308 1608 exemplqu
1343 1539 1399 1594 S.
1433 1540 1787 1602 Potamieme,
1815 1544 2156 1611 temporibus
2187 1543 2499 1598 Maximiani
2524 1561 2621 1614 pro
2653 1547 2854 1597 tuenda
2893 1545 3156 1611 pudicitia
3206 1559 3258 1593 Ill
3295 1543 3451 1594 lebe-

199 1637 323 1687 tem,
367 1631 489 1694 pice
515 1629 873 1689 instructum,
900 1644 928 1681 a
963 1644 1062 1682 suo
1093 1628 1318 1682 domino
1353 1630 1590 1698 injecta},
1622 1645 1819 1682 nonnae
1865 1631 2139 1682 theatrum
2174 1630 2424 1699 Spirant?
2458 1629 2515 1684 S.
2542 1631 2830 1688 Leontius.
2855 1643 2918 1683 ea
2954 1639 3182 1682 narrans
3229 1638 3287 1680 ut
3329 1629 3452 1680 ani-

197 1729 310 1767 mos
337 1718 547 1769 excitet
577 1724 644 1768 ad
685 1717 902 1770 fortiter
941 1734 1039 1785 pro
1073 1717 1295 1770 Christo
1318 1717 1718 1779 dimicandum,
1749 1719 1883 1771 dicit
1923 1733 1980 1770 δε
2015 1731 2076 1768 ea
2109 1717 2388 1784 accepisse
2430 1739 2446 1766 ι
2477 1733 2504 1769 a
2528 1722 2785 1786 magistro
2815 1732 2935 1777 suo,
2970 1717 3063 1785 qui
3094 1715 3350 1769 veniebat
3382 1731 3454 1770 ex

194 1803 420 1873 Egypto.
469 1814 525 1858 et
559 1805 780 1857 audisse
812 1820 866 1856 se
893 1805 1077 1857 aiebat
1111 1821 1138 1861 a
1161 1803 1218 1858 S.
1245 1806 1486 1858 Antonio
1519 1817 1724 1859 asceta.
1760 1830 1774 1852 ο
1809 1805 2006 1870 ρυετο
2034 1805 2126 1871 qui
2153 1806 2240 1856 hic
2268 1805 2538 1857 Antonius
2565 1805 2757 1857 aceta?
2795 1807 3067 1859 Antonius
3117 1820 3360 1874 magnus.
3393 1817 3454 1859 ttt

192 1893 411 1958 Opinor.
453 1892 849 1947 celeberrimus
885 1893 1126 1960 plurium
1161 1895 1558 1951 monachorum
1597 1893 1763 1948 abbas
1798 1913 1810 1947 :
1843 1893 1888 1947 si
1923 1892 2010 1946 ille
2041 1901 2147 1952 est,
2183 1907 2346 1962 quem
2379 1893 2630 1956 conjicio.
2656 1894 2788 1944 satis
2818 1892 3091 1958 disparata
3122 1905 3452 1947 connectere

194 1981 414 2035 videtur
451 1983 730 2049 scriptor;
767 1996 890 2032 cum
927 1982 970 2033 is
1016 1992 1121 2034 tam
1152 1983 1243 2039 diu
1277 1983 1476 2036 obierit
1508 1993 1629 2052 post
1665 1983 1720 2037 S.
1745 1983 2057 2045 Leontium,
2090 1995 2234 2034 anno
2258 1987 2449 2049 ultque
2478 1979 2603 2034 ⁸556.
2636 1980 2743 2034 Res
2771 1981 2873 2033 illa?
2897 1991 3210 2043 narrantur,
3239 1998 3267 2033 a
3296 1996 3450 2034 num.

190 2067 221 2118 8
259 2069 310 2120 in
368 2071 499 2121 line.
543 2067 752 2126 Tertio,
789 2067 1063 2126 diabolus,
1095 2066 1474 2136 Esculapium
1510 2074 1796 2133 mentitus.
1828 2075 2135 2140 ducemque
2170 2069 2384 2140 Lysiam
2433 2081 2624 2124 contra
2656 2080 2924 2140 martyres
2959 2072 3262 2133 concitans,
3287 2070 3454 2140 quid-

193 2170 314 2206 nam
350 2163 432 2206 cst
465 2154 567 2206 nisi
601 2169 764 2206 scena
793 2153 1116 2218 dramatica,
1156 2171 1306 2207 num.
1338 2156 1454 2208 12?
3245 2158 3247 2160 ’

254 2243 306 2294 6.
337 2241 571 2304 Quinto,
605 2257 752 2294 mors
783 2252 1105 2312 martyrum,
1141 2243 1245 2298 hoc
1270 2244 1437 2297 modo
1464 2242 1788 2305 accelerata,
1818 2241 1910 2310 qui
1947 2241 2186 2297 refertur
2206 2258 2358 2296 num.
2382 2242 2469 2306 16,
2500 2242 2657 2296 fallor
2682 2242 2724 2296 si
2752 2241 2966 2310 plenam
2999 2241 3159 2296 fidem
3184 2243 3448 2300 inveniat.

189 2327 372 2383 Sexto.
407 2329 594 2396 prodit
623 2330 675 2382 in
704 2346 922 2385 scenam
957 2333 1180 2395 mulier,
1217 2335 1426 2387 sanctis
1455 2349 1651 2406 aquam
1684 2331 1786 2384 sub
1819 2331 2060 2384 vestibus
2090 2332 2228 2384 clam
2262 2332 2316 2384 in
2344 2347 2564 2392 carcere
2597 2332 2872 2390 deferens,
2902 2347 3054 2385 num.
3094 2334 3147 2383 ll
3175 2348 3189 2396 ;
3214 2349 3334 2401 quae
3357 2332 3454 2387 de.

189 2431 296 2469 nuo
326 2413 473 2474 redit
508 2433 662 2471 num.
693 2419 775 2472 l9.
798 2419 993 2480 Erunt,
1032 2430 1090 2472 ut
1114 2421 1333 2488 opinor,
1365 2421 1568 2487 quibus
1605 2435 1796 2487 preces
1817 2431 1871 2472 et
1904 2436 2044 2487 aqua
2067 2435 2097 2470 e
2127 2434 2262 2488 rupe
2285 2420 2472 2473 elicita
2503 2435 2610 2473 non
2641 2423 2866 2473 omnino
2902 2422 3249 2484 arridebunt,
3297 2439 3454 2480 ntnn.

185 2502 269 2557 22.
305 2505 559 2573 Denique
592 2507 851 2559 Actorum
884 2507 1186 2559 sinceritati
1223 2522 1330 2558 non
1357 2508 1706 2560 mediocriter
1730 2506 1900 2560 ofﬁcit
1935 2525 2169 2575 sequens
2204 2509 2470 2569 clausula,
2498 2525 2526 2560 a
2567 2511 2822 2576 genituris
2867 2514 3014 2563 Actis
3080 2511 3270 2564 abesse
3317 2526 3449 2564 ccu-

185 2606 365 2649 tueta.
403 2611 527 2660 quae
560 2594 804 2644 habetur.
829 2609 979 2646 num.
1015 2595 1102 2650 ‘23.
1144 2595 1195 2646 in
1239 2610 1345 2662 qua
1389 2593 1665 2647 Sisinnius
1695 2593 1768 2646 ita
1793 2594 1960 2647 Deum
1991 2596 2352 2664 orntjamjam
2397 2596 2717 2647 moriturus.
2759 2614 2779 2645 ι
2813 2597 2946 2663 Upis
2984 2609 3087 2649 tuae
3113 2599 3346 2667 indigus,
3374 2611 3452 2653 tc-

191 2695 294 2746 que
317 2692 518 2732 nastro
549 2681 860 2733 interventu
892 2683 1235 2738 invocantes.
1265 2683 1450 2736 statim
1475 2681 1696 2735 exaudi.
1729 2681 2048 2747 Dominc,in
2075 2698 2403 2750 quacunque
2445 2681 2771 2735 necessitate
2802 2692 2855 2734 et
2893 2684 3222 2751 indigentia;
3253 2700 3450 2752 quam-

187 2785 266 2821 vis
300 2769 354 2820 in
398 2768 670 2821 viduitate
706 2779 761 2822 et
793 2771 1065 2833 orbitate;
1101 2772 1352 2838 quamvis
1393 2771 1446 2823 in
1495 2771 1980 2839 peregrinatione;
2031 2771 2284 2838 quamvis
2337 2771 2390 2821 in
2446 2771 2763 2822 infirmitate
2818 2785 3070 2836 corporis
3116 2781 3174 2823 et
3219 2774 3446 2832 anima);

186 2859 444 2926 quamvis
477 2860 528 2909 in
557 2873 664 2911 axre
698 2858 878 2910 alieno
911 2867 962 2911 et
1004 2858 1338 2922 calumniis;
1383 2863 1633 2925 quamvis
1667 2861 1719 2910 in
1745 2860 1943 2911 acerba
1977 2861 2280 2923 servitute;
2315 2859 2569 2926 quamvis
2603 2859 2656 2910 in
2723 2858 3009 2910 hominum
3061 2873 3122 2911 ac
3171 2861 3448 2927 pecudum

187 2950 558 3016 contagione;
585 2949 841 3013 quamvis
876 2945 928 2997 in
963 2947 1099 2997 mari
1125 2947 1397 3012 quispiam
1431 2945 1502 2997 sit
1536 2946 1853 3015 naufragus,
1891 2957 2000 2998 etc.
2032 2946 2109 2999 Tu
2139 2947 2238 3007 illi,
2305 2962 2421 3006 rex,
2463 2961 2560 3012 per
2595 2960 2698 2997 nos
2749 2947 2949 2998 solatio
2988 2947 3085 3006 sis,
3130 2956 3183 2998 et
3265 2951 3450 2999 statim

187 3037 407 3093 exaudi.
439 3044 855 3102 utcognoscattt
881 3033 1070 3086 mundi
1113 3035 1275 3103 hujus
1309 3035 1520 3097 incolae,
1551 3036 1782 3087 multum
1809 3048 1908 3087 nos
1941 3033 2094 3100 diligi
2122 3033 2221 3085 abs
2264 3041 2336 3094 te,
2366 3039 2422 3084 et
2466 3032 2739 3092 exaudiri,
2803 3048 2865 3083 ac
2909 3033 3050 3082 malo
3086 3033 3314 3085 cuilibet
3357 3038 3448 3086 fiat

188 3137 323 3191 aqua
359 3124 477 3176 hazc
502 3123 555 3174 in
580 3122 868 3182 medelam.
895 3139 1017 3175 nam
1044 3124 1109 3175 ad
1147 3123 1553 3177 invocationem
1586 3124 1660 3175 tui
1684 3122 1900 3176 ebulliit
1938 3120 2333 3174 etinuovatuut
2378 3127 2461 3171 est
2505 3127 2664 3172 vetus
2715 3117 3049 3193 miraculum
3107 3120 3161 3171 in
3218 3120 3446 3188 gloriam

188 3209 365 3264 Patris
394 3219 450 3261 et
480 3207 603 3260 Filii
654 3220 709 3262 et
739 3207 980 3277 Spiritus
1011 3209 1211 3271 sancti,
1247 3210 1299 3260 in
1329 3209 1544 3260 laudem
1569 3218 1625 3260 et
1649 3210 1970 3260 memoriam
2003 3220 2306 3278 martyrum
2346 3221 2566 3262 tuorum
2595 3212 2840 3277 quinque
2864 3220 2921 3262 et
2951 3209 3334 3277 quadraginta.

255 3300 302 3351 7.
338 3298 493 3351 Inter
521 3306 786 3367 martyres
813 3296 1026 3351 XXXVI
1061 3297 1405 3350 Alexandriae
1433 3310 1638 3364 passos,
1665 3295 1734 3349 de
1764 3295 2082 3364 quibushoc
2101 3298 2290 3349 itidem
2312 3296 2402 3349 die
2429 3298 2608 3364 agitur
2629 3297 2904 3363 superius,
2939 3297 3049 3348 duo
3077 3297 3240 3362 primi
3266 3297 3447 3351 Leon-

187 3389 295 3441 tius
320 3399 376 3440 et
406 3387 719 3448 Mauritius,
741 3396 798 3439 et
829 3389 1059 3455 quintus
1092 3386 1306 3446 Daniel,
1339 3387 1518 3438 tribus
1541 3383 1746 3438 nostris
1774 3383 2110 3454 martyribus
2141 3383 2558 3453 Neapolitanis,
2594 3397 2829 3452 quorum
2857 3399 3177 3452 expressum
3209 3386 3449 3439 vidimus

187 3493 411 3541 nomen,
443 3491 675 3544 prorsus
708 3475 1026 3541 homonymi
1051 3483 1200 3526 sunt.
1231 3474 1362 3538 Quze
1415 3473 1766 3542 homonytnia
1809 3471 2185 3540 suspicionem
2238 3470 2472 3525 fortasse
2521 3471 2774 3523 nonnulli
2826 3472 3073 3539 praebere
3111 3474 3331 3540 poterit,
3358 3473 3448 3526 hic

184 3582 364 3635 aeque,
399 3581 463 3618 ac
489 3565 644 3626 alibi,
683 3563 807 3630 plus
833 3561 1024 3625 semel,
1053 3563 1293 3616 inducta:
1323 3562 1578 3630 alicujus,
1622 3561 1983 3622 confusionis,
2019 3575 2125 3613 una
2152 3559 2386 3613 fortasse
2418 3568 2720 3628 martyrum
2772 3569 2947 3611 turma
2984 3558 3038 3610 in
3075 3559 3214 3611 duas
3252 3563 3451 3615 distra-

185 3665 294 3716 cta,
326 3653 434 3713 vel,
469 3652 514 3704 si
545 3651 649 3704 hoc
678 3667 788 3704 non
816 3652 921 3715 vis,
951 3651 1181 3703 alterius
1220 3650 1273 3701 in
1336 3651 1568 3701 alteram
1620 3649 1945 3701 nominibus
1971 3647 2256 3700 derivatis.
2306 3647 2503 3699 Verum
2549 3646 2809 3715 quoniam
2843 3645 2975 3715 quid
3011 3641 3280 3700 hiclateat
3335 3663 3448 3718 my-

183 3742 361 3799 sterii.
407 3741 568 3794 nobis
593 3741 813 3808 assequi
853 3755 960 3792 non
1000 3748 1086 3792 est
1129 3749 1470 3807 promptum.
1522 3737 1577 3788 in
1616 3736 1756 3791 duas
1800 3751 1898 3790 eos
1917 3737 2126 3789 classes
2165 3733 2547 3796 distinximus,
2598 3737 2774 3788 secuti
2817 3733 3202 3803 Martyrologia
3250 3735 3448 3789 Hiero-

185 3830 443 3897 nymiana
479 3847 491 3879 :
527 3829 604 3880 uti
650 3827 1013 3880 indicavimus
1038 3841 1229 3895 supra,
1268 3825 1360 3879 ubi
1392 3825 1461 3878 de
1503 3824 1666 3878 dictis
1706 3825 1930 3895 triginta
1976 3839 2068 3878 sex
2105 3823 2441 3892 martyribus
2480 3823 2717 3891 egimus,
2762 3830 2818 3875 et
2863 3822 3242 3874 ditticultatem
3302 3823 3446 3877 hanc

184 3931 292 3967 non
331 3915 814 3983 prattermisitnus.

252 4005 305 4054 δ.
351 3999 626 4071 Tamayus
654 4002 829 4060 solius
859 4000 914 4055 S.
944 4001 1160 4056 Leontii
1188 4016 1388 4055 nomen
1422 4001 1722 4068 exprimit,
1769 4012 1826 4057 et
1872 4004 2056 4057 socios
2101 4010 2373 4071 martyres
2413 4000 2638 4054 confuse
2671 4019 2682 4053 :
2727 4019 2744 4049 ε
2787 3999 3032 4067 Nicepoli
3083 4000 3136 4050 in
3163 4001 3444 4065 Armenia,

182 4091 240 4144 S.
278 4090 493 4144 Leontii
528 4092 808 4161 martyris,
855 4092 949 4160 qui
983 4107 1108 4145 cum
1147 4092 1272 4146 aliis
1315 4092 1482 4144 sociis
1513 4105 1742 4160 agonem
1786 4089 2167 4144 admirabilem
2209 4088 2525 4156 complevit.
2567 4107 2584 4138 ι
2621 4087 2737 4140 lloc
2791 4097 2974 4148 recte;
3014 4087 3106 4140 sed
3143 4087 3444 4141 clausulam

181 4190 540 4246 sequentem,
596 4198 613 4228 ς
645 4183 802 4248 cujus
832 4181 1043 4231 exuviae
1079 4195 1250 4232 sacrae
1296 4181 1350 4229 in
1392 4181 1596 4246 oppido
1629 4180 1934 4232 Alt-audete
1958 4220 1972 4243 ,
2021 4179 2276 4232 dimcesis
2300 4177 2630 4233 Gtennensis
2663 4179 2714 4230 in
2747 4176 3000 4230 (mnobio
3032 4177 3350 4229 monialium
3383 4176 3444 4234 Β.

177 4265 354 4321 Clara:
383 4266 572 4319 debita
606 4269 791 4319 cultus
818 4265 1240 4320 honorificentia
1272 4275 1587 4330 servantur,
1623 4285 1640 4315 ι
1674 4282 1938 4334 quorsum
1967 4267 2254 4336 adjunxit?
2284 4266 2418 4318 Cum
2463 4266 2516 4316 in
2552 4267 2697 4316 notis
2723 4265 2788 4315 ad
2821 4265 2967 4315 hunc
2999 4269 3179 4316 locum
3210 4266 3444 4316 candide

179 4353 511 4422 profiteatur
548 4374 565 4403 ι
605 4355 878 4423 suspicari
911 4370 989 4417 se,
1035 4369 1195 4408 erase
1255 4354 1493 4407 amicum
1531 4353 1844 4411 eruditum,
1885 4369 1902 4400 ι
1941 4350 2203 4402 nimirum
2241 4347 2300 4400 P.
2337 4347 2629 4400 Martinum
2667 4343 2904 4398 Xemcna
2933 4346 3161 4401 Jnrado.
3193 4361 3258 4398 ex
3287 4347 3446 4416 cujus

179 4442 450 4495 relatione
482 4442 759 4508 praedictis
807 4441 992 4494 Sancti
1041 4442 1292 4508 reliquiis
1333 4442 1496 4494 istum
1551 4442 1731 4495 locum
1779 4440 2104 4511 assignarat,
2153 4454 2171 4486 α
2220 4447 2275 4489 et
2331 4436 2445 4488 haec
2495 4437 2726 4503 pignora
2776 4449 2898 4488 esse
2945 4436 3176 4488 alterius
3227 4433 3442 4488 Leontii

179 4530 439 4599 martyris
477 4531 663 4582 Roma:
696 4529 871 4598 passi;
907 4529 973 4583 de
997 4544 1107 4597 quo
1134 4541 1302 4597 agunt
1333 4529 1702 4598 Mauroiycus,
1728 4527 2063 4582 Galesinius.
2085 4535 2142 4577 et
2173 4525 2462 4590 Philippus
2495 4523 2790 4575 Ferrarius
2817 4522 2869 4573 in
2910 4523 3154 4585 generali
3181 4520 3443 4590 Catotogo

176 4613 515 4669 Sanctorum
572 4613 663 4666 die
707 4612 740 4667 9
793 4613 927 4667 Julii
976 4612 1070 4666 fol.
1105 4613 1234 4677 22H,
1296 4622 1350 4666 et
1380 4615 1679 4666 suadentur
1733 4628 1799 4666 ex
1843 4629 1910 4667 eo
1960 4611 2106 4681 quod
2162 4611 2348 4663 comiti
2381 4609 2769 4662 Betteventano
2803 4610 2926 4677 ejus
2961 4609 3190 4661 exuvias
3239 4608 3444 4660 obtutit

177 4702 381 4756 Paulus
435 4702 502 4763 V,
538 4702 700 4756 Pont.
739 4702 880 4755 Hax.
933 4711 1209 4755 extractas
1256 4717 1318 4754 cx
1361 4701 1626 4755 Romanis
1671 4700 2031 4760 caameteriis;
2069 4713 2167 4751 nec
2219 4699 2325 4750 huc
2363 4713 2538 4763 usque
2589 4699 2796 4748 sciatur
2841 4697 3208 4762 Nicopohtani
3258 4696 3444 4749 [totum

175 4791 439 4844 advectas
468 4790 667 4843 fuisse.
712 4806 730 4838 ι
771 4789 965 4852 Recte,
1000 4799 1058 4841 ut
1097 4791 1316 4857 Opinor,
1351 4789 1440 4843 hic
1465 4804 1522 4842 se
1555 4800 1609 4843 et
1632 4789 1798 4842 alium
1833 4803 1992 4841 suum
2029 4786 2225 4841 ducem
2253 4785 2480 4854 corrigit
2507 4783 2798 4854 Tamayus.
2839 4783 3058 4838 Utinam
3105 4786 3158 4837 in
3190 4784 3444 4852 pluribus
3481 4828 3484 4830 .

176 4881 302 4933 aliis
324 4882 524 4933 eadem
553 4877 824 4931 felicitate
860 4889 916 4930 et
943 4879 1208 4930 facilitate
1229 4893 1286 4931 se
1320 4877 1657 4931 correxisset
1681 4881 1693 4930 l
1727 4879 1815 4933 Sic
1844 4879 2013 4948 pluris
2035 4878 2230 4929 tierent
2256 4875 2375 4946 ejus
2400 4889 2609 4928 merces
2633 4874 2777 4942 apud
2799 4875 3048 4927 eruditos
3076 4872 3442 4942 hagiopbilos,

173 4978 341 5023 etiam
365 4968 675 5034 Hispanos,
705 4965 1089 5034 indignatione
1118 4965 1304 5032 potius
1331 4978 1394 5018 ac
1429 4966 1543 5017 risu
1585 4981 1728 5034 saepe
1753 4966 2054 5035 digniores,
2086 4977 2248 5030 quam
2286 4962 2483 5031 pretio.
