3966 6482
523 369 632 436 323

1835 373 2121 436 MENSIS
2159 371 2454 433 IULIUS.

3674 375 3790 437 3'21

1649 695 2620 830 ΜΑΡΤΥΡΙΟΝ

1351 938 1568 1024 ΤΩΝ
1652 938 1995 1023 ΑΓῘΩΝ
2071 929 2244 1021 ΜΕ
2321 937 2944 1024 ΜΑΡΤΥΡΩΝ.

1719 1301 2584 1417 MARTYRIUM

1214 1545 1939 1636 SANCTORUM
2020 1547 2265 1633 XLV
2356 1539 3079 1629 MABTYBUM.

1982 1912 2208 1968 CAPUT
2251 1914 2292 1966 l.

801 2053 1031 2123 Vulgata
1057 2069 1087 2104 a
1124 2049 1327 2102 Licinio
1358 2049 1526 2102 edicto
1557 2058 1743 2100 contra
1775 2045 2128 2109 Christianos,
2161 2046 2425 2098 sistuntur
2452 2059 2631 2096 coram
2657 2040 2786 2094 duce
2825 2039 2984 2110 Lysia
3009 2043 3181 2093 sancti
3211 2051 3494 2110 martyres.

596 2184 633 2236 Ι.
668 2182 915 2237 Licinius
954 2181 1257 2248 imperator
1283 2194 1725 2248 quaquaversum
1764 2178 1946 2232 edicta
1975 2175 2097 2228 vul-
2126 2179 2174 2236 Α

525 2280 694 2348 gavit,
727 2284 785 2329 ut
809 2275 852 2328 si
883 2274 973 2342 qui
1010 2272 1392 2341 reperirentur
1418 2270 1742 2333 Christiani,
1769 2268 2100 2322 omnimodis

527 2370 921 2438 plecterentur.
953 2365 1129 2418 Edicti
1169 2378 1299 2416 vero
1322 2363 1602 2431 exemplar
1633 2377 1952 2431 expressum
1981 2369 2098 2414 erat

525 2461 606 2514 sic
640 2476 652 2512 :
685 2457 929 2511 Licinius
971 2458 1290 2526 imperator,
1352 2449 1642 2516 maximus,
1669 2465 1953 2524 angustus,
1991 2453 2096 2515 his,

525 2550 618 2618 qui
647 2563 743 2616 per
785 2547 974 2600 orbem
1004 2556 1278 2598 terrarum
1306 2551 1574 2612 praesunt,
1611 2542 1841 2596 salutem
1877 2559 1891 2595 :
1944 2540 2101 2593 Post-

525 2656 692 2708 quam
746 2640 1008 2693 divinitas
1060 2645 1247 2690 nostra
1277 2637 1420 2688 facta
1448 2646 1533 2688 est
1557 2633 1757 2688 certior
1789 2633 1888 2700 (l),
1939 2646 2102 2700 quos-

525 2733 650 2786 dam
692 2745 883 2784 eorum
943 2731 1034 2796 qui
1056 2725 1358 2781 Christiani
1389 2725 1757 2795 appellantur,
1782 2738 1890 2775 non
1923 2722 2098 2774 solum

523 2822 785 2877 beneﬁcis
812 2821 918 2874 diis
951 2836 1058 2871 non
1078 2819 1411 2880 sacriﬁcare,
1444 2817 1536 2869 sed
1556 2815 1721 2868 etiam
1752 2813 1842 2883 pio
1872 2812 2099 2865 deorum

526 2914 700 2970 cultui
742 2914 971 2982 injurias
1004 2911 1283 2979 irrogare;
1333 2909 1467 2978 quin
1523 2908 1632 2962 imo
1691 2915 1960 2976 praetextu
2019 2907 2100 2959 eis

523 3006 892 3067 sacriﬁcandi,
933 3005 1201 3073 plurimos
1236 3003 1369 3056 deos
1400 3003 1484 3055 vel
1517 3002 1636 3070 ipso
1657 3011 1930 3054 nocturno
1958 3007 2099 3051 tem-

523 3115 658 3168 pore
694 3097 1018 3152 contrivisse
1038 3137 1052 3159 ,
1089 3096 1418 3162 punitosque
1442 3093 1641 3159 saepius
1665 3108 1773 3144 non
1804 3091 2099 3158 resipuisse

523 3199 617 3244 aut
653 3188 959 3243 honoribus
989 3186 1237 3244 allectos.
1269 3195 1363 3240 aut
1395 3195 1542 3238 metu
1575 3183 1939 3247 absterritos;
1976 3181 2100 3235 ideo

520 3290 766 3353 potestas
815 3290 1001 3334 nostra
1055 3279 1230 3347 jubet,
1268 3287 1326 3331 ut
1379 3278 1691 3345 ubicunque
1751 3264 2100 3329 invenientur

521 3374 847 3436 Christiani,
880 3373 985 3425 diis
1014 3372 1068 3423 hi
1095 3371 1424 3428 sacriﬁcent.
1451 3370 1768 3437 magnisque
1797 3367 2098 3421 honoribus

522 3483 587 3522 ac
609 3466 768 3521 donis
799 3465 1100 3518 fruantur:
1161 3463 1496 3518 reluCtantcs
1553 3470 1758 3524 autem,
1813 3476 1918 3514 una
1974 3475 2098 3513 cum

523 3560 793 3615 uxoribus
826 3572 890 3610 ac
914 3555 1122 3616 liberis,
1160 3555 1270 3623 igni
1327 3569 1386 3607 ac
1416 3552 1564 3607 ferro
1602 3554 1907 3616 tradantur;
1929 3550 2101 3604 facul-

522 3660 663 3705 tates
695 3652 922 3718 insuper
949 3648 1169 3700 illorum
1201 3659 1392 3698 omnes
1455 3644 1830 3712 publicentur,
1868 3645 1924 3698 in
1964 3653 2102 3697 tem-

512 3743 767 3815 plorum,
790 3741 977 3794 furtim
1006 3739 1074 3792 ab
1113 3737 1245 3802 ipsis
1266 3751 1609 3801 eversorum,
1642 3752 1745 3790 nec
1773 3753 1882 3790 non
1912 3751 2102 3789 muro-

523 3852 649 3892 rum
709 3835 1133 3902 etpublieorum
1191 3832 1512 3884 balneorum
1556 3831 1867 3884 utilitatem.
1920 3830 2098 3883 Invio-

521 3928 690 3981 labile
729 3927 910 3994 itaque
944 3922 1238 3992 imperium
1286 3931 1536 3977 nostrum
1572 3921 1775 3985 edocti,
1832 3931 2100 3990 quantum

523 4019 730 4074 conniti
764 4017 1013 4086 potestis,
1047 4016 1101 4068 id
1145 4015 1291 4084 quod
1323 4014 1642 4068 mandatum
1683 4024 1785 4078 est,
1831 4029 2101 4083 exsequa-

523 4111 680 4174 mini,
721 4125 788 4164 ne
816 4125 921 4163 una
975 4123 1073 4163 vos
1113 4123 1237 4162 cum
1299 4109 1638 4177 impiissimis
1688 4107 2098 4175 periclitemini.

524 4203 688 4258 Hisce
719 4205 902 4272 itaque
936 4203 1167 4272 vulgatis
1193 4203 1246 4255 in
1268 4203 1463 4272 plateis
1486 4201 1705 4255 urbium
1739 4200 1952 4265 edictis,
1979 4214 2102 4253 san-

523 4299 599 4352 cti
632 4297 725 4350 Dei
777 4296 964 4349 [annuli
988 4296 1158 4365 gavisi
1196 4307 1344 4359 sunt,
1371 4296 1608 4349 oblatam
1631 4295 1870 4364 martyrii
1901 4310 2103 4362 oppor-

525 4389 818 4443 tunitatem
845 4387 1288 4443 considerantes.

595 4567 662 4622 ll.
695 4568 843 4622 Inter
875 4568 990 4621 haac
1013 4568 1296 4634 publicato
1331 4568 1762 4636 Nicopolitarum
1795 4570 1849 4622 in
1881 4570 2100 4624 civitate

526 4658 729 4721 edicto,
759 4659 981 4726 quando
1010 4661 1236 4713 timores
1268 4659 1610 4730 ingruerent,
1638 4669 1692 4713 et
1720 4659 2001 4715 instructae
2017 4676 2104 4714 es-

525 4759 650 4805 sent
711 4749 1063 4812 carniﬁcina,
1105 4759 1288 4804 erecta
1344 4751 1486 4821 ligna
1535 4753 1602 4804 ad
1660 4752 2098 4821 suspensionem,

2278 2173 2356 2226 A'.
2408 2174 2648 2235 Λικίνιος
2702 2175 2730 2226 ὀ
2786 2172 3042 2241 βασιλεὺς
3097 2172 3384 2224 ἀπέστειλε
3431 2172 3794 2240 διατάγματα

2204 2264 2345 2316 κατὰ
2383 2267 2567 2316 πᾶσαν
2597 2263 2693 2332 τὴν
2720 2265 3073 2332 οἰκουμένην,
3114 2265 3189 2326 ὡς
3234 2268 3286 2318 εἴ
3317 2283 3461 2328 τινες
3504 2267 3796 2334 εὑρεθεῖεν

2202 2356 2542 2427 Χριστιανοὶ,
2581 2357 2806 2417 τούτους
2857 2357 3019 2407 παντὶ
3075 2356 3262 2424 τράπε)
3316 2357 3664 2419 κολάζεσθαι.
3732 2359 3796 2412 Ὀ

2201 2451 2258 2504 δὲ
2293 2453 2462 2512 τύπος
2512 2451 2604 2503 τοῦ
2654 2449 3024 2516 διατάγματος
3063 2449 3252 2501 τοῦτον
3293 2443 3406 2517 εἶχε
3452 2451 3544 2502 τὸν
3601 2469 3786 2525 χαρα-

2203 2542 2382 2611 κτῆρα
2418 2559 2431 2573 ·
2462 2545 2700 2604 Λικίνιος
2731 2544 3110 2610 αὐτοκράτωρ,
3163 2542 3444 2610 μέγιστος,
3489 2543 3791 2604 σεϐαστος,

2203 2638 2315 2697 τοῖς
2345 2636 2482 2686 κατὰ
2505 2635 2600 2703 τὴν
2635 2636 2960 2702 οἰκουμένην
2992 2635 3252 2703 ἄρχουσιν
3282 2635 3496 2703 χαίρειν
3519 2651 3531 2664 ·
3563 2635 3798 2702 Ἐπειδὴ

2205 2728 2459 2797 ἐδιδάχθη
2499 2729 2530 2795 ἠ
2568 2727 2818 2796 ἡμετέρα
2850 2727 3081 2794 θειότης,
3117 2729 3196 2778 ὅτι
3229 2727 3372 2787 τινὲς
3406 2727 3517 2779 τῶν
3550 2727 3798 2796 λεγομέ-

2204 2838 2308 2871 νων
2343 2819 2688 2890 Χριστιανῶν
2723 2819 2784 2870 ού
2851 2819 3011 2888 μόνον
3063 2819 3124 2870 ού
3157 2819 3344 2871 θύουσι
3401 2823 3513 2879 τοῖς
3555 2820 3796 2887 εὐεργέ-

2201 2930 2324 2973 ταις
2356 2912 2519 2974 θεοῖς,
2556 2913 2690 2966 ἀλλὰ
2747 2915 2838 2965 καὶ
2885 2913 3230 2980 ἐνυσρίζουσι
3281 2915 3379 2985 τὴν
3437 2913 3640 2983 εύσεὸἧ
3674 2913 3798 2966 τῶν

2205 3003 2344 3054 θεῶν
2407 3004 2735 3072 θρησκείαν,
2773 3005 3062 3066 πλείστους
3117 3004 3175 3055 δὲ
3221 3004 3378 3068 θεοὺς
3427 3007 3524 3058 καὶ
3568 3008 3628 3058 ὲν
3668 3005 3798 3070 νυξὶ

2207 3094 2534 3165 συνέτριψαν
2560 3095 2828 3163 προφάσει
2861 3097 2953 3148 τοῦ
2991 3095 3138 3148 θύειν
3165 3097 3368 3161 αὐτοῖς,
3398 3099 3494 3149 καὶ
3520 3098 3798 3159 πολλάκις

2205 3187 2563 3249 κολασθέντες
2593 3190 2654 3240 ού
2685 3189 3075 3258 μετετέθησαν,
3109 3191 3170 3241 ού
3202 3194 3387 3259 τιμαῖς
3414 3193 3681 3254 εἴξαντες,
3729 3195 3796 3245 οὐ

2207 3279 2356 3348 φόϐῳ
2391 3281 2869 3348 μεταπεισθέντες,
2910 3283 2998 3333 διὰ
3039 3282 3197 3333 τοῦτο
3243 3284 3453 3334 κελεύει
3496 3286 3556 3334 τὸ
3584 3286 3797 3350 ἡμέτε-

2209 3389 2301 3442 ρον
2351 3374 2572 3442 κράτος,
2603 3373 2739 3426 ὅπου
2769 3372 2814 3424 δ’
2846 3373 2912 3425 ἂν
2961 3371 3237 3440 εὑρεθεῖεν
3276 3373 3615 3440 Χριστιανοὶ,
3662 3377 3798 3426 τού-

2208 3481 2330 3526 τους
2393 3464 2554 3518 θῦσαι
2618 3468 2730 3527 τοῖς
2783 3468 2946 3530 θεοῖς,
2993 3466 3090 3520 καὶ
3141 3467 3316 3535 τιμῶν
3359 3467 3635 3535 μεγίστων
3692 3469 3796 3520 καὶ

2205 3555 2422 3623 δωρεῶν
2461 3557 2756 3610 ἀπολαύειν
2790 3574 2803 3588 ·
2839 3561 2965 3620 τοὺς
2995 3560 3051 3611 δὲ
3089 3559 3163 3629 μὴ
3193 3561 3515 3621 πεισθέντας
3559 3560 3661 3612 σὺν
3690 3578 3797 3628 γυ-

2206 3650 2349 3713 ναιξὶ
2390 3653 2483 3702 καὶ
2538 3652 2747 3710 τέκνοις
2779 3653 2914 3718 πυρὶ
2945 3654 3035 3702 καὶ
3078 3652 3324 3722 μαχαίρᾳ
3363 3653 3795 3721 παραδίδοσθαι,

2204 3742 2301 3810 τὴν
2332 3743 2387 3794 δέ
2425 3757 2488 3807 γε
2516 3740 2752 3810 ὓπαρξιν
2797 3742 2978 3793 αὐτῶν
3025 3745 3204 3795 πᾶσαν
3240 3741 3668 3810 δημοσιευθῆναι
3706 3746 3798 3804 είς

2206 3834 2524 3902 ἐπιμέλειαν
2563 3835 2726 3898 ναῶν,
2756 3833 2865 3885 τῶν
2894 3835 2986 3886 ὑπ’
3018 3834 3198 3887 αὐτῶν
3224 3835 3396 3904 κλοπῇ
3427 3833 3798 3902 καθαιρεθέν-

2204 3941 2334 3988 των,
2365 3925 2458 3976 καὶ
2486 3924 2682 3993 τειχῶν
2715 3925 2810 3976 καὶ
2834 3924 3072 3994 λουτρῶν
3103 3923 3404 3992 δημοσίων.
3445 3921 3662 3983 Είδότες
3692 3918 3798 3974 οὖν

2204 4020 2265 4070 τὸ
2296 4016 2654 4086 ἀπαράϐατον
2680 4017 2777 4084 τῆς
2806 4017 3084 4083 ἡμετέρας
3113 4016 3418 4077 κελεύσεως
3464 4015 3628 4065 παντὶ
3660 4013 3792 4067 σθέ-

2205 4125 2286 4161 νει
2315 4108 2375 4159 τὸ
2427 4107 2766 4178 προσταχθὲν
2814 4110 2894 4170 είς
2934 4110 3093 4177 ἔργον
3146 4109 3429 4175 ἐνέγκατε,
3463 4107 3538 4169 ὡς
3581 4109 3656 4175 μὴ
3692 4110 3794 4161 καὶ

2207 4201 2351 4271 ὑμᾶς
2402 4203 2850 4270 συγκινδυνεύσαι
2893 4205 3005 4262 τοῖς
3043 4201 3397 4263 ἁθεωτάτοις.
3423 4199 3644 4252 Τούτων
3677 4203 3796 4254 τῶν

2205 4297 2644 4365 προσταγμάτων
2678 4294 3051 4362 προτεθέντων
3097 4298 3154 4345 ὲν
3192 4297 3312 4355 ταῖς
3341 4293 3626 4353 πλατείαις
3676 4294 3797 4346 τῶν

2207 4385 2438 4448 πόλεων,
2489 4387 2537 4435 οἱ
2593 4384 2739 4451 ἅγιοι
2792 4383 2966 4436 δοῦλοι
2993 4384 3088 4436 τοῦ
3137 4384 3376 4454 Χριστοῦ
3421 4385 3662 4454 ἔχαιρον,
3694 4384 3797 4437 τὸν

2206 4479 2399 4544 καιρόν
2423 4477 2516 4529 τοῦ
2552 4478 2856 4547 μαρτυρίου
2895 4477 3248 4545 σκοποῦντες.

2279 4569 2349 4623 B'.
2384 4571 2493 4623 Καὶ
2515 4571 2577 4639 δὴ
2601 4571 2694 4622 καὶ
2729 4574 2869 4642 ὲν”τῇ
2906 4571 3276 4623 Νικοπολιτῶν
3300 4569 3658 4640 προτεθέντος
3692 4571 3792 4622 τοῦ

2206 4665 2598 4732 διατάγματος,
2634 4667 2727 4716 καὶ
2756 4666 2865 4716 τῶν
2901 4665 3080 4732 φόϐων
3107 4665 3522 4733 ἐπισειομένων,
3559 4666 3650 4716 καὶ
3677 4665 3791 4716 τῶν

2211 4757 2583 4825 κολαστηρίων
2649 4756 3151 4826 εὐτρεπισθέντων,
3197 4756 3371 4822 ξύλων
3439 4755 3639 4824 ὀρθίων
3707 4761 3791 4819 εἰς

531 4842 742 4911 ungulae
757 4842 948 4898 ferrea:
969 4852 1142 4896 acuta:
1164 4843 1228 4896 ad
1248 4843 1616 4905 abrasionem,
1631 4845 1872 4899 cassides
1897 4845 2097 4916 ignitae,

2209 4849 2745 4919 ἁνάρτησιν,ὀνύχων
2764 4865 2822 4900 τε
2859 4849 3093 4916 σιδηρῶν
3129 4849 3384 4916 ἀκμαίων
3412 4849 3489 4910 εἰς
3523 4847 3786 4914 εῐσξεσιν,

527 4934 648 4986 olla:
679 4937 974 4995 l‘erventes,
1008 4944 1164 4996 rotae,
1193 4936 1355 4997 clavi,
1392 4938 1546 4989 nervi
1609 4936 1799 4990 bubuli
1834 4937 2096 5000 indurati,

527 5027 728 5094 aliique
751 5027 1030 5080 cruciatus
1060 5028 1389 5094 atrociores;
1412 5037 1469 5082 et
1496 5029 1626 5081 dum
1653 5030 1964 5084 advenisset
1991 5030 2098 5082 dux

528 5119 734 5187 Lysias,
762 5120 852 5172 ubi
892 5119 1144 5174 universa
1169 5121 1593 5192 Armenizelegio
1625 5123 1818 5176 sortito
1847 5123 2098 5176 cratdis-

528 5211 756 5274 tributa,
807 5214 1190 5280 comprehensi
1234 5225 1360 5268 sunt
1408 5216 1676 5281 nonnulli,
1709 5216 1801 5285 qui
1836 5215 2102 5270 Christia-

525 5316 628 5355 nos
647 5320 702 5357 se
724 5305 1099 5368 declarabant,
1141 5306 1398 5360 Leontius
1423 5316 1477 5360 et
1511 5307 1798 5362 Mauritius
1831 5319 1884 5363 et
1913 5309 2100 5362 Daniel

528 5394 631 5447 viri
670 5397 932 5449 natalium
959 5398 1253 5466 splendore
1302 5400 1610 5468 conspicui,
1640 5410 1693 5454 et
1728 5401 2100 5454 doctrinarum

525 5488 858 5553 eruditione,
898 5489 1128 5557 vitaeque
1164 5490 1230 5544 ad
1262 5490 1465 5545 Christi
1495 5491 1640 5560 leges
1667 5493 2101 5546 conformatione

599 5643 675 5708 (1)
729 5642 839 5695 lsto
880 5646 1155 5712 quondam
1193 5648 1351 5701 titqu
1385 5648 1746 5717 imperatores
1769 5648 1936 5703 fuisse
1962 5665 2101 5701 nun-

528 5724 790 5787 cupatos,
850 5717 1126 5785 colligitur
1187 5733 1250 5769 ex
1320 5720 1548 5787 epistola
1611 5719 1968 5772 Valentiniani
2035 5720 2100 5772 ad

527 5784 898 5838 Theodosium
951 5784 1522 5857 imperatorem‘data,
1573 5805 1690 5857 qua:
1747 5799 1832 5842 est
1877 5795 2103 5842 numero

2211 4942 2305 4994 καὶ
2335 4941 2606 4994 κασσίδων
2640 4941 3183 5009 πεπυρακτωμένων,
3226 4941 3478 5010 τηγάνων
3523 4940 3617 4991 καὶ
3661 4957 3790 5010 τρο-

2209 5034 2342 5104 χῶν,
2393 5035 2486 5084 καὶ
2526 5033 2690 5101 ἥλων,
2726 5035 2816 5084 καὶ
2848 5032 3152 5101 βουνεύρων
3198 5031 3399 5101 ξηρῶν,
3449 5033 3542 5083 καὶ
3574 5032 3789 5100 ἐτέρων

2209 5123 2601 5194 χαλεπωτέρων
2638 5125 3030 5193 κολαστηρίων,
3068 5128 3163 5176 καὶ
3203 5124 3651 5194 παραγενομένου
3690 5125 3786 5176 τοῦ

2207 5215 2398 5277 δουκὸς
2425 5217 2622 5275 Λυσία,
2669 5209 2822 5282 ᾧπερ
2853 5211 2918 5282 ἦν
2955 5216 3462 5284 ἁποκεκληρωμένη
3504 5218 3535 5284 ἡ
3578 5216 3788 5282 λεγεὼν

2207 5309 2356 5359 πᾶσα
2415 5310 2445 5376 ὴ
2494 5309 2810 5376 Ἀρμενίας,
2869 5310 3282 5379 συνελήφθησαν
3334 5327 3497 5374 τινες,
3552 5313 3784 5376 ἑαυτοὺς

2207 5400 2544 5469 καταδήλους
2576 5403 2922 5470 ποιήσαντες,
2959 5403 3037 5453 ὅτι
3072 5404 3390 5472 Χριστιανοέ
3415 5405 3576 5467 stat-2,
3615 5406 3786 5459 Λεὸνο

2203 5510 2320 5555 τιος
2372 5493 2467 5545 καὶ
2508 5495 2834 5562 Μαυρίκιος,
2888 5495 2979 5546 καὶ
3025 5497 3243 5568 Δανιὴλ,
3281 5497 3472 5568 ἄνδρες
3521 5499 3787 5569 ἐπίσημοι

2211 5652 2707 5778 ἔίςὲἓίηιὲιιμιὶυια,
2728 5664 2782 5707 et
2802 5653 3036 5710 habetur
3052 5666 3205 5726 parte
3232 5658 3488 5713 iconeilii
3523 5659 3790 5717 Chalccd.
