3966 6448
179 357 282 419 325

1145 358 1610 419 MARTYRIUM
1656 333 1760 418 ss.
1805 360 1952 416 XLV
1998 357 2454 417 MARTYRUM.

3327 355 3435 419 326

173 470 281 522 τῶν
319 471 376 521 ἐν
409 471 475 539 τῇ
504 469 656 522 πόλει
689 471 836 537 γένει
887 486 943 521 τε
983 471 1076 522 καὶ
1125 471 1404 524 παιδεύσει
1455 471 1631 538 λόγων
1665 473 1753 524 xui

1867 471 2206 531 illustres,et
2239 486 2345 523 una
2369 484 2492 523 cum
2534 468 2664 538 ipsis
2711 468 3071 539 quadraginta
3105 469 3218 533 alii,
3278 467 3441 524 Chri—

175 560 275 630 βεῳ
313 562 454 614 κατά
488 562 728 632 Χριστὸν
767 560 1181 630 διαπρέποντες,
1218 563 1314 614 σὺν
1343 563 1528 622 αὐτοῖς
1578 562 1634 614 δὲ
1666 564 1757 613 xui

172 653 350 722 ἱτεροί
385 670 446 705 τε
506 653 558 719 μ’
592 654 843 720 λέγοντες
903 654 1129 716 ἑαυτοὺς
1180 649 1324 706 εἶναι
1371 654 1755 724 Χριστιανοὺς,

175 748 264 795 καὶ
317 745 802 815 αὖτοπροαιρὲτως
855 746 1211 814 προελθόντες
1270 748 1346 816 τῷ
1409 749 1606 818 Λυσίᾳ.
1657 751 1753 810 Ὂς

175 834 517 904 θεασάμενος
561 837 658 905 τὴν
699 837 970 904 τοσαύτην
1022 839 1131 890 τῶν
1160 839 1372 909 ἀνδρῶν
1425 840 1754 907 προθυμίαν,

173 926 358 993 ἠρώτα
399 929 620 991 αὐτοὺς,
652 929 826 994 λέγων
853 945 866 957 ο
899 929 1071 982 Πόθεν
1106 930 1229 982 ἐστέ
1262 949 1276 996 ;
1309 933 1403 984 καὶ
1443 933 1523 994 τίς
1553 934 1698 984 ἐστιν
1728 931 1755 981 6

177 1020 369 1080 πείσας
397 1021 544 1086 ὑμᾶς
581 1019 656 1088 μὴ
706 1020 971 1083 εὐσεϐεῖν,
1006 1025 1140 1089 μήτε
1168 1021 1317 1074 θύειν
1339 1026 1451 1084 τοῖς
1479 1023 1618 1085 θεοῖς
1643 1026 1754 1086 τοῖς

176 1112 490 1179 οὐρανίοιςς
550 1111 608 1162 Ὀ
643 1115 793 1178 Ξγιος
830 1114 1078 1174 Λεόντιος
1097 1113 1246 1179 λέγει
1271 1131 1284 1145 ·
1336 1114 1525 1182 Ἡμεῖς
1557 1115 1755 1178 πάντες

177 1204 494 1269 Χριστιανοὶ
557 1206 744 1271 ἐσμεν.
804 1207 912 1258 Καὶ
947 1207 995 1257 oi
1059 1204 1160 1272 μὲν
1195 1207 1294 1274 τὴν
1341 1209 1499 1260 πόλιν
1551 1207 1755 1276 ταύτην

177 1296 451 1362 οἰκοῦμεν,
482 1299 532 1349 οἱ
565 1298 621 1349 δὲ
643 1299 736 1349 καὶ
769 1298 830 1349 ὲκ
863 1298 962 1366 τῆς
995 1300 1179 1370 χώρας
1219 1301 1315 1368 τῆς
1349 1299 1452 1352 ὑπὸ
1481 1299 1575 1370 τὴν
1604 1297 1754 1350 πόλιν

178 1387 482 1456 ῶρμηνται.
541 1389 651 1441 Καὶ
683 1391 883 1457 πατρὶς
930 1390 1029 1457 μὲν
1063 1392 1192 1458 ἡμῖν
1233 1389 1370 1457 αὕτη
1413 1392 1442 1457 ἡ
1489 1388 1751 1452 ἐπίγειος,

179 1480 351 1547 πατὴρ
381 1481 440 1532 δὲ
472 1481 713 1549 Χριστὸς
741 1484 767 1532 ὀ
799 1481 1123 1549 ἐπουράνιος
1147 1497 1161 1510 ·
1196 1483 1290 1534 xu‘t
1322 1482 1484 1543 αὐτός
1534 1482 1684 1532 ἐστιν
1727 1481 1755 1531 6

178 1570 386 1633 διδάξας
422 1574 575 1641 ἡμᾶς
605 1574 697 1623 καὶ
731 1571 925 1632 πείσας
984 1572 1125 1634 θεοῖς
1161 1573 1383 1638 κούφοις
1416 1575 1506 1624 xui
1530 1571 1752 1638 τυφλοῖς

183 1663 249 1730 μὴ
279 1663 594 1726 λατρεύειν,
627 1664 764 1731 μήτε
797 1663 982 1733 ἔργοις
1016 1663 1214 1733 χειρῶν
1236 1663 1542 1731 ἀνθρώπιον
1579 1679 1751 1731 προσο

181 1755 376 1806 κυνεῖν.

243 1844 314 1894 Γ.
383 1845 592 1906 Λυσίας
645 1843 838 1898 εἷπενο
875 1847 986 1900 Καὶ
1037 1846 1140 1900 ποῦ
1208 1849 1358 1900 ἐστιν
1410 1849 1438 1901 6
1481 1847 1751 1918 Χριστός;
1790 1833 1830 1888 Β

178 1938 304 2004 Οὑχι
343 1938 670 2008 ἐσταυρώθη
712 1940 805 1991 καὶ
839 1940 1141 2005 ἀπέθανεν;
1185 1941 1243 1991 Ὀ
1301 1941 1457 2007 ἆγιος
1505 1942 1753 2001 Λεόντιος

177 2028 316 2092 λέγει
349 2043 363 2057 ο
392 2028 485 2097 Μὴ
515 2029 678 2097 μόνον
717 2029 779 2082 τὸ
807 2028 1080 2084 ἀπέθανεν
1113 2028 1390 2092 ἀκούσεις,
1421 2030 1536 2082 ἀλλ’
1568 2031 1752 2099 ἐννοή-

175 2119 291 2188 θητι
325 2122 408 2173 δτι
443 2125 536 2174 xui
570 2121 780 2191 ἠγέρθη
814 2123 908 2173 xui
939 2121 1046 2184 ζῶν
1071 2123 1220 2174 ἐστιν
1249 2123 1306 2173 ὲν
1335 2125 1447 2184 τοῖς
1469 2123 1750 2191 οὐρανοῖς·

173 2214 311 2264 ἑκὼν
343 2213 453 2281 γὰρ
482 2214 759 2266 ἀπέθανεν
799 2213 864 2265 δι’
894 2215 1063 2284 ἡμᾶς,
1093 2215 1186 2268 καὶ
1218 2216 1381 2269 πάλιν
1417 2217 1647 2285 ἠγέρθη,
1680 2216 1754 2279 ὡς

174 2305 280 2362 υἱὸς
306 2304 384 2357 ῶν
416 2305 524 2356 τοῦ·
541 2303 702 2358 Θεοῦ.
727 2305 931 2368 Λυσίας
962 2302 1114 2358 εἶπεν
1142 2325 1155 2336 ·
1194 2309 1406 2360 Οὐκοῦν
1433 2307 1497 2377 ζῇ
1529 2307 1660 2369 νῦνς
1699 2309 1754 2361 Ὀ

172 2397 326 2465 ἅγιος
384 2397 642 2458 Λεόντιος
688 2396 869 2458 λέγει’
902 2391 946 2449 ὦ
986 2399 1285 2460 Λυσία,οοῖ
1341 2401 1594 2467 ὑμέτεροι
1643 2401 1754 2452 θεοὶ

172 2489 542 2551 ἀποθανόντες
575 2490 638 2540 οὐ
670 2489 838 2552 ζῶσιν
866 2506 878 2519 ’
907 2491 935 2541 6
976 2490 1031 2541 δὲ
1061 2493 1329 2560 ἡμέτερος
1351 2492 1629 2559 Δεσπότης
1662 2492 1756 2543 καὶ

171 2583 323 2643 Θεὸς,
357 2584 385 2633 6
434 2582 501 2631 τὰ
540 2581 718 2631 πάντα
752 2582 816 2650 τῇ
855 2581 959 2650 ἰδίᾳ
984 2581 1135 2650 δεξιᾷ
1184 2584 1560 2652 καταρτήσας,
1592 2584 1755 2651 οὐρα·

171 2671 276 2734 νδν,
311 2669 444 2738 γῆν,
485 2669 783 2731 θάλασσαν,
830 2671 924 2720 xui
965 2671 1177 2731 πάντας
1216 2671 1560 2739 ἀνθρώπους,
1614 2673 1753 2742 ὑπὲρ

173 2761 330 2828 ἡμῶν
382 2761 682 2823 ἀπέθανεν,
719 2759 802 2809 ῖνα
833 2760 982 2827 ἡμᾶς
1010 2760 1308 2828 ἀποσπάσῃ
1343 2759 1443 2826 τῆς
1469 2758 1753 2810 εἰδωλολα-

173 2853 400 2921 τρείας·
456 2852 664 2911 ἐκεῖνος
719 2850 810 2918 ζῇ,
844 2851 938 2902 καὶ
979 2851 1126 2917 ἡμᾶς
1181 2848 1420 2911 έδὲδαξεν
1476 2849 1753 2916 ὑπερειπο-

171 2941 426 3010 θνήσκειν
477 2939 667 3004 αὑτοῦ,
696 2941 783 2991 ἵνα
835 2941 927 2992 xui
975 2942 1160 3010 ἡμεῖς,
1195 2942 1580 3005 ἀποθανόντες,
1626 2960 1751 2993 συν-

173 3033 434 3100 ζήσωμεν
467 3030 638 3098 αὐτῷ.
673 3031 880 3091 Λυσίας
936 3028 1089 3082 εἶπεν
1115 3049 1128 3061 ·
1193 3035 1326 3100 Οὐχὶ
1367 3032 1574 3086 δώδεκά
1614 3036 1752 3086 εἰσιν

174 3125 284 3177 θεοὶ
318 3123 610 3192 οὑράνιοις
653 3123 807 3173 ποῖον
841 3117 934 3174 οὖν
973 3123 1038 3174 σὺ
1080 3121 1258 3189 λέγεις
1293 3124 1478 3192 ἕτερον
1503 3125 1655 3187 Θεὸν,
1693 3127 1751 3188 ὃς

175 3222 429 3290 ἐποίησεν
453 3216 706 3288 οὐρανὸν,
737 3217 831 3269 καὶ
859 3215 984 3286 γῆν,
1021 3218 1115 3268 καὶ
1143 3215 1419 3269 θάλασσαν
1449 3235 1462 3283 ;
1506 3217 1562 3270 '0
1598 3217 1752 3284 ἅγιος

175 3318 426 3376 Λεόντιος
453 3314 602 3380 λέγει
631 3330 644 3343 ·
679 3312 828 3364 Ποῖοί
857 3313 996 3363 εέσιν
1056 3313 1104 3362 oi
1157 3309 1268 3362 θεοὶ
1324 3311 1512 3378 ὑμῶν;
1548 3312 1752 3375 Λυσίας

175 3406 317 3472 λέγει
348 3421 362 3434 ο
402 3405 558 3465 Ζεὺς,
596 3405 691 3454 xui
725 3402 1023 3465 Ἀπόλλων,
1054 3402 1148 3454 xui
1191 3403 1539 3472 ’Λσκληπιὸς,
1579 3407 1673 3457 xui
1706 3405 1752 3455 oi

174 3500 341 3558 ἄλλοι,
375 3494 470 3556 οὓς
513 3493 661 3544 σέϐει
708 3495 738 3560 ἡ
776 3492 1060 3560 σύμπασα.
1109 3494 1168 3544 '0
1193 3492 1348 3557 ἆγιος
1382 3496 1634 3556 Λεόντιος
1669 3497 1753 3547 λέ-

174 3603 295 3653 γει’
329 3587 468 3648 Ζεὺς
518 3580 610 3636 οὗν
669 3583 788 3645 θεός
851 3583 1041 3647 ἑστινς
1103 3582 1307 3644 Λυσίας
1355 3577 1544 3634 εἶπεν·
1593 3585 1749 3646 Οὐαὶ,

173 3681 450 3748 ιμμάνης,
489 3676 746 3746 ἄνθρωπε
780 3673 1142 3743 βλασφημῶν
1184 3675 1346 3736 αὑτός
1382 3675 1529 3725 ἐστιν
1563 3677 1588 3727 6
1619 3692 1754 3745 κρα-

171 3773 277 3822 τῶν
308 3773 439 3829 τοὺς
480 3770 770 3836 οὐρανοὺς,
808 3767 993 3833 πατὴρ
1026 3765 1238 3834 ἀνδρῶν
1276 3783 1332 3818 τε
1373 3768 1464 3819 καὶ
1496 3767 1652 3820 θεῶν.
1697 3768 1752 3821 Ὀ

169 3867 322 3930 ἅγιος
385 3864 639 3921 Λεόντιος
692 3862 840 3924 λέγει
871 3877 884 3890 ο
919 3860 978 3909 Et
1026 3855 1118 3912 οὖν
1164 3859 1284 3921 θεός
1344 3863 1493 3912 ἐστιν
1546 3864 1573 3914 ὀ
1617 3863 1752 3924 Ζεὺς

169 3959 414 4018 πάντως,
451 3955 533 4004 ὃτι
569 3954 662 4002 xui
694 3951 912 4018 Eax-.96;
949 3953 1115 4012 ἐστιν,
1151 3954 1242 4000 καὶ
1277 3951 1430 4016 ὑμῶν
1463 3955 1567 4002 τῶν
1608 3953 1751 4003 ἐκδί-

167 4066 280 4101 κων
313 4045 375 4098 οὑ
405 4043 600 4113 χρῄζει
628 4041 998 4109 ἀσεϐούμενος
1023 4055 1036 4068 ⁸
1075 4040 1293 4103 πάντως
1323 4041 1378 4092 δὲ
1419 4045 1510 4094 xui
1543 4042 1752 4104 δίκαιός

166 4144 305 4203 εστι,
371 4140 466 4190 καὶ
530 4135 939 4204 μισοπόνηρος,
994 4131 1171 4197 μισῶν
1247 4134 1514 4202 μοιχείαν,
1580 4133 1751 4202 μισῶν

167 4232 452 4302 πορνείαν,
523 4226 698 4296 μισῶν
749 4223 1162 4293 ἀρῤητοποιίαν,
1223 4225 1396 4290 μισῶν
1455 4226 1754 4292 aeneo”-

168 4327 324 4393 μίαν,
357 4319 532 4390 μισῶν
564 4316 858 4385 πολέμους,
902 4314 994 4368 καὶ
1026 4314 1199 4382 φιλῶν
1249 4317 1496 4385 εἰρήνην.
1544 4315 1600 4368 'U
1645 4320 1752 4386 γὰρ

164 4421 300 4476 Θεὸς
348 4412 558 4480 ὀφείλει
613 4410 817 4469 τέλειος
850 4403 1014 4471 εἶναι,
1045 4410 1139 4461 καὶ
1169 4410 1500 4480 ἀπροσδεὴς,
1537 4412 1627 4463 καί
1655 4412 1750 4462 ἀν-

1863 564 2072 618 stianos
2099 580 2156 617 se
2183 565 2500 617 dictitantes
2535 565 2680 617 ultro
2702 565 2769 617 ad
2821 563 3036 633 Lysiam
3060 574 3440 618 accesserunt.

1859 655 1960 720 Qui
1991 657 2154 709 talem
2191 656 2243 708 in
2268 655 2398 709 viris
2423 657 2826 724 contemplatus
2850 657 3015 709 animi
3055 654 3438 708 celsitudinem

1859 755 2237 816 percontatus,
2262 747 2383 802 illos
2412 754 2517 808 est,
2553 746 2745 800 dicens
2772 764 2784 799 :
2807 745 3029 816 Cujates
3057 748 3213 808 estis,
3233 755 3288 798 et
3315 745 3441 814 quis

1858 847 2054 892 auctor
2081 839 2240 892 vobis
2266 848 2369 900 est,
2405 853 2472 891 ne
2500 839 2708 892 cultum
2753 848 2848 892 aut
2900 837 3233 892 sacrificium
3271 837 3439 892 defeo

1859 927 1993 981 ratis
2028 927 2130 981 diis
2155 927 2507 983 cmlestibus?
2539 926 2639 982 Cui
2696 937 2916 982 sanctus
2946 927 3212 982 Leontius
3253 946 3267 980 :
3305 928 3440 980 0m-

1858 1031 1957 1070 nes
1990 1031 2091 1070 nos
2143 1015 2444 1071 Christiani
2499 1031 2711 1083 sumus,
2749 1029 2806 1072 et
2839 1033 2942 1072 nos
2985 1019 3209 1087 quidem
3245 1018 3439 1072 urbem

1859 1105 2000 1160 hanc
2023 1107 2337 1171 incolimus,
2359 1108 2436 1162 illi
2463 1124 2592 1162 vero
2610 1124 2639 1162 e
2671 1110 2914 1178 regione,
2939 1126 3060 1176 qua:
3081 1110 3203 1164 urbi
3226 1110 3436 1171 subest,

1858 1198 2225 1255 advenerunt.
2265 1200 2330 1252 Et
2363 1201 2538 1270 patria
2569 1200 2790 1270 quidem
2835 1204 3113 1258 terrestris
3154 1203 3317 1258 nobis
3350 1221 3440 1259 ea-

1857 1289 1980 1343 dem
2018 1299 2120 1354 est,
2157 1291 2317 1346 Pater
2360 1307 2492 1346 vero
2526 1293 2766 1347 caelestis
2795 1291 3078 1358 Christus;
3127 1305 3292 1364 atque
3348 1296 3439 1350 hic

1856 1395 1960 1448 est,
1985 1385 2077 1453 qui
2109 1401 2209 1440 nos
2232 1385 2438 1450 docuit,
2471 1396 2527 1441 et
2557 1388 2831 1456 persuasit
2855 1391 2988 1443 deos
3015 1397 3196 1444 mutos
3241 1405 3302 1444 ac
3337 1406 3442 1444 eae-

1857 1491 1951 1530 eos
1978 1491 2088 1530 non
2123 1476 2326 1543 colere,
2356 1493 2460 1533 nec
2489 1494 2654 1550 opera
2713 1496 2974 1535 manuum
3010 1483 3296 1536 hominum
3333 1483 3438 1537 ad-

1856 1586 2034 1628 orare.

1933 1838 2193 1894 lll.Dixit
2222 1840 2410 1912 Lysias
2449 1841 2721 1897 :Ubinam
2774 1851 2857 1895 est
2923 1842 3214 1896 Christus?
3263 1843 3438 1896 Num-

1857 1932 1988 1999 quid
2008 1935 2157 1986 cruci
2179 1932 2377 1986 affixus
2394 1942 2446 1987 et
2464 1944 2712 1987 mortuus
2741 1933 2862 1988 est?
2885 1934 2984 1986 Cui
3009 1943 3234 1988 sanctus
3257 1934 3436 1988 Leon-

1858 2022 2006 2075 tius:
2047 2023 2165 2076 Non
2197 2024 2375 2078 solum
2405 2024 2533 2078 audi
2579 2035 2858 2078 mortuum
2886 2040 3025 2089 esse,
3089 2026 3185 2080 sed
3245 2043 3437 2081 resur-

1857 2114 2063 2168 rexissc
2093 2116 2403 2180 considera,
2442 2125 2498 2170 et
2550 2118 2736 2170 vivere
2801 2117 2857 2168 in
2901 2118 3086 2180 cretis;
3147 2118 3241 2170 sed
3287 2118 3436 2170 enim

1857 2217 2110 2261 mortuus
2132 2217 2215 2262 est
2252 2207 2432 2261 libens
2457 2216 2682 2276 propter
2715 2223 2834 2271 nos,
2860 2216 2914 2261 et
2963 2207 3161 2262 iterum
3192 2224 3439 2263 resurre-

1857 2298 1956 2362 xit,
2013 2309 2270 2368 tanquam
2319 2301 2588 2354 exsistens
2627 2300 2797 2353 Filius
2848 2301 2964 2354 Dei.
3013 2301 3158 2354 Dixit
3202 2301 3436 2372 Lysias:

1855 2391 2064 2460 Nempe
2093 2393 2259 2445 etiam
2295 2407 2441 2446 nunc
2472 2391 2648 2445 vivit?
2676 2392 2773 2445 Cui
2806 2401 3029 2446 sanctus
3067 2392 3330 2446 Leontius
3356 2412 3366 2445 :
3392 2391 3438 2446 Ο

1857 2483 2037 2555 Lysia,
2067 2485 2140 2537 dii
2170 2483 2369 2546 vestri,
2401 2493 2690 2554 postquam
2745 2486 2947 2539 mortui
2987 2497 3138 2550 sunt,
3204 2501 3312 2538 non
3359 2486 3440 2538 vi-

1858 2585 1994 2628 vunt
2018 2593 2031 2639 ;
2059 2587 2112 2629 at
2143 2593 2272 2629 vero
2302 2578 2566 2630 Dominus
2598 2586 2784 2629 noster
2809 2592 2873 2630 ac
2898 2577 3065 2640 Deus,
3091 2578 3184 2646 qui
3211 2577 3438 2632 dextera

1856 2682 1952 2720 sua
1979 2669 2251 2736 gubernat
2285 2669 2493 2729 omnia,
2531 2669 2756 2734 coelum,
2790 2677 3016 2732 terram,
3051 2685 3200 2722 mare
3229 2679 3282 2722 et
3332 2669 3438 2723 ho-

1857 2762 2034 2815 mines
2068 2777 2280 2823 omnes,
2309 2778 2408 2830 pro
2439 2761 2618 2824 nobis,
2687 2771 2939 2814 mortuus
2969 2773 3072 2824 e5t,
3131 2770 3186 2813 ut
3221 2777 3321 2814 nos
3371 2777 3437 2815 ex

1856 2849 2131 2903 idolorum
2162 2851 2310 2905 cultu
2344 2851 2678 2905 extraheret.
2735 2851 2880 2904 Vivit
2917 2852 2984 2913 is,
3033 2842 3296 2904 etdocuit
3339 2866 3440 2905 nos

1855 2957 1956 3012 pro
1985 2957 2044 2996 se
2076 2945 2238 3006 mori,
2269 2955 2328 2997 ut
2360 2945 2585 3006 mortui,
2634 2958 2758 2996 cum
2813 2943 2905 2996 illo
2968 2943 3233 2996 vivamus.
3294 2941 3438 2994 Dixit

1855 3031 2047 3104 Lysias
2090 3050 2104 3084 :
2150 3034 2343 3088 Nonne
2380 3034 2672 3087 duodecim
2702 3033 2777 3086 dii
2805 3034 3058 3088 caelestes
3096 3033 3258 3087 sunt?
3292 3033 3437 3099 Qua-

1857 3125 1966 3179 lem
1997 3141 2128 3196 ergo
2154 3137 2208 3179 tu
2229 3127 2396 3180 alium
2435 3126 2576 3180 dicis
2603 3126 2798 3191 Deum,
2839 3128 2931 3194 qui
2973 3124 3102 3178 fecit
3134 3128 3335 3180 emtum
3384 3133 3440 3178 et

1863 3227 2062 3271 terram
2098 3228 2154 3272 et
2185 3217 2372 3271 mare?
2409 3218 2643 3271 Sanctus
2678 3217 2943 3271 Leontius
2986 3218 3163 3270 dixit:
3202 3218 3439 3280 Quinam

1855 3309 1932 3362 dii
1967 3311 2129 3362 vestri
2157 3309 2326 3362 sunt?
2358 3309 2547 3378 Lysias
2575 3310 2744 3361 dixit:
2783 3311 3012 3376 Insuper
3039 3320 3094 3362 et
3137 3310 3328 3378 Apollo
3383 3319 3441 3362 et

1854 3399 2226 3470 Esculapius,
2247 3400 2472 3468 aliique,
2493 3415 2634 3470 quos
2655 3400 2805 3454 orbis
2819 3400 2950 3453 colit
2970 3400 3282 3453 universus.
3304 3399 3440 3453 San-

1857 3504 1978 3548 ctus
2007 3495 2270 3548 Leontius
2302 3495 2442 3547 dixit
2478 3513 2489 3547 :
2519 3493 2734 3563 Jupiter
2760 3509 2892 3562 ergo
2929 3493 3074 3547 Deus
3100 3494 3220 3546 est?
3249 3491 3440 3562 Lysias

1855 3588 2029 3640 dixit:
2057 3589 2198 3639 Vah!
2236 3588 2463 3649 insanis,
2493 3588 2657 3638 homo
2685 3588 3004 3653 blaspheme
3033 3604 3043 3637 :
3075 3587 3190 3652 ipse
3213 3597 3317 3645 est,
3345 3585 3437 3654 qtti

1855 3679 2027 3734 malos
2055 3689 2224 3739 tenet,
2256 3679 2656 3746 hominumque
2691 3687 2842 3748 pater
2894 3689 2949 3732 et
2981 3678 3232 3732 deorum.
3299 3678 3439 3732 San-

1854 3785 1974 3826 ctus
2003 3774 2267 3828 Leontius
2287 3774 2462 3826 dixit:
2499 3773 2553 3826 Si
2579 3773 2744 3842 igitur
2769 3771 2906 3825 deus
2935 3783 3018 3825 est
3041 3771 3279 3840 Jupiter,
3309 3772 3437 3841 quia

1854 3865 2080 3917 omnino
2111 3865 2394 3933 fortis.est,
2424 3865 2578 3917 vobis
2609 3864 3016 3924 defensoribus,
3051 3863 3270 3930 quando
3299 3864 3437 3929 inju-

1857 3959 1939 4010 ria
1974 3958 2214 4022 lazditur,
2247 3973 2357 4011 non
2387 3959 2629 4027 indiget;
2666 3957 3089 4025 omninojustus
3115 3965 3199 4010 est
3229 3966 3283 4010 et
3309 3957 3437 4009 mali

1854 4066 2004 4113 osor,
2038 4067 2165 4105 osor
2194 4052 2595 4114 fornicationis,
2654 4066 2782 4106 osor
2828 4049 3108 4112 adulterii,
3163 4065 3292 4103 osor
3337 4049 3437 4103 ob-

1856 4146 2142 4198 scenitatis
2178 4144 2448 4204 nefandae,
2506 4159 2634 4195 osor
2669 4144 2934 4204 incestus,
2976 4157 3103 4194 osor
3164 4143 3436 4195 bellorum

1854 4247 1909 4290 et
1932 4252 2122 4292 amans
2153 4237 2320 4306 pacis.
2356 4235 2571 4289 Etenim
2607 4235 2748 4288 Deus
2780 4236 3056 4302 perfectus
3090 4236 3160 4290 sit
3195 4245 3436 4303 oportet,

1853 4332 2227 4400 egestatisque
2283 4345 2347 4382 ac
2404 4329 2610 4397 peccati
2672 4343 2909 4396 expers:
2976 4344 3101 4380 nam
3143 4329 3187 4381 si
3249 4338 3436 4397 peccat

1857 4427 1992 4479 deus
2023 4433 2225 4486 vester,
2257 4431 2511 4491 peccator
2535 4431 2652 4484 est;
2678 4431 2732 4472 ct
2781 4420 2890 4471 Deo
2918 4432 3040 4488 eget
3091 4422 3263 4476 altero
3313 4436 3438 4490 pec»

165 4509 513 4578 σμάρτητος.
564 4501 690 4554 Ἐὶιν
741 4501 848 4569 γὰρ
895 4499 1118 4570 ἁμάρτῃ
1159 4502 1186 4550 6
1224 4501 1340 4560 θεὸς
1373 4501 1546 4568 ὑμῶν,
1595 4503 1746 4554 ἐστὶν

1858 4532 1978 4571 care
2011 4516 2217 4577 nescio,
2257 4515 2324 4566 ad
2360 4512 2801 4567 emendationem
2831 4527 3010 4565 suam.

163 4598 518 4670 ἁμαρτωλὸς,
544 4595 635 4648 καὶ
663 4594 824 4648 ἄλλου
851 4592 985 4645 Θεοῦ
1012 4592 1197 4661 χρείαν
1226 4592 1338 4662 ἔχει
1363 4593 1748 4662 ἀναμαρτήτῳ.)

163 4715 182 4746 ι
196 4701 238 4755 ἐς
276 4692 568 4758 διόρθωσιν
598 4686 812 4739 ἑαυτοῦ.

229 4792 310 4838 Δ’.
344 4784 554 4844 Λυσίας
585 4775 739 4831 εἶπεν
762 4793 776 4807 ο
807 4778 877 4830 Σὺ
929 4772 981 4829 εἴ
1009 4779 1036 4828 6
1068 4777 1306 4841 δικάζων
1342 4779 1411 4832 τὰ
1441 4779 1551 4833 τῶν
1588 4779 1749 4846 θεῶν,

160 4875 316 4944 κακὴ
344 4873 590 4940 κεφαλῆς
624 4869 715 4922 M1
749 4869 846 4936 τὴν
880 4867 1154 4937 σωτηρίαν
1186 4866 1293 4918 τῶν
1326 4866 1487 4934 θεῶν,
1529 4869 1623 4922 καὶ
1652 4871 1751 4939 τὴν

159 4970 330 5038 ἐμὴν,
358 4963 544 5024 κακῶς
577 4962 831 5038 ἀπολέσω
863 4961 1026 5029 ὑμᾶς.
1079 4961 1135 5012 'U
1184 4960 1340 5028 ἆγιος
1375 4962 1626 5024 Λεόντιος
1663 4963 1749 5013 λέ.

157 5078 289 5125 γεισ
344 5059 436 5126 Μὴ
502 5033 802 5121 ἀγανάκτει
860 5055 957 5118 τὴν
1016 5051 1278 5121 ἀλήθειαν
1326 5055 1579 5106 ἀκούων·
1638 5057 1751 5118 τοῖς

157 5151 478 5218 ἀνθρώποις
508 5149 644 5200 πᾶσι
680 5145 833 5212 νόμοι
888 5147 1179 5208 τέθεινται,
1210 5147 1258 5198 oi
1295 5147 1392 5215 μὲν
1434 5146 1666 5212 λογικοὶ,
1701 5149 1750 5200 oi

155 5247 210 5297 δὲ,
268 5244 519 5310 φυσικοὶ,
578 5241 655 5302 ὡς
706 5240 764 5290 οὐ
815 5237 920 5306 χρὴ
967 5237 1254 5307 ἄνθρωπον
1291 5239 1576 5306 ἀλλοτρίαν
1607 5239 1751 5308 ἔχειν

156 5338 423 5404 γυναῖκα,
453 5331 579 5384 οὕτε
605 5331 1025 5398 ἀδελφογαμεῖν,
1057 5330 1177 5382 οὔτε
1205 5330 1476 5399 πολέμους
1506 5334 1750 5401 ἀγαπᾷν,

157 5433 253 5483 xui
290 5429 573 5497 προξενεῖν
605 5424 829 5492 ὄλεθρον
863 5426 972 5485 τοῖς
1001 5423 1336 5490 ἀνθρώποις.
1367 5425 1535 5492 Εἴπερ
1571 5426 1751 5491 σωτῆ-

160 5538 261 5592 ρπς
313 5522 513 5578 αὐτοὺς
557 5515 776 5573 -καλεῖς,
809 5513 1039 5579 ῶφειλον
1065 5514 1267 5579 μᾶλλον
1300 5517 1361 5563 ἐκ
1393 5516 1485 5582 τῆς
1526 5517 1748 5581 εέρήνης

159 5614 378 5673 σώζειν,
428 5612 523 5659 καὶ
558 5604 970 5671 περιποιεῖσθαι
1001 5607 1122 5664 τοὺς
1155 5606 1498 5670 σεῦομένους.
1542 5607 1598 5654 Εἰ
1624 5606 1675 5654 δὲ
1722 5608 1747 5655 6

154 5707 274 5761 (45‘-
332 5701 488 5766 ὑμῶν
531 5696 762 5746 τοιαῦτα
812 5693 1221 5758 διαπράττεται,
1259 5693 1501 5746 καὶτοὺς
1539 5693 1746 5757 ἀνθρώ-

156 5809 285 5850 κους
321 5789 572 5842 πεισάτω
600 5784 765 5834 λῦσαι
798 5783 922 5838 τοὺς
958 5781 1151 5846 νόμους
1180 5798 1191 5809 ’
1224 5783 1253 5848 ἢ
1285 5784 1375 5831 καὶ
1415 5782 1488 5840 ῶς
1533 5780 1736 5848 ἀνθρω-

1924 4782 2009 4836 IV.
2051 4781 2234 4853 Lysias
2262 4781 2397 4834 dixit
2433 4799 2444 4833 :
2474 4779 2552 4833 Tn
2604 4796 2823 4834 causam
2875 4779 3022 4836 "dicis
3071 4797 3264 4837 eorum
3313 4799 3435 4853 quae

1854 4874 1920 4928 ad
1957 4875 2091 4929 deos
2118 4874 2373 4934 attinent,
2436 4873 2636 4924 malum
2701 4871 2909 4941 caput?
2943 4873 3042 4927 Per
3099 4874 3330 4928 deorum
3380 4889 3434 4930 et

1855 4981 2032 5020 meam
2067 4967 2324 5029 salutem,
2369 4965 2505 5018 male
2537 4980 2631 5018 vos
2669 4967 2912 5033 perdam.
2971 4966 3202 5020 Sanetus
3255 4967 3434 5022 Leon-

1856 5061 1966 5114 tius
1994 5060 2128 5115 dicit
2167 5080 2179 5114 :
2211 5062 2286 5114 Ne
2311 5061 2527 5128 indigne
2569 5061 2715 5114 feras
2756 5061 2946 5115 audire
2980 5062 3291 5118 veritatem.
3328 5064 3436 5118 llo-

1856 5152 2100 5205 minibus
2136 5153 2393 5205 omnibus
2431 5163 2536 5205 tam
2565 5153 2703 5204 ratio
2755 5167 2919 5219 quam
2955 5162 3147 5205 natura
3182 5157 3432 5221 praescri-

1855 5244 2152 5313 psitleges,
2186 5259 2295 5296 non
2327 5259 2448 5296 esse
2479 5259 2596 5312 par,
2647 5252 2707 5296 ut
2752 5242 2918 5296 homo
2974 5246 3207 5298 alienam
3237 5246 3434 5301 habeat

1855 5351 2108 5401 uxorem,
2143 5347 2311 5404 utque
2343 5338 2652 5390 committat
2687 5337 2983 5398 incestum,
3012 5347 3104 5391 aut
3130 5337 3268 5392 bella
3303 5340 3432 5393 dili-

1854 5433 1964 5493 gat,
1987 5434 2079 5477 aut
2105 5425 2424 5477 hominibus
2456 5425 2753 5490 perniciem
2787 5424 3008 5478 inferat.
3055 5425 3110 5477 Si
3144 5442 3238 5478 eos
3273 5442 3434 5482 vocas

1853 5518 2234 5583 SOSpilﬂlOl'CS,
2265 5517 2533 5568 deberent
2563 5518 2745 5582 potius
2770 5532 2833 5567 ex
2870 5533 2998 5583 pace
3031 5533 3247 5568 servare
3274 5528 3328 5568 et
3363 5520 3430 5571 de

1851 5607 2157 5658 cultoribus
2181 5608 2294 5657 suis
2328 5608 2463 5657 bene
2498 5607 2716 5657 mereri.
2749 5607 2801 5657 Si
2827 5608 2963 5657 deus
2990 5615 3170 5657 vester
3203 5610 3302 5658 ista
3337 5608 3425 5658 fa-

1850 5699 1943 5756 cit,
2006 5698 2235 5747 suadeat
2278 5696 2596 5746 hominibus
2645 5698 2857 5746 solvere
2917 5697 3090 5761 leges;
3137 5696 3216 5746 vel
3274 5696 3419 5747 sicut

1847 5784 2028 5844 honm,
2067 5785 2198 5832 deus
2230 5794 2406 5833 vester
2441 5792 2578 5850 agat,
2620 5794 2670 5834 et
2706 5784 2950 5835 homines
2985 5784 3246 5834 imitetur.
3277 5783 3407 5833 Nam
