3966 6466
178 378 256 440 3ὶ9
1075 371 1545 435 MARTYRIUM
1583 371 1692 434 SS.
1737 370 1886 430 XLV
1922 369 2377 430 MARTYRUM.

3279 373 3382 436 330

175 493 329 559 κόραξι
374 494 467 544 καὶ
527 491 640 555 τοῖς
684 489 805 543 κυσὶ
857 489 1020 559 βορὰν
1056 488 1380 559 παραθήσω,
1414 487 1511 541 καὶ
1549 487 1702 540 οὐδὲν

1823 485 1940 541 ιίὴίι
1973 485 2127 538 vobis
2161 484 2412 554 proderit
2436 485 2601 538 stulta
2643 484 2964 554 pervicacia.
3020 486 3256 544 Sanctus
3275 483 3400 546 Αηέ

175 585 284 652 ὑμᾶς
311 582 572 654 ὠφελήσει
609 586 640 653 ἡ
673 583 877 652 ματαία
909 581 1182 645 ένστασις.
1223 581 1279 634 ⁸0
1309 581 1464 648 ἅγιος
1507 579 1704 633 Ἀντώ·

172 692 258 736 νιος
302 674 475 742 λέγει’
518 675 702 736 Ποίοις
743 674 881 735 θεοῖς
912 673 1155 732 κελεύεις
1187 670 1346 726 θῦσαι
1379 671 1561 740 ἡμᾶςς
1593 673 1703 724 Λυ·

176 767 269 827 σίας
316 766 454 831 λέγει
481 780 495 795 ·
540 766 753 817 Θύσατε
797 764 873 833 τῷ
903 763 988 816 Διῒ
1020 763 1221 833 καὶτῷ
1267 763 1586 816 Ἀπόλλωνι.
1643 763 1704 814 Ὀ

171 860 295 924 ἅγιος
330 859 572 919 Λεόντιος
603 852 755 908 εἶπεν
781 872 794 884 ·
839 857 900 908 ’0
930 857 1062 920 Θεὸς
1096 855 1270 926 ὑμῶν,
1306 854 1502 908 ἑαυτὸν
1535 853 1706 907 σῶσαι

173 951 232 1019 μὴ
253 951 554 1018 δυνάμενος,
595 946 870 1000 Ἀπόλλων
895 948 1111 1018 λέγεται
1132 963 1146 978 ’
1176 947 1336 1001 τοῦτο
1373 947 1531 1017 ὑμεῖς
1568 961 1710 1015 μαρ-

168 1044 368 1108 τυρείτε.

227 1133 288 1185 Z'.
320 1135 730 1205 Ἀγανακτήσας
753 1133 846 1190 οὖν
875 1138 902 1189 ό
933 1133 1159 1198 Λυσίας,
1192 1135 1285 1187 καὶ
1313 1133 1377 1187 ἐκ
1405 1131 1497 1184 τοῦ
1529 1129 1704 1201 θυμοῦ

167 1221 269 1283 τοὺς
295 1222 600 1292 ὀςθαλμοϋς
631 1225 928 1294 διαπύρους
962 1225 1214 1294 ποιήσας,
1249 1223 1340 1276 καὶ
1367 1222 1558 1291 τρίσας
1578 1220 1707 1283 τοὺς

169 1314 371 1380 ὀδόντας,
394 1316 682 1369 ἐκέλευσεν
704 1319 906 1388 σιδήρῳ
927 1317 1144 1387 δεθῆναι
1168 1316 1348 1369 αὐτῶν
1370 1315 1468 1378 τὰς
1491 1317 1703 1384 χεῖρας,

171 1406 244 1456 καὶ
273 1410 384 1467 τοὺς
421 1407 612 1470 πόδας,
649 1407 742 1460 καὶ
777 1407 977 1470 κλοιοῖς
1030 1407 1362 1477 βαρυτάτοις
1397 1421 1708 1473 κατασφιγ-

167 1496 362 1563 χθίντας
413 1501 748 1569 ἀποτεθῆναι
809 1503 890 1564 είς
949 1500 1010 1554 τὸ
1057 1500 1430 1572 δεσμωτήριον
1483 1499 1564 1562 είς
1618 1497 1710 1550 τὸν

167 1587 344 1657 πύργον
397 1589 494 1659 τῆς
548 1593 754 1655 πόλεως
792 1592 894 1662 τῆς
933 1592 1241 1663 βλεπούσης
1289 1593 1431 1645 κατὰ
1491 1591 1706 1662 βορέαν,

167 1679 270 1730 ἔνθα
301 1681 386 1732 καὶ
416 1681 570 1750 πηγὴ
601 1683 952 1753 ὐπεκτρέχει,
998 1685 1200 1753 ῥέουσα
1231 1683 1434 1749 εξωθεν
1471 1683 1568 1752 τῆς
1609 1680 1712 1736 πύ-

165 1768 243 1838 λης
271 1771 358 1841 τῆς
387 1774 626 1836 πόλεως·
656 1777 1036 1843 παραγγείλας
1066 1778 1180 1838 τοῖς
1213 1775 1582 1844 φυλάσσουσιν
1609 1776 1709 1827 αῦ-

1813 578 1996 633 tonius
2025 577 2165 632 dixit
2197 592 2210 630 :
2246 575 2570 647 Cujusmodi
2596 577 2704 632 diis
2725 576 3037 634 sacriﬁcam
3064 595 3164 636 nos
3191 574 3390 652 iubes?

1812 670 2001 742 Lysias
2031 669 2166 723 dicit
2217 687 2230 724 :
2284 667 2601 725 Sacrificste
2627 670 2748 727 Jovi
2772 683 2825 726 et
2845 672 3108 740 Apollini.
3153 675 3389 733 Sanctus

1812 763 2075 818 Leontius
2105 763 2277 818 dixit:
2311 763 2460 819 Deus
2499 772 2705 828 vester,
2743 766 2836 836 qui
2882 766 3234 838 semetipsum
3269 785 3392 826 ser-

1813 871 1941 912 vare
1980 871 2092 910 non
2134 866 2331 926 potest,
2366 856 2562 927 Apollo
2585 857 2806 912 dicitur.
2833 857 2891 913 ld
2930 859 3268 916 confitemini
3297 878 3395 916 vos

1813 965 1942 1021 lpSl.

1887 1134 1995 1188 VII.
2026 1131 2345 1204 Indignatus
2391 1147 2524 1203 ergo
2559 1131 2768 1203 Lysias,
2816 1132 2991 1187 oculis
3042 1129 3406 1187 inﬂammatis

1815 1241 1927 1296 pra:
1959 1226 2148 1279 furore
2184 1241 2247 1280 ac
2297 1225 2558 1280 dentibus
2587 1225 2872 1290 frendens,
2901 1240 3094 1280 manus
3118 1241 3311 1280 eorum
3335 1242 3398 1280 ac

1813 1316 1982 1386 pedes
2007 1315 2215 1370 catenis
2256 1315 2453 1369 vinciri
2482 1316 2682 1386 jussit;
2719 1326 2775 1370 et
2813 1316 3024 1369 catenis
3057 1317 3399 1385 gravissimis

1815 1405 2252 1470 excarnificatos,
2291 1405 2344 1459 in
2378 1419 2658 1460 carcerem
2679 1407 2951 1477 compingi
2986 1407 3040 1460 in
3079 1406 3217 1461 turri
3254 1407 3398 1461 clvi-

1819 1499 1972 1562 tatis,
2013 1513 2134 1567 quae
2158 1497 2388 1552 Boream
2415 1497 2662 1567 respicit.
2686 1497 2842 1553 Unde
2866 1499 3031 1552 etiam
3057 1497 3181 1552 fons
3201 1512 3401 1554 excur-

1818 1590 1911 1654 rit,
1939 1588 2118 1644 ﬂuens
2147 1599 2302 1644 extra
2323 1597 2539 1658 portam
2563 1588 2824 1644 civitatis.
2859 1588 3126 1642 Militibus
3181 1588 3277 1658 qui
3303 1603 3399 1643 eos

1816 1682 2227 1744 custodiebant,
2259 1681 2476 1734 Mentem
2503 1690 2558 1735 et
2590 1679 2884 1742 Belcradaa,
2919 1680 2971 1733 id
3015 1680 3258 1734 mandati
3299 1679 3398 1734 de-

1818 1774 1920 1839 dit,
1955 1773 2144 1829 dicens
2175 1789 2188 1826 :
2224 1771 2438 1836 Videte,
2475 1770 2679 1827 Menam
2712 1779 2769 1825 et
2800 1770 3090 1836 Beleradc,
3123 1770 3402 1840 quomodo

165 1860 264 1920 τοὺς
317 1864 697 1931 στρατιώταις,
747 1865 962 1933 Μεναία
1025 1867 1119 1918 καὶ
1175 1865 1485 1936 Βηληράδῃ,
1536 1866 1712 1935 λέγων

1823 1870 1970 1937 ipsos
1995 1865 2341 1920 custodiatis.
2385 1863 2522 1919 Nam
2558 1878 2657 1935 per
2710 1861 3115 1934 Esculapium,
3155 1862 3201 1918 si
3235 1864 3404 1918 rescio

166 1949 322 2012 αὐτοῖς
346 1966 360 1982 ο
388 1951 648 2016 Βλέπετε,
679 1945 725 2006 ὧ
748 1954 960 2008 Μεναῖα
990 1955 1086 2006 καὶ
1112 1954 1424 2025 Βηληράδη,
1461 1955 1577 2017 πῶς
1606 1956 1706 2007 αὐ·

164 2041 267 2104 τοὺς
311 2045 642 2114 φυλάττετε⁸
694 2056 774 2117 μα
819 2047 913 2100 τὸν
954 2047 1064 2116 γὰρ
1101 2046 1454 2119 Ἆσκληπιδν,
1482 2047 1565 2100 ὅτι
1612 2045 1707 2099 ἐὰν

165 2134 318 2201 μάθω,
349 2137 429 2190 ὅτι
485 2140 653 2208 ἄρτος
691 2139 726 2210 ἢ
762 2139 908 2211 ὓδωρ
949 2140 1104 2208 ἐδόθη
1136 2142 1319 2203 αὐτοῖς
1349 2139 1502 2209 παρά
1541 2155 1707 2204 τινος,

164 2228 242 2296 τὴν
269 2233 485 2286 ἐκείνων
527 2234 801 2303 τιμωρίαν
837 2235 968 2302 ὑμῖν
1007 2233 1274 2304 ἐπιθήσω,
1307 2234 1403 2286 καὶ
1449 2233 1585 2302 πυρὶ
1615 2233 1713 2286 σὺν

165 2320 362 2386 ἐκείνοις
392 2323 538 2392 ὑμᾶς
569 2325 854 2379 ἁναλώσω.
888 2327 950 2379 Οἱ
974 2325 1032 2378 δέ
1061 2325 1417 2396 στρατιῶται,
1441 2324 1507 2377 τὰ
1538 2324 1714 2394 δεσμὰ

163 2416 453 2483 περιθέντες
485 2419 598 2478 τοῖς
631 2418 830 2484 ἁγίοις,
860 2418 1118 2470 ἐνέϐαλον
1145 2421 1224 2479 εἰς
1256 2417 1347 2468 τὸν
1376 2418 1604 2483 πύργον.
1645 2418 1712 2471 Ol

163 2508 210 2561 ιι
230 2508 358 2575 ἆγιοι
385 2511 458 2573 ὡς
488 2511 549 2575 ἐξ
572 2513 689 2570 ἐνὸς
722 2510 984 2578 στόματος
1010 2509 1195 2576 ἔλεγον
1212 2524 1224 2537 '
1250 2508 1597 2577 Εὑλογοῦμέν
1629 2527 1710 2572 σε,

163 2599 328 2667 Κύριε,
362 2602 450 2654 τὸν
477 2601 716 2654 Βασιλέα
750 2601 846 2670 τῆς
867 2600 1052 2670 δόξης,
1093 2598 1185 2652 τὸν
1219 2598 1314 2652 ἰπὶ
1349 2599 1570 2652 Ποντίου
1617 2599 1713 2651 Πι-

162 2687 298 2741 λάτου
338 2693 700 2762 παραστάντα
735 2693 814 2756 είς
863 2696 1148 2762 κριτήριον
1188 2692 1279 2745 διὰ
1309 2692 1408 2755 τὰς
1439 2692 1716 2763 ἡμετέρας

164 2776 409 2846 ἁμαρτίας
433 2796 447 2809 ⁸
486 2782 553 2833 σὺ
587 2784 695 2850 γὰρ
732 2776 782 2833 sl
822 2783 853 2848 ἠ
891 2779 1123 2849 ἀληθινὴ
1157 2779 1293 2846 ζωὴ,
1322 2783 1349 2832 ό
1381 2781 1521 2848 ὑπὲρ
1556 2781 1715 2848 ἡμῶν

162 2871 250 2923 τῶν
275 2874 610 2944 ἁμαρτωλῶν
649 2874 806 2929 θυσία
835 2872 1032 2938 δοθεὶς,
1065 2875 1092 2926 ό
1129 2872 1224 2927 τοῦ
1264 2873 1542 2945 Ἀληθινοῦ
1579 2874 1713 2928 Θεοῦ

166 2963 268 3027 Υἱὸς
298 2966 568 3034 ἀληθινὸς,
599 2967 694 3020 καὶ
740 2966 836 3020 τοῦ
887 2967 983 3019 σοῦ
1017 2967 1228 3038 Πατρὸς
1271 2965 1562 3037 ἀρχιερεύς
1593 2982 1605 2997 ’
1642 2967 1718 3038 μὴ

164 3059 386 3127 χωρήσῃς
447 3059 598 3128 ἡμᾶς
649 3056 745 3110 τοῦ
802 3057 954 3110 ἐλέου
1018 3074 1135 3121 σου,
1192 3061 1329 3127 μήτε
1375 3059 1581 3128 ταύτης
1619 3060 1718 3128 τῆς

162 3146 516 3220 ἀδελφότητος,
554 3149 763 3213 ἐνώσας
792 3151 945 3221 ἡμᾶς
985 3151 1196 3213 πάντας
1231 3153 1299 3221 τῇ
1335 3153 1400 3220 σῇ
1429 3151 1712 3222 ὁμολογίᾳ,

165 3238 241 3288 καὶ
265 3249 484 3309 ποιήσας
521 3241 671 3310 ἡμᾶς
702 3241 1037 3311 ὀμοψύχους,
1063 3241 1266 3294 ἐνωσον
1301 3241 1458 3311 ήμῶν
1495 3242 1589 3294 καὶ
1617 3243 1718 3311 τὴν

161 3328 435 3385 τελείωσιν·
470 3334 567 3385 καὶ
596 3336 671 3402 μὴ
695 3336 927 3402 ποιήσῃς
957 3334 1107 3402 ἡμᾶς
1131 3336 1191 3386 ἐν
1223 3335 1413 3403 μηδενὶ
1439 3333 1718 3406 χωρισθῆ-

163 3436 233 3471 ναι
262 3423 348 3473 ἀπ’
389 3423 659 3491 ἀλλήλων,
691 3423 840 3484 ὅπως
903 3423 1107 3486 ίδόντες
1165 3425 1322 3494 ἡμῶν
1375 3428 1482 3495 τὴν
1544 3427 1719 3496 καλὴν

165 3513 445 3582 προθυμίαν
496 3516 546 3566 οἱ
590 3514 808 3578 ἀσεϐεῖς
842 3517 1098 3586 ἐργάται,
1142 3502 1576 3586 ἐπίθυμήσουσιν
1613 3520 1714 3587 τὴν

162 3607 307 3674 καλὴν
346 3609 503 3677 ἡμῶν
543 3609 766 3679 πρᾶξιν.
820 3609 949 3661 Ἰδοὺ
983 3611 1092 3677 γὰρ
1124 3611 1181 3660 ἐν
1217 3611 1401 3663 σκότει
1442 3611 1709 3681 κατεϐλή-

164 3695 309 3766 ῡημεν
338 3701 634 3763 πεινῶντες
663 3702 756 3754 καὶ
784 3700 1066 3768 διψῶντες,
1103 3701 1196 3754 καὶ
1233 3704 1263 3772 ἡ
1292 3701 1436 3772 ψυχὴ
1461 3702 1621 3774 ἡμῶν
1655 3705 1712 3756 ἐν

1812 1974 1967 2023 vero,
2001 1966 2096 2012 aut
2140 1972 2340 2027 panem
2371 1965 2468 2010 aut
2510 1969 2707 2026 aquam
2750 1954 2834 2010 eis
2883 1968 2914 2008 a
2957 1955 3220 2024 quopiam
3275 1955 3404 2009 data

1812 2062 1954 2110 esse,
1975 2061 2135 2115 poena
2173 2046 2395 2099 illorum
2421 2059 2521 2098 vos
2548 2042 2816 2110 multabo,
2850 2051 2908 2099 et
2935 2042 3059 2114 igne
3076 2043 3238 2098 simul
3276 2059 3402 2099 cum

1813 2139 1924 2194 illis
1964 2153 2064 2193 vos
2114 2137 2364 2209 perdam.
2432 2137 2633 2193 Milites
2672 2150 2882 2204 autem,
2937 2140 3156 2194 vincula
3195 2140 3403 2193 sanctis

1792 2231 2322 2301 'circumponentes,
2364 2228 2418 2284 in
2449 2230 2645 2284 turrim
2679 2231 3059 2301 conjecerunt.
3101 2229 3285 2284 Sancti
3336 2244 3405 2283 ex

1819 2339 1932 2379 uno
1953 2323 2110 2394 quasi
2135 2338 2232 2378 ore
2271 2322 2530 2377 dicebant
2562 2337 2576 2375 :
2607 2322 3010 2380 Benedicamus
3031 2333 3110 2387 te.
3151 2323 3406 2384 Domine.

1816 2413 2018 2484 Regem
2067 2415 2275 2485 gloriae,
2314 2414 2406 2483 qui
2459 2422 2684 2483 propter
2727 2425 2950 2485 peccata
2989 2425 3177 2471 nostra
3219 2430 3405 2472 coram

1817 2507 2013 2561 Pontio
2043 2506 2219 2560 Pilato
2249 2509 2472 2561 astitisti
2499 2509 2850 2577 judicandus.
2887 2510 2966 2563 Tu
2995 2511 3142 2564 enim
3182 2527 3307 2564 vera
3345 2528 3407 2566 es

1817 2597 1949 2659 vita,
2006 2612 2107 2666 pro
2169 2598 2332 2652 nobis
2381 2600 2766 2668 peccatoribus
2817 2600 2869 2654 in
2909 2601 3145 2655 hostiam
3219 2602 3404 2660 datus.

1817 2689 1936 2744 veri
1966 2690 2062 2744 Dei
2089 2704 2253 2745 verus
2271 2691 2464 2754 Filius,
2497 2692 2785 2765 Patrisque
2819 2694 2897 2750 tui
2918 2693 3205 2760 Pontifex;
3233 2711 3300 2751 ne
3321 2713 3410 2751 se-

1820 2796 1949 2850 para
1988 2797 2135 2836 nosa
2170 2782 2547 2838 misericordia
2578 2794 2693 2849 tua,
2716 2802 2893 2857 neque
2930 2788 2998 2842 ab
3031 2787 3133 2842 hac
3168 2787 3405 2844 fraterna

1819 2871 2238 2939 conjunctione,
2288 2873 2383 2941 qui
2417 2888 2610 2928 omnes
2633 2891 2733 2929 nos
2763 2876 2888 2930 unis
2917 2877 2996 2930 tui
3038 2878 3406 2944 confessione,

1819 2974 1876 3019 ct
1908 2964 2071 3018 unius
2091 2964 2263 3019 efIicis
2302 2965 2621 3028 voluntatis,
2646 2977 2877 3020 mortem
2912 2984 3130 3038 quoque
3154 2981 3405 3026 nostram

1823 3059 1943 3123 uni;
1973 3075 2073 3114 nec
2104 3057 2364 3130 permitte
2398 3067 2459 3112 ut
2487 3057 2627 3113 alter
2658 3059 2728 3113 ab
2753 3060 2932 3116 altero
2961 3060 3016 3115 in
3043 3062 3230 3133 aliquo
3255 3077 3411 3133 sepa-

1823 3165 2032 3216 remur,
2068 3160 2127 3203 ut
2162 3151 2415 3206 videntes
2452 3150 2726 3220 egregiam
2769 3163 3036 3206 nostram'
3066 3155 3406 3213 alacritatem

1824 3242 1978 3312 impii
2044 3243 2284 3296 ministri
2329 3245 2582 3312 exemplo
2626 3252 2822 3298 nostro
2875 3257 3220 3301 moveantur.
3265 3248 3408 3304 Ecce

1823 3337 1971 3391 enim
2008 3334 2062 3389 in
2099 3334 2356 3389 tenebras
2389 3334 2597 3388 detrusi
2630 3350 2846 3396 sumus,
2873 3338 3186 3392 esurientes
3230 3352 3293 3394 ac
3325 3342 3406 3394 si-

1824 3431 2045 3490 tientes,
2069 3438 2123 3484 et
2163 3430 2381 3483 animus
2407 3437 2596 3483 noster
2635 3428 2693 3482 in
2725 3429 2959 3486 vinculis
2991 3431 3254 3499 tabescit;
3308 3435 3405 3488 sed

1824 3533 1902 3588 tu,
1971 3523 2223 3585 Domine,
2286 3522 2611 3591 patientiam
2687 3523 2848 3576 nobis
2907 3523 2996 3582 da.
3073 3539 3411 3595 cursumque

1820 3623 2070 3668 nostrum
2121 3616 2344 3682 pcrllcc,
2385 3621 2444 3668 ut
2497 3612 2711 3668 nullum
2740 3628 2770 3668 e
2809 3615 2971 3669 nobis
3015 3614 3245 3671 Satanas
3305 3632 3397 3670 ca-

1819 3708 1957 3777 piat.

161 3789 348 3860 δεαμοῐς
386 3796 728 3865 ἐκτήκεται’
761 3794 898 3847 ἀλλὰ
953 3794 1041 3857 σὺ,
1110 3795 1305 3866 Κύριε,
1351 3798 1577 3865 χάρισαι
1623 3799 1755 3867 ἡμῖν
1794 3802 1892 3870 τὴν
1935 3799 2214 3872 ὑπομονὴν
2244 3798 2338 3852 καὶ
2375 3796 2662 3851 τελείωσον
2727 3797 2885 3867 ἡμῶν
2927 3798 3019 3850 τὸν
3055 3797 3275 3866 δρόμον,
3321 3801 3408 3853 ῖνα

162 3892 340 3957 μηδένα
380 3893 437 3956 ἐξ
474 3891 637 3959 ἡμῶν
662 3893 706 3958 ό.)
724 3892 971 3954 Σατανᾶς
999 3893 1358 3962 χειρώσηται.

215 3985 286 4037 H'.
335 3987 444 4038 Καὶ
493 3983 782 4046 κλίναντες
836 3984 906 4038 τὰ
938 3987 1144 4052 γόνατα
1186 3985 1584 4056 προσηύξαντο,
1627 3992 1719 4043 καὶ

159 4080 462 4143 ἀναστάντες
496 4078 896 4148 ἐκαθεσθησαν,
919 4080 1006 4131 διὰ
1034 4080 1094 4131 τὸ
1135 4079 1487 4148 μὴδύνασθαι
1518 4083 1716 4145 αὐτοὺς

160 4169 328 4238 ὀρθοὺς
367 4174 603 4241 στῆναιο
657 4164 800 4240 ἦσαν
839 4170 944 4236 γὰρ
1003 4171 1060 4219 ἐν
1108 4172 1219 4228 τοῖς
1274 4169 1493 4238 δεσμοῖς
1545 4188 1718 4224 καταο

163 4267 541 4333 καμπτόμενοι,
593 4261 689 4314 καὶ
762 4259 994 4329 ἔψαλλον
1055 4260 1361 4330 συμφώνως
1430 4263 1718 4332 λέγοντες·

167 4354 465 4424 ’Υπομένων
525 4354 800 4424 ὑπέμεινα
857 4354 946 4408 τὸν
1001 4355 1242 4424 Κύριον,
1292 4357 1385 4409 καὶ
1447 4360 1717 4429 προσέσχε

161 4463 252 4512 μοι,
285 4450 374 4502 καὶ
405 4448 705 4520 είσήκουσε
739 4450 835 4517 τῆς
865 4433 1108 4516 δεήσεως
1144 4465 1269 4514 μου,
1304 4450 1396 4501 καὶ
1438 4450 1716 4519 ἀνήγαγέν

1899 3988 2034 4042 \"lll.
2070 3986 2137 4040 Et
2171 3983 2325 4038 ﬂexis
2346 3983 2582 4053 genibus
2609 3982 2877 4045 orabant;
2906 3992 2958 4036 et
2987 3993 3275 4052 postquam
3296 4000 3416 4039 sur-

1826 4083 2119 4144 rexissent,
2156 4078 2551 4138 consederunt,
2569 4091 2636 4130 eo
2658 4075 2806 4145 quod
2831 4086 2984 4128 recto
3009 4090 3240 4144 corpore
3269 4085 3413 4134 stare

1829 4189 1940 4228 non
1978 4179 2234 4242 poterant
2270 4174 2449 4237 (erant
2482 4170 2685 4237 quippe
2736 4167 2792 4221 in
2834 4167 3070 4220 vinculis
3114 4168 3411 4230 incurvati)

1832 4279 1890 4322 et
1923 4280 2030 4320 una
2061 4279 2194 4318 voce
2245 4262 2540 4326 canebant,
2568 4261 2816 4316 dicentes
2853 4277 2865 4314 :
2907 4279 2923 4310 ι
2963 4261 3298 4329 Exspectans
3317 4275 3412 4316 ex-

1829 4355 2074 4426 spectavi
2106 4355 2420 4416 Dominum,
2462 4361 2516 4405 et
2555 4350 2794 4405 intendit
2824 4349 2979 4412 mihi,
3036 4360 3092 4404 et
3134 4349 3416 4405 exaudivit

1827 4450 2133 4502 orationem
2166 4459 2366 4506 meam,
2404 4454 2461 4496 et
2490 4443 2680 4496 eduxit
2718 4457 2803 4494 me
2849 4441 2917 4494 de
2953 4442 3072 4494 lacu
3102 4442 3338 4496 miseria:
3357 4454 3415 4496 et

243 4543 301 4593 ἐκ
331 4542 544 4595 λάκκου
599 4538 975 4606 ταλαιπωρίας
1026 4539 1121 4591 καὶ
1164 4541 1273 4592 ἀπὸ
1308 4542 1478 4611 πηλοῦ
1527 4543 1713 4605 ίλεύος⁴

1832 4545 1900 4598 de
1939 4544 2055 4596 luto
2085 4539 2220 4595 fecis
2251 4541 2291 4593 '.
2328 4557 2346 4588 ι
2374 4537 2552 4606 Atque
2583 4535 2801 4605 expleto
2827 4535 3057 4605 psalmo.
3089 4535 3414 4591 ceciderunt

159 4632 248 4686 Καὶ
271 4635 665 4704 πληρώσαντες
687 4633 777 4682 τὸν
803 4630 1041 4700 ψαλμὸν,
1065 4632 1269 4685 ἔπεσαν
1292 4634 1383 4686 ἐπὶ
1407 4635 1718 4703 πρόσωπον,

157 4729 232 4775 καί
257 4727 592 4785 ἀναστάντες
624 4723 786 4775 πάλιν
813 4723 1041 4792 ἔψαλλον
1063 4725 1331 4791 λέγοντες⁹
1363 4727 1718 4794 Εξσάκουσον,

156 4819 313 4883 ὀϐεὸς
348 4816 669 4887 προσευχῆς
703 4832 825 4884 μου,
860 4820 914 4866 ἐν
943 4817 1021 4884 τῷ
1063 4815 1280 4869 δέεσθαι
1333 4836 1398 4885 με
1435 4818 1571 4888 πρὸς
1621 4822 1680 4871 σέ
1705 4837 1718 4850 ’

156 4912 245 4963 ἀπὸ
276 4915 439 4980 φόϐου
477 4911 688 4982 ἐχθροῦ
721 4908 907 4973 ἐξελοῦ
946 4910 1042 4980 τὴν
1072 4909 1250 4980 ψυχήν
1280 4927 1405 4980 μου.
1451 4912 1721 4963 Ἐσκέπα-

159 5008 237 5068 σάς
276 5024 339 5077 με
382 5008 493 5060 ἀπὸ
538 5008 854 5076 συστροφῆς
902 5004 1378 5072 πονηρευομένων,
1431 5005 1536 5058 ἀπὸ
1581 5005 1721 5074 πλή-

158 5097 263 5162 θους
317 5100 718 5174 ἐργαζομένων
772 5099 1010 5154 ἀδικίαν.
1065 5100 1172 5151 Καὶ
1201 5097 1590 5167 πληρώσαντες
1634 5098 1722 5149 τὸν

156 5190 364 5259 ψαλμὸν,
394 5195 490 5246 καὶ
541 5191 874 5259 ποιήσαντες
904 5193 1098 5261 τρίτην
1141 5187 1328 5258 εὐχὴν,
1375 5186 1719 5249 ἐκαθέζοντο,

159 5284 377 5351 ἀλλήλων
422 5293 492 5338 τα
528 5284 710 5353 δεσμὰ
753 5281 1204 5352 καταφιλοῦντες,
1239 5281 1333 5333 καὶ
1361 5280 1721 5347 προσέχοντες

158 5376 381 5446 ἀλλήλοις
411 5377 781 5448 ὴγαλλιῶντο.
833 5373 891 5427 '0
929 5376 986 5427 δέ
1022 5374 1178 5440 ἅγιος
1221 5372 1471 5430 Λεόντιος
1520 5368 1724 5438 ἤρξατο

1831 4637 1886 4690 in
1923 4637 2138 4698 faciem,
2164 4645 2219 4686 et
2251 4640 2537 4701 surgentes
2570 4646 2789 4683 rursum
2831 4629 3170 4689 cecinerunt,
3222 4629 3412 4682 dicen-

1833 4741 1914 4784 tes
1945 4748 1956 4782 :
1996 4727 2260 4789 «Exaudi,
2294 4725 2458 4786 Deus,
2491 4724 2794 4776 orationem
2832 4737 3034 4783 meam,
3069 4736 3192 4774 cum
3219 4722 3418 4793 depre-

1831 4839 1927 4876 cor
1958 4821 2023 4876 ad
2057 4831 2108 4874 te
2139 4838 2150 4872 :
2182 4835 2212 4872 a
2250 4818 2444 4870 timore
2476 4815 2684 4872 inimici
2720 4817 2873 4884 eripe
2908 4817 3145 4869 animam
3211 4830 3411 4869 meam.

1831 4914 2122 4970 Protexisti
2154 4927 2239 4966 me
2274 4927 2303 4965 a
2330 4918 2604 4964 conventu
2641 4907 3082 4976 malignantium,
3103 4923 3130 4960 a
3159 4907 3413 4962 multitu-

1830 5009 1957 5061 dine
1974 5007 2319 5075 operantium
2339 5003 2683 5071 iniquitatcm
2699 4999 2738 5053 ⁸.
2753 5020 2767 5049 ι
2782 5001 2957 5069 Atque
2974 5000 3188 5068 expleto
3205 5002 3414 5069 psalmo

1826 5108 1881 5150 et
1911 5096 2070 5151 tertia
2123 5095 2263 5147 facta
2308 5093 2556 5147 oratione
2614 5091 2936 5150 consedere,
3006 5091 3144 5142 alter
3186 5090 3416 5142 alterius

1827 5192 2043 5246 vincula
2069 5189 2401 5249 osculantes,
2431 5195 2486 5238 et
2510 5201 2566 5238 se
2593 5194 2782 5238 mutuo
2806 5183 3141 5250 stringentes
3168 5183 3413 5237 exsalta-

1829 5285 1980 5337 bant.
2023 5283 2258 5336 Sanctus
2291 5295 2418 5332 vero
2459 5276 2726 5329 Leontius
2791 5274 2995 5327 hortari
3042 5273 3189 5341 ipsos
3244 5276 3414 5341 cmpit

1827 5386 1883 5427 et
1923 5375 2106 5427 dicere
2137 5389 2149 5422 :
2177 5370 2396 5423 Fratres
2431 5364 2755 5428 venerandi,
2794 5362 3102 5431 famulique
3140 5377 3202 5415 ac
3263 5364 3409 5414 servi

158 5473 476 5540 παρακαλεῖν
508 5472 714 5532 αὐτοὺς
743 5471 836 5522 καὶ
870 5469 1049 5535 λέγειν
1073 5485 1086 5498 ο
1133 5465 1377 5534 ’Δδελφοὶ
1401 5466 1572 5533 τίμιοι
1627 5467 1713 5514 κα]

1823 5464 2050 5524 Christi,
2080 5474 2350 5530 generoso
2377 5457 2563 5510 animo
2594 5454 2777 5509 omnia
2837 5454 3133 5507 toleremus
3179 5470 3191 5504 :
3236 5453 3416 5504 nostis

158 5561 462 5634 θεράποντες
494 5564 598 5618 καὶ
624 5563 801 5616 δοῦλοι
827 5560 917 5615 τοῦ
943 5560 1205 5630 Χριστοῦ,
1226 5559 1486 5627 γενναίως
1511 5556 1713 5610 ἅπαντα

1829 5559 1976 5613 enim
2008 5572 2037 5611 e
2095 5555 2267 5608 sacris
2295 5551 2540 5612 Litteris,
2579 5556 2785 5617 quanta
2811 5543 3137 5602 sustinuerit
3169 5543 3270 5596 Job
3297 5545 3411 5613 (sed

161 5657 557 5732 ὑπομείνωμεν·
595 5656 775 5710 οἴδατε
806 5657 913 5726 γὰρ
944 5656 1007 5708 ἐκ
1031 5654 1140 5708 τῶν
1165 5653 1325 5706 θείων
1353 5651 1606 5719 Γραφῶν,
1635 5651 1713 5703 ὃσι

1838 5647 1985 5701 enim
2024 5661 2120 5699 vos
2144 5659 2252 5696 non
2284 5643 2416 5696 latet
2449 5636 2570 5694 ﬁnis
2599 5637 2838 5706 Domini)
2897 5648 3169 5689 memores
3218 5642 3414 5693 estote,

218 5808 234 5835 '
271 5811 404 5866 Psal.
439 5823 634 5862 xxxix.
683 5805 739 5862 2.
771 5804 824 5857 3.
862 5802 879 5832 ³
914 5801 1056 5856 Psal.
1089 5817 1232 5862 thn,
1271 5798 1323 5863 ‘2,
1372 5798 1422 5850 5.

483 5907 763 5965 ΡΑτι-αοι..
816 5898 932 5959 Cia.
986 5895 1161 5958 CXV.

2925 5870 2985 5931 il
