3966 6436
530 361 631 427 331

1821 342 2107 405 MENSlS
2148 336 2445 401 IULIUS.

3684 327 3788 392 332

528 475 675 545 quod
706 472 945 529 Joannes
977 466 1219 537 Baptista
1246 464 1428 535 capite
1484 469 1770 518 truncatus
1836 459 1931 521 sit,
1988 455 2116 512 Ste-

2227 456 2511 522 Βπέμεινεν
2556 453 2699 517 Ἰὼϐ,
2734 450 2867 507 ἀλλὰ
2895 452 2990 505 καὶ
3024 449 3082 503 τὸ
3118 449 3269 512 τέλος
3309 446 3514 517 Κυρίου
3546 446 3752 513 ἔγνωτε
3775 462 3789 476 °

528 567 744 638 phanus
779 571 966 617 autem
1003 557 1300 628 lapidatus,
1330 556 1530 609 Petrus
1578 550 1861 621 apostolus
1917 545 2105 601 Roma:

528 658 845 719 crucifixus,
876 652 1082 707 Paulus
1108 649 1291 715 capite
1318 648 1588 709 minutus,
1631 641 1874 696 Thomas
1920 638 2107 708 spicu-

528 752 598 806 lis
621 748 931 805 confossus.
963 742 1109 808 Quot
1157 754 1287 795 vero
1313 740 1489 793 sancti
1542 734 1886 804 temporibus
1937 729 2105 783 Maxi-

529 841 695 898 miani
722 836 1094 908 imperatoris.
1122 833 1269 887 Decii
1294 840 1349 885 et
1367 829 1615 892 Adriani,
1634 827 1975 893 aliorumque
2004 822 2105 873 im-

528 933 747 1002 piorum
789 928 1209 994 imperatorum,
1246 918 1510 988 martyrio
1542 925 1651 972 sint
1675 913 1879 975 affecti,
1912 924 1967 964 et
1990 909 2107 978 glo-

528 1025 676 1078 riose
706 1033 937 1074 coronas
966 1012 1275 1074 consecuti,
1335 1021 1392 1065 et
1424 1006 1688 1063 fortunati
1739 1005 1809 1058 ab
1851 1000 2109 1056 omnibus

530 1113 921 1188 praedicentur,
951 1115 1009 1161 et
1038 1106 1215 1160 nostis
1236 1103 1463 1157 omnino
1493 1110 1548 1154 et
1574 1095 1825 1151 audistis.

598 1378 696 1437 ιι.
728 1376 1004 1445 Quorsum
1033 1380 1217 1427 autem
1247 1369 1396 1423 viros
1429 1367 1641 1437 pugiles
1676 1374 2109 1419 commemorare

531 1470 769 1529 attinet?
800 1467 899 1524 Ubi
952 1464 1216 1521 mulieres
1253 1476 1496 1531 quoque,
1556 1458 1818 1527 religione
1858 1463 1915 1508 ct
1965 1450 2111 1506 virili

531 1564 717 1619 animo
751 1566 1095 1630 praestantes,
1153 1550 1531 1606 imbecillitate
1557 1560 1719 1600 sexus
1737 1542 2008 1612 deposita,
2056 1539 2111 1593 in

529 1654 756 1709 Christo
809 1653 1117 1717 posuerunt
1166 1655 1342 1709 spem,
1375 1638 1448 1692 ob
1504 1636 1798 1705 repositam
1841 1633 1897 1687 in
1956 1630 2113 1686 ccelis

530 1746 786 1817 gloriam.
818 1739 964 1794 Dicit
989 1736 1137 1790 enim
1169 1732 1434 1789 Dominus
1470 1729 1523 1781 in
1556 1724 1865 1794 Evangeliis
1893 1739 1909 1779 :
1948 1739 1967 1773 ι
2006 1718 2110 1786 Qui

2216 546 2500 617 μέμνησθε
2556 548 2771 609 πάντως
2821 546 2903 598 ὅτι
2945 543 3203 612 Ἰωάννης
3256 541 3358 610 μὲν
3405 543 3433 593 ό
3477 539 3793 607 Βαπτιστὴς

2213 638 2648 709 ἀπεκεφαλίσϐη,
2684 639 2955 706 Στέφανος
2992 638 3048 690 δὲ
3095 633 3474 703 ἐλιθοδολήοη,
3507 634 3715 701 Πέτρος
3764 634 3794 683 ὁ

2213 730 2513 792 ἀπόστολος
2543 732 2599 784 ὲν
2642 730 2834 802 Ῥώμῃ
2866 727 3214 798 ἐσταυρώθη,
3251 724 3464 787 Παῦλος
3507 724 3795 788 ἀπεκεφά-

2213 820 2396 889 λίσίὶη.
2424 822 2627 889 Θωμᾶς
2654 823 2924 891 ἑκεντήοη
2950 836 2962 849 ·
2994 823 3109 872 ὅσοι
3156 819 3213 872 δὲ
3248 819 3396 885 ἅγιοι
3446 819 3503 868 εν
3531 818 3641 876 τοῖς
3673 813 3799 883 χρό-

2216 926 2327 971 νοις
2387 910 2738 978 Μαξιμιανοῦ
2788 910 2883 963 τοῦ
2943 908 3230 979 βασιλέως,
3280 910 3375 961 καὶ
3428 904 3645 967 Δεκίου,
3701 904 3798 955 καὶ

2230 1003 2512 1071 Ἀδριανοῦ
2558 1004 2653 1056 καὶ
2683 1003 2791 1056 τῶν
2827 1003 3002 1056 ἄλλων
3047 1000 3260 1054 ἀσεϐῶν
3293 1000 3580 1067 βασιλέων,
3628 997 3800 1065 ἐμαρ-

2215 1091 2481 1165 τύρησαν,
2517 1094 2778 1159 ἐπιδόξως
2828 1097 2923 1149 καὶ⁷
2977 1097 3104 1157 τοὺς
3151 1093 3454 1161 στεφάνους
3496 1088 3798 1149 ἀπέλαϐον,

2216 1188 2309 1239 καὶ
2343 1188 2741 1255 μακαρίζονται
2770 1186 2920 1257 παρὰ
2952 1188 3192 1251 πάντων,
3225 1188 3320 1238 καὶ
3344 1184 3546 1251 ἔγνωτε
3578 1183 3801 1244 πάντως

2218 1280 2312 1329 καὶ
2342 1278 2593 1333 ἀκούετε.

2288 1369 2365 1423 8’.
2408 1371 2514 1422 Kal
2563 1370 2615 1423 τί
2663 1370 2746 1424 δεῖ
2778 1369 2907 1441 περὶ
2940 1370 3151 1443 ἀνδρῶν
3193 1371 3548 1442 ἁθλησάντων
3577 1367 3801 1433 λέγεινς

2219 1454 2395 1514 Ὀπου
2419 1476 2482 1527 γε
2504 1462 2599 1512 καὶ
2614 1464 2870 1528 γυναῖκες
2895 1460 3168 1523 Θεοσεδεῖς
3195 1463 3289 1513 καὶ
3305 1461 3575 1531 ἀνδρεῖαι,
3593 1457 3802 1511 ἀποοί-

2221 1567 2381 1618 μεναι
2410 1551 2469 1603 τὸ
2499 1553 2599 1619 τῆς
2630 1552 2847 1620 φύσεως
2876 1552 3065 1605 ἄτονον
3098 1554 3191 1605 καὶ
3228 1552 3474 1615 ἀσθενὲς,
3506 1553 3805 1619 ἐνίσχυσαν

2218 1641 2317 1712 τὴν
2342 1643 2424 1705 είς
2458 1643 2694 1713 Χριστὸν
2727 1643 2919 1696 ἐλπίδα
2975 1644 3064 1697 διὰ
3093 1644 3191 1714 τὴν
3220 1644 3594 1712 ἀποκειμένην
3625 1643 3682 1692 ὲν
3706 1640 3806 1692 ού-

2224 1739 2404 1803 ρανοίς
2437 1736 2617 1800 δόξαν.
2660 1737 2721 1790 Ὀ
2748 1737 2855 1809 γὰρ
2885 1737 3088 1808 Κύριος
3124 1735 3277 1791 εἶπεν
3311 1740 3370 1789 ἐν
3409 1738 3524 1799 τοῖς
3556 1735 3809 1801 Εὐάγγε-

529 1814 619 1891 me
648 1831 1004 1889 confitebitur
1070 1840 1255 1880 coram
1312 1819 1653 1879 hominibus,
1701 1814 2008 1869 conﬁtebor
2057 1820 2114 1864 et

2227 1827 2370 1887 llotc'
2398 1829 2530 1890 «Ὃς
2561 1827 2627 1880 ἂν
2652 1828 2968 1900 ὁμολογήσῃ
3004 1847 3071 1897 με
3121 1827 3433 1899 ἔμπροσθεν
3463 1824 3807 1896 ἀνθρώπων»

533 1944 636 1998 ego
667 1942 791 1981 eum
815 1937 999 1978 coram
1022 1919 1188 1975 Patre
1219 1929 1366 1978 meo,
1394 1913 1487 1981 qui
1511 1912 1567 1963 in
1594 1908 1752 1963 caelis
1781 1914 1903 1959 est:
1934 1912 1990 1959 et
2018 1902 2114 1972 qui

534 1996 823 2091 negaverit
866 2030 953 2069 me
983 2026 1169 2067 coram
1200 2006 1547 2069 hominibus,
1570 2000 1864 2072 negabitur
1892 2006 1948 2052 et
1999 1996 2116 2067 ipse

532 2124 719 2167 coram
754 2106 963 2177 angelis
988 2102 1084 2159 Dei
1106 2102 1147 2156 ⁸.
1196 2119 1215 2153 ι
1253 2100 1442 2169 Itaque
1480 2097 1525 2152 si
1577 2095 1857 2155 mulieres,
1884 2103 2116 2161 quarum

531 2214 730 2257 natura
770 2198 985 2251 inﬁrma
1017 2203 1123 2257 est,
1170 2192 1405 2247 viriliter
1470 2188 1846 2249 decertarunt,
1910 2190 2119 2252 quanto

533 2293 707 2361 magis
740 2304 839 2345 nos
864 2288 1002 2344 tales
1053 2300 1118 2341 ac
1177 2292 1357 2339 tantos
1411 2294 1513 2351 pro
1573 2278 1800 2332 Christo
1852 2272 2119 2343 martyrio

533 2383 792 2456 perlungi
849 2379 1107 2450 oportet?
1159 2374 1409 2431 Audistis
1458 2372 1527 2426 de
1568 2382 1759 2425 sancta
1790 2366 2116 2436 Euphemia,

533 2476 846 2544 Capitolina
877 2470 1173 2530 etJulitta,
1216 2466 1450 2535 aliisque
1502 2462 1713 2516 sanctis
1766 2456 2116 2521 mulieribus,

535 2580 766 2635 quarum
790 2562 1010 2616 nomina
1056 2560 1259 2627 scripta
1305 2564 1435 2611 sunt
1496 2554 1552 2608 in
1608 2553 1766 2607 libris
1825 2551 2118 2612 caelortim,

535 2670 702 2726 quam
743 2665 965 2708 strenue
1000 2650 1341 2714 dimicarint,
1370 2656 1423 2702 et
1447 2646 1730 2700 diabolum
1762 2641 2116 2698 debellariut.

536 2750 579 2804 E
616 2748 820 2818 quibus
848 2741 1346 2798 dilectionivestra:
1379 2737 1682 2791 recensebo
1728 2734 1955 2804 dignum
2002 2745 2121 2783 ser-

538 2856 783 2903 monem,
835 2848 1274 2891 commemorans
1297 2846 1361 2884 ea
1393 2845 1515 2899 qua:
1545 2827 1732 2897 accepi
1768 2842 1796 2879 a
1832 2826 1974 2887 viro,
2004 2838 2121 2875 ma-

538 2935 713 3005 gistro
739 2938 949 2989 nostro,
988 2925 1081 2994 qui
1120 2922 1376 2977 veniebat
1412 2936 1480 2974 ex
1510 2917 1765 2990 IEgypto,
1789 2926 1845 2973 et
1899 2916 2119 2970 audisse

538 3042 596 3081 se
628 3024 807 3080 aiebat
834 3037 863 3075 a
892 3028 1082 3076 sancto
1117 3015 1355 3070 Antonio
1382 3023 1587 3069 asceta.

609 3305 678 3364 Χ.
713 3304 1076 3376 Temporibus
1098 3300 1408 3359 Maximiani
1441 3300 1809 3370 persecutoris
1843 3296 2120 3365 fuitpucl-

538 3401 589 3455 la
615 3399 863 3469 quaedam
908 3396 1270 3457 Alexandria},
1314 3393 1548 3460 alicujus
1600 3404 1630 3441 a
1683 3386 1950 3443 divitibus
2000 3386 2125 3439 istic

541 3486 1142 3559 degentibus,aneilla.
1206 3484 1412 3538 Nouien
1468 3481 1573 3552 ipsi
1627 3490 1745 3535 erat
1803 3479 2123 3535 Patamiena

542 3584 641 3652 (2).
675 3580 1032 3651 Cogebatura
1061 3591 1161 3631 suo
1183 3576 1403 3630 domino
1458 3575 1524 3628 ad
1586 3571 1966 3626 concubitum.
2032 3569 2125 3624 Illa

543 3676 725 3731 dixit:
771 3674 987 3727 Ancilla
1023 3670 1229 3723 Christi
1256 3682 1400 3730 sum,
1430 3680 1540 3719 non
1583 3674 1817 3719 scel-tor.
1858 3661 2123 3716 Dominus

541 3782 673 3822 vero
697 3765 764 3820 ad
792 3776 1008 3833 tempus
1030 3760 1255 3830 aliquod
1314 3759 1416 3829 ipsi
1466 3758 1712 3812 insultat.
1762 3753 1887 3822 Ipsa
1938 3764 2123 3805 autem

541 3876 651 3914 non
685 3858 853 3927 gessit
885 3868 1116 3906 merent.
1151 3852 1199 3903 Is
1236 3851 1420 3918 itaque
1443 3848 1607 3903 simul
1642 3847 1895 3919 diligens,
1957 3846 2123 3899 simul

544 3952 839 4010 miserans,
865 3960 973 3997 non
1010 3940 1236 4003 cecidit,
1279 3940 1373 3995 sed
1406 3940 1666 4010 przelccto
1719 3953 1841 3992 eam
1894 3935 2122 3991 tradidit

544 4042 738 4096 dicens
771 4056 783 4090 :
819 4037 875 4091 Si
911 4033 1197 4105 proposito
1226 4046 1351 4085 meo
1392 4029 1758 4092 obsecundct,
1813 4027 2121 4089 annuntia;

543 4136 629 4189 sin
660 4132 863 4188 minus.
922 4127 1054 4198 puni
1091 4126 1260 4189 illam,
1324 4133 1381 4178 ut
1429 4123 1811 4177 cliristianam.
1859 4120 2124 4176 Praefecto

543 4227 729 4293 itaque
780 4222 1003 4282 tradita,
1065 4218 1363 4285 multisque
1413 4214 1825 4269 adulationibus
1877 4216 1945 4268 ab
2004 4214 2122 4283 ipso

544 4323 772 4374 tentata,
802 4322 859 4365 ut
912 4310 1027 4364 beri
1064 4309 1234 4378 jussis
1285 4308 1713 4376 obtemperaret,
1783 4306 2124 4372 respondens

542 4407 681 4461 dixit
714 4404 831 4457 :Ne
866 4402 988 4455 talis
1026 4414 1264 4468 unquam
1298 4398 1596 4467 ﬁatjudcx,
1632 4397 1726 4466 qui
1758 4396 1918 4469 jubet
1945 4396 2115 4451 ancil-

2217 1919 2542 1989 ὁμολογήσω
2587 1921 2752 1974 αὐτὸν
2794 1922 2951 1989 κάγὼ
2982 1922 3291 1991 ὲμπροσθεν
3327 1922 3421 1975 τοῦ
3453 1920 3668 1990 Πατρός
3695 1934 3810 1988 μου

2216 2012 2312 2064 τοῦ
2339 2014 2397 2064 ὲν
2424 2014 2707 2083 οὐρανοῖς·
2742 2017 2836 2068 καὶ
2880 2015 2940 2078 ὃς
2972 2015 3038 2068 ἂν
3064 2014 3451 2084 ἀπαρνήσηταί
3491 2030 3559 2082 με
3592 2012 3810 2080 ιμπροο

2223 2106 2349 2161 σθεν
2379 2107 2491 2161 τῶν
2515 2107 2844 2178 ἀνθρώπων,
2875 2109 3336 2179 άπαρνεθήσηται
3376 2106 3472 2159 καὶ
3503 2104 3663 2165 αὐτὸς
3703 2103 3808 2167 ιμ-

2220 2197 2457 2267 προσθεν
2474 2199 2581 2250 τῶν
2599 2200 2847 2267 ἀγγέλων
2864 2199 2956 2253 τοῦ
2976 2200 3134 2255 θεοῦ.
3147 2220 3166 2252 ι
3191 2202 3251 2254 Εἰ
3267 2200 3361 2255 οὖν
3379 2200 3656 2269 γυναῖκες,
3673 2189 3756 2249 ὧν
3775 2196 3810 2265 ἡ

2221 2287 2383 2355 φύσις
2408 2288 2688 2354 ἀσθένεια,
2720 2290 2989 2359 ἀνδρικῶς
3017 2290 3379 2359 ἠγωνίσαντο,
3414 2290 3565 2359 πόσῳ
3599 2285 3813 2357 μᾶλλον

2220 2381 2506 2451 ὀφείλομεν
2547 2384 2707 2454 ἡμεῖς
2734 2383 2783 2435 οἱ
2814 2382 3048 2436 τοιοῦτοι
3079 2384 3172 2436 καὶ
3213 2399 3458 2435 τοσο.τοι
3497 2382 3636 2451 ὑπὲρ
3672 2383 3816 2453 Χρι-

2222 2476 2350 2528 στοῦ
2386 2478 2770 2546 μαρτυρῆσαι;
2821 2476 3074 2529 Ἀκούετε
3119 2477 3249 2546 περὶ
3278 2477 3377 2546 τῆς
3409 2476 3573 2545 ἁγίας
3610 2478 3829 2547 Εὑφη-·

2226 2568 2375 2637 μίας,
2413 2571 2509 2620 καὶ
2547 2568 2980 2636 Καπιτουλίνης,
3034 2570 3127 2621 καὶ
3171 2568 3481 2638 Ἰουλίττης,
3541 2570 3638 2624 καὶ
3693 2573 3813 2627 τῶν

2222 2656 2398 2708 ἄλλων
2433 2658 2607 2723 ἁγίωι
2637 2657 2937 2723 γυναικῶν,
2988 2650 3061 2708 ὧν
3091 2660 3159 2709 τὰ
3205 2658 3445 2726 ὀνόματα
3492 2661 3552 2712 ὲν
3597 2660 3815 2730 βίϐλοις

2222 2747 2331 2799 τῶν
2358 2747 2606 2814 οὐρανῶν
2646 2750 2787 2799 εἰσιν
2820 2750 3171 2819 άνάγρσιπτα,
3205 2750 3323 2811 πῶς
3354 2749 3623 2821 λαμπρῶς
3657 2756 3815 2820 ἡγω-

2224 2839 2462 2902 νίσαντο,
2494 2838 2589 2891 καὶ
2624 2838 2882 2909 ἐνίκησαν
2906 2842 2997 2890 τὸν
3030 2838 3279 2893 διάόολον
3302 2856 3313 2870 ·
3340 2843 3401 2893 ἐν
3436 2836 3518 2905 οἷς
3548 2843 3815 2915 διηγησο-

2227 2946 2324 2995 μαι
2356 2932 2421 2999 τῇ
2455 2930 2642 3000 ἀγάπῃ
2681 2931 2833 2999 ὑμῶν
2893 2931 3051 2997 λόγον
3098 2933 3269 2995 ἄξιον,
3337 2936 3714 3003 μνημονεύων.
3776 2938 3816 2990 ἃ

2224 3021 2438 3090 ἀκήκοα
2491 3024 2642 3091 παρὰ
2688 3023 2901 3092 ἀνδρὸς,
2957 3024 3279 3079 διδασκάλου
3338 3029 3518 3097 ἡμῶν,
3554 3029 3812 3095 ἐλθόντος

2224 3112 2333 3167 ἀπὸ
2360 3115 2457 3185 τῆς
2484 3114 2785 3183 Αίγύπτου,
2808 3117 2904 3169 καὶ
2927 3117 3089 3181 αὐτὸς
3114 3118 3304 3187 ἔλεγεν
3325 3122 3623 3190 ἀκηκοέναι
3652 3127 3815 3193 παρὰ

2224 3205 2318 3259 τοῦ
2344 3207 2505 3274 ἁγίου
2550 3209 2837 3261 Ἀντωνίου
2862 3207 2956 3262 τοῦ
2990 3210 3255 3277 ἀσκητοῦ.

2298 3301 2352 3353 l’.
2378 3301 2501 3353 Ὅτι
2516 3302 2696 3361 ἐντοῖς
2714 3303 2927 3371 καιροῖς
2944 3301 3291 3371 Μαξιμιανοῦ
3307 3301 3399 3357 τοῦ
3416 3304 3646 3358 διώκτου
3665 3309 3811 3381 κόρη

2223 3407 2307 3453 τις
2327 3395 2383 3445 ὲν
2412 3392 2813 3464 Ἀλεξανδρείᾳ,
2827 3395 2987 3463 δούλη
3009 3396 3150 3457 τινὸς
3168 3396 3485 3467 ὑπάρχουσα
3501 3398 3610 3451 τῶν
3626 3402 3815 3456 ἐκεῖσε

2226 3484 2518 3539 πλουσίων
2554 3485 2695 3557 αὕτη
2732 3487 2787 3541 δὲ
2823 3488 3042 3557 ἐλέγετο
3070 3488 3412 3559 Ποταμιήνα.
3465 3494 3815 3567 Ηναγκάσοη

2225 3578 2377 3647 παρὰ
2408 3580 2499 3631 τοῦ
2529 3580 2661 3631 ἰδίου
2689 3581 2951 3632 δεσπότου
3010 3583 3403 3647 συγκαθεύδειν
3440 3585 3608 3654 αύτῷ.
3659 3585 3721 3639 'll
3752 3590 3815 3641 δὲ

2225 3665 2383 3720 εἶπεν
2409 3686 2423 3700 ο
2465 3670 2588 3721 Ὀτι
2624 3670 2864 3737 Χριστοῦ
2909 3672 3024 3738 ειμι
3079 3672 3263 3743 δούλη,
3299 3677 3390 3727 καὶ
3429 3676 3491 3727 οὐ
3528 3680 3812 3745 πορνεύω.

2239 3759 2297 3813 ⁸0
2323 3760 2378 3813 δὲ
2409 3760 2675 3830 δεσπότης
2709 3762 2940 3837 ἐφήδετο
2975 3763 3149 3832 αὐτῆς
3187 3764 3292 3828 ἕως
3322 3766 3465 3827 two;
3488 3780 3500 3794 '
3536 3767 3568 3836 ἠ
3601 3768 3657 3819 δὲ
3704 3772 3817 3825 οὐκ

2225 3851 2454 3921 ἐπείσθη
2476 3870 2488 3882 ·
2520 3854 2682 3915 αὐτὸς
2717 3856 2817 3923 μὲν
2841 3855 2958 3923 ἅμα
2986 3857 3236 3924 ἀγαπῶν,
3263 3856 3379 3927 ἅμα
3410 3858 3466 3911 δὲ
3496 3861 3588 3913 καὶ
3615 3860 3815 3929 ἐλεῶν,

2224 3948 2325 3998 οὐκ
2358 3946 2611 4011 ἔτυπτεν,
2665 3948 2800 4001 ἀλλά
2834 3950 3153 4017 παρέδωκεν
3200 3953 3371 4019 αὐτὴν
3421 3952 3498 4021 τῷ
3547 3955 3811 4023 ἡγεμόνι,

2222 4038 2430 4103 λέγων·
2484 4038 2607 4089 Ἐάν
2644 4039 2871 4107 συνθῆτε
2905 4040 2984 4108 τῷ
3023 4041 3211 4111 σκοπῷ
3263 4058 3388 4111 μου,
3426 4044 3597 4114 φῆσαι
3639 4048 3813 4120 αὐτῇ,

2225 4130 2276 4181 εί
2300 4129 2354 4182 δὲ
2384 4129 2484 4199 μὴ,
2508 4129 2737 4183 κόλασον
2760 4131 2927 4203 αὐτὴν
2951 4131 3023 4194 ὼς
3048 4132 3405 4203 Χριστιανήν.
3432 4135 3819 4205 Παραδοθεῖσα

2225 4222 2279 4275 δὲ
2308 4222 2384 4291 τῷ
2418 4224 2668 4292 ἡγεμόνι,
2704 4228 2794 4275 καὶ
2826 4224 2998 4277 πολλὰ
3030 4224 3165 4294 παρ’
3197 4224 3363 4278 αὑτοῦ
3399 4227 3813 4286 κολακευθεῖσά

2225 4314 2319 4365 τοῦ
2347 4314 2636 4380 πεισθῆναι
2665 4317 2777 4377 τοῖς
2804 4316 2897 4367 τοῦ
2928 4318 3191 4369 δεσπότου
3222 4320 3543 4390 κελεύμασι,
3568 4322 3811 4393 ἀποκριο

2229 4402 2383 4455 Θεῐσα
2412 4401 2564 4457 εἶπεν
2586 4422 2598 4435 ’
2629 4407 2720 4474 Μὴ
2754 4410 2962 4472 γένοιτο
2991 4407 3232 4471 τοιοῦτός
3268 4426 3395 4462 ποτε
3426 4413 3706 4484 δικαστὴς,
3743 4415 3816 4481 ὃς

540 4500 649 4556 lam
681 4497 905 4549 obedire
928 4494 1143 4547 libidini
1168 4491 1396 4543 domini.
1436 4490 1684 4559 Cumque
1729 4494 2019 4559 pra-lectus
2048 4490 2116 4542 ti-

2228 4498 2437 4552 κελεύει
2466 4496 2674 4568 ἀσωτίᾳ
2707 4498 2971 4552 δεσπότου
3001 4501 3197 4571 δούλην
3232 4502 3655 4559 ὑποτάσσεσθαι.
3696 4507 3815 4561 Τοῦ

542 4603 753 4645 morem
779 4589 1052 4640 incuteret
1082 4601 1094 4637 :
1128 4584 1186 4637 In
1214 4584 1451 4637 lebetem
1490 4594 1539 4637 te
1571 4584 1881 4652 conjiciam,
1914 4591 1973 4634 ut
1998 4583 2116 4650 pice

542 4678 900 4741 comburaris,
945 4691 1071 4730 cum
1123 4676 1427 4729 christiana
1484 4676 1593 4736 sis;
1647 4675 1761 4729 haec
1800 4675 1939 4728 dixit
1984 4674 2062 4727 illi
2099 4692 2113 4729 :

541 4771 647 4825 Per
680 4774 846 4838 caput
884 4768 1238 4836 imperatoris
1267 4766 1520 4833 (multum
1545 4768 1691 4818 enim
1720 4768 1863 4819 hunc
1892 4780 2115 4821 revere-

544 4860 640 4932 ris)
674 4878 740 4915 ne
768 4861 961 4929 jubcas
987 4860 1149 4913 simul
1176 4868 1229 4911 et
1260 4858 1427 4911 semel
1450 4873 1532 4911 me
1570 4859 1758 4927 projici
1782 4860 1833 4911 in
1854 4860 2112 4923 lebetem,

542 4953 637 5005 sed
674 4951 934 5021 paulatim
965 4951 1204 5013 demitti,
1234 4958 1292 5003 ut
1328 4951 1480 5004 noris
1519 4954 1785 5020 quantum
1838 4950 2116 5028 patientia:

542 5043 798 5098 Christus
833 5040 965 5093 mihi
1002 5040 1191 5095 donet.

615 5264 705 5317 XI.
741 5264 862 5332 ipsa
896 5264 1081 5334 itaque
1113 5265 1165 5319 in
1204 5265 1438 5320 lebetcm
1480 5266 1698 5338 injecta,
1728 5270 1893 5323 simul
1958 5280 2123 5340 atque

543 5356 634 5425 pix
659 5355 723 5408 ad
757 5356 953 5407 collum
981 5358 1255 5424 pervenit,
1288 5358 1540 5425 spiritum
1570 5375 1728 5413 suum
1762 5362 2002 5415 tradidit.
2036 5363 2127 5418 Vi-

543 5448 886 5517 detishquud
920 5448 1143 5513 mulier,
1194 5464 1318 5518 quae
1371 5460 1490 5505 erat
1556 5451 1671 5505 sola
1730 5463 1786 5505 et
1821 5455 2019 5508 ancilla
2070 5464 2126 5508 et

586 5616 604 5642 δ
653 5615 844 5669 Matth.
907 5632 958 5683 ς,
1003 5616 1093 5684 52,
1143 5618 1235 5674 55.

2227 4592 2285 4644 δὲ
2326 4591 2594 4661 ἡγεμόνος
2633 4592 2999 4662 φοὸησαντος,
3023 4595 3104 4646 ὅτι
3134 4598 3191 4645 ὲν
3226 4595 3302 4661 τῷ
3331 4596 3517 4664 λέϐητὶ
3542 4614 3599 4649 σε
3629 4599 3815 4668 ἐμεάο

2226 4683 2321 4745 λω,
2357 4684 2718 4750 συγκαίεσυαι
2748 4688 2811 4750 τῇ
2846 4684 3013 4752 πίσσῃ
3048 4684 3123 4746 ὡς
3151 4685 3488 4755 Χριστιανὴν
3529 4686 3692 4740 οὖσαν
3718 4706 3733 4718 ·
3773 4694 3814 4763 ἡ

2223 4775 2281 4825 δὲ
2307 4769 2459 4831 εἶπεν
2494 4774 2642 4842 αύτῴ
2673 4776 2772 4842 τὴν
2803 4777 3048 4844 κεφαλήν
3074 4793 3154 4828 σοι
3182 4777 3275 4829 τοῦ
3302 4779 3589 4847 βασιλέως,
3616 4781 3811 4855 ἐπειδὴ

2229 4865 2363 4918 πολὺ
2400 4865 2536 4937 φοϐῇ
2572 4867 2754 4931 αὑτὸν,
2793 4871 2866 4937 μὴ
2905 4869 3185 4931 κελεύσεις
3225 4872 3332 4923 ἀπὸ
3372 4872 3522 4937 ἅπαξ
3576 4874 3809 4945 ῥιφῆνάί

2232 4974 2297 5025 με
2346 4960 2404 5010 ἐν
2461 4959 2537 5027 τῷ
2601 4958 2817 5026 λέϐητι,
2873 4960 3008 5013 ἀλλὰ
3063 4964 3202 5014 κατὰ
3264 4965 3462 5031 μικρὸν
3529 4967 3813 5037 χαλασθῇ-

2230 5067 2338 5111 ναι,
2392 5051 2476 5100 ἵνα
2536 5049 2703 5119 γνῷς,
2756 5053 2927 5120 πόσην
2998 5070 3089 5121 μοι
3141 5054 3418 5124 ὑπομονὴν
3481 5058 3509 5107 ὁ
3568 5058 3811 5127 Χριστὸς

2222 5145 2536 5214 χαρίζεται,

2293 5265 2395 5317 lA'.
2426 5266 2532 5316 Καὶ
2572 5264 2865 5336 βληθείσης
2901 5268 3069 5337 αὐτῆς
3094 5269 3150 5320 ἐν
3174 5269 3251 5338 τῷ
3274 5269 3483 5340 λέϐητι,
3520 5269 3595 5335 ὡς
3637 5265 3810 5340 ἦλθεν

2224 5358 2354 5427 περὶ
2386 5357 2477 5409 τὸν
2508 5359 2783 5427 τράχηλον
2826 5365 2859 5429 η
2926 5360 3116 5425 πίσσα,
3176 5363 3428 5415 ἀπέδωκε
3472 5365 3569 5433 τὴν
3618 5364 3806 5433 ψυχὴν

2225 5452 2418 5522 αὐτῆς.
2469 5453 2685 5524 Ὁρᾶτε,
2720 5454 2804 5506 ὅτι
2838 5453 2975 5525 γυνη
3006 5454 3143 5526 μόνη
3190 5454 3281 5509 καὶ
3314 5455 3480 5528 δούλη
3524 5456 3806 5524 ὑπάρχου-

617 5769 692 5831 (ἓ)
736 5772 806 5825 De
840 5774 938 5829 hac
972 5774 1008 5829 S
1065 5775 1385 5834 Potamicna
1415 5780 1636 5847 juniore
1664 5790 1845 5835 actum
1878 5790 2011 5836 tom.
2053 5782 2117 5837 ll.
2160 5784 2306 5838 Junii
2334 5802 2456 5855 pag.
2489 5788 2542 5843 6.
