3966 6444
188 396 292 457 333

174 520 260 565 σα,
291 505 388 559 καὶ
422 506 500 578 μὴ
532 506 732 579 ἔχουσα
760 514 956 585 ἐαυτῆς
981 516 1255 583 ἐξουσίαν,
1284 521 1458 586 οὕτως
1487 527 1553 595 τῇ
1580 527 1757 596 μεγά-

172 592 234 659 λῇ
284 595 539 666 ὑπομονῇ
605 601 908 673 κατῄσχυνε
940 606 1030 657 τὸν
1063 608 1349 678 τύραννον.
1387 612 1452 665 Τί
1495 592 1759 671 διν-εἴποι·

170 701 268 754 μιν
303 688 516 757 ὴμεϊςς
554 690 585 761 ἢ
622 694 755 749 ποία
789 696 1081 766 ὑπέρθεσις
1118 700 1270 755 ἔσται
1324 703 1421 757 τοῦ
1456 706 1531 775 μὴ
1562 708 1760 764 ἀποθα-

167 781 274 831 νεῖν
318 783 464 852 ὑπὲρ
502 784 595 839 τοῦ
631 788 837 856 Κυρίου
873 789 1031 858 ἡμῶν
1071 792 1242 863 Ἰησοῦ
1283 796 1559 867 Χριστοῦ;
1601 804 1754 855 Μετὰ

168 873 277 943 γὰρ
320 874 426 946 τὴν
467 878 756 932 τελείωσιν
798 881 953 949 ἡμῶν
1017 885 1073 938 αί
1116 887 1217 957 μὲν
1249 887 1418 960 ψυχαὶ
1458 894 1615 961 ἡμῶν
1655 895 1756 948 ὑπὸ

166 965 341 1033 ἁγίων
381 968 638 1035 ἀγγέλων
673 971 1126 1043 δορυφοροῦνται,
1167 980 1260 1031 καὶ
1303 983 1361 1033 ἐν
1391 985 1457 1052 τῇ
1504 984 1753 1058 βασιλείᾳ

164 1057 274 1108 τῶν
326 1060 584 1127 οὐρανῶν
640 1064 896 1130 στέφανοι
945 1069 1039 1120 καὶ
1093 1072 1252 1137 τιμαὶ
1304 1073 1551 1127 ἔσονται·
1589 1078 1658 1129 τά
1696 1078 1752 1132 δέ

166 1146 398 1218 λείψανα
458 1152 621 1219 ἡμῶν
668 1154 810 1221 μετὰ
860 1159 1035 1226 χαρᾶς
1083 1162 1176 1213 καὶ
1200 1161 1360 1232 δόξης
1392 1167 1532 1219 κατὰ
1567 1171 1752 1222 πᾶσαν

167 1239 262 1308 τὴν
305 1241 645 1313 οἰκουμένην
704 1246 1105 1314 ἐκπέμπονται.
1167 1252 1277 1305 Καὶ
1323 1254 1500 1308 ταῦτα
1551 1258 1744 1321 εἰπὼν,

168 1331 379 1393 πάντας
415 1332 1016 1404 παρεθάῤῥυνεν,ὦστε
1052 1342 1148 1393 καὶ
1180 1342 1379 1402 αὐτοὺς
1408 1347 1607 1402 εἰπεῖν.
1642 1350 1748 1403 Τοῦ

167 1422 375 1489 Κυρίου
433 1425 497 1477 τὸ
552 1425 763 1499 θέλημα
811 1431 1075 1498 γενέσθω.
1143 1435 1440 1501 Καύσωνος
1487 1440 1544 1492 δὲ
1596 1441 1749 1506 ὄντος

162 1513 464 1583 ἀφορήτου,
489 1518 657 1589 ἡνίκα
712 1521 882 1575 ταῦτα
935 1527 1054 1587 τοῖς
1102 1526 1280 1593 ἁγίοις
1310 1531 1617 1596 συνέϐαινε,
1652 1534 1749 1587 καὶ

165 1606 547 1676 ἐκκαιομένων
594 1610 773 1663 αὐτῶν
818 1616 883 1682 τῇ
928 1614 1078 1685 δίψῃ,
1106 1619 1201 1668 καὶ
1242 1618 1602 1690 κωλυομένων
1636 1623 1745 1675 τῶν

161 1696 377 1750 οἰκείων
408 1698 691 1755 ἐπιδοῦναι
738 1705 922 1770 αὐτοῖς
960 1708 1146 1777 ἄρτον,
1199 1710 1230 1781 ἥ
1270 1710 1437 1781 ὕδωρ,
1481 1716 1618 1786 γυνή
1660 1733 1745 1779 τις

162 1786 424 1861 θεοσεδης
463 1793 691 1862 ὀνόματι
726 1796 993 1869 Βασιανὴ,
1020 1802 1372 1871 εὐσχημόνως
1401 1804 1739 1879 ἐνδυσαμένη

161 1879 256 1951 τὴν
302 1886 627 1950 γυναικείαν
683 1890 897 1961 στολὴν,
938 1893 1033 1945 καὶ
1081 1896 1350 1966 μαφὸριον
1405 1898 1744 1971 πλατύτερον
1779 1902 1819 1961 θ
1849 1916 2066 1981 Ιὸῑίοτεο

162 1974 255 2042 τῆς
285 1976 581 2046 συνηθείας
608 1982 1068 2057 περιϐαλλομένη,
1105 1987 1361 2051 κώθωνας
1393 1989 1583 2055 ὓδατος
1608 1994 1743 2063 πλή-

162 2083 272 2135 ρεις
307 2068 719 2144 διαζωσαμένη,
776 2076 869 2128 καὶ
920 2077 996 2139 ὡς
1028 2079 1369 2148 ἐπισκέψεως
1413 2082 1573 2151 χάριν
1603 2086 1737 2137 ἁνυ-

160 2161 382 2222 manu;
409 2164 546 2233 πρὸς
570 2165 763 2229 αὐτοὺς
787 2169 1237 2240 είσπορευομένη,
1260 2172 1508 2237 ἐπότιζεν
1536 2176 1736 2239 αὐτοὺς

158 2251 551 2319 λανθανόντως.

1130 407 1601 471 MARTYRIUM
1644 414 1750 476 SS.
1797 416 1942 477 XLV
1980 418 2436 488 MARTYRUM.

3300 430 3425 511 ἐει

1786 536 1828 593 Α
1858 549 1977 602 ουκ
2000 552 2107 591 non
2148 539 2384 595 habebat
2413 552 2741 615 potestatem
2768 553 2850 606 sui
2887 553 3081 625 ipsius.
3105 570 3211 616 tam
3238 578 3431 637 magna

1862 626 2126 694 patientia
2163 638 2451 702 tyrannum
2486 638 2819 697 confuderit.
2852 644 2991 711 Quid
3026 666 3158 722 ergo
3187 669 3289 711 nos
3328 626 3437 713 vdi-

1861 722 2085 775 cernus?
2107 734 2200 777 aut
2235 727 2413 795 qualis
2438 728 2629 787 dilatio
2648 735 2755 789 erit
2780 752 2888 792 non
2912 743 3051 796 mori
3079 759 3176 814 pro
3198 747 3433 806 Domino

1861 823 2051 868 nostro
2078 815 2207 871 Jesu
2249 818 2507 880 Christo?
2538 824 2672 879 Nam
2705 838 2827 897 post
2875 843 3108 889 mortem
3160 850 3431 906 nostram.

1859 905 2057 961 animae
2091 919 2294 965 nostra;
2322 924 2638 971 sanctorum
2678 922 2997 991 angelorum
3038 930 3299 987 satellitio
3331 937 3431 989 sti-

1857 997 2169 1065 pabuntur;
2200 1014 2256 1056 et
2281 1004 2335 1057 in
2373 1020 2543 1077 regno
2568 1010 2831 1067 cmlorum
2871 1031 3093 1073 coronas
3118 1031 3172 1076 et
3196 1023 3432 1079 honores

1854 1099 2056 1143 erunt:
2089 1093 2336 1162 reliquis:
2368 1107 2551 1151 autem
2577 1112 2777 1161 nostrae
2800 1121 2922 1162 cum
2974 1112 3174 1179 gaudio
3223 1127 3281 1169 et
3330 1117 3434 1171 ho-

1855 1193 1991 1233 nore
2014 1196 2111 1250 per
2133 1185 2450 1241 universum
2478 1190 2668 1246 orbem
2698 1200 3167 1257 trausmittentur.
3194 1204 3319 1263 Hmc
3351 1208 3431 1262 fa-

1854 1275 1968 1331 tus.
2026 1274 2521 1333 omnibusanimos
2552 1282 2788 1349 addidit,
2846 1288 2986 1347 adeo
3015 1300 3073 1345 ut
3135 1296 3235 1365 ipsi
3289 1314 3432 1367 quo-

1853 1376 1960 1431 que
2000 1363 2291 1421 dicerent:
2326 1370 2541 1427 Domini
2574 1376 2829 1434 voluntas
2877 1381 2994 1436 ﬁat.
3049 1363 3187 1442 Cum
3245 1363 3427 1447 autem

1851 1469 1962 1524 quo
2003 1465 2247 1527 tempore
2281 1462 2395 1517 haec
2427 1469 2755 1525 eveniebant
2801 1477 3026 1541 sanctis,
3078 1490 3245 1536 aestus
3284 1498 3432 1541 esset

1853 1545 2239 1616 intolerabilis,
2268 1564 2323 1607 et
2362 1572 2473 1625 pra’,
2505 1560 2594 1613 siti
2624 1577 3027 1634 exurerentur;
3065 1586 3301 1643 cumque
3346 1577 3431 1632 in-

1847 1652 2015 1707 super
2043 1640 2402 1701 interdictum
2426 1649 2745 1707 domesticis
2778 1668 2927 1712 esset
2953 1640 3306 1728 praebere-cis
3334 1681 3432 1736 pa-

1847 1742 1973 1783 nem
2006 1739 2103 1785 aut
2138 1748 2358 1802 aquam,
2392 1739 2590 1794 mulier
2620 1743 2867 1811 quaedam
2899 1749 3008 1815 pia,
3051 1753 3277 1808 nomine
3322 1755 3429 1810 Ba-

1847 1822 2024 1886 siana,
2048 1826 2305 1880 muliebri
2331 1832 2532 1885 amictu
2589 1833 2791 1892 decore
2822 1839 3033 1905 induta,
3066 1844 3297 1901 mal‘orio
3346 1849 3428 1918 (3)

2131 1934 2295 1989 quam
2358 1923 2588 1991 solebat,
2632 1926 2995 1998 circumdata,
3033 1938 3243 2004 poculis
3270 1953 3428 2009 aqua:

1847 2008 2025 2078 plenis
2050 2011 2229 2065 cincta
2262 2021 2316 2067 et
2347 2024 2603 2085 tanquam
2635 2020 2845 2075 visendi
2872 2026 3044 2093 gratia
3072 2028 3193 2083 sine
3245 2008 3427 2101 suspi-

1847 2101 2005 2156 cione
2038 2102 2107 2155 ad
2136 2118 2232 2157 eos
2259 2106 2526 2175 profecta,
2553 2110 2692 2166 clam
2727 2113 2861 2182 ipsis
2885 2128 3075 2185 potum
3106 2119 3278 2175 dedit.

1604 2424 1834 2481 CAPUT
1874 2428 1966 2483 Ill.

593 2531 780 2589 Sancti
817 2537 1020 2607 frustra
1064 2540 1138 2594 ad
1178 2540 1382 2627 cultu":
1432 2542 1651 2623 deqrum
1687 2546 2019 2627 incitantur;
2045 2553 2116 2627 in
2150 2549 2276 2607 deos
2310 2563 2360 2608 et
2406 2565 2694 2627 tyrannum
2724 2562 2986 2618 invehitur

1092 2622 1311 2666 sanctus
1344 2612 1625 2680 Leontius;
1670 2618 1813 2672 clam
1868 2637 1902 2672 α
1944 2612 2163 2675 muliere
2202 2612 2478 2693 ροιαιιιιιῗ.

224 2728 330 2784 lB'.
381 2730 954 2801 Διανυκτερεύοαντις
1010 2735 1067 2788 δέ
1118 2738 1176 2789 ἐν
1224 2738 1303 2808 τῷ
1360 2741 1541 2795 σκότει
1595 2736 1737 2813 ἦσαν

155 2822 583 2892 ἀγαλλιώμενοι,
615 2823 692 2887 ὡς
718 2826 774 2877 ἐν
807 2828 1013 2898 ἡμέρᾳ,
1040 2829 1135 2881 καὶ
1168 2829 1397 2898 ἔψαλλον
1426 2834 1564 2902 ὁμοῦ
1597 2836 1737 2888 πάν·

156 2931 241 2977 τις
263 2915 538 2981 λέγοντες*
559 2933 579 2967 ι
607 2916 820 2981 Ἐξελοῦ
842 2935 906 2989 με
931 2921 997 2972 ἐκ
1018 2920 1127 2972 τῶν
1145 2921 1356 2993 ἐχθρῶν
1385 2940 1509 2993 μου.
1527 2925 1556 2976 ό
1580 2925 1732 2991 Θεὸς,

155 3009 244 3057 καὶ
308 3008 376 3057 ἐκ
419 3008 532 3058 τῶν
562 3009 1019 3079 ἐπανισταμένων
1051 3013 1137 3065 ἐπ’
1166 3016 1268 3083 ἐμὲ
1312 3015 1585 3087 λύτρωσαί
1632 3034 1731 3089 με’

1907 2744 2021 2801 Xll.
2052 2747 2190 2802 Dum
2226 2766 2357 2808 vero
2397 2765 2807 2825 pernoctarent,
2835 2761 2890 2817 in
2926 2768 3168 2825 tenebris
3189 2780 3298 2827 tam
3321 2791 3417 2831 ex-

1836 2840 2115 2898 sultabant
2150 2860 2314 2914 quam
2358 2848 2410 2900 in
2438 2850 2579 2915 luce,
2611 2854 3014 2927 cantabantque
3048 2878 3155 2918 una
3184 2881 3411 2925 omnes:

1841 2950 1859 2981 ι
1895 2932 2057 3001 Eripe
2092 2952 2177 2991 me
2203 2938 2269 2992 de
2299 2938 2560 3004 inimicis,
2594 2944 2739 2999 Deus
2785 2963 2960 3014 meus,
2998 2960 3053 3007 et
3104 2956 3173 3011 ab
3225 2960 3413 3015 insur-

1832 3025 2090 3093 gentibus
2119 3031 2171 3080 in
2208 3044 2293 3083 me
2322 3032 2529 3087 redime
2558 3050 2664 3090 me.
2700 3036 2895 3096 Libera
2947 3060 3033 3099 me
3064 3050 3132 3103 ab
3175 3065 3412 3121 aperan-

157 3096 313 3164 ῥῦσαί
344 3114 414 3163 με
451 3100 519 3149 ἐκ
548 3098 660 3150 τῶν
690 3101 1080 3171 ἐργαζομένων
1124 3107 1222 3175 τὴν
1252 3110 1509 3178 ἀνομίαν,
1543 3114 1638 3164 καὶ
1669 3113 1731 3178 ἐξ

157 3188 357 3213 ;._:-.-.__
410 3191 657 3213 -ε--ι--.,.
700 3192 832 3213 -_~,_,
960 3212 967 3213 ,
1161 3198 1171 3213 .
1283 3201 1293 3213 .
1338 3202 1418 3213 ...-
1520 3205 1575 3213 -.
1670 3206 1679 3213 .

3065 3096 3128 3103 _-
3178 3096 3405 3121 -.μυ-,γ

1838 3115 1989 3170 tibus
2006 3117 2375 3188 iniquitatem,
2408 3133 2461 3179 et
2481 3126 2547 3179 de
2570 3129 2703 3184 viris
2720 3135 3047 3203 sanguinum
3062 3143 3211 3199 salva
3226 3161 3313 3203 me
3330 3149 3405 3213 ³,»

151 3188 357 3258 ἀνδρῶν
406 3191 657 3260 αἱμάτων
694 3192 865 3245 σῶσόν
908 3212 997 3263 με,
1028 3214 1045 3245 ι
1088 3198 1182 3249 καὶ
1238 3201 1306 3251 τὰ
1332 3202 1479 3268 ἐξῆς.
1514 3205 1577 3255 Οἱ
1624 3206 1731 3278 γὰρ

153 3281 397 3336 πλεῖστοι
420 3284 601 3340 αὐτῶν
630 3288 830 3359 νεαρᾶς
852 3288 1068 3361 ἡλικίας
1103 3285 1243 3364 ἦσαν
1276 3294 1729 3369 ἐκμεμαθηκότες

150 3376 271 3439 τοὺς
299 3379 577 3447 ψαλμοὺς.
614 3381 731 3433 Καὶ
765 3382 1087 3445 τελέσαντες
1126 3386 1227 3454 τὴν
1273 3390 1597 3457 νυκτερινὴν
1638 3391 1729 3440 εὐ-

150 3472 267 3538 χὴν,
300 3471 575 3538 ἐκάθηντο
622 3473 968 3544 ἐκδεχόμενοι
995 3476 1091 3546 τὴν
1122 3479 1272 3549 παρὰ
1304 3479 1397 3531 τοῦ
1430 3479 1566 3533 Θεοῦ
1602 3482 1727 3553 βοή-

147 3563 317 3618 θειαν.
386 3562 447 3614 Ὀ
499 3563 556 3613 δέ
610 3564 772 3628 δοῦξ,
807 3569 865 3617 ἐν
918 3570 1162 3636 φροντίδι
1219 3572 1531 3638 γενόμενος,
1596 3576 1727 3647 ποίᾳ

152 3652 391 3723 τιμωρία
446 3652 668 3706 κολάσει
712 3657 840 3719 τοὺς
888 3658 1099 3725 ἁγίους,
1134 3660 1339 3724 ἄϋπνος
1366 3664 1591 3718 διετέλει
1627 3670 1727 3738 τὴν

148 3744 337 3801 νύκτα.
394 3747 528 3816 Περὶ
574 3747 632 3800 δέ
690 3750 781 3803 τὸν
812 3748 1009 3819 ὄρθρον
1061 3752 1490 3821 ἀφυπνὼσαντος
1532 3759 1723 3827 αὐτοῦ,

148 3841 396 3909 παρέστη
441 3842 593 3909 αὐτῷ
636 3844 663 3895 ό
701 3844 964 3909 Σατανᾶς,
998 3848 1211 3915 λέγων·
1257 3851 1559 3920 Ἀνδρίζου,
1607 3856 1720 3907 Λυ-

149 3934 273 3985 σία’
330 3931 446 3998 ἐγὼ
500 3935 608 4003 γάρ
663 3936 775 4005 είμι
833 3940 861 3989 ὁ
924 3941 1271 4012 Ἀσκληπιὸς,
1338 3949 1419 4009 είς
1473 3948 1531 3999 δν
1593 3950 1721 4017 χθὲς

145 4022 359 4092 ὤμνυες
385 4039 399 4053 ⁸
435 4025 574 4079 ἀλλὰ
620 4029 862 4093 άναστὰς
893 4033 1208 4103 τιμώρησον
1249 4038 1371 4101 τοὺς
1402 4040 1722 4112 ἀνθρώπους

144 4117 405 4181 τούτουςσ
436 4116 585 4183 ἅπαξ
652 4123 760 4193 γὰρ
817 4125 1311 4199 βλασφημήσαντες
1360 4135 1454 4185 καὶ
1501 4135 1721 4205 ἐνυϐρίο

145 4226 335 4274 σαντες
387 4209 490 4264 οῦκ
528 4214 667 4265 είσιν
694 4213 833 4278 ἄξιοι
874 4218 972 4286 τῆς
1005 4222 1276 4290 ἡμετέρας
1312 4222 1566 4294 θεότητος
1590 4243 1605 4258 ·
1635 4227 1719 4292 ξέ-

144 4320 232 4357 σον
261 4301 357 4358 οὖν
379 4304 607 4367 αὐτούς’
637 4302 755 4359 οἰδα
797 4307 907 4379 γάρ
945 4311 1045 4380 τὴν
1092 4312 1345 4367 ἔνστασιν
1392 4319 1595 4386 αὐτῶν,
1637 4321 1718 4374 ὄτι

138 4394 257 4448 οὔτε
291 4395 515 4449 θύουσιν
542 4398 695 4467 ἡμῖν,
727 4398 851 4453 οῦτε
896 4404 1294 4472 προσκυνοῦσιν
1319 4422 1333 4437 ·
1395 4409 1569 4462 πολλὰ
1609 4412 1718 4480 γὰρ

1836 3219 1942 3263 etc.
1968 3211 2182 3283 Quippe
2218 3216 2439 3284 plurimi
2479 3220 2696 3275 illorum
2723 3227 2792 3279 ab
2829 3229 3055 3287 ineunte
3078 3246 3237 3293 aetate
3263 3211 3412 3311 psal-

1834 3315 1955 3360 mos
2013 3306 2439 3376 pertlidiceranl.
2486 3310 2781 3376 Nocturnis
2835 3325 3093 3395 precibus
3141 3306 3410 3394 absolutis

1834 3396 2123 3460 sedebant,
2174 3416 2557 3473 exspectantes
2606 3428 2635 3465 a
2690 3414 2799 3468 Deo
2853 3422 3141 3478 auxilium.
3182 3427 3251 3481 At
3273 3430 3404 3494 dux.

1832 3500 1963 3541 cura
1993 3489 2281 3548 confectus
2335 3512 2574 3567 quonam
2604 3502 2871 3575 supplicio
2894 3522 3115 3571 sanctos
3142 3517 3404 3582 alliceret.

1833 3590 2048 3633 noctem
2082 3587 2414 3656 transigebat
2443 3591 2729 3651 insomnis.
2756 3598 2861 3653 Sed
2893 3605 2983 3657 ubi
3017 3609 3121 3662 sub
3151 3626 3406 3668 auroram

1830 3672 2280 3743 obdormivisset,
2334 3680 2546 3738 adstitit
2610 3686 2744 3756 ipsis
2790 3692 3045 3763 Satanas,
3108 3718 3173 3757 ac
3235 3706 3402 3764 dixit:

1829 3761 2000 3818 Macte
2051 3768 2270 3832 animis,
2342 3772 2542 3843 Lysia:
2599 3794 2702 3851 ego
2760 3800 2998 3857 namque
3034 3761 3403 3870 EIsculapius

1828 3869 1973 3915 sum,
2002 3872 2102 3923 per
2130 3875 2293 3929 quem
2338 3863 2597 3922 hesterno
2643 3872 2731 3927 die
2780 3879 3003 3945 jurasti.
3052 3863 3303 3945 atstrato
3350 3902 3403 3946 te

1825 3948 2070 4017 proripe,
2101 3961 2157 4004 et
2187 3954 2308 4009 illos
2332 3956 2585 4016 homines
2622 3964 2831 4032 plecte:
2889 3986 3013 4027 nam
3062 3981 3231 4035 semel
3284 3982 3403 4038 blao

1826 4041 2096 4109 sphemiis
2124 4054 2179 4099 et
2207 4045 2425 4117 injuriis
2478 4054 2560 4105 usi
2609 4058 2897 4117 divinitate
2947 4081 3134 4123 nostra
3190 4072 3399 4146 indigni

1825 4145 1975 4189 Sillll.
2002 4136 2163 4192 Proin
2193 4140 2339 4193 caede
2394 4142 2551 4207 illos;
2616 4149 2730 4203 scio
2791 4154 2992 4223 quippe
3034 4136 3399 4227 pervicaciam

1825 4226 2089 4295 ipsorum,
2124 4230 2271 4297 quod
2307 4248 2408 4287 nec
2431 4237 2592 4290 nobis
2614 4241 2726 4295 sint
2749 4226 3133 4317 sacriﬁcaturi,
3158 4270 3258 4311 nec
3282 4259 3404 4315 cul-

1824 4327 1939 4372 tum
1979 4319 2236 4387 delaturi,
2262 4338 2385 4379 nam
2406 4327 2576 4382 multa
2607 4332 2896 4389 adversum
2941 4353 3028 4395 me
3058 4344 3319 4403 dixerunt
3343 4351 3399 4407 in

1822 4426 2067 4469 carcere.
2096 4415 2215 4471 Mox
2240 4433 2371 4488 ergo
2397 4423 2675 4480 corilracta
2710 4427 2950 4497 ipsorum
2993 4449 3115 4491 ossa
3165 4438 3397 4501 ﬂammis

139 4481 323 4548 ελεγον
372 4483 492 4534 κατ’
524 4486 661 4552 ἐμοῦ
694 4488 752 4539 ἐν
781 4491 847 4558 τῇ
884 4490 1127 4560 φυλακῇ.
1160 4494 1335 4558 Εὐθὺς
1360 4496 1476 4562 οῦν,
1506 4501 1713 4564 κλάσας

1838 4505 2104 4568 :ombure,
2134 4518 2192 4562 et
2212 4509 2434 4565 ﬂuvium
2462 4513 2661 4584 Lycum
2688 4518 2926 4587 inquire,
2948 4534 3004 4579 et
3036 4527 3110 4581 ibi
3133 4530 3249 4586 hac
3279 4534 3398 4592 dis-

138 4572 315 4625 αὐτῶν
342 4576 413 4629 τά
450 4576 607 4645 ὀστᾶ,
644 4580 850 4633 καῦσον
886 4584 1025 4637 αὐτὰ
1060 4589 1213 4656 πυρὶ,
1249 4592 1343 4642 καὶ
1384 4594 1714 4665 ἐπιζήτησον

136 4665 224 4718 τὸν
261 4666 447 4721 Λύκον
481 4670 749 4739 ποταμὸν,
803 4673 896 4726 καὶ
943 4676 1061 4731 ἐκεῖ
1096 4678 1239 4732 αὐτὰ
1279 4681 1579 4736 ἁπόλεσον·
1623 4702 1717 4753 φο-

134 4758 335 4831 ϐοῦμαι
362 4762 475 4831 γάρ
503 4765 577 4833 μή
614 4783 751 4830 πως,
784 4768 880 4820 ἐὰν
905 4769 1142 4840 εῦρωσιν
1174 4774 1314 4827 αὐτὰ
1352 4775 1400 4829 oi
1445 4777 1715 4848 Χριστια-

133 4854 229 4916 νοὶ,
269 4856 738 4926 οἰκοδομήσαντες
781 4866 964 4927 οὶκους
1019 4865 1292 4934 μεγάλους
1345 4870 1436 4922 καὶ
1474 4887 1709 4941 περιφα-

132 4946 257 5009 νιῖς,
304 4946 427 4997 ἐκεῖ
450 4947 651 5012 αὐτοὺς
685 4952 1081 5022 κατορύξωσιν,
1127 4959 1414 5021 κάκείνους
1455 4962 1708 5023 σέϐοντες

132 5040 221 5091 καί
250 5036 546 5108 τιμῶντες,
586 5043 686 5111 ἐμὲ
718 5041 1181 5108 ἐξουθενίσουσιν’
1220 5050 1423 5123 σπονδῇ
1468 5049 1563 5107 οῦν
1606 5056 1711 5108 άπ-

129 5132 311 5186 όλεσον
332 5130 554 5193 αὐτούς.

192 5222 295 5275 ll".
342 5222 613 5287 ’Δναστὰς
653 5219 748 5277 οῦν
783 5228 811 5278 ὁ
856 5226 984 5294 δουξ
1017 5229 1077 5282 τδ
1107 5230 1254 5300 πρωῒ
1303 5234 1441 5302 μετὰ
1476 5238 1711 5308 σπουδῆς

130 5314 326 5383 πολλῆς
377 5318 474 5368 καὶ
527 5318 854 5385 φαντασίας,
900 5323 995 5374 καὶ
1038 5321 1280 5395 πλήθους
1331 5330 1708 5396 στρατιωτῶν.

127 5411 213 5460 καὶ
247 5408 495 5475 ἐξελθὼν
534 5409 641 5474 ἔξω
666 5412 768 5481 τῆς
800 5414 1009 5479 πόλεως
1047 5416 1124 5481 ὡς
1158 5419 1267 5471 ἀπὸ
1308 5419 1572 5491 βημάτων
1607 5419 1704 5493 ρν’,

130 5503 213 5555 καὶ
248 5503 430 5569 εὑρὼν
460 5506 631 5558 τόπον
676 5505 1031 5580 ὑψηλότερον,
1075 5511 1311 5577 καθίσας
1353 5517 1444 5569 ἐπὶ
1478 5516 1570 5569 τοῦ
1605 5517 1701 5587 βή-

160 5664 179 5695 ⁸
213 5665 355 5721 Psal.
398 5682 557 5732 um,
614 5667 759 5739 LM,
802 5670 857 5726 5.

1821 4597 2011 4665 perde.
2051 4599 2119 4654 At
2153 4600 2301 4656 enim
2329 4618 2543 4668 vereor,
2572 4623 2662 4671 ne,
2697 4610 2741 4664 si
2762 4609 3059 4674 Christiani
3090 4621 3393 4692 inveniant,

1820 4690 1914 4760 qui
1949 4690 2144 4747 domos
2169 4710 2390 4765 magnas
2422 4698 2767 4756 mdiﬁcarunt
2798 4716 2852 4758 et
2879 4707 3143 4776 illustres,
3189 4690 3395 4774 ibidem

1819 4796 1916 4835 eos
1946 4782 2251 4852 defodiant,
2286 4788 2522 4861 illosque
2576 4800 2887 4854 reverentia
2915 4812 2970 4857 et
3008 4804 3218 4862 honore
3271 4826 3397 4881 per-

1818 4889 2115 4946 sequentes
2150 4895 2233 4935 me
2262 4886 2619 4951 pessumdeut
2646 4904 2660 4940 :
2687 4892 2858 4958 perde
2891 4894 3073 4965 itaque
3098 4900 3247 4968 ipsos
3274 4906 3394 4961 sine

1820 4983 1994 5022 mora.

1882 5236 2021 5293 XIII.
2073 5239 2189 5293 Dux
2240 5238 2421 5309 itaque
2472 5256 2594 5297 cum
2628 5260 2786 5302 mane
2832 5253 3162 5309 surrexisset
3218 5260 3386 5315 multa

1808 5347 1934 5386 cum
2006 5333 2382 5397 festinatione,
2462 5335 2694 5394 visionis
2754 5341 2991 5412 imagine
3028 5360 3093 5400 ac
3146 5348 3383 5405 militum

1811 5426 2188 5491 multitudine,
2220 5439 2385 5500 atque
2404 5446 2661 5502 egressus
2710 5442 2859 5488 esset
2911 5445 3059 5491 extra
3104 5439 3383 5495 civitatem

1810 5519 1963 5585 quasi
1992 5515 2059 5571 ad
2108 5522 2343 5591 spatium
2368 5538 2625 5593 passuum
2654 5535 2876 5581 centum
2906 5538 2961 5583 et
2990 5530 3387 5602 quinquaginta

188 5828 260 5893 Β)
304 5827 411 5881 νος
474 5828 581 5881 ista
652 5828 923 5897 signiﬁcat
1001 5834 1408 5899 operimentum
1467 5835 1695 5904 rapitis,
1740 5840 1971 5894 maxime
2000 5841 2349 5905 feminarum,
2388 5843 2454 5898 de
2488 5863 2589 5913 qua
2621 5846 2877 5916 Cangius.
