3966 6482
580 418 684 482 335

1880 420 2167 481 MENSIS
2203 422 2499 486 IULIUS.

3731 435 3827 500 336

578 537 872 600 lucumque
906 530 1282 586 sublimiorem
1338 531 1662 597 invenisset,
1689 532 1888 587 sedens
1940 535 1993 592 in
2062 536 2128 589 tri

2269 555 2457 606 ματος,
2517 539 2808 594 ἐκέλευσεν
2854 541 3085 611 ἀχθῆναι
3147 544 3274 608 τοὺς
3335 544 3568 613 ἁγίους·
3628 549 3722 599 καὶ
3786 553 3830 600 oi

575 625 785 689 bunali,
822 637 1042 682 sanctos
1090 628 1301 682 accersi
1354 628 1542 697 jussit.
1576 628 1687 680 Nec
1731 644 1879 681 mora
1907 646 1918 680 :
1949 630 2151 684 milites

571 721 849 789 ejererunt
879 720 1043 788 ipsos,
1084 735 1147 773 ac
1207 720 1419 775 vinctos
1455 720 1737 775 stiterunt.
1794 720 1905 774 Dux
1965 731 2146 776 autem

574 812 681 864 liso
706 812 902 865 obtutu
931 811 1054 865 illos
1079 826 1387 880 pererrans.
1415 812 1498 865 sic
1537 811 1685 865 fatur
1715 829 1727 864 :
1763 812 1925 865 Scitis
1950 828 2148 881 peper-

569 907 714 961 cisse
744 922 833 960 me
862 907 1019 961 vobis
1051 905 1197 971 heri,
1232 921 1301 959 ne
1343 908 1639 960 tormentis
1668 904 2150 969 crnciaremiui,et

570 999 623 1052 in
666 999 995 1053 hodiernum
1025 1012 1198 1067 usque
1228 995 1373 1051 diem
1400 996 1731 1057 connivisse.
1768 1007 1827 1049 ut
1860 995 2023 1050 hodie
2039 994 2148 1050 diis

565 1090 962 1152 sacriﬁcantes,
1007 1088 1435 1157 imperatoribus
1469 1087 1611 1143 fialis
1644 1086 1827 1149 amici,
1854 1095 1910 1141 et
1962 1087 2143 1151 nobis;

564 1194 619 1240 et
650 1192 937 1253 postquam
973 1190 1217 1237 vestrum
1249 1179 1484 1250 quilibet
1512 1178 1909 1235 sacriﬁcaverit
1942 1178 2009 1233 ad
2041 1179 2148 1233 du-

563 1287 757 1331 centes
790 1290 991 1331 aureos
1011 1274 1268 1345 accipiat,
1298 1283 1591 1343 vestesque
1621 1282 1677 1328 et
1723 1273 1868 1326 dona
1901 1272 2008 1325 alia
2044 1272 2147 1325 im-

562 1369 861 1440 peratoria.
906 1367 1045 1423 Ecce
1070 1367 1244 1432 enim,
1269 1367 1563 1437 plerosque
1592 1373 1835 1420 vestrum
1872 1363 2145 1419 sacriﬁca-

561 1476 620 1514 re
659 1462 795 1513 velle
827 1457 1017 1524 video;
1052 1458 1096 1513 si
1122 1474 1252 1528 ergo
1303 1472 1511 1512 morem
1568 1456 1704 1511 mibi
1763 1455 1988 1525 geratis,
2019 1468 2147 1509 mox

560 1553 879 1607 tauroshuc
900 1549 1100 1610 adduci
1128 1548 1403 1611 mandavi,
1431 1556 1490 1602 ut
1510 1547 1619 1602 diis
1643 1547 1960 1608 immoletis.
1985 1561 2149 1616 pran-

558 1645 712 1699 dium
745 1643 903 1698 vobis
958 1652 1206 1713 paretur,
1265 1648 1323 1695 et
1407 1639 1553 1695 inter
1610 1637 1803 1708 epulas
1858 1636 2147 1707 splendida

556 1751 781 1807 quoque
812 1734 1101 1803 accipiatis
1128 1733 1290 1787 dona.
1327 1729 1423 1785 Sin
1466 1728 1695 1784 obedire
1749 1728 2040 1790 recusatis,
2076 1724 2142 1781 ad

555 1828 705 1882 aliud
735 1826 1134 1881 tormentorum
1157 1837 1353 1893 genus,
1386 1818 1685 1890 procedere
1704 1826 1943 1888 oportet.
1974 1816 2141 1872 Proin

2259 630 2596 699 στρατιῶται
2626 632 2687 684 τὸ
2714 634 2875 701 τάχος
2906 634 3227 699 ἐκϐαλόντες
3259 638 3454 699 αὐτοὺς
3483 636 3831 709 παρέστησαν

2252 720 2592 791 δεδεμένους.
2631 726 2740 779 Καὶ
2790 727 3042 790 ἀτενίσας
3074 729 3153 791 εἰς
3185 730 3382 794 αὐτοὺς
3408 732 3436 783 ό
3466 730 3609 797 δοὺξ,
3638 729 3825 785 εἶπεν·

2252 814 2468 877 Οἴδατε,
2521 815 2604 868 ὅτι
2663 816 2810 886 χθὲς,
2846 820 3176 887 φεισάμενος
3224 824 3382 893 ἡμῶν
3417 821 3512 876 τοῦ
3549 825 3621 895 μὴ
3652 841 3828 895 προσ-

2256 908 2414 975 άγειν
2462 910 2593 977 ὑμῖν
2628 911 2918 980 βασάνους,
2955 918 3036 978 είς
3078 918 3178 987 τὴν
3217 920 3459 986 σήμερον
3500 918 3832 983 έταμιευσάο

2262 1015 2394 1068 μην,
2437 1001 2523 1053 ἴνα
2558 1000 2657 1072 τὴν
2691 1004 2933 1075 σήμερον
2985 1005 3250 1069 θύσαντες
3304 1009 3418 1070 τοῖς
3464 1006 3629 1071 θεοῖς,
3685 1008 3831 1076 φίλοι

2255 1091 2489 1160 γένησθε
2530 1096 2640 1146 τῶν
2677 1095 3095 1168 αὐτοκρατόρων
3134 1102 3229 1154 καὶ
3277 1100 3457 1171 ἡμῶν,
3512 1101 3603 1152 καὶ
3660 1099 3831 1160 θύσας

2251 1182 2477 1245 ἕκαστος
2507 1184 2662 1255 ὑμῶν
2694 1185 2835 1257 λάϐῃ
2876 1189 3012 1257 πρὸς
3049 1187 3092 1241 σ¹
3129 1190 3391 1259 χρυσοῦς,
3435 1192 3530 1243 καὶ
3564 1190 3826 1259 ἐσθῆτας,

2250 1275 2346 1326 καὶ
2380 1273 2546 1335 ἄλλας
2594 1276 2806 1346 δωρεὰς
2850 1278 3135 1348 βασιλικάς
3161 1297 3173 1309 ο
3222 1281 3331 1334 ίδοὺ
3377 1284 3506 1351 γὰρ,
3542 1283 3655 1353 6ρῶ
3699 1283 3829 1345 τοὺς

2250 1363 2539 1427 πλείστους
2571 1366 2724 1434 ὑμῶν
2755 1366 3009 1433 θέλοντας
3045 1369 3226 1426 θῦσαι.
3271 1371 3395 1424 Ἐὰν
3426 1368 3519 1425 οὖν
3559 1373 3826 1443 πεισθῆτέ

2253 1470 2362 1521 μοι,
2420 1455 2674 1509 ἐντεῦθεν
2717 1458 2816 1528 ήδη
2859 1460 3121 1516 ἐκέλευσα
3166 1460 3400 1532 ἀχθῆναι
3444 1462 3699 1534 ταύρους,
3741 1465 3829 1517 ἵνα

2250 1545 2452 1616 θύσητε
2484 1551 2596 1612 τοῖς
2619 1549 2781 1615 θεοῖς,
2816 1554 2911 1604 καὶ
2949 1555 3173 1625 γένηται
3206 1556 3335 1624 ὑμῖν
3366 1555 3611 1625 ἄριστον,
3636 1557 3736 1611 καὶ
3771 1560 3831 1610 ἐν

2248 1642 2315 1709 τῇ
2375 1641 2582 1712 εὐωχίᾳ
2636 1641 2873 1713 λήψεσθε
2938 1648 3031 1698 καὶ
3093 1646 3192 1708 τὰς
3252 1647 3467 1715 δωρεὰς
3531 1647 3817 1720 λαμπράς.

2261 1731 2386 1785 Ἐὰν
2430 1733 2488 1785 δὲ
2538 1733 2613 1804 μὴ
2662 1736 2922 1806 πεισθῆτέ
2977 1755 3091 1805 μοι,
3143 1737 3359 1808 ἀνάγκη
3394 1737 3488 1790 ἐπὶ
3533 1739 3594 1792 τὸ
3637 1741 3830 1809 ἕτερον

2247 1818 2387 1886 εἶδος
2424 1823 2530 1876 τῶν
2565 1824 2819 1895 βασάνων
2848 1827 3044 1883 ἐλθεῖν.
3089 1831 3402 1898 Παρακαλῶ
3434 1827 3527 1883 οῦν
3561 1832 3705 1901 ὑμᾶς
3747 1835 3827 1903 μὴ

556 1929 749 1977 auctor
770 1917 925 1973 vobis
948 1932 1068 1972 sum
1098 1930 1167 1970 ne
1186 1915 1518 1969 dulcissimae
1544 1910 1687 1966 lucis
1718 1923 1885 1963 usura
1914 1906 2129 1978 privari1

2249 1915 2579 1986 στερηθῆναι
2608 1917 2703 1971 τοῦ
2735 1919 3073 1987 γλυκυτάτου
3104 1924 3300 1990 φωτὸς,
3320 1923 3455 1994 μηδὲ
3482 1923 3828 1994 χωρισθῆναι

556 2030 625 2069 ne
654 2014 725 2069 ab
754 2012 1018 2068 uxoribus
1046 2020 1102 2065 et
1136 2009 1328 2064 liberis
1348 2016 1404 2062 et
1427 2005 1621 2062 amicis
1640 2003 1887 2073 separari
1921 2016 2019 2055 vos
2043 2015 2134 2070 pa-

558 2107 813 2168 tiamini;
848 2104 945 2161 sed
975 2102 1305 2159 sacriﬁcium
1346 2098 1618 2163 oﬂeratis,
1645 2103 1724 2157 et.
1766 2094 1854 2149 cui
1914 2092 2141 2151 libuerit

554 2196 681 2259 deo,
722 2199 851 2251 rhus
877 2196 1162 2251 adoleatis.

625 2290 764 2345 XIV.
809 2289 963 2343 Tunc
1000 2303 1111 2342 uno
1147 2284 1300 2356 quasi
1335 2299 1401 2340 ex
1451 2298 1547 2338 ore
1587 2282 1764 2338 sancti
1823 2279 2085 2335 dixerunt
2120 2294 2135 2332 :

554 2386 862 2440 Anathema
901 2380 1024 2444 tibi,
1063 2390 1317 2450 tyranne,
1359 2390 1665 2445 congruum
1706 2374 1876 2427 furori
1911 2379 2010 2425 tuo
2042 2386 2136 2425 co-

554 2486 913 2547 gnomentum
940 2474 1169 2537 sortite;
1196 2472 1357 2542 jubes
1378 2469 1525 2523 enim
1569 2482 1671 2522 nos
1696 2483 1723 2520 a
1748 2466 1859 2520 Deo
1916 2464 2136 2518 vivente

553 2568 811 2628 deﬁcere,
846 2578 900 2620 et
925 2564 1155 2635 impuris
1178 2574 1236 2619 et
1266 2560 1651 2617 abominandis
1683 2556 2025 2613 daemonibus
2046 2572 2135 2610 sa-

554 2662 820 2717 criﬁcare.
845 2662 1136 2716 Enimvero
1159 2665 1213 2711 et
1240 2656 1648 2713 indumentum,
1668 2659 1721 2705 et
1746 2650 1927 2713 cibus,
1956 2658 2011 2703 et
2037 2661 2133 2717 po-

555 2766 667 2820 tus,
698 2765 757 2811 et
785 2756 1101 2813 thesaurus,
1123 2758 1179 2803 et
1213 2756 1391 2818 pater,
1423 2754 1478 2799 et
1499 2746 1736 2809 amicus,
1756 2753 1813 2797 et
1842 2743 2012 2796 frater
2033 2756 2132 2794 no—

553 2848 638 2904 bis
667 2856 749 2902 est
785 2847 1048 2901 Dominus
1073 2854 1259 2898 noster
1284 2840 1445 2895 Jesus
1477 2837 1753 2896 Chrisms,
1788 2835 1881 2906 qui
1908 2849 2007 2887 nos
2036 2848 2134 2886 vo-

554 2942 719 2996 cavit.
754 2939 868 2993 Dux
901 2937 1034 2990 dicit
1070 2954 1081 2988 :
1122 2935 1437 2989 Etiamnum
1478 2931 1635 2984 vobis
1674 2942 1840 2998 parco
1870 2926 1952 2979 vel
1985 2925 2129 2995 iniu-

556 3033 636 3085 ria
680 3028 987 3089 lacessitus,
1046 3040 1172 3079 nam
1228 3035 1282 3077 ct
1335 3024 1637 3076 amicorum
1685 3020 1827 3074 ferre
1878 3018 2131 3073 defectus

550 3130 912 3191 :Pqnnmcst;
961 3117 1279 3184 relictisque
1332 3113 1610 3173 omnibus,
1656 3120 1846 3165 sancto
1896 3108 2130 3161 Leontio

2246 2011 2521 2077 γυναικῶν
2549 2014 2643 2065 καὶ
2678 2014 2927 2079 παιδίων,
2966 2018 3060 2069 καὶ
3094 2019 3283 2085 φίλων,
3322 2018 3457 2073 ἀλλὰ
3498 2017 3680 2081 θῦσαι,
3727 2020 3829 2072 καὶ

2243 2104 2513 2175 θυμιάσαι
2536 2105 2754 2160 λίϐανον
2779 2109 2875 2179 οἴῳ
2906 2107 3161 2178 βούλεσθε
3190 2109 3320 2180 θεῷ.

2310 2287 2409 2340 lA'.
2450 2286 2584 2339 Τότε
2639 2289 2839 2351 πάντες
2876 2288 2923 2339 οί
2972 2289 3116 2356 ἅγιοι
3166 2289 3240 2349 ὠς
3285 2289 3344 2354 ἐξ
3390 2289 3508 2353 ἐνὸς
3548 2306 3826 2359 στοματος

2238 2373 2423 2430 εἷπον·
2461 2377 2738 2448 Ἀνὰθεμά
2781 2397 2883 2443 σοι,
2932 2380 3185 2448 τύραννε,
3218 2381 3315 2447 τῆς
3357 2381 3566 2442 οἰκείας
3610 2381 3826 2449 λύσσης

2239 2470 2495 2541 ἐπώνυμε
2520 2490 2532 2502 ·
2572 2472 2812 2534 κελεύεις
2852 2475 2998 2541 ἡμᾶς
3038 2473 3344 2542 ἀποστῆναι
3373 2472 3480 2524 ἀπὸ
3508 2467 3645 2524 Θεοῦ
3679 2472 3823 2535 ζῶν-

2234 2579 2346 2625 τος,
2377 2565 2471 2616 καὶ
2503 2562 2665 2617 θῦσαι
2696 2564 2948 2633 δαίμοσιν
2984 2564 3319 2633 ἀκαθάρτοις
3349 2565 3443 2617 καὶ
3479 2562 3822 2633 βδελυκτοῖς-

2235 2657 2369 2724 ἡμῖν
2423 2656 2533 2725 γάρ
2590 2658 2683 2709 καὶ
2726 2656 2951 2723 ἔνδυμα.
2986 2658 3081 2709 καὶ
3116 2656 3320 2725 βρῶσις
3366 2658 3462 2709 καὶ
3508 2660 3690 2720 πόσις,
3723 2657 3825 2708 καὶ

2236 2747 2531 2818 θησαυρὸς,
2588 2748 2681 2799 καὶ
2733 2749 2937 2814 πατὴρ,
2995 2749 3086 2797 καὶ
3136 2748 3305 2813 φίλος,
3360 2751 3452 2800 καὶ
3507 2748 3756 2816 ἀδελφὸς,
3792 2752 3824 2801 ὁ

2236 2842 2439 2910 Κύριος
2503 2841 2660 2910 ἡμῶν
2731 2839 2934 2911 Ἰησοῦς
3001 2840 3236 2910 Χριστός
3298 2842 3448 2893 ἐστιν
3504 2843 3532 2893 ὁ
3577 2842 3823 2903 καλέσας

2232 2935 2403 3004 ἡμᾶς.
2473 2935 2533 2986 '0
2584 2931 2712 2995 δοὺξ
2770 2933 2954 3000 λέγει·
3022 2933 3143 2985 Ἔτι
3203 2931 3356 3000 ὑμῶν
3410 2932 3661 3000 φείδομαι
3721 2934 3822 2985 καὶ

2234 3026 2591 3093 ὑϐριζόμενος
2616 3042 2628 3055 ·
2669 3026 2879 3078 δίκαιον
2942 3026 3049 3095 γάρ
3097 3028 3214 3078 ἐστι
3265 3028 3357 3079 καὶ
3392 3026 3458 3079 τὰ
3492 3026 3599 3080 τῶν
3641 3027 3821 3095 φίλων

2235 3118 2593 3186 ἐλαττώματα
2647 3116 2971 3186 βαστάζειν·
3032 3120 3125 3171 καὶ
3194 3117 3511 3173 καταλιπὼν
3575 3121 3818 3184 πάντας,

550 3215 689 3268 dixit
713 3255 720 3264 .
747 3212 864 3269 l’ra:
892 3211 1118 3281 reliquis
1144 3208 1403 3279 mysteria
1422 3204 1709 3277 gentilium
1736 3200 1907 3272 probe
1928 3198 2127 3253 callere

2238 3208 2383 3277 λέγει
2415 3210 2492 3280 τῷ
2527 3209 2667 3279 ἁγίῳ
2701 3212 2937 3279 Λεοντίῳ
2959 3229 2970 3241 ·
3014 3210 3158 3281 Ὀρῶ
3198 3228 3256 3263 σε
3292 3212 3495 3280 μᾶλλον
3542 3211 3604 3264 εὖ
3630 3212 3820 3265 εἰδότα

553 3314 604 3357 te
637 3304 817 3365 video,
850 3302 1007 3372 plane
1052 3317 1079 3354 a
1122 3314 1296 3370 puero
1333 3298 1526 3352 iisdem
1595 3293 1931 3348 institutum.
1983 3289 2122 3356 Quid

548 3392 1198 3465 ergoiQnandoquidem
1260 3388 1496 3458 Jupiter,
1523 3387 1717 3455 Apollo
1764 3393 1820 3438 et
1874 3383 2125 3438 Aiscula-

550 3489 676 3557 pius
704 3488 776 3542 dii
815 3486 912 3539 tibi
938 3500 1058 3540 esse
1094 3498 1201 3537 non
1220 3482 1501 3545 videntur;
1522 3479 1780 3548 Neptuno
1810 3487 1904 3530 aut
1939 3476 2124 3530 Dianae

548 3580 786 3634 hostiam
844 3578 1017 3630 litate.
1078 3574 1312 3628 Sanctus
1360 3570 1626 3625 Leontius
1665 3569 1836 3622 dicit:
1888 3566 2121 3626 Erratis.

548 3674 680 3727 dum
719 3684 814 3722 eos
843 3668 1027 3722 dicitis
1051 3680 1172 3719 esse
1199 3664 1352 3718 deos.
1372 3661 1442 3716 At
1464 3662 1608 3716 enim
1642 3657 1976 3712 immortales
2022 3654 2122 3707 lio-

550 3762 759 3815 mitium
789 3772 1000 3813 mentes
1032 3756 1139 3808 diis
1165 3754 1489 3807 mortalibus
1514 3758 1810 3818 praestant;
1844 3748 2048 3801 etenim
2075 3745 2120 3799 si

548 3874 579 3907 ιε
641 3853 780 3905 crelo
834 3860 889 3902 et
918 3859 1061 3903 terra
1109 3847 1338 3901 deorum
1376 3853 1689 3898 vestrorum
1728 3854 1847 3893 esse
1896 3852 2123 3907 genera-

548 3947 749 3999 tionem
785 3945 1001 4007 dicunt,
1032 3941 1341 4009 coelumque
1395 3952 1459 3992 ac
1512 3945 1657 3990 terra
1705 3932 1941 3988 obnoxia
1991 3935 2122 3983 sunt

546 4036 887 4103 corruptioni
916 4034 1227 4097 elementa;
1266 4044 1514 4101 prorsus,
1547 4028 1806 4099 quoniam
1843 4023 2121 4096 genitores

546 4144 677 4183 suos
701 4128 989 4181 imitantur
1019 4124 1138 4188 lilii,
1168 4132 1603 4192 corrumpuntur
1635 4121 1761 4189 ipsi,
1796 4126 1855 4171 ut
1907 4116 2119 4188 genito-

546 4240 654 4278 res.
688 4222 806 4277 Jam
831 4236 959 4275 vero
984 4221 1026 4273 si
1054 4216 1397 4287 corruptioni
1439 4214 1663 4270 obnoxii
1698 4219 1846 4278 sunt,
1889 4223 2122 4281 quomo-

545 4317 616 4370 do
641 4316 713 4368 dii
744 4312 1127 4383 appellantur?
1156 4311 1279 4367 Etsi
1299 4318 1513 4364 mentes
1540 4307 1847 4367 hominum,
1880 4302 2121 4358 vinculis

545 4407 827 4475 corporeis
860 4405 1071 4466 solutae,
1125 4417 1234 4455 non
1289 4402 1567 4454 sustinent
1625 4410 1969 4468 permanere,
1995 4407 2117 4445 cum

545 4512 748 4569 corpus
794 4511 903 4550 non
936 4494 1171 4557 exsistit,
1202 4500 1259 4547 at
1290 4492 1540 4546 divinum
1596 4489 1889 4559 quemdam
1933 4486 2113 4540 locum

2234 3301 2302 3355 τὰ
2338 3302 2445 3354 τῶν
2488 3302 2759 3371 Ἑλλήνων
2792 3304 3089 3371 μυστήρια,
3117 3305 3335 3363 πάντως
3385 3305 3468 3354 ὅτι
3512 3303 3577 3355 ὲκ
3618 3304 3818 3367 παιδὸς

2232 3393 2500 3461 ἐμυήθης.
2572 3392 2637 3443 Τί
2702 3387 2840 3453 οὖν;
2895 3392 3084 3460 ἐπειδὴ
3135 3392 3195 3444 ού
3256 3392 3475 3445 δοκοῦσί
3524 3410 3603 3445 σοι
3665 3390 3819 3449 εἶναι

2234 3483 2349 3535 θεολ⁸
2384 3482 2516 3543 Ζεὺς
2549 3484 2642 3534 καὶ
2681 3482 2953 3534 Ἀπόλλων
3000 3484 3093 3535 καὶ
3132 3483 3494 3553 ’Λσκληπιὸς,
3543 3484 3813 3540 καθίσατε

2232 3573 2309 3643 τῷ
2341 3572 2651 3636 Ποσειδῶνι,
2684 3573 2717 3643 ἦ
2750 3576 2816 3643 τῇ
2858 3574 3151 3643 Ἀρτέμιδι.
3182 3574 3238 3628 Ὀ
3260 3574 3413 3642 ἅγιος
3440 3577 3690 3641 Λεόντιος
3712 3578 3813 3634 λέ-

2232 3681 2345 3733 γει’
2378 3664 2753 3733 Πεπλάνησθε,
2790 3664 2944 3727 θεοὺς
2986 3666 3211 3729 τούτους
3234 3668 3485 3734 λέγοντες
3506 3670 3704 3722 ’ὁπότε
3746 3675 3810 3724 αἱ

2228 3759 2398 3825 ψυχαὶ
2443 3758 2549 3809 τῶν
2581 3756 2883 3823 ἀνθρώπων
2914 3757 3173 3809 ἀθάνατοι
3198 3757 3375 3822 οὖσαι,
3410 3760 3693 3827 κρείττους
3725 3765 3813 3813 εἰ-

2232 3853 2283 3897 σι
2321 3846 2427 3897 τῶν
2476 3846 2613 3897 θεῶν
2644 3846 2750 3896 τῶν
2787 3845 3016 3914 θνητῶν.
3067 3847 3129 3899 Et
3182 3846 3291 3918 γὰρ
3340 3848 3398 3916 ἐξ
3439 3848 3672 3920 ούρανοῦ
3705 3852 3811 3905 καὶ

2230 3937 2334 4007 γῆς
2387 3936 2633 4005 λέγουσιν
2673 3934 2811 3990 εἶναι
2869 3939 2965 4008 τὴν
3015 3939 3267 4009 γέννησιν
3300 3940 3409 3994 τῶν
3451 3940 3585 3996 θεῶν
3621 3942 3808 4011 ὑμῶν,

2227 4032 2455 4103 οὐρανὸς
2490 4030 2547 4084 δὲ
2596 4032 2690 4082 καὶ
2731 4032 2802 4100 γῆ
2834 4033 3046 4101 φθαρτὰ
3081 4036 3321 4103 στοιχεῖὰ
3360 4038 3501 4087 εἰσι·
3560 4037 3811 4102 πάντως,

2227 4123 2311 4174 ὃτι
2367 4122 2460 4172 καὶ
2502 4121 2568 4172 τὰ
2615 4122 2780 4174 τέκνα
2830 4125 3123 4192 μιμοῦνται
3173 4128 3299 4190 τοὺς
3343 4132 3653 4197 γενήτορας,
3709 4134 3811 4184 καὶ

2229 4213 2541 4283 φθείρονται
2596 4217 2685 4268 καὶ
2752 4217 2940 4283 αὐτοὶ,
2998 4217 3074 4281 ὡς
3125 4219 3176 4271 οί
3228 4223 3441 4287 γονεῖς·
3509 4221 3557 4271 εί
3598 4221 3654 4272 δέ
3694 4225 3813 4278 εἰσι

2228 4308 2475 4375 φθαρτοὶ,
2509 4308 2623 4370 πῶς
2650 4308 3006 4378 ὀνομάζονται
3037 4311 3174 4375 Osci;
3203 4312 3308 4363 Καὶ
3338 4313 3385 4363 εί
3417 4312 3473 4364 αί
3497 4311 3665 4383 ψυχαὶ
3696 4315 3810 4369 τῶν

2226 4397 2552 4467 ἀνθρώπων,
2575 4398 2978 4467 άποσπώμεναι
3020 4399 3128 4451 τῶν
3178 4405 3466 4473 σωμάτων,
3501 4406 3600 4457 οὐκ
3631 4408 3813 4457 ἐπανο

2227 4489 2439 4557 ἔχονται
2474 4489 2545 4548 ὡς
2576 4489 2648 4559 μὴ
2679 4490 2927 4558 σώματος
2959 4492 3315 4561 παραμένειν,
3347 4494 3483 4548 ἀλλὰ
3509 4514 3629 4549 τινα
3659 4497 3808 4555 θεῖον

544 4599 852 4653 occupant;
887 4588 1037 4641 diine
1068 4596 1228 4641 erant
1256 4586 1311 4638 hi
1342 4586 1433 4654 qui
1476 4591 1725 4652 quaerunt
1762 4597 1824 4635 ea
1854 4596 1975 4649 qua:
2027 4580 2121 4631 lio-

2238 4583 2389 4632 ιοττον
2417 4578 2951 4650 καταλαμϐάνουσιν,
2978 4585 3026 4634 εί
3060 4586 3171 4637 θεοὶ
3203 4583 3343 4655 ἦσαν
3372 4590 3592 4653 ἐκεῖνοι,
3625 4592 3674 4641 οἱ
3708 4594 3809 4662 ζη-

545 4682 756 4736 minum
786 4688 998 4734 mentes
1024 4678 1290 4742 oderunt,
1322 4687 1377 4731 et
1409 4690 1657 4730 venereae
1690 4673 1938 4727 libidinis
1990 4687 2121 4741 pru-

543 4775 653 4827 ritu
690 4770 962 4840 gaudent?
1008 4769 1195 4837 Itaque
1234 4770 1277 4822 si
1333 4769 1620 4837 quisquam
1654 4766 1852 4820 audeat
1885 4762 2069 4816 dicere
2102 4778 2115 4813 :

544 4866 692 4922 Deus
719 4879 820 4936 ego
859 4877 1002 4926 sum,
1038 4868 1235 4932 praeter
1271 4874 1440 4915 unum
1506 4859 1797 4913 Dominum
1867 4863 2115 4909 nostrum

541 4956 731 5014 Jesum
767 4954 1070 5020 Christum,
1116 4954 1283 5008 alium
1312 4967 1529 5021 quoque
1562 4949 1827 5004 mundum
1865 4948 1954 5001 ille
1981 4961 2115 5000 con-

542 5052 657 5114 dat,
678 5051 932 5119 dicatque
969 5064 982 5101 :
1014 5049 1173 5100 Hunc
1200 5061 1300 5113 ego
1331 5044 1594 5098 mundum
1627 5042 1869 5105 condidi,
1900 5056 1963 5095 ac
2004 5050 2114 5093 tum

543 5145 764 5199 demum
792 5144 935 5197 Deus
963 5149 1333 5208 nuncupatur,
1374 5139 1421 5191 is
1454 5136 1598 5191 enim
1644 5135 1861 5190 Domini
1910 5150 1973 5190 ac
2024 5149 2115 5188 re-

543 5238 625 5305 gis
652 5234 823 5289 nostri
849 5232 979 5289 Jesu
1007 5230 1213 5285 Christi
1246 5244 1340 5283 ars
1370 5238 1426 5285 et
1452 5228 1733 5299 apilicium
1760 5236 1866 5281 est.

612 5410 729 5470 XV.
769 5408 1001 5464 Sanctus
1060 5406 1322 5461 Leontius
1374 5406 1573 5458 iratum
1623 5419 1685 5457 ac
1730 5403 2112 5473 perturbatum

542 5504 895 5571 conspicatus
940 5498 1137 5552 ducem
1200 5500 1278 5551 sic
1332 5494 1562 5551 inﬁt:0
1608 5494 1737 5557 dux,
1785 5497 1909 5549 audi
1956 5511 2114 5567 teque

543 5594 725 5647 animo
753 5608 764 5643 :
790 5588 918 5658 quia
941 5603 1026 5642 me
1062 5588 1243 5641 dixisti
1272 5586 1438 5641 rebus
1486 5586 1769 5655 gentilium
1812 5588 2110 5652 initiatum,

541 5683 693 5739 audi,
725 5697 845 5749 qua:
874 5679 1050 5733 dicam
1071 5689 1262 5733 contra
1299 5686 1424 5731 tuos
1447 5678 1600 5732 deos.
1633 5677 2111 5743 Quemadmodum

542 5788 597 5833 tu
637 5775 679 5828 si
741 5772 920 5826 Caesar
971 5771 1355 5834 nominareris,
1389 5772 1784 5840 etimpcratori
1806 5772 1967 5826 bilem
1997 5788 2112 5825 rno-

539 5882 718 5935 veres,
752 5866 1022 5936 supplicio
1050 5866 1251 5937 dignus
1274 5866 1438 5933 fores;
1460 5866 1540 5920 sic
1564 5865 1651 5920 dei
1681 5882 1901 5937 quoque
1923 5871 2107 5936 vestri,

2225 4669 2409 4722 τοῦσιν
2440 4668 2481 4723 ἂ.
2503 4672 2556 4721 αἱ
2588 4671 2758 4739 ψυχαὶ
2796 4674 2902 4723 τὼν
2960 4674 3264 4741 ἀνθρώπων
3293 4677 3534 4745 μισοῦσι,
3569 4681 3661 4729 καὶ
3689 4685 3809 4748 γαί-

2229 4778 2412 4831 ρουσιν
2475 4762 2753 4830 πορνείαις
2809 4765 2904 4815 καὶ
2957 4765 3175 4834 κνήσει;
3233 4767 3295 4820 Ei
3350 4768 3444 4821 οῦν
3490 4771 3661 4839 τολμᾷ
3717 4789 3808 4836 τις

2225 4854 2399 4904 εἰπεῖν
2422 4869 2434 4882 ·
2465 4854 2587 4905 ’Ὁτι
2610 4853 2739 4916 Θεός
2769 4857 2906 4922 εἰμι,
2930 4858 3104 4923 παρὲξ
3136 4860 3251 4923 ἐνὸς
3281 4862 3375 4915 τοῦ
3406 4865 3607 4931 Κυρίου
3641 4864 3811 4933 ἡμῶν

2236 4946 2411 5012 Ἰησοῦ
2442 4946 2701 5017 Χριστοῦ,
2752 4952 2966 5018 ποιήσει
3020 4952 3109 5003 καὶ
3159 4951 3311 5017 οὗτος
3354 4956 3538 5024 ἕτερον
3569 4960 3802 5026 κόσμον,

2224 5036 2319 5087 καὶ
2350 5036 2482 5107 εἴπῃ
2519 5038 2601 5089 ὅτι
2633 5037 2835 5091 Τοῦτον
2880 5040 2970 5091 τὶν
3010 5044 3216 5111 κόσμον
3252 5044 3361 5109 ἐγὼ
3400 5046 3652 5115 ἐποὶη;α,
3705 5052 3805 5101 καὶ

2221 5130 2343 5179 τότε
2401 5129 2642 5195 λεγέσθω
2696 5129 2863 5191 Θεός’
2911 5127 3066 5194 οὗτος
3122 5134 3229 5202 γὰρ
3281 5134 3374 5187 τοῦ
3439 5138 3645 5205 Κυρίου
3703 5142 3803 5192 καὶ

2225 5220 2487 5291 βασιλέως
2540 5223 2697 5291 ἡμῶν
2755 5223 2928 5294 Ἰησοῦ
2982 5226 3219 5295 Χριστοῦ
3294 5233 3409 5281 ἐστι
3473 5230 3633 5299 τέχνη
3698 5236 3800 5285 καὶ

2221 5313 2526 5383 δημιούργη
2538 5331 2631 5381 μα.

2295 5404 2395 5457 llS'.
2435 5408 2541 5456 hat
2570 5405 2909 5473 θεασάμενος
2952 5409 2978 5457 ὁ
3020 5406 3171 5474 ἅγιος
3212 5409 3461 5473 Λεόντιος
3504 5415 3591 5464 τὸν
3628 5413 3802 5470 δοῦκα.

2222 5499 2541 5567 θυμωθέντα
2566 5502 2660 5580 κδαὶ
2684 5502 2943 5568 στρεϐλού
2955 5518 3136 5569 μενον,
3161 5504 3307 5571 λέγει
3340 5507 3486 5576 αὐτῷ
3505 5524 3516 5536 ·
3556 5503 3623 5559 Ὦ
3646 5510 3798 5577 ὀοὺξ,

2220 5594 2557 5657 ἀνεξικάκως
2600 5594 2864 5648 ἄκουσονο
2915 5598 3097 5667 ἐπειδὴ
3139 5600 3246 5667 γὰρ
3283 5596 3432 5660 εἶπές
3480 5618 3545 5669 με
3580 5603 3802 5677 μύστην

2220 5681 2356 5736 εἶναι
2398 5687 2503 5738 τῶν
2535 5685 2878 5755 Ἑλληνικῶν
2910 5691 3273 5758 πραγμάτων,
3329 5694 3491 5745 ἄκουε
3534 5697 3599 5747 τὰ
3650 5699 3801 5748 κατὰ

2218 5780 2324 5830 τῶν
2379 5780 2516 5831 θεῶν
2576 5798 2705 5833 σου·
2762 5782 2821 5834 ὃν
2888 5787 3087 5851 τρόπον
3148 5786 3256 5853 γὰρ
3311 5786 3372 5839 σὺ
3420 5789 3513 5838 ἐὰν
3572 5784 3798 5861 Καῖσαρ

2220 5873 2472 5941 κληθεὶς,
2512 5872 2604 5927 κάκ
2649 5877 2990 5946 παροργίσας
3040 5879 3130 5930 τον
3186 5878 3435 5948 βασιλέα,
3495 5883 3799 5953 τιμωρίαις
