3966 6444
528 358 632 424 339

1818 360 2102 421 MENSIS
2140 362 2435 425 IULIUS.

3670 367 3781 429 340

529 474 757 527 factum.
793 470 905 526 Hoc
931 483 1113 526 autem
1134 474 1293 539 dixit,
1334 475 1561 527 b0rtans
1596 489 1737 537 eam,
1801 485 1858 528 ut
1899 492 2097 545 aquam
2129 489 2144 540 Α

2233 478 2336 540 λως
2366 479 2611 545 γεγονός.
2642 479 2811 532 Τοῦτο
2842 482 2898 533 δὲ
2944 480 3097 547 ελεγι
3147 481 3587 549 προτρεπόμενος
3633 485 3777 552 αὐτῇ

531 564 772 618 afferret.
815 562 907 617 Illa
941 579 1071 618 vero
1106 576 1265 634 porta
1285 580 1528 634 egressa,
1562 578 1897 635 parvamque
1926 578 2100 621 etan-

530 666 740 725 gustam
768 666 925 709 nacta
954 655 1278 719 fenestram.
1317 673 1515 727 aquam
1550 658 1630 712 eis
1667 674 1765 725 per
1813 659 1958 712 illam
1989 669 2101 713 tra-

529 747 689 802 didit.
717 748 781 800 Et
812 759 1097 818 postquam
1142 748 1410 804 bibissent
1450 759 1505 804 et
1561 751 1853 806 rel‘ocillati
1890 760 2098 814 essent,

530 840 915 908 precabantur,
944 850 1003 893 ut
1028 839 1121 893 lilii
1154 840 1271 909 ejus
1300 849 1354 895 et
1381 841 1474 894 ﬁlii
1500 840 1736 895 filiorum
1778 843 1895 911 ejus
1915 858 2101 896 sacer-

530 933 689 985 dotes
713 934 925 998 tierent,
959 933 1012 987 in
1040 932 1171 987 tanti
1199 934 1409 988 servitii
1432 934 1955 1003 compensationem.

2198 568 2424 636 ἐνέγκαι
2468 569 2531 623 τὸ
2574 568 2739 638 ὓδωρ.
2782 571 2848 624 Ἦ
2887 571 2943 625 δὶ
2989 570 3283 636 ἐξελθοῦσα
3314 571 3412 641 τῆς
3444 571 3639 642 πύλης,
3677 575 3779 627 καὶ

2197 660 2431 728 εὐροῦσα
2470 661 2674 729 μικρὰν
2712 664 2806 715 καὶ
2835 662 3026 731 στενὴν
3062 662 3277 729 θυρίδα,
3316 662 3406 714 διὰ
3434 663 3635 731 ταύτης
3671 665 3781 715 ὐπ-

2198 750 2395 803 έδωκεν
2426 754 2611 815 αὐτοῖς
2657 754 2716 805 το
2749 753 2917 823 ὕδωρ.
2946 755 3055 806 Kal.
3083 754 3301 817 πιόντες
3336 755 3429 807 καὶ
3459 755 3783 823 ἀναψύξαν-

2197 858 2286 902 τες
2310 844 2618 912 ὲπηύξαντο
2657 846 2800 914 αὐτῇ
2829 846 2955 906 τοὺς
2985 847 3154 908 υἱοὺς,
3189 846 3282 897 καὶ
3320 848 3471 909 υἱοὺς
3496 847 3608 899 τῶν
3641 848 3783 899 υἱῶν

2196 933 2365 1000 αὐτῆς
2416 935 2494 995 εἰς
2527 936 2709 1005 ἱερέας
2744 936 3000 1005 γενέσθαι
3048 936 3340 1007 διαμοισὴν
3373 936 3473 1006 τῆς
3519 938 3784 1006 τοιαύτης

2201 1022 2522 1093 θεραπείας.

1982 1183 2208 1241 CAPUT
2248 1183 2336 1240 IV.

535 1314 821 1370 Orantibus
858 1326 1085 1387 apparet
1121 1321 1377 1390 angelus;
1420 1331 1793 1397 convertuntur
1820 1321 1939 1397 duo
1970 1318 2201 1397 carceris
2215 1320 2507 1397 .custodes‘;
2546 1320 2876 1397 damnantur
2922 1323 3095 1373 sancti
3145 1329 3409 1392 martyres
3463 1324 3536 1377 ad
3573 1326 3791 1392 ignem;

1344 1409 1481 1462 aqua
1510 1409 1536 1444 ε
1562 1409 1689 1461 rupe
1713 1391 1927 1452 elicita;
1970 1385 2259 1441 translatio
2297 1397 2347 1439 et
2362 1388 2553 1441 .cultus
2590 1390 2971 1460 reliquiarum.

606 1514 792 1570 XVIII.
831 1517 1065 1587 Vespere
1099 1518 1264 1583 facto,
1295 1521 1592 1575 cantabant
1621 1520 1906 1573 dicentes:
1947 1535 1965 1567 ι
1999 1516 2105 1570 Do-

538 1605 703 1669 mine,
727 1607 925 1661 exaudi
970 1608 1276 1662 oralionem
1304 1626 1503 1673 meam,
1528 1621 1583 1663 et
1616 1611 1820 1664 clamor
1845 1622 1999 1662 meus
2036 1606 2102 1660 ad

542 1706 592 1747 te
621 1696 983 1756 veniat‘,etc.
1015 1718 1031 1748 ι
1069 1699 1136 1751 Ει
1160 1700 1377 1767 expleto
1407 1700 1632 1767 psalmo.
1668 1696 2106 1752 corroboraban-

546 1796 635 1838 tur
673 1786 725 1839 in
754 1786 1001 1846 vinculis.
1038 1789 1241 1854 gratias
1274 1799 1498 1857 agentes
1523 1790 1653 1854 Deo,
1690 1796 1911 1842 orantes
1944 1792 2001 1838 et
2025 1782 2112 1835 di-

541 1888 727 1933 centes
760 1898 772 1932 :
801 1881 1025 1935 Domine
1050 1881 1203 1943 Jcsu,
1236 1882 1328 1949 qui
1372 1892 1555 1949 portas
1580 1882 1721 1933 mala
1752 1878 1931 1932 omnis
1950 1890 2107 1930 crea-

543 1979 701 2031 turze,
752 1971 889 2024 nihil
958 1971 1339 2025 absconditum
1384 1978 1469 2024 est
1508 1984 1691 2022 coram
1732 1980 1803 2028 te.
1831 1968 1922 2036 qui
1957 1982 2110 2021 scru-

545 2064 679 2116 taris
706 2063 892 2128 corda,
918 2072 973 2117 et
996 2063 1195 2133 probas
1219 2078 1377 2117 renes
1402 2081 1414 2116 :
1450 2070 1506 2116 tu
1532 2063 1659 2125 scis,
1689 2077 1797 2131 quo
1822 2062 2112 2131 ﬂagremus

548 2155 627 2209 tui
663 2155 958 2218 desiderio.
1001 2156 1183 2209 cernis
1213 2164 1519 2219 tormenta;
1565 2156 1856 2209 animabus
1912 2155 2113 2210 nostris

545 2246 785 2303 medere.
826 2260 950 2299 nam
982 2260 1209 2315 corpora
1236 2255 1417 2299 nostra
1448 2244 1771 2298 tradidimus
1791 2255 2014 2311 propter
2039 2251 2113 2303 te;

545 2339 667 2393 dele
700 2339 1020 2407 iniquitates
1053 2347 1272 2392 nostras
1306 2338 1360 2389 in
1393 2334 1736 2404 corruptibili
1766 2345 1951 2388 nostra
1983 2333 2116 2387 vita:

546 2447 711 2501 parva
741 2431 940 2499 quippe
971 2430 1087 2484 haec
1116 2430 1277 2484 nobis
1310 2436 1459 2489 sunt.
1513 2438 1569 2482 et
1607 2426 1834 2481 minimc
1866 2425 2116 2487 molesta.

548 2524 620 2577 ob
650 2524 873 2576 multam
906 2523 959 2574 in
999 2531 1070 2586 te,
1100 2522 1352 2584 Domine,
1387 2521 1737 2585 charitatem;
1770 2530 1820 2574 te
1843 2517 2119 2573 desidera-

551 2628 695 2674 mus.
730 2624 779 2667 te
799 2614 1075 2667 timemus.
1109 2612 1308 2681 Aspice
1346 2628 1377 2666 e
1431 2611 1595 2671 cado.
1627 2621 1680 2666 et
1705 2626 1804 2665 uos
1849 2610 2031 2679 erige;
2063 2618 2119 2662 tu

549 2706 753 2764 etenim
777 2705 1077 2761 consolaris
1110 2721 1211 2759 nos
1242 2706 1295 2758 in
1324 2705 1472 2759 omni
1498 2705 1853 2760 tribulatione
1908 2712 2118 2764 nostra,

554 2812 613 2855 ut
643 2799 917 2870 possimus
948 2798 1244 2852 sustinere.
1283 2796 1430 2851 Nihil
1478 2796 1583 2851 loci
1640 2796 1839 2849 habeat
1872 2794 2119 2848 Satanas.

553 2892 630 2948 Ne
664 2908 765 2946 nos
816 2906 846 2945 α
887 2891 1130 2945 fraterno
1190 2891 1294 2944 hoc
1343 2904 1531 2943 amore
1584 2904 1775 2957 separa
1815 2904 1828 2941 :
1876 2888 2122 2940 oumium

555 2986 703 3039 enim
730 2992 977 3038 nostrum
1000 2992 1175 3037 mater
1198 2990 1282 3036 est
1311 2981 1446 3040 fides
1474 2981 1527 3035 in
1562 2989 1633 3036 te.
1661 2980 1728 3035 Et
1760 2990 1839 3039 tu.
1872 2976 2123 3043 Domine,

556 3079 716 3132 Pater
741 3086 948 3140 noster,
983 3076 1224 3146 gloriilra
1262 3091 1459 3130 nomen
1486 3085 1637 3129 tuum
1665 3075 1718 3127 in
1749 3072 2010 3129 membris
2027 3085 2125 3124 no-

555 3172 709 3233 stris,
736 3180 791 3223 et
822 3180 1079 3238 tanquam
1108 3168 1161 3221 in
1192 3167 1532 3222 holocaustis
1557 3166 1790 3219 arietum
1842 3172 1899 3218 et
1939 3172 2126 3217 tauro-

2281 1516 2389 1568 IH'.
2442 1515 2721 1587 Ἐσπέρας
2753 1518 2809 1570 δὲ
2859 1517 3299 1587 καταλαϐούσης,
3337 1519 3566 1581 ἔψαλλον
3602 1522 3797 1589 λέγον-

2204 1622 2328 1669 τες·
2365 1626 2383 1658 ι
2406 1608 2600 1678 Κύριε,
2632 1608 2951 1661 εἰσάκουσον
2983 1610 3079 1677 τῆς
3112 1611 3421 1678 προσευχῆς
3446 1629 3570 1677 μου,
3606 1614 3702 1664 καὶ
3745 1614 3781 1683 ἡ

2208 1702 2426 1771 κραυγή
2462 1719 2563 1771 μου
2592 1703 2729 1772 πρός
2750 1719 2807 1754 σε
2837 1702 3094 1763 ἐλθέτω.»
3119 1702 3215 1754 καὶ
3244 1703 3311 1753 τά
3339 1702 3485 1773 ἑξῆς.
3508 1703 3617 1754 Καὶ
3650 1704 3798 1772 πλη-

2214 1790 2488 1856 ρώσαντες
2542 1792 2633 1843 τὸν
2661 1791 2898 1859 ψαλμὸν,
2931 1787 3073 1861 ἦσαν
3106 1792 3410 1861 ἐρρωμένοι
3449 1795 3505 1845 ἑν
3554 1794 3667 1856 τοίς
3706 1794 3803 1846 δε-

2144 1921 2182 1974 B
2215 1885 2393 1952 σμοῖς,
2446 1884 2897 1953 εὐχαριστοῦντες
2953 1884 3031 1952 τῷ
3084 1885 3303 1953 Κυρίῳ,
3369 1885 3619 1953 δεόμενοι
3697 1886 3802 1939 καὶ

2212 1976 2460 2044 λέγοντες
2480 1994 2493 2007 ·
2527 1975 2699 2046 Κύριε
2734 1973 2929 2042 Ἰησοῦ,
2966 1975 2993 2025 ό
3021 1974 3304 2041 βαστάζων
3332 1976 3398 2027 τά
3433 1977 3579 2029 κακά
3609 1976 3800 2045 πάσης

2211 2068 2309 2136 τῆς
2346 2068 2595 2131 κτίσεως,
2653 2067 2805 2120 οὐδὲν
2862 2068 3104 2136 κρυπτὸν
3154 2067 3304 2136 παρὰ
3336 2067 3439 2129 σοὶ,
3487 2069 3514 2118 ό
3554 2068 3804 2137 ἐρευνῶν

2215 2161 2463 2227 καρδίας.
2496 2160 2591 2211 καὶ
2630 2159 2943 2227 δοκιμάζων
2976 2158 3209 2227 νεφρούς
3237 2176 3250 2188 ·
3282 2160 3345 2212 σὺ
3380 2158 3671 2211 ἐπίστασαι
3696 2160 3802 2231 τὴν

2216 2251 2492 2318 ἡμετέραν
2537 2250 2615 2311 εἰς
2662 2248 2722 2300 σὲ
2781 2247 3132 2317 προθυμίανο
3178 2250 3311 2318 ὁρᾷς
3351 2249 3449 2312 τὰς
3498 2248 3806 2320 βασάνους,

2222 2342 2373 2394 ἴασαι
2429 2340 2587 2409 ἡμῶν
2622 2340 2717 2401 τὰς
2746 2339 2925 2407 ψυχάς
2950 2354 2962 2368 ’
3001 2339 3067 2391 τά
3114 2339 3223 2407 γὰρ
3253 2338 3479 2408 σώματα
3514 2342 3675 2409 ἡμῶν
3707 2342 3803 2395 διὰ

2222 2432 2279 2486 at
2306 2432 2702 2499 παρεδώκαμεν
2728 2447 2740 2460 ·
2770 2429 3171 2499 συναπάλςιψον
3194 2429 3350 2497 ἡμῶν
3373 2431 3439 2481 τά
3466 2431 3640 2502 ἁνομή
3652 2418 3804 2499 ματα

2221 2529 2280 2580 ἐν
2339 2524 2417 2595 τῷ
2467 2522 2692 2595 φθαρτῷ
2750 2523 2907 2593 ἡμῶν
2955 2523 3094 2593 βίῳ·
3131 2521 3305 2593 μικρὰ
3338 2522 3447 2591 γὰρ
3497 2526 3627 2592 ἡμῖν
3681 2526 3807 2577 ἐστι

2220 2618 2414 2680 ταῦτα,
2470 2618 2563 2667 καὶ
2621 2616 2922 2684 ἀνάλγητα,
2982 2615 3069 2666 διὰ
3127 2615 3225 2683 τὴν
3285 2615 3486 2684 πολλὴν
3533 2616 3667 2684 περὶ
3714 2618 3801 2678 σὲ,

2225 2708 2492 2767 Δέσποτα,
2518 2707 2741 2775 ἀγάπην
2763 2720 2776 2735 ·
2808 2706 2866 2758 σε
2907 2704 3200 2773 ποθοῦμεν,
3238 2706 3294 2758 σὲ
3328 2706 3626 2775 φοσοῦμεν.
3654 2709 3811 2761 Κάτ-

2229 2804 2302 2854 ιδε
2333 2800 2642 2872 οὐρανόθεν,
2667 2798 2763 2851 καὶ
2792 2798 3217 2870 παραθάρρυνον
3251 2799 3418 2866 ἡμᾶς·
3451 2797 3515 2849 σὺ
3547 2800 3655 2866 γὰρ
3696 2796 3746 2851 εἷ
3778 2800 3812 2852 ὁ

2226 2893 2561 2963 παρακαλῶν
2594 2893 2740 2959 ἡμᾶς
2784 2892 2876 2943 ἐπὶ
2909 2892 3054 2959 πάσῃ
3101 2892 3166 2959 τῇ
3211 2889 3389 2957 θλίψει
3429 2891 3582 2959 ἡμῖν,
3626 2891 3707 2953 εἰς
3742 2892 3813 2945 τὸ

2226 2982 2489 3037 δύνασθαι
2524 2983 2671 3050 ἡμᾶς
2718 2982 3039 3046 ἐπενεγκεῖν
3062 2996 3077 3009 ⁸
3130 2984 3223 3033 καὶ
3258 2986 3332 3051 μὴ
3364 2984 3533 3051 ἐχέτω
3562 2983 3730 3036 τόπον
3778 2986 3810 3037 6

2228 3078 2473 3138 Σατανᾶς
2490 3092 2501 3103 ·
2534 3076 2609 3145 μὴ
2630 3075 2869 3145 χωρίσῃς
2896 3077 3041 3144 ἡμᾶς
3061 3076 3158 3143 τῆς
3176 3076 3535 3146 ἀδελφότητος
3560 3078 3771 3145 ταύτης
3791 3094 3814 3110 ι

2233 3171 2415 3240 μήτηρ
2447 3171 2555 3239 γάρ
2595 3167 2810 3219 πάντων
2851 3166 3009 3237 ήμῶν
3042 3168 3073 3234 ή
3108 3168 3185 3229 εις
3220 3168 3278 3219 σὲ
3324 3168 3526 3230 πίστις.
3567 3169 3679 3221 Καὶ
3716 3170 3812 3238 σὺ,

557 3278 675 3317 rum
704 3272 758 3317 et
792 3264 845 3316 in
866 3261 1203 3333 myriadibus
1239 3262 1521 3331 pinguium
1545 3260 1729 3314 ovium
1750 3258 2125 3313 admittamur.

2238 3261 2435 3327 Κύριε,
2465 3262 2655 3329 Πατὴρ
2682 3260 2861 3328 ἡμῶν,
2892 3258 3115 3319 δόξασόν
3145 3274 3237 3309 σου
3287 3260 3345 3310 τὸ
3383 3259 3556 3327 ὄνομα
3606 3262 3663 3313 ὲν
3693 3265 3815 3327 τοῖς

556 3356 648 3412 Sic
676 3354 768 3411 ﬁat
796 3355 1125 3411 sacriﬁcium
1150 3367 1397 3411 nostrum
1436 3355 1489 3407 in
1542 3364 1838 3423 conspectu
1872 3362 1987 3414 tuo,
2018 3352 2125 3406 Do-

557 3449 727 3511 mine,
750 3458 806 3503 et
836 3447 1152 3517 perﬁciatur
1176 3463 1361 3501 coram
1404 3456 1486 3517 te;
1522 3447 1650 3514 quia
1698 3444 2024 3499 benedictus
2068 3459 2129 3499 es

558 3551 613 3595 et
638 3540 974 3611 gloriﬁcatus
1000 3540 1053 3594 in
1075 3538 1259 3593 omnia
1295 3537 1508 3591 sarcula.
1542 3537 1607 3591 Et
1642 3551 1765 3589 cum
1813 3550 2005 3589 omnes
2054 3534 2131 3587 di-

558 3633 789 3692 sissent.
825 3631 1020 3696 Amen,
1054 3638 1271 3685 noctem
1306 3629 1670 3683 traduxerunt
1714 3627 2017 3681 insomnes.
2049 3625 2130 3679 Ad

560 3723 740 3777 noctis
766 3722 1029 3783 medium,
1061 3736 1319 3789 magnum
1351 3720 1620 3785 psalmum
1678 3717 1783 3770 sibi
1840 3716 2129 3773 funebrem

560 3813 903 3882 cecinerunt.

635 4079 776 4135 XIX.
809 4078 967 4134 Hunc
1000 4084 1285 4146 postquam
1336 4074 1709 4144 implevissent
1755 4082 1811 4129 et
1862 4083 2129 4134 orassent.

564 4189 693 4229 ecce
713 4172 941 4242 angelus
968 4167 1185 4224 Domini
1231 4166 1405 4221 astitit
1455 4174 1511 4219 et
1548 4168 1725 4219 lucem
1766 4166 2009 4232 implevit
2034 4166 2135 4220 ha-

565 4266 890 4328 bitaculum,
944 4272 1003 4316 et
1047 4261 1185 4316 dicit
1230 4258 1363 4329 ipsis
1402 4257 1711 4319 :Gaudete.
1772 4271 1942 4327 prope
1980 4256 2135 4311 adest

564 4366 748 4413 vester
778 4356 901 4409 linis
930 4362 985 4410 et
1030 4354 1255 4409 nomina
1313 4361 1495 4407 vestra
1538 4352 1592 4405 in
1623 4351 1768 4404 libro
1830 4350 2133 4404 viventium

568 4452 771 4520 scripta
805 4458 955 4503 sunt.
984 4446 1255 4503 Conﬁdite
1294 4464 1306 4499 :
1350 4445 1616 4499 Dominus
1665 4442 1968 4496 vobiscum.
2013 4441 2136 4495 Haec

564 4546 714 4600 fatus
761 4542 1015 4598 discessit
1044 4540 1114 4594 ab
1135 4540 1217 4594 eis
1250 4538 1497 4609 angelus.
1523 4536 1907 4591 Adoravcrunt
1937 4532 2132 4596 sancti.

568 4650 622 4693 et
650 4639 857 4710 gratias
881 4645 1111 4707 egerunt
1138 4635 1269 4687 Deo.
1303 4606 1370 4687 A-t
1396 4648 1527 4686 vero
1558 4632 1781 4692 milites.
1832 4630 1925 4700 qui
1950 4636 2137 4683 custo-
2172 4606 2212 4661 θ

570 4733 797 4786 diebant
831 4730 975 4783 iores
998 4729 1254 4791 careeris,
1276 4727 1506 4780 Menazas
1532 4733 1588 4778 et
1607 4723 1897 4779 Belerades
1927 4729 2141 4791 specta-

574 4832 705 4877 runt
730 4820 952 4889 quidem
1015 4819 1225 4880 lumen.
1264 4826 1320 4871 et
1346 4831 1535 4872 vocem
1579 4817 1756 4884 angeli
1808 4814 2139 4876 audierunt;

576 4915 669 4969 sed
694 4915 907 4969 vultum
936 4913 1057 4980 ejus
1083 4926 1191 4964 non
1216 4910 1496 4963 viderunt.
1537 4908 1679 4964 Dicit
1729 4907 1977 4961 Beleradi
2032 4905 2143 4959 Me-

573 5024 724 5062 naeas
749 5005 1133 5076 Egyptiorum
1195 5002 1377 5068 lingua
1426 5004 1603 5069 (erant
1660 4999 1864 5068 quippe
1942 5012 2143 5067 genere

576 5101 837 5172 Egyptii)
862 5116 877 5153 :
904 5097 1095 5153 Viden’
1121 5104 1176 5150 et
1202 5092 1409 5157 audiu’,
1446 5094 1611 5148 frater
1641 5091 1921 5154 Belerade,
1963 5090 2143 5160 qualis

579 5194 723 5263 regis
754 5189 957 5244 milites
993 5187 1105 5243 sint
1138 5186 1261 5240 isti?
1292 5185 1404 5255 Ego
1435 5199 1566 5239 sane
1598 5184 1667 5235 ab
1687 5183 1845 5237 initio
1861 5182 2145 5238 Christia-

580 5287 667 5341 nis
696 5285 905 5340 amicus
933 5281 1009 5335 fui
1036 5299 1047 5333 :
1073 5281 1416 5349 nequeenim
1451 5276 1673 5332 student
1700 5290 2031 5345 quemquam
2056 5274 2144 5328 lae-

2239 3352 2457 3424 μέλεσιν
2489 3351 2663 3420 ἡμῶν.
2696 3352 2787 3402 καὶ
2818 3351 3287 3421 προσδεχθείημεν
3314 3351 3386 3415 ὡς
3412 3352 3468 3404 εν
3501 3354 3817 3407 ὁλοκαυτώ-

2242 3462 2376 3515 μασι
2430 3444 2601 3513 κριῶν
2631 3445 2724 3497 καὶ
2744 3442 2982 3513 ταύρων,
3020 3445 3112 3497 καὶ
3148 3444 3221 3506 ὡς
3247 3437 3304 3498 ἐν
3337 3447 3598 3514 μυριάσιν
3626 3447 3815 3516 ἀρνῶν

2240 3537 2463 3589 πιόνων.
2500 3535 2659 3587 Οὕτω
2690 3534 2931 3601 γενέσθω
2972 3536 3004 3600 ἡ
3040 3534 3198 3586 θυσία
3226 3536 3381 3603 ἡμῶν
3418 3536 3647 3589 ἐνώπιόν
3687 3556 3813 3606 σου,

2239 3624 2434 3694 Κύριε,
2468 3622 2560 3674 καὶ⁴
2582 3622 2883 3674 ὲκτελέσθω
2912 3621 3134 3673 ὄπισθέν
3165 3640 3258 3675 σου
3283 3640 3296 3653 ⁸
3326 3625 3408 3675 ὅτι
3438 3626 3729 3695 εὐλόγητος
3758 3626 3815 3683 et

2238 3717 2334 3771 καὶ
2358 3714 2745 3785 δεδοξασμένος
2771 3716 2850 3777 εἰς
2883 3716 3090 3777 πάντας
3118 3716 3242 3778 τοὺς
3270 3714 3491 3780 αἱῶνας.
3520 3718 3626 3770 Καὶ
3668 3722 3815 3772 πάν-

2238 3826 2347 3862 των
2377 3808 2673 3871 εἰπόντων,
2711 3807 2903 3876 Ἀμὴν,
2933 3807 3235 3861 διετέλεσαν
3259 3810 3474 3866 ἄϋπνοι.
3505 3811 3636 3881 Περὶ
3664 3812 3719 3864 δὲ
3751 3815 3817 3867 τὸ

2244 3916 2598 3970 μεσονυκτιον
2640 3898 2868 3967 ἔψαλλον
2906 3900 2999 3951 τὸν
3031 3902 3204 3966 μέγαν
3239 3902 3473 3970 ψαλμὸν,
3519 3906 3823 3974 ὲιιτι-ιτάφιο,ι

2240 3994 2476 4055 ἑαυτοῖς.
3032 3996 3039 4003 “

2313 4088 2415 4137 16'.
2470 4084 2582 4138 Καὶ
2634 4084 3041 4153 πληρωσάντων
3099 4084 3278 4136 αὐτῶν
3329 4085 3422 4138 καὶ
3472 4085 3811 4159 εὐξαμένων,

2244 4178 2377 4240 ἰδοὺ,
2424 4176 2654 4243 ἄγγελος
2719 4176 2927 4243 Κυρίου
2960 4178 3189 4237 ἐπιστὰς
3222 4177 3506 4247 ἐπλήρωσε
3546 4182 3723 4250 φωτὸς
3752 4184 3817 4236 τὸ

2242 4270 2469 4340 οἴκημα,
2503 4268 2597 4321 καλ⁸
2632 4267 2779 4335 λέγει
2829 4266 3011 4329 αὐτοῖς
3037 4284 3052 4298 ⁶
3083 4268 3347 4337 Χαῖρετε·
3378 4272 3545 4337 ἐγγὺς
3589 4271 3745 4338 ὑμῶν
3776 4276 3814 4344 η

2241 4361 2544 4419 τελείωσις,
2574 4362 2667 4411 καὶ
2695 4360 2764 4409 τά
2790 4359 3031 4425 ὀνόματα
3060 4359 3214 4423 ὐμῶν
3244 4362 3303 4411 ὲν
3332 4360 3502 4431 βίϐλῳ
3539 4362 3647 4414 τῶν
3676 4361 3822 4426 ζὼν-

2243 4470 2351 4505 των
2382 4452 2794 4522 ἀνεγράφησαν.
2836 4452 3103 4519 Θαρσεῖτε
3131 4464 3143 4477 ·
3176 4452 3203 4501 ὁ
3236 4450 3437 4519 Κύριος
3488 4453 3607 4522 μεθ’
3635 4455 3817 4523 ὐμῶν.

2246 4547 2355 4599 Kal.
2383 4545 2555 4598 ταῦτα
2587 4542 2759 4597 εἰπὼν
2788 4545 2816 4596 ὁ
2845 4543 3076 4611 ἄγγελος
3111 4544 3355 4609 ἀπῆλθεν
3384 4546 3482 4597 ἀπ’
3509 4547 3709 4598 αὐτῶν.
3752 4551 3819 4602 0t

2242 4641 2297 4694 δὲ
2329 4640 2473 4706 ἅγιοι
2506 4637 2945 4709 προσεκύνησαν,
2992 4636 3086 4685 καὶ
3130 4634 3545 4705 ηὐχαρίστησαν
3591 4637 3666 4706 τῷ
3700 4639 3821 4691 Κυ-

2243 4734 2363 4804 ρι’ῳ.
2400 4733 2462 4783 Oi
2501 4731 2558 4782 δὲ
2610 4727 2961 4795 στρατιῶται,
3010 4728 3056 4779 οἱ
3104 4726 3471 4795 φυλάσσοντες
3511 4731 3608 4793 τας
3640 4730 3818 4801 θύρας

2242 4825 2338 4892 τῆς
2380 4820 2646 4890 φυλακῆς,
2705 4817 2950 4880 Μεναιας
3006 4819 3097 4870 καὶ
3146 4817 3490 4888 Βηληράδης,
3522 4821 3821 4877 ἐθεάσαντο

2247 4914 2347 4984 μὲν
2385 4912 2444 4965 τὸ
2498 4910 2635 4979 φῶς,
2674 4910 2766 4961 καὶ
2795 4908 2892 4978 τὴν
2923 4907 3108 4976 φωνὴν
3142 4906 3236 4959 τοῦ
3273 4906 3509 4973 ἀγγέλου
3549 4908 3819 4977 ἥκουσαν,

2244 5006 2303 5058 τὸ
2338 5006 2392 5056 δὲ
2422 5005 2714 5071 πρόσωπον
2741 4999 2904 5053 αὐτοῦ
2932 4999 3032 5052 οὐκ
3064 4994 3223 5051 εἶδον.
3256 4998 3361 5049 Kal.
3393 4997 3540 5065 λέγει
3573 5000 3822 5063 Μεναξας

2252 5093 2331 5163 τῷ
2384 5090 2673 5160 Βηληράδῃ
2711 5091 2775 5156 τῇ
2813 5088 2920 5139 τῶν
2951 5086 3265 5153 Αἰγυπτίων
3306 5090 3481 5156 φωνῇ,
3522 5083 3683 5157 (ἦσαν
3709 5090 3825 5161 γὰρ

2256 5185 2543 5253 Αιγύπτιοι
2572 5183 2632 5235 τὸ
2665 5182 2866 5248 γένος)’
2900 5180 3059 5249 Ὁρᾷς
3091 5181 3184 5231 καὶ
3211 5177 3452 5241 ἀκούεις,
3488 5178 3681 5245 άδελφὲ
3712 5180 3828 5250 Βη..

2246 5280 2475 5349 ληράδη,
2500 5277 2611 5331 οἴου
2639 5274 2903 5345 βασιλέως
2925 5274 3063 5325 εἰσὶν
3084 5265 3228 5323 οὗτοι
3258 5271 3623 5341 στρατιῶται;
3658 5273 3821 5339 κάγὼ

583 5382 735 5439 dere.
764 5376 858 5431 sed
890 5372 1183 5430 attendunt
1212 5371 1315 5425 sibi
1350 5370 1502 5440 ipsis.
1529 5368 1738 5439 jejunio
1770 5376 2046 5429 vacantes,
2094 5376 2144 5421 el

2250 5371 2309 5436 ἐξ
2345 5369 2521 5438 ἀρχῆς
2560 5368 2710 5437 φίλος
2754 5366 2863 5418 τῶν
2908 5363 3251 5435 Χριστιανῶν
3285 5363 3536 5432 τυγχάνω
3560 5380 3574 5395 ·
3606 5365 3668 5417 οὐ
3710 5366 3825 5435 γάρ

583 5472 757 5526 Deum
809 5481 968 5523 suum
994 5473 1318 5534 praecantes,
1340 5462 1574 5517 maxime
1599 5462 1649 5513 in
1675 5476 1897 5521 aurora.
1926 5468 1982 5513 et
2000 5458 2144 5513 nullo

2255 5460 2644 5526 σπουδάζουσιν
2670 5459 2878 5512 ἀδικεῖν
2907 5474 3047 5518 τινα,
3075 5456 3190 5509 ἀλλ’
3222 5457 3433 5515 ἑαυτοῖς
3491 5458 3823 5525 προσέχουσι

587 5577 697 5619 non
736 5573 985 5630 tempore
1020 5558 1173 5614 illum
1208 5557 1521 5611 adorantes.
1557 5554 1702 5610 Nihil
1734 5555 1941 5623 injusti,
1976 5553 2144 5621 iniqui

2253 5554 2625 5625 νηστεύοντες,
2650 5551 2744 5605 καὶ
2778 5550 3019 5618 δεόμενοι
3056 5548 3150 5601 τοῦ
3183 5546 3318 5601 Θεοῦ
3346 5548 3548 5612 αὐτῶν,
3586 5546 3828 5614 μάλιστα

588 5660 724 5715 nihil
773 5656 1013 5719 faciunt;
1050 5653 1349 5724 hospitales
1383 5662 1532 5719 sunt,
1560 5664 1747 5706 omnes
1800 5650 2055 5719 diligunt.
2089 5648 2144 5702 EI

2255 5650 2309 5699 ὲν
2348 5650 2456 5709 τοῖς
2489 5645 2726 5715 ὀρθροις,
2764 5644 2858 5693 καὶ
2890 5643 2947 5694 ἐν
2975 5641 3121 5710 πάσῃ
3161 5639 3214 5692 δὲ
3243 5638 3361 5710 ὥρᾳ
3390 5638 3825 5709 προσκυνοῦντες

656 5800 674 5827 ⁸
707 5798 845 5853 Psal.
884 5812 952 5861 Cl,
983 5796 1036 5849 ‘2.
