3966 6486
163 419 232 482 ιιι
1063 415 1532 478 MARTYRIUM
1573 414 1680 474 SS.
1724 413 1873 473 XLV
1911 418 2378 481 MARTYRUM.

3259 418 3365 483 352

161 536 295 596 αὑτὸν,
321 534 486 604 μηδὲν
540 533 727 586 ἄδικον
763 533 793 602 ἢ
831 533 1148 601 παράνομον
1173 529 1672 600 διαπραττόμενοι,

1811 535 1922 590 icut
1955 546 2013 590 tu
2041 554 2153 606 pra:
2186 556 2269 594 me
2299 540 2467 602 nosti,
2495 550 2631 608 quot
2659 540 2892 594 solitarii
2920 541 2973 594 in
3002 538 3235 610 (Egypto
3263 542 3367 594 mi-

163 625 390 693 φιλόξενοι,
435 625 651 688 πάντας
701 624 1047 692 ἀγαπῶντες.
1099 624 1228 687 Καὶ,
1261 623 1333 685 ὡς
1382 624 1477 676 καὶ
1515 622 1677 684 αὐτὸς

159 711 264 778 οἶδας
295 716 390 786 πρὸ
426 715 586 785 ἐμοῦ,
618 718 743 778 τοὺς
784 717 842 767 ἐν
887 714 1148 784 Αἰγύπτῳ
1186 715 1477 784 ἐρημίτας,
1507 713 1680 766 ὁπόσα

163 806 638 877 θαυματουργοῦσιν.
675 807 740 860 Τί
783 803 878 860 οὖν
922 806 1218 875 μέλλομεν,
1246 807 1277 874 ἢ
1308 804 1677 874 βραδύνομενς

159 900 240 952 Νῦν
263 901 434 970 καιρὸς
456 900 688 969 ἀγῶνος.
731 897 882 967 Ἐμοὶ
909 898 1060 952 δοκεῖ
1088 898 1347 950 εἰσελθεῖν
1374 899 1472 950 σὺν
1498 897 1682 958 αὐτοῖς

161 992 200 1041 ιν
222 994 273 1061 τῇ
300 992 527 1060 φυλακῇ,
564 991 660 1042 καὶ
690 990 1070 1059 παρακαλέσαι
1095 989 1294 1051 αὐτοὺς
1322 988 1579 1054 δέξασθαί
1615 1004 1681 1055 με

161 1090 231 1138 σὺν
256 1087 440 1147 αὐτοῖς.
485 1083 575 1134 Σοὶ
611 1082 666 1135 δὲ
697 1083 747 1134 τί
769 1083 937 1140 δοκεῖ,
963 1083 1195 1150 das-10$;
1229 1083 1338 1134 Καὶ
1367 1084 1394 1134 ὁ
1428 1081 1684 1151 Βήληρά-

159 1180 230 1244 6ης
278 1178 364 1245 ἐστι
391 1192 407 1206 °
461 1177 523 1228 lii
557 1169 706 1228 οὗτοι
759 1175 860 1228 οὐκ
913 1176 1262 1243 ἐφοϐήθησαν
1301 1175 1392 1227 τὸν
1430 1176 1685 1238 θάνατον,

159 1271 246 1322 ἀλλ’
269 1269 391 1338 ὺπέρ
421 1267 516 1319 τοῦ
546 1267 685 1320 Θεοῦ
717 1267 896 1321 αὐτῶν
923 1266 1062 1335 μετὰ
1091 1268 1268 1337 χαρᾶς
1308 1267 1686 1335 ἀποθνήσκου-

161 1376 214 1420 σι,
252 1361 329 1409 καὶ
374 1359 622 1410 τοιοῦτον
672 1357 786 1425 φῶς
845 1357 1158 1425 βλέπουσιν,
1213 1352 1322 1410 οἷον
1394 1357 1489 1409 καὶ
1529 1357 1686 1425 ήμείς

161 1450 256 1502 (δεῖν
283 1449 580 1516 κατηξιώθη
593 1467 694 1516 μεν
727 1449 801 1518 τῷ
833 1449 922 1501 ἐπ’
945 1449 1127 1510 αὐτοῖς
1161 1449 1404 1516 φανέντι,
1430 1449 1574 1502 amt
1599 1450 1693 1502 καὶ

161 1543 281 1608 ἡμεῖς
303 1542 508 1612 μέτοχοι
527 1542 624 1610 τῆς
644 1542 816 1610 χαρᾶς
839 1539 1020 1593 αὐτῶν
1045 1542 1104 1592 οὐ
1133 1540 1396 1609 γινόμεθα
1419 1560 1433 1603 ς
1465 1541 1694 1593 Ἥθελον

157 1631 197 1682 δὲ
230 1633 272 1682 εί
294 1649 364 1694 τις
391 1635 484 1684 τὸν
531 1632 724 1693 δοῦκα,
760 1631 848 1685 ἵνα
881 1633 1200 1700 ἠνάγκασεν
1231 1632 1528 1685 ἀποθανεῖν
1556 1633 1695 1702 ὑπὲρ

158 1723 228 1776 τοῦ
251 1725 366 1777 Θεοῦ
395 1725 561 1778 αὐτοῦ
603 1725 963 1792 Ἀσκληπιοῦ,
1017 1724 1048 1793 ἦ
1096 1724 1454 1788 Ἃπόλλωνος,
1500 1728 1592 1777 καὶ
1637 1725 1696 1777 ὃν

158 1817 408 1881 καθέξατοι
466 1817 583 1869 ἀλλ’
615 1818 822 1878 ἐκεῖνος
866 1817 967 1884 μὲν
1003 1815 1282 1885 φιλοζωεῖ,
1313 1817 1470 1886 ἡμῶν
1503 1817 1560 1869 δὲ
1597 1819 1694 1871 καὶ

157 1909 231 1968 τὰς
271 1908 502 1970 άννῶνας
575 1909 798 1972 καὶτὰς
845 1910 1015 1972 ἄλλας
1067 1910 1387 1977 εὐεργεσίας
1424 1910 1690 1976 ὑπέτεμε,

157 2005 228 2054 καὶ
268 2005 454 2072 ἄνδρας
505 2007 751 2070 δικαίους
787 2011 1108 2062 ἀποκτενεῖ·
1144 2009 1544 2079 προσέλθωμεν
1572 2007 1690 2061 οὖν.

209 2093 276 2148 κ’.
302 2099 416 2150 .Kal
452 2099 838 2168 εἰσδραμόντες
871 2101 1215 2170 προσέπεσον
1238 2103 1350 2161 τοῖς
1380 2100 1580 2166 ἁγίοις,
1606 2098 1694 2151 λέ-

157 2203 340 2251 γοντες·
383 2187 579 2256 Κύριοι
615 2187 797 2256 ήμῶν,
827 2189 920 2239 καὶ
947 2187 1125 2240 δοῦλοι
1160 2189 1254 2240 τοῦ
1306 2186 1568 2256 Χριστοῦ,
1611 2186 1696 2238 δὲ-

156 2277 284 2340 ξασθε
323 2281 411 2330 καὶ
445 2279 596 2347 ἡμᾶς
625 2280 679 2330 ἐν
711 2279 787 2349 τῷ
819 2278 1040 2349 ἀριθμῷ
1069 2279 1222 2350 ὑμῶν
1243 2295 1257 2310 ·
1288 2278 1696 2349 ἐπιστεύσαμεν

155 2373 238 2436 γάρ
275 2372 421 2438 ἡμεῖς
469 2372 550 2432 εἰς
580 2369 672 2423 τὸν
715 2370 922 2441 Κύριον
970 2371 1128 2442 ήμῶν
1180 2370 1391 2442 Ἰησοῦν
1437 2373 1692 2442 Χριστὸν,

155 2462 223 2511 τὶν
249 2464 602 2532 ἀγαπήσαντα
627 2464 795 2533 ἡμᾶς.
833 2464 1078 2529 Εὕξασθε
1108 2463 1201 2517 οὖν
1235 2467 1327 2517 καὶ
1353 2465 1483 2534 περὶ
1512 2465 1695 2534 ἡμῶν,

155 2553 218 2606 ivx
256 2559 321 2625 μὴ
346 2557 416 2618 ὡς
453 2557 821 2626 βραδύναντες
853 2555 1286 2623 ἐκκλεισθῶμεν.
1339 2557 1453 2610 Καὶ
1493 2558 1698 2621 πάντες

153 2648 262 2713 ἐμοῦ
313 2649 741 2719 περιπλακέντες
787 2649 971 2710 αὐτοῖς
1021 2649 1071 2700 ol
1116 2647 1266 2714 ἅγιοι
1317 2647 1697 2717 κατεφίλησαν

157 2742 319 2801 αὐτοὺς
349 2743 484 2808 μετὰ
512 2741 711 2810 χαρᾶς.
738 2740 990 2805 λέγοντες
1011 2757 1025 2770 ·
1065 2739 1309 2810 ’Δδελφοὶ
1343 2741 1502 2811 ήμῶν
1533 2743 1656 2793 ἐστε
1679 2755 1694 2772 ο

153 2831 174 2878 ὁ
215 2830 309 2898 γὰρ
349 2830 553 2900 Κύριος
601 2829 762 2900 ήμῶν
798 2828 1004 2899 Ἰησοῦς
1047 2828 1284 2898 Χριστὸς
1315 2832 1409 2881 καὶ
1441 2829 1567 2891 τοὺς
1596 2828 1698 2898 τῆς

156 2921 411 2993 Mittam;
444 2925 598 2993 ὧρας
630 2924 868 2992 ἐργάτας
899 2921 1118 2984 ἐδέξατο
1149 2925 1229 2984 είς
1257 2922 1348 2974 τὸν
1377 2921 1696 2990 ἀμπελῶνα·

155 3018 213 3078 μὴ
253 3012 341 3068 οὖν
384 3017 694 3085 δειλιὰσήτε
721 3031 735 3045 ο
778 3008 822 3082 ᾧ
851 3020 960 3084 γάρ
990 3015 1346 3068 ἐπιστεύσατε
1382 3014 1594 3084 Κυρίῳ,
1621 3014 1700 3083 τῷ

154 3105 338 3170 ὀφθέντι
374 3111 508 3178 ἡμῖν
561 3111 655 3160 καὶ
696 3108 1014 3174 λαλήσαντι,
1043 3108 1206 3170 αὐτὸς
1255 3108 1399 3177 ὑμᾶς
1443 3107 1700 3160 ἐκάλεσεν

1783 631 1968 683 racula
2002 629 2251 684 faciunt?
2281 629 2392 685 Cur
2422 647 2552 700 ergo
2583 645 2887 695 moramur,
2922 641 3017 684 aut
3053 630 3369 684 tardamus?

1781 720 1940 775 Nunc
1972 721 2296 774 certaminis
2331 733 2550 789 tempus
2616 730 2722 776 est.
2780 721 2897 776 Una
2942 737 3066 775 cum
3116 721 3251 788 ipsis
3315 723 3370 774 in

1781 814 2316 869 carceremintroire
2359 814 2491 867 mibi
2530 814 2729 883 placet,
2757 813 3016 883 ipsosque
3079 813 3369 874 obtestari.

1784 916 1844 961 ut
1881 923 1966 961 me
1998 907 2051 960 in
2085 922 2247 961 suum
2275 907 2543 974 accipiant
2597 906 2964 960 consortium.
3001 906 3142 971 Quid
3187 915 3370 962 autem

1787 999 1886 1052 tibi
1916 998 2153 1063 videtur,
2186 998 2391 1052 frater?
2416 1007 2472 1051 et
2501 998 2793 1052 Beicradcs
2823 997 2959 1050 dixit
2996 1014 3008 1049 :
3038 997 3092 1051 Si
3138 1007 3371 1050 mortem

1786 1090 1866 1145 illi
1894 1107 2001 1144 non
2043 1092 2256 1152 timent.
2288 1091 2381 1145 sed
2417 1100 2644 1159 propter
2687 1091 2855 1144 Deum
2904 1105 3062 1143 suum
3124 1091 3373 1143 moriun-

1791 1191 1882 1236 tur
1930 1197 2056 1236 cum
2083 1181 2303 1250 gaudio,
2329 1193 2384 1234 et
2416 1180 2519 1234 tale
2550 1181 2736 1234 lumen
2767 1179 3067 1248 aspiciunt,
3102 1180 3246 1248 quali
3275 1193 3377 1232 nos

1790 1291 2011 1344 quoque
2048 1275 2308 1343 dignatus
2339 1283 2423 1327 est
2455 1275 2566 1334 ille.
2601 1273 2693 1342 qui
2729 1272 2814 1327 bis
2837 1273 3132 1340 apparuit;
3160 1271 3290 1338 quid
3320 1271 3376 1324 nl

1792 1364 1974 1432 gaudii
2013 1363 2258 1431 ipsorum
2295 1363 2592 1432 participes
2647 1361 2838 1414 ﬁamus
2873 1362 3037 1413 etiam
3070 1361 3206 1413 nos?
3255 1359 3379 1413 Vel-

1794 1456 1924 1515 lem.
1958 1463 2017 1508 ut
2049 1455 2172 1523 quis
2203 1454 2396 1508 ducem
2430 1464 2647 1522 cogeret
2680 1455 2744 1507 ad
2771 1452 3115 1507 moriendum
3146 1468 3242 1520 pro
3271 1452 3376 1505 dco

1796 1566 1896 1604 suo
1916 1549 2230 1616 Escuiapio
2262 1557 2356 1604 aut
2389 1549 2661 1616 Apolline,
2717 1563 2956 1615 eumque
2994 1544 3376 1615 apprchende-

1799 1649 1881 1694 ret
1919 1658 1931 1694 :
1967 1641 2061 1694 sed
2102 1640 2249 1694 cnim
2285 1641 2372 1694 ille
2408 1648 2553 1693 amat
2589 1639 2788 1702 vitam;
2835 1649 3052 1692 nostras
3087 1653 3220 1692 vero
3276 1653 3378 1691 an-

1799 1750 1976 1788 nonas
2001 1734 2076 1800 (6)
2105 1743 2161 1787 et
2193 1733 2296 1786 alia
2333 1732 2603 1787 beneficia
2632 1731 2890 1796 succidit,
2919 1746 2985 1785 ac
3025 1730 3175 1784 viros
3199 1729 3378 1800 iustos

1800 1826 2026 1880 occidit.
2059 1827 2401 1879 Accedamus
2432 1825 2635 1894 itaque.

1874 2095 1990 2152 XX.
2027 2097 2093 2152 Et
2122 2106 2475 2150 accurreutes
2504 2092 3070 2152 accideruntsanctis.
3103 2093 3382 2148 dicentes:

1801 2191 2019 2244 Domini
2059 2190 2234 2248 nostri
2275 2199 2331 2243 et
2358 2189 2501 2243 servi
2537 2187 2764 2251 Christi,
2798 2201 2899 2241 nos
2929 2200 3150 2256 quoque
3183 2185 3237 2238 in
3281 2199 3386 2238 nuo

1803 2295 2016 2334 merum
2050 2290 2294 2335 vestrum
2343 2281 2618 2333 admittite
2675 2296 2686 2331 :
2719 2279 3058 2332 credidimus
3097 2279 3243 2332 enim
3284 2292 3390 2332 nos

1805 2376 1860 2430 in
1887 2373 2176 2427 Dominum
2202 2382 2449 2426 nostrum
2474 2372 2659 2427 Jesum
2686 2371 2993 2432 Christum.
3039 2371 3130 2440 qui
3191 2371 3387 2426 dilexit

1804 2483 1927 2522 nos.
1955 2467 2120 2522 Orate
2152 2467 2336 2535 itaque
2367 2479 2467 2534 pro
2505 2463 2686 2524 nobis.
2716 2480 2782 2518 ne
2825 2472 3082 2532 tanquam
3117 2463 3268 2517 tarde
3294 2476 3387 2515 ve-

1804 2561 2022 2614 nientes
2051 2559 2431 2612 excludamur.
2488 2558 2671 2612 Sancti
2717 2573 2911 2610 omnes
2960 2557 3084 2610 illos
3125 2557 3384 2626 amplexi.

1805 2651 2055 2706 osculum
2082 2650 2374 2704 dederunt-
2399 2665 2522 2703 cum
2559 2649 2767 2711 lattitia,
2820 2648 3066 2702 dicentes
3103 2668 3116 2702 :
3165 2649 3387 2703 Fratres

1805 2745 1981 2798 nostri
2032 2743 2204 2806 estis;
2237 2753 2361 2795 nam
2384 2742 2650 2795 Dominus
2692 2751 2880 2794 noster
2915 2739 3076 2795 Jesus
3131 2741 3387 2796 Christus

1805 2838 1957 2892 liora:
1991 2834 2297 2889 undecima!
2331 2834 2613 2901 operarios
2643 2834 2865 2889 admisit
2912 2835 2964 2887 in
2997 2836 3253 2888 vineam:
3287 2849 3386 2887 no-

1807 2933 1904 2986 iitc
1927 2944 2057 2999 ergo
2088 2930 2281 2982 timere
2304 2945 2318 2991 ;
2343 2942 2466 2980 nam
2500 2926 2787 2989 Dominus,
2818 2927 2904 2980 cui
2931 2927 3264 2985 credidistis.
3292 2927 3386 2995 qui

1807 3021 1969 3075 nobis
2001 3023 2277 3088 apparuit,
2300 3030 2356 3073 et
2415 3018 2702 3073 nobiscum
2739 3019 2956 3073 locutus
2983 3029 3084 3077 est.
3123 3019 3237 3086 ipse
3291 3030 3398 3072 νοε

1809 3113 2042 3178 vocavit,
2074 3122 2334 3191 tanquam
2366 3111 2583 3182 dignos.
2616 3111 2744 3164 Orta
2779 3123 2961 3164 autem
2987 3112 3131 3166 luce.
3163 3111 3268 3163 dux
3299 3125 3392 3163 ac-

151 3198 209 3258 ὡς
259 3198 431 3263 ἀξίους
481 3200 668 3260 ὄντας.
726 3200 946 3267 Πρωῖας
994 3200 1050 3252 δὲ
1087 3200 1410 3268 γενομένης,
1455 3199 1698 3269 ἠκούσθη

1810 3207 2260 3277 cepit.cuslodes
2293 3220 2412 3258 esse
2459 3203 2868 3274 praevaricatos,
2902 3212 2958 3256 et
2999 3218 3028 3256 a
3074 3207 3387 3255 vinctorum

153 3287 295 3342 ταῦτα
320 3291 394 3362 τῷ
421 3292 601 3355 δουκὶ,
634 3292 716 3344 ὅτι
758 3294 852 3342 καὶ
877 3293 924 3343 οῖ
955 3291 1199 3360 φύλακες
1225 3291 1571 3361 παρέϐησαν,
1609 3295 1703 3346 καί

149 3384 233 3434 tisi
280 3387 370 3438 σὺν
418 3389 532 3448 τοῖς
588 3384 918 3451 δεσμώταις.
960 3383 1022 3438 ’0
1054 3384 1111 3437 δὲ
1137 3384 1263 3443 δοὺΞ
1297 3384 1704 3454 βλασφημήσας

151 3472 252 3535 τοὺς
283 3475 427 3538 θεοὺς
455 3476 628 3529 αὐτοῦ
667 3472 844 3539 εἷπεν,
875 3477 958 3528 ὅτι
1005 3475 1102 3528 ἕνα
1148 3476 1269 3528 καθ’
1304 3477 1400 3529 ἕνα
1430 3477 1703 3542 ἀπώλεσε,

153 3567 209 3631 μὴ
229 3568 508 3636 δυνάμενοι
546 3571 762 3630 ἑαυτοῖς
801 3568 1090 3638 βοηθῆσαι,
1120 3569 1238 3622 ἀλλ’
1264 3573 1574 3637 ἐκδέχονται
1607 3574 1707 3640 τὴν

151 3653 218 3703 διὰ
245 3656 341 3708 τῶν
369 3659 679 3729 ἀνθρώπων
709 3659 1012 3726 ἐκδίκησιν.
1052 3661 1160 3712 Καὶ
1193 3658 1427 3722 ἐξελθὼν
1456 3661 1557 3727 τῆς
1593 3664 1696 3716 πό-

153 3746 280 3811 λεως,
324 3752 582 3806 ἐκάθισεν
633 3753 690 3804 ἐν
739 3752 815 3822 τῷ
848 3753 1070 3822 συνήθει
1115 3751 1287 3819 τόπῳ,
1324 3753 1416 3804 καὶ
1459 3752 1706 3816 δεδωκὼς

155 3843 348 3902 πρόοδον
396 3849 543 3898 κατὰ
604 3847 715 3898 τῶν
767 3845 960 3912 ἁγίων,
1005 3846 1292 3899 ἐκέλευσεν
1337 3846 1533 3909 αὐτοὺς
1574 3863 1709 3916 προ-

149 3935 349 4002 αχθῆναι
372 3955 390 3969 ο
426 3939 525 3990 καὶ
571 3938 910 4004 θεασάμενος
944 3939 1035 3991 τὸν
1060 3939 1305 3992 Μεναίαν
1330 3940 1423 3992 καὶ
1460 3940 1712 4012 Βήληρά·

150 4025 226 4090 δην
250 4027 471 4090 ἑαυτοὺς·
502 4029 869 4091 συνδέσαντας
901 4034 1009 4093 τοῖς
1036 4033 1232 4096 ἁγίοις,
1280 4033 1578 4102 ἐμειδίασε,
1615 4036 1713 4087 καὶ⁵

150 4116 271 4183 λέγει
313 4122 607 4193 Ἀππιανῷ
648 4122 724 4192 τῷ
760 4124 1057 4194 πρίγκιπι·
1099 4123 1357 4192 Θεωρεῖς,
1422 4126 1710 4193 ’Λππιανέ,

150 4207 214 4259 ὅτι
253 4211 360 4267 ἐστι
425 4233 514 4286 τις
569 4215 667 4268 καὶ
707 4219 763 4269 ἐν
805 4219 917 4280 τοῖς
950 4216 1188 4286 χείροσιν
1223 4217 1385 4288 ήδονὴ
1417 4221 1449 4288 ἡ
1484 4218 1712 4274 θάνατον

150 4303 361 4370 vir/lusa.
380 4325 395 4338 '
435 4310 552 4360 ἰδοὺ
582 4309 692 4377 γὰρ
713 4310 761 4361 0i
783 4312 1118 4380 στρατιῶται
1143 4310 1234 4362 τὸν
1257 4312 1486 4364 θάνατον
1513 4315 1714 4380 μᾶλλον

149 4396 473 4469 ὴγάπησανῆ
514 4401 620 4467 τὴν
671 4402 839 4471 ζωήν.
889 4403 1183 4464 Ἀππιανὸς
1213 4399 1368 4456 εἶπεν
1397 4419 1409 4432 ³
1447 4407 1711 4471 Δέσποτα,

150 4490 347 4544 λιῦλασον
376 4493 589 4556 αὐτοὺς
619 4493 746 4564 ξένῃ
766 4495 1028 4564 τιμωρίᾳ.
1075 4494 1132 4547 Ὀ
1159 4495 1216 4548 δέ
1245 4494 1372 4560 ὃοὺξ
1397 4496 1581 4564 λέγει·
1612 4498 1712 4564 Οὒ,

1810 3300 2059 3370 partibus
2084 3307 2259 3362 stare;
2298 3307 2353 3352 et
2385 3297 2520 3352 deos
2551 3312 2682 3351 suos
2725 3296 3066 3350 conviciatus
3093 3296 3249 3349 dixit.
3293 3309 3393 3352 eos

1811 3408 1984 3446 unum
2015 3403 2132 3459 post
2161 3393 2394 3446 alterum
2425 3391 2678 3458 periisse,
2719 3391 2812 3456 qui
2855 3404 2964 3442 non
3030 3398 3255 3453 possent
3285 3387 3389 3442 sibi

1811 3484 1948 3553 ipsis
1987 3482 2264 3542 auxiliari,
2293 3479 2386 3534 sed
2425 3482 2491 3536 ab
2517 3480 2838 3533 hominibus
2879 3493 3070 3547 pmnas
3110 3479 3245 3547 pati.
3299 3476 3393 3532 Ci-

1809 3579 1978 3631 vitatc
2008 3590 2266 3646 egressus
2293 3586 2560 3632 consueto
2585 3573 2835 3628 consedit
2865 3573 3006 3628 loco.
3045 3582 3098 3624 et
3132 3572 3300 3624 misso
3323 3571 3391 3625 ad

1812 3681 2031 3724 sanctos
2065 3670 2157 3738 qui
2184 3671 2235 3723 in
2260 3668 2344 3721 via
2387 3669 2608 3735 praeiret
2646 3667 2845 3719 adduci
2879 3681 2974 3719 eos
2997 3667 3162 3736 jussit
3210 3682 3222 3717 :
3264 3665 3390 3717 exin

1812 3762 2070 3814 Nemeam
2101 3769 2156 3813 et
2191 3761 2507 3815 Beleradcm
2543 3759 2972 3826 contemplatus,
3019 3774 3143 3812 cum
3185 3757 3394 3812 sanctis

1810 3852 2048 3917 vinctos,
2075 3851 2307 3918 subrisit
2335 3853 2661 3919 etAppiano
2687 3852 2918 3919 principi
2949 3852 3022 3913 t5)
3049 3851 3179 3902 dicit
3208 3867 3220 3901 :
3257 3849 3394 3903 Cer-

1814 3948 1922 4009 nis,
1943 3948 2207 4017 Appiano.
2233 3945 2378 4015 quod
2405 3945 2487 4000 vel
2523 3945 2574 3998 in
2606 3945 2884 3999 inferioris
2914 3953 3055 3997 notae
3076 3941 3396 3995 hominibus

1815 4041 2068 4105 voluptas
2106 4038 2354 4105 quaedam
2395 4038 2465 4089 sit
2511 4037 2754 4103 perferre
2784 4045 3041 4089 mortent.
3075 4033 3214 4088 Ecce
3243 4033 3392 4086 enim

1817 4129 2021 4184 milites
2067 4137 2302 4181 mortem
2361 4127 2672 4180 dilexerunt
2729 4126 2913 4194 potius
2967 4141 3129 4194 quam
3196 4124 3389 4176 vitam.

1817 4228 2101 4292 Appianus
2149 4221 2326 4275 dixit:
2367 4219 2631 4280 Domine,
2672 4220 2935 4271 inusitato
2993 4215 3240 4270 cruciatu
3297 4229 3394 4270 eos

1817 4316 2016 4384 plecte.
2058 4314 2172 4365 Dux
2207 4326 2336 4364 vero
2369 4308 2544 4362 dixit:
2586 4308 2727 4370 Non,
2758 4324 2856 4375 per
2879 4307 3032 4364 deos.
3069 4322 3178 4358 non
3207 4305 3395 4360 crucio

1819 4412 1991 4480 ipsos,
2042 4421 2112 4461 ne
2150 4403 2404 4462 cruciati.
2449 4410 2506 4455 et
2556 4400 2688 4454 deos
2738 4396 2973 4452 confessi
3022 4397 3240 4458 vivant;
3294 4395 3393 4449 sed

1820 4502 2121 4574 pronuntio
2151 4495 2477 4552 sententiam
2503 4501 2694 4548 contra
2726 4490 2868 4549 illos,
2903 4497 3086 4542 utuna
3117 4501 3240 4540 cum
3273 4484 3398 4540 aliis

152 4583 213 4642 μα
237 4585 355 4645 τοὺς
381 4585 570 4649 θεοὺς,
597 4585 660 4639 οὐ
686 4584 901 4649 κολάζω
931 4587 1150 4648 αὐτοὺς,
1181 4589 1379 4656 μήπως
1411 4590 1700 4660 κολαζόμε-

1822 4595 2243 4649 comburantur,
2277 4599 2352 4645 et.
2393 4585 2538 4654 quod
2567 4592 2848 4651 aptarunt,
2882 4581 3176 4647 accipiant.

149 4689 210 4723 W-
264 4677 354 4727 καὶ
417 4679 868 4744 ὁμολογήσαντες
909 4679 1034 4740 τοὺς
1089 4677 1244 4743 θεοὺς
1289 4679 1569 4749 ζήσουσιν,
1601 4685 1716 4738 ἀλλ’
1756 4686 2131 4756 ἀποφαίνομαι
2158 4681 2279 4733 κατ’
2317 4679 2496 4730 αὐτῶν
2524 4678 2669 4737 ὅπως
2739 4674 2836 4726 σὺν
2895 4675 3004 4734 τοῖς
3036 4672 3215 4732 ἄλλοις
3249 4670 3398 4722 καῶρ

151 4785 216 4819 σιν
236 4785 250 4801 ⁸
276 4770 303 4824 ὃ
335 4771 730 4840 ἐπεθύμησαν,
759 4773 1020 4829 λάϐωσιν.

207 4865 322 4920 KA'.
377 4866 742 4935 Ἀπεφήνατο
789 4861 881 4918 οὖν
926 4871 1050 4919 κατ’
1084 4869 1289 4931 αὐτῶν,
1327 4870 1502 4938 λέγων
1526 4889 1540 4904 ο
1573 4867 1718 4926 οὗτοι

148 4959 185 5003 οἱ
211 4959 430 5023 ἑστῶτες
465 4962 580 5029 πρὸ
606 4960 702 5011 τοῦ
730 4960 972 5029 βήματος
1005 4978 1108 5029 μου
1138 4964 1186 5013 οί
1214 4963 1372 5015 πέντε
1401 4967 1494 5017 καὶ
1526 4983 1720 5019 τεσσαο

151 5051 362 5112 ρακοντα
401 5053 506 5120 τῆς
540 5052 660 5104 τῶν
690 5051 1032 5116 Χριστιανῶν
1057 5051 1357 5123 θρησκείας
1389 5055 1719 5124 θρησκεύον-

148 5156 220 5204 τες
251 5146 648 5211 τυγχάνοντες,
676 5143 773 5196 καὶ
810 5146 1261 5213 παρακούσαντες
1292 5147 1400 5199 τῶν
1441 5149 1716 5218 αὐτοκρα-

151 5236 295 5302 τόρων
332 5238 643 5307 βασιλέων,
679 5239 774 5289 καὶ
823 5241 896 5306 μὴ
926 5237 1191 5300 θύσαντες
1228 5245 1340 5302 τοῖς
1378 5244 1543 5306 θεοῖς,
1586 5247 1720 5313 πρό-

151 5342 282 5393 τιρον
333 5332 436 5400 μὲν
495 5328 768 5381 πελέκεσι
819 5329 1199 5397 τεμνέσθωσαν
1269 5335 1456 5402 χεῖρας
1495 5338 1586 5386 καὶ
1624 5338 1720 5388 πόα

151 5418 252 5482 δας,
306 5424 502 5476 ἔπειτα
564 5419 707 5487 πυρὶ
765 5419 1266 5501 παραδυθήτωσαν,
1324 5428 1416 5476 καὶ
1472 5427 1718 5494 ἀπωλείᾳ

153 5516 227 5563 τοῦ
281 5516 458 5567 Λύκου
518 5510 802 5581 ποταμοῦ.
849 5515 910 5564 Oi
957 5513 1011 5566 δὲ
1060 5515 1356 5582 ὑπηρέται,
1394 5519 1717 5585 ποιήσαντες

157 5607 462 5669 καθεσθῆναι
491 5607 626 5668 τοὺς
661 5604 848 5670 ἁγίους
881 5606 971 5656 ἐπὶ
998 5606 1091 5658 τοῦ
1111 5605 1360 5675 ἐδάφους,
1388 5611 1719 5664 κατέτεμνον

210 5763 278 5837 fit
323 5765 458 5820 Nota
487 5775 579 5818 cst
620 5761 843 5837 Latinis
898 5779 995 5818 vox
1029 5782 1281 5830 annona;
1328 5766 1413 5822 hic
1447 5767 1583 5821 forte
1626 5786 1718 5822 su-

164 5834 300 5883 mitur
321 5852 418 5903 pro
455 5833 695 5889 salaria.

1889 4872 2031 4927 XXI.
2096 4865 2436 4923 Sententiam
2495 4864 2679 4930 itaque
2731 4861 2997 4914 adversus
3071 4876 3166 4912 eos
3236 4860 3393 4922 tulit,

1819 4966 2048 5021 dicens:
2092 4958 2180 5015 Hi.
2213 4956 2306 5023 qui
2343 4965 2468 5007 ante
2505 4952 2744 5007 tribunal
2791 4967 2972 5006 meum
3011 4959 3190 5005 astant
3227 4952 3394 5018 quin.

1818 5072 1922 5125 que
1965 5062 2020 5108 et
2063 5048 2425 5120 quadraginta
2476 5047 2790 5102 christiana:
2835 5043 3250 5111 superstitionis
3280 5043 3395 5098 cul-

1819 5155 1989 5208 tores,
2026 5141 2455 5211 imperatoribus
2495 5136 2752 5204 Augustis
2807 5135 3089 5196 rcluctati,
3137 5134 3244 5187 diis
3285 5149 3395 5189 non

1827 5239 2200 5294 immolarunt.
2232 5234 2410 5302 primo
2427 5229 2648 5298 quidem
2678 5227 3011 5296 bipennibus
3035 5236 3396 5293 amputentur

1830 5347 2019 5387 manus
2042 5345 2106 5382 ac
2139 5326 2326 5396 pedes.
2362 5325 2491 5378 dein
2527 5323 2634 5391 igni
2667 5320 2977 5377 tradantur.
3003 5329 3058 5371 et
3086 5317 3213 5386 Lyci
3243 5317 3396 5376 ﬂtn'ii

1828 5425 1992 5480 undis
2025 5427 2273 5490 pereant.
2311 5415 2541 5470 Ministri
2583 5422 2765 5467 autem
2799 5422 3016 5466 sanctos
3047 5411 3195 5464 humi
3222 5412 3398 5464 collo-

1829 5522 2035 5575 canles,
2075 5511 2192 5564 sine
2239 5523 2392 5562 mora
2441 5506 2703 5560 membris
2753 5513 3116 5558 truncarunt:
3159 5518 3395 5571 quorutn

1829 5607 1921 5660 alii
1959 5606 2012 5658 in
2065 5616 2192 5672 pyra
2240 5600 2469 5655 ardente
2507 5597 2910 5667 sanguinolenti
2955 5596 3191 5648 animam
3230 5593 3399 5647 exha-

1829 5766 1985 5885 ﬂi5)
2027 5761 2216 5845 Latine
2254 5759 2507 5828 princeps,
2548 5761 2612 5812 de
2643 5776 2752 5828 quo
2788 5755 3026 5824 Cangius
3074 5755 3124 5806 in
3163 5762 3398 5819 utroque

1841 5867 1865 5885 _.
1897 5851 2124 5885 ossano.

1841 5851 2124 5890 --lO$$3i'l0.
