3966 6462
571 403 674 467 3Ᾱ3
1871 417 2159 476 MENSIS
2197 420 2495 482 IULIUS.
3720 426 3825 488 3M

567 520 791 574 labant:
827 523 914 576 alii
956 536 1087 578 vero
1114 524 1294 579 adhuc
1324 526 1632 596 Spirabant.
1665 529 1814 585 Inter
1845 548 1982 601 quos
2014 535 2137 590 Ani-

2254 538 2349 589 xui.
2376 538 2623 607 ἐμέλιζον
2655 540 2710 592 ἐν
2745 542 2948 611 σπουδῇ
2972 559 2985 572 ·
3013 542 3105 594 καὶ
3125 544 3173 595 οἱ
3202 544 3296 612 μὲν
3327 545 3434 597 τῶν
3462 546 3651 612 ἁγίων,
3677 548 3730 597 ἐν
3759 549 3826 615 τῇ

565 619 744 674 cetus,
781 617 1190 684 contemplatus
1238 615 1473 670 fractum
1510 633 1631 672 esse
1662 634 1790 675 crus
1817 637 1998 687 suum,
2038 639 2137 677 non

2255 633 2404 702 πυρᾷ
2465 633 2561 685 τοῦ
2618 633 2896 697 καύσωνος
2970 636 3480 704 ἐξαιματωθέντες,
3541 639 3828 692 ἀπέδωκαν

567 716 795 770 prorsus
815 703 1143 770 abscissum,
1165 706 1261 760 sed
1289 707 1616 764 deformiter
1639 721 1864 775 tortum,
1901 719 2137 783 corporis

2252 726 2351 786 τὰς
2381 723 2596 793 ψυχάςυ
2634 728 2682 778 οἰ
2719 727 2774 778 δὲ
2815 726 2895 780 ἔτι
2927 703 3254 796 ἐμπνέοντες
3279 726 3440 798 ἦσαν,
3477 731 3532 782 ἐν
3563 726 3642 789 οἷς
3680 732 3769 783 καὶ
3799 733 3828 782 ὁ

564 796 647 848 sui
703 796 841 850 mala
900 797 1110 862 ridens,
1167 799 1612 869 dixitzAdeste,
1674 803 1891 869 fratres,
1964 808 2137 862 videte

2251 814 2406 880 ἅγιος
2447 815 2735 885 Ἀνίκητος
2777 817 3114 885 θεασάμενος
3157 819 3249 870 τδν
3279 796 3454 888 μηρᾲν
3495 820 3660 872 αὐτοῦ
3695 820 3828 872 κλα-

563 887 758 942 falcem
790 887 1111 959 frugiferam
1140 911 1151 944 :
1186 903 1348 962 atque
1390 894 1471 948 illi
1521 897 1687 950 simul
1712 911 1834 950 cum
1867 897 1986 967 ipso
2017 915 2137 969 gau-

2254 902 2470 966 σθέντα,
2504 904 2565 955 οὐ
2602 905 2766 956 παντὶ
2797 905 2850 956 δὲ
2886 906 3185 974 τμηθέντα,
3233 887 3371 960 ἀλλά
3403 887 3681 977 στρεόλῶς
3711 910 3827 962 κεί-

560 979 788 1034 debant.
841 981 912 1034 At
963 993 1189 1038 sanctus
1235 985 1538 1051 Sisinnius,
1585 987 1776 1042 fractis
1819 989 2039 1058 organis
2089 999 2137 1042 el

2253 1010 2436 1062 μενον,
2490 995 2812 1062 καταγελῶν
2877 997 2972 1048 τοῦ
3038 997 3290 1066 σώματος
3349 1000 3538 1062 αὑτοῦ,
3603 1000 3824 1066 ἔλεγεν·

557 1092 756 1146 magno
787 1079 1091 1148 praecordia
1140 1081 1512 1135 inflammatus
1554 1091 1725 1144 aestu,
1776 1097 1884 1150 pra:
1920 1083 2006 1134 isti
2035 1082 2137 1136 dis‘

2249 1084 2434 1147 Δεῦτε,
2472 1085 2630 1148 ἴδετε,
2655 1086 2897 1154 ἀδελφοὶ,
2927 1087 3204 1155 δρεπάνην
3238 1091 3522 1159 καρπικήν
3551 1106 3565 1121 ·
3603 1093 3698 1143 καὶ
3730 1093 3827 1142 αὺ-

556 1172 930 1235 cruciabatur,
948 1190 1009 1228 ac
1043 1175 1318 1229 volutatus
1347 1177 1399 1229 in
1430 1177 1734 1246 subjectam
1758 1187 1967 1246 petram
1997 1176 2137 1230 haud

2249 1177 2330 1229 τοὶ
2356 1177 2411 1229 δὲ
2450 1178 2597 1248 αὐτῷ
2626 1179 3132 1250 συνεφαιδρύνοντο.
3171 1182 3228 1234 ’0
3250 1183 3304 1234 δὲ
3336 1182 3490 1250 ἅγιος
3537 1183 3826 1248 Σισίννίος,

553 1263 748 1326 procul
783 1263 850 1316 ab
882 1263 1006 1319 aliis
1042 1265 1269 1333 sanctis,
1304 1276 1497 1336 aperto
1535 1281 1654 1332 ore,
1700 1266 1991 1320 Dominum
2018 1283 2137 1322 ora-

2249 1275 2543 1338 κατεαγεὶς
2604 1275 2671 1326 τά
2739 1275 2943 1344 σκέλη.
3005 1278 3098 1328 καὶ
3155 1275 3364 1345 σφόδρα
3431 1276 3829 1344 καταφλεχθεις

555 1355 653 1417 vit,
689 1355 922 1412 dicens:

2249 1363 2314 1414 τά
2375 1364 2584 1428 ἔγκατα
2639 1367 2703 1416 ἐκ
2767 1365 2866 1434 τῆς
2924 1367 3107 1436 δίψης,
3174 1367 3480 1435 κατεσύρη,
3553 1368 3829 1430 κυλισθεὶς

552 1452 632 1513 εἰς
663 1453 763 1521 τὴν
796 1453 1170 1524 ὑποκειμένην
1200 1457 1410 1525 πέτραν
1448 1456 1508 1510 οὐ
1549 1457 1770 1530 μακράν
1807 1457 1916 1510 τῶν
1957 1456 2138 1512 ἄλλων
2177 1457 2373 1526 ἁγίων,
2438 1460 2532 1512 καὶ
2562 1459 2781 1526 ἀνοίξας
2813 1462 2873 1514 τὸ
2901 1462 3076 1532 στόμα
3108 1462 3277 1516 αὑτοῦ
3347 1463 3543 1534 ἐδεήθη
3593 1464 3686 1517 τοῦ
3721 1466 3832 1517 Κυ-

546 1549 694 1618 ρίου,
725 1549 920 1618 λέγων’

625 1641 790 1698 XXII.
838 1644 1089 1712 Domine,
1138 1647 1409 1705 donorum
1462 1667 1789 1722 magnorum
1832 1650 2014 1714 dator,
2047 1649 2137 1718 qui

2321 1648 2450 1701 KB’.
2482 1645 2657 1712 Κύριε
2687 1645 3055 1716 μεγαλόδωρε,
3089 1645 3118 1697 δ
3162 1645 3228 1697 ἐκ
3277 1644 3486 1714 πέτρας
3519 1644 3828 1713 ἀκροτόμου

550 1735 970 1793 multitudinem
1010 1741 1187 1808 plebis
1219 1759 1282 1797 ac
1312 1743 1498 1812 populi
1529 1744 1807 1797 sitientem
1861 1751 2137 1812 praerupta

551 1845 580 1881 e
610 1845 746 1896 rupe
780 1833 1002 1899 potasti,
1027 1835 1120 1902 qui
1146 1836 1396 1890 Rubrum
1428 1853 1578 1892 mare
1598 1837 1851 1892 bifariam
1875 1837 2135 1901 secuisti,

554 1931 613 1975 ut
645 1923 882 1991 populus
915 1927 1224 1982 emanibus
1261 1930 1434 1999 iniqui
1475 1930 1824 2000 eriperetur;
1865 1931 1958 2000 qui
1988 1939 2140 1984 cata-

551 2023 734 2070 ractas
795 2019 917 2072 cmli
957 2023 1257 2089 aperuisti;
1292 2026 1387 2090 qui
1437 2024 1680 2078 evocasti
1738 2039 1908 2092 aquas
1944 2023 2134 2085 maris,

551 2117 604 2162 et
639 2108 882 2166 effudisti
910 2112 1031 2166 illas
1059 2115 1111 2166 in
1141 2113 1336 2167 faciem
1367 2115 1640 2169 universa:
1686 2123 1882 2179 terrae;
1917 2115 2010 2183 qui
2042 2116 2138 2168 be-

552 2201 814 2256 nedixisti
836 2219 1027 2272 aquas,
1067 2221 1190 2274 qua:
1213 2215 1340 2259 sunt
1371 2206 1426 2260 in
1461 2206 1724 2267 Jordane,
1760 2221 1859 2276 per
1881 2216 2134 2260 sanctum

550 2291 824 2363 baptisma
861 2305 1051 2358 tuum;
1079 2299 1172 2367 qui
1207 2299 1398 2353 dixisti
1425 2316 1438 2352 :
1473 2298 1582 2370 Ego
1609 2314 1729 2353 sum
1754 2314 1895 2369 aqua
1929 2299 2048 2352 viva
2079 2299 2134 2363 7;

554 2398 768 2454 petram
821 2390 965 2447 hanc
1016 2395 1207 2463 aperi,
1263 2410 1462 2464 aquam
1519 2397 1778 2457 effunde,
1835 2395 2136 2464 pauxillum

550 2490 716 2549 potus
771 2483 906 2536 mihi
959 2484 1141 2552 praebe
1173 2503 1185 2537 :
1221 2495 1276 2538 et
1315 2501 1382 2538 ex
1435 2486 1539 2539 hoc
1591 2501 1916 2554 cognoscam
1953 2484 1996 2538 si
2039 2498 2138 2538 nos

549 2571 768 2643 diligas,
794 2585 847 2630 et
876 2577 920 2630 si
943 2577 1091 2648 digni
1116 2577 1306 2639 simus,
1331 2578 1581 2642 Domine,
1601 2577 1698 2648 qui
1718 2587 1769 2632 te
1792 2578 2134 2632 invocemus.

547 2665 745 2722 Cernis
812 2669 986 2734 enim,
1039 2686 1361 2740 compagem
1401 2672 1652 2740 corporis
1699 2671 1874 2725 nostri
1916 2685 2135 2724 omnem

549 2769 934 2827 consumptam
965 2770 1019 2814 et
1067 2761 1254 2816 aridos
1301 2776 1402 2816 nos
1448 2777 1570 2818 esse
1603 2773 1861 2833 tanquam
1907 2770 2133 2817 testam.

547 2850 647 2906 Illo
684 2850 800 2906 haec
825 2862 1018 2907 orante
1049 2854 1103 2907 in
1135 2865 1310 2924 petra,
1351 2856 1544 2926 ingens
1592 2871 1623 2911 e
1672 2868 1827 2926 petra
1888 2870 2140 2910 murmur

548 2943 831 3007 insonuit,
888 2952 944 2997 et
991 2945 1257 3014 strepitus
1304 2961 1614 3013 aquarum:
1657 2954 1931 3015 ruptaque
1980 2955 2135 3015 petra

2246 1742 2418 1809 δῆμον
2450 1741 2623 1812 μέγαν
2674 1743 2767 1794 καὶ
2799 1739 2925 1794 λαὸν
2954 1740 3195 1811 διψῶντα
3226 1739 3474 1802 ποτίσας,
3515 1739 3542 1789 ὁ
3577 1737 3689 1801 θεὶς
3727 1741 3829 1804 τὴν

2260 1833 2527 1904 Ἐρυθρὰν
2555 1833 2831 1888 Θάλασσαν
2859 1835 3122 1903 τμήματα
3155 1835 3267 1896 δύο,
3292 1832 3421 1884 ἴναό
3453 1830 3541 1892 σὸς
3566 1831 3684 1894 λαδς
3719 1830 3832 1883 ἀπὺ

2245 1926 2450 1995 χειρῶν
2492 1926 2698 1992 ἀνόμου
2747 1924 2942 1995 ρυσθῇ,
2983 1927 3010 1978 δ
3049 1925 3268 1987 ἀνοίξας
3301 1923 3429 1984 τοὺς
3475 1923 3830 1988 καταράκτας

2245 2019 2338 2074 τοῦ
2368 2019 2622 2090 οὐρανοῦ,
2649 2020 2677 2071 ὁ
2715 2015 3200 2088 προσκαλούμενος
3233 2015 3293 2067 τὸ
3326 2014 3472 2084 ὕδωρ
3501 2013 3598 2082 τῆς
3627 2012 3831 2064 θαλάσ-

2247 2128 2370 2181 σης,
2405 2112 2501 2162 καὶ
2554 2110 2760 2178 ἐκχέων
2818 2109 2951 2162 αὐτὸ
3009 2109 3102 2161 ἐπὶ
3155 2109 3450 2177 πρόσωπον
3500 2107 3679 2171 πάσης
3730 2104 3830 2173 τῆς

2244 2206 2371 2274 γῆς,
2417 2208 2445 2258 ὁ
2488 2205 2789 2271 εὐλογήσας
2823 2204 2890 2256 τά
2919 2202 3087 2256 ὕδατα
3139 2205 3197 2255 ἐν
3227 2203 3305 2267 τῴ
3347 2199 3586 2270 Ἰορδάνῃ
3618 2197 3705 2249 διά
3734 2195 3829 2248 τοῦ

2247 2301 2404 2366 ἀγίου
2474 2314 2566 2350 σου
2626 2297 3025 2363 βαπτίσματος,
3077 2297 3105 2346 ὁ
3155 2293 3366 2346 είπών·
3425 2289 3566 2358 Ἐγώ
3601 2291 3718 2358 εἰμι
3769 2288 3832 2340 τὸ

2248 2389 2394 2458 ὕδωρ
2435 2388 2496 2440 τὸ
2540 2388 2679 2450 ζωόν
2705 2403 2718 2416 '
2752 2384 3020 2450 διάνοιξον
3067 2383 3168 2455 τὴν
3211 2383 3418 2452 πέτραν
3454 2381 3684 2448 ταύτην,
3733 2379 3833 2432 καὶ

2247 2483 2437 2552 ἔκχεον
2477 2480 2640 2549 ὕδωρ,
2669 2478 2763 2531 καὶ
2802 2477 3022 2531 πότισόν
3065 2494 3132 2547 με
3171 2477 3390 2546 μικρὸν,
3421 2476 3518 2528 καὶ
3565 2475 3624 2526 tv
3654 2474 3833 2541 τούτῳ

2246 2574 2529 2643 γνώσομαι
2553 2575 2602 2624 εί
2633 2573 2935 2642 ἠγάπησας
2960 2571 3132 2640 ἡμᾶς,
3164 2569 3260 2622 καὶ
3284 2569 3332 2620 εί
3361 2566 3503 2631 άξιοί
3535 2569 3705 2634 ἐσμεν
3727 2565 3833 2634 τῆς

2246 2670 2348 2740 σῆς
2383 2667 2748 2736 ἐπικλήσεως,
2779 2665 3049 2717 Δέσποτα.
3087 2664 3251 2732 Ὁρᾷς
3284 2661 3392 2730 γὰρ
3426 2661 3511 2712 ὅτι
3541 2661 3691 2712 πάσα
3723 2673 3834 2725 πη-

2249 2763 2398 2831 γμάς
2452 2761 2544 2813 τοῦ
2593 2759 2848 2827 σώματος
2896 2757 3056 2825 ἡμῶν
3101 2756 3499 2824 ἐξεδαπανήθη,
3542 2757 3635 2808 καὶ
3676 2753 3836 2822 ξηροὶ

2248 2853 2556 2919 γεγόναμεν
2584 2849 2661 2911 ὡς
2705 2849 2999 2916 ὄστρακον.
3045 2845 3164 2896 Ἔτι
3209 2844 3265 2897 δέ
3300 2843 3492 2896 τούτου
3523 2844 3832 2912 εὐχομένου

2249 2948 2307 3000 tv
2361 2947 2432 3015 τῇ
2479 2944 2656 3014 πέτρᾳ
2699 2943 2917 3011 άθροον,
2963 2937 3179 3010 ταραχή
3227 2954 3312 3000 τις
3359 2937 3586 3004 γέγονεν
3628 2936 3692 2986 ἐκ
3730 2937 3832 3003 τῆς

546 3033 750 3092 cIfudit
794 3051 994 3105 aquam
1032 3011 1315 3106 limpidam
1353 3011 1417 3092 ac
1472 3011 1885 3109 nitidam,vqute
1929 3011 1995 3093 in-
2029 3039 2132 3094 ho-

2249 3011 2475 3106 πέτρας,
2521 3011 2868 3103 καλινβόμσος
2915 3029 3142 3092 ὓδατος·
3183 3029 3278 3081 καὶ
3317 3028 3550 3098 ραγεῐσα
3585 3027 3618 3096 ἡ
3651 3025 3830 3095 πέτρα

549 3124 807 3182 dieruum
880 3141 1055 3196 usque
1114 3127 1258 3182 diem
1329 3136 1665 3199 spectatur:
1726 3137 1783 3184 et
1844 3140 2132 3199 postquam

548 3226 778 3271 sanctus
827 3217 1106 3275 Sisinnius
1141 3219 1404 3282 bibisset,
1454 3218 1744 3271 benedixit
1801 3219 2000 3280 Deum,
2052 3219 2137 3272 di-

549 3323 717 3362 cens:
758 3308 1035 3362 Benedico
1077 3317 1150 3371 te,
1179 3310 1430 3372 Domine,
1477 3310 1625 3377 quod
1658 3309 1896 3364 animam
1925 3310 2135 3365 satiasti

548 3399 793 3454 inanem.
830 3399 1019 3453 Laudo
1056 3410 1128 3465 te,
1166 3401 1300 3465 Rex,
1325 3411 1380 3456 et
1415 3402 1682 3471 glorifico,
1709 3403 1804 3472 qui
1861 3404 2138 3458 exsistens

549 3501 676 3548 ante
699 3493 919 3559 secula,
954 3503 1116 3550 natus
1143 3509 1202 3549 es
1226 3510 1256 3548 e
1297 3495 1532 3564 Deipara
1567 3495 1766 3561 Maria,
1798 3497 1926 3566 quia
1949 3538 1962 3561 ,
2010 3505 2137 3549 tan-

551 3599 716 3654 quam
755 3599 896 3654 puer
949 3601 1046 3655 per
1086 3587 1171 3641 lac
1213 3586 1437 3653 matris,
1475 3602 1576 3656 per
1618 3603 1756 3658 Opus
1810 3589 1958 3658 quod
2005 3603 2140 3643 con-

549 3673 742 3730 didisti
768 3686 1050 3734 saturatus
1076 3692 1222 3734 sum.

620 3767 814 3825 XXIII.
857 3771 1087 3841 Largire
1117 3772 1255 3827 mihi
1279 3781 1336 3828 et
1355 3773 1563 3829 sanctis
1589 3773 1856 3830 fratribus
1879 3789 2140 3830 consum-

550 3879 704 3920 mare
737 3878 962 3920 cursum
995 3862 1052 3920 in
1081 3872 1175 3920 tua
1210 3865 1386 3937 gratia
1420 3874 1478 3922 et
1506 3882 1639 3937 spe;
1695 3876 1752 3922 et
1790 3868 1957 3922 sicuti
1991 3869 2138 3922 inter

553 3971 655 4011 nos
695 3955 838 4011 uniti
888 3956 1091 4012 animis
1133 3957 1343 4013 fuimus
1375 3967 1718 4023 constanter,
1769 3958 1842 4011 ita
1877 3958 2138 4012 unianiur

551 4047 794 4102 ossibus.
835 4047 963 4117 Opis
996 4057 1102 4103 tua;
1133 4049 1373 4122 indigos,
1405 4059 1570 4121 teque
1604 4061 1796 4106 nostro
1819 4052 2135 4108 interventu

553 4143 898 4208 invocantes,
932 4143 1117 4198 statim
1159 4144 1391 4208 exaudi,
1425 4145 1678 4206 Domine,
1718 4147 1771 4199 in
1805 4161 2137 4214 quacunque

551 4234 883 4288 necessitate
931 4242 986 4287 et
1034 4234 1368 4303 indigentia;
1417 4235 1670 4305 quamvis
1717 4237 1773 4290 in
1811 4245 2136 4306 paupertate

2242 3130 2532 3192 ἐξέϐλυσεν
2554 3125 2696 3194 ὕδωρ
2721 3125 2916 3184 διειδές
2947 3139 3004 3174 τε
3037 3125 3129 3174 καὶ
3154 3121 3340 3185 καλὸν,
3366 3122 3502 3191 ὅπερ
3535 3119 3830 3190 θεωρεῖται

2246 3219 2412 3289 μέχρι
2469 3217 2567 3286 τῆς
2627 3218 2906 3284 σήμερον⁸
2945 3213 3042 3267 καὶ
3099 3212 3243 3267 πιὼν
3292 3214 3321 3264 ὀ
3371 3214 3525 3279 ἆγιος
3561 3211 3834 3274 Σισίννιος

2241 3313 2516 3384 ηὑλόγησε
2573 3312 2664 3364 τὸν
2708 3309 2844 3362 Θεὸν
2889 3309 3064 3374 λέγων
3089 3322 3104 3338 ο
3146 3305 3335 3374 Ὑμνῶ
3377 3322 3435 3357 σε
3461 3342 3477 3368 ,
3517 3304 3714 3372 Κύριε,
3747 3305 3832 3356 ὅτι

2242 3407 2549 3477 ἐχόρτασας
2592 3402 2772 3470 ψυχὴν
2815 3401 3003 3468 κενήν.
3045 3398 3192 3450 Αίνῶ
3231 3414 3311 3461 σε,
3346 3396 3592 3465 βασιλεῦ,
3627 3399 3722 3449 καὶ
3751 3398 3834 3450 δο-

2243 3498 2451 3566 ξολογῶ
2495 3495 2590 3548 τὸν
2639 3491 2969 3563 προαιώνιον
3013 3489 3277 3560 τεχθέντα
3321 3492 3386 3542 ἐκ
3418 3489 3517 3558 τῆς
3559 3487 3833 3545 Θεοτόκου

2242 3593 2484 3662 Μαρίας,
2509 3590 2591 3644 ὅτι
2626 3588 2930 3659 ἐκορέσθην
2965 3584 3058 3640 τοῦ
3086 3583 3180 3638 σοῦ
3212 3583 3536 3654 κτίσματος,
3573 3583 3836 3655 καθάπερ

2243 3686 2459 3742 παιδίον
2477 3684 2620 3753 γάλα
2659 3699 2767 3753 μητ
2777 3681 2887 3752 ρός.
3516 3746 3525 3754 ο

2313 3776 2420 3832 ΚΓ
2479 3772 2838 3841 Καταξίωσόν
2871 3787 2938 3840 με
2970 3769 3066 3823 καὶ
3098 3769 3227 3832 τοὺς
3265 3769 3642 3839 ήγιασμένους
3676 3767 3838 3822 ἀδελ-

2243 3872 2378 3941 φοὺς
2415 3886 2516 3938 μου
2551 3864 2916 3932 τελειωθῆναι
2944 3863 3011 3931 τῇ
3037 3862 3104 3931 σῇ
3142 3859 3324 3931 χάριτι
3362 3859 3456 3912 καὶ
3480 3857 3697 3912 ἐλπίδι·
3736 3859 3841 3912 καὶ

2242 3964 2436 4031 ὥσπερ
2482 3958 2778 4026 ἠνώθημεν
2808 3955 2930 4018 ταῖς
2973 3952 3175 4022 ψυχαῐς
3213 3951 3577 4016 ἀδιστάκτως,
3613 3948 3840 4004 ἕνωθῶ-

2245 4075 2346 4132 μεν
2384 4057 2480 4110 καὶ
2525 4054 2638 4116 τοῖς
2683 4049 2895 4114 ὀστέοις
2917 4065 2930 4078 ·
2964 4049 3059 4101 καὶ
3097 4047 3207 4100 τῶν
3238 4046 3434 4118 χρείαν
3468 4046 3706 4116 ἑχόντων
3735 4043 3844 4115 τῆς

2245 4155 2346 4223 σῆς
2379 4149 2657 4222 βοηθείας,
2697 4148 2794 4200 καὶ
2829 4142 3297 4214 παρακαλούντων
3339 4156 3396 4190 σε
3442 4139 3509 4190 δι’
3544 4136 3705 4208 ἡμῶν
3741 4155 3848 4193 τα-

2243 4250 2387 4318 χέως
2453 4246 2783 4307 ἐπάκουσον,
2840 4238 3041 4307 Κύριε,
3085 4239 3143 4288 ἐν
3198 4235 3405 4304 ἑκάστῃ
3465 4233 3684 4303 ἀνάγκη
3740 4237 3847 4288 καὶ

552 4327 848 4396 quisquam
872 4327 1120 4392 exsistat,
1143 4329 1397 4398 quamvis
1418 4329 1472 4383 in
1500 4329 1767 4385 viduitate
1795 4340 1853 4385 et"
1874 4329 2135 4397 orbitate,

2249 4341 2408 4412 χρείᾳ.
2483 4335 2587 4393 κᾶν
2611 4337 2668 4389 ἐν
2698 4333 2862 4404 πενίᾳ
2894 4349 2978 4394 τις
3008 4329 3253 4400 ὑπάρχῃ,
3286 4328 3389 4381 κᾶν
3432 4329 3488 4379 ἐν
3512 4326 3715 4395 χηρείᾳ
3742 4328 3847 4380 καὶ

552 4422 806 4489 quamvis
840 4422 893 4474 in
926 4421 1396 4492 peregrinatione,
1429 4424 1681 4492 quamvis
1713 4425 1766 4478 in
1816 4425 2138 4480 infirmitate

553 4513 805 4581 corporis
835 4521 891 4567 et
919 4514 1138 4576 animae,
1187 4515 1439 4583 quamvis
1493 4516 1548 4570 in
1581 4532 1689 4571 aere
1735 4518 1916 4571 alieno
1941 4527 1997 4571 et
2044 4533 2140 4572 ca-

552 4606 804 4670 lumniis,
837 4607 1090 4675 quamvis
1121 4607 1175 4661 in
1219 4608 1416 4662 acerba
1445 4610 1736 4676 servitute,
1789 4611 2040 4680 quamvis
2083 4612 2139 4667 in

554 4699 846 4754 hominum
902 4709 998 4754 aut
1043 4701 1326 4784 pecudum
1367 4705 1731 4776 contagione,
1788 4708 2041 4776 quamvis
2083 4707 2138 4759 in

555 4794 694 4846 mari
716 4795 1008 4863 quisquam
1040 4796 1113 4850 sit
1153 4796 1478 4868 naufragus,
1527 4804 1781 4869 quamvis
1816 4800 2055 4869 denique
2087 4800 2142 4854 in

553 4886 682 4941 aliis
706 4902 894 4942 rerum
927 4897 1239 4957 temporum
1305 4904 1371 4944 ac
1414 4889 1666 4946 locorum
1712 4891 2026 4963 adiunctis;
2084 4899 2141 4946 tu

556 4979 734 5044 illum,
763 4980 900 5043 Rex,
929 4997 1030 5052 per
1057 4998 1157 5038 nos
1196 4983 1584 5055 interpellatus
1613 4987 1798 5041 statim
1827 4987 2047 5053 exaudi,
2084 4996 2142 5041 ut

554 5083 892 5143 cognoscant
929 5090 1124 5130 omnes
1168 5077 1360 5131 mundi
1415 5077 1581 5148 hujus
1625 5074 1853 5144 incolae,
1905 5081 2138 5134 multum

559 5181 658 5219 nos
686 5165 840 5235 diligi
865 5166 965 5220 abs
995 5175 1068 5231 te,
1105 5178 1161 5222 et
1187 5169 1464 5235 exaudiri,
1498 5186 1562 5226 ac
1606 5171 1750 5227 malo
1782 5171 2013 5226 cuilibet
2049 5172 2142 5225 Iiat

556 5272 698 5324 aqua
732 5257 849 5311 haec
882 5256 936 5311 in
979 5258 1275 5321 medelam,
1323 5276 1447 5314 nam
1492 5262 1558 5314 ad
1597 5263 2006 5318 invocationem
2063 5263 2140 5316 tui

554 5349 863 5411 ebulliit,et
885 5351 1207 5405 innovatum
1224 5361 1481 5408 estvetus
1498 5354 1822 5408 miraculum
1843 5356 1896 5408 in
1910 5354 2138 5424 gloriam

559 5442 769 5501 Patris,
808 5451 864 5493 et
896 5442 1040 5504 Filii,
1083 5452 1137 5496 et
1190 5443 1429 5512 Spiritus
1474 5445 1673 5507 sancti,
1719 5447 1772 5498 in
1821 5445 2040 5500 laudem
2086 5457 2142 5501 et

557 5535 880 5588 memoriam
912 5545 1211 5606 martyrum
1247 5547 1468 5592 tuorum
1510 5540 1752 5609 quinque
1792 5548 1843 5593 et
1900 5541 2141 5610 quadra~

556 5629 724 5696 ginta.

631 5719 821 5774 XXIV.
867 5723 1042 5791 Atque
1083 5725 1184 5779 hoc
1229 5737 1420 5784 orante
1469 5730 1519 5783 in
1556 5739 1730 5799 petra,
1773 5731 1995 5797 milites,
2046 5731 2139 5801 qui

619 5871 636 5900 ν
668 5867 824 5922 Joan.
853 5885 922 5934 IV,
965 5871 1046 5926 IO.

2245 4433 2505 4506 ὀρφανίᾳ,
2537 4431 2640 4486 κᾶν
2669 4432 2726 4483 ἐν
2752 4427 3057 4496 ἀποδημίᾳ,
3085 4423 3188 4477 κᾶν
3213 4425 3272 4476 ἐν
3297 4423 3556 4493 ἀσθενείᾳ
3581 4420 3849 4490 σώματος

2245 4529 2344 4581 καὶ
2381 4525 2582 4595 ψυχῆς,
2615 4522 2711 4574 καὶ
2753 4521 2811 4572 ἐν
2851 4519 3063 4590 χρέεσι,
3110 4519 3206 4571 καὶ
3275 4517 3691 4584 συκοφαντίαις,
3731 4515 3849 4569 κᾶν

2246 4623 2305 4674 tv
2337 4618 2514 4686 πικρᾷ
2545 4613 2783 4684 δουλείᾳ,
2808 4612 2913 4666 κᾶν
2950 4613 3010 4664 ἐν
3037 4611 3218 4681 φθορᾷ
3237 4608 3543 4677 ἀνθρώπων
3582 4610 3614 4678 ἢ
3654 4608 3846 4673 ζώων,

2245 4714 2351 4769 κᾶν
2401 4713 2459 4766 tv
2486 4710 2734 4781 θαλάσσῃ
2765 4702 3170 4776 χειμαζόμενός
3199 4717 3285 4763 τις
3319 4701 3428 4768 εἴη,
3467 4699 3572 4752 κᾶν
3610 4703 3666 4751 tv
3698 4700 3848 4773 άλλη

2246 4807 2571 4879 περιστάσει
2600 4799 2911 4872 προσαχθῇ,
2946 4799 3034 4861 σὺ,
3061 4794 3318 4861 Βασιλεῦ,
3350 4793 3416 4847 δι’
3452 4792 3612 4863 ἡμῶν
3649 4795 3849 4862 παρά-

2245 4902 2443 4970 κλησιν
2468 4896 2608 4966 ταχὺ
2645 4894 2975 4957 ἐπάκουσον,
3019 4891 3103 4943 ἵνα
3135 4889 3308 4956 γνῶσι
3370 4887 3574 4947 πάντες
3609 4886 3660 4937 oi
3692 4889 3850 4940 κατὰ

2245 4996 2346 5064 τὴν
2404 4989 2753 5059 οἰκουμένην,
2802 4988 2884 5040 ὅτι
2954 4981 3092 5036 πολῦ
3146 4982 3445 5050 ἠγάπησας
3504 4979 3671 5049 ἡμᾶς,
3743 4983 3851 5032 καὶ

2246 5086 2466 5149 ἀκούεις
2519 5082 2715 5156 ἡμῶν·
2774 5079 2869 5132 καὶ
2931 5078 2992 5129 τὸ
3045 5075 3190 5142 ὕδωρ
3235 5073 3398 5125 τοῦτο
3448 5070 3693 5138 γενέσθω
3761 5075 3851 5134 εἰς

2248 5183 2392 5232 ἴασιν
2418 5179 2476 5231 tv
2509 5175 2672 5228 παντὶ
2696 5171 2890 5226 πάθει·
2925 5172 2991 5238 σῇ
3025 5168 3131 5236 γάρ
3190 5164 3480 5234 ἐπικλήσει
3515 5163 3849 5232 ἐξδμσρισε,

2245 5273 2342 5324 καὶ
2407 5266 2640 5322 παλαιὸν
2701 5262 2888 5331 θαῦμα
2953 5260 3200 5328 ἀνεφάνη
3249 5257 3330 5318 εἰς
3384 5255 3543 5319 δόξαν
3596 5254 3847 5325 Πατρὸς,

2247 5367 2343 5418 καὶ
2400 5359 2556 5424 Υίοῦ,
2604 5360 2699 5412 καὶ
2743 5357 2902 5422 ἁγίου
2952 5350 3269 5420 Πνεύματος
3298 5366 3312 5380 ο
3375 5349 3599 5399 ἔπαινον
3639 5346 3695 5398 δὲ
3743 5349 3850 5399 καὶ

2252 5459 2445 5529 μνείαν
2480 5455 2590 5508 τῶν
2625 5450 2922 5522 μαρτύρων
2981 5463 3074 5500 σου
3136 5446 3243 5500 τῶν
3278 5443 3442 5496 πέντε
3490 5442 3581 5494 καὶ
3634 5455 3852 5493 τεσσα-

2251 5552 2512 5621 ράκοντα.

2319 5734 2441 5788 KA'.
2477 5732 2585 5786 Καὶ
2629 5730 2818 5784 τούτου
2853 5727 3148 5796 εὐχομένου
3181 5727 3234 5777 ἐν
3261 5726 3323 5794 τῇ
3365 5723 3558 5792 πέτρᾳ,
3592 5719 3637 5771 οἱ
3673 5734 3844 5790 στρα-
