3966 6462
136 404 228 466 349

1199 399 1379 459 νιΤΑ
1420 398 1482 458 S.
1522 394 1852 456 EUGENII
1888 396 1982 455 ET
2017 396 2305 456 MARIE.

3273 390 3383 453 350

135 514 475 580 τελευτῆσαι,
504 515 600 567 καὶ
629 513 937 585 προσέθηκε
974 515 1041 582 τῇ
1077 511 1310 580 ἀσκήσει
1345 510 1440 563 καὶ
1471 509 1708 577 ὑπακοῇ.

1844 507 1999 577 iaque
2047 518 2101 562 et
2156 508 2469 563 humilitate
2519 517 2574 562 et
2618 509 2671 562 in
2730 508 2924 579 majori
2981 507 3402 564 exercitatione.

138 608 267 663 ὥστε
325 606 425 661 καὶ
475 606 728 676 χάρισμα
786 605 955 674 αὐτὴν
1011 602 1199 655 λαϐεῖν
1250 602 1403 671 παρὰ
1451 600 1544 654 τοῦ
1575 599 1709 653 Θεοῦ

145 700 279 755 κατὰ
309 700 591 770 δαιμόνων
611 717 624 730 ·
658 695 942 769 ᾦτινιξγὰρ
988 696 1095 749 τῶν
1128 693 1504 747 ἀσθενούντων
1530 695 1710 746 ἐπιτε-

141 795 213 847 θξι
236 795 338 854 τὰς
368 794 583 863 χεῖρας,
616 790 963 862 παραχρῆμα
995 790 1135 841 ἰᾶτο.
1168 782 1294 856 Εἶχε
1341 785 1397 839 δὲ
1439 785 1499 838 τὸ
1532 785 1711 837 κοινός

140 884 245 938 σιον
273 883 693 951 τεσσαράκοντα
722 880 916 950 ἄνδρας
940 879 1039 931 σὺν
1062 878 1199 947 αὐτῇ
1230 877 1421 945 ἁγίους
1442 893 1456 905 ·
1489 876 1630 929 κατὰ
1658 874 1715 928 δὲ

139 974 279 1043 μῆνα
309 975 579 1042 τέσσαρες
637 971 746 1023 τῶν
779 970 1027 1038 ἁδελψῶν
1080 969 1473 1022 ἀπεστέλλοντο
1510 969 1590 1027 εἰς
1617 967 1716 1028 τὰς

136 1064 461 1132 ἀποκρίσεις
501 1064 595 1114 τοῦ
641 1061 1033 1131 μοναστηρίου,
1102 1061 1189 1112 διὰ
1243 1059 1303 1112 τὸ
1332 1060 1477 1126 ἔχειν
1514 1060 1713 1121 αὐτοὺς

138 1155 229 1205 καὶ
251 1154 433 1207 ἄλλων
469 1152 845 1222 ἀναχωρητῶν
883 1153 982 1218 τὴν
1013 1150 1293 1221 φροντίδα.
1326 1145 1433 1202 Ἷιν
1459 1149 1511 1202 δὲ
1550 1151 1713 1217 μέσον

138 1247 234 1314 τῆς
266 1246 391 1297 ὁδοῦ
432 1245 751 1314 πανδοχεῖον
820 1246 913 1297 καλ
959 1244 1264 1310 ὑπάγοντες
1311 1243 1406 1294 καὶ
1434 1241 1722 1311 ἐρχόμενοι

140 1340 185 1389 οἱ
244 1336 465 1400 ἀδελφοὶ
510 1336 598 1387 δια
653 1336 714 1387 τὸ
780 1336 995 1404 μακρὸν
1056 1336 1155 1403 τῆς
1206 1333 1330 1386 ὁδοῦ
1382 1332 1723 1385 ἀνεπαύοντο

141 1432 315 1482 ἐκεῖσε
344 1444 361 1459 ⁸
389 1430 450 1481 ἐν
474 1423 554 1491 οἷς
591 1429 792 1497 πολλὴν
846 1428 1147 1488 θεραπείαν
1180 1431 1447 1498 παρεῖχεν
1475 1427 1662 1489 αὐτοῖς
1693 1428 1723 1480 6

144 1518 366 1583 πάνδοξ,
398 1520 797 1588 ὑποδεχόμενος
826 1518 1024 1579 αὐτοὺς
1059 1517 1386 1578 ἰδιάζοντας.

1816 598 1950 654 Cum
1975 614 2107 653 vero
2151 600 2365 670 aliquot
2390 616 2566 655 annos
2608 601 2911 671 peregisset
2936 602 3095 654 beate
3125 600 3178 652 in
3210 613 3406 652 mona-

1818 690 2005 755 sterio,
2036 691 2426 745 existimabant
2464 692 2721 745 monachi
2750 706 2876 746 eum
2912 706 3034 745 esse
3060 688 3406 750 eunuchum.

1819 794 2110 854 propterea
2140 784 2290 853 quod
2314 796 2461 839 esset
2496 784 2767 838 imberbis
2798 794 2854 838 et
2889 799 3021 837 voce
3052 782 3267 853 gracili.
3299 778 3406 835 Alii

1818 886 2002 930 autem
2047 876 2462 937 existimabant,
2514 892 2630 946 prae
2682 876 2851 929 nimia
2897 874 3312 935 exercitatione,
3351 881 3411 926 et.

1819 967 1966 1037 quod
1999 970 2176 1027 solum
2219 968 2465 1022 secundo
2508 983 2730 1036 quoque
2782 967 2873 1021 die
2902 968 3239 1025 eomederet,
3270 978 3400 1019 eum

1816 1074 1938 1113 esse
1967 1075 2097 1113 voce
2123 1060 2261 1113 adeo
2288 1060 2461 1114 tenui.
2482 1061 2677 1128 Aliquo
2702 1075 2832 1115 vero
2857 1069 2981 1127 post
3011 1068 3256 1125 tempore
3279 1071 3411 1109 con-

1823 1150 1942 1219 tigit
1984 1151 2106 1219 ejus
2140 1162 2351 1220 patrem
2402 1152 2673 1207 decedere
2716 1169 2731 1206 :
2766 1154 3169 1205 incrementum
3223 1156 3410 1201 autem

1820 1242 2037 1310 accepit
2064 1242 2183 1311 ejus
2227 1244 2577 1307 exercitatio,
2612 1243 2929 1298 obedientia
2971 1248 3028 1295 et
3079 1239 3406 1302 humilitas;

1821 1332 1961 1387 adeo
2012 1342 2072 1386 ut
2116 1335 2231 1400 ipsa
2266 1349 2489 1402 quoque
2523 1334 2729 1388 donum
2779 1334 2875 1388 Dei
2911 1332 3188 1402 acceperit
3217 1337 3410 1382 contra

1822 1424 2117 1480 daemones.
2146 1426 2605 1496 Unumquemque
2636 1428 2786 1481 enim
2821 1442 3019 1481 eorum
3048 1425 3146 1495 qui
3186 1423 3411 1477 labora-

1822 1520 1957 1574 bant
1991 1530 2047 1574 et
2075 1522 2431 1583 vexabantur,
2468 1537 2666 1578 manus
2698 1524 2779 1577 eis
2815 1524 3104 1591 imponens
3133 1533 3188 1575 ct
3221 1535 3409 1599 orans,

138 1612 371 1667 curabat
403 1614 678 1682 protinus.
713 1613 963 1667 Habebat
1009 1620 1192 1666 autem
1242 1609 1375 1664 illud
1440 1609 1756 1664 coenobium
1798 1612 2163 1681 quadraginta
2212 1616 2364 1669 viros
2410 1617 2558 1669 onmi
2608 1616 2813 1670 virtute
2843 1623 2900 1669 et
2927 1613 3197 1683 sapientia
3233 1625 3403 1666 exor-

141 1714 319 1759 natos.
358 1705 605 1777 Singulis
642 1722 773 1760 vero
826 1707 1113 1761 mensibus
1143 1707 1503 1762 mittebantur
1555 1719 1793 1778 quatuor
1826 1710 2086 1765 monachi
2130 1710 2199 1765 ad
2246 1727 2508 1778 responsa
2558 1710 2899 1774 monasterii,
2930 1722 3221 1780 propterea
3258 1703 3409 1775 quod

143 1799 245 1866 ipsi
274 1798 547 1853 haberent
575 1801 628 1853 in
675 1800 798 1853 aliis
829 1817 1048 1871 quoque
1094 1801 1231 1855 locis
1264 1801 1511 1857 diversas
1541 1802 1933 1870 possessiones.
1970 1803 2095 1858 Erat
2135 1811 2316 1857 autem
2350 1805 2405 1857 in
2451 1806 2629 1859 media
2666 1806 2750 1858 via
2782 1806 3171 1866 diversorium,
3210 1812 3267 1858 et
3305 1799 3404 1871 qui

142 1891 375 1944 ibantet
410 1891 727 1953 veniebant,
757 1902 981 1961 propter
1014 1895 1231 1948 itineris
1275 1894 1674 1964 longitudinem
1725 1895 1839 1949 illic
1872 1896 2317 1966 requiescebant.
2360 1896 2508 1951 Inter
2548 1906 2781 1952 caeteros
2812 1905 2995 1951 autem
3033 1910 3286 1963 magnam
3317 1907 3414 1948 eo-

144 2002 263 2040 rum
299 2002 493 2040 curam
520 1987 745 2056 gerebat
784 1986 849 2046 is.
886 1988 980 2055 qui
1023 1997 1251 2057 pra-erat
1284 1988 1613 2053 diversorio,
1655 1992 1767 2043 eos’
1797 2006 2045 2044 seorsum
2085 1993 2384 2060 accipiens.
2422 1992 2647 2047 invidus
2678 2006 2806 2045 vero
2832 2001 2889 2045 et
2920 1991 3192 2061 malignus
3218 1988 3416 2042 diabo-

142 2081 248 2143 lus,
281 2082 375 2149 qui
406 2080 571 2132 rebus
604 2078 759 2131 bonis
805 2093 1025 2147 semper
1086 2080 1314 2143 invidet,
1354 2081 1495 2133 mala
1544 2091 1727 2133 autem
1776 2080 1843 2133 ad
1896 2097 1954 2135 se
1994 2083 2243 2145 attrahit,
2275 2100 2420 2150 :egre
2473 2085 2659 2138 ferens
2706 2085 2870 2153 hujus
2922 2085 3096 2138 beatae
3146 2082 3199 2135 in
3235 2082 3410 2137 Deum

143 2186 409 2229 amorem.
445 2169 975 2240 pulcherrimumque
994 2181 1051 2227 et
1078 2169 1518 2227 honestissimam
1544 2172 1760 2226 vivendi
1802 2173 2093 2239 rationem,
2119 2174 2333 2229 studuit
2369 2174 2767 2244 aliquantulam
2804 2176 2853 2228 ci
2900 2176 3077 2228 labem
3103 2175 3331 2229 inurere
3357 2180 3418 2230 et

141 2280 266 2319 eam
309 2264 575 2332 aﬂligere.

212 2378 291 2430 Γ.
346 2376 438 2428 Ἐν
472 2378 571 2447 μ.ιᾷ
602 2372 695 2429 οὖν
726 2377 835 2431 τῶν
886 2381 1113 2451 ἡμερῶν
1162 2384 1683 2454 προσκαλεσάμενος
1710 2388 1737 2439 6
1772 2395 1812 2448 Β

1913 2387 2004 2443 Ill.
2041 2384 2289 2454 Quodam
2342 2387 2528 2457 itaque
2562 2386 2674 2447 die.
2727 2385 3022 2457 pmfectus
3068 2381 3419 2447 monasterii,

146 2468 455 2537 ἡγούμενος
480 2470 575 2521 τὸν
604 2470 783 2524 assa.
810 2474 1057 2539 Μαρῖνον
1079 2474 1227 2539 λέγει
1268 2475 1415 2543 αὑτῷ
1436 2492 1450 2506 °
1487 2476 1731 2544 Ἀδελφὲ,

1840 2481 2111 2537 accersito
2154 2480 2391 2543 Marino,
2456 2481 2593 2535 dicit
2625 2480 2675 2534 ei
2714 2497 2728 2535 :
2784 2480 2976 2539 Frater
3026 2476 3259 2538 Marine,
3307 2475 3423 2531 scio

147 2561 455 2631 ἐπίσταμαι
475 2579 567 2614 σου
598 2561 695 2630 τὴν
721 2563 997 2614 πολιτείαν
1021 2565 1113 2615 καὶ
1136 2564 1193 2615 τὸ
1213 2566 1339 2635 περὶ
1364 2566 1461 2635 τὴν
1481 2567 1734 2635 ὑπακοὴν

150 2654 445 2705 σπουδαῖον
476 2654 554 2703 ὅτι
585 2652 789 2717 τέλειος
811 2647 864 2703 si
896 2654 952 2705 ἐν
979 2656 1146 2707 πᾶσιν
1170 2670 1184 2685 °
1222 2654 1449 2724 θέλησον
1469 2652 1561 2710 οὖν
1583 2658 1735 2722 ἐξελ-

150 2744 263 2795 θεῖν
289 2745 371 2805 εις
426 2744 527 2810 τὴν
556 2741 839 2796 διακονίαν
885 2744 981 2797 τοῦ
1026 2749 1417 2816 μοναστηρίου,
1466 2749 1657 2821 ἐπειδὴ
1686 2750 1735 2803 oi

150 2835 377 2903 ἀδελφοὶ
417 2832 717 2888 λυποῦνται
745 2835 820 2905 μὴ
846 2836 1207 2907 ὲξερχομένου
1260 2856 1355 2892 σου
1375 2855 1390 2870 ’
1447 2841 1602 2893 τοῦτο
1628 2843 1737 2912 γὰρ

152 2928 439 2989 ποιοῦντός
499 2944 617 2991 σου,
674 2928 896 2982 πλείονα
930 2932 1121 2999 μισθὸν
1168 2934 1403 3003 κομήσει
1460 2935 1611 3002 παρὰ
1640 2933 1736 2987 τοῦ

151 3018 289 3072 Θεοῦ
316 3019 723 3089 φιλανθρώπου.
763 3022 870 3073 Καὶ
900 3023 927 3073 6
979 3024 1223 3091 Μαρτνος
1266 3024 1441 3078 ταῦτα
1494 3026 1736 3090 ἀκούσας

156 3111 487 3178 προσπεσὼν
522 3110 671 3178 αὑτῷ
694 3110 840 3176 λέγει
864 3130 879 3143 ο
917 3108 1107 3177 Εὗξαι,
1146 3115 1352 3185 Πάτερ,
1386 3116 1481 3169 καὶ
1507 3120 1643 3170 ὅπου
1671 3119 1738 3171 ἂν

155 3206 389 3273 κελεύῃς
452 3220 567 3271 μοι,
620 3202 729 3269 ἐγὼ
768 3205 1104 3275 ἀπέρχομαι.
1149 3208 1491 3271 Ἐξελθόντος
1551 3210 1643 3263 οὖν
1681 3215 1739 3264 ὲν

157 3296 257 3365 μιᾷ
282 3294 382 3347 τοῦ
414 3293 559 3346 άδόἇ
586 3296 831 3367 Μαρίνου
862 3300 959 3351 σὺν
992 3301 1105 3361 τοῖς
1142 3300 1326 3365 ἄλλοις
1372 3303 1551 3372 τρισὶν
1581 3302 1737 3355 ἀδελ-

154 3388 273 3452 φοῖς
328 3384 635 3439 διακονῖσαι
667 3429 682 3451 ,
737 3387 833 3439 καὶ
878 3390 1303 3443 καταλυσάντων
1359 3390 1540 3443 αὐτῶν
1578 3394 1635 3444 ἐν
1661 3391 1738 3462 τῷ

158 3478 485 3547 πανδοκείῳ.
520 3478 719 3545 συνέϐη
756 3479 878 3531 τινὰ
905 3480 1245 3549 στρατιώτην
1295 3483 1611 3553 διαφθεῖραι
1640 3488 1739 3554 τὴν

158 3569 439 3638 Θυγατέρα
467 3568 561 3619 τοῦ
597 3568 883 3639 πανδόχου,
908 3570 983 3633 ὡς
1036 3573 1130 3623 καὶ
1166 3572 1357 3625 λαϐεῖν
1398 3576 1569 3642 αὐτὴν
1600 3576 1741 3628 κατὰ

158 3662 417 3729 γαστρός.
478 3656 613 3713 Eine
662 3660 720 3713 δὲ
776 3662 916 3733 αὐτῇ
965 3665 992 3715 6
1051 3664 1450 3734 στρατηλάτης.
1486 3667 1740 3729 ὅτι,Ἐὰν

1840 2582 1987 2626 tuam
2028 2575 2153 2627 vitae
2182 2573 2404 2642 agenda:
2435 2573 2703 2625 rationem
2734 2585 2855 2623 esse
2886 2570 3187 2637 perfectam
3212 2568 3267 2621 in
3306 2582 3426 2620 orno

1837 2666 2022 2726 nibus,
2070 2672 2127 2717 et
2178 2666 2455 2734 prarcipue
2508 2664 2561 2717 in
2598 2661 2941 2717 obedientia.
2988 2659 3133 2715 Veiis
3181 2674 3312 2727 ergo
3364 2667 3421 2711 tu

1837 2771 2058 2830 quoque
2091 2757 2301 2827 egredi,
2345 2768 2404 2810 ut
2439 2757 2722 2811 ministres
2769 2752 3151 2807 monasterio?
3203 2749 3425 2804 Fratres

1838 2846 1986 2900 enim
2022 2861 2163 2917 :egre
2198 2850 2404 2906 ferunt.
2434 2855 2487 2900 te
2517 2845 2586 2900 ad
2628 2846 2680 2899 id
2709 2860 2817 2899 non
2848 2841 3057 2913 egredi.
3094 2841 3211 2895 lloc
3240 2851 3425 2894 autem

1840 2939 2068 2998 faciens.
2101 2955 2134 2993 ο
2164 2938 2259 3002 fili,
2287 2942 2549 3007 majorem
2579 2940 2817 3007 accipies
2857 2935 3171 2990 mercedem
3206 2948 3235 2986 a
3273 2932 3429 2987 beni-

1839 3045 1946 3100 gno
1974 3041 2029 3089 et
2057 3031 2310 3084 clementi
2342 3031 2472 3083 Deo.
2509 3030 2721 3083 Etenim
2753 3028 3016 3081 Dominus
3061 3039 3286 3094 quoque
3323 3038 3429 3077 no-

1841 3131 1958 3176 ster
1997 3121 2141 3176 Deus
2178 3136 2286 3175 non
2311 3119 2643 3192 dedignatus
2681 3127 2766 3173 est
2815 3117 3134 3171 ministrare
3169 3115 3286 3167 suis
3317 3113 3430 3168 dis-

1841 3213 2059 3281 cipulis.
2095 3214 2217 3268 llzec
2244 3228 2369 3268 cum
2400 3212 2665 3266 audiisset
2706 3210 2967 3265 Marinus.
3001 3224 3059 3263 se
3100 3203 3429 3277 projecitad

1842 3304 2010 3371 pedes
2039 3304 2300 3371 pnefecti.
2336 3304 2569 3357 dicens:
2619 3302 2761 3356 Bene
2793 3316 3019 3371 precare
3058 3297 3219 3357 mihi.
3261 3310 3432 3349 vene-

1842 3392 2008 3445 rande
2032 3391 2210 3449 Pater.
2230 3403 2284 3446 et
2312 3409 2414 3463 ego
2441 3395 2530 3445 ibo
2552 3406 2882 3460 quocunque
2905 3389 3176 3442 volueris.
3198 3387 3435 3457 Egresso

1843 3493 2026 3536 autem
2068 3483 2276 3537 Marino
2318 3494 2376 3538 et
2418 3484 2543 3538 aliis
2585 3484 2763 3537 tribus
2804 3481 3091 3537 monachis
3138 3488 3199 3532 ut
3264 3476 3434 3531 mini-

1844 3585 2108 3637 strarent,
2141 3575 2503 3636 diverteruut,
2542 3585 2601 3628 ut
2631 3579 3061 3633 consueverant,
3081 3569 3147 3623 ad
3182 3566 3317 3623 illud
3346 3565 3437 3620 di-

1844 3667 2173 3720 versorium.
2212 3666 2315 3731 Qui
2353 3678 2535 3719 autem
2594 3676 2826 3733 praeerat
2877 3663 3210 3725 diversorio,
3265 3660 3437 3715 habe-

158 3727 378 3819 vwcveﬁ
419 3749 495 3819 τῷ
521 3752 692 3821 πατρί
718 3768 836 3818 σου,
876 3727 997 3805 sine
1028 3727 1131 3805 ὅτι.
1161 3753 1220 3807 Ὀ
1244 3727 1254 3734 ν
1276 3727 1594 3824 νεώτεροςο
1644 3756 1738 3808 τοῦ

1849 3756 1941 3809 hat
2005 3755 2171 3809 filiam
2231 3757 2472 3813 unicam.
2532 3758 2685 3813 Miles
2737 3772 2869 3811 vero
2932 3755 3157 3825 quidam
3222 3753 3436 3823 ingres-

159 3843 434 3896 ιοινοὸἰου
485 3844 515 3895 6
552 3844 765 3911 εὐειδὴς
806 3843 833 3894 6
864 3844 1187 3915 ⁹λεγόμενος
1242 3846 1486 3915 Μαρὶκιος
1542 3848 1746 3909 ἐκεῖνος

159 3937 435 4007 ἄκοιμήθη
467 3936 589 4003 μετ’
621 3934 783 4004 ἐμοῦ.
836 3935 947 3987 Καὶ
982 3935 1105 3997 δοὺς
1145 3937 1285 4005 αὐτῇ
1316 3935 1377 3988 τὸ
1402 3936 1502 4004 τῆς
1538 3937 1745 4004 φθορᾶς

160 4028 463 4099 ἰπορεῦθη.
515 4026 679 4088 Γνοὺς
741 4028 795 4079 δὲ
828 4026 944 4094 μεθ’
979 4028 1193 4098 ἡμέρας
1248 4028 1278 4079 6
1325 4026 1510 4099 πατὴρ
1544 4028 1735 4096 αὐτῆς,

161 4118 431 4188 ἐξῄτησεν
483 4118 654 4187 αὐτὴν
684 4115 861 4185 λέγων
883 4134 896 4149 ’
936 4117 1106 4170 Πόθεν
1136 4134 1217 4170 σοι
1247 4116 1443 4183 τοῦτο;
1474 4118 1583 4171 Καὶ
1614 4118 1741 4170 ἔσα-

162 4211 216 4263 λε
242 4213 348 4279 τὴν
368 4210 555 4263 αἰτίαν
584 4211 771 4261 tr:de
801 4208 891 4259 τοῦ
925 4210 1192 4274 Μαρίνου.

1850 3860 1944 3901 Sus
2006 3848 2395 3910 diversorium.
2458 3852 2508 3905 ei
2582 3851 2764 3904 attulit
2842 3850 3036 3903 vitium
3093 3864 3109 3904 :
3175 3862 3240 3902 ea
3297 3858 3429 3899 vero

1842 3937 2117 4005 Concepit.
2176 3939 2439 4019 Prrecepit
2486 3953 2669 3994 autem
2727 3940 2817 3993 ille
2875 3940 3055 4002 miles,
3093 3937 3285 3990 dicens
3324 3952 3338 3988 :
3377 3932 3434 3987 Si

1846 4031 1960 4083 tunc
1998 4046 2085 4083 res
2116 4029 2280 4084 fuerit
2305 4032 2544 4101 cognita,
2583 4041 2639 4085 et
2680 4041 2731 4085 te
2752 4030 3191 4086 examinaverint
3224 4026 3302 4080 tui
3334 4041 3434 4096 pa-

1845 4128 2049 4179 rentes,
2099 4120 2244 4172 unde
2300 4120 2404 4174 hoc
2450 4120 2657 4174 factum
2708 4122 2802 4185 sit,
2844 4121 2934 4173 dic
2966 4120 3093 4175 eis:
3142 4118 3442 4172 Formosus

1846 4212 1938 4265 ille
1960 4212 2147 4281 iunior
2182 4216 2483 4267 monachus
2520 4229 2733 4266 meeum
2767 4212 3016 4273 dormiit,
3051 4222 3107 4265 et
3130 4226 3193 4264 ex
3222 4224 3289 4262 eo
3310 4221 3440 4261 con-

160 4302 302 4372 cepi.
340 4302 641 4367 Postquam
674 4312 804 4365 ergo
830 4296 1035 4366 egressi
1065 4295 1299 4351 fuissent
1325 4299 1583 4352 monachi
1620 4298 1782 4351 simul
1810 4314 1932 4351 cum
1968 4300 2197 4361 Marino,
2230 4304 2451 4354 rescivit
2486 4311 2639 4369 pater
2677 4302 2874 4372 puella:
2901 4301 3062 4354 tiliam
3095 4315 3249 4354 suam
3280 4308 3439 4352 utero

159 4392 507 4462 concepisse.
545 4389 647 4455 Qui
698 4389 907 4459 rogavit
946 4404 1065 4444 eam
1110 4389 1337 4443 dicens:
1368 4388 1651 4444 Undenam
1715 4390 1817 4445 hoc
1864 4391 1957 4445 tibi
2008 4390 2208 4447 factum
2238 4394 2357 4447 est?
2385 4394 2571 4448 Puella
2618 4405 2800 4449 autem
2854 4392 3161 4462 respondit,
3194 4391 3429 4448 dicens:

160 4488 354 4548 Iunior
383 4487 483 4541 ille
502 4484 739 4540 emnobii
769 4485 1044 4537 formosus
1066 4484 1392 4547 monachus,
1415 4483 1507 4554 qui
1538 4484 1740 4538 dicitur
1760 4484 2023 4550 Marinus,
2054 4503 2269 4542 mecum
2291 4488 2537 4552 dormiit,
2565 4497 2620 4541 et
2650 4503 2735 4541 me
2764 4498 3135 4557 przegnantem
3174 4481 3439 4537 reddidit.

229 4580 304 4636 Δ’.
359 4578 608 4644 Ἐπὰρας
643 4574 735 4627 οῦν
757 4574 925 4640 αὐτὴν
949 4575 975 4626 6
1003 4574 1326 4642 πανδοχεὺς,
1375 4575 1741 4644 παραγίνεται

162 4677 218 4727 ἐν
248 4671 329 4742 τῷ
361 4668 717 4741 μοναστηρεῳ
768 4665 987 4735 κράζων
1031 4667 1127 4717 καὶ
1159 4666 1336 4729 λέγων
1364 4680 1375 4693 ⁸
1407 4666 1515 4718 Ποῦ
1540 4668 1687 4719 ἐστιν
1718 4668 1747 4720 ὁ

166 4768 371 4820 aliave:
406 4765 639 4825 ικεῖνος.
668 4760 735 4812 ὃν
753 4760 974 4825 λέγουσι
1008 4753 1379 4829 Χριστιανὸνς
1414 4761 1508 4823 Ὠς
1538 4758 1593 4810 δὲ
1624 4778 1753 4811 συν-

165 4861 408 4927 ήντησεν
448 4853 599 4921 αὒτῴ
652 4852 680 4903 6
719 4853 1141 4919 ἁποκρισιὰριος
1180 4851 1283 4918 ἔφη
1316 4851 1499 4919 αὐτῷ’
1529 4850 1593 4903 Τί
1619 4851 1755 4922 κρά..

164 4951 296 5013 (sic,
328 4947 517 5013 ἑταῖρε
540 4960 561 5009 ;
601 4944 660 4996 '0
693 4940 750 4994 δὲ
770 4935 922 4992 εἶπεν
944 4958 959 4972 θ
986 4943 1108 4994 Ὀτι
1146 4942 1290 5009 κακῇ
1319 4942 1437 5011 ὥρα
1462 4942 1751 5010 συνέτυχον

165 5046 314 5110 ίμϊν.
351 5038 453 5091 καὶ
482 5039 555 5106 μὴ
588 5035 799 5102 γένοιτό
833 5052 923 5103 μοι
960 5032 1038 5086 ἔτι
1073 5034 1203 5086 ἰδεῖν
1238 5034 1505 5103 μοναχοῦς
1533 5035 1627 5085 καὶ
1651 5036 1751 5087 ὅσα

1931 4578 2019 4632 ιν.
2053 4577 2190 4632 Cum
2226 4579 2340 4631 hazc
2370 4589 2555 4630 autem
2578 4578 2844 4629 audiisset
2875 4576 3166 4644 prmfcctus
3188 4574 3439 4628 diverso-

1856 4670 1945 4734 rii,
1977 4685 2140 4724 cursu
2168 4680 2222 4724 et
2249 4685 2371 4724 cum
2416 4685 2606 4738 magna
2643 4670 2723 4722 ira
2755 4669 2905 4721 venit
2932 4667 2983 4719 iu
3013 4664 3442 4730 monasterium,

1858 4778 1983 4817 eum
2018 4778 2306 4826 accusans,
2338 4773 2393 4816 et
2427 4764 2617 4815 dicens
2650 4780 2663 4814 :
2696 4762 2799 4816 Ubi
2855 4770 2941 4815 est
2985 4761 3073 4813 ille
3098 4759 3312 4829 planus,
3349 4759 3441 4813 ille

1858 4854 2028 4909 falsus
2078 4854 2444 4917 Christianus,
2484 4869 2648 4921 quem
2691 4852 2876 4905 dicitis
2918 4867 3039 4905 esse
3068 4850 3440 4903 monachum?

1860 4945 1923 5000 Ei
1956 4960 2087 4997 vero
2110 4944 2288 4999 factus
2313 4954 2399 4997 est
2421 4943 2639 4996 obviam
2666 4940 3060 5011 apocrisiarius
3087 4937 3441 5002 monasterii,

1857 5045 1915 5092 et
1937 5036 2068 5091 dicit
2107 5036 2156 5090 ei
2186 5054 2199 5092 :
2234 5036 2377 5089 Bene
2400 5035 2614 5100 venisti,
2649 5034 2833 5087 frater.
2866 5032 2977 5087 Cur
3002 5048 3062 5085 es
3084 5033 3221 5086 adeo
3246 5031 3441 5094 tristis,

162 5133 416 5187 τοιαῦτα.
445 5128 684 5196 Ὁμοίως
710 5126 765 5179 δὲ
801 5127 891 5178 καὶ
940 5125 1015 5193 τῷ
1048 5126 1338 5193 ἡγουμένῳ
1370 5126 1523 5194 ἔλεγε
1550 5125 1738 5188 ταῦτα1

1858 5138 1915 5183 et
1948 5144 2047 5183 cur
2082 5138 2187 5181 tam
2222 5138 2427 5181 temere
2462 5126 2743 5193 loqueris?
2780 5125 2944 5178 Cessa
2983 5136 3297 5192 parumper.
3346 5136 3444 5175 ro-

162 5229 243 5280 ἱτι
273 5227 351 5278 Τὸ
387 5213 686 5290 θυὲάτριόν
726 5234 850 5287 μου,
890 5218 1085 5287 πάτερ,
1112 5216 1140 5271 6
1182 5218 1475 5286 μονογενὲς
1499 5214 1667 5287 εἶχον,
1693 5221 1751 5272 ὲν

164 5315 207 5385 ᾧ
233 5316 613 5388 προσεδόκων,
642 5311 727 5363 ὅτι
759 5311 819 5363 τὸ
848 5309 1028 5381 γῆράς
1060 5328 1163 5379 μου
1210 5310 1322 5380 ἔχει
1350 5310 1756 5378 ἁναπαυθῆναι,

166 5413 261 5465 καὶ
310 5408 422 5462 ἰδοὺ
454 5406 505 5459 τι
557 5406 783 5477 ἐποίησε
834 5422 924 5475 μοι
974 5407 1244 5476 Μαρῖνος,
1296 5405 1356 5458 ὃν
1404 5405 1591 5474 λέγετε
1621 5407 1756 5475 Χρι-

170 5500 409 5556 στιανόν.
473 5497 642 5566 Λέγει
676 5496 828 5568 αὐτῷ
860 5499 887 5550 6
916 5496 1240 5568 ὴγούμενοςσ
1293 5496 1539 5565 Ἀδελφὲ.
1579 5497 1633 5549 τί
1671 5515 1751 5549 σοι

169 5594 404 5664 ποιήσω,
441 5590 521 5661 μὴ
554 5588 714 5652 ὄντος
744 5586 910 5641 αὑτοῦ
940 5582 1083 5656 ὦδε;
1114 5589 1171 5639 ὲν
1195 5586 1252 5639 δὶ
1281 5586 1359 5656 τῷ
1382 5586 1749 5655 ὑποστρέφειν

166 5688 333 5739 αὐτὸν
387 5689 488 5755 τῆς
548 5682 858 5746 διακονίας,
912 5682 1065 5737 οὐδέν
1112 5699 1200 5749 μοι
1258 5681 1386 5735 ἄλλο
1423 5679 1639 5732 ἔστι·ιεὶ
1676 5680 1748 5749 μὴ

168 5779 355 5843 Stabis:
379 5779 546 5833 αὐτὸν
578 5778 641 5831 ἔκ
672 5774 770 5829 τοῦ
810 5776 1190 5845 μοναστῃρίου.
1221 5774 1528 5835 Minuta;
1565 5771 1618 5824 δὲ
1657 5772 1747 5825 τοῦ

1858 5236 1927 5291 go
1965 5230 2038 5275 te.
2071 5220 2430 5288 Respondens
2454 5228 2636 5272 autem
2664 5219 2955 5288 prmfectus
2989 5215 3302 5277 diversorii,
3344 5215 3433 5268 di-

1857 5317 1932 5369 cit
1961 5315 2013 5369 ei
2064 5332 2076 5366 :
2123 5315 2317 5369 Pereat
2348 5314 2503 5373 hora.
2541 5326 2648 5379 qua
2686 5324 2927 5379 unquam
2962 5308 3194 5377 cognovi
3244 5321 3435 5360 mona-

1855 5408 2041 5463 chum.
2079 5406 2178 5460 Hei
2211 5406 2366 5469 mihi,
2417 5403 2550 5473 quid
2598 5403 2732 5457 mihi
2779 5400 3014 5456 accidit?
3054 5399 3194 5465 Quid
3239 5398 3432 5453 faciam

1858 5508 2063 5562 autem,
2086 5497 2293 5551 nescio.
2321 5497 2457 5551 Cum
2482 5511 2612 5549 vero
2638 5496 2754 5550 hare
2780 5493 3098 5549 rescivisset
3121 5490 3431 5561 praefectus,

1858 5603 1983 5642 eum
2011 5587 2285 5649 accersiit,
2316 5595 2371 5639 et
2401 5586 2533 5641 dicit
2562 5604 2573 5639 :
2612 5585 2750 5651 Quid
2780 5584 2875 5639 tibi
2920 5583 3033 5645 vis,
3060 5580 3264 5635 frater?
3290 5578 3435 5647 Quid

1859 5677 2168 5732 es'tristisl
2200 5674 2467 5731 Pratfecto
2489 5684 2671 5729 autem
2710 5673 3031 5729 monasterii
3059 5671 3198 5725 dixit
3232 5671 3298 5731 is.
3332 5671 3426 5737 qui

1857 5778 2092 5841 praeerat
2138 5767 2489 5825 diversorio:
2538 5766 2675 5833 Quid
2727 5767 2863 5822 mihi
2906 5766 3058 5818 volo?
3103 5764 3172 5817 De
3226 5770 3427 5816 cretero
