3966 6444
594 353 695 418 351

1903 380 2181 439 MENSIS
2219 385 2518 448 JULIUS.

3733 395 3848 454 352

591 473 802 529 nullum
833 481 1069 546 amplius
1095 482 1306 539 videam
1341 498 1434 541 aut
1463 493 1782 547 conveniam
1812 500 2150 555 monachum.

2266 505 2408 556 ἁὸἦᾶ
2435 507 2683 574 Μαρενου
2716 511 2810 562 σὺν
2838 514 2947 572 τοῖς
2980 512 3160 573 ἄλλοις
3185 513 3360 580 τρισὶν
3388 513 3660 579 ἁδελςςοίς,
3687 511 3849 576 λέγει

595 565 882 636 Postquam
918 582 1098 628 autem
1133 593 1160 630 a
1203 580 1462 646 prmfecto
1493 600 1681 640 rursus
1713 587 1814 641 fuit
1845 603 2064 660 rogatus
2090 597 2155 662 is,

586 662 678 727 qui
717 668 1271 730 praeeratdiversorio
1297 693 1306 724 :
1337 676 1567 744 Propter
1599 698 1760 748 quam
1791 700 2011 741 causam
2043 690 2158 744 hinc

586 749 758 804 dicis?
791 759 1071 825 respondit
1103 770 1158 815 et
1189 763 1357 819 dixit:
1393 769 1580 822 Filiam
1610 772 1873 830 habebam
1914 781 2154 847 unicam,

591 843 642 894 in
678 860 838 912 quam
864 865 1016 918 spem
1051 869 1224 910 meam
1257 860 1616 928 collocabam,
1647 871 1790 935 quod
1812 887 1874 924 ea
1897 885 2044 928 esset
2073 892 2158 930 re-

583 937 740 1002 quies
771 954 904 992 mea:
938 948 1258 1001 senectutis.
1304 953 1440 1005 Ecce
1471 970 1601 1010 vero
1639 960 1771 1027 quid
1815 962 1944 1016 fecit
1995 966 2156 1020 Mari-

582 1029 732 1080 nus?
775 1045 894 1084 earn
934 1047 1302 1101 prmgnantem
1340 1044 1599 1108 reddidit,
1636 1065 1798 1117 quem
1823 1052 2004 1108 dicitis
2035 1073 2156 1112 esse

581 1119 953 1180 Christianum
975 1140 1030 1183 et
1059 1132 1228 1198 pium.
1255 1137 1379 1191 "me
1403 1155 1526 1193 cum
1555 1143 1817 1198 audiisset
1843 1148 2150 1215 praefectus,

579 1217 918 1284 stupefactus
947 1223 1081 1280 dicit
1110 1230 1159 1282 ei
1196 1247 1208 1282 :
1245 1231 1381 1296 Quid
1413 1251 1631 1303 possum
1670 1239 1762 1293 tibi
1785 1241 1986 1306 facere,
2024 1261 2149 1301 cum

578 1307 694 1373 ipse
727 1325 834 1366 nou
860 1315 931 1368 sit
958 1318 1084 1372 hic?
1115 1322 1220 1375 Sed
1251 1329 1469 1393 quando
1495 1331 1701 1386 venerit
1722 1349 1785 1386 ex
1818 1337 2148 1401 ministerio,

2269 601 2403 664 πρὸς
2437 599 2598 651 αὑτὸν
2621 603 2646 652 ό
2681 603 2985 670 ἡγούμενος
3008 621 3020 633 ·
3047 606 3194 683 Λῦτη
3233 607 3378 657 ἔστιν
3410 608 3440 675 ἡ
3468 605 3717 657 πολιτεία
3744 621 3848 655 σου

2267 692 2358 742 καὶ
2395 695 2424 759 ἡ
2468 693 2724 762 ἄσκησις,
2755 698 2836 748 ὅτι
2862 698 3268 758 καταλύσαντός
3305 716 3396 750 σον
3432 702 3488 748 ἐν
3527 697 3606 766 τῷ
3640 698 3849 749 πανδο-

2265 782 2415 849 κείῳ,
2448 785 2760 855 διέφθειρας
2793 788 2889 858 τὴν
2924 788 3198 860 Θυγατέρα
3245 790 3338 843 τοῦ
3375 790 3674 859 πάνδοχοςῖ
3745 788 3847 841 κεῖ

2262 875 2432 925 ἐλθὼν
2478 878 2682 940 ἐκεῖνος
2723 873 2823 933 ὧδε
2885 881 3111 952 θέατρον
3172 884 3484 952 ἡμᾶςέτοῖς
3543 885 3846 949 κοσμιχοῖς

2259 967 2550 1035 ὲποίησενς
2601 971 2786 1023 Ταῦτα
2839 973 2896 1025 δὲ
2957 976 3201 1036 ἀκούσας
3241 977 3269 1027 ό
3331 978 3573 1044 Μαρῐνος
3641 976 3840 1043 ῥίπτει

2257 1060 2446 1112 ἑαυτὸν
2483 1065 2573 1114 ἐπὶ
2611 1065 2904 1130 πρόσωπον
2935 1067 3110 1132 λέγων
3133 1083 3146 1096 ·
3188 1067 3551 1137 Συγχὼρησόν
3580 1085 3692 1135 μοι,
3730 1068 3846 1119 πά-

2255 1152 2485 1212 τερ,διὰ
2518 1156 2607 1206 τὸν
2661 1157 2887 1227 Κύριον,
2935 1159 3015 1209 ὅτι
3043 1159 3115 1220 ὡς
3167 1161 3450 1227 ἅνθρωπος
3492 1161 3841 1229 ἐπλανήθην.

2265 1244 2326 1298 Ὀ
2347 1245 2400 1297 δὲ
2453 1248 2756 1316 ἡγούμενος
2801 1253 3080 1321 ὀργισθεὶς
3119 1252 3378 1318 ἐξέϐαλεν
3412 1254 3572 1305 αὐτὸν
3606 1254 3713 1318 ἔξω
3743 1251 3843 1304 τοῦ

2259 1343 2629 1412 μοναστηρίου
2662 1347 2716 1396 ὲν
2743 1345 2974 1412 ὀλίγαις.

577 1403 713 1456 nihil
749 1417 833 1460 est
861 1411 1008 1464 aliud
1041 1418 1186 1483 quod
1218 1434 1394 1489 agam,
1435 1426 1535 1478 nisi
1578 1436 1636 1480 ut
1665 1431 1932 1496 expellam
1963 1448 1990 1485 e
2023 1437 2376 1492 monasterio.
2406 1437 2542 1492 Cum
2579 1450 2760 1494 autem
2794 1443 3033 1495 venisset
3090 1441 3332 1499 Marinus
3363 1458 3484 1497 cum
3509 1443 3631 1496 aliis
3654 1441 3842 1495 tribus

574 1482 859 1556 fratribus.
893 1510 1122 1562 accersit
1144 1528 1270 1566 eum
1308 1517 1615 1584 praefectus.
1649 1532 1702 1574 et
1728 1523 1860 1576 dicit
1885 1526 1932 1578 ei
1964 1543 1976 1580 :
2009 1526 2180 1591 Abba,
2215 1531 2327 1585 h.~ec
2367 1549 2432 1586 ne
2466 1544 2550 1586 est
2581 1541 2669 1587 tua
2704 1535 2921 1589 vivendi
2955 1536 3094 1588 ratio
3125 1545 3178 1588 et
3204 1537 3567 1589 exercitatio?
3594 1537 3837 1604 Quando

574 1590 882 1649 diversatus
923 1596 1074 1654 fuisti
1127 1604 1180 1656 in
1215 1606 1548 1674 diversorio,
1593 1616 1826 1669 attulisti
1862 1619 2051 1672 vitium
2101 1623 2221 1678 filice
2252 1625 2497 1694 prmiecti
2548 1628 2863 1682 diversorii.
2894 1629 3010 1684 lIuc
3041 1643 3224 1684 autem
3257 1627 3485 1684 veniens
3525 1631 3643 1700 eius
3673 1643 3842 1699 pater

577 1693 833 1752 tanquam
866 1704 966 1756 per
1010 1692 1284 1751 theatrum
1326 1703 1566 1760 traduxit
1595 1723 1692 1761 nos
1739 1713 2058 1768 monachos.
2101 1715 2364 1781 Marinus,
2399 1735 2530 1774 vero
2569 1721 2655 1775 his
2689 1721 2910 1785 auditis,
2944 1739 3000 1777 se
3047 1723 3198 1778 humi
3241 1726 3469 1794 projecit
3510 1726 3563 1779 in
3607 1725 3839 1788 faciem,

573 1779 761 1836 dicens
818 1791 1114 1853 praefecto:
1153 1792 1412 1850 Condona
1476 1801 1608 1854 mihi
1663 1802 1853 1857 humili
1897 1814 1952 1858 et
1999 1811 2270 1876 peccatori
2319 1824 2542 1879 propter
2588 1814 2897 1882 Dominum,
2951 1831 2984 1870 ο
3042 1826 3216 1886 pater,
3259 1820 3517 1887 quoniam
3572 1828 3840 1886 tanquam

573 1875 738 1931 homo
775 1885 978 1938 erravi.
1018 1886 1171 1940 Tunc
1203 1891 1493 1959 prmfectus
1519 1895 1568 1948 ei
1599 1897 1790 1962 iratus,
1832 1902 1994 1968 ejecit
2018 1919 2142 1958 eum
2173 1918 2203 1958 e
2232 1909 2590 1962 monasterio.

644 1996 706 2050 V.
750 1999 1016 2069 Egressus
1049 2016 1230 2060 autem
1263 2009 1456 2067 beatus
1485 2027 1637 2071 extra
1667 2023 1998 2080 vestibulum
2031 2043 2146 2081 mo-

2325 2029 2362 2080 E
2384 2069 2398 2083 .
2452 2028 2511 2081 Ὀ
2544 2028 2600 2080 δὲ
2628 2029 2862 2094 ἐξελθὼν
2887 2030 3181 2093 ἐκαθέζετο
3203 2030 3411 2101 αἴθριος
3453 2032 3745 2100 ὑπομένων
3776 2033 3843 2086 τι

574 2095 821 2156 nastcrii,
859 2100 1058 2154 mansit
1088 2107 1190 2156 sub
1213 2103 1321 2164 dio.
1353 2110 1633 2166 sustinens
1661 2115 1832 2184 frigus
1863 2127 1916 2171 et
1950 2131 2142 2177 aastum

2256 2119 2416 2189 ψῦχος
2444 2123 2710 2186 γενναίως
2748 2122 2843 2174 καὶ
2869 2123 2959 2174 τὸν
2983 2123 3245 2177 καύσονα.
3279 2123 3342 2176 Ol
3387 2118 3482 2175 οὖν
3511 2126 3843 2194 εἰσερχόμε-

572 2198 746 2239 annos
768 2197 896 2240 tres.
914 2190 1158 2265 Quiergo
1177 2197 1628 2265 ingrediebantur
1648 2214 1701 2259 et
1718 2213 2146 2277 egrediebantur

571 2291 634 2329 ex
671 2285 1027 2344 monasterio.
1066 2299 1330 2358 rogabant
1357 2295 1556 2363 ipsum,
1593 2299 1840 2356 dicentes
1885 2321 1898 2358 :
1929 2305 2041 2360 Cur
2067 2307 2148 2362 sic

571 2372 750 2435 sedes,
782 2376 944 2438 abba,
981 2380 1215 2435 afflictus
1243 2385 1296 2438 in
1325 2390 1632 2444 vestibulo?
1658 2394 1751 2446 Ille
1785 2408 1964 2451 autem
2007 2401 2146 2457 dixit

571 2465 652 2518 eis
689 2483 701 2522 :
733 2465 1003 2532 Quoniam
1060 2489 1177 2529 sum
1226 2477 1550 2542 fornicatus.
1604 2497 1896 2555 propterea
1937 2494 2146 2560 eiectus

571 2574 690 2613 sum
728 2577 792 2616 ex
851 2572 1204 2623 monasterio.
1247 2572 1383 2627 Cum
1435 2592 1564 2631 vero
1609 2581 1847 2636 venisset
1896 2586 2144 2652 pariendi

574 2662 791 2717 tempus
823 2654 945 2710 filim
979 2661 1221 2725 pra‘fecti
1259 2664 1574 2733 diversorii,
1612 2675 1827 2740 peperit
1861 2678 2042 2744 puella
2083 2680 2147 2733 tl-

572 2745 702 2799 Iium
734 2751 1062 2808 masculum.
1106 2753 1343 2813 Puerum
1373 2771 1555 2817 autem
1592 2766 1789 2824 tollens
1817 2781 1972 2838 pater
2001 2774 2142 2843 ejus,

573 2840 724 2892 venit
748 2841 812 2893 ad
846 2852 1278 2916 monasterium;
1304 2863 1357 2906 et
1386 2870 1508 2908 cum
1546 2858 1848 2915 invenisset
1874 2864 2143 2922 Marinum

570 2937 854 2987 sedentem
903 2949 1055 2992 extra
1094 2947 1512 3011 monasterium,
1545 2952 1776 3021 projecit
1807 2955 1855 3008 ei
1892 2972 2142 3026 puerum,

571 3034 627 3075 et
649 3027 832 3080 statim
875 3035 1124 3088 recessit.
1153 3035 1393 3094 Marinus
1429 3058 1558 3095 vero
1580 3061 1802 3101 sumens
1831 3065 2059 3117 puerum
2092 3053 2144 3106 in

573 3131 787 3182 manus,
821 3121 1038 3180 dicebat
1067 3127 1371 3187 lamentans
1402 3152 1413 3188 :
1460 3136 1554 3190 Hei
1588 3140 1720 3192 mihi
1748 3143 1950 3196 misero
1972 3157 2027 3200 et
2051 3148 2147 3202 ab-

571 3211 712 3279 iecto
746 3231 759 3269 :
802 3231 903 3282 ego
944 3229 1094 3272 certe
1143 3221 1370 3276 humilis
1411 3235 1464 3280 et
1513 3243 1773 3297 nequam,
1803 3234 2015 3303 accipio
2049 3253 2146 3304 pro

2247 2229 2328 2263 νοι
2361 2213 2456 2264 καὶ
2493 2213 2843 2282 ἐξερχόμενοι
2871 2216 3174 2282 ἐπηρώτων
3208 2217 3372 2270 αὑτὸν
3404 2218 3655 2286 λέγοντες
3682 2237 3694 2250 ’
3729 2222 3840 2276 Διά

2246 2306 2299 2356 τί
2338 2300 2440 2358 ὦδε
2473 2306 2805 2370 καθέζεσαις
2863 2309 2974 2360 Καὶ
3011 2308 3199 2376 ἔλεγεν
3229 2312 3449 2375 αὐτοῖς·
3503 2313 3627 2364 ’Ότι
3661 2314 3842 2383 ἐπόρ-

2249 2415 2439 2462 νευσα,
2474 2400 2567 2453 καὶ
2591 2401 2678 2455 διὰ
2707 2403 2862 2454 τοῦτο
2889 2401 3186 2472 ἐξεϐλήθην
3213 2405 3277 2456 ἐκ
3300 2405 3393 2456 τοῦ
3431 2407 3832 2477 μοναστηρξου.

2246 2488 2558 2551 Φοάσαντος
2584 2491 2638 2544 δὲ
2662 2491 2758 2545 τοῦ
2790 2494 2953 2546 τόκου
2977 2494 3078 2562 τῆς
3108 2495 3376 2564 θυγατρὸς
3406 2495 3499 2546 τοῦ
3538 2498 3853 2566 πάνδοχος,.

2249 2584 2542 2651 ἐγέννησεν
2573 2586 2604 2654 ἡ
2641 2585 2889 2654 θυγάτηρ
2919 2587 3084 2639 αὑτοῦ
3112 2589 3274 2640 παῖδα
3306 2589 3536 2659 ἄρρενα,
3573 2589 3669 2640 καὶ
3694 2592 3842 2643 ὲπὰ-

2251 2691 2350 2741 ρας
2387 2676 2518 2726 αὐτὸ
2555 2676 2582 2726 ό
2620 2675 2840 2740 πάνδοξ,
2868 2676 3232 2746 παραγίνεται
3261 2679 3316 2730 ἐν
3340 2677 3418 2746 τῷ
3453 2679 3837 2748 μοναστηρίῳ.

2249 2766 2440 2836 Εὑρὼν
2473 2767 2526 2820 δὲ
2565 2766 2654 2819 τὸν
2692 2769 2936 2838 Μαρϊνον
2995 2768 3194 2831 ἔξωθεν
3259 2768 3352 2820 τοῦ
3416 2769 3664 2831 πυλῶνος
3699 2771 3840 2822 καθ-

2249 2861 2476 2930 ήμενον,
2504 2859 2814 2928 προσρίψας
2849 2859 2998 2927 αὐτῷ
3028 2861 3088 2912 τὸ
3127 2859 3340 2913 παιδίον
3368 2861 3557 2926 λέγει’
3613 2863 3746 2914 Ἰδοὺ
3776 2863 3840 2915 τὸ

2250 2951 2436 3011 κακῶς
2469 2950 2733 3017 ἔσπειρας
2762 2949 2954 3002 τέκνον
2986 2965 3102 3012 σου,
3141 2947 3273 3002 λαϐὲ
3299 2949 3452 3002 αὑτό.
3491 2948 3601 3001 Καὶ
3626 2949 3839 3012 εὐθέως

2248 3043 2623 3113 ἀνεχώρησεν.
2680 3044 2878 3098 Λαϐὼν
2939 3042 3034 3096 οὖν
3086 3043 3113 3096 ό
3165 3043 3408 3112 Μαρῖνος
3470 3043 3529 3094 τὸ
3594 3043 3836 3105 παιδίον,

2249 3137 2494 3188 ὲθλίῦετο
2547 3138 2671 3205 περὶ
2705 3135 2872 3188 αὑτοῦ
2899 3135 3074 3202 λέγων
3097 3151 3110 3166 ο
3140 3136 3248 3187 Ναὶ
3280 3135 3389 3202 ἐγὼ
3422 3135 3519 3193 τὰς
3551 3137 3840 3204 ἁμαρτίας

2255 3246 2357 3298 μου
2392 3228 2772 3295 ἀπολαμϐάνω
2795 3245 2809 3260 ο
2853 3229 2942 3282 διὰ
2994 3230 3048 3281 τί
3103 3229 3159 3281 δὲ
3189 3235 3284 3280 καὶ
3317 3229 3377 3280 τὸ
3409 3228 3595 3280 ἄθλιον
3627 3229 3840 3297 βρέφος

571 3306 786 3359 meritis
813 3324 1061 3364 meorum
1110 3327 1486 3382 peccatorum.
1522 3321 1632 3375 Cur
1670 3334 1851 3379 autem
1888 3328 1975 3384 hic
2011 3347 2150 3400 quo.

574 3413 677 3422 ...ιιι
719 3398 907 3422 2..Ι¹¹-1Ἶ..
937 3419 1055 3422 ‘_,-,
1469 3414 1478 3422 .
1597 3416 1616 3422 -
1652 3415 1681 3422 _
1783 3419 1792 3422 _

2256 3318 2411 3372 τοῦτο
2463 3321 2558 3372 σὺν
2586 3321 2712 3389 ἐμοὶ
2769 3319 3141 3387 ἀποθνήσκεις
3183 3319 3428 3387 Ἤρξατο
3456 3315 3549 3370 οὖν
3581 3321 3837 3387 γυρόειν,

572 3413 679 3467 que
719 3398 907 3455 infelix
936 3419 1072 3471 puer
1097 3422 1306 3461 mecum
1345 3414 1618 3468 moritur?
1644 3415 1822 3484 C(Bpit
1848 3435 1977 3475 vero
2000 3424 2148 3478 acci-

569 3505 702 3559 pere
735 3492 817 3545 lac
847 3509 876 3547 a
915 3499 1249 3563 pastoribus,
1282 3510 1336 3554 et
1373 3502 1452 3555 sic
1481 3505 1656 3560 alebat
1697 3524 1928 3575 puerum
1964 3522 2024 3566 ut
2053 3530 2149 3582 pa-

572 3593 678 3635 ter.
705 3583 822 3637 Non
858 3587 991 3639 satis
1013 3598 1195 3642 autem
1229 3601 1346 3645 erat
1383 3592 1591 3649 Marino
1616 3598 1838 3654 afflictio
1863 3611 1916 3656 et
1946 3603 2145 3670 pudor.

572 3686 681 3740 quo
714 3672 1056 3732 afficiebatur
1078 3683 1364 3750 quotidie:
1397 3688 1493 3741 scd
1520 3704 1654 3757 puer
1680 3706 1899 3762 quoque
1926 3694 2062 3750 ﬂens
2091 3705 2147 3751 et

572 3779 901 3830 excernens.
959 3777 1368 3831 contaminabat
1406 3789 1460 3831 et
1509 3779 1827 3836 sordidabat
1866 3787 1984 3852 ejus
2029 3803 2151 3843 ves-

574 3862 677 3909 tes.
709 3856 838 3911 Post
861 3861 1099 3929 spatium
1117 3875 1300 3921 autem
1324 3869 1489 3924 trium
1508 3887 1800 3942 annorum,
1819 3878 2148 3935 seditionem

573 3949 851 4018 agitarunt
889 3969 1085 4012 omnes
1127 3959 1341 4024 fratres,
1369 3963 1618 4021 dicentes
1669 3972 1928 4038 przefecto
1953 3991 1965 4028 :
1989 3973 2153 4030 Pater

575 4044 911 4108 venerande,
945 4047 1148 4104 sufficit
1176 4051 1333 4108 fratri
1362 4055 1568 4112 Marino
1588 4075 1769 4130 ptem,
1790 4078 1952 4133 quam
1983 4067 2152 4122 susti-

574 4132 720 4186 nuit.
777 4134 854 4190 De
900 4147 1101 4195 caetero
1153 4158 1430 4214 rogamus,
1464 4152 1652 4221 accipe
1687 4132 1820 4209 eum,
1843 4172 2037 4214 rursus
2091 4158 2146 4215 in

576 4230 974 4286 monasterium
1006 4251 1020 4289 :
1052 4238 1287 4294 maxime
1311 4256 1464 4304 vero.
1490 4245 1639 4315 quod
1675 4261 1859 4303 coram
1882 4251 2144 4309 omnibus

575 4321 861 4380 confessus
877 4337 960 4381 est
979 4329 1191 4399 lapsum
1210 4350 1392 4392 suum.
1419 4339 1555 4395 Cum
1584 4353 1768 4400 autem
1801 4348 2147 4404 contradice-

578 4421 664 4466 ret
699 4417 1013 4483 prafectus,
1038 4432 1094 4476 et
1126 4441 1234 4480 non
1271 4432 1702 4496 persuaderetur
1723 4452 1848 4489 eum
1873 4440 2150 4506 accipere,

576 4519 866 4574 eaaperunt
896 4515 1152 4570 monachi
1191 4519 1241 4573 ei
1284 4537 1476 4577 rursus
1506 4524 1688 4581 dicere
1720 4545 1733 4583 :
1767 4527 1881 4584 Nisi
1925 4529 2147 4584 fratrem

2255 3415 2349 3465 καὶ
2379 3411 2682 3479 λαμϐάνειν
2716 3411 2859 3477 γάλα
2885 3411 2992 3464 ἀπὺ
3018 3411 3125 3463 τῶν
3152 3409 3451 3478 ποιμένων,
3483 3409 3578 3462 καὶ
3606 3411 3840 3478 τρέφειν

2257 3504 2316 3556 τὸ
2348 3505 2558 3556 παιδίον
2588 3503 2662 3566 ὡς
2697 3507 2880 3575 πατὴρ
2905 3523 2918 3535 ·
2956 3505 3057 3558 οὐκ
3111 3504 3273 3574 ἢρκει
3321 3503 3377 3556 δὲ
3430 3502 3580 3571 αὐτῷ
3619 3504 3646 3555 ό
3677 3519 3844 3575 περι-

2258 3595 2508 3664 σπασμὸς
2541 3596 2600 3648 ὃν
2647 3593 2813 3667 εἶχεν,
2844 3597 2976 3649 ἀλλὰ
3027 3597 3120 3647 καὶ
3154 3595 3215 3647 τὸ
3269 3595 3482 3648 παιδίον
3518 3596 3705 3648 κλαῖον
3739 3597 3842 3650 καὶ

2255 3689 2583 3757 ὀδυρόμενον
2607 3689 2828 3757 ἡχρείου
2861 3687 2929 3739 τὰ
2981 3687 3169 3756 ἱμάτια
3198 3686 3385 3738 αὑτοῦ.
3417 3688 3574 3741 Μετὰ
3602 3689 3657 3740 δὲ
3698 3689 3838 3758 τρία

2260 3783 2355 3848 ἐτη
2385 3781 2588 3841 ἰδόντες
2639 3780 2690 3831 ot
2724 3778 2944 3847 ἀδελφοὶ
2974 3779 3071 3852 τὴν
3111 3777 3386 3850 τοσαύτην
3427 3777 3590 3833 αὑτοῦ
3651 3780 3842 3850 Θλίψιν

2251 3877 2344 3932 καὶ
2375 3874 2676 3948 ὑπομονὴν,
2710 3877 3101 3947 προσελθόντες
3125 3877 3346 3953 λέγουσι
3371 3875 3450 3946 τῷ
3497 3875 3796 3946 ἡγουμένῳ
3821 3894 3837 3908 ο

2265 3971 2453 4041 Ἀρκεῖ
2491 3970 2640 4040 αὑτῷ
2671 3969 2703 4040 ἡ
2744 3969 2995 4037 ἐπιτιμία
3021 4011 3033 4033 ,
3075 3970 3157 4022 ὅτι
3197 3969 3289 4021 επὶ
3321 3968 3539 4022 πάντων
3573 3967 3846 4038 ὁμολογεῖ

2254 4064 2318 4118 τὸ
2351 4062 2550 4117 ἑαυτοῦ
2584 4063 2831 4131 σφάλμα.
2881 4061 2988 4114 Τοῦ
3016 4061 3073 4113 δι
3115 4062 3421 4130 ἡγουμένου
3451 4060 3589 4122 ὅλως
3622 4060 3699 4130 μὴ
3731 4077 3844 4112 πυ-

2257 4156 2487 4224 θομένου
2541 4154 2799 4217 δέξασθαι
2848 4153 3036 4216 αὐτὸν,
3066 4152 3321 4222 λέγουσιν
3353 4153 3403 4207 of
3451 4153 3697 4222 ἀδελφοὶ,
3721 4155 3839 4221 ὅτι,

2271 4248 2399 4306 Ἐὰν
2435 4246 2510 4318 μὴ
2564 4247 2691 4318 δόξῃ
2729 4248 2916 4312 αὐτὸν,
2959 4249 3054 4302 καὶ
3095 4248 3258 4318 ἡμεῖς
3306 4245 3706 4316 ἀναχωροῦμεν
3735 4248 3841 4301 τοῦ

2265 4341 2632 4412 μοιαστηρίου
2655 4358 2668 4372 ’
2696 4336 2806 4411 ἄρα
2838 4341 2954 4402 πῶς
2983 4341 3180 4409 ἔχομεν
3220 4341 3550 4410 αἰτήσασθαι
3581 4340 3840 4443 συγγνω-

2265 4448 2374 4500 μην
2405 4435 2532 4501 περὶ
2584 4431 2692 4482 τῶν
2739 4430 3027 4499 ἁμαρτιῶν
3075 4430 3235 4499 ἡμῶν
3292 4432 3535 4502 σήμερον
3580 4432 3843 4501 τριετοῦς

2259 4529 2455 4599 χρόνου
2487 4527 2800 4598 καθημένου
2829 4527 2996 4581 αὐτοῦ
3025 4527 3277 4596 αἰθρίου;

577 4597 848 4654 Marinum
890 4619 1082 4661 rursus
1105 4614 1384 4680 acceperis
1433 4615 1490 4668 in
1525 4618 1947 4684 monasterium,
1978 4637 2010 4674 ο
2050 4619 2231 4683 Pater,
2266 4635 2365 4673 nos
2396 4634 2614 4688 quoque
2657 4618 2987 4673 recedimus.
3013 4616 3300 4723 Quomodo
3333 4633 3690 4723 possumus‘a
3718 4617 3840 4674 Deo

581 4704 766 4723 “hu
896 4703 1105 4723 “__.-_
1131 4713 1168 4723 ,.
1202 4705 1326 4723 ,μυ
1488 4719 1498 4723 -
2012 4714 2030 4723 -

581 4704 790 4764 petere,
817 4703 1170 4756 utcondonet
1199 4705 1360 4762 nobis
1379 4719 1566 4766 nostra
1597 4723 1840 4782 peccata,
1864 4730 1990 4770 cum
2009 4714 2179 4771 frater
2205 4726 2392 4771 noster
2423 4723 2536 4767 tres
2577 4728 2752 4766 annos
2779 4711 2882 4764 sub
2910 4712 3002 4764 dio
3034 4711 3223 4766 sedeat
3256 4713 3310 4764 in
3343 4712 3656 4766 vestibulo?

649 4816 738 4870 Vl.
785 4816 910 4872 Hau:
952 4835 1076 4874 cum
1111 4824 1376 4880 audiisset
1428 4828 1719 4897 praafeclus
1770 4847 1801 4884 a
1845 4827 2150 4894 monachis,

2334 4832 2424 4896 (τ’.
2456 4827 2587 4881 Τότε
2617 4825 2835 4892 ἐδέξατο
2869 4825 3032 4880 αὐτὸν
3058 4826 3085 4878 ό
3111 4825 3416 4896 ἡγούμενος
3445 4825 3620 4895 λέγων
3641 4843 3654 4856 ·
3697 4826 3839 4884 Ἰδοὺ

580 4908 869 4966 diciteis:
925 4914 1135 4968 Revera
1189 4929 1416 4989 propter
1463 4933 1771 4991 peccatum,
1807 4925 1952 4992 quod
2004 4925 2151 4988 fecit,

583 5015 689 5052 non
711 5009 793 5054 est
817 5003 1014 5073 dignus
1037 5006 1143 5060 huc
1171 5008 1380 5078 ingredi
1413 5031 1426 5065 :
1455 5023 1680 5080 propter
1701 5025 1939 5068 vestram
1974 5027 2155 5070 tamen

584 5092 910 5148 charitatem
948 5108 1002 5150 et
1049 5115 1240 5167 preces
1271 5117 1397 5156 eum
1445 5104 1678 5173 accipio,
1711 5114 1766 5158 et
1808 5121 1931 5159 eum
1971 5123 2150 5161 accer-

585 5184 768 5239 siisset
800 5186 1065 5242 Marinum
1107 5208 1291 5245 coram
1323 5197 1598 5260 omnibus,
1635 5198 1769 5251 dicit
1799 5199 1848 5253 ei
1888 5217 1900 5253 :
1938 5201 2154 5263 Frater,

588 5291 696 5327 non
745 5292 803 5328 es
841 5279 1040 5348 dignus
1084 5292 1230 5338 stare
1274 5285 1327 5339 in
1372 5287 1549 5356 primo
1601 5299 1693 5343 tuo
1743 5291 1881 5353 loco,
1935 5302 2159 5360 propter

588 5382 871 5434 peccatum
904 5375 1048 5439 quod
1081 5375 1257 5431 fecisti
1289 5397 1300 5432 :
1329 5390 1552 5450 pr0pter
1575 5381 1802 5436 fratrum
1825 5393 2007 5438 autem
2032 5387 2162 5439 cha-

590 5461 808 5514 ritatein
841 5476 895 5518 et
944 5483 1152 5534 preces,
1190 5471 1400 5537 accipio
1432 5483 1481 5527 te
1523 5480 1767 5533 omnium
1821 5487 2158 5546 postremum

591 5551 641 5601 in
698 5553 959 5620 regulam.
995 5556 1234 5614 Marinus
1282 5578 1411 5616 vero
1463 5567 1629 5633 coepit
1683 5565 1938 5635 prmfecto
1975 5567 2159 5622 dicere

587 5657 713 5696 eum
752 5644 1050 5717 lacrymis:
1090 5649 1202 5703 Hoc
1245 5671 1465 5722 quoque
1520 5658 1650 5710 mihi
1700 5673 1954 5729 magnum
1991 5671 2094 5718 est.
2128 5676 2160 5716 ο

591 5741 898 5792 vulnerando
933 5742 1110 5804 l'ater,
1142 5747 1292 5810 ,quod
1329 5764 1411 5801 mc
1454 5749 1677 5818 dignum
1713 5753 1932 5817 feceris,
1957 5757 2049 5825 qui
2077 5757 2161 5810 in-

2255 4923 2341 4976 διὰ
2375 4921 2474 4992 τὴν
2502 4922 2723 4990 ἀγάπην
2773 4921 2881 4972 τῶν
2921 4916 3168 4984 ἀδελφῶν
3203 4919 3434 4986 δέχομαί
3486 4936 3565 4983 σε,
3599 4919 3838 4989 ἔσχατον

2259 5021 2440 5088 μέντοι
2477 5019 2692 5071 πάντων
2724 5015 2872 5068 ὄντα.
2919 5015 2977 5069 Ὀ
2995 5018 3050 5069 δὲ
3080 5016 3238 5066 ἔϐαλε
3298 5016 3595 5083 μετάνοιαν
3613 5016 3789 5082 λέγων
3818 5037 3832 5049 ·

2255 5111 2416 5174 Μέγα
2480 5109 2568 5176 μοί
2623 5110 2760 5170 ἐστι,
2812 5109 3008 5176 πάτερ,
3043 5109 3132 5160 ἵνα
3172 5108 3307 5170 ὅλως
3342 5107 3446 5159 ὑπὸ
3497 5108 3596 5175 τὴν
3627 5107 3834 5176 στέγην

2259 5200 2413 5268 ὑμῶν
2438 5199 2683 5256 εἰσέλθω.
2725 5200 2924 5252 Ἐδαλε
2971 5199 3028 5251 δὲ
3072 5200 3237 5252 αὑτὸν
3261 5201 3288 5252 ὁ
3314 5201 3617 5269 ἡγούμενος
3655 5203 3733 5261 εἰς
3763 5204 3837 5256 τὰ

2257 5294 2556 5363 ἀτιμότερα
2605 5293 2739 5362 ἔργα
2774 5292 2864 5344 τοῦ
2891 5295 3271 5363 εμοναστηρίου
3297 5309 3310 5321 ”
3347 5294 3440 5345 καὶ
3471 5294 3647 5344 ἐποίει
3691 5295 3836 5346 αὐτὰ

2263 5387 2401 5455 μετὰ
2433 5387 2669 5455 σπουδῆς
2698 5387 2754 5437 ἐν
2783 5386 2962 5456 πολλῷ
3001 5387 3146 5455 πόνῳ
3183 5387 3386 5452 διάγων
3411 5402 3424 5414 ’
3465 5382 3578 5454 εἶχε
3632 5385 3687 5438 δὲ
3739 5387 3837 5438 καὶ

2258 5480 2319 5531 τὸ
2348 5480 2559 5532 παιδίον
2589 5479 2812 5532 ὄπισθεν
2840 5480 3002 5531 αὑτοῦ
3042 5478 3310 5548 κράζοντα
3344 5479 3438 5530 καὶ
3471 5477 3739 5546 ζητοῦντα
3765 5478 3838 5531 τὰ

2261 5573 2398 5634 πρὸς
2428 5571 2524 5638 τὴν
2555 5570 2759 5640 βρῶσιν
2801 5572 2891 5622 καὶ
2919 5571 3020 5620 ὅσα
3076 5569 3192 5620 ἐστὶ
3217 5572 3326 5630 τοῖς
3355 5569 3568 5636 νηπίοις
3606 5570 3832 5622 σιτξσια.

2259 5664 2506 5731 Αὑξηθὲν
2537 5663 2627 5714 οὖν
2655 5664 2746 5714 καὶ
2787 5660 3100 5729 ἀνατραφὲν
3134 5662 3192 5712 ὲν
3225 5659 3393 5730 πολλῇ
3425 5662 3593 5730 ἀρετῇ
3624 5657 3830 5728 ἠξιώθη

2256 5757 2351 5808 τοῦ
2388 5757 2681 5825 μοναχικοῦ
2707 5757 3006 5823 σχήματος.

588 5837 847 5901 ίιτεάετϐι·
882 5840 1020 5898 intra
1068 5847 1413 5916 vestibulum,
1450 5857 1504 5902 ut
1553 5848 1629 5902 sic
1671 5865 1887 5920 (ιυυιιυο
1956 5851 2153 5923 dignus
2199 5853 2420 5921 habear,
2466 5856 2554 5922 qui
2594 5853 2825 5908 seniam
2871 5853 3072 5908 sanctis
3119 5854 3251 5910 meis
3296 5851 3567 5907 l'atribus.
3612 5851 3676 5904 lat
3709 5865 3830 5904 Cum
