  <div class='ocr_page' id='page_1' title='image "/cluster/home/n/w/nwhite01/storage/ocr_20150623/115/ien.35556001659887/186.png"; bbox 0 0 3966 6446; ppageno 0'>
   <div class='ocr_carea' id='block_1_1' title="bbox 144 374 3394 450">
    <p class='ocr_par' dir='ltr' id='par_1_1' title="bbox 144 374 3394 450">
     <span class='ocr_line' id='line_1_1' title="bbox 144 374 3394 450; baseline -0.004 -2"><span class='ocrx_word' id='word_1_1' title='bbox 144 386 245 450; x_wconf 81' lang='lat'><strong>353</strong></span> <span class='ocrx_word' id='word_1_2' title='bbox 1240 383 1412 444; x_wconf 82' lang='lat' dir='ltr'><strong>VITA</strong></span> <span class='ocrx_word' id='word_1_3' title='bbox 1459 383 1516 441; x_wconf 89' lang='lat' dir='ltr'><strong>S.</strong></span> <span class='ocrx_word' id='word_1_4' title='bbox 1552 380 1880 444; x_wconf 80' lang='lat' dir='ltr'><strong>EUGENII</strong></span> <span class='ocrx_word' id='word_1_5' title='bbox 1913 380 2006 440; x_wconf 79' lang='lat' dir='ltr'><strong>ET</strong></span> <span class='ocrx_word' id='word_1_6' title='bbox 2038 378 2328 442; x_wconf 57' lang='lat' dir='ltr'><strong>MANE.</strong></span> <span class='ocrx_word' id='word_1_7' title='bbox 3289 374 3394 436; x_wconf 69' lang='grc'><strong>354</strong></span> 
     </span>
    </p>
   </div>
   <div class='ocr_carea' id='block_1_2' title="bbox 140 492 3400 572">
    <p class='ocr_par' dir='ltr' id='par_1_2' title="bbox 140 492 3400 572">
     <span class='ocr_line' id='line_1_2' title="bbox 140 492 3400 572; baseline -0.002 -18"><span class='ocrx_word' id='word_1_8' title='bbox 140 519 260 555; x_wconf 82' lang='lat' dir='ltr'><strong>cum</strong></span> <span class='ocrx_word' id='word_1_9' title='bbox 304 500 614 569; x_wconf 78' lang='lat' dir='ltr'><strong>accepisset</strong></span> <span class='ocrx_word' id='word_1_10' title='bbox 645 501 959 572; x_wconf 76' lang='lat' dir='ltr'><strong>przefectus,</strong></span> <span class='ocrx_word' id='word_1_11' title='bbox 1007 500 1230 554; x_wconf 90' lang='lat' dir='ltr'><strong>immisit</strong></span> <span class='ocrx_word' id='word_1_12' title='bbox 1269 499 1336 552; x_wconf 90' lang='lat' dir='ltr'><strong>ad</strong></span> <span class='ocrx_word' id='word_1_13' title='bbox 1377 498 1571 552; x_wconf 77' lang='lat' dir='ltr'><strong>viliora</strong></span> <span class='ocrx_word' id='word_1_14' title='bbox 1615 507 1671 552; x_wconf 90' lang='lat' dir='ltr'><strong>et</strong></span> <span class='ocrx_word' id='word_1_15' title='bbox 1705 498 2002 568; x_wconf 88' lang='lat' dir='ltr'><strong>abjectiora</strong></span> <span class='ocrx_word' id='word_1_16' title='bbox 2052 511 2222 565; x_wconf 81' lang='lat' dir='ltr'><strong>opera</strong></span> <span class='ocrx_word' id='word_1_17' title='bbox 2256 493 2600 548; x_wconf 71' lang='lat' dir='ltr'><strong>monasterii.</strong></span> <span class='ocrx_word' id='word_1_18' title='bbox 2650 492 2702 546; x_wconf 89' lang='lat' dir='ltr'><strong>Is</strong></span> <span class='ocrx_word' id='word_1_19' title='bbox 2747 507 2877 547; x_wconf 87' lang='lat' dir='ltr'><strong>vero</strong></span> <span class='ocrx_word' id='word_1_20' title='bbox 2915 507 2976 546; x_wconf 86' lang='lat' dir='ltr'><strong>ea</strong></span> <span class='ocrx_word' id='word_1_21' title='bbox 3007 492 3239 548; x_wconf 91' lang='lat' dir='ltr'><strong>faciebat</strong></span> <span class='ocrx_word' id='word_1_22' title='bbox 3274 511 3400 550; x_wconf 91' lang='lat' dir='ltr'><strong>cuin</strong></span> 
     </span>
    </p>
   </div>
   <div class='ocr_carea' id='block_1_3' title="bbox 141 588 3404 665">
    <p class='ocr_par' dir='ltr' id='par_1_3' title="bbox 141 588 3404 665">
     <span class='ocr_line' id='line_1_3' title="bbox 141 588 3404 665; baseline -0.002 -18"><span class='ocrx_word' id='word_1_23' title='bbox 141 599 325 651; x_wconf 84' lang='lat' dir='ltr'><strong>studio</strong></span> <span class='ocrx_word' id='word_1_24' title='bbox 367 607 422 651; x_wconf 91' lang='lat' dir='ltr'><strong>et</strong></span> <span class='ocrx_word' id='word_1_25' title='bbox 464 613 662 665; x_wconf 80' lang='lat' dir='ltr'><strong>magno</strong></span> <span class='ocrx_word' id='word_1_26' title='bbox 696 608 842 651; x_wconf 91' lang='lat' dir='ltr'><strong>metu</strong></span> <span class='ocrx_word' id='word_1_27' title='bbox 880 607 933 655; x_wconf 91' lang='lat' dir='ltr'><strong>et</strong></span> <span class='ocrx_word' id='word_1_28' title='bbox 966 598 1413 664; x_wconf 90' lang='lat' dir='ltr'><strong>compunctione.</strong></span> <span class='ocrx_word' id='word_1_29' title='bbox 1452 593 1700 648; x_wconf 84' lang='lat' dir='ltr'><strong>Habebat</strong></span> <span class='ocrx_word' id='word_1_30' title='bbox 1728 603 1910 648; x_wconf 87' lang='lat' dir='ltr'><strong>autem</strong></span> <span class='ocrx_word' id='word_1_31' title='bbox 1954 606 2186 662; x_wconf 89' lang='lat' dir='ltr'><strong>puerum</strong></span> <span class='ocrx_word' id='word_1_32' title='bbox 2229 603 2452 659; x_wconf 87' lang='lat' dir='ltr'><strong>quoque</strong></span> <span class='ocrx_word' id='word_1_33' title='bbox 2513 588 2775 647; x_wconf 83' lang='lat' dir='ltr'><strong>Marinus.</strong></span> <span class='ocrx_word' id='word_1_34' title='bbox 2813 603 2940 643; x_wconf 91' lang='lat' dir='ltr'><strong>eum</strong></span> <span class='ocrx_word' id='word_1_35' title='bbox 2976 601 3125 644; x_wconf 89' lang='lat' dir='ltr'><strong>retro</strong></span> <span class='ocrx_word' id='word_1_36' title='bbox 3164 605 3404 659; x_wconf 88' lang='lat' dir='ltr'><strong>sequen-</strong></span> 
     </span>
    </p>
   </div>
   <div class='ocr_carea' id='block_1_4' title="bbox 141 683 3400 758">
    <p class='ocr_par' dir='ltr' id='par_1_4' title="bbox 141 683 3400 758">
     <span class='ocr_line' id='line_1_4' title="bbox 141 683 3400 758; baseline -0.001 -14"><span class='ocrx_word' id='word_1_37' title='bbox 141 701 246 746; x_wconf 91' lang='lat' dir='ltr'><strong>tem</strong></span> <span class='ocrx_word' id='word_1_38' title='bbox 271 701 328 745; x_wconf 89' lang='lat' dir='ltr'><strong>et</strong></span> <span class='ocrx_word' id='word_1_39' title='bbox 363 692 701 746; x_wconf 89' lang='lat' dir='ltr'><strong>clamantem</strong></span> <span class='ocrx_word' id='word_1_40' title='bbox 740 709 754 747; x_wconf 85' lang='lat'><strong>:</strong></span> <span class='ocrx_word' id='word_1_41' title='bbox 795 692 869 746; x_wconf 88' lang='lat' dir='ltr'><strong>Ta</strong></span> <span class='ocrx_word' id='word_1_42' title='bbox 910 700 960 744; x_wconf 92' lang='lat' dir='ltr'><strong>ta</strong></span> <span class='ocrx_word' id='word_1_43' title='bbox 993 699 1067 749; x_wconf 89' lang='lat' dir='ltr'><strong>ta.</strong></span> <span class='ocrx_word' id='word_1_44' title='bbox 1099 699 1156 743; x_wconf 90' lang='lat' dir='ltr'><strong>et</strong></span> <span class='ocrx_word' id='word_1_45' title='bbox 1185 688 1560 758; x_wconf 71' lang='lat' dir='ltr'><strong>requirentem</strong></span> <span class='ocrx_word' id='word_1_46' title='bbox 1591 703 1654 742; x_wconf 88' lang='lat' dir='ltr'><strong>ea</strong></span> <span class='ocrx_word' id='word_1_47' title='bbox 1691 703 1814 757; x_wconf 67' lang='lat' dir='ltr'><strong>quae</strong></span> <span class='ocrx_word' id='word_1_48' title='bbox 1848 697 1976 742; x_wconf 89' lang='lat' dir='ltr'><strong>sunt</strong></span> <span class='ocrx_word' id='word_1_49' title='bbox 2011 687 2200 756; x_wconf 87' lang='lat' dir='ltr'><strong>pueris</strong></span> <span class='ocrx_word' id='word_1_50' title='bbox 2228 685 2540 740; x_wconf 86' lang='lat' dir='ltr'><strong>necessaria</strong></span> <span class='ocrx_word' id='word_1_51' title='bbox 2574 683 2640 738; x_wconf 88' lang='lat' dir='ltr'><strong>ad</strong></span> <span class='ocrx_word' id='word_1_52' title='bbox 2683 685 3030 738; x_wconf 90' lang='lat' dir='ltr'><strong>alimentum.</strong></span> <span class='ocrx_word' id='word_1_53' title='bbox 3074 686 3192 740; x_wconf 80' lang='lat' dir='ltr'><strong>Non</strong></span> <span class='ocrx_word' id='word_1_54' title='bbox 3224 687 3400 741; x_wconf 88' lang='lat' dir='ltr'><strong>solum</strong></span> 
     </span>
    </p>
   </div>
   <div class='ocr_carea' id='block_1_5' title="bbox 140 779 3402 850">
    <p class='ocr_par' dir='ltr' id='par_1_5' title="bbox 140 779 3402 850">
     <span class='ocr_line' id='line_1_5' title="bbox 140 779 3402 850; baseline -0.001 -14"><span class='ocrx_word' id='word_1_55' title='bbox 140 784 279 836; x_wconf 86' lang='lat' dir='ltr'><strong>enim</strong></span> <span class='ocrx_word' id='word_1_56' title='bbox 311 783 400 836; x_wconf 88' lang='lat' dir='ltr'><strong>his</strong></span> <span class='ocrx_word' id='word_1_57' title='bbox 423 786 691 837; x_wconf 76' lang='lat' dir='ltr'><strong>aerumnis</strong></span> <span class='ocrx_word' id='word_1_58' title='bbox 720 795 774 838; x_wconf 89' lang='lat' dir='ltr'><strong>et</strong></span> <span class='ocrx_word' id='word_1_59' title='bbox 794 782 1185 838; x_wconf 83' lang='lat' dir='ltr'><strong>aIIIictionibus</strong></span> <span class='ocrx_word' id='word_1_60' title='bbox 1237 781 1594 850; x_wconf 84' lang='lat' dir='ltr'><strong>premebatur</strong></span> <span class='ocrx_word' id='word_1_61' title='bbox 1623 779 1887 842; x_wconf 83' lang='lat' dir='ltr'><strong>Marinus,</strong></span> <span class='ocrx_word' id='word_1_62' title='bbox 1915 781 2009 836; x_wconf 84' lang='lat' dir='ltr'><strong>sed</strong></span> <span class='ocrx_word' id='word_1_63' title='bbox 2038 781 2202 835; x_wconf 89' lang='lat' dir='ltr'><strong>etiam</strong></span> <span class='ocrx_word' id='word_1_64' title='bbox 2245 781 2312 834; x_wconf 91' lang='lat' dir='ltr'><strong>de</strong></span> <span class='ocrx_word' id='word_1_65' title='bbox 2352 779 2549 834; x_wconf 86' lang='lat' dir='ltr'><strong>alendo</strong></span> <span class='ocrx_word' id='word_1_66' title='bbox 2581 779 2687 833; x_wconf 89' lang='lat' dir='ltr'><strong>lioc</strong></span> <span class='ocrx_word' id='word_1_67' title='bbox 2713 794 2882 848; x_wconf 87' lang='lat' dir='ltr'><strong>puero</strong></span> <span class='ocrx_word' id='word_1_68' title='bbox 2919 789 3038 835; x_wconf 89' lang='lat' dir='ltr'><strong>erat</strong></span> <span class='ocrx_word' id='word_1_69' title='bbox 3067 781 3224 835; x_wconf 80' lang='lat' dir='ltr'><strong>valde</strong></span> <span class='ocrx_word' id='word_1_70' title='bbox 3248 781 3402 834; x_wconf 82' lang='lat' dir='ltr'><strong>solli-</strong></span> 
     </span>
    </p>
   </div>
   <div class='ocr_carea' id='block_1_6' title="bbox 140 871 3405 943">
    <p class='ocr_par' dir='ltr' id='par_1_6' title="bbox 140 871 3405 943">
     <span class='ocr_line' id='line_1_6' title="bbox 140 871 3405 943; baseline -0.001 -15"><span class='ocrx_word' id='word_1_71' title='bbox 140 876 298 929; x_wconf 85' lang='lat' dir='ltr'><strong>citus.</strong></span> <span class='ocrx_word' id='word_1_72' title='bbox 344 874 485 930; x_wconf 89' lang='lat' dir='ltr'><strong>Cum</strong></span> <span class='ocrx_word' id='word_1_73' title='bbox 521 879 787 931; x_wconf 71' lang='lat' dir='ltr'><strong>crevisset</strong></span> <span class='ocrx_word' id='word_1_74' title='bbox 829 884 1014 929; x_wconf 87' lang='lat' dir='ltr'><strong>autem</strong></span> <span class='ocrx_word' id='word_1_75' title='bbox 1043 890 1201 943; x_wconf 90' lang='lat' dir='ltr'><strong>puer,</strong></span> <span class='ocrx_word' id='word_1_76' title='bbox 1233 873 1464 942; x_wconf 79' lang='lat' dir='ltr'><strong>degebat</strong></span> <span class='ocrx_word' id='word_1_77' title='bbox 1508 875 1564 928; x_wconf 91' lang='lat' dir='ltr'><strong>in</strong></span> <span class='ocrx_word' id='word_1_78' title='bbox 1597 874 1956 937; x_wconf 85' lang='lat' dir='ltr'><strong>monasterio,</strong></span> <span class='ocrx_word' id='word_1_79' title='bbox 1986 873 2255 929; x_wconf 78' lang='lat' dir='ltr'><strong>educatus</strong></span> <span class='ocrx_word' id='word_1_80' title='bbox 2287 875 2341 927; x_wconf 91' lang='lat' dir='ltr'><strong>in</strong></span> <span class='ocrx_word' id='word_1_81' title='bbox 2392 875 2593 926; x_wconf 78' lang='lat' dir='ltr'><strong>virtute</strong></span> <span class='ocrx_word' id='word_1_82' title='bbox 2626 883 2681 926; x_wconf 91' lang='lat' dir='ltr'><strong>et</strong></span> <span class='ocrx_word' id='word_1_83' title='bbox 2721 873 2775 924; x_wconf 91' lang='lat' dir='ltr'><strong>in</strong></span> <span class='ocrx_word' id='word_1_84' title='bbox 2810 874 3197 939; x_wconf 87' lang='lat' dir='ltr'><strong>temperantia.</strong></span> <span class='ocrx_word' id='word_1_85' title='bbox 3233 871 3405 928; x_wconf 85' lang='lat' dir='ltr'><strong>Porro</strong></span> 
     </span>
    </p>
   </div>
   <div class='ocr_carea' id='block_1_7' title="bbox 142 963 3406 1036">
    <p class='ocr_par' dir='ltr' id='par_1_7' title="bbox 142 963 3406 1036">
     <span class='ocr_line' id='line_1_7' title="bbox 142 963 3406 1036; baseline 0.001 -21"><span class='ocrx_word' id='word_1_86' title='bbox 142 981 266 1019; x_wconf 87' lang='lat' dir='ltr'><strong>vero</strong></span> <span class='ocrx_word' id='word_1_87' title='bbox 306 978 503 1021; x_wconf 77' lang='lat' dir='ltr'><strong>saneto</strong></span> <span class='ocrx_word' id='word_1_88' title='bbox 541 982 762 1035; x_wconf 88' lang='lat' dir='ltr'><strong>quoque</strong></span> <span class='ocrx_word' id='word_1_89' title='bbox 789 976 844 1022; x_wconf 92' lang='lat' dir='ltr'><strong>et</strong></span> <span class='ocrx_word' id='word_1_90' title='bbox 889 967 1192 1020; x_wconf 88' lang='lat' dir='ltr'><strong>monastico</strong></span> <span class='ocrx_word' id='word_1_91' title='bbox 1229 965 1420 1018; x_wconf 85' lang='lat' dir='ltr'><strong>habitu</strong></span> <span class='ocrx_word' id='word_1_92' title='bbox 1462 973 1548 1019; x_wconf 89' lang='lat' dir='ltr'><strong>est</strong></span> <span class='ocrx_word' id='word_1_93' title='bbox 1588 965 1869 1036; x_wconf 84' lang='lat' dir='ltr'><strong>dignatus.</strong></span> <span class='ocrx_word' id='word_1_94' title='bbox 1894 965 2117 1035; x_wconf 72' lang='lat' dir='ltr'><strong>Sicque</strong></span> <span class='ocrx_word' id='word_1_95' title='bbox 2153 963 2477 1036; x_wconf 79' lang='lat' dir='ltr'><strong>proﬁciebat</strong></span> <span class='ocrx_word' id='word_1_96' title='bbox 2515 963 2569 1018; x_wconf 91' lang='lat' dir='ltr'><strong>in</strong></span> <span class='ocrx_word' id='word_1_97' title='bbox 2614 963 2926 1018; x_wconf 78' lang='lat' dir='ltr'><strong>humilitate</strong></span> <span class='ocrx_word' id='word_1_98' title='bbox 2985 972 3040 1018; x_wconf 88' lang='lat' dir='ltr'><strong>et</strong></span> <span class='ocrx_word' id='word_1_99' title='bbox 3070 965 3239 1018; x_wconf 89' lang='lat' dir='ltr'><strong>multa</strong></span> <span class='ocrx_word' id='word_1_100' title='bbox 3270 965 3406 1020; x_wconf 81' lang='lat' dir='ltr'><strong>obc-</strong></span> 
     </span>
    </p>
   </div>
   <div class='ocr_carea' id='block_1_8' title="bbox 141 1053 1180 1116">
    <p class='ocr_par' dir='ltr' id='par_1_8' title="bbox 141 1053 1180 1116">
     <span class='ocr_line' id='line_1_8' title="bbox 141 1053 1180 1116; baseline 0 -7"><span class='ocrx_word' id='word_1_101' title='bbox 141 1056 368 1116; x_wconf 86' lang='lat' dir='ltr'><strong>dientia,</strong></span> <span class='ocrx_word' id='word_1_102' title='bbox 409 1067 469 1108; x_wconf 90' lang='lat' dir='ltr'><strong>ut</strong></span> <span class='ocrx_word' id='word_1_103' title='bbox 491 1065 774 1109; x_wconf 83' lang='lat' dir='ltr'><strong>amaretur</strong></span> <span class='ocrx_word' id='word_1_104' title='bbox 806 1053 876 1108; x_wconf 89' lang='lat' dir='ltr'><strong>ab</strong></span> <span class='ocrx_word' id='word_1_105' title='bbox 899 1055 1180 1109; x_wconf 85' lang='lat' dir='ltr'><strong>omnibus.</strong></span> 
     </span>
    </p>
   </div>
   <div class='ocr_carea' id='block_1_9' title="bbox 205 1161 1729 1239">
    <p class='ocr_par' dir='ltr' id='par_1_9' title="bbox 205 1161 1728 1238">
     <span class='ocr_line' id='line_1_9' title="bbox 205 1161 1728 1238; baseline 0.001 -20"><span class='ocrx_word' id='word_1_106' title='bbox 205 1169 277 1220; x_wconf 91' lang='grc' dir='ltr'><strong>Ζ’.</strong></span> <span class='ocrx_word' id='word_1_107' title='bbox 314 1167 406 1218; x_wconf 83' lang='grc' dir='ltr'>Ἐν</span> <span class='ocrx_word' id='word_1_108' title='bbox 438 1167 539 1236; x_wconf 74' lang='grc' dir='ltr'><strong>μιᾷ</strong></span> <span class='ocrx_word' id='word_1_109' title='bbox 560 1161 655 1218; x_wconf 79' lang='grc' dir='ltr'><strong>οὖν</strong></span> <span class='ocrx_word' id='word_1_110' title='bbox 676 1165 783 1218; x_wconf 84' lang='grc' dir='ltr'>τῶν</span> <span class='ocrx_word' id='word_1_111' title='bbox 807 1167 1030 1236; x_wconf 78' lang='grc' dir='ltr'>ἡμερῶν</span> <span class='ocrx_word' id='word_1_112' title='bbox 1051 1165 1340 1236; x_wconf 70' lang='grc' dir='ltr'>ἠρώτησεν</span> <span class='ocrx_word' id='word_1_113' title='bbox 1368 1167 1396 1219; x_wconf 99' lang='lat'><strong>6</strong></span> <span class='ocrx_word' id='word_1_114' title='bbox 1423 1166 1728 1238; x_wconf 72' lang='grc' dir='ltr'><strong>ἡγεύμενος</strong></span> 
     </span>
    </p>
   </div>
   <div class='ocr_carea' id='block_1_10' title="bbox 1831 1161 3405 1239">
    <p class='ocr_par' dir='ltr' id='par_1_10' title="bbox 1902 1165 3405 1239">
     <span class='ocr_line' id='line_1_10' title="bbox 1902 1165 3405 1239; baseline 0.001 -19"><span class='ocrx_word' id='word_1_115' title='bbox 1902 1165 2015 1221; x_wconf 74' lang='lat' dir='ltr'><strong>VII.</strong></span> <span class='ocrx_word' id='word_1_116' title='bbox 2061 1165 2189 1222; x_wconf 80' lang='lat' dir='ltr'><strong>Post</strong></span> <span class='ocrx_word' id='word_1_117' title='bbox 2217 1167 2332 1220; x_wconf 73' lang='lat' dir='ltr'><strong>lizee</strong></span> <span class='ocrx_word' id='word_1_118' title='bbox 2367 1174 2548 1220; x_wconf 87' lang='lat' dir='ltr'><strong>autem</strong></span> <span class='ocrx_word' id='word_1_119' title='bbox 2581 1181 2704 1220; x_wconf 92' lang='lat' dir='ltr'><strong>cum</strong></span> <span class='ocrx_word' id='word_1_120' title='bbox 2739 1165 2966 1222; x_wconf 85' lang='lat' dir='ltr'><strong>vidisset</strong></span> <span class='ocrx_word' id='word_1_121' title='bbox 2996 1167 3260 1222; x_wconf 80' lang='lat' dir='ltr'><strong>Dominus</strong></span> <span class='ocrx_word' id='word_1_122' title='bbox 3283 1183 3405 1239; x_wconf 84' lang='lat' dir='ltr'><strong>per-</strong></span> 
     </span>
    </p>
   </div>
   <div class='ocr_carea' id='block_1_11' title="bbox 137 1258 1721 1329">
    <p class='ocr_par' dir='ltr' id='par_1_11' title="bbox 137 1258 1721 1329">
     <span class='ocr_line' id='line_1_11' title="bbox 137 1258 1721 1329; baseline 0.002 -20"><span class='ocrx_word' id='word_1_123' title='bbox 137 1261 256 1315; x_wconf 59' lang='grc' dir='ltr'><strong>τοῦς</strong></span> <span class='ocrx_word' id='word_1_124' title='bbox 285 1259 554 1324; x_wconf 64' lang='grc' dir='ltr'><strong>ἀδελφοὺς</strong></span> <span class='ocrx_word' id='word_1_125' title='bbox 587 1258 760 1325; x_wconf 77' lang='grc' dir='ltr'><strong>λέγων</strong></span> <span class='ocrx_word' id='word_1_126' title='bbox 784 1275 797 1288; x_wconf 88' lang='grc'><strong>·</strong></span> <span class='ocrx_word' id='word_1_127' title='bbox 833 1260 942 1312; x_wconf 81' lang='grc' dir='ltr'><strong>Ποῦ</strong></span> <span class='ocrx_word' id='word_1_128' title='bbox 968 1260 1114 1310; x_wconf 74' lang='grc' dir='ltr'>ἐστιν</span> <span class='ocrx_word' id='word_1_129' title='bbox 1139 1261 1169 1311; x_wconf 86' lang='lat'><strong>6</strong></span> <span class='ocrx_word' id='word_1_130' title='bbox 1200 1260 1431 1326; x_wconf 79' lang='grc' dir='ltr'><strong>άδιλφδς</strong></span> <span class='ocrx_word' id='word_1_131' title='bbox 1459 1262 1721 1329; x_wconf 75' lang='grc' dir='ltr'>Μαρῖνοςς</span> 
     </span>
    </p>
   </div>
   <div class='ocr_carea' id='block_1_12' title="bbox 139 1349 1727 1425">
    <p class='ocr_par' dir='ltr' id='par_1_12' title="bbox 139 1349 1727 1425">
     <span class='ocr_line' id='line_1_12' title="bbox 139 1349 1727 1425; baseline 0 -21"><span class='ocrx_word' id='word_1_132' title='bbox 139 1354 215 1404; x_wconf 76' lang='grc' dir='ltr'><strong>ὅτι</strong></span> <span class='ocrx_word' id='word_1_133' title='bbox 253 1351 365 1418; x_wconf 61' lang='grc' dir='ltr'><strong>ἔχω</strong></span> <span class='ocrx_word' id='word_1_134' title='bbox 408 1353 655 1422; x_wconf 73' lang='grc' dir='ltr'>σήμερον</span> <span class='ocrx_word' id='word_1_135' title='bbox 683 1351 876 1423; x_wconf 77' lang='grc' dir='ltr'><strong>τρίτην</strong></span> <span class='ocrx_word' id='word_1_136' title='bbox 907 1353 1125 1425; x_wconf 74' lang='grc' dir='ltr'>ἡμέραν</span> <span class='ocrx_word' id='word_1_137' title='bbox 1152 1353 1252 1405; x_wconf 83' lang='grc' dir='ltr'><strong>οὐκ</strong></span> <span class='ocrx_word' id='word_1_138' title='bbox 1296 1349 1414 1406; x_wconf 76' lang='grc' dir='ltr'>οἴδα</span> <span class='ocrx_word' id='word_1_139' title='bbox 1447 1353 1612 1407; x_wconf 74' lang='grc' dir='ltr'>αὑτὸν</span> <span class='ocrx_word' id='word_1_140' title='bbox 1647 1354 1727 1416; x_wconf 70' lang='grc' dir='ltr'><strong>τις</strong></span> 
     </span>
    </p>
   </div>
   <div class='ocr_carea' id='block_1_13' title="bbox 139 1443 1726 1516">
    <p class='ocr_par' dir='ltr' id='par_1_13' title="bbox 139 1443 1726 1516">
     <span class='ocr_line' id='line_1_13' title="bbox 139 1443 1726 1516; baseline 0.004 -24"><span class='ocrx_word' id='word_1_141' title='bbox 139 1443 464 1514; x_wconf 69' lang='grc' dir='ltr'><strong>ψαλμψδίαν</strong></span> <span class='ocrx_word' id='word_1_142' title='bbox 490 1460 503 1474; x_wconf 90' lang='grc'><strong>·</strong></span> <span class='ocrx_word' id='word_1_143' title='bbox 537 1445 625 1498; x_wconf 72' lang='grc' dir='ltr'><strong>ἀεὶ</strong></span> <span class='ocrx_word' id='word_1_144' title='bbox 649 1447 759 1514; x_wconf 71' lang='grc' dir='ltr'>γὰρ</span> <span class='ocrx_word' id='word_1_145' title='bbox 790 1443 897 1512; x_wconf 75' lang='grc' dir='ltr'><strong>πρὸ</strong></span> <span class='ocrx_word' id='word_1_146' title='bbox 931 1446 1150 1499; x_wconf 84' lang='grc' dir='ltr'>πάντων</span> <span class='ocrx_word' id='word_1_147' title='bbox 1172 1445 1461 1516; x_wconf 73' lang='grc' dir='ltr'><strong>εὑρίσκετο</strong></span> <span class='ocrx_word' id='word_1_148' title='bbox 1480 1460 1494 1476; x_wconf 88' lang='grc'>⁶</span> <span class='ocrx_word' id='word_1_149' title='bbox 1549 1445 1726 1499; x_wconf 71' lang='grc' dir='ltr'><strong>σεσιλ-</strong></span> 
     </span>
    </p>
   </div>
   <div class='ocr_carea' id='block_1_14' title="bbox 140 1536 1726 1610">
    <p class='ocr_par' dir='ltr' id='par_1_14' title="bbox 140 1536 1726 1610">
     <span class='ocr_line' id='line_1_14' title="bbox 140 1536 1726 1610; baseline 0.001 -22"><span class='ocrx_word' id='word_1_150' title='bbox 140 1538 268 1590; x_wconf 71' lang='grc' dir='ltr'><strong>Θὰτι</strong></span> <span class='ocrx_word' id='word_1_151' title='bbox 303 1538 387 1599; x_wconf 75' lang='lat' dir='ltr'><strong>si;</strong></span> <span class='ocrx_word' id='word_1_152' title='bbox 435 1537 497 1590; x_wconf 84' lang='grc' dir='ltr'>τὸ</span> <span class='ocrx_word' id='word_1_153' title='bbox 534 1537 746 1590; x_wconf 73' lang='grc' dir='ltr'><strong>κέλλιον</strong></span> <span class='ocrx_word' id='word_1_154' title='bbox 778 1536 943 1590; x_wconf 85' lang='grc' dir='ltr'><strong>αὑτοῦ</strong></span> <span class='ocrx_word' id='word_1_155' title='bbox 988 1537 1063 1610; x_wconf 75' lang='grc' dir='ltr'>μὴ</span> <span class='ocrx_word' id='word_1_156' title='bbox 1113 1539 1399 1610; x_wconf 70' lang='grc' dir='ltr'>ἀρρωστίᾳ</span> <span class='ocrx_word' id='word_1_157' title='bbox 1425 1553 1541 1590; x_wconf 77' lang='grc' dir='ltr'>τινι</span> <span class='ocrx_word' id='word_1_158' title='bbox 1571 1537 1726 1590; x_wconf 60' lang='lat' dir='ltr'><strong>atati.-</strong></span> 
     </span>
    </p>
   </div>
   <div class='ocr_carea' id='block_1_15' title="bbox 140 1622 1723 1698">
    <p class='ocr_par' dir='ltr' id='par_1_15' title="bbox 140 1622 1723 1698">
     <span class='ocr_line' id='line_1_15' title="bbox 140 1622 1723 1698; baseline 0.001 -20"><span class='ocrx_word' id='word_1_159' title='bbox 140 1643 340 1681; x_wconf 77' lang='grc' dir='ltr'><strong>κειται.</strong></span> <span class='ocrx_word' id='word_1_160' title='bbox 417 1627 776 1690; x_wconf 78' lang='grc' dir='ltr'><strong>Ἀπελθόντες</strong></span> <span class='ocrx_word' id='word_1_161' title='bbox 809 1626 904 1680; x_wconf 75' lang='grc' dir='ltr'>οὖν</span> <span class='ocrx_word' id='word_1_162' title='bbox 942 1622 1101 1698; x_wconf 69' lang='grc' dir='ltr'>εὖρον</span> <span class='ocrx_word' id='word_1_163' title='bbox 1157 1629 1322 1681; x_wconf 78' lang='grc' dir='ltr'>αὐτὸν</span> <span class='ocrx_word' id='word_1_164' title='bbox 1342 1627 1723 1693; x_wconf 68' lang='grc' dir='ltr'><strong>τελειωθέντα,</strong></span> 
     </span>
    </p>
   </div>
   <div class='ocr_carea' id='block_1_16' title="bbox 139 1717 1725 1788">
    <p class='ocr_par' dir='ltr' id='par_1_16' title="bbox 139 1717 1725 1788">
     <span class='ocr_line' id='line_1_16' title="bbox 139 1717 1725 1788; baseline 0.002 -19"><span class='ocrx_word' id='word_1_165' title='bbox 139 1719 231 1769; x_wconf 79' lang='grc' dir='ltr'>καὶ</span> <span class='ocrx_word' id='word_1_166' title='bbox 256 1717 614 1785; x_wconf 74' lang='grc' dir='ltr'><strong>ἀπήγγειλαν</strong></span> <span class='ocrx_word' id='word_1_167' title='bbox 637 1717 715 1782; x_wconf 80' lang='grc' dir='ltr'>τῷ</span> <span class='ocrx_word' id='word_1_168' title='bbox 760 1718 1070 1787; x_wconf 75' lang='grc' dir='ltr'><strong>ἡγουμένῳ,</strong></span> <span class='ocrx_word' id='word_1_169' title='bbox 1102 1718 1184 1771; x_wconf 81' lang='grc' dir='ltr'><strong>ὅτι</strong></span> <span class='ocrx_word' id='word_1_170' title='bbox 1207 1721 1235 1770; x_wconf 91' lang='lat'><strong>6</strong></span> <span class='ocrx_word' id='word_1_171' title='bbox 1268 1717 1442 1781; x_wconf 77' lang='grc' dir='ltr'>ἀσσᾶς</span> <span class='ocrx_word' id='word_1_172' title='bbox 1481 1720 1725 1788; x_wconf 80' lang='grc' dir='ltr'>Μαρῐνος</span> 
     </span>
    </p>
   </div>
   <div class='ocr_carea' id='block_1_17' title="bbox 136 1802 1718 1879">
    <p class='ocr_par' dir='ltr' id='par_1_17' title="bbox 136 1802 1718 1879">
     <span class='ocr_line' id='line_1_17' title="bbox 136 1802 1718 1879; baseline 0.002 -21"><span class='ocrx_word' id='word_1_173' title='bbox 136 1807 455 1874; x_wconf 67' lang='grc' dir='ltr'><strong>ἐτελειώθη,</strong></span> <span class='ocrx_word' id='word_1_174' title='bbox 493 1806 586 1858; x_wconf 78' lang='grc' dir='ltr'>καὶ</span> <span class='ocrx_word' id='word_1_175' title='bbox 641 1802 830 1859; x_wconf 60' lang='grc' dir='ltr'><strong>εἶπεν</strong></span> <span class='ocrx_word' id='word_1_176' title='bbox 865 1802 1013 1875; x_wconf 71' lang='grc' dir='ltr'>’Λρα</span> <span class='ocrx_word' id='word_1_177' title='bbox 1042 1806 1158 1870; x_wconf 80' lang='grc' dir='ltr'><strong>πῶς</strong></span> <span class='ocrx_word' id='word_1_178' title='bbox 1209 1807 1452 1876; x_wconf 74' lang='grc' dir='ltr'><strong>ἀπῆλθεν</strong></span> <span class='ocrx_word' id='word_1_179' title='bbox 1491 1810 1524 1879; x_wconf 83' lang='grc' dir='ltr'>ὴ</span> <span class='ocrx_word' id='word_1_180' title='bbox 1555 1807 1718 1861; x_wconf 76' lang='grc' dir='ltr'><strong>ἀθλία</strong></span> 
     </span>
    </p>
   </div>
   <div class='ocr_carea' id='block_1_18' title="bbox 138 1893 1724 1968">
    <p class='ocr_par' dir='ltr' id='par_1_18' title="bbox 138 1893 1724 1968">
     <span class='ocr_line' id='line_1_18' title="bbox 138 1893 1724 1968; baseline 0.001 -20"><span class='ocrx_word' id='word_1_181' title='bbox 138 1893 304 1948; x_wconf 70' lang='grc' dir='ltr'>αὑτοῦ</span> <span class='ocrx_word' id='word_1_182' title='bbox 337 1897 524 1964; x_wconf 72' lang='grc' dir='ltr'>ψυχὴς</span> <span class='ocrx_word' id='word_1_183' title='bbox 569 1896 728 1949; x_wconf 77' lang='grc' dir='ltr'>ποίαν</span> <span class='ocrx_word' id='word_1_184' title='bbox 789 1896 1089 1964; x_wconf 81' lang='grc' dir='ltr'>ἀπολογίαν</span> <span class='ocrx_word' id='word_1_185' title='bbox 1141 1895 1444 1968; x_wconf 75' lang='grc' dir='ltr'><strong>βουλομένη</strong></span> <span class='ocrx_word' id='word_1_186' title='bbox 1503 1896 1724 1962; x_wconf 58' lang='grc' dir='ltr'><strong>δοῦγαη</strong></span> 
     </span>
    </p>
   </div>
   <div class='ocr_carea' id='block_1_19' title="bbox 140 1985 1727 2058">
    <p class='ocr_par' dir='ltr' id='par_1_19' title="bbox 140 1985 1727 2058">
     <span class='ocr_line' id='line_1_19' title="bbox 140 1985 1727 2058; baseline 0.001 -20"><span class='ocrx_word' id='word_1_187' title='bbox 140 1987 245 2038; x_wconf 74' lang='grc' dir='ltr'><strong>Καὶ</strong></span> <span class='ocrx_word' id='word_1_188' title='bbox 303 1986 614 2054; x_wconf 71' lang='grc' dir='ltr'>προσέταξε</span> <span class='ocrx_word' id='word_1_189' title='bbox 672 1988 1000 2058; x_wconf 74' lang='grc' dir='ltr'>κηδευῡῆναι</span> <span class='ocrx_word' id='word_1_190' title='bbox 1055 1989 1239 2041; x_wconf 77' lang='grc' dir='ltr'>αὐτόν.</span> <span class='ocrx_word' id='word_1_191' title='bbox 1292 1990 1401 2041; x_wconf 77' lang='grc' dir='ltr'><strong>Καὶ</strong></span> <span class='ocrx_word' id='word_1_192' title='bbox 1450 1989 1525 2051; x_wconf 81' lang='grc' dir='ltr'><strong>ὡς</strong></span> <span class='ocrx_word' id='word_1_193' title='bbox 1563 1985 1727 2057; x_wconf 83' lang='grc' dir='ltr'>ἦλθον</span> 
     </span>
    </p>
   </div>
   <div class='ocr_carea' id='block_1_20' title="bbox 135 2075 1726 2151">
    <p class='ocr_par' dir='ltr' id='par_1_20' title="bbox 135 2075 1726 2151">
     <span class='ocr_line' id='line_1_20' title="bbox 135 2075 1726 2151; baseline 0.003 -22"><span class='ocrx_word' id='word_1_194' title='bbox 135 2081 451 2132; x_wconf 70' lang='grc' dir='ltr'><strong>ἀποπλῦναι</strong></span> <span class='ocrx_word' id='word_1_195' title='bbox 495 2082 680 2144; x_wconf 64' lang='grc' dir='ltr'>αὑτὸν,</span> <span class='ocrx_word' id='word_1_196' title='bbox 739 2076 898 2148; x_wconf 69' lang='grc' dir='ltr'>εὗρον</span> <span class='ocrx_word' id='word_1_197' title='bbox 927 2082 1008 2133; x_wconf 80' lang='grc' dir='ltr'><strong>ὅτι</strong></span> <span class='ocrx_word' id='word_1_198' title='bbox 1060 2080 1200 2151; x_wconf 83' lang='grc' dir='ltr'>γυνὴ</span> <span class='ocrx_word' id='word_1_199' title='bbox 1259 2075 1349 2150; x_wconf 79' lang='grc' dir='ltr'>ἦν,</span> <span class='ocrx_word' id='word_1_200' title='bbox 1398 2083 1490 2132; x_wconf 78' lang='grc' dir='ltr'><strong>καὶ</strong></span> <span class='ocrx_word' id='word_1_201' title='bbox 1521 2084 1726 2142; x_wconf 78' lang='grc' dir='ltr'>πάντες</span> 
     </span>
    </p>
   </div>
   <div class='ocr_carea' id='block_1_21' title="bbox 135 2170 1724 2241">
    <p class='ocr_par' dir='ltr' id='par_1_21' title="bbox 135 2170 1724 2241">
     <span class='ocr_line' id='line_1_21' title="bbox 135 2170 1724 2241; baseline 0.002 -21"><span class='ocrx_word' id='word_1_202' title='bbox 135 2170 454 2236; x_wconf 59' lang='grc' dir='ltr'>ἀνέκραξαν</span> <span class='ocrx_word' id='word_1_203' title='bbox 503 2171 598 2223; x_wconf 81' lang='grc' dir='ltr'><strong>τό·</strong></span> <span class='ocrx_word' id='word_1_204' title='bbox 662 2171 856 2239; x_wconf 70' lang='grc' dir='ltr'>Κύριε,</span> <span class='ocrx_word' id='word_1_205' title='bbox 916 2171 1164 2238; x_wconf 70' lang='grc' dir='ltr'><strong>ἐλέησον.</strong></span> <span class='ocrx_word' id='word_1_206' title='bbox 1213 2171 1270 2222; x_wconf 88' lang='grc' dir='ltr'>Ὀ</span> <span class='ocrx_word' id='word_1_207' title='bbox 1307 2170 1363 2223; x_wconf 79' lang='grc' dir='ltr'><strong>δὲ</strong></span> <span class='ocrx_word' id='word_1_208' title='bbox 1417 2170 1724 2241; x_wconf 76' lang='grc' dir='ltr'>ἡγούμενος</span> 
     </span>
    </p>
   </div>
   <div class='ocr_carea' id='block_1_22' title="bbox 135 2258 1726 2333">
    <p class='ocr_par' dir='ltr' id='par_1_22' title="bbox 135 2258 1726 2333">
     <span class='ocr_line' id='line_1_22' title="bbox 135 2258 1726 2333; baseline 0.001 -19"><span class='ocrx_word' id='word_1_209' title='bbox 135 2263 475 2315; x_wconf 64' lang='grc' dir='ltr'>ἐπυνθάνετο</span> <span class='ocrx_word' id='word_1_210' title='bbox 497 2279 510 2292; x_wconf 73' lang='grc' dir='ltr'><strong>ο</strong></span> <span class='ocrx_word' id='word_1_211' title='bbox 564 2263 628 2314; x_wconf 81' lang='grc' dir='ltr'><strong>Τί</strong></span> <span class='ocrx_word' id='word_1_212' title='bbox 665 2265 834 2321; x_wconf 73' lang='grc' dir='ltr'>ἐστιν,</span> <span class='ocrx_word' id='word_1_213' title='bbox 883 2262 912 2314; x_wconf 81' lang='lat'><strong>6</strong></span> <span class='ocrx_word' id='word_1_214' title='bbox 951 2263 1140 2333; x_wconf 73' lang='grc' dir='ltr'>ἔχετες</span> <span class='ocrx_word' id='word_1_215' title='bbox 1180 2265 1243 2316; x_wconf 80' lang='lat' dir='ltr'><strong>Ui</strong></span> <span class='ocrx_word' id='word_1_216' title='bbox 1273 2262 1328 2315; x_wconf 78' lang='grc' dir='ltr'><strong>δὲ</strong></span> <span class='ocrx_word' id='word_1_217' title='bbox 1360 2258 1514 2316; x_wconf 78' lang='grc' dir='ltr'><strong>εἶπον</strong></span> <span class='ocrx_word' id='word_1_218' title='bbox 1544 2265 1626 2316; x_wconf 85' lang='grc' dir='ltr'><strong>ὅτι</strong></span> <span class='ocrx_word' id='word_1_219' title='bbox 1659 2265 1726 2316; x_wconf 81' lang='grc' dir='ltr'>Ὀ</span> 
     </span>
    </p>
   </div>
   <div class='ocr_carea' id='block_1_23' title="bbox 135 2353 1726 2424">
    <p class='ocr_par' dir='ltr' id='par_1_23' title="bbox 135 2353 1726 2424">
     <span class='ocr_line' id='line_1_23' title="bbox 135 2353 1726 2424; baseline 0.001 -20"><span class='ocrx_word' id='word_1_220' title='bbox 135 2354 368 2419; x_wconf 58' lang='grc' dir='ltr'><strong>ἀδελψδς</strong></span> <span class='ocrx_word' id='word_1_221' title='bbox 403 2354 644 2422; x_wconf 73' lang='grc' dir='ltr'>Μαρῖνος</span> <span class='ocrx_word' id='word_1_222' title='bbox 679 2354 816 2424; x_wconf 81' lang='grc' dir='ltr'>γυνή</span> <span class='ocrx_word' id='word_1_223' title='bbox 848 2353 1017 2405; x_wconf 72' lang='grc' dir='ltr'>ἐστιν.</span> <span class='ocrx_word' id='word_1_224' title='bbox 1047 2354 1182 2405; x_wconf 82' lang='grc' dir='ltr'>Τότε</span> <span class='ocrx_word' id='word_1_225' title='bbox 1232 2353 1493 2405; x_wconf 76' lang='grc' dir='ltr'><strong>εἰσελθὼν</strong></span> <span class='ocrx_word' id='word_1_226' title='bbox 1546 2355 1726 2422; x_wconf 77' lang='grc' dir='ltr'>ῥίπτει</span> 
     </span>
    </p>
   </div>
   <div class='ocr_carea' id='block_1_24' title="bbox 135 2427 1728 2511">
    <p class='ocr_par' dir='ltr' id='par_1_24' title="bbox 135 2427 1728 2511">
     <span class='ocr_line' id='line_1_24' title="bbox 135 2427 1728 2511; baseline -0.001 -17"><span class='ocrx_word' id='word_1_227' title='bbox 135 2445 332 2494; x_wconf 68' lang='grc' dir='ltr'>ἑαυτὸν</span> <span class='ocrx_word' id='word_1_228' title='bbox 359 2444 440 2504; x_wconf 76' lang='lat' dir='ltr'><strong>ei;</strong></span> <span class='ocrx_word' id='word_1_229' title='bbox 480 2427 773 2511; x_wconf 56' lang='grc' dir='ltr'><strong>πρόσωπον</strong></span> <span class='ocrx_word' id='word_1_230' title='bbox 804 2443 1009 2495; x_wconf 73' lang='grc' dir='ltr'><strong>κλαὶων</strong></span> <span class='ocrx_word' id='word_1_231' title='bbox 1034 2441 1129 2494; x_wconf 60' lang='grc' dir='ltr'><strong>κιὶ</strong></span> <span class='ocrx_word' id='word_1_232' title='bbox 1165 2441 1341 2508; x_wconf 80' lang='grc' dir='ltr'>λέγων</span> <span class='ocrx_word' id='word_1_233' title='bbox 1367 2459 1381 2471; x_wconf 88' lang='grc'><strong>·</strong></span> <span class='ocrx_word' id='word_1_234' title='bbox 1429 2434 1556 2493; x_wconf 78' lang='grc' dir='ltr'><strong>Ὧδε</strong></span> <span class='ocrx_word' id='word_1_235' title='bbox 1592 2445 1728 2495; x_wconf 82' lang='grc' dir='ltr'><strong>ἁπο-</strong></span> 
     </span>
    </p>
   </div>
   <div class='ocr_carea' id='block_1_25' title="bbox 135 2512 1798 2605">
    <p class='ocr_par' dir='ltr' id='par_1_25' title="bbox 135 2512 1798 2605">
     <span class='ocr_line' id='line_1_25' title="bbox 135 2512 1798 2605; baseline 0.001 -17"><span class='ocrx_word' id='word_1_236' title='bbox 135 2537 361 2605; x_wconf 66' lang='grc' dir='ltr'>θνῄσκω</span> <span class='ocrx_word' id='word_1_237' title='bbox 389 2539 470 2598; x_wconf 79' lang='lat' dir='ltr'><strong>ei;</strong></span> <span class='ocrx_word' id='word_1_238' title='bbox 500 2539 624 2599; x_wconf 63' lang='grc' dir='ltr'>τοὺς</span> <span class='ocrx_word' id='word_1_239' title='bbox 650 2537 836 2604; x_wconf 77' lang='grc' dir='ltr'>ἁγίους</span> <span class='ocrx_word' id='word_1_240' title='bbox 871 2537 1037 2590; x_wconf 66' lang='grc' dir='ltr'>αὐτοῦ</span> <span class='ocrx_word' id='word_1_241' title='bbox 1070 2519 1257 2599; x_wconf 52' lang='grc' dir='ltr'>πόδαςξ</span> <span class='ocrx_word' id='word_1_242' title='bbox 1282 2534 1386 2598; x_wconf 75' lang='grc' dir='ltr'><strong>ἕως</strong></span> <span class='ocrx_word' id='word_1_243' title='bbox 1411 2531 1473 2588; x_wconf 77' lang='grc' dir='ltr'><strong>οὗ</strong></span> <span class='ocrx_word' id='word_1_244' title='bbox 1503 2537 1725 2589; x_wconf 80' lang='grc' dir='ltr'><strong>ἀκούσω</strong></span> <span class='ocrx_word' id='word_1_245' title='bbox 1759 2512 1798 2567; x_wconf 73' lang='grc' dir='ltr'>Β</span> 
     </span>
    </p>
   </div>
   <div class='ocr_carea' id='block_1_26' title="bbox 138 2626 1727 2698">
    <p class='ocr_par' dir='ltr' id='par_1_26' title="bbox 138 2626 1727 2698">
     <span class='ocr_line' id='line_1_26' title="bbox 138 2626 1727 2698; baseline 0.001 -18"><span class='ocrx_word' id='word_1_246' title='bbox 138 2630 523 2698; x_wconf 71' lang='grc' dir='ltr'><strong>συγχώρησιν.</strong></span> <span class='ocrx_word' id='word_1_247' title='bbox 561 2626 732 2681; x_wconf 71' lang='grc' dir='ltr'><strong>Ἦ).οε</strong></span> <span class='ocrx_word' id='word_1_248' title='bbox 772 2631 825 2680; x_wconf 83' lang='grc' dir='ltr'><strong>δὲ</strong></span> <span class='ocrx_word' id='word_1_249' title='bbox 874 2628 1027 2696; x_wconf 85' lang='grc' dir='ltr'><strong>αὑτῴ</strong></span> <span class='ocrx_word' id='word_1_250' title='bbox 1069 2628 1221 2697; x_wconf 79' lang='grc' dir='ltr'><strong>φωνὴ</strong></span> <span class='ocrx_word' id='word_1_251' title='bbox 1252 2628 1487 2696; x_wconf 79' lang='grc' dir='ltr'>λέγουσα</span> <span class='ocrx_word' id='word_1_252' title='bbox 1525 2628 1628 2688; x_wconf 83' lang='grc' dir='ltr'>ὅτι.</span> <span class='ocrx_word' id='word_1_253' title='bbox 1666 2629 1727 2681; x_wconf 81' lang='grc' dir='ltr'><strong>ει</strong></span> 
     </span>
    </p>
   </div>
   <div class='ocr_carea' id='block_1_27' title="bbox 141 2721 1724 2792">
    <p class='ocr_par' dir='ltr' id='par_1_27' title="bbox 141 2721 1724 2792">
     <span class='ocr_line' id='line_1_27' title="bbox 141 2721 1724 2792; baseline -0.001 -18"><span class='ocrx_word' id='word_1_254' title='bbox 141 2723 238 2788; x_wconf 81' lang='grc' dir='ltr'><strong>μὲν</strong></span> <span class='ocrx_word' id='word_1_255' title='bbox 273 2723 434 2784; x_wconf 74' lang='grc' dir='ltr'><strong>εἰδὼς</strong></span> <span class='ocrx_word' id='word_1_256' title='bbox 463 2722 619 2773; x_wconf 61' lang='grc' dir='ltr'>τ-υῦτο</span> <span class='ocrx_word' id='word_1_257' title='bbox 647 2721 912 2790; x_wconf 73' lang='grc' dir='ltr'>ἔπραξας.</span> <span class='ocrx_word' id='word_1_258' title='bbox 941 2723 1041 2774; x_wconf 67' lang='grc' dir='ltr'>οὐκ</span> <span class='ocrx_word' id='word_1_259' title='bbox 1075 2722 1142 2774; x_wconf 85' lang='grc' dir='ltr'>ἄν</span> <span class='ocrx_word' id='word_1_260' title='bbox 1174 2738 1270 2773; x_wconf 87' lang='grc' dir='ltr'>σου</span> <span class='ocrx_word' id='word_1_261' title='bbox 1291 2722 1651 2792; x_wconf 76' lang='grc' dir='ltr'><strong>συνεχωρήθη</strong></span> <span class='ocrx_word' id='word_1_262' title='bbox 1693 2724 1724 2792; x_wconf 76' lang='grc' dir='ltr'>ἡ</span> 
     </span>
    </p>
   </div>
   <div class='ocr_carea' id='block_1_28' title="bbox 141 2813 1728 2886">
    <p class='ocr_par' dir='ltr' id='par_1_28' title="bbox 141 2813 1728 2886">
     <span class='ocr_line' id='line_1_28' title="bbox 141 2813 1728 2886; baseline 0.001 -20"><span class='ocrx_word' id='word_1_263' title='bbox 141 2816 390 2885; x_wconf 76' lang='grc' dir='ltr'>ἁμαρτία</span> <span class='ocrx_word' id='word_1_264' title='bbox 415 2832 426 2844; x_wconf 85' lang='grc'><strong>·</strong></span> <span class='ocrx_word' id='word_1_265' title='bbox 460 2816 650 2884; x_wconf 74' lang='grc' dir='ltr'><strong>ἐπειδὴ</strong></span> <span class='ocrx_word' id='word_1_266' title='bbox 673 2815 726 2867; x_wconf 66' lang='grc' dir='ltr'>δὲ</span> <span class='ocrx_word' id='word_1_267' title='bbox 762 2817 819 2867; x_wconf 78' lang='grc' dir='ltr'>ἐν</span> <span class='ocrx_word' id='word_1_268' title='bbox 848 2817 1043 2886; x_wconf 72' lang='grc' dir='ltr'>ἀγνοίᾳ</span> <span class='ocrx_word' id='word_1_269' title='bbox 1066 2815 1351 2882; x_wconf 72' lang='grc' dir='ltr'><strong>ἐποίησας,</strong></span> <span class='ocrx_word' id='word_1_270' title='bbox 1385 2813 1728 2882; x_wconf 75' lang='grc' dir='ltr'>ἀφεθήσεταί</span> 
     </span>
    </p>
   </div>
   <div class='ocr_carea' id='block_1_29' title="bbox 144 2924 249 2960">
    <p class='ocr_par' dir='ltr' id='par_1_29' title="bbox 144 2924 249 2960">
     <span class='ocr_line' id='line_1_29' title="bbox 144 2924 249 2960; baseline 0.029 -3"><span class='ocrx_word' id='word_1_271' title='bbox 144 2924 249 2960; x_wconf 61' lang='grc' dir='ltr'><strong>σω.</strong></span> 
     </span>
    </p>
   </div>
   <div class='ocr_carea' id='block_1_30' title="bbox 1831 1259 3409 1329">
    <p class='ocr_par' dir='ltr' id='par_1_30' title="bbox 1831 1259 3409 1329">
     <span class='ocr_line' id='line_1_30' title="bbox 1831 1259 3409 1329; baseline -0.001 -14"><span class='ocrx_word' id='word_1_272' title='bbox 1831 1260 2029 1317; x_wconf 88' lang='lat' dir='ltr'><strong>fectain</strong></span> <span class='ocrx_word' id='word_1_273' title='bbox 2061 1275 2183 1315; x_wconf 85' lang='lat' dir='ltr'><strong>esse</strong></span> <span class='ocrx_word' id='word_1_274' title='bbox 2224 1260 2344 1329; x_wconf 79' lang='lat' dir='ltr'><strong>ejus</strong></span> <span class='ocrx_word' id='word_1_275' title='bbox 2399 1259 2558 1313; x_wconf 83' lang='lat' dir='ltr'><strong>ﬁdem</strong></span> <span class='ocrx_word' id='word_1_276' title='bbox 2599 1272 2652 1313; x_wconf 89' lang='lat' dir='ltr'><strong>et</strong></span> <span class='ocrx_word' id='word_1_277' title='bbox 2683 1260 3050 1324; x_wconf 87' lang='lat' dir='ltr'><strong>tolerantiam,</strong></span> <span class='ocrx_word' id='word_1_278' title='bbox 3079 1271 3134 1314; x_wconf 91' lang='lat' dir='ltr'><strong>et</strong></span> <span class='ocrx_word' id='word_1_279' title='bbox 3173 1276 3294 1316; x_wconf 86' lang='lat' dir='ltr'><strong>esse</strong></span> <span class='ocrx_word' id='word_1_280' title='bbox 3323 1263 3409 1315; x_wconf 84' lang='lat' dir='ltr'><strong>di-</strong></span> 
     </span>
    </p>
   </div>
   <div class='ocr_carea' id='block_1_31' title="bbox 1831 1349 3407 1423">
    <p class='ocr_par' dir='ltr' id='par_1_31' title="bbox 1831 1349 3407 1423">
     <span class='ocr_line' id='line_1_31' title="bbox 1831 1349 3407 1423; baseline -0.001 -17"><span class='ocrx_word' id='word_1_281' title='bbox 1831 1368 1991 1423; x_wconf 85' lang='lat' dir='ltr'><strong>gnam</strong></span> <span class='ocrx_word' id='word_1_282' title='bbox 2026 1366 2195 1420; x_wconf 82' lang='lat' dir='ltr'><strong>regno</strong></span> <span class='ocrx_word' id='word_1_283' title='bbox 2235 1351 2528 1416; x_wconf 67' lang='lat' dir='ltr'><strong>caelorum,</strong></span> <span class='ocrx_word' id='word_1_284' title='bbox 2562 1349 2777 1420; x_wconf 91' lang='lat' dir='ltr'><strong>accepit</strong></span> <span class='ocrx_word' id='word_1_285' title='bbox 2814 1365 2934 1405; x_wconf 85' lang='lat' dir='ltr'><strong>eam</strong></span> <span class='ocrx_word' id='word_1_286' title='bbox 2982 1351 3036 1405; x_wconf 92' lang='lat' dir='ltr'><strong>in</strong></span> <span class='ocrx_word' id='word_1_287' title='bbox 3067 1361 3270 1406; x_wconf 60' lang='lat' dir='ltr'><strong>aeterna</strong></span> <span class='ocrx_word' id='word_1_288' title='bbox 3307 1368 3407 1422; x_wconf 78' lang='lat' dir='ltr'><strong>pa-</strong></span> 
     </span>
    </p>
   </div>
   <div class='ocr_carea' id='block_1_32' title="bbox 1830 1443 3408 1506">
    <p class='ocr_par' dir='ltr' id='par_1_32' title="bbox 1830 1443 3408 1506">
     <span class='ocr_line' id='line_1_32' title="bbox 1830 1443 3408 1506; baseline -0.001 -7"><span class='ocrx_word' id='word_1_289' title='bbox 1830 1444 1998 1499; x_wconf 85' lang='lat' dir='ltr'><strong>radisi</strong></span> <span class='ocrx_word' id='word_1_290' title='bbox 2053 1443 2429 1506; x_wconf 82' lang='lat' dir='ltr'><strong>tabernacula,</strong></span> <span class='ocrx_word' id='word_1_291' title='bbox 2489 1445 2708 1496; x_wconf 88' lang='lat' dir='ltr'><strong>nemine</strong></span> <span class='ocrx_word' id='word_1_292' title='bbox 2750 1443 2980 1497; x_wconf 86' lang='lat' dir='ltr'><strong>sciente.</strong></span> <span class='ocrx_word' id='word_1_293' title='bbox 3023 1443 3157 1498; x_wconf 84' lang='lat' dir='ltr'><strong>Nam</strong></span> <span class='ocrx_word' id='word_1_294' title='bbox 3196 1458 3322 1497; x_wconf 87' lang='lat' dir='ltr'><strong>cum</strong></span> <span class='ocrx_word' id='word_1_295' title='bbox 3361 1445 3408 1498; x_wconf 86' lang='lat' dir='ltr'><strong>is</strong></span> 
     </span>
    </p>
   </div>
   <div class='ocr_carea' id='block_1_33' title="bbox 1829 1531 3406 1602">
    <p class='ocr_par' dir='ltr' id='par_1_33' title="bbox 1829 1531 3406 1602">
     <span class='ocr_line' id='line_1_33' title="bbox 1829 1531 3406 1602; baseline -0.001 -13"><span class='ocrx_word' id='word_1_296' title='bbox 1829 1534 2082 1599; x_wconf 87' lang='lat' dir='ltr'><strong>obiisset,</strong></span> <span class='ocrx_word' id='word_1_297' title='bbox 2124 1541 2319 1588; x_wconf 89' lang='lat' dir='ltr'><strong>etnec</strong></span> <span class='ocrx_word' id='word_1_298' title='bbox 2373 1531 2735 1602; x_wconf 79' lang='lat' dir='ltr'><strong>egrederetur</strong></span> <span class='ocrx_word' id='word_1_299' title='bbox 2778 1533 2846 1586; x_wconf 84' lang='lat' dir='ltr'><strong>ad</strong></span> <span class='ocrx_word' id='word_1_300' title='bbox 2881 1534 3170 1588; x_wconf 71' lang='lat' dir='ltr'><strong>servitium</strong></span> <span class='ocrx_word' id='word_1_301' title='bbox 3213 1549 3406 1588; x_wconf 82' lang='lat' dir='ltr'><strong>mona-</strong></span> 
     </span>
    </p>
   </div>
   <div class='ocr_carea' id='block_1_34' title="bbox 1830 1624 3408 1695">
    <p class='ocr_par' dir='ltr' id='par_1_34' title="bbox 1830 1624 3408 1695">
     <span class='ocr_line' id='line_1_34' title="bbox 1830 1624 3408 1695; baseline 0 -14"><span class='ocrx_word' id='word_1_302' title='bbox 1830 1626 2006 1688; x_wconf 91' lang='lat' dir='ltr'><strong>sterii,</strong></span> <span class='ocrx_word' id='word_1_303' title='bbox 2046 1636 2229 1681; x_wconf 87' lang='lat' dir='ltr'><strong>etnec</strong></span> <span class='ocrx_word' id='word_1_304' title='bbox 2265 1624 2331 1680; x_wconf 88' lang='lat' dir='ltr'><strong>ad</strong></span> <span class='ocrx_word' id='word_1_305' title='bbox 2372 1625 2733 1695; x_wconf 83' lang='lat' dir='ltr'><strong>psalmodiam</strong></span> <span class='ocrx_word' id='word_1_306' title='bbox 2766 1625 2995 1694; x_wconf 66' lang='lat' dir='ltr'><strong>regulae,</strong></span> <span class='ocrx_word' id='word_1_307' title='bbox 3028 1627 3238 1694; x_wconf 84' lang='lat' dir='ltr'><strong>rogavit</strong></span> <span class='ocrx_word' id='word_1_308' title='bbox 3271 1642 3408 1695; x_wconf 71' lang='lat' dir='ltr'><strong>prie-</strong></span> 
     </span>
    </p>
   </div>
   <div class='ocr_carea' id='block_1_35' title="bbox 1828 1716 3410 1780">
    <p class='ocr_par' dir='ltr' id='par_1_35' title="bbox 1828 1716 3410 1780">
     <span class='ocr_line' id='line_1_35' title="bbox 1828 1716 3410 1780; baseline 0 -10"><span class='ocrx_word' id='word_1_309' title='bbox 1828 1716 2009 1771; x_wconf 84' lang='lat' dir='ltr'><strong>Iectus</strong></span> <span class='ocrx_word' id='word_1_310' title='bbox 2055 1718 2276 1780; x_wconf 83' lang='lat' dir='ltr'><strong>fratres,</strong></span> <span class='ocrx_word' id='word_1_311' title='bbox 2331 1717 2570 1772; x_wconf 87' lang='lat' dir='ltr'><strong>dicens:</strong></span> <span class='ocrx_word' id='word_1_312' title='bbox 2619 1717 2722 1773; x_wconf 86' lang='lat' dir='ltr'><strong>Ubi</strong></span> <span class='ocrx_word' id='word_1_313' title='bbox 2771 1727 2860 1772; x_wconf 89' lang='lat' dir='ltr'><strong>est</strong></span> <span class='ocrx_word' id='word_1_314' title='bbox 2913 1717 3082 1772; x_wconf 82' lang='lat' dir='ltr'><strong>abbas</strong></span> <span class='ocrx_word' id='word_1_315' title='bbox 3133 1719 3410 1772; x_wconf 75' lang='lat' dir='ltr'><strong>Marinus?</strong></span> 
     </span>
    </p>
   </div>
   <div class='ocr_carea' id='block_1_36' title="bbox 1830 1805 3404 1878">
    <p class='ocr_par' dir='ltr' id='par_1_36' title="bbox 1830 1805 3404 1878">
     <span class='ocr_line' id='line_1_36' title="bbox 1830 1805 3404 1878; baseline 0.002 -18"><span class='ocrx_word' id='word_1_316' title='bbox 1830 1805 1970 1862; x_wconf 82' lang='lat' dir='ltr'><strong>Ecce</strong></span> <span class='ocrx_word' id='word_1_317' title='bbox 2004 1809 2150 1861; x_wconf 92' lang='lat' dir='ltr'><strong>enim</strong></span> <span class='ocrx_word' id='word_1_318' title='bbox 2177 1808 2288 1878; x_wconf 83' lang='lat' dir='ltr'><strong>jam</strong></span> <span class='ocrx_word' id='word_1_319' title='bbox 2319 1807 2708 1878; x_wconf 78' lang='lat' dir='ltr'><strong>praeterierunt</strong></span> <span class='ocrx_word' id='word_1_320' title='bbox 2740 1817 2850 1862; x_wconf 88' lang='lat' dir='ltr'><strong>tres</strong></span> <span class='ocrx_word' id='word_1_321' title='bbox 2879 1809 3017 1872; x_wconf 88' lang='lat' dir='ltr'><strong>dies,</strong></span> <span class='ocrx_word' id='word_1_322' title='bbox 3049 1824 3112 1863; x_wconf 78' lang='lat' dir='ltr'><strong>ex</strong></span> <span class='ocrx_word' id='word_1_323' title='bbox 3141 1825 3251 1878; x_wconf 90' lang='lat' dir='ltr'><strong>quo</strong></span> <span class='ocrx_word' id='word_1_324' title='bbox 3276 1825 3404 1864; x_wconf 89' lang='lat' dir='ltr'><strong>eum</strong></span> 
     </span>
    </p>
   </div>
   <div class='ocr_carea' id='block_1_37' title="bbox 1829 1898 3409 1970">
    <p class='ocr_par' dir='ltr' id='par_1_37' title="bbox 1829 1898 3409 1970">
     <span class='ocr_line' id='line_1_37' title="bbox 1829 1898 3409 1970; baseline 0.001 -17"><span class='ocrx_word' id='word_1_325' title='bbox 1829 1913 1939 1953; x_wconf 91' lang='lat' dir='ltr'><strong>non</strong></span> <span class='ocrx_word' id='word_1_326' title='bbox 1988 1898 2098 1952; x_wconf 89' lang='lat' dir='ltr'><strong>vidi</strong></span> <span class='ocrx_word' id='word_1_327' title='bbox 2139 1899 2194 1953; x_wconf 92' lang='lat' dir='ltr'><strong>in</strong></span> <span class='ocrx_word' id='word_1_328' title='bbox 2231 1899 2560 1970; x_wconf 87' lang='lat' dir='ltr'><strong>psalmodia,</strong></span> <span class='ocrx_word' id='word_1_329' title='bbox 2613 1914 2790 1968; x_wconf 90' lang='lat' dir='ltr'><strong>neque</strong></span> <span class='ocrx_word' id='word_1_330' title='bbox 2837 1899 2892 1953; x_wconf 87' lang='lat' dir='ltr'><strong>in</strong></span> <span class='ocrx_word' id='word_1_331' title='bbox 2930 1915 3031 1954; x_wconf 89' lang='lat' dir='ltr'><strong>suo</strong></span> <span class='ocrx_word' id='word_1_332' title='bbox 3075 1902 3409 1955; x_wconf 85' lang='lat' dir='ltr'><strong>ministerio.</strong></span> 
     </span>
    </p>
   </div>
   <div class='ocr_carea' id='block_1_38' title="bbox 1831 1989 3406 2062">
    <p class='ocr_par' dir='ltr' id='par_1_38' title="bbox 1831 1989 3406 2062">
     <span class='ocr_line' id='line_1_38' title="bbox 1831 1989 3406 2062; baseline 0.001 -18"><span class='ocrx_word' id='word_1_333' title='bbox 1831 1989 2048 2045; x_wconf 86' lang='lat' dir='ltr'><strong>Primus</strong></span> <span class='ocrx_word' id='word_1_334' title='bbox 2091 2001 2298 2054; x_wconf 88' lang='lat' dir='ltr'><strong>autem,</strong></span> <span class='ocrx_word' id='word_1_335' title='bbox 2333 1993 2582 2045; x_wconf 89' lang='lat' dir='ltr'><strong>omnium</strong></span> <span class='ocrx_word' id='word_1_336' title='bbox 2635 1991 3018 2046; x_wconf 80' lang='lat' dir='ltr'><strong>inveniebatur</strong></span> <span class='ocrx_word' id='word_1_337' title='bbox 3071 1993 3124 2045; x_wconf 91' lang='lat' dir='ltr'><strong>in</strong></span> <span class='ocrx_word' id='word_1_338' title='bbox 3178 1993 3406 2062; x_wconf 82' lang='lat' dir='ltr'><strong>Regula.</strong></span> 
     </span>
    </p>
   </div>
   <div class='ocr_carea' id='block_1_39' title="bbox 1830 2081 3407 2154">
    <p class='ocr_par' dir='ltr' id='par_1_39' title="bbox 1830 2081 3407 2154">
     <span class='ocr_line' id='line_1_39' title="bbox 1830 2081 3407 2154; baseline 0.003 -20"><span class='ocrx_word' id='word_1_339' title='bbox 1830 2081 2186 2151; x_wconf 85' lang='lat' dir='ltr'><strong>Ingredimini</strong></span> <span class='ocrx_word' id='word_1_340' title='bbox 2235 2099 2366 2152; x_wconf 87' lang='lat' dir='ltr'><strong>ergo</strong></span> <span class='ocrx_word' id='word_1_341' title='bbox 2414 2086 2533 2154; x_wconf 85' lang='lat' dir='ltr'><strong>ejus</strong></span> <span class='ocrx_word' id='word_1_342' title='bbox 2584 2085 2801 2147; x_wconf 91' lang='lat' dir='ltr'><strong>cellam,</strong></span> <span class='ocrx_word' id='word_1_343' title='bbox 2837 2094 2890 2137; x_wconf 78' lang='lat' dir='ltr'><strong>et</strong></span> <span class='ocrx_word' id='word_1_344' title='bbox 2938 2084 3140 2146; x_wconf 86' lang='lat' dir='ltr'><strong>videte,</strong></span> <span class='ocrx_word' id='word_1_345' title='bbox 3184 2100 3315 2138; x_wconf 90' lang='lat' dir='ltr'><strong>num</strong></span> <span class='ocrx_word' id='word_1_346' title='bbox 3355 2088 3407 2138; x_wconf 93' lang='lat' dir='ltr'><strong>in</strong></span> 
     </span>
    </p>
   </div>
   <div class='ocr_carea' id='block_1_40' title="bbox 1830 2173 3409 2243">
    <p class='ocr_par' dir='ltr' id='par_1_40' title="bbox 1830 2173 3409 2243">
     <span class='ocr_line' id='line_1_40' title="bbox 1830 2173 3409 2243; baseline 0.003 -18"><span class='ocrx_word' id='word_1_347' title='bbox 1830 2173 2068 2242; x_wconf 81' lang='lat' dir='ltr'><strong>aliquam</strong></span> <span class='ocrx_word' id='word_1_348' title='bbox 2110 2175 2374 2228; x_wconf 87' lang='lat' dir='ltr'><strong>ceciderit</strong></span> <span class='ocrx_word' id='word_1_349' title='bbox 2405 2174 2806 2243; x_wconf 54' lang='lat' dir='ltr'><strong>aegritudinem.</strong></span> <span class='ocrx_word' id='word_1_350' title='bbox 2843 2173 2979 2228; x_wconf 90' lang='lat' dir='ltr'><strong>Cum</strong></span> <span class='ocrx_word' id='word_1_351' title='bbox 3012 2185 3192 2228; x_wconf 89' lang='lat' dir='ltr'><strong>autem</strong></span> <span class='ocrx_word' id='word_1_352' title='bbox 3227 2177 3409 2229; x_wconf 85' lang='lat' dir='ltr'><strong>venis-</strong></span> 
     </span>
    </p>
   </div>
   <div class='ocr_carea' id='block_1_41' title="bbox 1831 2266 3408 2337">
    <p class='ocr_par' dir='ltr' id='par_1_41' title="bbox 1831 2266 3408 2337">
     <span class='ocr_line' id='line_1_41' title="bbox 1831 2266 3408 2337; baseline 0.001 -19"><span class='ocrx_word' id='word_1_353' title='bbox 1831 2275 1955 2320; x_wconf 85' lang='lat' dir='ltr'><strong>sent</strong></span> <span class='ocrx_word' id='word_1_354' title='bbox 1982 2267 2182 2321; x_wconf 79' lang='lat' dir='ltr'><strong>fratres</strong></span> <span class='ocrx_word' id='word_1_355' title='bbox 2211 2271 2264 2321; x_wconf 91' lang='lat' dir='ltr'><strong>in</strong></span> <span class='ocrx_word' id='word_1_356' title='bbox 2308 2267 2502 2320; x_wconf 85' lang='lat' dir='ltr'><strong>cellam</strong></span> <span class='ocrx_word' id='word_1_357' title='bbox 2558 2269 2751 2333; x_wconf 72' lang='lat' dir='ltr'><strong>beatae,</strong></span> <span class='ocrx_word' id='word_1_358' title='bbox 2787 2266 3017 2337; x_wconf 85' lang='lat' dir='ltr'><strong>ingressi</strong></span> <span class='ocrx_word' id='word_1_359' title='bbox 3070 2268 3408 2322; x_wconf 90' lang='lat' dir='ltr'><strong>invenerunt</strong></span> 
     </span>
    </p>
   </div>
   <div class='ocr_carea' id='block_1_42' title="bbox 1831 2357 3410 2428">
    <p class='ocr_par' dir='ltr' id='par_1_42' title="bbox 1831 2357 3410 2428">
     <span class='ocr_line' id='line_1_42' title="bbox 1831 2357 3410 2428; baseline -0.001 -16"><span class='ocrx_word' id='word_1_360' title='bbox 1831 2372 1951 2412; x_wconf 86' lang='lat' dir='ltr'><strong>eam</strong></span> <span class='ocrx_word' id='word_1_361' title='bbox 1987 2366 2422 2412; x_wconf 85' lang='lat' dir='ltr'><strong>consummatam</strong></span> <span class='ocrx_word' id='word_1_362' title='bbox 2450 2358 2504 2411; x_wconf 91' lang='lat' dir='ltr'><strong>in</strong></span> <span class='ocrx_word' id='word_1_363' title='bbox 2539 2357 2795 2422; x_wconf 92' lang='lat' dir='ltr'><strong>Domino,</strong></span> <span class='ocrx_word' id='word_1_364' title='bbox 2827 2368 2881 2411; x_wconf 89' lang='lat' dir='ltr'><strong>et</strong></span> <span class='ocrx_word' id='word_1_365' title='bbox 2907 2375 3137 2428; x_wconf 85' lang='lat' dir='ltr'><strong>puerum</strong></span> <span class='ocrx_word' id='word_1_366' title='bbox 3178 2360 3228 2412; x_wconf 92' lang='lat' dir='ltr'><strong>ei</strong></span> <span class='ocrx_word' id='word_1_367' title='bbox 3268 2361 3410 2413; x_wconf 81' lang='lat' dir='ltr'><strong>assi-</strong></span> 
     </span>
    </p>
   </div>
   <div class='ocr_carea' id='block_1_43' title="bbox 1832 2449 3409 2519">
    <p class='ocr_par' dir='ltr' id='par_1_43' title="bbox 1832 2449 3409 2519">
     <span class='ocr_line' id='line_1_43' title="bbox 1832 2449 3409 2519; baseline -0.001 -16"><span class='ocrx_word' id='word_1_368' title='bbox 1832 2449 2054 2504; x_wconf 85' lang='lat' dir='ltr'><strong>dentem</strong></span> <span class='ocrx_word' id='word_1_369' title='bbox 2085 2457 2138 2503; x_wconf 92' lang='lat' dir='ltr'><strong>et</strong></span> <span class='ocrx_word' id='word_1_370' title='bbox 2173 2450 2414 2502; x_wconf 83' lang='lat' dir='ltr'><strong>ﬂentem.</strong></span> <span class='ocrx_word' id='word_1_371' title='bbox 2453 2449 2608 2502; x_wconf 86' lang='lat' dir='ltr'><strong>Tunc</strong></span> <span class='ocrx_word' id='word_1_372' title='bbox 2662 2465 2895 2519; x_wconf 90' lang='lat' dir='ltr'><strong>propere</strong></span> <span class='ocrx_word' id='word_1_373' title='bbox 2943 2451 3148 2518; x_wconf 76' lang='lat' dir='ltr'><strong>egressi</strong></span> <span class='ocrx_word' id='word_1_374' title='bbox 3187 2450 3409 2512; x_wconf 79' lang='lat' dir='ltr'><strong>fratres,</strong></span> 
     </span>
    </p>
   </div>
   <div class='ocr_carea' id='block_1_44' title="bbox 1829 2542 3410 2613">
    <p class='ocr_par' dir='ltr' id='par_1_44' title="bbox 1829 2542 3410 2613">
     <span class='ocr_line' id='line_1_44' title="bbox 1829 2542 3410 2613; baseline 0.002 -18"><span class='ocrx_word' id='word_1_375' title='bbox 1829 2542 2089 2613; x_wconf 68' lang='lat' dir='ltr'><strong>praefecto</strong></span> <span class='ocrx_word' id='word_1_376' title='bbox 2135 2543 2547 2601; x_wconf 87' lang='lat' dir='ltr'><strong>renuntiarunt.</strong></span> <span class='ocrx_word' id='word_1_377' title='bbox 2593 2543 2840 2598; x_wconf 83' lang='lat' dir='ltr'><strong>dicentes</strong></span> <span class='ocrx_word' id='word_1_378' title='bbox 2871 2560 2886 2600; x_wconf 86' lang='lat'><strong>:</strong></span> <span class='ocrx_word' id='word_1_379' title='bbox 2921 2543 3110 2599; x_wconf 84' lang='lat' dir='ltr'><strong>Frater</strong></span> <span class='ocrx_word' id='word_1_380' title='bbox 3168 2545 3410 2598; x_wconf 79' lang='lat' dir='ltr'><strong>Marinus</strong></span> 
     </span>
    </p>
   </div>
   <div class='ocr_carea' id='block_1_45' title="bbox 1827 2633 3412 2693">
    <p class='ocr_par' dir='ltr' id='par_1_45' title="bbox 1827 2633 3412 2693">
     <span class='ocr_line' id='line_1_45' title="bbox 1827 2633 3412 2693; baseline 0.003 -5"><span class='ocrx_word' id='word_1_381' title='bbox 1827 2633 2074 2688; x_wconf 89' lang='lat' dir='ltr'><strong>dormiit.</strong></span> <span class='ocrx_word' id='word_1_382' title='bbox 2125 2635 2218 2687; x_wconf 88' lang='lat' dir='ltr'><strong>Ille</strong></span> <span class='ocrx_word' id='word_1_383' title='bbox 2269 2650 2400 2687; x_wconf 89' lang='lat' dir='ltr'><strong>vero</strong></span> <span class='ocrx_word' id='word_1_384' title='bbox 2451 2650 2575 2687; x_wconf 91' lang='lat' dir='ltr'><strong>cum</strong></span> <span class='ocrx_word' id='word_1_385' title='bbox 2621 2636 2908 2693; x_wconf 78' lang='lat' dir='ltr'><strong>audiisset.</strong></span> <span class='ocrx_word' id='word_1_386' title='bbox 2962 2639 3192 2691; x_wconf 88' lang='lat' dir='ltr'><strong>miratus</strong></span> <span class='ocrx_word' id='word_1_387' title='bbox 3227 2649 3311 2693; x_wconf 90' lang='lat' dir='ltr'><strong>est</strong></span> <span class='ocrx_word' id='word_1_388' title='bbox 3355 2650 3412 2693; x_wconf 88' lang='lat' dir='ltr'><strong>ct</strong></span> 
     </span>
    </p>
   </div>
   <div class='ocr_carea' id='block_1_46' title="bbox 1827 2725 3408 2800">
    <p class='ocr_par' dir='ltr' id='par_1_46' title="bbox 1827 2725 3408 2800">
     <span class='ocr_line' id='line_1_46' title="bbox 1827 2725 3408 2800; baseline 0.003 -21"><span class='ocrx_word' id='word_1_389' title='bbox 1827 2725 1968 2780; x_wconf 81' lang='lat' dir='ltr'><strong>dixit</strong></span> <span class='ocrx_word' id='word_1_390' title='bbox 2000 2745 2012 2780; x_wconf 88' lang='lat'><strong>:</strong></span> <span class='ocrx_word' id='word_1_391' title='bbox 2050 2726 2340 2792; x_wconf 83' lang='lat' dir='ltr'><strong>Quomodo</strong></span> <span class='ocrx_word' id='word_1_392' title='bbox 2392 2729 2628 2782; x_wconf 73' lang='lat' dir='ltr'><strong>excessit</strong></span> <span class='ocrx_word' id='word_1_393' title='bbox 2673 2729 2791 2798; x_wconf 85' lang='lat' dir='ltr'><strong>ejus</strong></span> <span class='ocrx_word' id='word_1_394' title='bbox 2839 2730 3043 2792; x_wconf 89' lang='lat' dir='ltr'><strong>anima,</strong></span> <span class='ocrx_word' id='word_1_395' title='bbox 3101 2741 3195 2785; x_wconf 92' lang='lat' dir='ltr'><strong>aut</strong></span> <span class='ocrx_word' id='word_1_396' title='bbox 3243 2747 3408 2800; x_wconf 88' lang='lat' dir='ltr'><strong>quam</strong></span> 
     </span>
    </p>
   </div>
   <div class='ocr_carea' id='block_1_47' title="bbox 1830 2820 3411 2896">
    <p class='ocr_par' dir='ltr' id='par_1_47' title="bbox 1830 2820 3411 2896">
     <span class='ocr_line' id='line_1_47' title="bbox 1830 2820 3411 2896; baseline 0.006 -23"><span class='ocrx_word' id='word_1_397' title='bbox 1830 2820 1943 2874; x_wconf 90' lang='lat' dir='ltr'><strong>Deo</strong></span> <span class='ocrx_word' id='word_1_398' title='bbox 1977 2821 2247 2874; x_wconf 85' lang='lat' dir='ltr'><strong>allaturos</strong></span> <span class='ocrx_word' id='word_1_399' title='bbox 2275 2831 2361 2875; x_wconf 88' lang='lat' dir='ltr'><strong>est</strong></span> <span class='ocrx_word' id='word_1_400' title='bbox 2413 2823 2824 2876; x_wconf 75' lang='lat' dir='ltr'><strong>excusationem</strong></span> <span class='ocrx_word' id='word_1_401' title='bbox 2861 2826 2928 2877; x_wconf 87' lang='lat' dir='ltr'><strong>de</strong></span> <span class='ocrx_word' id='word_1_402' title='bbox 2959 2825 3026 2877; x_wconf 89' lang='lat' dir='ltr'><strong>iis</strong></span> <span class='ocrx_word' id='word_1_403' title='bbox 3059 2842 3180 2893; x_wconf 77' lang='lat' dir='ltr'><strong>qua:</strong></span> <span class='ocrx_word' id='word_1_404' title='bbox 3213 2843 3411 2896; x_wconf 81' lang='lat' dir='ltr'><strong>pecca-</strong></span> 
     </span>
    </p>
   </div>
   <div class='ocr_carea' id='block_1_48' title="bbox 1828 2909 3405 2981">
    <p class='ocr_par' dir='ltr' id='par_1_48' title="bbox 1828 2909 3405 2981">
     <span class='ocr_line' id='line_1_48' title="bbox 1828 2909 3405 2981; baseline 0.004 -21"><span class='ocrx_word' id='word_1_405' title='bbox 1828 2909 1943 2961; x_wconf 87' lang='lat' dir='ltr'><strong>vit?</strong></span> <span class='ocrx_word' id='word_1_406' title='bbox 1979 2909 2136 2962; x_wconf 85' lang='lat' dir='ltr'><strong>Tunc</strong></span> <span class='ocrx_word' id='word_1_407' title='bbox 2181 2910 2250 2963; x_wconf 91' lang='lat' dir='ltr'><strong>de</strong></span> <span class='ocrx_word' id='word_1_408' title='bbox 2293 2921 2495 2964; x_wconf 72' lang='lat' dir='ltr'><strong>caztero</strong></span> <span class='ocrx_word' id='word_1_409' title='bbox 2534 2910 2718 2980; x_wconf 79' lang='lat' dir='ltr'><strong>jussit,</strong></span> <span class='ocrx_word' id='word_1_410' title='bbox 2771 2925 2830 2964; x_wconf 91' lang='lat' dir='ltr'><strong>ut</strong></span> <span class='ocrx_word' id='word_1_411' title='bbox 2858 2911 2908 2964; x_wconf 90' lang='lat' dir='ltr'><strong>ei</strong></span> <span class='ocrx_word' id='word_1_412' title='bbox 2956 2913 3102 2981; x_wconf 89' lang='lat' dir='ltr'><strong>justa</strong></span> <span class='ocrx_word' id='word_1_413' title='bbox 3141 2913 3405 2967; x_wconf 78' lang='lat' dir='ltr'><strong>facerent.</strong></span> 
     </span>
    </p>
   </div>
   <div class='ocr_carea' id='block_1_49' title="bbox 139 2998 3410 3068">
    <p class='ocr_par' dir='ltr' id='par_1_49' title="bbox 139 2998 3410 3068">
     <span class='ocr_line' id='line_1_49' title="bbox 139 2998 3410 3068; baseline -0.001 -11"><span class='ocrx_word' id='word_1_414' title='bbox 139 3002 273 3057; x_wconf 88' lang='lat' dir='ltr'><strong>Cum</strong></span> <span class='ocrx_word' id='word_1_415' title='bbox 305 3012 493 3053; x_wconf 89' lang='lat' dir='ltr'><strong>autem</strong></span> <span class='ocrx_word' id='word_1_416' title='bbox 527 3001 806 3054; x_wconf 84' lang='lat' dir='ltr'><strong>venissent</strong></span> <span class='ocrx_word' id='word_1_417' title='bbox 831 2998 1051 3062; x_wconf 82' lang='lat' dir='ltr'><strong>fratres,</strong></span> <span class='ocrx_word' id='word_1_418' title='bbox 1097 3007 1156 3053; x_wconf 93' lang='lat' dir='ltr'><strong>ut</strong></span> <span class='ocrx_word' id='word_1_419' title='bbox 1183 3015 1307 3054; x_wconf 89' lang='lat' dir='ltr'><strong>eum</strong></span> <span class='ocrx_word' id='word_1_420' title='bbox 1337 3008 1736 3068; x_wconf 85' lang='lat' dir='ltr'><strong>componerent</strong></span> <span class='ocrx_word' id='word_1_421' title='bbox 1768 2999 1834 3052; x_wconf 86' lang='lat' dir='ltr'><strong>ad</strong></span> <span class='ocrx_word' id='word_1_422' title='bbox 1879 2999 2284 3067; x_wconf 80' lang='lat' dir='ltr'><strong>sepeliendum,</strong></span> <span class='ocrx_word' id='word_1_423' title='bbox 2317 2998 2648 3052; x_wconf 89' lang='lat' dir='ltr'><strong>invenerunt</strong></span> <span class='ocrx_word' id='word_1_424' title='bbox 2675 3015 2800 3053; x_wconf 90' lang='lat' dir='ltr'><strong>eum</strong></span> <span class='ocrx_word' id='word_1_425' title='bbox 2838 3015 2958 3053; x_wconf 82' lang='lat' dir='ltr'><strong>esse</strong></span> <span class='ocrx_word' id='word_1_426' title='bbox 2992 3002 3275 3056; x_wconf 75' lang='lat' dir='ltr'><strong>mulierem</strong></span> <span class='ocrx_word' id='word_1_427' title='bbox 3305 3020 3316 3055; x_wconf 91' lang='lat'>:</span> <span class='ocrx_word' id='word_1_428' title='bbox 3351 3014 3410 3056; x_wconf 92' lang='lat' dir='ltr'><strong>et</strong></span> 
     </span>
    </p>
   </div>
   <div class='ocr_carea' id='block_1_50' title="bbox 138 3093 3411 3165">
    <p class='ocr_par' dir='ltr' id='par_1_50' title="bbox 138 3093 3411 3165">
     <span class='ocr_line' id='line_1_50' title="bbox 138 3093 3411 3165; baseline -0 -15"><span class='ocrx_word' id='word_1_429' title='bbox 138 3095 458 3165; x_wconf 77' lang='lat' dir='ltr'><strong>stupefacti,</strong></span> <span class='ocrx_word' id='word_1_430' title='bbox 498 3103 787 3162; x_wconf 76' lang='lat' dir='ltr'><strong>cceperunt</strong></span> <span class='ocrx_word' id='word_1_431' title='bbox 817 3108 1012 3146; x_wconf 87' lang='lat' dir='ltr'><strong>omnes</strong></span> <span class='ocrx_word' id='word_1_432' title='bbox 1049 3109 1155 3146; x_wconf 92' lang='lat' dir='ltr'><strong>una</strong></span> <span class='ocrx_word' id='word_1_433' title='bbox 1202 3110 1336 3148; x_wconf 90' lang='lat' dir='ltr'><strong>voce</strong></span> <span class='ocrx_word' id='word_1_434' title='bbox 1365 3096 1607 3149; x_wconf 82' lang='lat' dir='ltr'><strong>clamare</strong></span> <span class='ocrx_word' id='word_1_435' title='bbox 1640 3111 1653 3148; x_wconf 90' lang='lat'>:</span> <span class='ocrx_word' id='word_1_436' title='bbox 1691 3095 1942 3159; x_wconf 88' lang='lat' dir='ltr'><strong>Domine,</strong></span> <span class='ocrx_word' id='word_1_437' title='bbox 1980 3093 2264 3148; x_wconf 87' lang='lat' dir='ltr'><strong>miserere.</strong></span> <span class='ocrx_word' id='word_1_438' title='bbox 2299 3093 2599 3147; x_wconf 81' lang='lat' dir='ltr'><strong>Pra-l&#39;ectus</strong></span> <span class='ocrx_word' id='word_1_439' title='bbox 2640 3109 2767 3148; x_wconf 90' lang='lat' dir='ltr'><strong>vero</strong></span> <span class='ocrx_word' id='word_1_440' title='bbox 2810 3111 2934 3148; x_wconf 91' lang='lat' dir='ltr'><strong>cum</strong></span> <span class='ocrx_word' id='word_1_441' title='bbox 2967 3097 3260 3150; x_wconf 89' lang='lat' dir='ltr'><strong>tumultum</strong></span> <span class='ocrx_word' id='word_1_442' title='bbox 3307 3113 3411 3149; x_wconf 86' lang='lat' dir='ltr'><strong>au-</strong></span> 
     </span>
    </p>
   </div>
   <div class='ocr_carea' id='block_1_51' title="bbox 138 3189 3413 3258">
    <p class='ocr_par' dir='ltr' id='par_1_51' title="bbox 138 3189 3413 3258">
     <span class='ocr_line' id='line_1_51' title="bbox 138 3189 3413 3258; baseline 0.001 -13"><span class='ocrx_word' id='word_1_443' title='bbox 138 3196 332 3246; x_wconf 83' lang='lat' dir='ltr'><strong>diisset</strong></span> <span class='ocrx_word' id='word_1_444' title='bbox 362 3200 420 3245; x_wconf 94' lang='lat' dir='ltr'><strong>et</strong></span> <span class='ocrx_word' id='word_1_445' title='bbox 450 3191 962 3250; x_wconf 90' lang='lat' dir='ltr'><strong>conturbationem,</strong></span> <span class='ocrx_word' id='word_1_446' title='bbox 1021 3190 1253 3258; x_wconf 84' lang='lat' dir='ltr'><strong>rogavit,</strong></span> <span class='ocrx_word' id='word_1_447' title='bbox 1311 3190 1505 3243; x_wconf 89' lang='lat' dir='ltr'><strong>dicens</strong></span> <span class='ocrx_word' id='word_1_448' title='bbox 1539 3207 1553 3244; x_wconf 88' lang='lat'>:</span> <span class='ocrx_word' id='word_1_449' title='bbox 1593 3190 1868 3255; x_wconf 88' lang='lat' dir='ltr'><strong>Quidnam</strong></span> <span class='ocrx_word' id='word_1_450' title='bbox 1907 3192 2013 3245; x_wconf 87' lang='lat' dir='ltr'><strong>hoc</strong></span> <span class='ocrx_word' id='word_1_451' title='bbox 2038 3191 2143 3244; x_wconf 86' lang='lat' dir='ltr'><strong>sibi</strong></span> <span class='ocrx_word' id='word_1_452' title='bbox 2194 3189 2350 3244; x_wconf 89' lang='lat' dir='ltr'><strong>vult?</strong></span> <span class='ocrx_word' id='word_1_453' title='bbox 2393 3189 2472 3243; x_wconf 88' lang='lat' dir='ltr'><strong>Illi</strong></span> <span class='ocrx_word' id='word_1_454' title='bbox 2504 3203 2686 3244; x_wconf 88' lang='lat' dir='ltr'><strong>autem</strong></span> <span class='ocrx_word' id='word_1_455' title='bbox 2723 3191 2910 3248; x_wconf 90' lang='lat' dir='ltr'><strong>dicunt</strong></span> <span class='ocrx_word' id='word_1_456' title='bbox 2941 3192 2991 3244; x_wconf 91' lang='lat' dir='ltr'><strong>ei</strong></span> <span class='ocrx_word' id='word_1_457' title='bbox 3023 3207 3146 3245; x_wconf 90' lang='lat' dir='ltr'><strong>cum</strong></span> <span class='ocrx_word' id='word_1_458' title='bbox 3174 3193 3413 3247; x_wconf 86' lang='lat' dir='ltr'><strong>admira-</strong></span> 
     </span>
    </p>
   </div>
   <div class='ocr_carea' id='block_1_52' title="bbox 140 3281 3410 3351">
    <p class='ocr_par' dir='ltr' id='par_1_52' title="bbox 140 3281 3410 3351">
     <span class='ocr_line' id='line_1_52' title="bbox 140 3281 3410 3351; baseline -0 -10"><span class='ocrx_word' id='word_1_459' title='bbox 140 3291 288 3341; x_wconf 85' lang='lat' dir='ltr'><strong>tione</strong></span> <span class='ocrx_word' id='word_1_460' title='bbox 323 3305 336 3340; x_wconf 85' lang='grc'><strong>;</strong></span> <span class='ocrx_word' id='word_1_461' title='bbox 376 3287 567 3340; x_wconf 83' lang='lat' dir='ltr'><strong>Frater</strong></span> <span class='ocrx_word' id='word_1_462' title='bbox 598 3298 782 3339; x_wconf 89' lang='lat' dir='ltr'><strong>noster</strong></span> <span class='ocrx_word' id='word_1_463' title='bbox 814 3283 1055 3337; x_wconf 84' lang='lat' dir='ltr'><strong>Marinus</strong></span> <span class='ocrx_word' id='word_1_464' title='bbox 1083 3293 1167 3337; x_wconf 83' lang='lat' dir='ltr'><strong>est</strong></span> <span class='ocrx_word' id='word_1_465' title='bbox 1193 3298 1325 3337; x_wconf 80' lang='lat' dir='ltr'><strong>sexu</strong></span> <span class='ocrx_word' id='word_1_466' title='bbox 1371 3284 1592 3335; x_wconf 86' lang='lat' dir='ltr'><strong>mulier.</strong></span> <span class='ocrx_word' id='word_1_467' title='bbox 1633 3282 1770 3335; x_wconf 91' lang='lat' dir='ltr'><strong>Cum</strong></span> <span class='ocrx_word' id='word_1_468' title='bbox 1811 3284 2052 3336; x_wconf 87' lang='lat' dir='ltr'><strong>venisset</strong></span> <span class='ocrx_word' id='word_1_469' title='bbox 2093 3297 2225 3351; x_wconf 85' lang='lat' dir='ltr'><strong>ergo</strong></span> <span class='ocrx_word' id='word_1_470' title='bbox 2255 3281 2572 3348; x_wconf 67' lang='lat' dir='ltr'><strong>praefectus,</strong></span> <span class='ocrx_word' id='word_1_471' title='bbox 2606 3291 2661 3334; x_wconf 92' lang='lat' dir='ltr'><strong>et</strong></span> <span class='ocrx_word' id='word_1_472' title='bbox 2691 3283 2919 3336; x_wconf 87' lang='lat' dir='ltr'><strong>vidisset</strong></span> <span class='ocrx_word' id='word_1_473' title='bbox 2954 3299 3068 3338; x_wconf 87' lang='lat' dir='ltr'><strong>rem</strong></span> <span class='ocrx_word' id='word_1_474' title='bbox 3107 3287 3410 3342; x_wconf 82' lang='lat' dir='ltr'><strong>admirabi-</strong></span> 
     </span>
    </p>
   </div>
   <div class='ocr_carea' id='block_1_53' title="bbox 138 3377 3410 3454">
    <p class='ocr_par' dir='ltr' id='par_1_53' title="bbox 138 3377 3410 3454">
     <span class='ocr_line' id='line_1_53' title="bbox 138 3377 3410 3454; baseline -0.002 -15"><span class='ocrx_word' id='word_1_475' title='bbox 138 3387 238 3439; x_wconf 63' lang='lat' dir='ltr'><strong>lein</strong></span> <span class='ocrx_word' id='word_1_476' title='bbox 287 3397 344 3439; x_wconf 91' lang='lat' dir='ltr'><strong>et</strong></span> <span class='ocrx_word' id='word_1_477' title='bbox 386 3395 585 3454; x_wconf 75' lang='lat' dir='ltr'><strong>prznter</strong></span> <span class='ocrx_word' id='word_1_478' title='bbox 616 3383 958 3452; x_wconf 89' lang='lat' dir='ltr'><strong>opinionem,</strong></span> <span class='ocrx_word' id='word_1_479' title='bbox 989 3397 1046 3435; x_wconf 87' lang='lat' dir='ltr'><strong>se</strong></span> <span class='ocrx_word' id='word_1_480' title='bbox 1095 3381 1246 3434; x_wconf 90' lang='lat' dir='ltr'><strong>liumi</strong></span> <span class='ocrx_word' id='word_1_481' title='bbox 1283 3380 1538 3451; x_wconf 71' lang='lat' dir='ltr'><strong>proiecit,</strong></span> <span class='ocrx_word' id='word_1_482' title='bbox 1572 3388 1626 3434; x_wconf 90' lang='lat' dir='ltr'><strong>et</strong></span> <span class='ocrx_word' id='word_1_483' title='bbox 1655 3391 1850 3432; x_wconf 82' lang='lat' dir='ltr'><strong>tenens</strong></span> <span class='ocrx_word' id='word_1_484' title='bbox 1891 3379 2060 3448; x_wconf 90' lang='lat' dir='ltr'><strong>pedes</strong></span> <span class='ocrx_word' id='word_1_485' title='bbox 2092 3378 2286 3442; x_wconf 62' lang='lat' dir='ltr'><strong>beate,</strong></span> <span class='ocrx_word' id='word_1_486' title='bbox 2325 3392 2450 3432; x_wconf 91' lang='lat' dir='ltr'><strong>cum</strong></span> <span class='ocrx_word' id='word_1_487' title='bbox 2500 3378 2687 3430; x_wconf 90' lang='lat' dir='ltr'><strong>multis</strong></span> <span class='ocrx_word' id='word_1_488' title='bbox 2717 3377 2972 3448; x_wconf 77' lang='lat' dir='ltr'><strong>Iacryniis</strong></span> <span class='ocrx_word' id='word_1_489' title='bbox 3005 3378 3295 3445; x_wconf 84' lang='lat' dir='ltr'><strong>clamabat,</strong></span> <span class='ocrx_word' id='word_1_490' title='bbox 3322 3382 3410 3433; x_wconf 80' lang='lat' dir='ltr'><strong>ili-</strong></span> 
     </span>
    </p>
   </div>
   <div class='ocr_carea' id='block_1_54' title="bbox 138 3474 3408 3548">
    <p class='ocr_par' dir='ltr' id='par_1_54' title="bbox 138 3474 3408 3548">
     <span class='ocr_line' id='line_1_54' title="bbox 138 3474 3408 3548; baseline 0 -19"><span class='ocrx_word' id='word_1_491' title='bbox 138 3497 268 3533; x_wconf 78' lang='lat' dir='ltr'><strong>cens</strong></span> <span class='ocrx_word' id='word_1_492' title='bbox 307 3497 321 3532; x_wconf 88' lang='lat'><strong>:</strong></span> <span class='ocrx_word' id='word_1_493' title='bbox 362 3479 592 3548; x_wconf 74' lang='lat' dir='ltr'><strong>Ignosce</strong></span> <span class='ocrx_word' id='word_1_494' title='bbox 625 3478 782 3537; x_wconf 80' lang='lat' dir='ltr'><strong>mihi,</strong></span> <span class='ocrx_word' id='word_1_495' title='bbox 818 3477 1048 3532; x_wconf 89' lang='lat' dir='ltr'><strong>Domine</strong></span> <span class='ocrx_word' id='word_1_496' title='bbox 1086 3477 1214 3531; x_wconf 83' lang='lat' dir='ltr'><strong>Jesu</strong></span> <span class='ocrx_word' id='word_1_497' title='bbox 1256 3476 1500 3540; x_wconf 78' lang='lat' dir='ltr'><strong>Christe,</strong></span> <span class='ocrx_word' id='word_1_498' title='bbox 1531 3474 1678 3544; x_wconf 92' lang='lat' dir='ltr'><strong>quod</strong></span> <span class='ocrx_word' id='word_1_499' title='bbox 1735 3490 1832 3543; x_wconf 83' lang='lat' dir='ltr'><strong>per</strong></span> <span class='ocrx_word' id='word_1_500' title='bbox 1878 3477 2244 3544; x_wconf 84' lang='lat' dir='ltr'><strong>ignorantiam</strong></span> <span class='ocrx_word' id='word_1_501' title='bbox 2291 3476 2512 3543; x_wconf 89' lang='lat' dir='ltr'><strong>peccavi</strong></span> <span class='ocrx_word' id='word_1_502' title='bbox 2547 3476 2599 3527; x_wconf 91' lang='lat' dir='ltr'><strong>in</strong></span> <span class='ocrx_word' id='word_1_503' title='bbox 2637 3483 2882 3528; x_wconf 87' lang='lat' dir='ltr'><strong>sanctam</strong></span> <span class='ocrx_word' id='word_1_504' title='bbox 2914 3484 2970 3528; x_wconf 93' lang='lat' dir='ltr'><strong>et</strong></span> <span class='ocrx_word' id='word_1_505' title='bbox 3013 3491 3220 3529; x_wconf 86' lang='lat' dir='ltr'><strong>castam</strong></span> <span class='ocrx_word' id='word_1_506' title='bbox 3259 3485 3408 3530; x_wconf 88' lang='lat' dir='ltr'><strong>tuam</strong></span> 
     </span>
    </p>
   </div>
   <div class='ocr_carea' id='block_1_55' title="bbox 138 3567 3406 3641">
    <p class='ocr_par' dir='ltr' id='par_1_55' title="bbox 138 3567 3406 3641">
     <span class='ocr_line' id='line_1_55' title="bbox 138 3567 3406 3641; baseline -0 -16"><span class='ocrx_word' id='word_1_507' title='bbox 138 3589 421 3641; x_wconf 82' lang='lat' dir='ltr'><strong>sponsam.</strong></span> <span class='ocrx_word' id='word_1_508' title='bbox 459 3571 528 3624; x_wconf 82' lang='lat' dir='ltr'><strong>Et</strong></span> <span class='ocrx_word' id='word_1_509' title='bbox 557 3585 750 3622; x_wconf 86' lang='lat' dir='ltr'><strong>rursus</strong></span> <span class='ocrx_word' id='word_1_510' title='bbox 775 3571 1070 3638; x_wconf 82' lang='lat' dir='ltr'><strong>procideus</strong></span> <span class='ocrx_word' id='word_1_511' title='bbox 1100 3568 1167 3621; x_wconf 91' lang='lat' dir='ltr'><strong>ad</strong></span> <span class='ocrx_word' id='word_1_512' title='bbox 1198 3569 1542 3622; x_wconf 89' lang='lat' dir='ltr'><strong>veiicrandas</strong></span> <span class='ocrx_word' id='word_1_513' title='bbox 1575 3580 1628 3624; x_wconf 84' lang='lat' dir='ltr'><strong>et</strong></span> <span class='ocrx_word' id='word_1_514' title='bbox 1654 3577 1878 3622; x_wconf 87' lang='lat' dir='ltr'><strong>sanctas</strong></span> <span class='ocrx_word' id='word_1_515' title='bbox 1906 3571 2026 3638; x_wconf 80' lang='lat' dir='ltr'><strong>ejus</strong></span> <span class='ocrx_word' id='word_1_516' title='bbox 2069 3567 2356 3638; x_wconf 85' lang='lat' dir='ltr'><strong>reliquias,</strong></span> <span class='ocrx_word' id='word_1_517' title='bbox 2395 3568 2692 3630; x_wconf 84' lang='lat' dir='ltr'><strong>clamabat,</strong></span> <span class='ocrx_word' id='word_1_518' title='bbox 2721 3569 2942 3624; x_wconf 90' lang='lat' dir='ltr'><strong>dicens:</strong></span> <span class='ocrx_word' id='word_1_519' title='bbox 2979 3567 3077 3624; x_wconf 87' lang='lat' dir='ltr'><strong>Hic</strong></span> <span class='ocrx_word' id='word_1_520' title='bbox 3109 3573 3309 3624; x_wconf 85' lang='lat' dir='ltr'><strong>moriar</strong></span> <span class='ocrx_word' id='word_1_521' title='bbox 3340 3572 3406 3625; x_wconf 91' lang='lat' dir='ltr'><strong>ad</strong></span> 
     </span>
    </p>
   </div>
   <div class='ocr_carea' id='block_1_56' title="bbox 137 3660 3406 3732">
    <p class='ocr_par' dir='ltr' id='par_1_56' title="bbox 137 3660 3406 3732">
     <span class='ocr_line' id='line_1_56' title="bbox 137 3660 3406 3732; baseline -0.001 -12"><span class='ocrx_word' id='word_1_522' title='bbox 137 3676 359 3721; x_wconf 87' lang='lat' dir='ltr'><strong>sanctus</strong></span> <span class='ocrx_word' id='word_1_523' title='bbox 383 3675 441 3717; x_wconf 88' lang='lat' dir='ltr'><strong>et</strong></span> <span class='ocrx_word' id='word_1_524' title='bbox 472 3663 819 3716; x_wconf 84' lang='lat' dir='ltr'><strong>venerandos</strong></span> <span class='ocrx_word' id='word_1_525' title='bbox 859 3665 984 3716; x_wconf 79' lang='lat' dir='ltr'><strong>tuos</strong></span> <span class='ocrx_word' id='word_1_526' title='bbox 1030 3660 1216 3730; x_wconf 88' lang='lat' dir='ltr'><strong>pedes.</strong></span> <span class='ocrx_word' id='word_1_527' title='bbox 1255 3664 1429 3712; x_wconf 78' lang='lat' dir='ltr'><strong>donec</strong></span> <span class='ocrx_word' id='word_1_528' title='bbox 1462 3663 1691 3713; x_wconf 83' lang='lat' dir='ltr'><strong>audiero</strong></span> <span class='ocrx_word' id='word_1_529' title='bbox 1723 3663 1857 3714; x_wconf 87' lang='lat' dir='ltr'><strong>milii</strong></span> <span class='ocrx_word' id='word_1_530' title='bbox 1882 3677 2003 3714; x_wconf 87' lang='lat' dir='ltr'><strong>esse</strong></span> <span class='ocrx_word' id='word_1_531' title='bbox 2046 3663 2354 3715; x_wconf 89' lang='lat' dir='ltr'><strong>condonata</strong></span> <span class='ocrx_word' id='word_1_532' title='bbox 2383 3679 2445 3716; x_wconf 91' lang='lat' dir='ltr'><strong>ea</strong></span> <span class='ocrx_word' id='word_1_533' title='bbox 2471 3679 2591 3732; x_wconf 64' lang='lat' dir='ltr'><strong>qua</strong></span> <span class='ocrx_word' id='word_1_534' title='bbox 2626 3662 2681 3716; x_wconf 93' lang='lat' dir='ltr'><strong>in</strong></span> <span class='ocrx_word' id='word_1_535' title='bbox 2715 3671 2765 3716; x_wconf 87' lang='lat' dir='ltr'><strong>te</strong></span> <span class='ocrx_word' id='word_1_536' title='bbox 2802 3663 3040 3732; x_wconf 79' lang='lat' dir='ltr'><strong>peccavi.</strong></span> <span class='ocrx_word' id='word_1_537' title='bbox 3076 3665 3213 3717; x_wconf 88' lang='lat' dir='ltr'><strong>Cum</strong></span> <span class='ocrx_word' id='word_1_538' title='bbox 3250 3667 3293 3716; x_wconf 81' lang='lat' dir='ltr'><strong>is</strong></span> <span class='ocrx_word' id='word_1_539' title='bbox 3316 3681 3406 3718; x_wconf 86' lang='lat' dir='ltr'><strong>au-</strong></span> 
     </span>
    </p>
   </div>
   <div class='ocr_carea' id='block_1_57' title="bbox 138 3754 3408 3830">
    <p class='ocr_par' dir='ltr' id='par_1_57' title="bbox 138 3754 3408 3830">
     <span class='ocr_line' id='line_1_57' title="bbox 138 3754 3408 3830; baseline -0.001 -15"><span class='ocrx_word' id='word_1_540' title='bbox 138 3774 242 3815; x_wconf 89' lang='lat' dir='ltr'><strong>tem</strong></span> <span class='ocrx_word' id='word_1_541' title='bbox 277 3761 374 3812; x_wconf 91' lang='lat' dir='ltr'><strong>diu</strong></span> <span class='ocrx_word' id='word_1_542' title='bbox 411 3759 642 3813; x_wconf 78' lang='lat' dir='ltr'><strong>deﬁeret</strong></span> <span class='ocrx_word' id='word_1_543' title='bbox 676 3767 732 3813; x_wconf 90' lang='lat' dir='ltr'><strong>et</strong></span> <span class='ocrx_word' id='word_1_544' title='bbox 772 3757 1078 3830; x_wconf 81' lang='lat' dir='ltr'><strong>plangeret,</strong></span> <span class='ocrx_word' id='word_1_545' title='bbox 1116 3755 1267 3810; x_wconf 86' lang='lat' dir='ltr'><strong>venit</strong></span> <span class='ocrx_word' id='word_1_546' title='bbox 1302 3755 1367 3807; x_wconf 90' lang='lat' dir='ltr'><strong>ad</strong></span> <span class='ocrx_word' id='word_1_547' title='bbox 1408 3769 1536 3807; x_wconf 90' lang='lat' dir='ltr'><strong>eum</strong></span> <span class='ocrx_word' id='word_1_548' title='bbox 1578 3771 1680 3807; x_wconf 76' lang='lat' dir='ltr'><strong>vox</strong></span> <span class='ocrx_word' id='word_1_549' title='bbox 1728 3755 1795 3808; x_wconf 89' lang='lat' dir='ltr'><strong>de</strong></span> <span class='ocrx_word' id='word_1_550' title='bbox 1842 3755 2005 3816; x_wconf 69' lang='lat' dir='ltr'><strong>cmlo,</strong></span> <span class='ocrx_word' id='word_1_551' title='bbox 2041 3754 2236 3808; x_wconf 90' lang='lat' dir='ltr'><strong>dicens</strong></span> <span class='ocrx_word' id='word_1_552' title='bbox 2268 3771 2282 3808; x_wconf 85' lang='lat'><strong>:</strong></span> <span class='ocrx_word' id='word_1_553' title='bbox 2317 3755 2371 3808; x_wconf 89' lang='lat' dir='ltr'><strong>Si</strong></span> <span class='ocrx_word' id='word_1_554' title='bbox 2406 3756 2509 3808; x_wconf 90' lang='lat' dir='ltr'><strong>hoc</strong></span> <span class='ocrx_word' id='word_1_555' title='bbox 2551 3757 2774 3824; x_wconf 87' lang='lat' dir='ltr'><strong>quidem</strong></span> <span class='ocrx_word' id='word_1_556' title='bbox 2809 3759 2990 3812; x_wconf 83' lang='lat' dir='ltr'><strong>scietis</strong></span> <span class='ocrx_word' id='word_1_557' title='bbox 3023 3758 3264 3820; x_wconf 77' lang='lat' dir='ltr'><strong>fecisses,</strong></span> <span class='ocrx_word' id='word_1_558' title='bbox 3300 3775 3408 3815; x_wconf 90' lang='lat' dir='ltr'><strong>non</strong></span> 
     </span>
    </p>
   </div>
   <div class='ocr_carea' id='block_1_58' title="bbox 139 3847 2773 3920">
    <p class='ocr_par' dir='ltr' id='par_1_58' title="bbox 139 3847 2773 3920">
     <span class='ocr_line' id='line_1_58' title="bbox 139 3847 2773 3920; baseline -0.003 -13"><span class='ocrx_word' id='word_1_559' title='bbox 139 3855 232 3907; x_wconf 86' lang='lat' dir='ltr'><strong>tibi</strong></span> <span class='ocrx_word' id='word_1_560' title='bbox 259 3851 707 3914; x_wconf 83' lang='lat' dir='ltr'><strong>eundonassem;</strong></span> <span class='ocrx_word' id='word_1_561' title='bbox 741 3852 869 3920; x_wconf 87' lang='lat' dir='ltr'><strong>quia</strong></span> <span class='ocrx_word' id='word_1_562' title='bbox 899 3862 1082 3904; x_wconf 89' lang='lat' dir='ltr'><strong>autem</strong></span> <span class='ocrx_word' id='word_1_563' title='bbox 1115 3848 1371 3902; x_wconf 89' lang='lat' dir='ltr'><strong>nesciens</strong></span> <span class='ocrx_word' id='word_1_564' title='bbox 1403 3847 1508 3901; x_wconf 87' lang='lat' dir='ltr'><strong>hoc</strong></span> <span class='ocrx_word' id='word_1_565' title='bbox 1541 3847 1747 3911; x_wconf 85' lang='lat' dir='ltr'><strong>fecisti,</strong></span> <span class='ocrx_word' id='word_1_566' title='bbox 1783 3858 2071 3918; x_wconf 88' lang='lat' dir='ltr'><strong>peccatum</strong></span> <span class='ocrx_word' id='word_1_567' title='bbox 2110 3848 2213 3901; x_wconf 86' lang='lat' dir='ltr'><strong>fuit</strong></span> <span class='ocrx_word' id='word_1_568' title='bbox 2251 3847 2347 3901; x_wconf 83' lang='lat' dir='ltr'><strong>tibi</strong></span> <span class='ocrx_word' id='word_1_569' title='bbox 2382 3849 2773 3904; x_wconf 89' lang='lat' dir='ltr'><strong>condonatum.</strong></span> 
     </span>
    </p>
   </div>
   <div class='ocr_carea' id='block_1_59' title="bbox 207 3963 1801 4034">
    <p class='ocr_par' dir='ltr' id='par_1_59' title="bbox 207 3963 1801 4034">
     <span class='ocr_line' id='line_1_59' title="bbox 207 3963 1801 4034; baseline -0.005 -13"><span class='ocrx_word' id='word_1_570' title='bbox 207 3967 290 4020; x_wconf 78' lang='lat' dir='ltr'><strong>H&#39;.</strong></span> <span class='ocrx_word' id='word_1_571' title='bbox 330 3968 441 4018; x_wconf 73' lang='grc' dir='ltr'>Καὶ</span> <span class='ocrx_word' id='word_1_572' title='bbox 491 3963 742 4034; x_wconf 73' lang='grc' dir='ltr'><strong>ἐγερθεὶς</strong></span> <span class='ocrx_word' id='word_1_573' title='bbox 777 3963 929 4031; x_wconf 75' lang='grc' dir='ltr'>δηλοῖ</span> <span class='ocrx_word' id='word_1_574' title='bbox 961 3964 1040 4032; x_wconf 79' lang='grc' dir='ltr'>τῷ</span> <span class='ocrx_word' id='word_1_575' title='bbox 1087 3963 1380 4032; x_wconf 67' lang='grc' dir='ltr'>πανδοχεῖ*</span> <span class='ocrx_word' id='word_1_576' title='bbox 1429 3966 1522 4015; x_wconf 72' lang='grc' dir='ltr'>καὶ</span> <span class='ocrx_word' id='word_1_577' title='bbox 1553 3965 1729 4014; x_wconf 82' lang='grc' dir='ltr'>εἰσελ-</span> <span class='ocrx_word' id='word_1_578' title='bbox 1758 3972 1801 4028; x_wconf 81' lang='lat' dir='ltr'><strong>C</strong></span> 
     </span>
    </p>
   </div>
   <div class='ocr_carea' id='block_1_60' title="bbox 139 4053 1726 4124">
    <p class='ocr_par' dir='ltr' id='par_1_60' title="bbox 139 4053 1726 4124">
     <span class='ocr_line' id='line_1_60' title="bbox 139 4053 1726 4124; baseline -0.003 -15"><span class='ocrx_word' id='word_1_579' title='bbox 139 4059 326 4118; x_wconf 72' lang='grc' dir='ltr'><strong>ῦὸντος</strong></span> <span class='ocrx_word' id='word_1_580' title='bbox 377 4054 548 4107; x_wconf 70' lang='grc' dir='ltr'>αὑτοῦ</span> <span class='ocrx_word' id='word_1_581' title='bbox 590 4053 774 4121; x_wconf 76' lang='grc' dir='ltr'><strong>λέγει·</strong></span> <span class='ocrx_word' id='word_1_582' title='bbox 819 4054 953 4108; x_wconf 76' lang='grc' dir='ltr'>Ἰδοὺ</span> <span class='ocrx_word' id='word_1_583' title='bbox 981 4054 1010 4106; x_wconf 93' lang='lat'><strong>6</strong></span> <span class='ocrx_word' id='word_1_584' title='bbox 1048 4054 1295 4124; x_wconf 84' lang='grc' dir='ltr'>Μαρῐνος</span> <span class='ocrx_word' id='word_1_585' title='bbox 1327 4053 1622 4124; x_wconf 68' lang='grc' dir='ltr'><strong>ἐκοιμήθη.</strong></span> <span class='ocrx_word' id='word_1_586' title='bbox 1667 4053 1726 4105; x_wconf 86' lang='grc'><strong>’0</strong></span> 
     </span>
    </p>
   </div>
   <div class='ocr_carea' id='block_1_61' title="bbox 137 4147 1729 4217">
    <p class='ocr_par' dir='ltr' id='par_1_61' title="bbox 137 4147 1729 4217">
     <span class='ocr_line' id='line_1_61' title="bbox 137 4147 1729 4217; baseline -0.003 -15"><span class='ocrx_word' id='word_1_587' title='bbox 137 4155 188 4204; x_wconf 74' lang='grc' dir='ltr'><strong>δὲ</strong></span> <span class='ocrx_word' id='word_1_588' title='bbox 219 4153 375 4217; x_wconf 73' lang='grc' dir='ltr'><strong>λέγει</strong></span> <span class='ocrx_word' id='word_1_589' title='bbox 398 4166 411 4178; x_wconf 92' lang='grc'><strong>·</strong></span> <span class='ocrx_word' id='word_1_590' title='bbox 455 4149 510 4202; x_wconf 85' lang='grc' dir='ltr'><strong>Ὀ</strong></span> <span class='ocrx_word' id='word_1_591' title='bbox 542 4149 670 4209; x_wconf 66' lang='grc' dir='ltr'><strong>Θεὸς</strong></span> <span class='ocrx_word' id='word_1_592' title='bbox 708 4151 1058 4216; x_wconf 68' lang='grc' dir='ltr'><strong>συγχωρήσει</strong></span> <span class='ocrx_word' id='word_1_593' title='bbox 1093 4147 1259 4216; x_wconf 72' lang='grc' dir='ltr'>αὐτῷ,</span> <span class='ocrx_word' id='word_1_594' title='bbox 1287 4148 1369 4200; x_wconf 83' lang='grc' dir='ltr'><strong>ὅτι</strong></span> <span class='ocrx_word' id='word_1_595' title='bbox 1401 4147 1610 4216; x_wconf 71' lang='grc' dir='ltr'><strong>ἔρημον</strong></span> <span class='ocrx_word' id='word_1_596' title='bbox 1638 4147 1729 4198; x_wconf 77' lang='grc' dir='ltr'><strong>τὸν</strong></span> 
     </span>
    </p>
   </div>
   <div class='ocr_carea' id='block_1_62' title="bbox 136 4238 1728 4312">
    <p class='ocr_par' dir='ltr' id='par_1_62' title="bbox 136 4238 1728 4312">
     <span class='ocr_line' id='line_1_62' title="bbox 136 4238 1728 4312; baseline -0.006 -16"><span class='ocrx_word' id='word_1_597' title='bbox 136 4240 280 4297; x_wconf 78' lang='grc' dir='ltr'>οἶκόν</span> <span class='ocrx_word' id='word_1_598' title='bbox 312 4260 420 4312; x_wconf 87' lang='grc' dir='ltr'>μου</span> <span class='ocrx_word' id='word_1_599' title='bbox 443 4242 722 4311; x_wconf 76' lang='grc' dir='ltr'><strong>ἐποίησεν.</strong></span> <span class='ocrx_word' id='word_1_600' title='bbox 751 4241 912 4306; x_wconf 81' lang='grc' dir='ltr'><strong>Λέγει</strong></span> <span class='ocrx_word' id='word_1_601' title='bbox 932 4239 1083 4308; x_wconf 72' lang='grc' dir='ltr'>αὐτῷ</span> <span class='ocrx_word' id='word_1_602' title='bbox 1113 4239 1142 4289; x_wconf 93' lang='lat'><strong>6</strong></span> <span class='ocrx_word' id='word_1_603' title='bbox 1173 4238 1478 4306; x_wconf 75' lang='grc' dir='ltr'>ἡγούμενος</span> <span class='ocrx_word' id='word_1_604' title='bbox 1499 4252 1512 4266; x_wconf 76' lang='grc' dir='ltr'><strong>ο</strong></span> <span class='ocrx_word' id='word_1_605' title='bbox 1541 4239 1728 4289; x_wconf 82' lang='grc' dir='ltr'>Μετα-</span> 
     </span>
    </p>
   </div>
   <div class='ocr_carea' id='block_1_63' title="bbox 138 4328 1727 4408">
    <p class='ocr_par' dir='ltr' id='par_1_63' title="bbox 138 4328 1727 4408">
     <span class='ocr_line' id='line_1_63' title="bbox 138 4328 1727 4408; baseline -0.006 -19"><span class='ocrx_word' id='word_1_606' title='bbox 138 4341 350 4408; x_wconf 74' lang='grc' dir='ltr'>νόησον,</span> <span class='ocrx_word' id='word_1_607' title='bbox 431 4334 650 4400; x_wconf 70' lang='grc' dir='ltr'><strong>ἁδελφὲ,</strong></span> <span class='ocrx_word' id='word_1_608' title='bbox 712 4335 792 4386; x_wconf 84' lang='grc' dir='ltr'><strong>ὅτι</strong></span> <span class='ocrx_word' id='word_1_609' title='bbox 846 4335 1098 4403; x_wconf 73' lang='grc' dir='ltr'>ἥμαρτες</span> <span class='ocrx_word' id='word_1_610' title='bbox 1152 4330 1384 4384; x_wconf 80' lang='grc' dir='ltr'><strong>ἐνώπιον</strong></span> <span class='ocrx_word' id='word_1_611' title='bbox 1443 4329 1541 4382; x_wconf 79' lang='grc' dir='ltr'>τοῦ</span> <span class='ocrx_word' id='word_1_612' title='bbox 1591 4328 1727 4381; x_wconf 78' lang='grc' dir='ltr'><strong>Θεοῦ</strong></span> 
     </span>
    </p>
   </div>
   <div class='ocr_carea' id='block_1_64' title="bbox 138 4423 1730 4499">
    <p class='ocr_par' dir='ltr' id='par_1_64' title="bbox 138 4423 1730 4499">
     <span class='ocr_line' id='line_1_64' title="bbox 138 4423 1730 4499; baseline -0.004 -17"><span class='ocrx_word' id='word_1_613' title='bbox 138 4432 278 4499; x_wconf 55' lang='grc' dir='ltr'><strong>κάμὲ</strong></span> <span class='ocrx_word' id='word_1_614' title='bbox 313 4432 382 4480; x_wconf 70' lang='grc' dir='ltr'><strong>σὺ</strong></span> <span class='ocrx_word' id='word_1_615' title='bbox 433 4427 641 4493; x_wconf 73' lang='grc' dir='ltr'><strong>ἐπῆρες</strong></span> <span class='ocrx_word' id='word_1_616' title='bbox 691 4428 805 4485; x_wconf 75' lang='grc' dir='ltr'>τοῖς</span> <span class='ocrx_word' id='word_1_617' title='bbox 865 4427 1045 4491; x_wconf 71' lang='grc' dir='ltr'>λόγοις</span> <span class='ocrx_word' id='word_1_618' title='bbox 1098 4440 1228 4476; x_wconf 83' lang='grc' dir='ltr'>σου’</span> <span class='ocrx_word' id='word_1_619' title='bbox 1270 4425 1298 4475; x_wconf 90' lang='lat'><strong>6</strong></span> <span class='ocrx_word' id='word_1_620' title='bbox 1350 4423 1460 4494; x_wconf 79' lang='grc' dir='ltr'>γὰρ</span> <span class='ocrx_word' id='word_1_621' title='bbox 1489 4425 1730 4493; x_wconf 80' lang='grc' dir='ltr'>Μαρῖνος</span> 
     </span>
    </p>
   </div>
   <div class='ocr_carea' id='block_1_65' title="bbox 138 4517 1730 4590">
    <p class='ocr_par' dir='ltr' id='par_1_65' title="bbox 138 4517 1730 4590">
     <span class='ocr_line' id='line_1_65' title="bbox 138 4517 1730 4590; baseline -0.004 -17"><span class='ocrx_word' id='word_1_622' title='bbox 138 4526 270 4590; x_wconf 73' lang='grc' dir='ltr'>γυνή</span> <span class='ocrx_word' id='word_1_623' title='bbox 310 4523 490 4572; x_wconf 77' lang='grc' dir='ltr'>ἐστιν.</span> <span class='ocrx_word' id='word_1_624' title='bbox 523 4518 634 4570; x_wconf 76' lang='grc' dir='ltr'><strong>Καὶ</strong></span> <span class='ocrx_word' id='word_1_625' title='bbox 658 4517 916 4585; x_wconf 69' lang='grc' dir='ltr'><strong>ἐπιγνοὺς</strong></span> <span class='ocrx_word' id='word_1_626' title='bbox 941 4517 1102 4570; x_wconf 73' lang='grc' dir='ltr'>τοῦτο</span> <span class='ocrx_word' id='word_1_627' title='bbox 1130 4520 1156 4569; x_wconf 89' lang='lat'><strong>6</strong></span> <span class='ocrx_word' id='word_1_628' title='bbox 1193 4518 1393 4581; x_wconf 76' lang='grc' dir='ltr'><strong>πάνδοξ</strong></span> <span class='ocrx_word' id='word_1_629' title='bbox 1421 4517 1613 4583; x_wconf 79' lang='grc' dir='ltr'><strong>ἐξέστη</strong></span> <span class='ocrx_word' id='word_1_630' title='bbox 1639 4518 1730 4567; x_wconf 82' lang='grc' dir='ltr'>καὶ</span> 
     </span>
    </p>
   </div>
   <div class='ocr_carea' id='block_1_66' title="bbox 139 4607 1730 4680">
    <p class='ocr_par' dir='ltr' id='par_1_66' title="bbox 139 4607 1730 4680">
     <span class='ocr_line' id='line_1_66' title="bbox 139 4607 1730 4680; baseline -0.004 -14"><span class='ocrx_word' id='word_1_631' title='bbox 139 4617 359 4680; x_wconf 74' lang='grc' dir='ltr'>ἑὸὁξασε</span> <span class='ocrx_word' id='word_1_632' title='bbox 397 4614 493 4666; x_wconf 72' lang='grc' dir='ltr'>τὸν</span> <span class='ocrx_word' id='word_1_633' title='bbox 528 4612 684 4666; x_wconf 84' lang='grc' dir='ltr'>Θεόν.</span> <span class='ocrx_word' id='word_1_634' title='bbox 720 4613 828 4666; x_wconf 78' lang='grc' dir='ltr'><strong>Καὶ</strong></span> <span class='ocrx_word' id='word_1_635' title='bbox 887 4612 1018 4675; x_wconf 74' lang='grc' dir='ltr'>ἰδοὺ,</span> <span class='ocrx_word' id='word_1_636' title='bbox 1059 4613 1116 4664; x_wconf 78' lang='grc' dir='ltr'>ἐν</span> <span class='ocrx_word' id='word_1_637' title='bbox 1139 4610 1298 4680; x_wconf 64' lang='grc' dir='ltr'>ὀλίγῃ</span> <span class='ocrx_word' id='word_1_638' title='bbox 1329 4611 1448 4678; x_wconf 79' lang='grc' dir='ltr'>ὥρα</span> <span class='ocrx_word' id='word_1_639' title='bbox 1494 4607 1730 4678; x_wconf 84' lang='grc' dir='ltr'>παραγί-</span> 
     </span>
    </p>
   </div>
   <div class='ocr_carea' id='block_1_67' title="bbox 138 4703 1730 4778">
    <p class='ocr_par' dir='ltr' id='par_1_67' title="bbox 138 4703 1730 4778">
     <span class='ocr_line' id='line_1_67' title="bbox 138 4703 1730 4778; baseline -0.003 -20"><span class='ocrx_word' id='word_1_640' title='bbox 138 4727 284 4760; x_wconf 80' lang='grc' dir='ltr'>νεται</span> <span class='ocrx_word' id='word_1_641' title='bbox 324 4711 356 4773; x_wconf 75' lang='grc' dir='ltr'>ἡ</span> <span class='ocrx_word' id='word_1_642' title='bbox 395 4707 650 4778; x_wconf 71' lang='grc' dir='ltr'>θυγάτηρ</span> <span class='ocrx_word' id='word_1_643' title='bbox 680 4706 845 4756; x_wconf 69' lang='grc' dir='ltr'>αὑτοῦ</span> <span class='ocrx_word' id='word_1_644' title='bbox 879 4705 1215 4773; x_wconf 72' lang='grc' dir='ltr'><strong>ἐλεγχομένη</strong></span> <span class='ocrx_word' id='word_1_645' title='bbox 1245 4706 1339 4756; x_wconf 81' lang='grc' dir='ltr'><strong>καί</strong></span> <span class='ocrx_word' id='word_1_646' title='bbox 1363 4704 1598 4771; x_wconf 71' lang='grc' dir='ltr'>λέγουσα</span> <span class='ocrx_word' id='word_1_647' title='bbox 1632 4703 1730 4774; x_wconf 75' lang='grc' dir='ltr'>τὴν</span> 
     </span>
    </p>
   </div>
   <div class='ocr_carea' id='block_1_68' title="bbox 138 4796 1732 4871">
    <p class='ocr_par' dir='ltr' id='par_1_68' title="bbox 138 4796 1732 4871">
     <span class='ocr_line' id='line_1_68' title="bbox 138 4796 1732 4871; baseline -0.004 -19"><span class='ocrx_word' id='word_1_648' title='bbox 138 4804 423 4871; x_wconf 57' lang='lat' dir='ltr'><strong>difﬂatu,</strong></span> <span class='ocrx_word' id='word_1_649' title='bbox 461 4802 545 4852; x_wconf 86' lang='grc' dir='ltr'><strong>ὃτι</strong></span> <span class='ocrx_word' id='word_1_650' title='bbox 581 4799 641 4851; x_wconf 89' lang='grc'><strong>’0</strong></span> <span class='ocrx_word' id='word_1_651' title='bbox 675 4796 1013 4866; x_wconf 74' lang='grc' dir='ltr'>στρατιώτης</span> <span class='ocrx_word' id='word_1_652' title='bbox 1040 4797 1278 4863; x_wconf 72' lang='grc' dir='ltr'><strong>ἐπάτησὲ</strong></span> <span class='ocrx_word' id='word_1_653' title='bbox 1336 4815 1422 4864; x_wconf 82' lang='grc' dir='ltr'>με,</span> <span class='ocrx_word' id='word_1_654' title='bbox 1453 4799 1546 4848; x_wconf 82' lang='grc' dir='ltr'><strong>καί</strong></span> <span class='ocrx_word' id='word_1_655' title='bbox 1575 4797 1732 4864; x_wconf 78' lang='grc' dir='ltr'>ἐμία-</span> 
     </span>
    </p>
   </div>
   <div class='ocr_carea' id='block_1_69' title="bbox 138 4881 1730 4958">
    <p class='ocr_par' dir='ltr' id='par_1_69' title="bbox 138 4881 1730 4958">
     <span class='ocr_line' id='line_1_69' title="bbox 138 4881 1730 4958; baseline -0.003 -14"><span class='ocrx_word' id='word_1_656' title='bbox 138 4911 212 4956; x_wconf 75' lang='lat' dir='ltr'><strong>vs,</strong></span> <span class='ocrx_word' id='word_1_657' title='bbox 250 4895 351 4945; x_wconf 70' lang='grc' dir='ltr'>καὶ</span> <span class='ocrx_word' id='word_1_658' title='bbox 421 4893 768 4958; x_wconf 74' lang='grc' dir='ltr'>παραχρῆμα</span> <span class='ocrx_word' id='word_1_659' title='bbox 813 4890 956 4958; x_wconf 73' lang='grc' dir='ltr'><strong>ἰάθη.</strong></span> <span class='ocrx_word' id='word_1_660' title='bbox 996 4889 1103 4941; x_wconf 74' lang='grc' dir='ltr'>Καὶ</span> <span class='ocrx_word' id='word_1_661' title='bbox 1148 4881 1400 4948; x_wconf 66' lang='grc' dir='ltr'>λαϐόντες</span> <span class='ocrx_word' id='word_1_662' title='bbox 1429 4889 1475 4938; x_wconf 79' lang='grc' dir='ltr'>οἱ</span> <span class='ocrx_word' id='word_1_663' title='bbox 1509 4889 1730 4954; x_wconf 65' lang='grc' dir='ltr'>ἀδελφοὶ</span> 
     </span>
    </p>
   </div>
   <div class='ocr_carea' id='block_1_70' title="bbox 137 4981 1730 5054">
    <p class='ocr_par' dir='ltr' id='par_1_70' title="bbox 137 4981 1730 5054">
     <span class='ocr_line' id='line_1_70' title="bbox 137 4981 1730 5054; baseline -0.006 -15"><span class='ocrx_word' id='word_1_664' title='bbox 137 4982 590 5054; x_wconf 58' lang='grc' dir='ltr'><strong>τὸλεξψανοντῆς</strong></span> <span class='ocrx_word' id='word_1_665' title='bbox 623 4983 774 5045; x_wconf 76' lang='grc' dir='ltr'>ὁσίας</span> <span class='ocrx_word' id='word_1_666' title='bbox 801 4985 1038 5048; x_wconf 70' lang='grc' dir='ltr'>Μαρίας,</span> <span class='ocrx_word' id='word_1_667' title='bbox 1071 4983 1402 5052; x_wconf 69' lang='grc' dir='ltr'>μυρίταντες</span> <span class='ocrx_word' id='word_1_668' title='bbox 1437 4981 1730 5033; x_wconf 77' lang='grc' dir='ltr'>κατέθεντο</span> 
     </span>
    </p>
   </div>
   <div class='ocr_carea' id='block_1_71' title="bbox 138 5073 1731 5149">
    <p class='ocr_par' dir='ltr' id='par_1_71' title="bbox 138 5073 1731 5149">
     <span class='ocr_line' id='line_1_71' title="bbox 138 5073 1731 5149; baseline -0.004 -17"><span class='ocrx_word' id='word_1_669' title='bbox 138 5083 189 5131; x_wconf 73' lang='grc' dir='ltr'>ἐν</span> <span class='ocrx_word' id='word_1_670' title='bbox 224 5083 384 5149; x_wconf 76' lang='grc' dir='ltr'><strong>τόπῳ</strong></span> <span class='ocrx_word' id='word_1_671' title='bbox 414 5077 603 5146; x_wconf 81' lang='grc' dir='ltr'>σεμνῴ</span> <span class='ocrx_word' id='word_1_672' title='bbox 640 5076 779 5142; x_wconf 73' lang='grc' dir='ltr'>μετὰ</span> <span class='ocrx_word' id='word_1_673' title='bbox 832 5077 1014 5142; x_wconf 62' lang='grc' dir='ltr'>πάσης</span> <span class='ocrx_word' id='word_1_674' title='bbox 1067 5077 1407 5144; x_wconf 60' lang='lat' dir='ltr'><strong>acopo-9995a;</strong></span> <span class='ocrx_word' id='word_1_675' title='bbox 1432 5115 1446 5139; x_wconf 87' lang='lat'><strong>,</strong></span> <span class='ocrx_word' id='word_1_676' title='bbox 1495 5073 1731 5142; x_wconf 80' lang='grc' dir='ltr'>Χριστὸν</span> 
     </span>
    </p>
   </div>
   <div class='ocr_carea' id='block_1_72' title="bbox 137 5169 1730 5242">
    <p class='ocr_par' dir='ltr' id='par_1_72' title="bbox 137 5169 1730 5242">
     <span class='ocr_line' id='line_1_72' title="bbox 137 5169 1730 5242; baseline -0.003 -18"><span class='ocrx_word' id='word_1_677' title='bbox 137 5174 514 5242; x_wconf 61' lang='grc' dir='ltr'><strong>ἁθυμνοῦντες</strong></span> <span class='ocrx_word' id='word_1_678' title='bbox 543 5174 633 5222; x_wconf 71' lang='grc' dir='ltr'>τὸν</span> <span class='ocrx_word' id='word_1_679' title='bbox 668 5170 897 5238; x_wconf 70' lang='grc' dir='ltr'>Σωτῆρα</span> <span class='ocrx_word' id='word_1_680' title='bbox 931 5171 1037 5224; x_wconf 69' lang='grc' dir='ltr'>τῶν</span> <span class='ocrx_word' id='word_1_681' title='bbox 1072 5171 1351 5233; x_wconf 72' lang='grc' dir='ltr'>ἁπάντων,</span> <span class='ocrx_word' id='word_1_682' title='bbox 1381 5171 1470 5222; x_wconf 76' lang='grc' dir='ltr'>τὸν</span> <span class='ocrx_word' id='word_1_683' title='bbox 1515 5170 1602 5221; x_wconf 70' lang='grc' dir='ltr'>ἀεὶ</span> <span class='ocrx_word' id='word_1_684' title='bbox 1641 5169 1730 5220; x_wconf 77' lang='grc' dir='ltr'><strong>δο-</strong></span> 
     </span>
    </p>
   </div>
   <div class='ocr_carea' id='block_1_73' title="bbox 140 5263 1728 5331">
    <p class='ocr_par' dir='ltr' id='par_1_73' title="bbox 140 5263 1728 5331">
     <span class='ocr_line' id='line_1_73' title="bbox 140 5263 1728 5331; baseline -0.004 -12"><span class='ocrx_word' id='word_1_685' title='bbox 140 5265 552 5330; x_wconf 70' lang='grc' dir='ltr'><strong>ξάζοντα’τους</strong></span> <span class='ocrx_word' id='word_1_686' title='bbox 611 5265 937 5328; x_wconf 74' lang='grc' dir='ltr'><strong>δοξάζοντας</strong></span> <span class='ocrx_word' id='word_1_687' title='bbox 988 5265 1170 5316; x_wconf 66' lang='grc' dir='ltr'>αὑτὸν.</span> <span class='ocrx_word' id='word_1_688' title='bbox 1211 5263 1366 5331; x_wconf 66' lang='grc' dir='ltr'>Αὐτῷ</span> <span class='ocrx_word' id='word_1_689' title='bbox 1419 5267 1450 5331; x_wconf 73' lang='grc' dir='ltr'>ἡ</span> <span class='ocrx_word' id='word_1_690' title='bbox 1496 5265 1622 5326; x_wconf 72' lang='grc' dir='ltr'>δόξα</span> <span class='ocrx_word' id='word_1_691' title='bbox 1650 5266 1728 5324; x_wconf 80' lang='grc' dir='ltr'><strong>εἰς</strong></span> 
     </span>
    </p>
   </div>
   <div class='ocr_carea' id='block_1_74' title="bbox 138 5357 1150 5426">
    <p class='ocr_par' dir='ltr' id='par_1_74' title="bbox 138 5357 1150 5426">
     <span class='ocr_line' id='line_1_74' title="bbox 138 5357 1150 5426; baseline -0.002 -16"><span class='ocrx_word' id='word_1_692' title='bbox 138 5364 255 5420; x_wconf 59' lang='grc' dir='ltr'>τοὺς</span> <span class='ocrx_word' id='word_1_693' title='bbox 284 5361 497 5419; x_wconf 62' lang='lat' dir='ltr'><strong>animi;</strong></span> <span class='ocrx_word' id='word_1_694' title='bbox 535 5358 649 5407; x_wconf 86' lang='grc' dir='ltr'>τῶν</span> <span class='ocrx_word' id='word_1_695' title='bbox 686 5357 917 5408; x_wconf 67' lang='grc' dir='ltr'>αἰώνων.</span> <span class='ocrx_word' id='word_1_696' title='bbox 952 5358 1150 5426; x_wconf 63' lang='grc' dir='ltr'><strong>Ἀμήν.</strong></span> 
     </span>
    </p>
   </div>
   <div class='ocr_carea' id='block_1_75' title="bbox 1911 3966 3412 4038">
    <p class='ocr_par' dir='ltr' id='par_1_75' title="bbox 1911 3966 3412 4038">
     <span class='ocr_line' id='line_1_75' title="bbox 1911 3966 3412 4038; baseline 0.003 -20"><span class='ocrx_word' id='word_1_697' title='bbox 1911 3966 2051 4019; x_wconf 76' lang='lat' dir='ltr'><strong>VIII.</strong></span> <span class='ocrx_word' id='word_1_698' title='bbox 2097 3967 2252 4020; x_wconf 82' lang='lat' dir='ltr'><strong>Tunc</strong></span> <span class='ocrx_word' id='word_1_699' title='bbox 2282 3982 2515 4036; x_wconf 86' lang='lat' dir='ltr'><strong>surgens</strong></span> <span class='ocrx_word' id='word_1_700' title='bbox 2551 3967 2843 4036; x_wconf 68' lang='lat' dir='ltr'><strong>praefectus</strong></span> <span class='ocrx_word' id='word_1_701' title='bbox 2871 3981 2897 4019; x_wconf 89' lang='lat' dir='ltr'><strong>a</strong></span> <span class='ocrx_word' id='word_1_702' title='bbox 2930 3967 3258 4022; x_wconf 79' lang='lat' dir='ltr'><strong>venerandis</strong></span> <span class='ocrx_word' id='word_1_703' title='bbox 3291 3969 3412 4038; x_wconf 73' lang='lat' dir='ltr'><strong>eius</strong></span> 
     </span>
    </p>
   </div>
   <div class='ocr_carea' id='block_1_76' title="bbox 1836 4061 3408 4132">
    <p class='ocr_par' dir='ltr' id='par_1_76' title="bbox 1836 4061 3408 4132">
     <span class='ocr_line' id='line_1_76' title="bbox 1836 4061 3408 4132; baseline 0.003 -18"><span class='ocrx_word' id='word_1_704' title='bbox 1836 4061 2104 4131; x_wconf 81' lang='lat' dir='ltr'><strong>reliquiis,</strong></span> <span class='ocrx_word' id='word_1_705' title='bbox 2131 4063 2313 4115; x_wconf 90' lang='lat' dir='ltr'><strong>statim</strong></span> <span class='ocrx_word' id='word_1_706' title='bbox 2344 4064 2493 4116; x_wconf 88' lang='lat' dir='ltr'><strong>misit</strong></span> <span class='ocrx_word' id='word_1_707' title='bbox 2519 4063 2585 4116; x_wconf 88' lang='lat' dir='ltr'><strong>ad</strong></span> <span class='ocrx_word' id='word_1_708' title='bbox 2612 4063 2930 4132; x_wconf 64' lang='lat' dir='ltr'><strong>praefectum</strong></span> <span class='ocrx_word' id='word_1_709' title='bbox 2965 4065 3276 4128; x_wconf 85' lang='lat' dir='ltr'><strong>diversorii,</strong></span> <span class='ocrx_word' id='word_1_710' title='bbox 3323 4068 3408 4118; x_wconf 88' lang='lat' dir='ltr'><strong>di-</strong></span> 
     </span>
    </p>
   </div>
   <div class='ocr_carea' id='block_1_77' title="bbox 1831 4153 3407 4218">
    <p class='ocr_par' dir='ltr' id='par_1_77' title="bbox 1831 4153 3407 4218">
     <span class='ocr_line' id='line_1_77' title="bbox 1831 4153 3407 4218; baseline 0.003 -11"><span class='ocrx_word' id='word_1_711' title='bbox 1831 4170 1963 4207; x_wconf 87' lang='lat' dir='ltr'><strong>cens</strong></span> <span class='ocrx_word' id='word_1_712' title='bbox 1997 4171 2010 4207; x_wconf 88' lang='lat'>:</span> <span class='ocrx_word' id='word_1_713' title='bbox 2045 4153 2180 4208; x_wconf 71' lang='lat' dir='ltr'><strong>Veni</strong></span> <span class='ocrx_word' id='word_1_714' title='bbox 2213 4155 2325 4208; x_wconf 91' lang='lat' dir='ltr'><strong>cito</strong></span> <span class='ocrx_word' id='word_1_715' title='bbox 2367 4153 2432 4207; x_wconf 82' lang='lat' dir='ltr'><strong>ad</strong></span> <span class='ocrx_word' id='word_1_716' title='bbox 2483 4170 2604 4218; x_wconf 90' lang='lat' dir='ltr'><strong>nos,</strong></span> <span class='ocrx_word' id='word_1_717' title='bbox 2649 4171 2772 4207; x_wconf 90' lang='lat' dir='ltr'><strong>nam</strong></span> <span class='ocrx_word' id='word_1_718' title='bbox 2825 4165 2876 4207; x_wconf 89' lang='lat' dir='ltr'><strong>te</strong></span> <span class='ocrx_word' id='word_1_719' title='bbox 2925 4157 3051 4208; x_wconf 87' lang='lat' dir='ltr'><strong>volo</strong></span> <span class='ocrx_word' id='word_1_720' title='bbox 3091 4157 3407 4212; x_wconf 86' lang='lat' dir='ltr'><strong>convenire.</strong></span> 
     </span>
    </p>
   </div>
   <div class='ocr_carea' id='block_1_78' title="bbox 1830 4246 3408 4315">
    <p class='ocr_par' dir='ltr' id='par_1_78' title="bbox 1830 4246 3408 4315">
     <span class='ocr_line' id='line_1_78' title="bbox 1830 4246 3408 4315; baseline 0.001 -14"><span class='ocrx_word' id='word_1_721' title='bbox 1830 4247 1965 4301; x_wconf 89' lang='lat' dir='ltr'><strong>Cum</strong></span> <span class='ocrx_word' id='word_1_722' title='bbox 2001 4257 2185 4299; x_wconf 88' lang='lat' dir='ltr'><strong>autem</strong></span> <span class='ocrx_word' id='word_1_723' title='bbox 2231 4249 2476 4299; x_wconf 90' lang='lat' dir='ltr'><strong>venisset</strong></span> <span class='ocrx_word' id='word_1_724' title='bbox 2506 4247 2798 4315; x_wconf 68' lang='lat' dir='ltr'><strong>praifcctus</strong></span> <span class='ocrx_word' id='word_1_725' title='bbox 2829 4246 3144 4308; x_wconf 88' lang='lat' dir='ltr'><strong>diversorii,</strong></span> <span class='ocrx_word' id='word_1_726' title='bbox 3181 4247 3318 4305; x_wconf 90' lang='lat' dir='ltr'><strong>dicit</strong></span> <span class='ocrx_word' id='word_1_727' title='bbox 3357 4251 3408 4304; x_wconf 87' lang='lat' dir='ltr'><strong>ci</strong></span> 
     </span>
    </p>
   </div>
   <div class='ocr_carea' id='block_1_79' title="bbox 1833 4341 3412 4410">
    <p class='ocr_par' dir='ltr' id='par_1_79' title="bbox 1833 4341 3412 4410">
     <span class='ocr_line' id='line_1_79' title="bbox 1833 4341 3412 4410; baseline 0.004 -18"><span class='ocrx_word' id='word_1_728' title='bbox 1833 4341 2125 4410; x_wconf 68' lang='lat' dir='ltr'><strong>praefectus</strong></span> <span class='ocrx_word' id='word_1_729' title='bbox 2179 4341 2495 4396; x_wconf 84' lang='lat' dir='ltr'><strong>monasterii</strong></span> <span class='ocrx_word' id='word_1_730' title='bbox 2545 4357 2559 4396; x_wconf 92' lang='lat'>:</span> <span class='ocrx_word' id='word_1_731' title='bbox 2626 4341 2766 4396; x_wconf 82' lang='lat' dir='ltr'><strong>Ecce</strong></span> <span class='ocrx_word' id='word_1_732' title='bbox 2813 4342 2984 4397; x_wconf 89' lang='lat' dir='ltr'><strong>frater</strong></span> <span class='ocrx_word' id='word_1_733' title='bbox 3035 4342 3276 4398; x_wconf 78' lang='lat' dir='ltr'><strong>Marinus</strong></span> <span class='ocrx_word' id='word_1_734' title='bbox 3328 4352 3412 4398; x_wconf 89' lang='lat' dir='ltr'><strong>est</strong></span> 
     </span>
    </p>
   </div>
   <div class='ocr_carea' id='block_1_80' title="bbox 1833 4433 3414 4504">
    <p class='ocr_par' dir='ltr' id='par_1_80' title="bbox 1833 4433 3414 4504">
     <span class='ocr_line' id='line_1_80' title="bbox 1833 4433 3414 4504; baseline 0.002 -16"><span class='ocrx_word' id='word_1_735' title='bbox 1833 4445 2106 4490; x_wconf 88' lang='lat' dir='ltr'><strong>mortuus.</strong></span> <span class='ocrx_word' id='word_1_736' title='bbox 2139 4433 2186 4488; x_wconf 77' lang='lat' dir='ltr'><strong>Is</strong></span> <span class='ocrx_word' id='word_1_737' title='bbox 2221 4451 2352 4488; x_wconf 90' lang='lat' dir='ltr'><strong>vero</strong></span> <span class='ocrx_word' id='word_1_738' title='bbox 2385 4435 2527 4488; x_wconf 80' lang='lat' dir='ltr'><strong>dicit</strong></span> <span class='ocrx_word' id='word_1_739' title='bbox 2556 4435 2817 4504; x_wconf 58' lang='lat' dir='ltr'><strong>praefecto</strong></span> <span class='ocrx_word' id='word_1_740' title='bbox 2851 4437 3168 4488; x_wconf 89' lang='lat' dir='ltr'><strong>monasterii</strong></span> <span class='ocrx_word' id='word_1_741' title='bbox 3210 4451 3223 4489; x_wconf 75' lang='grc' dir='ltr'><strong>τ</strong></span> <span class='ocrx_word' id='word_1_742' title='bbox 3268 4438 3414 4491; x_wconf 82' lang='lat' dir='ltr'><strong>Deus</strong></span> 
     </span>
    </p>
   </div>
   <div class='ocr_carea' id='block_1_81' title="bbox 1830 4525 3412 4594">
    <p class='ocr_par' dir='ltr' id='par_1_81' title="bbox 1830 4525 3412 4594">
     <span class='ocr_line' id='line_1_81' title="bbox 1830 4525 3412 4594; baseline 0 -14"><span class='ocrx_word' id='word_1_743' title='bbox 1830 4528 1879 4580; x_wconf 90' lang='lat' dir='ltr'><strong>ei</strong></span> <span class='ocrx_word' id='word_1_744' title='bbox 1928 4526 2203 4578; x_wconf 90' lang='lat' dir='ltr'><strong>condonet</strong></span> <span class='ocrx_word' id='word_1_745' title='bbox 2239 4525 2291 4577; x_wconf 90' lang='lat' dir='ltr'><strong>id</strong></span> <span class='ocrx_word' id='word_1_746' title='bbox 2324 4525 2472 4594; x_wconf 89' lang='lat' dir='ltr'><strong>quod</strong></span> <span class='ocrx_word' id='word_1_747' title='bbox 2525 4525 2656 4578; x_wconf 89' lang='lat' dir='ltr'><strong>fecit</strong></span> <span class='ocrx_word' id='word_1_748' title='bbox 2702 4527 2754 4576; x_wconf 92' lang='lat' dir='ltr'><strong>in</strong></span> <span class='ocrx_word' id='word_1_749' title='bbox 2800 4526 3066 4594; x_wconf 87' lang='lat' dir='ltr'><strong>abjeetani</strong></span> <span class='ocrx_word' id='word_1_750' title='bbox 3121 4542 3298 4580; x_wconf 90' lang='lat' dir='ltr'><strong>meam</strong></span> <span class='ocrx_word' id='word_1_751' title='bbox 3352 4530 3412 4580; x_wconf 78' lang='lat' dir='ltr'><strong>fi-</strong></span> 
     </span>
    </p>
   </div>
   <div class='ocr_carea' id='block_1_82' title="bbox 1834 4615 3408 4684">
    <p class='ocr_par' dir='ltr' id='par_1_82' title="bbox 1834 4615 3408 4684">
     <span class='ocr_line' id='line_1_82' title="bbox 1834 4615 3408 4684; baseline 0.003 -16"><span class='ocrx_word' id='word_1_752' title='bbox 1834 4615 1982 4669; x_wconf 90' lang='lat' dir='ltr'><strong>liam.</strong></span> <span class='ocrx_word' id='word_1_753' title='bbox 2019 4616 2161 4669; x_wconf 90' lang='lat' dir='ltr'><strong>Dicit</strong></span> <span class='ocrx_word' id='word_1_754' title='bbox 2192 4616 2240 4668; x_wconf 88' lang='lat' dir='ltr'><strong>ei</strong></span> <span class='ocrx_word' id='word_1_755' title='bbox 2277 4615 2574 4684; x_wconf 60' lang='lat' dir='ltr'><strong>priefectus</strong></span> <span class='ocrx_word' id='word_1_756' title='bbox 2606 4616 2926 4669; x_wconf 86' lang='lat' dir='ltr'><strong>monasterii</strong></span> <span class='ocrx_word' id='word_1_757' title='bbox 2975 4631 2988 4668; x_wconf 93' lang='lat'><strong>:</strong></span> <span class='ocrx_word' id='word_1_758' title='bbox 3026 4617 3408 4673; x_wconf 68' lang='lat' dir='ltr'><strong>Pmnitentiani</strong></span> 
     </span>
    </p>
   </div>
   <div class='ocr_carea' id='block_1_83' title="bbox 1831 4709 3412 4780">
    <p class='ocr_par' dir='ltr' id='par_1_83' title="bbox 1831 4709 3412 4780">
     <span class='ocr_line' id='line_1_83' title="bbox 1831 4709 3412 4780; baseline 0.004 -18"><span class='ocrx_word' id='word_1_759' title='bbox 1831 4726 1950 4780; x_wconf 83' lang='lat' dir='ltr'><strong>age,</strong></span> <span class='ocrx_word' id='word_1_760' title='bbox 1993 4726 2026 4764; x_wconf 95' lang='lat' dir='ltr'><strong>o</strong></span> <span class='ocrx_word' id='word_1_761' title='bbox 2077 4709 2264 4763; x_wconf 89' lang='lat' dir='ltr'><strong>frater.</strong></span> <span class='ocrx_word' id='word_1_762' title='bbox 2325 4709 2460 4763; x_wconf 84' lang='lat' dir='ltr'><strong>Nam</strong></span> <span class='ocrx_word' id='word_1_763' title='bbox 2490 4713 2725 4779; x_wconf 91' lang='lat' dir='ltr'><strong>peccasti</strong></span> <span class='ocrx_word' id='word_1_764' title='bbox 2762 4726 2946 4763; x_wconf 90' lang='lat' dir='ltr'><strong>coram</strong></span> <span class='ocrx_word' id='word_1_765' title='bbox 2999 4711 3131 4766; x_wconf 87' lang='lat' dir='ltr'><strong>Deo.</strong></span> <span class='ocrx_word' id='word_1_766' title='bbox 3169 4712 3274 4767; x_wconf 87' lang='lat' dir='ltr'><strong>Sed</strong></span> <span class='ocrx_word' id='word_1_767' title='bbox 3327 4732 3412 4769; x_wconf 88' lang='lat' dir='ltr'><strong>me</strong></span> 
     </span>
    </p>
   </div>
   <div class='ocr_carea' id='block_1_84' title="bbox 1831 4797 3409 4871">
    <p class='ocr_par' dir='ltr' id='par_1_84' title="bbox 1831 4797 3409 4871">
     <span class='ocr_line' id='line_1_84' title="bbox 1831 4797 3409 4871; baseline 0.005 -21"><span class='ocrx_word' id='word_1_768' title='bbox 1831 4813 2051 4867; x_wconf 80' lang='lat' dir='ltr'><strong>quoque</strong></span> <span class='ocrx_word' id='word_1_769' title='bbox 2081 4800 2188 4850; x_wconf 91' lang='lat' dir='ltr'><strong>tuis</strong></span> <span class='ocrx_word' id='word_1_770' title='bbox 2215 4798 2396 4850; x_wconf 90' lang='lat' dir='ltr'><strong>verbis</strong></span> <span class='ocrx_word' id='word_1_771' title='bbox 2420 4797 2712 4865; x_wconf 89' lang='lat' dir='ltr'><strong>decepisti,</strong></span> <span class='ocrx_word' id='word_1_772' title='bbox 2736 4809 2789 4849; x_wconf 94' lang='lat' dir='ltr'><strong>et</strong></span> <span class='ocrx_word' id='word_1_773' title='bbox 2816 4802 3035 4867; x_wconf 89' lang='lat' dir='ltr'><strong>peccavi</strong></span> <span class='ocrx_word' id='word_1_774' title='bbox 3064 4819 3164 4866; x_wconf 79' lang='lat' dir='ltr'><strong>ego</strong></span> <span class='ocrx_word' id='word_1_775' title='bbox 3190 4820 3409 4871; x_wconf 82' lang='lat' dir='ltr'><strong>quoque</strong></span> 
     </span>
    </p>
   </div>
   <div class='ocr_carea' id='block_1_85' title="bbox 1833 4890 3408 4960">
    <p class='ocr_par' dir='ltr' id='par_1_85' title="bbox 1833 4890 3408 4960">
     <span class='ocr_line' id='line_1_85' title="bbox 1833 4890 3408 4960; baseline 0.006 -19"><span class='ocrx_word' id='word_1_776' title='bbox 1833 4900 2056 4960; x_wconf 86' lang='lat' dir='ltr'><strong>propter</strong></span> <span class='ocrx_word' id='word_1_777' title='bbox 2098 4900 2169 4943; x_wconf 91' lang='lat' dir='ltr'><strong>te.</strong></span> <span class='ocrx_word' id='word_1_778' title='bbox 2207 4891 2345 4944; x_wconf 88' lang='lat' dir='ltr'><strong>Ecce</strong></span> <span class='ocrx_word' id='word_1_779' title='bbox 2377 4892 2522 4942; x_wconf 90' lang='lat' dir='ltr'><strong>enim</strong></span> <span class='ocrx_word' id='word_1_780' title='bbox 2559 4890 2800 4943; x_wconf 84' lang='lat' dir='ltr'><strong>Marinus</strong></span> <span class='ocrx_word' id='word_1_781' title='bbox 2845 4908 3037 4946; x_wconf 88' lang='lat' dir='ltr'><strong>revera</strong></span> <span class='ocrx_word' id='word_1_782' title='bbox 3074 4907 3158 4947; x_wconf 88' lang='lat' dir='ltr'><strong>est</strong></span> <span class='ocrx_word' id='word_1_783' title='bbox 3190 4898 3408 4950; x_wconf 71' lang='lat' dir='ltr'><strong>mulier.</strong></span> 
     </span>
    </p>
   </div>
   <div class='ocr_carea' id='block_1_86' title="bbox 1831 4982 3411 5053">
    <p class='ocr_par' dir='ltr' id='par_1_86' title="bbox 1831 4982 3411 5053">
     <span class='ocr_line' id='line_1_86' title="bbox 1831 4982 3411 5053; baseline 0.003 -16"><span class='ocrx_word' id='word_1_784' title='bbox 1831 4983 1965 5037; x_wconf 90' lang='lat' dir='ltr'><strong>Cum</strong></span> <span class='ocrx_word' id='word_1_785' title='bbox 1991 4982 2106 5035; x_wconf 70' lang='lat' dir='ltr'><strong>hiec</strong></span> <span class='ocrx_word' id='word_1_786' title='bbox 2140 4992 2321 5035; x_wconf 90' lang='lat' dir='ltr'><strong>autem</strong></span> <span class='ocrx_word' id='word_1_787' title='bbox 2356 4984 2655 5037; x_wconf 87' lang='lat' dir='ltr'><strong>audivisset</strong></span> <span class='ocrx_word' id='word_1_788' title='bbox 2687 4987 2976 5053; x_wconf 75' lang='lat' dir='ltr'><strong>pra&#39;fcctus</strong></span> <span class='ocrx_word' id='word_1_789' title='bbox 3015 4987 3326 5050; x_wconf 84' lang='lat' dir='ltr'><strong>diversorii,</strong></span> <span class='ocrx_word' id='word_1_790' title='bbox 3355 5001 3411 5042; x_wconf 91' lang='lat' dir='ltr'><strong>et</strong></span> 
     </span>
    </p>
   </div>
   <div class='ocr_carea' id='block_1_87' title="bbox 1834 5075 3410 5146">
    <p class='ocr_par' dir='ltr' id='par_1_87' title="bbox 1834 5075 3410 5146">
     <span class='ocr_line' id='line_1_87' title="bbox 1834 5075 3410 5146; baseline 0.003 -18"><span class='ocrx_word' id='word_1_791' title='bbox 1834 5075 2077 5146; x_wconf 64' lang='lat' dir='ltr'><strong>pratfecti</strong></span> <span class='ocrx_word' id='word_1_792' title='bbox 2100 5075 2287 5127; x_wconf 91' lang='lat' dir='ltr'><strong>verbis</strong></span> <span class='ocrx_word' id='word_1_793' title='bbox 2320 5075 2512 5129; x_wconf 87' lang='lat' dir='ltr'><strong>fuisset</strong></span> <span class='ocrx_word' id='word_1_794' title='bbox 2534 5075 2972 5142; x_wconf 76' lang='lat' dir='ltr'><strong>obstupefactus,</strong></span> <span class='ocrx_word' id='word_1_795' title='bbox 3001 5081 3198 5130; x_wconf 78' lang='lat' dir='ltr'><strong>mansit</strong></span> <span class='ocrx_word' id='word_1_796' title='bbox 3223 5092 3410 5133; x_wconf 80' lang='lat' dir='ltr'><strong>mutus</strong></span> 
     </span>
    </p>
   </div>
   <div class='ocr_carea' id='block_1_88' title="bbox 1833 5168 3406 5243">
    <p class='ocr_par' dir='ltr' id='par_1_88' title="bbox 1833 5168 3406 5243">
     <span class='ocr_line' id='line_1_88' title="bbox 1833 5168 3406 5243; baseline 0.002 -19"><span class='ocrx_word' id='word_1_797' title='bbox 1833 5180 1888 5224; x_wconf 87' lang='lat' dir='ltr'><strong>et</strong></span> <span class='ocrx_word' id='word_1_798' title='bbox 1935 5168 2226 5222; x_wconf 83' lang='lat' dir='ltr'><strong>attonitus.</strong></span> <span class='ocrx_word' id='word_1_799' title='bbox 2267 5168 2402 5220; x_wconf 81' lang='lat' dir='ltr'><strong>Eum</strong></span> <span class='ocrx_word' id='word_1_800' title='bbox 2453 5183 2584 5220; x_wconf 72' lang='lat' dir='ltr'><strong>vero</strong></span> <span class='ocrx_word' id='word_1_801' title='bbox 2619 5183 2782 5221; x_wconf 90' lang='lat' dir='ltr'><strong>manu</strong></span> <span class='ocrx_word' id='word_1_802' title='bbox 2815 5172 3231 5238; x_wconf 80' lang='lat' dir='ltr'><strong>apprehendens</strong></span> <span class='ocrx_word' id='word_1_803' title='bbox 3268 5190 3406 5243; x_wconf 74' lang='lat' dir='ltr'><strong>pne-</strong></span> 
     </span>
    </p>
   </div>
   <div class='ocr_carea' id='block_1_89' title="bbox 1835 5262 3410 5336">
    <p class='ocr_par' dir='ltr' id='par_1_89' title="bbox 1835 5262 3410 5336">
     <span class='ocr_line' id='line_1_89' title="bbox 1835 5262 3410 5336; baseline 0.001 -20"><span class='ocrx_word' id='word_1_804' title='bbox 1835 5263 2010 5316; x_wconf 85' lang='lat' dir='ltr'><strong>fectiis</strong></span> <span class='ocrx_word' id='word_1_805' title='bbox 2040 5263 2380 5322; x_wconf 81' lang='lat' dir='ltr'><strong>inonaSterii,</strong></span> <span class='ocrx_word' id='word_1_806' title='bbox 2418 5262 2575 5314; x_wconf 83' lang='lat' dir='ltr'><strong>duxit</strong></span> <span class='ocrx_word' id='word_1_807' title='bbox 2607 5278 2735 5316; x_wconf 90' lang='lat' dir='ltr'><strong>eum</strong></span> <span class='ocrx_word' id='word_1_808' title='bbox 2767 5266 2818 5314; x_wconf 91' lang='lat' dir='ltr'><strong>in</strong></span> <span class='ocrx_word' id='word_1_809' title='bbox 2850 5265 3053 5327; x_wconf 89' lang='lat' dir='ltr'><strong>locum,</strong></span> <span class='ocrx_word' id='word_1_810' title='bbox 3091 5266 3142 5318; x_wconf 94' lang='lat' dir='ltr'><strong>in</strong></span> <span class='ocrx_word' id='word_1_811' title='bbox 3176 5283 3284 5335; x_wconf 85' lang='lat' dir='ltr'><strong>quo</strong></span> <span class='ocrx_word' id='word_1_812' title='bbox 3329 5270 3410 5336; x_wconf 86' lang='lat' dir='ltr'><strong>ja-</strong></span> 
     </span>
    </p>
   </div>
   <div class='ocr_carea' id='block_1_90' title="bbox 1765 5339 3409 5413">
    <p class='ocr_par' dir='ltr' id='par_1_90' title="bbox 1765 5339 3409 5413">
     <span class='ocr_line' id='line_1_90' title="bbox 1765 5339 3409 5413; baseline 0.003 -5"><span class='ocrx_word' id='word_1_813' title='bbox 1765 5339 1807 5391; x_wconf 70' lang='grc' dir='ltr'><strong>ί)</strong></span> <span class='ocrx_word' id='word_1_814' title='bbox 1840 5356 1997 5408; x_wconf 81' lang='lat' dir='ltr'><strong>cebat</strong></span> <span class='ocrx_word' id='word_1_815' title='bbox 2031 5355 2188 5407; x_wconf 86' lang='lat' dir='ltr'><strong>beata</strong></span> <span class='ocrx_word' id='word_1_816' title='bbox 2216 5355 2381 5408; x_wconf 82' lang='lat' dir='ltr'><strong>Maria</strong></span> <span class='ocrx_word' id='word_1_817' title='bbox 2421 5371 2434 5408; x_wconf 91' lang='lat'><strong>:</strong></span> <span class='ocrx_word' id='word_1_818' title='bbox 2470 5364 2524 5406; x_wconf 93' lang='lat' dir='ltr'><strong>et</strong></span> <span class='ocrx_word' id='word_1_819' title='bbox 2563 5370 2685 5408; x_wconf 92' lang='lat' dir='ltr'><strong>cum</strong></span> <span class='ocrx_word' id='word_1_820' title='bbox 2721 5371 2839 5406; x_wconf 88' lang='lat' dir='ltr'><strong>eam</strong></span> <span class='ocrx_word' id='word_1_821' title='bbox 2870 5357 3098 5410; x_wconf 83' lang='lat' dir='ltr'><strong>honeste</strong></span> <span class='ocrx_word' id='word_1_822' title='bbox 3127 5367 3181 5409; x_wconf 93' lang='lat' dir='ltr'><strong>et</strong></span> <span class='ocrx_word' id='word_1_823' title='bbox 3211 5358 3409 5413; x_wconf 86' lang='lat' dir='ltr'><strong>decore</strong></span> 
     </span>
    </p>
   </div>
   <div class='ocr_carea' id='block_1_91' title="bbox 139 5448 3409 5519">
    <p class='ocr_par' dir='ltr' id='par_1_91' title="bbox 139 5448 3409 5519">
     <span class='ocr_line' id='line_1_91' title="bbox 139 5448 3409 5519; baseline 0 -16"><span class='ocrx_word' id='word_1_824' title='bbox 139 5453 368 5506; x_wconf 84' lang='lat' dir='ltr'><strong>locasset</strong></span> <span class='ocrx_word' id='word_1_825' title='bbox 398 5467 464 5505; x_wconf 88' lang='lat' dir='ltr'><strong>ac</strong></span> <span class='ocrx_word' id='word_1_826' title='bbox 499 5451 934 5516; x_wconf 75' lang='lat' dir='ltr'><strong>composuisset.</strong></span> <span class='ocrx_word' id='word_1_827' title='bbox 964 5450 1012 5501; x_wconf 89' lang='lat' dir='ltr'><strong>ci</strong></span> <span class='ocrx_word' id='word_1_828' title='bbox 1061 5448 1302 5502; x_wconf 73' lang='lat' dir='ltr'><strong>ostendit</strong></span> <span class='ocrx_word' id='word_1_829' title='bbox 1339 5451 1509 5518; x_wconf 70' lang='lat' dir='ltr'><strong>ipsum</strong></span> <span class='ocrx_word' id='word_1_830' title='bbox 1555 5464 1676 5501; x_wconf 89' lang='lat' dir='ltr'><strong>esse</strong></span> <span class='ocrx_word' id='word_1_831' title='bbox 1717 5464 1849 5502; x_wconf 76' lang='lat' dir='ltr'><strong>sexu</strong></span> <span class='ocrx_word' id='word_1_832' title='bbox 1888 5450 2169 5508; x_wconf 87' lang='lat' dir='ltr'><strong>feminam,</strong></span> <span class='ocrx_word' id='word_1_833' title='bbox 2211 5459 2265 5501; x_wconf 94' lang='lat' dir='ltr'><strong>et</strong></span> <span class='ocrx_word' id='word_1_834' title='bbox 2297 5464 2416 5501; x_wconf 80' lang='lat' dir='ltr'><strong>eam</strong></span> <span class='ocrx_word' id='word_1_835' title='bbox 2463 5448 2630 5501; x_wconf 86' lang='lat' dir='ltr'><strong>fuisse</strong></span> <span class='ocrx_word' id='word_1_836' title='bbox 2666 5457 2869 5502; x_wconf 88' lang='lat' dir='ltr'><strong>temere</strong></span> <span class='ocrx_word' id='word_1_837' title='bbox 2907 5450 3212 5505; x_wconf 86' lang='lat' dir='ltr'><strong>maledictis</strong></span> <span class='ocrx_word' id='word_1_838' title='bbox 3245 5468 3409 5519; x_wconf 86' lang='lat' dir='ltr'><strong>appe-</strong></span> 
     </span>
    </p>
   </div>
   <div class='ocr_carea' id='block_1_92' title="bbox 141 5545 3405 5614">
    <p class='ocr_par' dir='ltr' id='par_1_92' title="bbox 141 5545 3405 5614">
     <span class='ocr_line' id='line_1_92' title="bbox 141 5545 3405 5614; baseline -0.001 -13"><span class='ocrx_word' id='word_1_839' title='bbox 141 5561 310 5601; x_wconf 87' lang='lat' dir='ltr'><strong>titam.</strong></span> <span class='ocrx_word' id='word_1_840' title='bbox 349 5547 509 5601; x_wconf 82' lang='lat' dir='ltr'><strong>&#39;I&#39;unc</strong></span> <span class='ocrx_word' id='word_1_841' title='bbox 551 5546 726 5612; x_wconf 66' lang='lat' dir='ltr'><strong>coepit</strong></span> <span class='ocrx_word' id='word_1_842' title='bbox 765 5545 1054 5599; x_wconf 87' lang='lat' dir='ltr'><strong>diversorii</strong></span> <span class='ocrx_word' id='word_1_843' title='bbox 1103 5562 1324 5614; x_wconf 85' lang='lat' dir='ltr'><strong>quoque</strong></span> <span class='ocrx_word' id='word_1_844' title='bbox 1378 5548 1668 5614; x_wconf 68' lang='lat' dir='ltr'><strong>pra-fectus</strong></span> <span class='ocrx_word' id='word_1_845' title='bbox 1719 5546 1922 5598; x_wconf 87' lang='lat' dir='ltr'><strong>dellerc</strong></span> <span class='ocrx_word' id='word_1_846' title='bbox 1966 5554 2194 5613; x_wconf 75' lang='lat' dir='ltr'><strong>proiiter</strong></span> <span class='ocrx_word' id='word_1_847' title='bbox 2239 5545 2583 5613; x_wconf 81' lang='lat' dir='ltr'><strong>inopinatum</strong></span> <span class='ocrx_word' id='word_1_848' title='bbox 2627 5546 2694 5597; x_wconf 88' lang='lat' dir='ltr'><strong>ab</strong></span> <span class='ocrx_word' id='word_1_849' title='bbox 2741 5563 2805 5596; x_wconf 81' lang='lat' dir='ltr'><strong>eo</strong></span> <span class='ocrx_word' id='word_1_850' title='bbox 2846 5547 3019 5597; x_wconf 89' lang='lat' dir='ltr'><strong>visum</strong></span> <span class='ocrx_word' id='word_1_851' title='bbox 3055 5547 3405 5605; x_wconf 79' lang='lat' dir='ltr'><strong>miraculum.</strong></span> 
     </span>
    </p>
   </div>
   <div class='ocr_carea' id='block_1_93' title="bbox 144 5640 3406 5727">
    <p class='ocr_par' dir='ltr' id='par_1_93' title="bbox 144 5640 3406 5727">
     <span class='ocr_line' id='line_1_93' title="bbox 144 5640 3406 5727; baseline -0.002 -31"><span class='ocrx_word' id='word_1_852' title='bbox 144 5647 262 5697; x_wconf 76' lang='lat' dir='ltr'><strong>l’ost</strong></span> <span class='ocrx_word' id='word_1_853' title='bbox 292 5647 408 5698; x_wconf 68' lang='lat' dir='ltr'><strong>bace</strong></span> <span class='ocrx_word' id='word_1_854' title='bbox 433 5653 624 5696; x_wconf 83' lang='lat' dir='ltr'><strong>autem</strong></span> <span class='ocrx_word' id='word_1_855' title='bbox 654 5643 803 5711; x_wconf 85' lang='lat' dir='ltr'><strong>jiista</strong></span> <span class='ocrx_word' id='word_1_856' title='bbox 836 5641 1086 5696; x_wconf 87' lang='lat' dir='ltr'><strong>fecerunt</strong></span> <span class='ocrx_word' id='word_1_857' title='bbox 1137 5645 1344 5697; x_wconf 85' lang='lat' dir='ltr'><strong>sanctis</strong></span> <span class='ocrx_word' id='word_1_858' title='bbox 1375 5652 1428 5695; x_wconf 86' lang='lat' dir='ltr'><strong>et</strong></span> <span class='ocrx_word' id='word_1_859' title='bbox 1460 5642 1789 5695; x_wconf 67' lang='lat' dir='ltr'><strong>venerandis</strong></span> <span class='ocrx_word' id='word_1_860' title='bbox 1827 5643 1947 5710; x_wconf 87' lang='lat' dir='ltr'><strong>ejus</strong></span> <span class='ocrx_word' id='word_1_861' title='bbox 1986 5641 2254 5708; x_wconf 87' lang='lat' dir='ltr'><strong>reliquiis,</strong></span> <span class='ocrx_word' id='word_1_862' title='bbox 2288 5650 2342 5692; x_wconf 89' lang='lat' dir='ltr'><strong>et</strong></span> <span class='ocrx_word' id='word_1_863' title='bbox 2390 5641 2764 5727; x_wconf 74' lang='lat' dir='ltr'><strong>deposuerunt</strong></span> <span class='ocrx_word' id='word_1_864' title='bbox 2799 5641 2848 5690; x_wconf 92' lang='lat' dir='ltr'><strong>iii</strong></span> <span class='ocrx_word' id='word_1_865' title='bbox 2891 5640 3084 5708; x_wconf 81' lang='lat' dir='ltr'><strong>ittSiini</strong></span> <span class='ocrx_word' id='word_1_866' title='bbox 3122 5640 3242 5693; x_wconf 86' lang='lat' dir='ltr'><strong>loco</strong></span> <span class='ocrx_word' id='word_1_867' title='bbox 3289 5658 3406 5691; x_wconf 84' lang='lat' dir='ltr'><strong>nio-</strong></span> 
     </span>
    </p>
   </div>
   <div class='ocr_carea' id='block_1_94' title="bbox 144 5735 3406 5807">
    <p class='ocr_par' dir='ltr' id='par_1_94' title="bbox 144 5735 3406 5807">
     <span class='ocr_line' id='line_1_94' title="bbox 144 5735 3406 5807; baseline -0.001 -16"><span class='ocrx_word' id='word_1_868' title='bbox 144 5744 379 5805; x_wconf 84' lang='lat' dir='ltr'><strong>nasterii,</strong></span> <span class='ocrx_word' id='word_1_869' title='bbox 413 5755 544 5794; x_wconf 86' lang='lat' dir='ltr'><strong>eum</strong></span> <span class='ocrx_word' id='word_1_870' title='bbox 584 5737 819 5807; x_wconf 88' lang='lat' dir='ltr'><strong>psalmis</strong></span> <span class='ocrx_word' id='word_1_871' title='bbox 850 5748 904 5790; x_wconf 87' lang='lat' dir='ltr'><strong>et</strong></span> <span class='ocrx_word' id='word_1_872' title='bbox 943 5738 1158 5807; x_wconf 84' lang='lat' dir='ltr'><strong>hymnis</strong></span> <span class='ocrx_word' id='word_1_873' title='bbox 1192 5748 1247 5791; x_wconf 89' lang='lat' dir='ltr'><strong>et</strong></span> <span class='ocrx_word' id='word_1_874' title='bbox 1285 5739 1471 5792; x_wconf 84' lang='lat' dir='ltr'><strong>multis</strong></span> <span class='ocrx_word' id='word_1_875' title='bbox 1522 5739 1845 5799; x_wconf 83' lang='lat' dir='ltr'><strong>luminibus,</strong></span> <span class='ocrx_word' id='word_1_876' title='bbox 1880 5749 2075 5790; x_wconf 86' lang='lat' dir='ltr'><strong>octavo</strong></span> <span class='ocrx_word' id='word_1_877' title='bbox 2106 5737 2310 5789; x_wconf 87' lang='lat' dir='ltr'><strong>mensis</strong></span> <span class='ocrx_word' id='word_1_878' title='bbox 2358 5735 2659 5793; x_wconf 84' lang='lat' dir='ltr'><strong>Februarii.</strong></span> <span class='ocrx_word' id='word_1_879' title='bbox 2697 5735 2889 5788; x_wconf 83' lang='lat' dir='ltr'><strong>Statim</strong></span> <span class='ocrx_word' id='word_1_880' title='bbox 2924 5752 3051 5788; x_wconf 88' lang='lat' dir='ltr'><strong>vero</strong></span> <span class='ocrx_word' id='word_1_881' title='bbox 3095 5737 3244 5789; x_wconf 89' lang='lat' dir='ltr'><strong>venit</strong></span> <span class='ocrx_word' id='word_1_882' title='bbox 3297 5736 3406 5790; x_wconf 71' lang='lat' dir='ltr'><strong>filia</strong></span> 
     </span>
    </p>
   </div>
   <div class='ocr_carea' id='block_1_95' title="bbox 144 5832 3408 5908">
    <p class='ocr_par' dir='ltr' id='par_1_95' title="bbox 144 5832 3408 5908">
     <span class='ocr_line' id='line_1_95' title="bbox 144 5832 3408 5908; baseline -0.003 -15"><span class='ocrx_word' id='word_1_883' title='bbox 144 5842 373 5905; x_wconf 65' lang='lat' dir='ltr'><strong>praefecti</strong></span> <span class='ocrx_word' id='word_1_884' title='bbox 420 5835 732 5894; x_wconf 78' lang='lat' dir='ltr'><strong>diversorii</strong></span> <span class='ocrx_word' id='word_1_885' title='bbox 769 5849 798 5887; x_wconf 88' lang='lat' dir='ltr'><strong>a</strong></span> <span class='ocrx_word' id='word_1_886' title='bbox 844 5833 1089 5891; x_wconf 61' lang='lat' dir='ltr'><strong>daemone</strong></span> <span class='ocrx_word' id='word_1_887' title='bbox 1129 5845 1403 5908; x_wconf 84' lang='lat' dir='ltr'><strong>correpta,</strong></span> <span class='ocrx_word' id='word_1_888' title='bbox 1439 5847 1494 5890; x_wconf 91' lang='lat' dir='ltr'><strong>et</strong></span> <span class='ocrx_word' id='word_1_889' title='bbox 1546 5837 1816 5890; x_wconf 78' lang='lat' dir='ltr'><strong>confitens</strong></span> <span class='ocrx_word' id='word_1_890' title='bbox 1857 5849 2072 5889; x_wconf 79' lang='lat' dir='ltr'><strong>omnem</strong></span> <span class='ocrx_word' id='word_1_891' title='bbox 2120 5834 2424 5899; x_wconf 86' lang='lat' dir='ltr'><strong>veritatem,</strong></span> <span class='ocrx_word' id='word_1_892' title='bbox 2469 5842 2523 5887; x_wconf 92' lang='lat' dir='ltr'><strong>et</strong></span> <span class='ocrx_word' id='word_1_893' title='bbox 2562 5834 2750 5886; x_wconf 85' lang='lat' dir='ltr'><strong>diccns</strong></span> <span class='ocrx_word' id='word_1_894' title='bbox 2784 5848 2795 5883; x_wconf 89' lang='lat'>:</span> <span class='ocrx_word' id='word_1_895' title='bbox 2838 5832 2980 5884; x_wconf 80' lang='lat' dir='ltr'><strong>Talis</strong></span> <span class='ocrx_word' id='word_1_896' title='bbox 3017 5832 3172 5885; x_wconf 84' lang='lat' dir='ltr'><strong>iiiilcs</strong></span> <span class='ocrx_word' id='word_1_897' title='bbox 3207 5848 3290 5884; x_wconf 81' lang='lat' dir='ltr'><strong>uie</strong></span> <span class='ocrx_word' id='word_1_898' title='bbox 3327 5833 3408 5884; x_wconf 79' lang='lat' dir='ltr'><strong>fc-</strong></span> 
     </span>
    </p>
   </div>
  </div>
