3966 6430
573 380 684 442 355
1885 382 2170 442 MENSIS
2210 383 2508 445 IULIUS.
3727 395 3833 458 356

579 488 733 551 fellit.
768 498 824 545 et
849 488 1143 561 persuasit.
1191 498 1251 543 ut
1295 488 1432 543 falso
1473 504 1787 545 accusarem
1819 489 1961 545 hanc
2007 492 2246 546 beatam.
2290 493 2496 548 Deinde
2527 509 2651 548 cum
2683 494 3183 565 apprOpinquasset
3221 499 3404 554 loculo
3447 500 3642 567 beatae,
3695 520 3842 574 prae.

575 583 719 639 fecto
750 593 803 639 et
849 584 1113 638 fratribus
1147 587 1473 654 rogantibus
1503 594 1706 639 sanctae
1734 586 2072 641 venerandas
2104 588 2388 656 reliquias,
2422 590 2677 657 protinus
2710 590 2826 659 ipsa
2866 590 3000 644 hora
3045 591 3150 646 fuit
3194 606 3380 649 curata
3420 604 3475 651 et
3512 598 3782 653 mundata
3811 617 3837 655 a

573 683 844 738 dannone.
880 682 1035 737 Tunc.
1061 698 1184 738 cum
1210 683 1486 738 vidissent
1511 686 1861 749 miraculum,
1892 685 2041 754 quod
2077 695 2199 739 erat
2237 696 2435 754 praeter
2464 688 2803 756 opinionem,
2861 688 3158 747 laudarunt
3188 704 3382 743 omnes
3410 690 3745 748 clementem
3783 705 3844 748 et

575 775 872 844 benignum
906 776 1071 829 Deum
1106 785 1331 843 propter
1384 777 1601 845 signum
1634 777 1777 845 quod
1814 776 2017 830 factum
2045 776 2245 836 fuerat.
2288 786 2343 831 et
2377 788 2598 847 propter
2638 779 2952 847 patientiam
2978 792 3036 837 et
3072 782 3419 835 tolerantiam
3449 782 3642 845 beata,
3680 787 3836 858 quod

576 869 908 937 perstitisset
938 885 1112 937 usque
1145 872 1211 923 ad
1237 878 1493 931 mortem,
1530 885 1638 922 non
1666 871 1922 938 aperiens
1941 884 1998 923 se
2029 884 2151 922 esse
2198 870 2510 930 mulierem.
2543 880 2770 940 propter
2806 887 3032 941 regnum
3070 875 3452 976 cmiorumaﬁt
3487 890 3586 975 nos
3612 892 3771 976 ergo,
3805 894 3839 932 o

574 959 776 1013 fratres
805 962 1011 1026 dilecti,
1042 963 1367 1017 aemulemur
1395 964 1516 1030 ejus
1542 962 1949 1022 fortitudinem,
1974 965 2340 1017 constantiam
2375 972 2430 1016 et
2449 964 2821 1028 tolerantiam,
2847 976 2908 1017 ut
2936 965 3285 1019 inveniamus
3316 966 3759 1021 misericordiam
3783 976 3843 1023 et

575 1055 809 1119 gratiam
849 1055 903 1107 in
951 1054 1136 1108 futuro
1178 1058 1400 1119 smculo,
1431 1071 1459 1107 a
1502 1071 1699 1124 magno
1743 1056 1855 1108 Deo
1886 1067 1939 1109 et
1970 1056 2252 1110 Salvatore
2296 1066 2485 1110 nostro
2514 1057 2639 1111 Jesu
2684 1056 2930 1121 Christo,
2961 1058 3051 1112 cui
3081 1060 3255 1127 gloria
3300 1068 3358 1114 et
3398 1061 3642 1129 potentia
3667 1052 3836 1115 simu|

575 1160 701 1200 cum
732 1148 889 1201 Patre
916 1156 972 1201 et
1001 1146 1210 1216 Spiritu
1234 1158 1426 1202 sancto
1458 1164 1607 1202 nunc
1639 1157 1694 1202 et
1724 1163 1943 1216 semper
1974 1156 2030 1202 et
2060 1149 2114 1201 itt
2149 1151 2345 1204 saecula
2385 1150 2742 1204 seculorum.
2786 1151 2984 1205 Amen.

589 1320 3495 1353 Em

3054 1325 3807 1356 Μ

1035 1502 1522 1591 ΑΘΛΗΣΙΣ
1600 1504 1828 1591 ΤΟΥ
1905 1505 2246 1590 ΑΓΙΟΥ
2322 1505 3373 1596 ΜΕΓΑΛΟΜΑΡΤΥΡΟΣ

1739 1700 2687 1841 ΜΑΥΡΙΚΙΟΥ

1425 1935 1548 1990 XM
1590 1935 1728 1991 ΤΩΝ
1771 1937 2298 1994 EBAOMHKONTA
2340 1944 2683 2000 ΜΔΘΗΤΩΝ
2720 1946 2975 2002 ΑΥΤΟΥ.

2152 2120 2225 2137 ”

902 2257 1632 2350 MARTYBIUM
1712 2265 2129 2354 SANCTI
2214 2270 2365 2356 ET
2442 2269 2819 2358 MAGNI
2901 2270 3516 2362 MARTYBIS

1760 2479 2637 2644 MAURICII

1404 2746 1507 2805 ET
1553 2747 2111 2809 SEPTUAGINTA
2161 2750 2344 2813 EJUS
2388 2754 3009 2817 DISCIPULORUM.

574 2903 776 2970 (Latino
800 2908 925 2969 apud
952 2906 1148 2959 Surium
1171 2908 1231 2956 ad
1267 2907 1399 2959 diem
1420 2909 1632 2971 l8Julii;
1661 2910 1826 2961 Greca
1851 2923 1978 2961 nunc
1994 2913 2203 2974 primum
2228 2915 2477 2976 prodeunt
2500 2929 2561 2966 ex
2594 2917 2699 2965 cod.
2739 2932 2826 2973 ms,
2857 2917 3009 2967 Paris.
3041 2934 3088 2971 n.
3109 2921 3246 2980 15η,
3264 2934 3377 2973 me.
3406 2937 3451 2971 x.
3483 2923 3621 2977 Eon.
3641 2927 3830 2985 Pan.)

642 3218 682 3272 Ι.
741 3218 1035 3287 Martyrum
1092 3216 1358 3271 memoria
1404 3226 1489 3274 est
1536 3222 1779 3277 ostensio
1820 3223 2041 3292 pietatis
2090 3226 2197 3299 in}

2321 3228 2398 3286 A'.
2432 3230 2742 3301 Μαρτύρων
2799 3236 2987 3305 μνήμῃ
3026 3235 3301 3302 φιλοθιῖας
3352 3241 3696 3312 καθέστηκεν
3746 3246 3838 3299 εν-

573 3309 741 3363 Deum
773 3320 827 3363 et
859 3312 1056 3363 mentis
1078 3326 1197 3379 quae
1229 3320 1448 3366 tenetur
1476 3329 1662 3369 amore
1686 3318 1989 3387 sapientiae,
2016 3336 2140 3374 cum

572 3400 681 3455 Deo
728 3401 1044 3469 conjunctio
1090 3420 1101 3453 :
1147 3404 1387 3456 materia:
1421 3408 1729 3463 cammistio
1790 3426 1913 3464 cum
1977 3413 2143 3466 rebus

568 3492 890 3561 expertibus
946 3493 1185 3546 materia
1212 3502 1264 3547 et
1298 3511 1398 3563 pax
1428 3496 1873 3565 impatibilitatis,
1913 3518 2033 3571 quae
2057 3520 2145 3558 re-

566 3576 742 3630 frenat
764 3578 931 3630 animi
960 3580 1416 3646 perturbationes.
1444 3583 1577 3646 Quis
1604 3588 1749 3639 enim
1773 3592 2140 3646 venerandum

564 3677 621 3723 et
643 3668 891 3722 divinum
917 3684 1108 3721 eorum
1137 3681 1414 3725 Certamen
1444 3679 1641 3733 mentis
1674 3680 1893 3735 intuens
1948 3686 2140 3750 oculis,

566 3773 674 3812 non
701 3758 807 3811 erit
836 3771 1082 3815 remotus
1111 3775 1140 3814 a
1175 3778 1338 3819 carne
1363 3776 1419 3820 ct
1449 3782 1477 3819 a
1510 3770 1735 3834 mundo,
1757 3776 2138 3832 conculcatam

570 3849 880 3918 intelligens
936 3867 1127 3906 eorum
1162 3870 1382 3908 carnem
1422 3870 1649 3926 prepter
1696 3878 1849 3915 suam
1885 3868 1937 3918 in
1972 3868 2141 3920 Deum

564 3943 871 4012 pietatem?
928 3944 1047 3997 Non
1085 3945 1231 3997 enim
1273 3962 1402 4000 caro
1433 3948 1516 4004 his
1565 3957 1925 4024 concupiscit,
1967 3974 2143 4029 neque

566 4032 746 4101 pulvis
806 4040 963 4087 terra:
1021 4034 1254 4089 rebellat
1303 4048 1492 4095 contra
1531 4043 1625 4098 Dei
1664 4046 1976 4119 imaginem.
2035 4053 2141 4108 Sed

567 4122 843 4192 sapienter
877 4123 1186 4181 ducebatur
1240 4130 1296 4185 id
1335 4135 1481 4199 quod
1517 4146 1603 4190 est
1636 4137 1902 4206 deterius,
1940 4147 2141 4214 guber-

562 4224 748 4267 natum
777 4218 845 4267 ab
876 4232 941 4269 eo
974 4219 1117 4286 quod
1140 4230 1222 4274 est
1251 4226 1618 4290 przestantius,
1643 4239 1696 4283 et
1728 4231 1936 4289 habens
1984 4254 2138 4293 men-

564 4314 673 4359 tem
702 4321 824 4373 quite
842 4307 1111 4361 dimoveri
1139 4324 1246 4364 non
1274 4322 1484 4380 poterat
1509 4334 1537 4371 a
1569 4332 1710 4377 meta
1740 4327 1973 4381 caelesti.
2009 4330 2140 4384 Tale

563 4406 841 4450 certamen
882 4398 1180 4467 aliquando
1217 4406 1549 4475 proponitur
1575 4416 1920 4484 septuaginta
1946 4429 2141 4489 marty-

564 4486 739 4549 ribus,
772 4504 1005 4558 quorum
1046 4494 1347 4560 pretiosqu
1380 4506 1436 4551 et
1463 4499 1670 4555 Christi
1702 4516 1978 4562 amantem
2004 4525 2133 4564 san-

2249 3323 2414 3389 δειξις
2440 3330 2533 3375 καὶ
2565 3326 2861 3392 φιλοσόφου
2890 3327 3132 3388 διανοίας
3189 3331 3325 3398 πρὸς
3376 3332 3511 3385 Θεὸν
3564 3339 3834 3393 κοινωνία

2250 3412 2383 3481 ὕλης
2418 3414 2667 3481 ἐπιμιξία
2701 3415 2834 3482 πρὸς
2871 3418 2970 3483 τὴν
3008 3417 3172 3469 ἂῦλον
3203 3420 3353 3489 λῆξιν
3382 3424 3651 3491 ἀπαθείας
3679 3431 3838 3502 εἰρή-

2248 3524 2312 3573 νη
2351 3506 2675 3575 χαλινούσης
2722 3508 2789 3560 τὰ
2825 3508 2972 3578 πάθη
3022 3512 3294 3579 οὐρανίων
3347 3522 3678 3588 πνευμάτων
3733 3528 3835 3579 καὶ

2247 3599 2450 3665 γηΐνων
2504 3600 2770 3667 σωμάτων
2826 3602 3205 3670 σπενδομένων
3263 3607 3551 3677 ἀλλήλοις·
3599 3614 3683 3677 τίς
3715 3619 3835 3688 γὰρ

2244 3692 2425 3743 αὐτῶν
2448 3692 2537 3743 τὸν
2568 3691 2755 3757 ἀγῶνα
2801 3695 2914 3753 τοῖς
2943 3698 3156 3762 νοητοῖς
3218 3697 3491 3766 θεώμενος
3524 3702 3833 3779 ὀφθαλμοῖς

2246 3783 2347 3834 οὐκ
2378 3780 2483 3850 ἔξω
2517 3785 2719 3851 σαρκὸς
2765 3785 2858 3833 καὶ
2899 3785 3104 3851 κόσμου
3146 3789 3436 3856 γενήσεται
3473 3798 3835 3869 πατουμένην

2245 3870 2342 3938 τὴν
2375 3872 2550 3937 σάρκα
2596 3871 2859 3937 θεοφιλῶς
2922 3876 3247 3942 κατανοῶν;
3299 3877 3378 3932 Οὐ
3411 3880 3517 3953 γὰρ
3545 3885 3759 3951 τούτοις
3794 3894 3831 3965 ἡ

2248 3960 2385 4030 σὰρξ
2408 3961 2700 4031 ἐπεθύμει,
2736 3964 2856 4017 οὐδὲ
2888 3965 2915 4016 ὁ
2947 3966 3074 4034 χοῦς
3099 3967 3201 4037 τῆς
3233 3974 3335 4040 γῆς
3357 3978 3497 4028 κατὰ
3528 3976 3625 4047 τῆς
3670 3960 3835 4046 Oeta;

2244 4056 2451 4116 εἰκόνος
2485 4058 2879 4125 ἐτραχηλίαζεν
2913 4077 2924 4088 ’
2962 4060 3077 4113 ἀλλ’
3104 4063 3269 4132 ἤγετο
3318 4067 3497 4136 σοφῶς
3543 4074 3601 4122 τὸ
3640 4076 3831 4143 χεῖρον

2244 4146 2349 4197 ὑπὸ
2379 4145 2471 4198 τοῦ
2503 4151 2811 4214 κρείττονος
2843 4150 3285 4225 κυϐερνώμενον,
3320 4158 3515 4229 ἀκλινῆ
3549 4163 3639 4214 τὸν
3671 4164 3830 4233 λογιο

2244 4238 2381 4303 σμὸν
2414 4239 2506 4293 ἐπὶ
2533 4240 2629 4310 τὴν
2652 4244 2903 4309 οὐράνιον
2928 4245 3131 4299 νύσσαν
3163 4251 3504 4317 κεκτημένον
3528 4268 3540 4282 ·
3574 4258 3828 4322 τοιοῦτος

2242 4322 2405 4391 ὗθλός
2427 4348 2555 4382 ποτε
2584 4335 2679 4383 καὶ
2701 4336 2814 4395 τοῖς
2837 4334 3215 4407 ἑϐδομήκοντα
3241 4341 3653 4412 προχειρίζεται
3680 4350 3830 4421 μάρ.

2242 4434 2419 4481 τυσιν,
2450 4414 2526 4475 ὧν
2554 4424 2614 4475 τὸ
2646 4425 2993 4498 φιλόχριστον
3023 4426 3165 4502 αἷμα
3196 4435 3362 4505 ἡτῶν
3402 4414 3699 4509 Ἀπαμέων
3729 4414 3828 4497 δὲ.

2241 4511 2453 4583 ξαμένη
2516 4519 2851 4586 μητρόπολις
2908 4523 3105 4575 θυσίαν
3157 4527 3320 4593 ἁγίαν
3378 4532 3473 4584 καὶ
3518 4533 3828 4603 εὐάρεστον

560 4580 805 4647 guinem,
832 4578 1257 4648 Apameensium
1296 4588 1577 4657 excipiens
1616 4594 1833 4660 civitas,
1884 4611 2134 4656 sanctum
2172 4606 2197 4657 ι

564 4674 613 4689 Α.
652 4666 757 4689 Ιὶι.-
797 4679 1004 4689 ---η-η..-
1051 4672 1223 4689 -,,,!,-.
1262 4688 1269 4689 ,
1384 4676 1431 4689 οη
1475 4679 1484 4689 ι

2243 4578 2527 4675 ἀνέπεμψε.
2555 4578 2640 4676 11;}
2662 4612 2805 4677 Θεῷ,
2830 4578 2967 4663 -ἁντὶ
3028 4578 3217 4683 μύρου.
3257 4618 3558 4689 πολυτίμου
3610 4578 3670 4679 ιζδ
3702 4630 3823 4683 πᾶν

562 4674 618 4717 et
652 4666 761 4719 Deo
792 4679 1008 4735 gratum
1044 4672 1229 4724 emisit
1256 4676 1609 4743 sacrificium,
1648 4697 1747 4750 pro
1771 4689 2011 4753 pretioso
2035 4707 2135 4745 un-

562 4767 765 4826 guento
798 4768 969 4813 totum
1031 4778 1230 4831 corpus
1259 4764 1485 4834 Christi,
1517 4786 1714 4844 nempe
1754 4788 1994 4835 sanctam
2028 4782 2131 4838 Ec-

560 4849 803 4914 clesiam,
847 4851 901 4904 in
936 4854 1128 4906 edrum
1158 4858 1425 4926 sanguine
1459 4862 1750 4933 inungens.

632 4943 701 4998 il.
743 4947 1095 5001 Maximianus
1117 4951 1263 5003 cnim
1289 4953 1343 5006 in
1377 4955 1572 5021 primis
1608 4961 1809 5029 impius
1839 4973 1893 5018 et
1918 4965 2139 5035 iniquus

561 5036 878 5105 imperator,
940 5043 1261 5109 quamlibet,
1312 5052 1669 5115 quantumvis
1695 5070 1967 5125 magnam,
2003 5075 2129 5112 cru-

559 5126 840 5183 delitatem
876 5133 1219 5187 contendens
1264 5151 1547 5207 superare,
1589 5146 2137 5207 studebatutomnes

558 5218 653 5285 qui
683 5218 913 5288 subjecti
942 5224 1233 5295 erantejus
1258 5226 1505 5296 imperio,
1538 5232 1805 5289 oﬂerrent
1841 5255 2132 5296 exsecran-

560 5308 647 5361 dis
684 5319 739 5363 et
768 5311 1065 5369 immundis
1106 5318 1454 5375 simulacris:
1498 5334 1557 5378 ut
1587 5343 1687 5396 per
1715 5344 1905 5385 eorum
1936 5334 2135 5390 adora—

560 5401 764 5454 tioncm
805 5416 860 5457 et
902 5406 1129 5461 deorum
1176 5412 1268 5479 qui
1330 5412 1469 5468 falso
1528 5423 1882 5477 nominantur
1938 5424 2126 5481 falsam

562 5494 908 5564 religionem,
951 5513 1050 5553 suo
1087 5500 1314 5570 imperio
1348 5508 1660 5577 acquireret
1720 5516 2035 5583 pnesidium
2076 5530 2132 5575 et

561 5584 1039 5653 magnificentiam.
1075 5591 1211 5646 Cum
1267 5594 1368 5649 hoc
1398 5615 1530 5671 ergo
1592 5602 1773 5659 facere
1826 5610 2128 5673 statuisset,

561 5673 679 5741 ipse
734 5677 971 5746 seipsum
1014 5682 1078 5735 ad
1116 5684 1218 5739 hoc
1248 5687 1499 5745 sedulum
1538 5701 1597 5746 et
1626 5695 1957 5755 industrium
2000 5717 2132 5756 con—

562 5765 745 5819 stituit
770 5768 1100 5826 ministrum.
1163 5775 1278 5829 Non
1327 5781 1473 5833 enim
1539 5786 1843 5844 sustinebat
1887 5792 2133 5863 iubendo

2241 4697 2401 4765 σῶμα
2440 4698 2536 4751 τοῦ
2593 4700 2836 4771 Χριστοῦ
2891 4702 2991 4774 τὴν
3042 4706 3208 4776 ἁγίαν
3254 4709 3587 4782 Ἐκκλησίαν
3639 4718 3697 4769 ιν
3736 4721 3823 4790 τῷ

2236 4787 2430 4856 αἵματι
2456 4788 2663 4843 τούτων
2701 4794 3005 4864 μυρίσασα.

2306 4969 2379 5022 B'.
2425 4970 2770 5040 Μαξιμιανὺς
2825 4974 2956 5044 γὰρ,
3010 4976 3038 5028 ὁ
3068 4976 3497 5044 δυσσεϐέστατος
3531 4984 3818 5057 βασιλεὺς,

2236 5063 2416 5113 ﬂag“
2456 5061 2742 5131 ὠμότητος
2780 5065 3090 5137 .)περ6ολὴν
3134 5073 3293 5141 νικᾷ-ι
3336 5074 3819 5147 φιλοτιμούμενος,

2229 5150 2357 5220 ὃλην
2389 5153 2486 5221 τὴν
2516 5154 2606 5204 ὑπ’
2635 5157 2799 5208 αὑτὸν
2848 5158 3127 5213 πολιτείαν
3153 5165 3265 5225 τοῖς
3287 5165 3621 5239 ἀκαθάρτοις
3648 5191 3818 5244 προα-

2230 5248 2418 5314 φέρειν
2464 5247 2763 5314 ἐσπούδαζε
2817 5250 3094 5320 δαίμοσιν,
3152 5256 3229 5317 ὼς
3286 5258 3353 5309 ἂν
3385 5259 3547 5329 δῆθεν
3590 5262 3680 5317 διὰ
3711 5269 3816 5336 τῆς

2228 5340 2659 5407 προσκυνήσεως
2687 5342 2783 5410 τῆς
2809 5344 2917 5393 τῶν
2946 5344 3317 5415 ψευδωνύμων
3341 5349 3480 5404 θεῶν
3507 5351 3815 5424 θρησκείας

2236 5430 2487 5499 φυλακήν
2518 5449 2577 5484 τε
2604 5433 2698 5486 καὶ
2732 5436 3208 5507 μεγαλοπρέπειαν
3230 5443 3295 5511 τῇ
3341 5445 3519 5515 οἰκείᾳ
3559 5447 3814 5522 βασιλείᾳ

2237 5524 2673 5593 περιποιήσοιτο.
2728 5524 2923 5579 Τοίνυν
2952 5531 3125 5581 ποιεῖν
3157 5531 3458 5601 δοκιμάσας
3490 5540 3653 5603 αὐτὸς
3679 5543 3815 5595 ἑαυ-

2236 5611 2325 5663 τὸν
2356 5614 2432 5676 εἰς
2479 5614 2636 5667 τοῦτο
2666 5618 2953 5671 σπουδαῖον
3004 5618 3317 5691 λειτουργὸν
3354 5631 3762 5698 προχειρίζεται
3790 5649 3805 5663 ⁸

2236 5704 2298 5755 οὐ
2335 5706 2438 5775 γὰρ
2466 5708 2710 5777 ἠνείχετο
2754 5708 2839 5761 διὰ
2880 5710 3180 5776 κελεύσεως
3212 5715 3466 5785 γράφειν,
3508 5719 3581 5782 ὡς
3618 5724 3666 5774 οξ
3699 5727 3807 5794 πρὸ

2241 5794 2407 5847 αὑτοῦ
2441 5796 2701 5865 βασιλεῖς,
2740 5803 2849 5863 τοῖς
2880 5803 3018 5855 κατὰ
3049 5804 3231 5875 χώραν
3262 5808 3486 5879 ἄρχουσι
3524 5812 3620 5883 τῆς
3663 5819 3811 5871 εἰδω-
