3966 6458
177 377 275 439 35³1

1171 376 1341 435 VITA
1388 377 1490 438 SS.
1538 378 1907 442 MAURICII
1941 382 2036 440 ΕΤ
2075 381 2491 444 SOCIORL'M.

3333 397 3438 460 358

175 491 496 560 λολατρείας
528 491 842 559 φροντίζειν
879 505 888 517 ·
917 490 1051 545 ἀλλά
1080 492 1290 554 ἀόκνως
1349 493 1512 557 αὐτὸς
1548 493 1647 565 τὴν
1677 497 1727 548 oi

1865 497 2105 551 scribere
2129 498 2196 551 ad
2222 499 2470 554 locorum
2510 501 2793 569 praesides,
2838 513 2897 558 ut
2936 504 3299 575 imperatores
3339 513 3434 577 qui

173 587 453 654 κουμένην
489 585 831 654 περιήρχετο
867 583 1147 654 ὑπηρέτης
1204 583 1332 650 ὀξὺς
1377 585 1488 639 τῶν
1553 586 1754 657 βωμῶν

171 678 278 729 τῶν
306 677 586 746 δαιμόνων
616 679 922 746 γινόμενος,
942 677 1178 739 ἐλπίζων
1199 677 1286 730 διὰ
1317 677 1413 746 τῆς
1452 681 1754 749 παρουσίας

169 769 337 822 αὑτοῦ
361 773 459 822 καὶ
482 769 607 831 τοὺς
633 771 976 830 ἀποστάντας
1002 769 1099 837 τῆς
1123 769 1555 838 δεισιδαιμονίας
1586 773 1750 826 αὑτοῦ

168 865 260 913 καὶ
322 864 465 932 πρὸς
516 861 616 932 τὴν
674 863 878 929 γνῶσιν
933 862 1036 929 τῆς
1088 863 1351 931 ἀληθείας
1381 863 1476 914 τοῦ
1509 864 1750 933 Χριστοῦ

170 959 689 1024 προσφοιτήσαντας
720 955 1097 1023 αὐτομολῆσαι
1131 957 1580 1024 παρασκευάζειν
1614 959 1750 1027 προς

167 1049 263 1111 τὴν
311 1045 528 1114 πλάνην
587 1047 695 1098 τῶν
724 1047 1053 1117 ἀκαθάρτων
1100 1048 1265 1101 αὑτοῦ
1303 1050 1395 1100 καὶ
1439 1048 1748 1116 βδελυκτῶν

167 1134 324 1190 θεῶν.
355 1138 512 1190 Μετά
541 1141 800 1208 τοιαύτης
820 1135 912 1191 οῦν
936 1140 1160 1210 γνώμης
1191 1141 1286 1210 τὴν
1327 1141 1546 1212 Ῥώμην
1579 1159 1747 1195 κατα-

165 1227 338 1282 λιπὼν
373 1231 718 1301 Μαξιμιανος
741 1234 769 1284 6
797 1234 1226 1295 δυσσεϐέστατος
1250 1233 1514 1304 τύραννος
1539 1237 1632 1287 καὶ
1658 1234 1747 1288 διὰ

166 1322 271 1374 τῶν
308 1326 648 1377 ἀνατολικῶν
686 1326 873 1395 μερῶν
921 1329 1019 1395 τὴν
1049 1327 1341 1397 ὀδοπορίαν
1396 1330 1741 1395 ποιούμενος,

166 1416 512 1486 κατήντησεν
539 1419 618 1477 είς
657 1418 965 1485 Ἀπάμειαν
997 1417 1094 1489 τὴν
1136 1421 1473 1488 μητρόπολιν
1497 1421 1596 1489 τῆς
1624 1421 1745 1474 δευ-

163 1510 324 1572 τέρας
379 1509 487 1559 τῶν
529 1508 720 1578 Σύρων
769 1511 1056 1578 ἐπαρχίας,
1117 1510 1248 1564 ἔνθα
1291 1512 1401 1565 τῶν
1433 1514 1664 1566 εἰδώλων
1697 1520 1745 1569 oi

164 1602 330 1668 ἱερεῖς
364 1602 759 1664 προσελθόντες
791 1603 939 1672 αὐτῷ
969 1607 1315 1675 κατηγόρουν
1343 1607 1453 1657 τῶν
1482 1607 1743 1675 Χριστια-

163 1696 268 1744 νῶν
292 1695 546 1760 λέγοντες
572 1712 585 1724 ·
625 1693 695 1747 Ὦ
720 1697 962 1749 θειότατε
989 1697 1232 1766 βασιλεῦ,
1265 1700 1583 1768 παρρησίαν
1610 1701 1743 1767 ἡμῖν

164 1788 300 1855 προς
330 1789 434 1854 την
461 1789 748 1840 εὺσέὅειαν
782 1789 890 1840 τῶν
923 1789 1063 1842 θεῶν
1094 1791 1503 1862 δωρησαμένων
1541 1793 1741 1860 ἀναιρέ-

1863 604 1986 642 eum
2015 601 2430 658 prmeesserant,
2495 605 2554 647 ut
2587 594 2854 648 idolorum
2907 599 3090 653 cultus
3124 617 3312 655 curam
3340 618 3451 672 ge--

1863 692 2086 748 rerent;
2119 687 2212 736 sed
2242 688 2352 753 ipse
2385 687 2612 756 impigre
2635 699 2690 741 et
2714 689 3004 758 diligenter
3026 692 3214 747 ohibat
3239 697 3431 752 urbem

1863 783 2041 838 terrae.
2069 775 2299 829 eﬂ‘ectus
2334 777 2488 830 velox
2521 779 2772 833 minister
2810 782 3063 836 altarium
3096 785 3431 852 dremonum,

1859 882 2084 935 sperans
2120 868 2304 922 infelix
2347 886 2442 938 per
2473 888 2631 925 suum
2666 876 2958 928 adventum
2995 894 3052 930 se
3083 880 3431 946 effecturum,

1859 967 1917 1010 ut
1950 961 2041 1026 qui
2079 960 2393 1014 defecerant
2428 963 2495 1015 ah
2558 966 2677 1034 ejus
2717 970 3130 1035 superstitione.
3161 982 3216 1025 et
3247 990 3435 1028 acers-

1855 1061 2042 1103 serant
2077 1051 2141 1103 ad
2183 1053 2655 1119 veritatisIChristi
2692 1061 3083 1126 cognitionem,
3124 1067 3433 1134 transfuge-

1856 1151 1979 1195 rent
2001 1143 2067 1196 ad
2099 1159 2342 1198 errorem
2372 1162 2592 1200 suorum
2620 1152 3026 1206 iimnundorum
3055 1164 3110 1207 et
3139 1162 3438 1211 exsccran-

1853 1227 2047 1281 dorum
2073 1232 2321 1285 deorum.
2349 1233 2463 1288 Tali
2492 1253 2623 1306 ergo
2645 1240 2828 1292 animo
2862 1241 3088 1295 Romam
3117 1247 3433 1316 relinquens

1852 1317 2213 1376 Maximianus
2251 1325 2454 1393 impius
2485 1337 2769 1397 tyrannus,
2808 1344 2862 1386 et
2895 1351 2991 1403 per
3023 1336 3269 1390 Orientis
3301 1355 3428 1406 par-

1855 1421 1934 1466 tes
1965 1417 2068 1466 iter
2099 1415 2324 1480 faciens,
2357 1424 2609 1486 pervenit
2631 1425 2947 1491 Apameam,
2972 1445 3092 1497 qua:
3116 1443 3199 1483 est
3226 1442 3432 1489 metro-

1853 1505 1993 1574 polis
2031 1509 2286 1563 secunda
2348 1513 2643 1579 provincia:
2700 1518 2985 1586 Syrorum.
3046 1522 3165 1586 Quo
3222 1525 3434 1580 inloco

1851 1597 2124 1653 idolorum
2188 1605 2505 1658 sacerdotes
2535 1607 2600 1660 ad
2632 1624 2757 1662 eum
2791 1611 3137 1676 accedentes,
3202 1631 3430 1670 accusa-

1855 1687 1991 1742 bant
2047 1691 2412 1756 Christianos,
2453 1697 2703 1752 dicent-es
2736 1706 2785 1755 ei
2829 1720 2842 1756 :
2879 1703 2922 1758 0
2950 1704 3292 1762 divinissime
3325 1709 3432 1762 im-

1851 1791 2092 1847 perator,
2113 1797 2237 1836 cum
2256 1785 2330 1837 dii
2366 1787 2528 1842 nobis
2550 1791 2804 1848 dederint
2828 1795 3086 1865 loquendi
3114 1799 3428 1853 libertatem

163 1892 330 1944 ρομεν
372 1879 467 1928 ἐπὶ
519 1879 580 1930 τὸ
623 1882 896 1948 ἀήττητόν
958 1897 1054 1933 σου
1091 1886 1318 1953 κράτος,
1355 1886 1439 1942 ὅτι
1471 1885 1582 1936 τῶν
1614 1901 1727 1955 παρ

1851 1871 1993 1938 apud
2024 1880 2170 1926 tuam
2226 1876 2506 1944 pietatem.
2545 1881 2849 1937 deferimus
2883 1888 2950 1940 ad
2984 1897 3130 1941 tuam
3166 1889 3425 1944 invictam

160 1970 289 2037 ημῖν
317 1970 551 2030 ἕκαστος
587 1972 724 2040 μετά
753 1970 919 2039 φόϐου
952 1975 1046 2025 καὶ
1077 1973 1242 2026 πόθου
1278 1975 1404 2036 τοὺς
1451 1977 1741 2046 πατρῴους

160 2077 254 2112 σου
287 2063 429 2130 τιμᾷ
452 2061 631 2124 θεοὺς,
663 2064 901 2131 μάλιστα
933 2065 988 2116 δὲ
1016 2065 1108 2116 τὸν
1135 2067 1234 2118 Δία
1260 2068 1352 2118 τὸν
1379 2068 1591 2137 πατέρα
1631 2067 1740 2120 τῶν

158 2151 299 2203 θεῶν
332 2156 431 2205 καὶ
477 2157 568 2206 τὸν
612 2155 927 2208 Ἀπόλλωνα
958 2157 1048 2209 τὸν
1089 2156 1394 2226 θαυμάσιον
1439 2161 1564 2220 τους
1599 2159 1739 2229 ὑπὲρ

156 2246 284 2305 τοὺς
327 2243 522 2306 ἀλλους
549 2245 706 2306 θεοὺς
736 2247 975 2309 συνετῶς
1014 2249 1386 2316 φυλάττοντάς
1431 2266 1491 2302 τε
1523 2250 1616 2304 καὶ
1645 2267 1742 2302 πε-

158 2337 587 2403 ριποιουμένους
645 2338 745 2408 τὴν
808 2339 1088 2408 βασιλείαν
1152 2341 1252 2409 τῆς
1317 2342 1568 2406 ἔξουσίας
1619 2360 1735 2398 σου.

156 2427 475 2497 Μαυρίκιος
508 2428 564 2480 δὲ
603 2433 699 2483 καὶ
737 2431 787 2482 oi
846 2432 944 2483 σὺν
974 2432 1124 2500 αὐτῷ
1157 2434 1531 2502 ἐϐδομήκοντα
1567 2452 1728 2504 στραο

152 2518 348 2570 salut
384 2518 479 2570 τοῦ
541 2523 778 2589 κράτους
830 2537 945 2586 σου,
996 2523 1058 2572 ἐκ
1121 2523 1229 2573 τῶν
1292 2523 1398 2574 σῶν
1428 2523 1735 2587 ὑψωθέντες

152 2607 374 2676 δωρεῶν
411 2611 628 2671 καὶτὰς
671 2612 992 2679 φιλοτίμους
1022 2629 1138 2677 σου,
1173 2616 1602 2684 καρπωσάμενοι
1633 2617 1734 2686 χά-

157 2717 339 2768 ριτας,
366 2698 702 2768 ἀτιμάζουσι
740 2720 864 2765 τους
898 2704 1053 2767 θεοὺς
1085 2706 1181 2759 καὶ⁷
1219 2709 1361 2760 κατὰ
1406 2709 1503 2776 τῆς
1529 2710 1733 2782 ἀηττή-

151 2807 246 2842 του
302 2807 399 2843 σου
459 2796 894 2862 τετυραννήκασι
950 2799 1251 2866 βασιλείας,
1300 2805 1365 2870 τῇ
1405 2801 1581 2875 πλάνῃ
1610 2821 1733 2856 συν-

152 2887 500 2953 απαγόμενοι
524 2886 632 2937 τῶν
662 2887 972 2955 λεγομένων
1008 2891 1376 2958 Χριστιανῶν.

223 3062 300 3115 1".
339 3062 527 3114 Ταῦτα
566 3063 806 3126 ἀκούσας
853 3065 881 3116 ὁ
910 3065 1173 3134 τύραννος
1224 3067 1570 3137 Μαξιμιανδς
1612 3069 1732 3123 ἐθυ-

153 3157 311 3222 μώθη
344 3158 412 3223 τῇ
435 3155 602 3223 ψυχῇ,
621 3159 827 3218 καὶτὰς
858 3161 1056 3225 φρένας
1083 3159 1374 3227 ἠλλοιώθη,
1399 3163 1487 3210 καὶ
1507 3163 1734 3228 τὴνδιά-

150 3265 303 3300 νοιαν
339 3249 482 3315 ὑπὲρ
531 3250 761 3316 κάμινον
796 3249 1090 3320 ἐξεκαυθη,
1131 3251 1421 3320 ἐξαιρέτως
1455 3251 1729 3320 διδαχθείς

149 3341 229 3392 ὃτι
267 3343 325 3391 ἐν
363 3343 487 3404 ταῖς
513 3341 678 3392 αὑτοῦ
725 3345 1040 3410 στρατείαις
1079 3342 1355 3406 τοιούτους
1392 3345 1732 3414 στρατιώτας

150 3436 445 3502 ὑπάρχειν.
487 3436 597 3486 Καὶ
619 3434 683 3500 δη
724 3437 939 3502 ἡμέραν
964 3436 1306 3503 ἐπιτηρησας
1333 3439 1608 3504 ἐπίσημον
1638 3438 1733 3490 καὶ

145 3529 312 3579 τόπον
354 3527 666 3594 ἐπιτήδειον
696 3527 949 3594 εὑρηκὼς
982 3527 1114 3597 πρὸς
1147 3529 1379 3596 Θεωρίαν
1405 3529 1498 3580 τοῦ
1529 3531 1729 3598 δήμου,

149 3620 322 3688 μέσον
373 3617 484 3666 τῶν
532 3615 800 3684 ἀρκτῴων
842 3616 1027 3668 πυλῶν
1065 3618 1163 3688 τῆς
1201 3617 1490 3687 Ἀπαμέων
1530 3635 1734 3688 μητρο-

145 3712 356 3772 πόλεως
384 3710 633 3772 Γιτνείας
694 3709 997 3778 ’Δμαξικῆς
1042 3711 1364 3782 λεγομένης,
1411 3715 1631 3764 κάκεῖσε
1675 3712 1733 3765 τὸ

141 3804 502 3873 δικαστήριον
547 3803 977 3873 εὐτρεπισθῆναι
1021 3804 1306 3867 κελεύσας,
1338 3804 1568 3873 ἀχθῆναι
1604 3808 1731 3868 τοὺς

140 3900 428 3965 ἀοιδίμους
465 3895 768 3964 προσέταξε
805 3901 1116 3966 μάρτυρας.
1158 3893 1278 3966 Ἐφ’
1314 3896 1520 3979 ὑψηλοῦ
1551 3914 1730 3952 τοινυν

143 3991 392 4060 βήματος
427 3990 523 4043 τοῦ
551 3991 992 4045 δυσσεϐεστάτου
1026 3994 1297 4062 τυράννου
1345 3994 1728 4061 καθεσθέντος,

139 4087 325 4156 πάσης
355 4085 458 4153 τῆς
491 4085 701 4147 πόλεως
738 4093 834 4138 καὶ
874 4087 1050 4155 πάσης
1096 4088 1314 4156 ἡλικίας
1355 4088 1433 4150 είς
1469 4090 1568 4155 τὴν
1606 4090 1732 4139 τού-

143 4196 250 4232 των
281 4181 529 4248 Θεωρίαν
565 4177 1003 4251 συνδραμούσης,
1032 4180 1104 4239 ώς
1135 4180 1269 4246 μηδὲ
1295 4180 1401 4231 τῶν
1428 4180 1734 4248 θαλαμευο-

140 4274 322 4340 μένων
377 4271 671 4340 παρθένων
721 4269 1194 4336 καταλειφθεισῶν
1240 4271 1298 4322 ὲν
1345 4274 1457 4332 τοῖς
1501 4272 1727 4332 οἰκείοις

136 4365 538 4433 καταγωγίοις,
574 4358 710 4431 ἦγον
749 4364 800 4414 οί
846 4361 1139 4433 δορυφόροι
1183 4365 1308 4424 τοὺς
1349 4362 1727 4433 ἑδδομήκοντα

135 4459 484 4530 στρατιώτας
515 4455 610 4506 τοῦ
637 4455 900 4522 Χριστοῦ,
930 4454 1019 4516 οὓς
1048 4455 1386 4524 θεασάμενος
1410 4457 1437 4507 ὁ
1467 4456 1726 4525 βασιλεὺς

1844 1962 2170 2027 potentiam,
2196 1968 2341 2033 quod
2383 1975 2762 2042 unusquisque
2786 1990 2976 2029 eorum
3000 1980 3093 2047 qui
3126 1989 3254 2033 sunt
3282 1983 3425 2050 apud

1843 2065 1968 2115 nes,
2003 2070 2127 2108 cum
2163 2058 2362 2115 timore
2396 2077 2451 2116 et
2483 2065 2762 2122 desiderio
2793 2069 3024 2125 honorat
3057 2076 3326 2128 maximos
3375 2088 3429 2130 et

1841 2145 2048 2211 patrios
2077 2147 2248 2203 deos:
2285 2155 2519 2208 maxime
2553 2167 2735 2211 autem
2769 2161 2958 2215 Jovem
3027 2173 3239 2230 patrem
3286 2167 3421 2220 deo-

1843 2249 1986 2298 rum,
2021 2249 2076 2292 et
2101 2239 2412 2310 Apollinem
2451 2247 2856 2315 admirabilem,
2881 2253 2975 2321 qui
3002 2265 3132 2308 sunt
3165 2259 3287 2312 aliis
3315 2259 3422 2314 diis

1841 2332 2182 2398 superiores,
2219 2347 2276 2389 et
2308 2336 2599 2408 imperium
2638 2352 2742 2396 tuae
2777 2352 3060 2411 potestatis
3101 2350 3257 2404 valde
3283 2367 3422 2405 con-

1841 2435 2066 2479 servant
2099 2438 2154 2481 et
2199 2438 2445 2484 tuentur.
2486 2433 2783 2490 Mauricius
2836 2448 3020 2493 autem
3055 2449 3111 2494 et
3166 2445 3258 2512 qui
3293 2455 3425 2500 sunt

1839 2529 1964 2568 cum
2002 2533 2069 2570 eo
2101 2524 2447 2591 septuaginta
2490 2521 2694 2582 milites
2730 2539 2837 2584 tua;
2861 2537 3147 2599 potentia},
3177 2537 3230 2590 in
3250 2539 3421 2591 altum

1836 2609 1966 2660 elati
2005 2610 2310 2666 honoribus
2343 2616 2451 2669 tuis
2481 2629 2538 2671 et
2580 2622 2924 2686 muneribus,
2961 2635 3016 2678 et
3045 2628 3138 2694 qui
3193 2629 3327 2681 ditia
3369 2638 3426 2683 et

1837 2702 2126 2772 magniﬁca
2169 2705 2312 2759 dona
2361 2723 2428 2761 ex
2464 2719 2513 2765 te
2583 2727 2966 2782 perceperunt,
3006 2717 3140 2772 deos
3212 2721 3425 2774 habent

1837 2800 2204 2867 contemptui,
2261 2812 2318 2856 et
2379 2804 2644 2858 adversus
2687 2822 2942 2876 magnum
3006 2819 3158 2864 tuum
3203 2822 3259 2865 et
3290 2814 3430 2866 invi-

1836 2899 1984 2941 ctum
2039 2894 2329 2960 imperium
2377 2907 2637 2950 exercent
2667 2901 3037 2968 tyrannidem,
3074 2904 3299 2960 abducti
3354 2906 3425 2959 ab

1835 2993 2025 3032 errore
2051 2983 2517 3040 Christianorum.

1908 3074 1995 3130 Ill.
2022 3075 2146 3131 Haec
2175 3094 2308 3148 ergo
2337 3095 2462 3134 cum
2497 3082 2736 3137 audisset
2766 3085 3088 3156 tyrannicus
3114 3087 3420 3157 imperator

1842 3168 2218 3235 Maximianus,
2250 3173 2436 3228 animo
2463 3176 2616 3230 valde
2643 3179 2750 3229 l'uit
2788 3180 2985 3243 iratus,
3013 3191 3065 3234 et
3100 3187 3425 3250 praecordiis

1839 3260 2120 3326 incensus,
2153 3275 2208 3316 et
2240 3271 2421 3318 mente
2461 3271 2632 3336 magis
2654 3272 2789 3322 arsit
2835 3289 2998 3338 quam
3028 3274 3218 3328 fornax
3247 3297 3256 3327 :
3289 3295 3425 3346 pra:-

1833 3350 1993 3421 cipue
2024 3369 2148 3407 cum
2205 3359 2530 3426 accepisset,
2564 3362 2706 3430 quod
2767 3363 2820 3416 in
2852 3379 2953 3418 suo
2983 3368 3226 3420 exercitu
3279 3371 3418 3426 tales

1833 3454 2018 3499 essent
2042 3449 2267 3504 milites.
2303 3451 2365 3504 Et
2393 3469 2515 3506 cum
2549 3454 2693 3508 diem
2742 3456 3092 3513 observassct
3118 3461 3416 3530 insignem,

1833 3547 1891 3591 ct
1916 3539 2094 3596 locum
2131 3543 2642 3614 invenissetaptum
2684 3549 2748 3602 ad
2793 3554 2978 3618 populi
3017 3558 3418 3624 spectaculum,

1835 3628 1889 3680 in
1949 3631 2128 3684 medio
2163 3645 2443 3701 portarum
2512 3643 3029 3708 septentrionalium
3099 3650 3422 3718 metropolis

1834 3725 2284 3796 Apemcensium,
2319 3747 2442 3801 quae
2491 3734 2695 3788 dicitur
2748 3738 2957 3792 Vicinia
3018 3744 3297 3805 Amaxica,
3366 3757 3421 3798 et

1829 3822 2085 3892 jussisset
2124 3824 2234 3878 illic
2262 3827 2440 3892 parari
2499 3828 2978 3898 judicium,jussit
3005 3833 3130 3886 duci
3184 3833 3420 3905 iuclytos

1833 3925 2126 3984 martyres.
2168 3914 2302 3970 Cum
2329 3919 2381 3970 iu
2417 3919 2527 3972 alto
2576 3929 2760 3973 autem
2802 3922 3062 3976 tribunali
3098 3925 3298 3993 impius
3331 3937 3413 3982 Se-

1832 4005 2004 4059 disset
2069 4017 2330 4074 tyrannus
2413 4009 2793 4074 Maximianus,
2855 4020 3227 4070 concurrisset
3285 4035 3418 4073 vero

1833 4098 2093 4150 universa
2129 4098 2325 4152 civitas
2355 4109 2410 4152 ct
2441 4101 2622 4156 omnis
2659 4115 2791 4158 mtas
2822 4105 2888 4158 ad
2935 4122 3031 4160 eos
3064 4115 3415 4177 spectandos,

1831 4191 1968 4242 adeo
2008 4199 2067 4243 ut
2103 4207 2205 4243 nec
2233 4194 2480 4260 virgines
2506 4197 2751 4263 quidem,
2786 4213 2908 4266 qua:
2950 4199 3157 4269 degunt
3201 4205 3253 4255 in
3289 4205 3411 4257 tha-

1831 4282 2011 4341 lamis.
2067 4286 2436 4338 remanserint
2473 4288 2526 4340 in
2570 4291 2687 4340 suis
2725 4291 3076 4353 habitaculis.
3130 4295 3413 4352 duxerunt

1829 4375 2099 4428 satellites
2148 4378 2493 4446 septuaginta
2553 4377 2760 4434 Christi
2823 4382 3052 4438 milites.
3109 4385 3259 4451 Quos
3291 4404 3415 4443 cum

1831 4467 2134 4533 aspexisset
2185 4469 2505 4535 imperator,
2548 4471 2687 4524 dixit
2719 4487 2912 4525 eorum
2956 4473 3083 4528 duci
3115 4494 3125 4528 :
3161 4477 3271 4531 Nos
3293 4495 3415 4548 spe-

134 4553 268 4620 πρὸς
301 4550 399 4602 τὸν
428 4547 639 4601 τούτων
670 4545 898 4617 εξαρχον
927 4543 1080 4600 εἶπεν
1101 4562 1116 4577 ο
1165 4545 1356 4615 Ἡμεῖς
1400 4548 1719 4617 ἐλπίζομεν,

1838 4559 2104 4621 rabamus,
2136 4573 2168 4610 o
2196 4557 2445 4622 Maurici,
2501 4563 2647 4629 quod
2685 4564 2886 4616 nostris
2943 4565 3190 4620 fruentes
3223 4570 3409 4634 donis,

131 4638 172 4697 ὦ
201 4641 514 4711 Μαυρίκιε,
542 4639 616 4702 ὠς
640 4640 750 4691 τῶν
782 4641 1065 4710 ἡμετέρων
1090 4639 1456 4701 ἀπολαύοντες
1475 4640 1718 4710 δωρεῶν⁹

131 4739 221 4788 καὶ
257 4736 525 4804 βασιλικῇ
549 4735 724 4801 τροφῇ
753 4731 1193 4801 ἑναὸρυνὸμενοι,
1217 4735 1312 4783 καὶ
1341 4731 1450 4782 τῶν
1478 4748 1719 4802 κοσμου-

133 4825 312 4891 μένων
348 4824 411 4873 tv
434 4821 710 4887 ἀξιώμασι
740 4818 810 4870 τὰ
843 4825 1088 4887 πρωτεῖα
1122 4820 1253 4890 παρ’
1282 4820 1440 4890 ήμῶν
1479 4823 1716 4891 εὐτυχήο

130 4933 322 4977 σαντες
347 4917 629 4982 κατίχνως
663 4913 756 4980 τῆς
783 4913 1056 4981 ἡμετέρας
1092 4913 1372 4965 ἰθύνεσθαι
1406 4915 1715 4985 γαληνὸτη-

126 5026 229 5073 τος,
257 5011 358 5061 καὶ
384 5009 511 5068 τοὺς
544 5006 955 5074 ἐπιχειροῦντας
974 5009 1070 5075 τῆς
1093 5007 1364 5077 ἡμετέρας
1390 5008 1714 5077 θεοφευλοῦς

127 5102 434 5170 θρησκείας
476 5096 795 5166 ἀ....πηδᾷν
829 5097 1092 5166 πράξεσιν
1122 5099 1399 5167 ἀνδρείαις
1439 5105 1533 5154 καὶ
1562 5103 1706 5154 διδαο

126 5177 793 5254 σκαλίαιξπαντοδαπαίς
830 5191 907 5250 εἰς
957 5191 1016 5241 τὸ
1043 5190 1196 5256 ὑγιὲς
1224 5193 1611 5262 ἐπιστρέφεται
1651 5194 1712 5245 τὸ

124 5305 215 5357 οσρ
249 5286 687 5357 θεραπεύοντες,
724 5285 818 5334 καὶ
847 5283 907 5333 τὸ
936 5281 1145 5352 χωλοῦν
1181 5283 1581 5354 διορθούμενοι,
1615 5286 1710 5338 καὶ

123 5384 176 5432 τδ
229 5376 515 5446 πολεμοῦν
562 5372 966 5444 εἰρηνεύοντες,
1031 5375 1124 5427 καὶ
1170 5379 1452 5445 συντόμως
1507 5378 1704 5444 ειπείν,

124 5475 265 5527 ἀπαν
299 5473 360 5526 τὸ
401 5471 481 5540 μὴ
526 5473 674 5520 κατά
705 5466 795 5520 τὸν
828 5467 1098 5535 ἡμέτερον
1124 5471 1324 5520 σκοπὸν
1351 5471 1706 5539 πολιτευόμε-

124 5587 204 5621 νον
227 5568 299 5630 ὡς
325 5566 600 5633 πολέμιον
638 5561 1054 5621 ὑποτάττοντες.
1084 5560 1470 5629 Ἑδιδάχθημεν
1509 5563 1564 5617 δι
1597 5564 1706 5614 πᾶν

123 5665 176 5714 το
225 5661 500 5724 ἐναντίον,
549 5657 626 5718 ὡς
684 5653 854 5716 leuca,
905 5657 1034 5722 περὶ
1067 5655 1258 5723 ὑμῶν’
1303 5655 1440 5723 πρὸς
1474 5651 1554 5716 οἷς
1595 5657 1705 5724 γὰρ

125 5759 329 5822 ἑτέρους
357 5757 421 5808 ἐκ
450 5753 560 5822 τῆς
592 5746 870 5819 ἡμετέρας
901 5747 1329 5815 δεισιδαιμονίας
1361 5749 1701 5816 ἀφηνιάσαν-

123 5864 210 5909 τις
242 5852 336 5902 ο-ικ
383 5844 763 5918 ιπιτρέψατε,
804 5841 940 5895 ἀλλά
993 5843 1086 5894 καὶ
1118 5842 1268 5894 αὐτοὶ
1323 5844 1370 5892 οί
1416 5843 1554 5894 κατά
1588 5841 1694 5893 τῶν

1829 4658 1885 4701 et
1913 4650 2175 4702 alimento
2202 4651 2386 4702 educti
2417 4652 2796 4721 imperatorio,
2828 4656 3145 4726 primosque
3169 4660 3413 4720 honores

1826 4749 1883 4793 et
1923 4740 2228 4809 dignitates
2256 4758 2285 4794 a
2323 4743 2485 4795 nobis
2517 4748 2822 4811 consecuti,
2859 4750 3188 4806 insisteretis
3239 4758 3409 4809 vesti-

1827 4832 1929 4899 giis
1968 4840 2166 4884 nostra:
2221 4834 2658 4900 tranquillitatis,
2699 4846 2754 4889 et
2788 4851 2884 4891 eos
2916 4839 3006 4906 qui
3064 4854 3410 4896 conarentur

1824 4925 2036 4978 resilire
2088 4941 2115 4978 a
2155 4936 2339 4979 nostra
2377 4931 2476 4980 deo
2507 4939 2657 4996 grata
2691 4930 2924 5000 legione,
2963 4931 3202 4989 fortibus
3247 4936 3409 4992 factis

1823 5029 1876 5072 et
1899 5034 2060 5071 omne
2080 5034 2251 5087 genus
2273 5020 2544 5076 doctrinis
2566 5027 2961 5077 converteretis
2987 5029 3051 5078 ad
3083 5029 3405 5093 sanitatem,

1823 5112 1968 5180 quod
1997 5125 2287 5182 :egrotaret
2315 5126 2592 5180 curanres,
2621 5126 2676 5169 et
2699 5117 2844 5185 quod
2875 5119 3406 5173 claudicaretcorri-

1820 5216 2030 5274 gentes,
2092 5216 2146 5259 et
2179 5205 2324 5276 quod
2358 5208 2556 5262 bellum
2584 5219 2800 5277 gereret
2845 5210 3197 5277 pacificantes
3221 5229 3235 5263 :
3261 5224 3316 5264 et
3347 5223 3402 5264 ut

1821 5296 1989 5351 semel
2046 5298 2246 5360 dicam,
2297 5301 2524 5368 quiquid
2578 5318 2775 5354 senon
2831 5316 2896 5354 ex
2942 5313 3128 5355 nostro
3177 5303 3401 5358 haberet

1821 5391 2095 5452 instituto,
2141 5394 2400 5459 tanquam
2436 5393 2719 5446 inimicum
2773 5404 2827 5447 et
2858 5394 3058 5448 hostile
3096 5395 3400 5463 subjicien-

1820 5489 1918 5534 tes.
1957 5482 2062 5534 Sed
2121 5483 2187 5535 de
2217 5482 2391 5547 vobis,
2428 5495 2485 5537 ut
2532 5485 2772 5546 videtur,
2807 5484 3148 5537 contrarium
3183 5487 3401 5554 accepi-

1815 5586 1957 5624 mus.
2016 5572 2132 5625 Non
2186 5573 2362 5626 solum
2406 5574 2552 5628 enim
2596 5591 2701 5628 non
2758 5576 3109 5630 convenistis
3167 5590 3262 5628 eos
3302 5576 3398 5644 qui

1814 5663 2075 5716 adversus
2099 5673 2338 5717 nostram
2373 5666 2710 5718 rebellarunt
2737 5667 3078 5734 religionem,
3109 5668 3202 5719 sed
3228 5669 3395 5718 etiam

1815 5755 1912 5823 ipsi
1946 5755 2208 5809 adversus
2247 5756 2379 5810 deos
2436 5769 2655 5812 nostros
2702 5761 3108 5829 omnipotentes
3147 5761 3394 5828 tyranni-

1811 5849 1934 5901 dem
1977 5859 2321 5917 exercentes,
2355 5861 2408 5904 et
2434 5853 2527 5917 qui
2557 5855 2637 5905 eis
2680 5862 2805 5904 sunt
2838 5853 3123 5905 constituti
3155 5855 3393 5904 honores
