3966 6440
558 348 668 412 359

1875 347 2160 408 MENSIS
2202 349 2507 412 IULIUS.

3713 347 3821 408 360

553 473 610 518 et
628 461 896 517 sacriﬁcia
922 463 1258 517 aclibamina
1279 461 1588 520 abolentes.
1611 459 1734 515 aliis
1753 461 1938 518 fuistis
1962 463 2132 518 duces

2253 469 2524 536 ιιμετέρων
2571 466 3036 536 παντοκρατόρων
3067 464 3207 518 θεῶν
3247 464 3689 536 τνραννήσαντες
3725 467 3826 518 καὶ

554 553 622 610 ad
650 554 945 609 barathum
997 555 1279 620 interitus,
1313 554 1358 608 si
1409 567 1536 606 vera
1569 560 1700 606 sunt
1734 567 1856 622 quae
1877 553 1945 609 de
1979 554 2136 609 vobis

554 646 622 701 ad
656 655 874 700 nostras
896 661 1060 700 aures
1093 651 1488 714 pervenerunt.

630 916 718 972 IV.
755 916 899 970 Dixit
929 924 1152 972 sanctus
1177 916 1476 972 Mauricius
1523 935 1537 972 :
1581 918 1904 988 Imperator,
1952 930 2074 985 quae
2107 929 2139 968 a

558 1009 719 1063 nobis
744 1019 1038 1064 exercetur
1087 1011 1332 1081 tyrannis
1391 1012 1658 1065 adversus
1687 1010 1844 1070 deos,
1875 1009 1969 1078 qui
2011 1017 2141 1062 sunt

560 1100 710 1154 nullo
738 1115 904 1154 sensu
934 1101 1171 1170 praediti,
1201 1102 1362 1157 nobis
1416 1104 1651 1156 validam
1684 1102 1922 1172 acquirit
1969 1110 2138 1155 ueto-

557 1191 692 1244 riam
735 1207 765 1246 a
814 1208 943 1248 vero
992 1196 1123 1256 Deo,
1171 1204 1226 1248 et
1262 1210 1526 1249 coronam
1585 1195 1790 1264 gloriae.
1827 1193 1944 1247 Non
1988 1196 2136 1248 enim

556 1298 920 1353 aspernamur
938 1296 993 1340 et
1023 1287 1180 1340 nihili
1216 1286 1444 1342 facimus
1493 1287 1682 1351 Deum,
1711 1289 1806 1358 qui
1837 1303 1936 1341 nos
1959 1286 2138 1352 finxit,

560 1386 621 1429 ut
653 1379 819 1431 stulta
878 1390 963 1431 est
995 1389 1086 1432 tua
1123 1379 1386 1434 traditio:
1427 1381 1522 1434 sed
1573 1380 1946 1451 gloriﬁcamus
1984 1395 2136 1444 eum,

557 1469 652 1540 qui
685 1479 771 1525 est
801 1472 950 1526 solus
980 1488 1145 1528 verus
1170 1473 1331 1536 Deus,
1351 1476 1444 1544 qui
1472 1474 1602 1529 fecit
1621 1476 1824 1529 cadum
1856 1485 1910 1528 et
1936 1485 2138 1528 terrain

554 1571 616 1618 et
640 1578 812 1626 mare,
846 1575 903 1618 et
932 1566 1116 1619 omnia
1155 1566 1250 1635 qui
1273 1566 1328 1619 in
1359 1568 1442 1621 eis
1459 1577 1609 1621 sunt.
1636 1567 1923 1635 Improbos
1953 1576 2139 1620 autem

555 1665 614 1710 et
645 1656 964 1711 immundos
1005 1658 1283 1713 dmones
1333 1667 1388 1712 et
1416 1659 1510 1728 qui
1570 1659 1870 1714 homnibus
1901 1659 2140 1714 aﬂ‘erunt

557 1747 812 1811 exitium,
839 1763 961 1816 quae
981 1759 1112 1802 sunt
1133 1749 1298 1802 surda
1324 1759 1380 1803 et
1399 1765 1540 1805 caeca
1571 1751 1891 1816 simulacra,
1913 1759 1968 1805 et
1987 1751 2138 1804 nullo

559 1853 723 1897 tenso
755 1841 1003 1910 praedita,
1026 1857 1134 1896 non
1173 1843 1584 1897 convenitdeos
1607 1856 1877 1906 voeare,o
1901 1842 2139 1912 impera-
2170 1826 2215 1886 Β

563 1941 669 1986 tor.
699 1933 844 1988 Dixit
877 1935 1178 2003 imperator
1201 1933 1607 1989 Maximianus:
1635 1934 1773 1988 Cum
1809 1934 2074 1988 honorem
2111 1948 2140 1987 a

559 2026 670 2080 diis
699 2028 774 2080 sis
807 2039 1160 2092 consecutus,
1187 2038 1244 2082 et
1279 2029 1489 2082 militia:
1533 2030 1768 2097 primum
1808 2028 1989 2081 locum
2019 2043 2140 2082 sor-

566 2122 718 2182 titus,
744 2135 778 2174 o
805 2119 1052 2179 Maurici.
1085 2123 1168 2175 eis
1195 2121 1479 2191 pulchram
1509 2120 1680 2174 refers
1704 2124 1958 2192 gratiam.
1998 2123 2144 2176 Dixit

561 2222 787 2268 sanctus
837 2213 1138 2270 Mauricius
1202 2232 1216 2269 :
1251 2215 1544 2285 Nunquam
1595 2216 1862 2269 honorem
1900 2217 2084 2283 accepi
2112 2230 2142 2266 a

560 2307 666 2360 diis
694 2307 914 2370 vestris,
964 2323 1145 2376 neque
1179 2309 1307 2361 volo
1361 2323 1458 2361 eos
1493 2308 1791 2362 honorare.
1834 2306 1968 2372 Quis
1993 2307 2143 2359 enim

561 2415 804 2469 unquam
833 2415 899 2455 ex
933 2399 1274 2465 hominibus,
1299 2400 1392 2470 qui
1425 2400 1521 2455 Dei
1557 2398 1724 2455 habet
1750 2400 2143 2469 cognitionem,

561 2493 890 2547 sustinuerit
929 2493 1202 2547 honorare
1235 2493 1497 2549 materias
1554 2493 1710 2548 nullo
1743 2509 1905 2548 sensu
1944 2493 2144 2564 praedi-

563 2586 684 2640 tas?
722 2585 829 2640 Sed
863 2586 1066 2654 quibus
1113 2601 1221 2640 non
1253 2595 1336 2641 est
1391 2602 1564 2653 mens,
1594 2602 1716 2658 qua
1745 2587 1912 2642 rectis
1942 2587 2146 2658 guber-

562 2689 726 2734 natur
781 2679 1113 2742 rationibus,
1166 2689 1455 2750 propterea
1494 2683 1640 2750 quod
1671 2683 1942 2752 jumentis
1988 2695 2143 2736 com-

562 2774 738 2843 parati
762 2775 872 2826 sint
909 2773 1320 2841 insipientibus,
1359 2783 1414 2826 et
1457 2774 1669 2828 similes
1700 2776 1827 2828 l'aeti
1859 2776 1971 2829 sint
1997 2775 2076 2828 eis
2104 2776 2143 2838 ⁸,

563 2867 601 2920 ii
628 2865 840 2934 lapides
864 2874 920 2919 et
949 2865 1092 2934 ligna
1121 2867 1176 2917 ln
1202 2863 1337 2919 deos
1387 2865 1657 2929 referunt,
1690 2877 2045 2937 mentemque
2064 2868 2146 2922 eis

565 2958 839 3019 tribuunt,
885 2967 940 3011 et
973 2959 1244 3011 honorant
1281 2967 1540 3029 tanquam
1597 2959 1751 3015 deos.
1789 2961 1936 3014 Dixit
1972 2961 2144 3029 impe-

563 3059 714 3108 rator
753 3050 1116 3106 Maximianus
1152 3067 1166 3104 :
1198 3048 1470 3115 Quoniam
1525 3052 1732 3120 primas
1768 3061 1952 3122 partes
1997 3051 2147 3105 obti-

560 3146 730 3198 nuisti
797 3145 852 3197 in
919 3142 1210 3198 ordinibus
1284 3152 1486 3196 nostra:
1537 3143 2060 3207 administrationis,
2113 3157 2147 3197 o

561 3237 810 3298 Maurici,
846 3237 898 3291 id
943 3237 1042 3291 tibi
1087 3251 1340 3308 magnam
1389 3236 1624 3305 praebuit
1667 3237 2055 3291 confidentiam
2090 3247 2146 3291 et

561 3329 748 3384 eilecit
766 3332 1115 3384 audaciorem
1137 3347 1153 3385 :
1175 3331 1316 3383 adeo
1338 3338 1398 3381 ut
1426 3328 1712 3396 splendide
1735 3337 1791 3382 et
1819 3328 1953 3383 citra
1977 3332 2144 3383 ullam

563 3424 1044 3480 conturbationem
1070 3422 1404 3494 respondeas
1424 3433 1625 3476 nostra:
1643 3423 1946 3476 serenitati.
1963 3423 2147 3476 .Iubet-

562 3534 692 3590 que,
715 3533 782 3572 eo
811 3528 1081 3587 separato,
1120 3517 1734 3586 reliquosinterrogari,
1767 3527 1822 3569 et
1848 3515 2042 3570 blande
2064 3515 2146 3571 eis

562 3611 701 3664 dicit
745 3610 1046 3678 imperator
1079 3628 1091 3661 :
1127 3610 1262 3674 Quis
1291 3605 1450 3660 vobis
1480 3615 1684 3661 tantam
1712 3607 1842 3662 fecit
1870 3607 2149 3677 injuriam,

561 3716 596 3756 ο
627 3705 842 3765 l‘ratres,
882 3711 942 3754 ut
971 3700 1281 3756 deﬁeeretis
1311 3715 1338 3754 a
1369 3700 1478 3754 diis
1511 3699 1892 3752 servatoribus
1938 3716 1952 3752 ε
1998 3714 2155 3752 acce-

561 3795 768 3850 dcretis
788 3806 970 3850 autem
991 3796 1166 3849 errori
1193 3795 1479 3847 hominum
1499 3792 1592 3862 qui
1617 3794 1851 3848 adorant
1871 3792 2151 3848 hominem

562 3891 884 3944 cruciﬂwm
923 3901 1181 3958 tanquam
1205 3903 1372 3942 unum
1414 3886 1788 3940 homicidam?
1833 3886 1951 3938 Non
1993 3888 2140 3940 enim

562 3989 643 4045 sic
674 4001 770 4040 vos
797 3984 1122 4047 erudiimus,
1153 3997 1332 4051 neque
1359 3982 1412 4035 in
1443 3979 1533 4035 tali
1556 3979 1805 4033 doctrina
1828 3980 2140 4036 eduximus.

633 4081 695 4133 V.
730 4080 886 4133 Tunc
917 4092 1043 4130 vere
1076 4077 1219 4129 beati
1253 4075 1581 4129 Theodorus
1606 4084 1661 4127 et
1689 4075 1996 4145 Philippus,
2025 4085 2146 4129 tan-

562 4188 726 4244 quam
777 4187 841 4225 ex
873 4185 971 4223 ore
1032 4177 1350 4221 sanctorum
1406 4166 1756 4236 septuaginta
1818 4177 2144 4237 martyrum,

564 4268 823 4320 dixerunt
878 4262 1240 4332 imperatori:
1300 4261 1430 4327 Nos,
1489 4278 1520 4314 o
1555 4271 1787 4331 tyranne
1845 4260 2149 4329 imperator

564 4356 916 4416 Maximiane,
949 4363 1160 4407 tantum
1193 4352 1458 4405 absumus
1491 4352 1559 4405 ab
1588 4367 1803 4415 errore,
1839 4361 1898 4405 ut
1934 4361 1983 4406 te
2007 4365 2148 4422 quo-

563 4467 670 4521 que
699 4460 953 4520 optemus
981 4446 1206 4501 liberari
1235 4447 1302 4499 ab
1352 4461 1564 4509 errore,
1595 4463 1623 4499 a
1656 4460 1764 4514 quo
1795 4461 1896 4497 nos
1930 4460 2149 4513 quoque

2241 562 2338 623 τάς
2391 560 2792 630 νενομισμένας
2841 561 3027 622 αὐτοῖς
3061 558 3228 628 τιμάς
3268 575 3328 610 τε
3369 559 3465 612 καὶ
3494 559 3687 620 θυσίας
3725 560 3826 610 καὶ

2243 653 2479 714 σπονδὰς
2538 651 2926 721 ἀθετήσαντες,
2979 651 3166 722 ὁδηγοὶ
3219 651 3358 718 πρὸς
3377 640 3666 722 ’βάραθρον
3715 651 3826 702 ἀπ-

2240 747 2436 809 ωλείας
2461 747 2674 817 ἑτέροις
2703 747 2965 814 γεγόνατε
2988 760 3000 774 ⁸
3029 746 3177 814 ἢπερ
3202 743 3434 814 ἀληθείᾳ
3459 741 3724 812 κυροῦται
3757 743 3827 794 τὰ

2242 839 2322 901 είς
2352 838 2630 908 ἡμετέρας
2657 838 2826 897 ἀκοὰς
2862 835 2985 890 καθ’
3011 838 3164 906 ὑμῶν
3193 839 3525 906 ἀφικόμενα.

2317 935 2389 982 Δ⁰.
2427 929 2738 999 Μαυρίκιος
2787 925 2979 981 εἷπεν·
3037 929 3102 981 'H
3153 928 3285 998 παρ’
3335 927 3497 997 ἡμῶν
3557 923 3829 995 τυραννία

2241 1023 2384 1077 κατά
2421 1023 2531 1076 τῶν
2587 1022 2934 1090 ἀναισθήτων
2984 1039 3078 1076 σου
3136 1020 3299 1084 θεῶν,
3365 1018 3610 1088 βασιλεῦ,
3659 1017 3828 1087 νίκην

2240 1118 2376 1188 ἡμῖν
2411 1116 2642 1184 ίσχυράν
2691 1115 2844 1183 παρά
2886 1113 2982 1167 τοῦ
3021 1112 3280 1182 ἀληθινοῦ
3316 1113 3454 1165 Θεοῦ
3495 1115 3588 1165 καὶ
3621 1113 3831 1177 στέφα-

2241 1227 2332 1264 νον
2366 1209 2524 1280 δόξης
2557 1207 2906 1278 περιτίθησιν
2928 1224 2942 1238 ο
2979 1207 3040 1260 οὐ
3077 1211 3185 1276 γὰρ
3216 1204 3520 1272 ἀθετοῦμεν
3558 1205 3651 1256 τὸν
3683 1203 3830 1254 πλά-

2244 1343 2261 1359 .
2338 1338 2354 1353 .
2438 1337 2454 1352 .
2536 1339 2550 1354 .
2633 1337 2650 1355 .
2728 1338 2746 1354 .
2824 1338 2838 1354 .
2915 1315 2985 1351 τα
3031 1299 3178 1367 ἡμᾶς
3210 1297 3343 1348 Θεὸν
3375 1297 3515 1348 κατά
3556 1295 3654 1363 τὴν
3693 1296 3826 1345 ἀνο-

2245 1440 2258 1454 .
2336 1436 2358 1457 .
2433 1439 2446 1453 .
2528 1435 2543 1450 .
2623 1435 2638 1452 .
2715 1392 3344 1466 παράδωσινοάλλάδο
3419 1429 3434 1443 .
3513 1429 3529 1444 .
3609 1427 3625 1444 .
3705 1425 3724 1443 .
3809 1426 3822 1443 .

2245 1491 2530 1560 (ξὶάζομεν
2556 1489 2651 1541 τὸν
2679 1488 2839 1557 μόνον
2869 1486 3121 1555 ἀληθινὸν
3153 1484 3288 1536 Θεὸν
3330 1521 3344 1537 .
3424 1522 3440 1538 .
3519 1521 3533 1536 .
3612 1519 3627 1534 .
3707 1522 3724 1536 .
3810 1519 3826 1533 .

2243 1586 2380 1654 (τὸν)
2411 1582 2720 1654 ποιήσαντα
2751 1579 2844 1632 τὸν
2876 1576 3108 1649 οὐρανὸν
3128 1580 3223 1630 καὶ
3248 1574 3347 1645 τὴν
3423 1612 3438 1628 .
3518 1612 3533 1627 .
3611 1611 3628 1626 .
3706 1608 3724 1623 .
3807 1605 3828 1624 .

2243 1676 2392 1748 (γῆν)
2433 1677 2529 1729 καὶ
2561 1675 2660 1745 τὴν
2688 1672 2993 1736 θάλασσαν,
3029 1669 3128 1723 καὶ
3170 1671 3351 1723 πάντα
3399 1666 3468 1720 τά
3507 1668 3565 1719 ὲν
3611 1666 3827 1724 αὐτοῖς.

2242 1767 2382 1829 Τοὺς
2411 1765 2470 1819 δι
2501 1765 2766 1834 δαίμονας
2809 1764 2935 1826 τοὺς
2977 1761 3086 1815 τῶν
3118 1757 3428 1830 ἀνθρώπων
3459 1754 3832 1826 φθοροποιοὺς

2245 1859 2304 1910 οὔ
2339 1857 2538 1928 πρέπει
2574 1873 2654 1908 σοι
2687 1857 2873 1908 καλεῖν
2903 1853 3080 1917 θεοὺς.
3109 1846 3154 1906 ὦ
3187 1849 3427 1921 βασιλεῦ.
3480 1843 3832 1915 Μαξιμιανὸς

2246 1947 2438 2004 εἴπεν·
2484 1947 2730 2017 Ἐπειδὴ,
2771 1949 2872 2015 τῆς
2929 1945 3038 1998 τῶν
3085 1945 3222 1997 θεῶν
3265 1941 3586 2002 ἀπολαύσας
3632 1937 3830 2006 τιμῆς.

2244 2041 2353 2097 τῶν
2403 2041 2692 2113 πρωτείων
2735 2041 2835 2109 τῆς
2882 2037 3170 2108 στρατείας
3221 2031 3482 2102 ήξιώθης,
3526 2029 3829 2099 Μαυρίκιε,

2245 2133 2420 2202 καλὴν
2484 2133 2672 2193 αὐτοῖς
2721 2128 2991 2189 ἀποδίδως
3047 2128 3145 2195 τὴν
3203 2119 3463 2193 ἀμοιϐήν.
3516 2123 3836 2188 Μαυρικιος

2247 2221 2402 2277 εἶπεν
2429 2239 2443 2252 ·
2491 2223 2626 2275 Οῦδὶ
2677 2220 2844 2291 τιμὴν
2891 2219 3161 2289 ἐδεξάμην
3201 2217 3351 2287 παρά
3391 2213 3501 2267 τῶν
3541 2211 3834 2281 ὑμετέρων

2249 2317 2411 2377 θεῶν,
2467 2316 2586 2369 οὐδὲ
2641 2314 2806 2382 τιμᾷν
2855 2313 3052 2371 αὐτοὺς
3097 2310 3394 2378 βούλομαι·
3435 2305 3520 2368 τίς
3570 2303 3678 2371 γὰρ
3739 2304 3837 2354 ἀν-

2248 2412 2484 2484 θρώπων
2542 2408 2672 2462 ποτὲ
2710 2407 2911 2476 γνῶσιν
2958 2404 3098 2474 ἔχων
3144 2401 3281 2453 Θεοῦ
3323 2400 3421 2460 τάς
3464 2397 3838 2464 ἀναισθήιους

2247 2506 2418 2576 τιμᾷν
2449 2501 2734 2565 ἀνέξοιτο;
2776 2499 2891 2552 ἀλλ’
2921 2493 3003 2560 οἷς
3047 2495 3147 2564 οὐχ
3181 2493 3417 2562 ὑπάρχει
3472 2487 3616 2552 νοῦς,
3683 2487 3854 2552 λογι-

2257 2600 2416 2666 σμοῖς
2447 2595 2631 2666 ὀρθοῖς
2662 2590 3082 2661 κυδερνώμενος
3122 2589 3211 2641 διά
3252 2586 3313 2639 τὸ
3357 2578 3840 2654 παρασυμωηθῆ-

2249 2707 2340 2744 ναι
2370 2691 2482 2748 τοῖς
2530 2687 2754 2754 κτήνεσι
2794 2686 2907 2745 τοῖς
2949 2684 3196 2748 ἀνοήτοις
3233 2681 3326 2731 καὶ
3358 2675 3696 2745 ὁμοιωθῆναι
3742 2673 3838 2726 αὑ-

2251 2785 2360 2844 τοῖς
2387 2799 2400 2811 '
2432 2774 2577 2833 οὗτοι
2621 2775 2965 2832 θεοποιοῦσιν
3003 2775 3116 2836 τοῖς
3149 2770 3321 2834 λίθοις
3369 2769 3467 2822 καὶ
3497 2770 3610 2829 τοῖς
3652 2765 3838 2830 ξύλοις

2248 2875 2584 2942 ἀπονέμουσι
2629 2870 2858 2940 γνώμην
2909 2869 3003 2920 καὶ
3046 2864 3280 2936 τιμῶσιν
3323 2862 3397 2926 ὡς
3450 2859 3627 2922 θεούς.
3665 2858 3841 2923 M15:-

2255 2968 2443 3038 μιανὺς
2503 2969 2530 3018 6
2589 2964 2843 3033 βασιλεὺς
2893 2956 3080 3012 εἶπεν·
3137 2959 3204 3011 Ἦ
3243 2957 3350 3010 τῶν
3391 2956 3685 3027 πρωτείων
3735 2951 3838 3004 τοῦ

2253 3057 2521 3127 ὑμετέρου
2549 3056 2830 3123 τάγματος
2869 3053 3158 3122 διοίκησις,
3187 3048 3482 3120 Μαυρίκιε,
3518 3045 3724 3115 πολλήν
3752 3062 3842 3097 σοι

2254 3148 2571 3220 παρρησίαν
2615 3149 2888 3217 παρέσχε,
2937 3147 3029 3199 καὶ
3073 3144 3407 3215 θρασύτερον
3450 3140 3844 3208 ἀπειργάσατο

2253 3247 2330 3305 εἰς
2365 3243 2424 3292 τὸ
2452 3241 2719 3309 λαμπρῶς
2749 3243 2843 3290 καὶ
2874 3237 3318 3306 ἀκαταπλήκτως
3345 3233 3485 3304 προς
3513 3233 3614 3298 τὴν
3635 3233 3844 3301 ἡμετέ-

2256 3351 2359 3404 ραν
2401 3329 2796 3400 ἀποκρίνεσθαι
2841 3328 3210 3398 γαληνότητα,
3248 3327 3338 3378 καὶ
3388 3323 3621 3387 κελεὺει,
3663 3341 3842 3393 χωρι-

2255 3426 2477 3487 σθέντος
2520 3423 2712 3484 αὑτοῦ,
2751 3424 2877 3483 τοὺς
2923 3422 3142 3483 λοιποὺς
3187 3416 3516 3489 ἐρωτᾶσθαι.
3557 3416 3668 3468 Καί
3702 3434 3843 3483 φησι

2254 3521 2391 3592 πρὸς
2425 3519 2625 3580 αὐτοὺς
2655 3520 2681 3571 6
2714 3515 2969 3587 βασιλεύς
2995 3532 3008 3544 ·
3045 3515 3144 3576 Τίς
3173 3511 3431 3565 τοσοῦτον
3468 3511 3609 3578 ὑμᾶς
3639 3510 3844 3576 ἠδίκη-

2252 3630 2365 3676 σεν,
2402 3612 2641 3679 ἀδελφοὶ,
2676 3611 2750 3672 ὡς
2788 3611 2849 3660 ὲκ
2889 3606 2998 3658 τῶν
3028 3605 3294 3674 σωτήρων
3341 3603 3646 3669 ἀποστῆναι
3673 3600 3839 3663 θεῶν,

2252 3702 2627 3771 προστεθῆναι
2657 3701 2712 3752 δὲ
2750 3697 3179 3769 παρασκευάσας
3213 3698 3279 3764 τῇ
3314 3693 3494 3763 πλάνῃ
3525 3691 3632 3742 τῶν
3666 3707 3845 3758 προσ-

2251 3794 2563 3847 κυνούντων
2605 3792 2894 3862 ἄνθρωπον
2928 3787 3313 3860 σταυρωθέντα
3344 3786 3418 3848 ὠς
3457 3785 3554 3837 ’ἐνα
3594 3783 3704 3835 τῶν
3745 3800 3846 3849 φο-

2251 3889 2421 3954 νέων;
2449 3889 2521 3939 Οὐ
2549 3889 2658 3956 γάρ
2696 3884 2867 3947 οὕτως
2896 3885 3042 3954 ὑμᾶς
3071 3880 3476 3949 έπαιδεύσαμεν
3515 3877 3636 3930 οὐδὲ
3657 3877 3844 3929 τοιαιὺ⁶

2251 3997 2372 4041 ταις
2407 3979 2782 4040 διδασκαλίαις
2814 3977 3152 4046 ἐθρέψαμεν.

2323 4075 2401 4128 Ε’.
2435 4073 2570 4125 Τότε
2611 4070 2889 4139 Θεόδωρος
2919 4069 3012 4122 καὶ
3039 4068 3310 4128 Φίλιππος
3357 4064 3432 4125 ὡς
3470 4066 3532 4116 ἐκ
3567 4061 3845 4133 στόματος

2248 4170 2355 4222 τῶν
2389 4168 2564 4236 ἁγίων
2609 4166 2987 4234 ἑϐδομήκοντα
3043 4162 3339 4231 μαρτύρων
3378 4154 3565 4210 εἴποιμ
3619 4156 3842 4224 Ἡμεῖς,

2250 4256 2295 4310 ὦ
2338 4261 2570 4328 τύραννε
2615 4255 2953 4323 Μαξιμιανὲ,
2981 4253 3239 4304 τοσοῦτον
3275 4250 3483 4318 πλάνης
3528 4249 3842 4316 ἀπέχομεν,

2251 4353 2326 4416 ὡς
2365 4352 2460 4405 καὶ
2497 4354 2555 4403 σὲ
2581 4352 2674 4419 τῆς
2703 4349 2923 4417 ἀπάτης
2946 4347 3317 4415 οἰκτείρομεν,
3356 4337 3423 4413 ἦς
3453 4342 3846 4412 ἠλευθερώθη-

2258 4465 2359 4516 μεν
2415 4445 2507 4499 τὸν
2563 4443 2658 4496 ἕνα
2714 4444 2807 4495 καὶ
2871 4442 3033 4510 μόνον
3081 4439 3338 4508 ἀληθινὸν
3402 4434 3846 4506 προσκυνοῦντες

563 4545 770 4598 fuimus
816 4543 1055 4606 liberati,
1092 4556 1263 4594 unum
1297 4549 1354 4595 ει
1378 4542 1555 4594 solum
1604 4539 1900 4592 adorantes
1957 4553 2144 4592 verum

2255 4541 2410 4605 Θεὸν,
2443 4538 2661 4608 Πατέρα
2691 4534 3137 4603 παντοκράτορα,
3167 4535 3260 4583 καὶ
3301 4531 3394 4582 τὸν
3431 4527 3700 4599 μονογενῆ
3740 4529 3845 4578 αὖ·

567 4637 761 4701 Dcum,
799 4637 1010 4688 Patrem
1072 4634 1528 4700 omnipotentem,
1559 4644 1614 4688 et
1646 4634 1991 4703 unigenitum
2031 4634 2150 4704 ejus

567 4731 763 4784 Filium
821 4729 1007 4783 Jesutn
1069 4726 1350 4781 Christum
1409 4728 1702 4780 Dominum
1744 4737 2019 4789 nostrum,
2053 4727 2147 4797 qui

564 4833 650 4877 est
679 4823 771 4876 Dei
815 4823 992 4875 virtus
1026 4831 1079 4876 et
1131 4819 1224 4873 Dei
1254 4818 1525 4889 sapientia
1552 4821 1571 4850 ’
1600 4838 1611 4871 :
1652 4831 1707 4874 et
1738 4820 2146 4873 sanctissimum

567 4915 687 4983 ejus
725 4915 1014 4981 Spiritum,
1039 4914 1132 4983 qui
1169 4914 1327 4967 nobis
1371 4912 1660 4981 inspiravit
1687 4914 2057 4981 cognitionem
2093 4922 2147 4967 et

569 5008 1010 5076 intelligentiam,
1066 5017 1124 5060 ut
1165 5008 1484 5059 conﬁtearis
1516 5007 1735 5074 quidem
1799 5005 2147 5072 Trinitatem,

570 5114 691 5169 qua:
727 5108 807 5151 est
836 5099 1085 5169 ejusdem
1118 5099 1373 5152 essentia:
1403 5114 1416 5152 :
1451 5098 1792 5151 abomineris
1829 5108 2011 5151 autem
2045 5097 2149 5149 im-

572 5194 830 5244 mundam
856 5201 1001 5243 tuam
1023 5191 1340 5261 religionem
1375 5212 1386 5246 :
1421 5191 1634 5246 ethanc
1668 5191 1885 5260 quidem
1905 5190 2149 5260 abjicias,

571 5299 694 5353 qua!
749 5294 832 5335 est
892 5283 957 5336 ad
996 5292 1232 5350 tempus.
1273 5284 1524 5336 militiam
1556 5303 1566 5335 :
1604 5286 1715 5337 Deo
1745 5300 1874 5337 vero
1927 5286 2151 5349 milites,

572 5375 663 5446 qui
697 5385 781 5428 est
842 5373 955 5426 Rex
987 5376 1348 5428 exercituum.
1390 5375 1533 5429 Dixit
1581 5376 1943 5428 Maximianus
1977 5377 2149 5444 impe-

575 5480 723 5519 rator
757 5484 768 5518 :
805 5464 1000 5528 Video,
1030 5481 1061 5517 ο
1115 5466 1388 5534 Philippe,
1447 5474 1498 5518 te
1530 5476 1867 5519 senectutem
1921 5464 2146 5533 quidem

575 5558 780 5614 habere
838 5557 1240 5617 reverendam;
1276 5557 1638 5628 intelligentia
1691 5567 1872 5609 autem
1913 5558 2144 5608 multum

577 5650 1107 5719 ecderejuvenibus.
1144 5648 1387 5718 Coniuge
1413 5665 1541 5720 ergo
1576 5648 1640 5702 ad
1678 5648 1829 5716 deos,
1865 5657 1924 5703 et
1955 5649 2027 5702 sis
2050 5649 2144 5703 bo-

656 5816 667 5842 '
708 5810 853 5868 Psal.
889 5827 1083 5865 xutti.
1164 5812 1182 5841 ’
1223 5810 1236 5862 Ι
1270 5812 1397 5864 Cor.
1433 5827 1470 5864 ι.

2254 4632 2350 4683 τοῦ
2395 4631 2518 4682 Υἱὸν
2562 4629 2770 4697 Ἰησοῦν
2816 4625 3052 4696 Χριστὸν
3091 4626 3182 4678 τὸν
3219 4623 3425 4691 Κύριον
3460 4621 3639 4689 ήμῶν,
3679 4620 3843 4683 Θεῖ,ν,

2253 4726 2486 4793 δύναμιν
2515 4723 2608 4775 καὶ
2632 4721 2766 4774 Θεοῦ
2803 4721 2996 4790 σοφίαν
3026 4718 3366 4786 ὑπάρχοντα,
3401 4714 3578 4767 καὶτὸ
3613 4714 3846 4784 Πνεῦμα

2258 4813 2423 4867 αὑτοῦ
2452 4813 2512 4866 τὸ
2543 4816 2813 4880 πανάγιον
2864 4811 2922 4863 τὸ
2968 4808 3285 4878 ἐμπνεῦσαν
3322 4807 3456 4875 ἡμῖν
3489 4804 3692 4873 γνῶσιν
3743 4809 3847 4858 καὶ

2260 4907 2478 4959 σύνεσιν
2504 4922 2517 4934 '
2545 4905 2828 4972 ὁμολογεῖν
2858 4903 2958 4978 μὲν
2990 4899 3194 4968 Τριάδα
3219 4897 3528 4966 ὁμοούσιον,
3561 4895 3849 4963 βδειύττε-

2257 5002 2379 5055 σθαι
2404 5000 2459 5051 δὲ
2484 5000 2583 5066 τὴν
2619 4994 2930 5062 ἀκάθαρτον
2977 5009 3068 5044 σου
3098 4992 3399 5061 θρησκείαν
3433 5006 3442 5018 ’
3471 4989 3563 5040 καὶ
3609 4986 3708 5057 τὴν
3743 4988 3848 5056 μὲν

2255 5094 2596 5162 πρόσκαιρον
2630 5086 2834 5154 ταύτην
2890 5083 3296 5138 ἀποὸἁ).λεσθαι
3327 5081 3651 5152 θρησκείαν,
3677 5096 3848 5148 στρα-

2253 5184 2509 5238 τεύεσθαι
2559 5182 2616 5236 δὲ
2674 5179 2751 5249 τῷ
2801 5179 2922 5249 Θεῴ
2974 5179 3052 5246 τῷ
3113 5175 3328 5245 βασιλεῖ
3375 5173 3484 5225 τῶν
3529 5174 3847 5240 δυνάμεων.

2254 5278 2598 5346 Μαξιμιανὸς
2645 5277 2671 5327 6
2710 5273 2966 5344 βασιλεὺς
3013 5267 3204 5323 εἶπεν*
3246 5267 3438 5320 Βλέπω
3466 5282 3546 5329 σε,
3577 5266 3846 5329 Φίλιππε,

2261 5373 2440 5440 γῆρας
2479 5368 2578 5436 μὲν
2620 5367 2901 5434 αἰδέσιμον
2937 5363 3150 5432 ἔχοντα,
3197 5361 3414 5413 σύνεσιν
3457 5358 3512 5412 δὲ
3559 5359 3694 5410 πολὺ
3732 5357 3849 5408 τῶν

2262 5464 2398 5514 νέων
2429 5459 2752 5527 λειπόμενον
2774 5474 2786 5487 ⁸
2814 5452 3188 5526 αὗτομό).ησον
3231 5449 3324 5506 οὖν
3374 5453 3512 5520 πρὸς
3538 5451 3660 5512 τοὺς
3685 5451 3848 5511 θεοὺς

2263 5555 2358 5608 καὶ
2386 5553 2546 5620 γενοῦ
2583 5551 2888 5620 σύμϐουλος
2919 5550 3121 5616 ἀγαθὸς
3163 5549 3274 5610 τοῖς
3301 5547 3508 5605 λοιποῖς
3546 5560 3637 5595 σου
3674 5557 3848 5610 στρα-

2262 5650 2483 5711 τιώταις
2515 5648 2611 5717 τῆς
2647 5648 2724 5709 εἰς
2753 5646 2876 5705 τοὺς
2912 5644 3064 5707 θεοὺς
3103 5643 3547 5713 προσκυνήσεως,
3584 5638 3734 5698 ὅπως
3778 5635 3849 5690 ἂν
