3966 6444
139 362 235 424 361

1107 357 1285 419 ΥῙΤΑ
1331 357 1435 418 SS.
1481 351 1853 417 MAURITII
1895 351 1990 411 ET
2034 348 2448 412 SOCIORUM.

3294 361 3396 420 362

139 475 318 547 τιμῶν
354 473 626 545 μειζόνων
676 470 915 540 ἀξιωθῇς
970 471 1101 543 παρ’
1130 469 1316 541 ἡμῶν.
1365 469 1422 522 '0
1466 469 1520 520 δὲ
1572 468 1726 534 ἆγιος

1834 478 1936 518 nus
1969 462 2318 518 consiliarius
2351 466 2576 535 reliquis
2603 465 2710 522 tuis
2737 467 3001 523 militibus
3035 471 3100 524 de
3125 471 3233 525 diis
3269 477 3411 527 adn-

137 569 410 630 οίίιιππος
444 563 600 618 εἶπεν
622 581 638 595 ο
690 563 836 631 Ἐγώ
863 563 1168 634 σύμϐουλος
1209 561 1446 633 πονηρὸς
1478 561 1539 614 οὑ
1565 562 1723 630 γενή-

139 678 308 730 σομαι
345 663 466 721 τοῖς
523 657 1002 727 αὑτοπροαιρέτως
1030 655 1378 724 ὁδηγηθεϊσιν
1413 657 1492 718 είς
1519 653 1610 706 τὸν
1635 654 1729 720 φό-

139 753 227 804 ϐον
268 751 368 804 τοῦ
395 750 658 821 ἀληθινοῦ
696 749 854 810 Θεοῦ,
888 747 1079 816 ἐπειδὴ
1107 748 1460 819 γέγραπταιο
1504 765 1521 797 ι
1564 745 1726 809 Οὑαὶ,

137 847 201 897 δι’
231 841 291 899 οὗ
320 846 382 898 τὸ
415 846 588 896 κακὸν
651 841 906 911 ἔρχεταιί
953 860 970 894 ι
1004 841 1344 910 Μαξιμιανὺς
1406 834 1559 892 εἷπεν
1583 854 1598 871 ο
1656 837 1730 889 Τὸ

142 938 498 1005 μακρόθυςιον
519 936 618 1004 τῆς
635 935 916 1004 ἡμετέρας
950 934 1298 997 ἀνεξικακίας
1327 931 1729 1002 τολμηρότερόν

141 1047 194 1080 σε
230 1028 562 1095 πεποίηκεν,
629 1026 890 1079 Φίλιππε.
943 1025 1033 1093 Μὴ
1081 1020 1176 1077 οὖν
1239 1023 1559 1092 ἐπιμείνητε
1612 1025 1729 1082 τοῖς

144 1121 349 1181 αὐτοῖς,
403 1121 493 1169 ἱνα
558 1117 634 1186 μὴ
679 1118 903 1179 δικαίως
933 1115 1029 1187 τὴν
1062 1116 1218 1185 δίκην
1248 1115 1368 1169 καθ’
1403 1115 1559 1184 ὑμῶν
1591 1131 1732 1185 παρ-

138 1213 421 1280 ωτρύνητε
458 1210 551 1264 καὶ
582 1211 814 1278 γένησοε
845 1211 1044 1279 δεῖγμα
1085 1211 1182 1278 τῆς
1213 1209 1489 1280 ἡμετέρας
1525 1209 1732 1276 ἀγανα-

140 1305 406 1373 κτήσεως,
425 1301 1034 1372 τολμῶντες,όνομάζειν
1045 1301 1136 1354 τὸν
1154 1300 1282 1370 παρ’
1296 1301 1446 1369 ὑμῶν
1464 1299 1735 1354 θεοποιού-

141 1412 297 1461 μενον
347 1395 661 1464 ἄνθρωπον.
695 1393 1114 1465 Ἀποκριθὲντες
1147 1394 1204 1446 δὲ
1259 1393 1309 1446 οἱ
1338 1394 1480 1460 ᾰγιοι
1505 1393 1737 1464 ἑϐδομή-

138 1505 296 1538 κοντα
355 1483 511 1539 εἶπον
560 1485 641 1555 τῷ
700 1485 987 1555 τυράννῳ·
1054 1483 1116 1538 Ἥ
1189 1484 1468 1549 κενόδοξος
1532 1485 1732 1555 ἀπειλὴ

137 1580 229 1647 τῆς
315 1579 440 1643 σῆς,
517 1577 763 1647 βασιλεῦ,
826 1576 1110 1646 βδελυρίας
1165 1577 1396 1646 δύναμιν
1455 1574 1516 1640 ἐξ
1568 1576 1733 1645 ὑψους

136 1672 264 1737 ἡμῖν
317 1671 639 1740 χαρίζεται·
693 1672 756 1722 οὑ
822 1668 932 1740 γάρ
979 1669 1179 1722 ενοικεῖ
1244 1669 1408 1737 φόϐος
1456 1668 1732 1738 βασάνων,

135 1763 210 1822 ιίς
253 1761 498 1814 διάνοιαν
547 1760 786 1831 βεϐαίων
831 1761 940 1815 τῶν
979 1759 1322 1829 ἀγαπώντων
1354 1761 1443 1815 τὸν
1475 1760 1703 1832 Κύριον.

207 2033 301 2096 ς’.
381 2031 512 2084 Τότε
565 2033 593 2085 6
675 2031 930 2102 βασιλεὺς
1015 2032 1356 2102 Μαξιμιανδς
1447 2034 1731 2086 ἐκέλευσεν

137 2122 514 2193 ἀφαιρεθῆναι
586 2124 697 2176 τῶν
759 2125 930 2191 ἁγίων
1005 2124 1380 2193 ἑϐδομήκοντα
1427 2125 1487 2177 τὸ
1545 2125 1731 2194 σχῆμα

136 2214 230 2280 τῆς
279 2214 574 2282 στρατείας
668 2215 765 2265 καὶ
820 2213 1059 2284 κοπῆναι
1117 2213 1299 2266 αὑτῶν
1375 2213 1474 2275 τὰς
1552 2213 1731 2278 ζώνας

142 2306 236 2355 καὶ
319 2303 676 2379 παραστῆναι
724 2303 876 2374 αὑτῷ
920 2305 1058 2375 μετά
1087 2305 1290 2373 πολλῆς
1331 2305 1578 2376 ἀτιμίας.
1623 2307 1733 2359 Καὶ

140 2395 315 2448 ταῦτα
367 2396 476 2448 τῶν
529 2397 891 2452 ὑπασπιστῶν
951 2397 1090 2466 μετὰ
1147 2397 1345 2450 πολλοῦ
1387 2399 1484 2451 τοῦ
1532 2398 1731 2468 τάχους

140 2485 630 2555 διαπραξαμένων,
660 2486 763 2556 ἔφη
805 2487 942 2556 πρὸς
974 2467 1174 2549 αὐτοὺς
1211 2487 1240 2539 6
1264 2486 1528 2557 τύραννος
1552 2530 1568 2554 ,
1603 2467 1730 2552 Ἶδε,

141 2579 255 2642 οἵας
286 2581 518 2647 ἀτιμίας
549 2577 771 2648 ἐτύχετε
797 2579 887 2632 διὰ
910 2579 1012 2652 τὴν
1048 2578 1333 2633 ἀπείθειαν
1365 2580 1540 2647 ὑμῶν.
1579 2580 1641 2634 Ol
1672 2581 1729 2633 δὲ

141 2667 287 2735 ἅγιοι
311 2663 472 2722 εἶπεν
507 2669 640 2739 πρὸς
669 2668 759 2721 τὸν
792 2668 1060 2740 τύραννον
1082 2687 1097 2700 ·
1135 2671 1197 2722 El
1227 2670 1324 2723 καὶ
1348 2669 1435 2736 σὺ,
1463 2671 1539 2735 ώς
1572 2673 1727 2740 νομί-

143 2765 277 2828 ζεις.
308 2765 569 2829 ἐξέδυσας
600 2765 771 2836 ἡμᾶς,
807 2765 938 2819 ἀλλ’
959 2765 1107 2819 εστιν
1135 2767 1164 2818 6
1195 2766 1326 2829 Θεὸς
1361 2767 1520 2835 ἡμῶν
1549 2769 1608 2820 ἐν
1642 2769 1732 2820 οὑ-

145 2860 352 2925 ρανοῖς,
422 2852 465 2924 ᾧ
516 2857 880 2928 λατρεύομεν,
943 2859 1142 2912 ὲνδύων
1185 2860 1332 2928 ἡμᾶς
1386 2857 1581 2926 στολὴν
1631 2860 1730 2929 τῆς

143 2951 365 3001 αἰωνίου
414 2949 595 3018 δόξης,
634 2953 700 3020 ἣν
746 2951 906 3014 αὐτὸς
952 2951 1074 3004 οὑδὲ
1113 2949 1334 3004 ἀκούειν
1380 2950 1729 3021 καθέστηκας

143 3041 291 3105 ἄξιος
325 3041 416 3092 διὰ
448 3042 539 3092 τὸν
571 3043 814 3094 Σατανᾶν
834 3045 926 3094 τὸν
956 3043 1170 3113 πατέρα
1207 3061 1324 3108 σου,
1349 3045 1439 3096 τὴν
1465 3043 1730 3099 λαλοῦντα

144 3133 198 3183 ιν
227 3133 334 3186 σοί.
369 3133 502 3185 Τότε
529 3133 804 3204 θυμωθεὶς
839 3135 868 3188 6
902 3133 1164 3206 τύραννος
1197 3131 1385 3188 εἶπενο
1414 3133 1482 3190 Ὦ
1517 3139 1729 3209 μιαρώ-

1833 553 2045 618 randis,
2079 564 2138 607 ut
2166 557 2369 626 majora
2391 557 2532 612 dona
2567 569 2623 614 et
2659 559 2895 615 honores
2927 576 2956 614 a
2985 564 3147 618 nobis
3207 581 3413 621 consc-

1832 649 2040 716 quaris.
2077 648 2224 702 Dixit
2256 660 2478 704 sanctus
2509 651 2797 722 Philippus
2822 671 2836 707 :
2865 654 3062 709 Notum
3099 657 3198 710 tibi
3247 661 3341 719 sit.
3373 679 3406 713 υ

1834 739 2153 808 imperator,
2187 756 2272 795 me
2307 758 2415 796 non
2481 743 2729 798 futurum
2787 747 2989 800 malum
3030 751 3405 806 consiliarium

1835 831 1904 884 iis
1930 831 2024 899 qui
2055 846 2152 885 sua
2182 841 2376 900 sponte
2434 835 2656 890 deducti
2691 848 2817 890 Sunt
2873 840 2938 892 ad
2978 841 3230 895 timorem
3291 845 3406 897 veri

1837 910 1955 977 Dei'.
1991 921 2266 992 Scriptum
2285 935 2370 979 est
2394 927 2542 980 enim
2565 928 2585 959 ³
2609 929 2756 984 :d'a:
2784 931 2854 989 ei.
2888 947 2986 1000 per
3017 949 3179 1003 quem
3205 937 3407 990 malum

1835 1016 2002 1070 venit.
2039 1033 2060 1068 ι
2105 1017 2565 1086 Dixitimperator
2592 1020 2946 1079 Maximianus
2979 1041 2994 1082 :
3033 1025 3251 1083 Lenitas
3309 1046 3410 1083 no-

1835 1118 1962 1163 stra:
1990 1109 2266 1179 patientia:
2301 1120 2352 1164 te
2383 1112 2728 1168 audaciorem
2764 1116 2967 1181 etl‘ecit,
3027 1135 3060 1174 ο
3136 1121 3406 1194 Philippe.

1836 1198 2013 1253 Nolite
2051 1214 2182 1270 ergo
2218 1201 2272 1255 in
2298 1202 2384 1256 his
2405 1204 2676 1269 insistere,
2702 1223 2770 1263 ne
2811 1210 2988 1278 justas
3015 1229 3202 1282 poenas
3230 1218 3282 1270 in
3312 1235 3410 1275 vos

1837 1288 2068 1345 irritetis
2099 1300 2154 1346 et
2185 1293 2430 1348 evadatis
2446 1299 2756 1366 exemplum
2780 1312 2980 1356 nostra:
3000 1307 3406 1376 indignationis.

1839 1382 2104 1439 audentes
2135 1386 2420 1442 nominare
2457 1388 2760 1454 hominem,
2799 1396 2945 1462 quia
3000 1400 3153 1453 vobis
3191 1411 3274 1455 est
3323 1421 3410 1457 re»

1838 1477 1980 1530 latus
2009 1476 2062 1530 in
2086 1475 2238 1532 deos.
2280 1479 2694 1549 Respondentes
2717 1499 2846 1538 vero
2873 1490 3045 1547 sancti
3070 1495 3407 1563 septuaginta

1841 1580 2127 1638 martyres,
2161 1571 2418 1626 dixerunt
2474 1583 2704 1644 tyranno
2749 1577 3102 1647 imperatori:
3156 1587 3320 1641 Vanae
3356 1600 3412 1642 et

1839 1662 2030 1719 inanes
2112 1667 2358 1730 minae,o
2409 1667 2729 1739 imperator,
2800 1683 2907 1730 tuae
2965 1678 3409 1748 abominationis,

1840 1757 2097 1811 virtutem
2151 1759 2309 1814 nobis
2375 1775 2440 1815 ex
2471 1763 2582 1818 alto
2612 1765 2941 1834 largiuntur.
2977 1771 3094 1826 Non
3144 1776 3289 1829 enim
3325 1779 3411 1831 in-

1754 1849 1792 1902 B
1823 1848 2072 1920 greditur
2094 1859 2189 1904 aut
2229 1851 2503 1908 inhabitat
2536 1866 2714 1911 metus
2749 1866 3147 1917 tormentorum
3181 1866 3234 1920 in
3271 1869 3410 1922 bona

1837 1950 2017 1995 mente
2049 1948 2104 1995 et
2137 1942 2318 1996 stabili
2357 1958 2548 1998 eorum
2582 1947 2674 2015 qui
2707 1949 2943 2019 diligunt
2989 1954 3303 2011 Dominum.

1914 2034 2002 2088 Vl.
2048 2032 2204 2088 Tunc
2237 2035 2602 2094 Maximianus
2663 2039 2963 2111 imperator
3017 2047 3174 2102 valde
3215 2050 3410 2118 iratus,

1829 2127 1993 2196 jussit
2020 2130 2224 2186 auferri
2275 2149 2303 2186 a
2335 2135 2544 2189 sanctis
2579 2139 2926 2209 septuaginta
2959 2141 3226 2199 militibus
3257 2146 3414 2203 habi-

1837 2226 1949 2272 tum
1997 2222 2226 2286 militias,
2271 2235 2327 2277 et
2373 2227 2454 2279 eis
2486 2226 2733 2282 abscindi
2780 2247 2966 2296 zonas,
3000 2244 3056 2287 et
3085 2235 3286 2292 deinde
3328 2240 3410 2293 sic

1835 2325 1930 2367 eos
1953 2313 2019 2367 ad
2047 2314 2220 2384 ipsum
2274 2317 2474 2372 adduci
2516 2335 2640 2374 cum
2674 2336 2867 2391 magna
2891 2324 3209 2394 ignominia.
3243 2329 3412 2385 Cum-

1836 2419 1944 2473 que
2000 2405 2115 2460 διες
2174 2423 2366 2480 magna
2421 2411 2702 2468 celeritate
2747 2415 3063 2472 ell‘ecissent
3125 2423 3408 2488 satellites,

1834 2496 1970 2552 dixit
1994 2499 2074 2552 eis
2099 2508 2362 2570 tyrannus
2398 2521 2412 2559 :
2440 2504 2650 2569 Videte,
2675 2521 2704 2560 a
2737 2509 2885 2576 quali
2920 2510 3088 2580 gloria
3122 2524 3176 2568 et
3198 2515 3408 2572 honore

1833 2588 2136 2650 excidistis,
2189 2599 2245 2644 et
2307 2595 2468 2660 quale
2540 2595 2698 2650 vobis
2751 2597 3014 2668 obtigerit
3073 2603 3314 2662 dedecus
3352 2622 3408 2664 et

1833 2682 2174 2751 contemptio
2209 2695 2433 2753 propter
2467 2696 2704 2742 vestram
2738 2688 3188 2752 inobedientiam.
3219 2699 3405 2757 Sancti

1834 2773 2093 2829 dixerunt
2147 2785 2378 2846 tyranno
2413 2797 2426 2832 :
2463 2779 2686 2836 Etiamsi
2723 2791 2800 2846 tu,
2841 2794 2898 2838 ut
2954 2788 3256 2856 existimas,
3305 2810 3408 2850 nos

1832 2863 2032 2918 exuisti
2063 2864 2253 2921 habitu
2308 2869 2537 2936 militiae,
2574 2881 2631 2924 ct
2662 2873 2944 2930 abscidisti
2979 2895 3144 2935 zonas
3169 2894 3405 2947 nostras.

1832 2961 1915 3006 est
1944 2954 2089 3010 Deus
2147 2968 2334 3012 noster
2376 2961 2429 3012 in
2473 2963 2646 3023 caelis,
2671 2980 2832 3032 quem
2869 2969 3122 3035 colimus,
3159 2975 3253 3042 qui
3307 2993 3408 3032 nos

1835 3046 2016 3102 induit
2039 3050 2288 3106 vestibus
2331 3063 2386 3106 et
2414 3055 2572 3108 zonis
2605 3055 2940 3128 incorrupta:
2969 3070 3024 3115 et
3048 3074 3268 3122 aeterna:
3289 3069 3410 3139 ejus

1831 3137 2040 3208 gloriae,
2075 3157 2238 3211 quam
2273 3143 2389 3213 ipse
2415 3161 2526 3200 non
2563 3163 2622 3202 es
2647 3150 2842 3219 dignus
2874 3155 3060 3210 videre
3085 3167 3180 3212 aut
3215 3137 3408 3218 aud—ire

143 3242 295 3279 τατοι
352 3227 446 3279 καὶ
491 3229 590 3296 τῆς
639 3227 752 3280 τῶν
789 3227 928 3282 Θεῶν
975 3228 1264 3296 εὐμενείας
1294 3227 1526 3292 ἀνάξιοι,
1565 3230 1724 3300 ὑμεῖς

1834 3239 2057 3294 propter
2093 3231 2349 3285 Satanam
2382 3243 2594 3303 patrem
2649 3247 2823 3304 tuum,
2859 3244 2950 3311 qui
2980 3245 3031 3297 in
3066 3255 3117 3299 te
3160 3247 3408 3320 loquitur

145 3318 410 3385 γεγόνατε
451 3321 552 3386 τῆς
584 3321 794 3374 ἑαυτῶν
841 3322 1069 3392 ἀτιμίας
1112 3323 1385 3393 πρόφασις
1412 3339 1424 3353 ·
1464 3321 1522 3387 ἐξ
1572 3323 1727 3392 ἡμῶν

143 3414 248 3479 γὰρ
285 3413 633 3482 τιμηθέντες,
667 3415 760 3464 καὶ
787 3414 912 3474 τοὺς
943 3413 1098 3476 θεοὺς
1129 3414 1473 3485 ὲνυϐρίσατε,
1507 3414 1600 3467 καὶ
1629 3415 1728 3482 τῆς

146 3505 426 3572 ἡμετέρας
463 3504 646 3571 φιλίας
681 3506 1154 3574 κατεφρονήσατε.
1215 3508 1633 3575 ’Δποκριθέντες
1678 3508 1728 3558 ei

144 3597 287 3663 ἇγιοι
323 3591 476 3648 εἶπον
500 3595 576 3664 τῷ
602 3596 854 3668 τυράννῳ
874 3614 888 3627 ο
933 3598 999 3651 Ἦ
1028 3597 1288 3668 στρατεία
1311 3614 1426 3663 σου,
1449 3598 1526 3660 ὡς
1561 3597 1727 3666 μηδὲν

141 3690 365 3758 ἐχουσα,
408 3691 769 3760 παρέρχεται,
808 3691 903 3744 καὶ
959 3691 993 3763 ή
1052 3689 1307 3763 παροῦσα
1353 3689 1486 3760 τιμὴ
1533 3686 1726 3757 ἀτιμία

146 3785 224 3833 σοί
277 3785 450 3846 ἐστιν,
496 3783 688 3854 ἐπειδὴ
739 3783 833 3838 τοῦ
879 3783 1174 3847 δεδωκότος
1223 3800 1304 3836 σοι
1340 3784 1440 3855 τὴν
1476 3782 1728 3847 ἐξουσίαν

144 3873 414 3924 διαλάθοι)
470 3874 630 3938 Θεοῦ,
668 3875 737 3926 τὰ
791 3876 848 3927 δι
899 3876 1085 3945 ἀψυχα
1122 3875 1339 3940 εἴδωλα,
1367 3877 1436 3929 τὰ
1475 3876 1550 3945 μὴ
1585 3875 1728 3942 ὡφε-

139 3963 336 4015 λοῦντα
402 3962 490 4015 διὰ
553 3963 613 4016 τὸ
677 3965 752 4033 μὴ
834 3967 1126 4032 γινώσκειν
1177 3969 1269 4020 τὸν
1292 3966 1536 4035 τιμῶντα
1588 3967 1728 4019 αὑτά

142 4059 229 4108 καὶ
272 4054 403 4126 ὑϐρὲ
411 4055 595 4121 ζοντα,
621 4056 866 4126 ἀνοήτως
887 4057 1172 4122 Θεοποιεῖς.
1194 4057 1251 4112 Ὀ
1267 4057 1529 4129 τύραννος
1549 4051 1726 4110 είπενο

140 4153 232 4204 Διά
296 4151 400 4220 τὴν
463 4150 876 4218 φιλανθρωπίαν
935 4153 1035 4222 τῆς
1094 4152 1368 4223 ἡμετέρας
1448 4149 1728 4220 βασιλείας

141 4246 460 4313 φειδόμενος
515 4245 670 4314 ὑμῶν
726 4247 824 4299 καὶ
873 4245 1199 4315 βουλόμενος
1266 4245 1728 4315 περιποιήσασθαι

140 4340 231 4406 τὴν
301 4338 451 4408 ζωὴν
481 4339 660 4408 ὑμῶν,
709 4339 789 4390 ἔτι
821 4340 1085 4410 ἀνέχομαι
1120 4339 1294 4409 ὑμῶν.
1337 4339 1443 4391 Καὶ
1475 4336 1728 4390 ἐκέλευσε

139 4432 280 4500 τρεῖς
316 4413 534 4500 ἡμέρας
570 4430 900 4503 ἀποτεθῆναι
936 4432 1130 4484 αὑτοὺς
1174 4434 1232 4484 ὲν
1259 4434 1325 4501 τῇ
1368 4431 1603 4501 φρουρᾷ,
1640 4430 1726 4480 ἵνα

138 4529 192 4579 τὸ
224 4523 518 4592 συμφέρον
570 4523 994 4592 βουλεύσωνται.

1830 3325 1884 3372 et
1925 3330 2207 3388 operatur.
2270 3323 2424 3379 Tunc
2482 3329 2636 3382 valde
2687 3329 2860 3386 iratus
2925 3343 3210 3405 tyrannus.
3266 3342 3408 3396 dixit

1832 3411 2035 3467 sanetis
2064 3429 2079 3468 :
2108 3410 2152 3467 Ο
2201 3417 2524 3472 exsecrandi
2555 3428 2610 3474 et
2637 3420 2846 3492 indigni
2889 3425 3118 3482 deorum
3175 3432 3412 3490 benevo-

1833 3501 2022 3567 lentia,
2057 3520 2153 3558 vos
2182 3516 2418 3561 vestram
2455 3509 2808 3578 ignominiam
2859 3519 3016 3574 vobis
3048 3524 3407 3583 conciliastis.

1832 3595 1873 3646 Α
1913 3596 2072 3649 nobis
2102 3599 2249 3651 enim
2300 3599 2509 3656 honore
2539 3603 2741 3670 affecti,
2794 3612 3058 3665 maximos
3104 3615 3239 3670 deos
3273 3619 3408 3673 affe-

1833 3683 1987 3738 cistis
2018 3691 2375 3754 contumelia,
2405 3702 2461 3744 ct
2495 3705 2740 3750 nostram
2771 3704 3187 3773 contempsistis
3212 3710 3410 3765 amici-

1835 3778 1992 3832 tiam.
2053 3781 2128 3834 De
2179 3791 2380 3837 caetero
2445 3785 2680 3855 accipite
2734 3795 3129 3851 convenienter
3209 3805 3412 3858 vestris

1833 3870 2008 3927 factis.
2027 3874 2444 3944 Respondenles
2460 3887 2638 3932 autem
2655 3881 2849 3946 sancti,
2865 3883 3125 3942 dixerunt
3145 3898 3408 3960 tyranno:

1833 3961 2156 4032 Imperator,
2233 3965 2348 4021 h:ec
2405 3968 2599 4023 militia
2652 3980 2764 4037 tua,
2822 3981 2881 4028 ut
2935 3991 3057 4046 qua:
3127 3982 3265 4036 nihil
3313 3987 3406 4050 sit,

1833 4056 2100 4125 praeterit,
2150 4067 2206 4110 et
2238 4059 2330 4126 qui
2385 4060 2542 4115 adest
2592 4061 2789 4129 honor,
2827 4078 2911 4121 est
2965 4071 3064 4125 tibi
3114 4073 3407 4132 dedecus:

1832 4147 2092 4216 quoniam
2123 4148 2330 4204 oblitus
2368 4166 2428 4204 es
2456 4151 2572 4217 Dei,
2603 4155 2697 4223 qui
2737 4156 2878 4212 hanc
2917 4161 3017 4215 tibi
3045 4165 3199 4220 dedit
3251 4182 3409 4239 pote-

1833 4246 2052 4293 statem.
2079 4239 2227 4294 Vana
2284 4237 2414 4295 vero
2454 4250 2508 4296 et
2540 4243 2779 4302 inanima
2845 4250 3160 4321 simulacra,
3205 4237 3324 4328 qua:
3358 4272 3410 4315 te

1834 4331 2207 4403 nihiljuvant,
2243 4335 2388 4403 quod
2419 4351 2483 4390 ea
2513 4353 2620 4391 non
2649 4354 2980 4410 cognoscant
3013 4363 3139 4402 eum
3172 4353 3264 4420 qui
3288 4352 3401 4422 ipsa

1834 4424 2042 4477 honore
2098 4424 2262 4478 allicit
2295 4436 2390 4480 aut
2427 4431 2778 4497 contumelia,
2828 4434 2882 4487 in
2917 4437 3050 4492 deos
3094 4442 3311 4507 stolide,
3349 4455 3410 4498 ut

1831 4516 1922 4586 qui
1977 4516 2137 4584 plane
2167 4531 2327 4569 sensu
2383 4534 2592 4574 careas.
2647 4523 2839 4576 refers.
2895 4527 3040 4581 Dixit
3094 4541 3404 4600 tyrannus:

141 4623 373 4692 Propter
409 4616 582 4673 nostri
628 4617 844 4687 imperii
880 4616 1227 4674 clementiam
1281 4616 1437 4672 vobis
1467 4629 1718 4686 parcens,
1757 4609 2019 4666 etvolens
2070 4607 2235 4661 vitam
2284 4609 2440 4663 vobis
2457 4625 2576 4664 esse
2624 4613 2852 4679 salvam,
2883 4616 3062 4674 adhuc
3089 4638 3182 4677 vos
3200 4627 3403 4697 patior,

135 4719 538 4792 jussitqueeos
591 4719 704 4766 tres
734 4709 853 4766 dies
874 4710 1078 4766 includi
1119 4711 1171 4765 in
1199 4725 1440 4772 carcere,
1474 4718 1532 4763 ut
1557 4714 1815 4774 caperent
1847 4701 2136 4756 consilium
2165 4700 2308 4768 quod
2338 4702 2419 4757 eis
2471 4705 2776 4773 expediret.

203 4814 276 4865 Z'.
315 4811 444 4863 Τῶν
476 4808 534 4861 δι
573 4805 933 4860 ὑπασπιστῶν
984 4805 1396 4874 πληρωσάντων
1428 4805 1523 4857 τοῦ
1568 4803 1724 4872 βασιο

1901 4795 2012 4847 νη.
2071 4793 2206 4847 Cum
2264 4805 2446 4847 autem
2507 4797 2771 4853 satellites
2829 4802 3147 4871 implessent
3185 4814 3400 4877 jnssum

139 4907 268 4967 λέως
315 4903 377 4954 τδ
414 4901 750 4969 πρόσταγμα
792 4899 886 4952 καὶ
929 4898 1006 4963 είς
1051 4896 1300 4969 φυλακὴν
1340 4897 1537 4959 αὑτοὺς
1586 4897 1726 4965 μετὰ

139 4997 333 5051 κλοιῶν
361 4992 801 5062 καθειρξάντων,
827 4988 978 5044 εἷπον
1008 4995 1146 5062 πρὸς
1175 4991 1437 5061 ἀλλήλους
1475 4989 1523 5041 οί
1557 4989 1723 5054 ἃγιοι⁶

149 5087 572 5158 Ἐτοεμάσωμεν
627 5083 897 5147 ἅπαντες,
957 5083 1200 5151 ἀδελφοὶ,
1233 5082 1576 5154 ὁμοθυμαδὸν
1627 5082 1726 5142 τὰς

139 5182 316 5250 ψυχὰς
350 5176 514 5248 ήμῶν
538 5176 618 5238 είς
648 5175 982 5246 προσευχὴν,
1026 5176 1121 5229 καὶ
1149 5176 1434 5246 δεηϐὦμεν
1463 5173 1556 5226 τοῦ
1587 5173 1724 5225 Θεοῦ

142 5273 294 5341 ἡμῶν
329 5269 574 5330 εκτενῶς
607 5264 791 5318 δοῦναι
819 5269 949 5336 ἡμῖν
980 5267 1174 5336 σοφίαν
1203 5283 1261 5319 τε
1288 5269 1383 5320 καὶ
1415 5267 1613 5334 γνῶσιν
1637 5265 1664 5317 δ
1695 5265 1725 5317 ἀ

141 5366 227 5418 τοῦ
279 5363 442 5431 ἀγίου
503 5358 673 5412 αὑτοῦ
723 5353 1058 5428 Πνεύματος,
1090 5360 1184 5412 καὶ
1235 5359 1494 5428 ἐμϐαλεῖν
1535 5361 1615 5420 είς
1663 5358 1722 5409 τὸ

146 5459 313 5527 στόμα
344 5450 507 5523 ἡμῶν
536 5448 590 5500 τί
617 5448 1086 5519 ἀπολογήσασθαι,
1112 5451 1261 5514 ὅπως
1288 5449 1546 5520 Θαυμάσῃ
1573 5451 1599 5500 6
1631 5448 1720 5500 τύ·

147 5565 327 5615 ραννος
362 5544 464 5614 τὴν
508 5539 774 5609 ἀλήθειαν
803 5541 904 5611 τῆς
949 5539 1182 5606 πίστεως
1218 5542 1399 5611 ἡμῶν.
1435 5543 1544 5593 Καὶ
1591 5556 1722 5592 στα-

144 5642 318 5704 hine;
365 5642 446 5701 et;
501 5637 822 5705 προσευχὴν
858 5637 906 5688 οί
940 5637 1086 5704 ἅγιοι
1135 5636 1504 5705 ἑϐδομήκοντα
1541 5633 1616 5697 ώς
1660 5635 1722 5686 ὲκ

151 5735 263 5802 μιᾶς
317 5732 504 5801 ψυχῆς
555 5722 742 5782 εἷπονο
777 5726 837 5777 Ὀ
876 5728 1007 5792 Θεὸς
1053 5731 1080 5782 6
1131 5729 1552 5798 παντοκράτωρ,
1586 5720 1646 5779 οὗ
1689 5727 1719 5794 ἡ

210 5835 226 5863 ³
259 5832 449 5886 Matth.
499 5841 661 5880 xvnt.

545 5921 801 5978 Ρλτηοῐ.
874 5915 991 5972 Gtt.
1040 5916 1138 5975 CX
1157 5914 1220 5980 γ,

1829 4885 2202 4955 imperatoris,
2238 4896 2292 4941 et
2325 4903 2422 4942 eos
2481 4889 2534 4941 in
2570 4893 2818 4945 custodia
2869 4893 3227 4956 inclusissent
3275 4921 3400 4959 cum

1823 4983 2140 5046 collaribus,
2196 4984 2370 5036 sancti
2407 4983 2664 5037 dixerunt
2697 4986 2841 5041 inter
2875 5005 2931 5043 se
2965 5011 2975 5043 :
3021 4992 3237 5050 Fratres
3267 5001 3400 5054 cha-

1824 5077 2045 5140 rissimi,
2081 5085 2338 5144 paremus
2385 5091 2576 5130 omnes
2613 5090 2827 5133 nostras
2854 5083 3063 5137 animas
3091 5085 3157 5137 ad
3192 5093 3398 5143 oratio-

1826 5184 1971 5232 nem,
2001 5179 2056 5223 et
2106 5169 2317 5221 inlcnse
2377 5186 2601 5225 oremus
2647 5173 2939 5242 benignum
2977 5185 3031 5230 et
3071 5178 3400 5238 clementem

1825 5259 1995 5313 Deum
2025 5269 2298 5322 nostrum,
2337 5271 2394 5312 ut
2445 5261 2537 5314 det
2569 5264 2729 5316 nobis
2758 5265 3079 5334 sapientiam
3115 5281 3172 5322 et
3208 5276 3398 5344 cogni-

1827 5352 2032 5406 tionem
2061 5366 2160 5421 per
2186 5363 2434 5405 sanctum
2465 5352 2751 5424 Spiritum,
2779 5369 2833 5412 et
2867 5360 3067 5425 injiciat
3101 5360 3156 5417 in
3211 5379 3272 5418 os
3300 5382 3399 5421 no-

1824 5455 2022 5506 strum,
2055 5445 2183 5512 quid
2217 5448 2646 5513 respondeamus
2687 5449 3004 5518 imperatori
3034 5470 3046 5505 :
3073 5464 3131 5506 ut
3165 5457 3404 5513 admire-

1829 5549 1917 5592 tur
1945 5539 2059 5607 ipse
2096 5553 2318 5607 quoque
2363 5548 2624 5609 tyrannus
2657 5541 2942 5597 veritatem
3001 5555 3201 5602 nostra:
3247 5550 3399 5606 ﬁdei.

1830 5631 1895 5684 Et
1926 5647 1983 5685 se
2020 5629 2085 5684 ad
2142 5631 2475 5698 precandum
2534 5633 2883 5691 conferentes
2937 5639 3112 5692 sancti
3177 5654 3398 5709 septua-

1828 5725 1974 5792 ginta
2012 5723 2214 5778 Christi
2253 5736 2520 5794 martyres
2568 5725 2828 5782 dixerunt
2895 5739 3150 5798 tanquam
3184 5748 3249 5787 ex
3293 5751 3404 5791 uno

3010 5915 3085 5978 12
