3966 6436
564 347 670 409 363

1858 339 2140 399 MENSIS
2184 339 2485 402 IULIUS.

3713 341 3822 410 364

562 476 661 516 ore
687 468 742 514 et
767 474 870 513 una
907 457 1088 513 anima
1121 471 1133 508 :
1164 452 1392 508 Domine
1429 451 1556 507 Iesu
1584 448 1824 508 Christe.
1859 449 2005 503 Deus
2027 463 2134 501 om-

2243 449 2468 514 ἐξουσία
2523 449 2745 513 αίώνιος
2779 451 2874 504 καὶ
2909 452 2940 521 ή
2979 450 3225 520 βασιλεία
3261 453 3322 506 οὑ
3361 451 3818 524 διαφθαρήσεται,

562 551 841 620 nipotens,
902 548 1060 618 cujus
1087 552 1332 615 potestas
1387 548 1611 602 aeterna,
1661 547 1717 593 et
1760 553 1986 608 regnum
2019 553 2130 592 non

561 641 832 702 interibit,
863 636 1016 691 mitte
1049 634 1117 688 ad
1143 648 1246 686 nos
1300 630 1704 684 sanctissimum
1746 637 1900 680 tuum
1960 625 2134 695 Spiri-

561 745 703 796 tum,
738 741 794 786 et
825 745 925 785 nos
955 743 1053 798 per
1084 741 1211 780 eum
1248 721 1428 785 erudi,
1486 729 1544 774 ut
1565 721 1620 773 in
1650 720 1768 788 ipso
1794 718 2133 773 exsultemus

558 840 617 883 et
661 829 908 880 latemur
957 862 973 886 ,
1036 827 1094 874 et
1127 819 1410 871 vincamus
1466 813 1673 867 erroris
1728 811 2024 880 nequitias,
2078 816 2136 864 et

557 918 891 974 extollamur
918 914 975 967 in
998 926 1124 965 vera
1155 919 1246 963 tua
1277 905 1382 960 lide
1413 921 1512 974 per
1553 913 1806 958 sanctum
1842 902 2132 970 Spiritum.

559 1011 655 1081 qui
683 1007 929 1078 loquitur
959 1004 1014 1057 in
1066 1002 1245 1061 nobis.
1280 996 1675 1054 convenienter
1707 1004 1813 1049 tuae
1846 1008 1990 1049 vera:
2015 1001 2071 1047 et
2102 1007 2134 1046 a

561 1101 847 1158 mendacio
874 1098 1064 1152 aliena:
1098 1090 1548 1166 promissioni,et
1578 1102 1677 1157 pro
1698 1101 1729 1141 ε
1768 1085 1930 1140 nobis
1953 1083 2134 1139 ablata

559 1193 838 1250 mundana
865 1190 1153 1261 dignitate,
1173 1184 1478 1240 etiiciamur
1521 1180 1728 1234 milites
1754 1179 1806 1232 in
1829 1187 2018 1232 sancta
2041 1186 2132 1232 tua

559 1287 801 1348 civitate,
846 1292 902 1337 et
923 1279 1262 1334 ascribamur
1314 1275 1369 1329 in
1401 1287 1691 1327 numerum
1743 1271 1948 1326 civium
2004 1285 2132 1324 cum

561 1376 822 1431 omnibus
871 1371 984 1425 tuis
1037 1366 1262 1431 sanctis,
1315 1365 1410 1434 qui
1438 1364 1537 1420 tibi
1570 1380 1599 1418 a
1633 1363 1837 1418 saeculo
1888 1369 2039 1416 recte
2077 1362 2134 1415 in

563 1462 670 1517 fide
715 1462 1062 1530 placuerunt.
1099 1455 1370 1521 Quoniam
1408 1463 1466 1508 tu
1526 1468 1588 1506 es
1618 1453 1771 1505 solus
1797 1451 1962 1510 Deus.
1991 1461 2046 1505 et
2081 1459 2134 1505 te

561 1555 718 1610 decet
743 1551 917 1622 gloria
940 1558 994 1604 et
1029 1547 1272 1617 potentia
1297 1546 1352 1598 in
1379 1544 1596 1598 saecula.
1628 1541 1823 1595 Amen.

631 1646 768 1701 Vill.
811 1641 1117 1710 Completis
1141 1647 1326 1692 autem
1362 1637 1538 1692 tribus
1569 1634 1788 1700 diebus,
1833 1633 2136 1703 praesidens

563 1752 758 1793 rursus
784 1730 1241 1795 Maximianus,in
1272 1727 1526 1783 eumdem
1559 1727 1739 1781 locum
1778 1737 1950 1794 portae
1977 1726 2135 1779 Ama-

564 1833 692 1884 xiza:
726 1841 921 1882 rursus
952 1830 1319 1878 concurrente
1374 1819 1633 1872 universa
1670 1817 1913 1878 civitate,
1946 1829 2138 1867 accer-

563 1924 656 1978 siit
711 1927 954 1976 sanctos.
1013 1914 1201 1968 Sancti
1256 1925 1389 1964 vero
1448 1917 1722 1978 martyres
1781 1916 2139 1963 accesserunt

564 2014 724 2070 tracti
749 2029 781 2066 α
803 2007 1091 2070 ministris,
1117 2013 1172 2059 et
1192 2010 1467 2058 steterunt
1484 2010 1609 2055 ante
1628 1998 1882 2070 impium.
1909 1997 2139 2067 Iniquus

561 2117 745 2162 autem
777 2104 1072 2172 imperator
1102 2091 1276 2152 minas
1302 2104 1618 2163 temperans
1653 2091 1968 2156 clementia,
1997 2089 2139 2144 dixit

560 2198 644 2253 eis
677 2213 690 2250 :
724 2197 768 2251 Ο
797 2194 924 2257 viri,
956 2189 1153 2245 discite
1205 2186 1422 2240 tandem
1473 2183 1606 2254 quid
1633 2182 1792 2236 vobis
1837 2181 2138 2251 expediat:

561 2300 617 2345 et
649 2286 996 2347 accedentes,
1028 2280 1135 2334 diis
1171 2277 1499 2337 sacriﬁcate,
1526 2282 1582 2329 et
1602 2273 1768 2326 vitam
1803 2270 2058 2338 accipite,
2081 2276 2139 2323 et

563 2398 676 2439 non
713 2386 945 2433 mortem
977 2371 1258 2428 acerbam.
1293 2368 1562 2423 Dixerunt
1615 2363 1791 2418 sancti
1822 2370 2093 2432 martyres
2122 2378 2135 2416 :

565 2476 640 2534 De
703 2475 807 2528 hoc
856 2470 1062 2524 bonum
1096 2462 1390 2520 consilium
1452 2459 1719 2529 cepimus,
1753 2473 1786 2512 o
1817 2457 2136 2527 imperator.

562 2569 704 2623 Audi
766 2573 994 2624 attente,
1042 2569 1190 2612 etne
1223 2570 1323 2608 nos
1377 2553 1614 2621 amplius
1665 2566 1850 2622 cogas,
1881 2558 1977 2604 aut
2026 2547 2134 2602 vim

563 2659 724 2715 nobis
757 2657 922 2710 ullam
957 2639 1156 2707 all’lras
1186 2668 1196 2702 :
1228 2645 1532 2701 Statuimus
1558 2643 1707 2697 enim
1755 2641 1885 2696 odio
1932 2640 2138 2695 habere

564 2753 706 2808 hanc
751 2751 940 2811 vitam,
1002 2759 1124 2813 qua:
1153 2750 1236 2795 est
1284 2737 1352 2792 ad
1406 2746 1645 2802 tempus,
1715 2733 1946 2802 diligere
2003 2746 2138 2786 vero

567 2850 798 2898 mortem
866 2833 1204 2906 pr0positam
1262 2835 1487 2897 propter
1517 2823 1724 2880 Christi
1775 2822 2134 2878 desiderium.

562 2934 666 2988 Per
693 2931 870 3001 ipsum
905 2923 1051 2980 enim
1092 2921 1259 2974 vitam
1289 2927 1548 2972 aeternam
1593 2929 1879 2987 speramus
1914 2912 2140 2969 lucrifa-

564 3037 714 3078 cere.
748 3022 822 3074 De
848 3026 1048 3073 caetero
1070 3027 1204 3083 ergo
1244 3011 1328 3065 fac
1361 3010 1603 3064 breviter
1636 3008 1691 3061 in
1725 3022 1827 3061 nos
1849 3005 1998 3075 quod
2030 3005 2134 3058 vis.

2239 539 2626 603 ἑξαπόστειλον
2655 541 2788 611 ήμίν
2815 541 2877 594 τὸ
2909 541 3136 612 Πνεῦμά
3175 560 3268 597 σου
3306 544 3366 596 τὸ
3398 545 3687 612 πανάγιον,
3733 545 3826 596 ἵνα

2237 635 2295 687 δν
2327 633 2475 704 αύτῷ
2505 635 2968 705 ἀγαλλιασῶμεθα
2997 638 3092 688 καὶ
3118 637 3540 707 εὐφρανθῶμεν,
3557 641 3651 691 καὶ
3672 638 3826 707 νική-

2244 743 2428 798 σωμεν
2479 726 2579 788 τάς
2612 731 2876 800 πονηρίας
2914 734 3012 800 τῆς
3048 730 3280 800 πλάνης,
3310 733 3404 783 καὶ
3427 731 3734 800 ὑψωθῶμεν
3767 733 3828 783 ἐν

2236 822 2304 889 τῇ
2332 818 2560 890 ἀληθινῇ
2597 836 2691 873 σου
2727 821 2905 874 πίστει
2945 821 3035 874 διὰ
3066 820 3160 875 τοῦ
3193 823 3352 890 ἀγίου
3380 821 3699 890 Πνεύματος
3728 820 3827 874 τοῦ

2240 913 2539 975 λαλοῦντος
2569 915 2630 965 ιν
2661 909 2821 984 ήμτν,
2845 915 2990 968 κατὰ
3028 914 3125 986 τήν
3153 917 3418 986 ἀληθινήν
3449 933 3542 968 σου
3582 918 3827 982 ἐπαγγε-

2239 1005 2383 1070 λίαν,
2402 1007 2498 1060 καὶ
2526 1007 2648 1060 ἀντὶ
2672 1007 2772 1077 τῆς
2806 1006 3190 1078 ἀναιρεθείσης
3215 1007 3484 1077 κοσμικῆς
3508 1006 3668 1074 ἀξίας
3693 1023 3767 1058 πσ
3778 1005 3830 1076 ρ’

2239 1098 2399 1169 ήμῶν
2437 1096 2727 1168 γενώμεθα
2773 1099 3109 1169 στρατιῶται
3143 1101 3203 1152 εν
3235 1099 3389 1172 πόλει
3427 1100 3560 1170 ἁγίᾳ
3595 1117 3716 1164 σου,
3766 1100 3829 1152 ιν

2239 1185 2274 1264 ᾖ
2302 1190 2718 1245 συνελεύσονταί
2741 1207 2822 1245 σοι
2847 1193 3050 1255 πάντες
3071 1193 3121 1244 oi
3155 1193 3516 1262 συναγόμενοι
3541 1195 3608 1262 τῇ
3637 1192 3830 1244 πίστει

2237 1283 2332 1336 τοῦ
2373 1283 2613 1351 Χριστοῦ
2657 1302 2776 1350 σου,
2813 1285 2932 1355 μεθ’
2969 1280 3032 1340 οὑ
3065 1303 3148 1340 σοι
3183 1287 3263 1357 τῷ
3295 1288 3497 1355 Πατέρι
3543 1288 3752 1356 πρέπει
3795 1289 3829 1358 ή

2236 1373 2364 1442 δόξα
2393 1377 2488 1428 καὶ
2512 1375 2572 1428 τὸ
2601 1375 2805 1446 κράτος
2841 1378 2938 1430 σὺν
2967 1376 3044 1446 τῷ
3075 1378 3218 1448 ἀγίῳ
3242 1379 3337 1432 καὶ
3368 1377 3620 1450 ζωοποιῷ
3650 1378 3832 1433 Πνεύο

2243 1482 2376 1534 ματι
2407 1468 2491 1530 είς
2520 1469 2647 1529 τοὺς
2672 1467 2895 1529 αἰῶνας.
2940 1469 3135 1539 Ἀμήν.

2310 1644 2392 1699 H'.
2424 1646 2532 1698 Καὶ
2557 1647 2697 1713 μετά
2739 1647 2838 1717 τήν
2884 1649 3279 1720 συμπλήρωσιν
3312 1649 3422 1703 τῶν
3467 1651 3635 1720 τριῶν
3687 1653 3832 1723 ἡμε-

2244 1733 2354 1803 ρῶν
2377 1735 2718 1805 προκαθίσας
2749 1737 2913 1790 πάλιν
2940 1739 2970 1790 ὁ
2999 1738 3344 1807 Μαξιμιανὸς
3380 1740 3524 1794 κατὰ
3545 1742 3635 1794 τὸν
3657 1742 3833 1796 αὑτὸν

2240 1828 2403 1878 τόπον
2430 1827 2845 1898 τῆςἊμαξικῆς
2871 1830 3065 1900 πύλης,
3087 1833 3503 1903 συνδραμούσης
3527 1834 3622 1886 καὶ
3641 1834 3830 1904 πάσης

2240 1916 2342 1987 τῆς
2381 1918 2615 1982 πόλεως,
2667 1919 3059 1988 μετεπέμψατο
3092 1922 3222 1983 τοὺς
3251 1922 3458 1988 ἁγίους.
3499 1924 3560 1976 Οί
3595 1923 3648 1976 εὶ
3679 1941 3832 1994 παρ’

2238 2009 2508 2077 εγένοντο,
2533 2010 2816 2078 ἑλκόμενοι
2848 2012 2952 2064 ὑπὸ
2979 2010 3089 2065 τῶν
3107 2012 3428 2082 ὑπηρετῶν,
3461 2017 3554 2066 καὶ
3585 2015 3832 2085 ἔστησαν

2241 2099 2558 2170 ἐμπροσθεν
2599 2099 2697 2154 τοῦ
2745 2101 3068 2165 δυσσεσοῦς.
3111 2103 3170 2157 '0
3208 2103 3266 2156 δὲ
3306 2103 3693 2177 φιλανθρωπίᾳ
3728 2107 3834 2176 τὴν

2240 2192 2472 2264 ἀπειλὴν
2506 2194 2769 2264 κεράσας,
2801 2194 2903 2264 ἔφη
2951 2196 3089 2267 πρὸς
3121 2197 3353 2261 αὐτούς·
3395 2197 3516 2251 Κάν
3559 2199 3658 2268 ὀψέ
3692 2215 3833 2253 ποτε

2241 2285 2302 2338 τὸ
2338 2285 2617 2356 συμφέρον
2641 2286 2776 2354 ὑμῖν
2809 2286 3032 2355 μάθετε,
3062 2282 3106 2341 ὦ
3131 2289 3343 2359 ἀνδρες.
3379 2291 3476 2344 καὶ
3502 2291 3836 2360 προσελθόν-

2241 2395 2330 2440 τες
2360 2378 2560 2431 θύσατε
2604 2383 2715 2440 τοῖς
2754 2380 2917 2445 θεοῖς,
2951 2381 3044 2434 καὶ
3081 2381 3388 2452 κομίσασθε
3419 2385 3518 2454 τήν
3552 2383 3698 2453 ζωὴν
3730 2386 3834 2438 καὶ

2245 2469 2320 2540 μή
2350 2470 2441 2524 τὸν
2477 2472 2678 2539 πικρὸν
2710 2471 2962 2529 θάνατον.
3001 2475 3062 2528 Οί
3098 2474 3244 2542 ἀγιοι
3288 2470 3476 2528 εἷπον·
3517 2476 3689 2529 Τοῦτο
3731 2494 3834 2537 κατ

2240 2560 2348 2621 λῶς
2375 2560 2844 2630 ἐϐουλευσάμεθα,
2871 2561 3110 2631 βασιλεῦ,
3135 2563 3235 2631 τήν
3262 2565 3592 2633 πρόσκαιρον
3618 2562 3833 2635 ταύτην

2242 2649 2388 2720 ζωὴν
2411 2651 2661 2720 μισῆσαι,
2686 2653 2970 2720 ἀγαπῆσαι
2999 2653 3055 2706 δὲ
3087 2654 3176 2706 τὸν
3209 2656 3572 2724 προκείμενον
3595 2656 3834 2709 θάνατον

2241 2741 2328 2794 διὰ
2359 2744 2452 2794 τὸν
2473 2743 2552 2806 είς
2576 2743 2811 2814 Χριστὸν
2839 2744 3002 2798 πόθον
3020 2758 3034 2774 ·
3061 2745 3353 2816 ἐλπίζομεν
3403 2749 3512 2816 γὰρ
3561 2747 3628 2800 δι’
3657 2748 3832 2802 αὐτοῦ

2242 2833 2501 2904 κερδάναι
2553 2834 2653 2906 τὴν
2702 2834 2850 2907 ζωὴν
2899 2839 2998 2907 τὴν
3037 2837 3276 2891 αίώνιον.
3318 2839 3524 2892 Λοιπὸν
3553 2838 3648 2892 οὖν
3682 2840 3833 2893 ποίει

2242 2927 2525 2996 συντόμως
2559 2929 2588 2982 δ
2618 2929 2834 2997 βούλειο
2870 2932 3029 2998 ήμεῐς
3073 2931 3182 3001 γὰρ
3228 2932 3329 2985 οὑκ
3371 2931 3683 3003 ἀρνούμεθα
3732 2933 3834 2985 τὸν

2242 3017 2374 3070 Θεὸν
2405 3020 2586 3087 ήμῶν,
2635 3020 2758 3073 οὐδὲ
2795 3020 2916 3082 τοὺς
2943 3021 3205 3090 δαίμονάς
3243 3037 3340 3075 σου
3372 3023 3792 3094 προσκυνοῦμεν
3813 3041 3830 3056 ·

561 3115 674 3169 Nos
735 3112 882 3165 enim
939 3123 1050 3160 non
1107 3116 1372 3173 negamus
1428 3100 1599 3154 Deum
1645 3107 1917 3161 nostrum,
1954 3110 2133 3165 neque

2242 3109 2300 3162 εν
2325 3110 2434 3181 γὰρ
2462 3112 2528 3182 τῇ
2561 3113 2888 3182 κατακρίσει
2925 3112 3018 3167 τοῦ
3051 3116 3388 3184 προσκαίρου
3425 3116 3619 3169 τούτου
3657 3116 3832 3171 θανάο

563 3205 840 3260 ᾱωιῐιοιιεθ
871 3210 994 3254 tuos
1053 3209 1293 3264 unquam
1335 3190 1712 3245 adorabimus.
1741 3187 1876 3244 Nam
1913 3187 1968 3241 in
2001 3203 2136 3242 con-

559 3295 911 3352 demnatione
939 3289 1102 3359 hujus
1135 3284 1349 3346 mortis,
1369 3298 1490 3353 quae
1518 3291 1603 3337 est
1633 3281 1699 3335 ad
1733 3291 1972 3352 tempus,
2000 3281 2140 3335 libe-

562 3397 749 3438 ramur
773 3379 842 3434 ab
876 3387 1079 3432 aeterna
1132 3372 1611 3428 condemnatione.
1643 3371 1769 3425 Hac
1799 3387 1926 3425 cum
1969 3370 2138 3424 dixis~

559 3485 681 3535 sent
735 3470 908 3528 sancti
965 3478 1253 3536 martyres,
1290 3463 1484 3516 videns
1512 3472 1777 3533 tyrannus
1835 3461 1889 3513 in
1957 3461 2137 3514 medio

561 3582 751 3627 eorum
776 3562 1179 3618 adolescentem
1207 3557 1344 3612 dixit
1369 3557 1417 3610 ei
1449 3573 1462 3609 :
1490 3556 1607 3617 Dic,
1631 3551 2134 3622 adolescens,qnod

559 3672 644 3717 est
686 3660 783 3713 tibi
835 3671 1058 3716 nomen,
1094 3663 1149 3706 ct
1210 3651 1364 3719 cujas
1396 3663 1455 3701 es
1483 3647 1724 3718 genere?
1754 3647 1900 3701 Dixit
1952 3647 2136 3701 adole-

559 3769 719 3810 scens
750 3770 764 3806 :
794 3748 1061 3806 Nominor
1090 3743 1314 3814 quidem
1354 3741 1645 3804 Photinus,
1672 3755 1702 3794 a
1731 3753 1860 3791 vera
1891 3737 2014 3791 luce
2044 3752 2135 3790 ac~

558 3859 718 3917 cepto
767 3844 1010 3898 nomine.
1044 3840 1175 3893 Sum
1208 3845 1392 3889 autem
1452 3833 1610 3885 miles
1636 3830 1864 3897 Christi,
1898 3833 1993 3899 qui
2032 3821 2135 3900 pit-

558 3937 692 3992 dore
725 3936 907 3989 atl‘ecit
936 3941 1144 4002 patrem
1183 3939 1336 3982 tuum
1375 3925 1653 3981 Satanam.
1691 3923 1758 3978 Et
1786 3939 1906 3978 sum
1931 3939 2133 3994 genere

557 4032 778 4104 quidem
811 4027 1090 4082 Romanus
1125 4040 1138 4076 :
1175 4022 1321 4075 illius
1352 4035 1483 4074 vero
1514 4028 1571 4074 et
1605 4018 1844 4072 carnalis
1885 4027 1938 4072 et
1961 4017 2131 4087 spiri-

557 4123 680 4179 talis
707 4119 954 4174 Mauricii
1001 4113 1314 4170 clarissimi.
1349 4111 1428 4164 Ex
1475 4125 1542 4164 eo
1571 4109 1718 4164 enim
1769 4120 1946 4173 ortus,
1975 4120 2030 4166 et
2063 4113 2132 4164 ab

554 4229 623 4269 eo
671 4221 892 4281 accepta
950 4207 1041 4262 Dei
1075 4204 1411 4276 cognitione,
1461 4203 1517 4256 tn
1574 4201 1780 4256 Christi
1847 4201 1954 4257 ﬁde
2007 4218 2129 4258 sum

556 4307 846 4363 educatus.
912 4312 1074 4371 qnem
1116 4309 1172 4352 tu
1208 4311 1434 4366 negans,
1464 4311 1498 4348 ο
1553 4296 1874 4364 imperator,
1909 4311 2132 4366 compa-

556 4409 710 4455 ratus
741 4413 801 4452 es
829 4393 1095 4466 jumentis
1147 4387 1560 4458 insipientibus,
1604 4395 1659 4440 et
1721 4387 1919 4441 similis
1954 4388 2130 4443 factus

2240 3215 2356 3264 του,
2388 3202 2487 3270 τῆς
2510 3203 2731 3255 αἰωνίου
2763 3204 3146 3273 κατακρίσεως
3177 3204 3634 3273 ἑλευθερούμεθα.
3681 3207 3834 3258 Ταῦ-

2240 3307 2308 3342 τα
2343 3293 2609 3343 είπόντων
2646 3293 2756 3345 τῶν
2819 3294 3016 3360 ἁγίων,
3063 3293 3348 3363 θεωρήσας
3385 3297 3413 3347 ό
3458 3296 3725 3364 τύραννος
3768 3302 3831 3352 ἐν

2243 3382 2396 3452 μέσῳ
2418 3383 2597 3437 αὐτῶν
2621 3388 2859 3452 νεανίαν,
2895 3387 3000 3457 ἔφη
3026 3386 3164 3457 πρὸς
3188 3388 3381 3441 αὐτόν’
3416 3387 3481 3441 Τί
3506 3404 3600 3442 σου
3623 3394 3828 3461 τυγχάο

2241 3495 2320 3531 νει
2354 3478 2413 3531 τὸ
2439 3479 2632 3548 ὄνομα,
2659 3481 2756 3535 καὶ
2782 3482 2946 3535 πόθεν
2975 3481 3245 3553 ὑπάρχεις
3273 3482 3354 3554 τῷ
3387 3483 3532 3552 γένει
3558 3502 3572 3551 ;
3602 3485 3674 3536 Τὸ
3705 3501 3832 3554 μει-

2244 3571 2433 3640 ράκιον
2482 3571 2586 3642 ἔφη
2607 3589 2620 3603 ο
2650 3573 2913 3636 Φωτεινδς
2944 3574 3285 3644 ὀνομάζομαι
3317 3577 3471 3645 παρὰ
3507 3575 3600 3630 τοῦ
3629 3576 3828 3646 ἀληθιο

2239 3661 2331 3713 νοῦ
2374 3661 2554 3728 φωτὸς
2609 3663 2709 3731 τὴν
2755 3663 2948 3732 κλῆσιν
2997 3663 3313 3734 δεξάμενος,
3349 3665 3442 3719 καί
3479 3668 3830 3738 στρατιώτης

2237 3751 2355 3820 εἰμὶ
2385 3751 2648 3822 Χριστοῦ,
2678 3752 2773 3806 τοῦ
2814 3756 3278 3828 καταισχύναντος
3303 3758 3397 3812 τὸν
3430 3759 3696 3826 Σατανᾶν,
3728 3762 3828 3815 τὸν

2239 3842 2450 3914 πατέρα
2480 3859 2574 3896 σου
2600 3859 2614 3874 ⁸
2658 3845 2931 3916 Ῥωμαῖος
2965 3849 3023 3901 δὲ
3051 3850 3286 3920 ὑπάρχω
3311 3852 3371 3903 τὸ
3399 3853 3579 3920 γένος,
3608 3853 3831 3924 Μαύρι-

2236 3938 2360 3990 κίου
2409 3937 2505 3992 τοῦ
2562 3937 2910 4004 ἐνδοξότατον
2965 3943 3250 4010 τυγχάνων
3289 3943 3403 4002 υίὸς
3447 3947 3715 4011 σαρκικός
3764 3964 3830 4000 τε

2235 4033 2330 4086 καὶ
2369 4034 2774 4103 πνευματικός·
2815 4033 2874 4098 ἐξ
2905 4033 3072 4088 αὑτοῦ
3115 4037 3224 4106 γὰρ
3271 4036 3552 4107 προελθὼν
3593 4040 3688 4092 καὶ
3719 4039 3830 4110 τὴν

2234 4126 2437 4194 γνῶσιν
2465 4125 2596 4198 παρ’
2618 4126 2785 4181 αὑτοῦ
2816 4126 3055 4200 είληφὼς
3088 4128 3181 4182 τοῦ
3209 4130 3368 4195 Θεοῦ,
3397 4133 3477 4196 είς
3501 4133 3602 4200 τὴν
3632 4134 3829 4188 πίστιν

2234 4218 2552 4290 ἀνετράφην
2591 4221 2685 4273 τοῦ
2722 4221 2987 4291 Χριστοῦ,
3012 4221 3073 4272 ὃν
3102 4223 3166 4276 σὺ
3199 4222 3631 4293 ἀπαρνούμενος,
3656 4223 3826 4293 βασι-

2233 4310 2348 4374 λεῦ,
2404 4311 2894 4382 παρασυνεδλήθης
2949 4313 3060 4374 τοῖς
3118 4315 3341 4384 κτήνεσι
3386 4316 3498 4378 τοῐς
3543 4317 3826 4386 ἀνοήτοις,

2235 4402 2332 4454 καὶ
2358 4401 2648 4472 ὡμοιώθης
2677 4403 2886 4469 αὐτοῖς.

2158 4456 2211 4516 D

559 4507 616 4546 es
650 4491 775 4545 illis.

628 4578 721 4638 IX.
764 4581 910 4636 Dixit
968 4590 1234 4650 tyrannus
1269 4595 1282 4629 :
1335 4575 1549 4631 Stultus
1583 4589 1641 4628 es
1701 4574 2040 4638 adolescens,
2073 4584 2129 4629 et

2307 4581 2385 4637 0'.
2419 4582 2481 4638 Ὁ
2499 4583 2758 4654 τύραννος
2782 4583 2933 4640 εἶπεν
2949 4602 2962 4616 ·
3008 4587 3366 4658 Ἀνοητεύεις,
3392 4588 3701 4660 μειράκιον,
3725 4593 3828 4646 καὶ

555 4684 684 4728 sunt
708 4683 799 4726 tua
833 4671 996 4723 verba
1023 4675 1181 4721 aetate
1210 4667 1397 4737 digna.
1426 4667 1623 4737 Atjam
1658 4664 1831 4728 disce,
1866 4665 2015 4733 quod
2042 4677 2126 4720 cst

2240 4678 2334 4745 τῆς
2368 4676 2585 4745 ἡλικίας
2606 4676 2730 4744 ἀξια
2756 4680 3012 4750 τυγχάνει
3038 4682 3104 4733 τὰ
3130 4683 3353 4752 ῥήματά
3382 4698 3494 4734 σου.
3525 4681 3826 4752 Διδάχθητι

555 4766 656 4820 tibi
705 4761 1177 4818 conducibilezet
1222 4759 1514 4824 accedens,
1570 4758 1816 4813 sacrifica
1890 4759 2128 4814 maximo

2240 4765 2331 4820 οὖν
2362 4767 2419 4818 τὸ
2446 4769 2749 4840 συμφέρον,
2785 4773 2876 4824 καὶ
2913 4770 3237 4838 προσελθὼν
3265 4771 3426 4828 θῦσον
3463 4773 3541 4845 τῷ
3568 4776 3826 4850 μεγίστῳ

551 4856 695 4918 Jovi,
747 4866 804 4909 et
854 4869 1016 4924 parce
1061 4865 1166 4906 tua:
1217 4852 1514 4921 iuventuti.
1569 4849 1714 4904 Dixit
1758 4852 2125 4908 adolescens:

2240 4857 2339 4930 5εῷ
2368 4861 2474 4926 Διΐ,
2504 4865 2598 4914 καὶ
2645 4863 2829 4930 φεῖσαί
2863 4879 2957 4916 σου
2992 4864 3090 4935 τῆς
3118 4867 3389 4936 νεότητος.
3419 4867 3492 4920 Τὸ
3524 4871 3824 4938 μειράκιον

554 4949 852 5017 Propterea
883 4942 1029 5014 quod
1069 4958 1177 4996 non
1211 4941 1373 5005 facio,
1418 4940 1566 5012 quod
1600 4940 1702 5006 vis,
1747 4955 1930 5011 neque
1954 4943 2127 4997 sacri-

2240 4949 2331 5021 ίφη
2353 4966 2368 4982 ο
2405 4952 2494 5005 Ἐν
2511 4951 2589 5022 τῷ
2609 4953 2685 5025 μὴ
2716 4957 2892 5010 ποιεῖν
2915 4957 2976 5010 τδ
2996 4957 3208 5028 θέλημά
3226 4974 3321 5012 σου
3337 4957 3518 5026 λέγεις
3539 4976 3633 5034 μοι
3652 4960 3824 5032 ἀνοησ

555 5041 657 5095 ﬁco
687 5037 1017 5103 simulacris,
1050 5033 1193 5089 dicis
1221 5049 1306 5088 me
1358 5037 1586 5089 stultum
1616 5049 1759 5090 esse.
1795 5034 1930 5089 Nam
1979 5035 2128 5106 quod

2240 5043 2453 5111 ταίνειν,
2489 5045 2612 5098 ἐπεὶ
2653 5045 2745 5099 καὶ
2791 5050 2932 5103 πάνυ
2966 5049 3152 5120 φρονῶ
3190 5052 3321 5122 περὶ
3347 5050 3446 5125 τήν
3490 5038 3673 5116 πίστιν
3716 5054 3820 5108 τοῦ

553 5131 749 5188 attinet
776 5128 995 5199 quidem
1033 5125 1100 5182 ad
1131 5126 1292 5181 tidem
1329 5126 1547 5181 Domini
1593 5127 1697 5182 mei
1737 5125 1864 5181 Jesu
1897 5126 2126 5194 Christi,

2240 5136 2436 5208 Κυρίου
2481 5154 2581 5207 μου
2615 5138 2790 5210 Ἰησοῦ
2832 5142 3094 5214 Χριστοῦ.
3123 5143 3257 5200 Τότε
3287 5140 3442 5200 εἷπεν
3480 5148 3508 5200 ό
3552 5145 3821 5216 τύραννος

553 5224 711 5280 valde
751 5221 926 5293 sapio.
964 5218 1118 5274 Tunc
1147 5219 1286 5278 dixit
1331 5227 1594 5292 tyrannus
1638 5234 1827 5275 rursus
1874 5221 2119 5278 sanctis:

2240 5228 2369 5298 πρὸς
2408 5228 2535 5290 τοὺς
2579 5229 2771 5299 ἀγίους
2813 5233 3009 5287 πάλιν·
3036 5235 3184 5301 Ἕως
3230 5235 3362 5291 πότε
3401 5237 3499 5308 τῆς
3536 5237 3820 5309 ὑμετέρας

552 5305 852 5381 Quousque
888 5311 1364 5382 importunitatem
1415 5320 1650 5366 vestram
1697 5313 2054 5380 sustinemus,
2087 5331 2122 5370 ο

2240 5323 2556 5392 σκαιότητος
2593 5325 2898 5395 ἀνεχόμεθα
2944 5329 3038 5381 καὶ
3078 5332 3198 5393 ταῖς
3227 5305 3480 5399 βασάνοις
3520 5305 3724 5404 ἀνοχὴν
3754 5333 3822 5399 ἐξ

551 5405 763 5467 miseri,
809 5411 865 5458 et
906 5411 1178 5458 tormenta
1208 5402 1515 5458 diﬁ‘erimus
1553 5419 1619 5457 ex
1660 5403 1999 5475 benignitate
2037 5407 2122 5461 in-

551 5493 949 5565 comparabili?
998 5494 1313 5553 Sacriﬂcste
1360 5511 1488 5566 ergo
1528 5494 1657 5558 diis,
1689 5510 1755 5551 ne
1812 5499 1868 5552 ln
1906 5513 2003 5554 vos
2036 5515 2123 5554 ar-

555 5585 1029 5657 metisjustitiam.
1055 5584 1320 5644 Dixerunt
1342 5589 1517 5644 sancti
1543 5599 1809 5659 martyres
1839 5599 2069 5662 tyranno
2104 5613 2118 5648 ;

2234 5414 2567 5486 ἀσυγκρίτου
2615 5418 3029 5490 φιλανθρωπίας
3075 5421 3430 5493 παρέχομενς
3484 5423 3685 5480 θύσατε
3717 5420 3819 5480 οῦν

2232 5506 2342 5568 τοῖς
2372 5506 2536 5571 θεοῖς,
2576 5509 2662 5564 ἵνα
2687 5509 2762 5581 μή
2795 5513 2893 5582 τὴν
2920 5511 3079 5584 δίκην
3109 5513 3231 5567 καθ’
3261 5515 3416 5586 ὑμῶν
3446 5517 3816 5590 ἐξωπλίσητε.

2234 5599 2295 5651 Oi
2328 5597 2472 5667 ἀγιοι
2506 5597 2660 5657 εἷπον
2691 5603 2768 5675 τῷ
2801 5605 3052 5677 τυράννῳ
3076 5622 3090 5638 ο
3138 5605 3264 5663 Ἐάν
3294 5608 3426 5681 ἔχῃς
3454 5609 3681 5680 γνῶσιν,
3708 5613 3816 5665 ὑπο

623 5766 644 5796 ⁸
671 5764 859 5820 Matth.
893 5783 944 5821 κ.
