3966 6450
185 391 276 451 365

1155 403 1329 463 γιτΑ
1374 405 1476 465 SS.
1516 405 1882 466 MAURITH
1916 407 2012 466 ΕΤ
2049 409 2460 471 SOCIORUM.

3318 422 3422 484 365

181 503 331 570 ουργὲ
379 503 486 556 τῶν
535 507 866 578 ἀκαθάρτων
896 509 1185 580 δαιμόνων,
1216 514 1550 584 μεμάθηκας
1597 535 1721 588 παρι

1854 517 2094 574 Sceleste
2119 531 2175 576 et
2207 518 2534 580 administer
2567 527 2974 584 immundorum
3001 531 3335 597 daemonum,
3377 538 3422 590 si

180 597 436 651 Φωτεινοῦ
484 601 584 668 τὴν
612 603 887 674 ἡμετέραν
919 604 1099 673 ἰσχύν·
1137 607 1186 659 εἰ
1233 607 1342 678 γάρ
1377 611 1579 674 ἐκεῖνος
1627 611 1744 674 νέος

180 691 431 760 ὑπαργων
462 695 562 764 τὴν
587 696 805 765 ἠλικίαν
835 696 1170 768 κατῄσχυνέν
1200 717 1292 752 σου
1325 702 1424 771 τὴν
1454 703 1623 772 ἀσεϐῆ
1649 703 1744 755 καὶ

178 783 492 855 ἀναίσθητον
534 786 763 858 γνώμην
809 787 897 840 διὰ
944 789 1043 858 τῆς
1081 789 1414 861 εἰλικρινοῦς
1445 793 1611 846 αὑτοῦ
1657 794 1744 845 πί-

179 891 338 938 στεως
389 879 483 930 καί
520 879 616 949 τῆς
649 882 728 940 εἰς
757 881 995 949 Χριστὸν
1033 881 1312 948 γνώσεως,
1344 885 1496 955 πόσῳ
1544 887 1743 956 μᾶλλον

175 970 322 1035 ἡμεῖς
352 969 699 1039 αἱρησόμεθα
729 971 908 1034 πάσας
938 972 1206 1042 βασάνους
1246 976 1567 1047 ὑποστῆναι,
1593 979 1743 1041 ὅπως

174 1060 619 1130 καταισχύνωμεν
645 1062 736 1113 τὸν
787 1065 1000 1134 πατέρα
1048 1082 1161 1130 σου,
1199 1067 1291 1120 τὸν
1326 1067 1600 1135 διάϐολον,
1649 1071 1743 1124 καὶ

175 1153 629 1222 εὖαρεστήσωμεν
671 1153 751 1224 τῷ
794 1156 1057 1227 Χριστῷς
1089 1159 1222 1213 Τότε
1263 1158 1539 1228 θυμωθεὶς
1572 1163 1601 1214 δ
1647 1162 1741 1216 τύ-

173 1264 350 1313 ραννος
382 1247 676 1300 ἐκέλευσεν
700 1249 1006 1306 τύπτεσθαι
1042 1254 1167 1317 τοὺς
1205 1255 1392 1322 ἀγίους
1425 1255 1740 1329 βουνεύροις

171 1337 326 1405 ὠμοῖς
357 1353 368 1365 ·
407 1339 502 1390 καὶ
534 1339 768 1408 ἡρξαντο
815 1344 861 1395 οἰ
914 1345 1183 1414 ὑπηρέται
1237 1347 1465 1400 τύπτειν
1516 1349 1736 1413 αὐτοὺς,

170 1427 261 1487 ἓως
287 1420 346 1479 οὗ
376 1426 676 1500 διέρραξαν
720 1432 819 1494 τὰς
856 1434 1064 1502 σάρκας
1095 1435 1298 1502 αὐτῶν,
1328 1437 1539 1491 καὶτοῦ
1571 1439 1738 1510 αἵμα-

167 1534 246 1578 τος
271 1519 456 1573 αὐτῶν
492 1523 745 1590 σφοδρῶς
778 1527 1106 1592 φερομένου,
1134 1526 1184 1578 oi
1219 1526 1366 1595 ἀγιοι
1404 1531 1484 1592 εἰς
1520 1529 1612 1585 τὸν
1640 1531 1734 1584 οὐ·

169 1613 316 1680 ρανὺν
366 1614 776 1683 ἀναϐλέψαντες
837 1618 1006 1669 ἐϐόων
1051 1620 1288 1690 Χριστὸν
1319 1622 1411 1674 τὸν
1452 1623 1584 1676 Θεὸν
1627 1626 1738 1677 ἰκε-

166 1705 395 1768 τεύοντες
432 1707 716 1776 ἐνισχῦσαι
749 1709 945 1772 αὐτοὺς
974 1710 1069 1762 καὶ
1102 1712 1212 1764 τῶν
1247 1714 1425 1766 πόνων
1447 1716 1734 1784 ἐπικουφί-

167 1811 245 1848 σαι
265 1812 280 1827 σ
319 1796 378 1859 δς
408 1797 729 1861 ἐπακούσας
756 1801 856 1868 τῆς
882 1801 1064 1853 αὐτῶν
1095 1802 1348 1866 ὲκτενοῦς
1395 1807 1731 1874 προσευχῆς,

1849 611 1980 680 quid
2009 613 2212 683 ingenii
2255 617 2459 672 habeas
2503 628 2599 672 aut
2643 620 2907 686 scientiae,
2945 624 3183 681 didicisti
3216 643 3244 682 a
3278 629 3424 684 Plio-

1849 708 1964 758 tino
1989 715 2231 762 nostram
2267 708 2427 765 ﬁdem
2471 721 2526 766 et
2547 712 2695 769 vires
2746 725 2984 772 nostras.
3033 719 3088 773 Si
3128 721 3276 775 enim
3309 724 3420 784 ille.

1846 810 1969 850 cum
1995 797 2066 852 sit
2093 809 2256 856 aetate
2284 803 2526 871 juvenis,
2557 806 2771 875 pudore
2807 809 2994 864 affecit
3023 809 3242 880 impiam
3270 823 3421 869 tuam

1848 898 2084 944 mentem
2131 901 2186 945 et
2221 896 2374 949 nullo
2419 913 2582 951 sensu
2639 900 2948 968 prmditam,
2999 919 3097 972 per
3146 906 3418 962 sinceram

1846 994 1999 1033 suam
2043 981 2200 1035 fidem
2244 991 2300 1036 et
2346 985 2553 1040 Christi
2585 989 2976 1058 cognitionem,
3008 1003 3215 1062 quanto
3247 998 3421 1066 magis

1845 1084 1948 1124 nos
1999 1074 2401 1131 eontendemus
2457 1087 2730 1135 tormenta
2780 1083 2962 1136 omnia
3011 1087 3308 1151 sustinere,
3360 1099 3421 1143 ut

1845 1162 2054 1232 pudore
2112 1165 2411 1224 afliciamus
2438 1181 2650 1239 patrem
2679 1181 2834 1228 tuum
2870 1174 3169 1242 diabolum,
3200 1190 3256 1234 et
3299 1181 3417 1249 pla-

1842 1269 2066 1311 ceamus
2081 1256 2301 1314 Christo
2327 1268 2514 1318 nostro
2528 1273 2584 1318 et
2611 1266 2757 1320 Deo?
2779 1267 2932 1324 Tunc
2956 1269 3127 1325 iratus
3148 1280 3418 1342 tyrannus

1836 1346 2003 1415 jussit
2047 1360 2272 1405 sanctos
2313 1353 2590 1410 verberari
2639 1359 2831 1414 crudis
2876 1359 3041 1414 boum
3099 1366 3320 1417 nervis:
3359 1373 3416 1419 et

1839 1450 2128 1507 cmperunt
2147 1443 2385 1500 ministri
2406 1461 2502 1501 eos
2549 1449 2782 1514 caedere,
2810 1453 2986 1510 donec
3007 1472 3201 1512 carnes
3225 1474 3417 1512 eorum

1839 1529 2302 1600 discerpserunt:
2373 1546 2584 1594 etcum
2647 1542 2806 1598 valde
2862 1556 3148 1601 emanaret
3223 1565 3416 1603 eorum

1840 1623 2083 1691 sanguis,
2123 1629 2298 1681 sancti
2333 1644 2557 1686 sursum
2595 1635 2928 1704 aspicientes
2966 1640 3018 1693 iu
3053 1641 3276 1705 coelum,
3300 1642 3418 1695 cla-

1842 1711 2065 1765 mabant
2093 1712 2314 1770 Christo
2363 1720 2763 1788 supplicantes,
2803 1729 2961 1782 uteis
2989 1729 3137 1784 vires
3189 1730 3418 1787 adderet

1841 1803 2130 1858 ctlevaret
2167 1820 2360 1862 eorum
2416 1811 2656 1867 labores.
2712 1816 2816 1880 Qui
2851 1834 2976 1871 cum
3024 1821 3293 1877 audiisset
3328 1825 3416 1878 iu-

163 1887 352 1958 ἰπέστη
394 1888 585 1951 αὐτοῖς
628 1889 704 1958 τῷ
749 1863 965 1958 ἀοράτῳ
1012 1893 1177 1944 αὑτοῦ
1225 1863 1455 1964 δυνάμει
1501 1863 1721 1948 καῖ’τίἷίι

1840 1901 2052 1948 tensam
2097 1911 2290 1952 eorum
2328 1903 2725 1971 precationem,
2758 1908 2823 1962 ad
2879 1923 2974 1964 eos
3023 1915 3258 1966 accessit
3317 1929 3417 1982 po-

164 1982 326 2034 πόνων
379 1981 489 2033 τῶν
541 1981 793 2050 βασάνων
835 1982 1033 2044 αὐτοὺς
1078 1984 1445 2054 ἐπεκούφισεν
1496 1988 1590 2040 καὶ
1633 1987 1732 2050 τάς

163 2069 375 2137 καρδίας
441 2069 626 2124 αὐτῶν
695 2072 753 2124 ἐν
816 2074 882 2140 τῇ
951 2072 1088 2140 πρδς
1143 2075 1308 2129 αὑτὸν
1368 2076 1739 2150 ὲπεστήριξεν¹

161 2162 354 2232 ἀγάπῃ.

221 2254 272 2308 Ι’.
319 2258 737 2327 Ἀτονησάντων
777 2261 832 2314 δὲ
866 2261 1230 2333 βασανιστῶν,
1269 2258 1426 2318 εἶπεν
1460 2266 1489 2318 ό
1531 2265 1731 2337 τύραν-

158 2365 232 2411 νος
263 2353 367 2413 τοῖς
402 2352 617 2420 ἁγίοις·
655 2354 896 2420 Ἔγνωτε
929 2355 1042 2421 οὖν,
1069 2352 1113 2411 ὦ
1146 2358 1432 2425 τολμηταὶ,
1496 2360 1572 2422 ὡς

157 2445 251 2496 διόν
279 2463 366 2512 μοι
388 2446 705 2512 καθέστηκε
728 2449 826 2516 τὴν
851 2448 998 2517 ζωὴν
1025 2449 1179 2517 ὑμῶν
1201 2449 1500 2502 ἀπολέσαι·
1527 2450 1729 2505 θύσατε

159 2534 236 2588 οὖν
266 2539 374 2598 τοῖς
407 2536 575 2598 θεοῖς,
611 2538 697 2588 ἵνα
727 2537 801 2607 μὴ
834 2541 1177 2610 πικροτέρων
1217 2542 1522 2613 πειριυθῆτε
1556 2541 1726 2612 βασά-

161 2645 269 2680 νων.
310 2626 731 2696 Ἀποκριθέντες
777 2629 833 2682 δὲ
875 2631 925 2682 οἱ
966 2631 1110 2699 ἆγιοι
1143 2633 1220 2703 τῷ
1251 2635 1496 2705 τυράννῳ
1541 2630 1724 2688 εἰπονο

159 2717 308 2771 Τοῦτο
339 2718 605 2786 γίνωσκε,
641 2722 979 2777 ἀσεϐέστατε
1011 2729 1105 2777 καὶ
1131 2726 1377 2795 ἀλλότριε
1413 2727 1506 2781 τοῦ
1534 2727 1725 2798 ἀληθι-

158 2809 236 2861 νοῦ
260 2811 413 2880 ἡμῶν
445 2811 608 2878 Θεοῦ,
633 2815 738 2879 ὅτι,
765 2816 953 2886 ὥσπερ
983 2819 1047 2870 σὺ
1078 2818 1177 2870 οὐκ
1208 2819 1438 2889 αἰσθάνῃ
1468 2820 1564 2887 τῆς
1591 2822 1727 2887 ἀγάυ

158 2924 250 2977 πης
277 2909 368 2962 τοῦ
403 2910 650 2980 Χριστοῦ
703 2913 795 2963 καὶ
837 2912 934 2981 τῆς
989 2913 1374 2984 λαμπρότητος
1407 2914 1594 2981 αὐτοῦ,
1635 2915 1725 2968 διὰ

157 2999 233 3050 τόν
263 3000 736 3068 περικαλύπτοντα
770 3002 868 3071 τὴν
897 3002 1135 3055 διάνοιάν
1162 3022 1254 3056 σου
1287 3007 1350 3058 ἐκ
1387 3009 1485 3076 τῆς
1518 3007 1724 3076 πλάνης

157 3089 246 3142 τῶν
273 3090 545 3158 δαιμόνων
579 3092 793 3155 σκότον,
821 3092 991 3156 οὕτως
1015 3094 1134 3146 οὐδὲ
1165 3097 1322 3164 ἡμεῖς
1342 3096 1448 3148 τῶν
1473 3097 1724 3165 βασάνων

1838 1990 2035 2040 testate
2059 2002 2183 2056 quae
2222 2007 2329 2046 non
2377 1995 2531 2050 cadit
2563 1998 2667 2052 sub
2709 2011 3018 2068 aspectum,
3054 2013 3112 2058 et
3155 2005 3416 2062 allevavit

1835 2073 2054 2131 labores
2089 2085 2517 2148 tormentorum,
2548 2097 2605 2142 et
2655 2093 3000 2148 confirmavit
3027 2097 3193 2152 corda
3219 2113 3415 2154 eorum

1835 2165 1888 2218 in
1917 2167 2186 2226 charitate
2212 2172 2265 2226 in
2303 2173 2505 2242 ipsum.

1905 2258 1973 2312 Χ.
2005 2261 2142 2317 Cum
2199 2263 2403 2326 defessi
2442 2277 2627 2324 autem
2653 2279 2837 2327 essent
2862 2280 3120 2342 tortores,
3147 2287 3413 2350 tyrannus

1834 2347 1971 2404 dixit
2020 2355 2226 2409 sanctis
2260 2373 2273 2409 :
2315 2359 2684 2427 Coguovistis,
2710 2378 2743 2416 ο
2777 2364 3015 2422 audaces
3065 2347 3315 2426 homines
3357 2381 3414 2428 et

1835 2447 2134 2510 temerarii,
2161 2464 2324 2518 quam
2351 2451 2421 2505 sit
2445 2453 2578 2508 mihi
2604 2455 2765 2512 facile
2786 2459 2953 2514 vitam
3001 2472 3241 2518 vestram
3287 2483 3414 2536 per-

1831 2536 2000 2590 dere?
2028 2539 2102 2592 De
2132 2551 2332 2595 caetero
2361 2561 2493 2613 ergo
2527 2547 2636 2602 diis
2662 2553 2987 2613 sacrificate,
3021 2571 3089 2609 ne
3124 2560 3409 2614 acerbiora

1831 2638 2104 2685 tormenta
2175 2636 2447 2692 sentiatis.
2513 2640 2701 2695 Sancti
2778 2660 2910 2698 vero
2988 2652 3406 2719 respondentes,

1829 2721 2086 2778 dixerunt
2105 2735 2337 2796 tyranno
2358 2730 2677 2800 imperatori
2704 2752 2716 2788 :
2745 2735 2856 2792 Hoc
2877 2754 3166 2809 cognosce,
3187 2760 3218 2798 ο
3243 2745 3408 2816 impie

1829 2826 1884 2870 et
1912 2818 2092 2874 aliene
2132 2836 2160 2874 a
2204 2836 2334 2876 vero
2377 2823 2488 2877 Deo
2545 2838 2755 2892 nostro,
2799 2833 2946 2898 quod
3002 2838 3280 2902 quomodo
3346 2847 3404 2894 tu

1826 2903 2029 2964 Christi
2062 2913 2390 2968 charitatem
2424 2933 2531 2972 non
2569 2923 2742 2975 sentis
2768 2935 2824 2978 et
2867 2926 2985 2994 ejus
3032 2929 3405 2996 splendorem.

1825 3010 2055 3069 propter
2089 3005 2348 3057 tenebras
2379 3023 2500 3075 quae
2549 3021 2786 3064 mentem
2824 3023 2973 3068 tuam
3020 3022 3280 3086 Operiuut
3337 3039 3406 3078 ex

1827 3110 2014 3150 errore
2037 3096 2372 3163 daemonum,
2405 3099 2477 3154 ita
2507 3117 2685 3171 neque
2711 3121 2812 3160 nos
2846 3114 3120 3166 tormenta
3157 3121 3248 3168 tua
3274 3130 3404 3172 sen-

157 3199 234 3234 σου
268 3183 667 3255 αἰσθανόμεθα,
700 3184 788 3239 διὰ
816 3185 875 3238 τὸ
907 3187 1245 3262 πεφωτίσθαι
1289 3188 1445 3258 ἡμῶν
1478 3187 1574 3256 τὴν
1606 3189 1719 3240 διά-

1831 3181 2019 3246 timus,
2057 3196 2346 3255 propterea
2378 3189 2524 3257 quod
2564 3209 2720 3248 mens
2755 3207 2944 3252 nostra
2981 3201 3054 3255 sit
3093 3201 3403 3261 illuminata

156 3291 283 3328 νοιαν
315 3278 376 3330 ὲκ
409 3277 512 3344 τῆς
553 3278 791 3340 πίστεως
826 3280 918 3331 καὶ
945 3279 1167 3348 ἀγάπης
1194 3280 1428 3351 Χριστοῦ
1455 3280 1550 3334 τοῦ
1582 3282 1718 3338 Θεοῦ

155 3367 309 3436 ἡμῶν.
349 3369 592 3423 Ἐπινόει
641 3368 820 3421 τοίνυν
860 3370 1054 3439 ἑτέρας
1090 3373 1337 3441 μηχανάς
1386 3373 1718 3446 βασανιστη-

157 3459 268 3529 ρίων
321 3462 719 3527 καινοπρεπεῖς
772 3461 894 3514 καθ’
923 3461 1116 3532 ἡμῶν·
1168 3463 1296 3534 διψᾷ
1330 3466 1436 3536 γάρ
1483 3467 1640 3537 ἡμῶν
1687 3469 1717 3540 ἡ

154 3553 333 3606 διάνοια
357 3553 448 3605 καὶ
473 3553 739 3622 ἐπιθυμεῖ
760 3556 790 3623 ἡ
820 3557 958 3608 κατὰ
981 3557 1215 3626 Χριστὸν
1238 3559 1392 3628 ἡμῶν
1420 3560 1606 3632 ἀγάπη
1630 3562 1717 3614 διὰ

153 3641 233 3708 τῆς
259 3643 352 3711 σῆς
379 3644 510 3698 καθ’
536 3644 697 3714 ἡμῶν
719 3644 1068 3712 ἀποφάσεως,
1103 3645 1380 3714 θεωρῆσαι
1410 3648 1504 3699 τὸν
1537 3648 1714 3710 ζῶντα

153 3733 262 3787 Θεὸν
286 3740 376 3788 καὶ
407 3735 775 3806 βασιλεύοντα
811 3737 888 3794 εἰς
920 3735 1044 3798 τοὺς
1076 3735 1301 3798 αἰῶνας.
1334 3737 1521 3792 Ταῦτα
1552 3739 1715 3792 ἀκού-

155 3842 234 3893 σας
271 3832 296 3882 ό
324 3831 593 3898 τύραννος
625 3827 718 3881 καὶ
752 3827 1046 3898 θυμωθεὶς,
1090 3829 1300 3884 κελεύει
1344 3835 1523 3903 πυρὰν
1563 3852 1712 3905 παμ-

155 3923 328 3990 μεγέθη
367 3922 632 3990 γενέσθαι
669 3924 761 3976 καὶ
789 3924 844 3976 ὲν
871 3923 1004 3993 αὐτῇ
1032 3924 1224 3993 στῆναι
1243 3927 1368 3988 τοὺς
1397 3928 1710 3996 μάρτυρας·

151 4010 238 4060 τῶν
295 4011 351 4064 δὲ
405 4011 733 4083 δορυφόρων
796 4015 1204 4084 πληρωσάντων
1249 4015 1414 4068 αὑτοῦ
1454 4017 1553 4087 τὴν
1601 4019 1711 4071 ἀπ-

150 4102 406 4173 άνθρωπον
439 4107 720 4169 κέλευσιν,
747 4105 1008 4169 ἑκουσίως
1049 4110 1096 4162 οἰ
1129 4110 1274 4178 ἀγιοι
1312 4111 1616 4181 ὲπὴρχοντο
1645 4115 1710 4180 τῇ

149 4201 384 4270 παρκαῖᾷ,
421 4199 498 4262 ὼς
559 4198 714 4251 ὕδατι
756 4199 832 4266 τῷ
874 4202 1007 4268 πυρὶ
1056 4202 1409 4269 προσομιλεῖν
1458 4203 1710 4271 ἀλλήλοις

148 4294 633 4362 παρακελευόμενοι
662 4307 677 4321 ’
717 4292 809 4344 καὶ
839 4291 997 4360 λόγον
1041 4293 1230 4346 οὐδένα
1274 4295 1370 4366 τῆς
1416 4296 1566 4365 παρὰ
1600 4296 1710 4349 τῶν

147 4384 409 4452 ἀνθράκων
444 4385 768 4452 ποιούμενοι
797 4384 1063 4447 καύσεως,
1105 4387 1440 4456 μεγαλοφυεῖ
1469 4388 1545 4457 τῷ
1580 4406 1710 4458 φρο-

150 4478 324 4545 νήματι
355 4477 496 4548 πρὸς
534 4475 627 4529 τὸν
663 4476 923 4547 τύραννον
960 4477 1232 4543 ἔφασκον·
1284 4479 1494 4546 Ἡμεῖς,
1531 4481 1707 4544 Meﬁt-

1829 3290 1857 3326 a
1883 3272 1988 3328 fide
2013 3278 2354 3333 etcharitate
2377 3282 2580 3337 Christi
2614 3285 2705 3340 Dei
2731 3291 2923 3343 nostri.
2950 3293 3210 3362 Excogita
3250 3313 3404 3368 ergo,

1827 3374 2113 3438 otyranne
2153 3380 2208 3425 et
2245 3372 2431 3430 insane
2453 3377 2628 3440 canis,
2662 3379 2797 3435 alias
2840 3381 2893 3437 in
2925 3399 3024 3439 nos
3072 3402 3244 3442 novas
3286 3405 3405 3445 ma-

1828 3459 2021 3514 chinas
2054 3471 2472 3522 tormentorum.
2507 3469 2636 3525 Sitit
2684 3473 2832 3528 enim
2881 3492 3036 3532 mens
3093 3491 3302 3547 nostra,
3348 3494 3406 3539 et

1827 3553 2123 3620 desiderat,
2188 3575 2308 3627 quae
2333 3569 2502 3614 estex
2537 3563 2780 3630 Christo,
2823 3567 3085 3637 cbaritas,
3122 3589 3218 3639 per
3252 3584 3400 3631 tuam

1825 3646 1878 3699 in
1930 3663 2028 3701 nos
2064 3652 2418 3715 sententiam,
2461 3659 2822 3726 contemplari
2881 3663 3051 3719 Deum
3106 3667 3290 3722 vivum
3348 3683 3404 3726 et

1826 3749 2144 3808 regnantem
2176 3743 2228 3796 in
2262 3746 2478 3800 s:ecula.
2516 3749 2636 3802 Haec
2682 3767 2804 3804 cum
2838 3756 3105 3810 audiisset
3137 3768 3403 3828 tyrannus

1824 3842 1878 3884 et
1915 3834 2069 3888 valde
2097 3834 2291 3890 fuisset
2340 3838 2530 3903 iratus,
2556 3841 2710 3910 jubet
2737 3846 2961 3897 accendi
2999 3863 3189 3917 rogum
3225 3855 3402 3906 maxi-

1824 3940 1972 3977 mum
2004 3927 2144 3980 etin
2190 3943 2314 3981 eum
2335 3931 2441 3999 jaci
2497 3945 2719 3987 sanctos
2775 3949 3060 4010 martyres.
3102 3940 3240 3996 Cum
3293 3946 3399 3998 im-

1823 4017 2068 4084 plessent
2123 4035 2252 4072 vero
2289 4023 2554 4079 satellites
2611 4028 2869 4080 acerbum
2925 4041 2982 4084 et
3037 4033 3398 4090 inhumanum

1821 4112 1940 4180 ejus
1993 4113 2226 4181 jussutn,
2274 4119 2447 4171 sancti
2502 4134 2598 4173 sua
2667 4133 2861 4188 sponte
2919 4138 3274 4183 accesserunt
3328 4134 3397 4184 ad

1823 4218 2033 4270 rogum,
2066 4220 2121 4256 se
2166 4209 2397 4261 invicem
2445 4210 2827 4275 adhortantes,
2861 4217 3008 4268 utad
3051 4219 3228 4286 ignem
3280 4229 3398 4274 tan-

1819 4309 1982 4362 quam
2006 4296 2071 4351 ad
2108 4313 2304 4367 aquam
2333 4301 2660 4356 accederent
2690 4320 2703 4356 :
2729 4320 2907 4374 neque
2935 4308 3100 4363 ullam
3129 4311 3395 4370 ducentes

1821 4385 2091 4441 rationem
2159 4391 2462 4446 carbonum
2521 4396 2854 4462 exustionis,
2893 4415 3091 4470 magno
3153 4411 3210 4458 et
3263 4421 3398 4460 con-

1817 4478 1980 4530 stanti
2019 4480 2215 4547 spiritu
2250 4482 2509 4537 dixerunt
2551 4495 2781 4555 tyranno
2817 4506 2828 4540 :
2863 4490 2990 4554 Nos,
3016 4508 3048 4544 ο
3074 4494 3392 4561 imperator,

151 4571 307 4636 μιανὲ,
335 4571 438 4642 τὴν
471 4571 754 4640 τύφλωσιν
783 4571 878 4639 τῆς
911 4571 1008 4639 σῆς
1032 4569 1389 4639 ἀναισθησίας
1424 4571 1710 4642 λογιζόμε-

1828 4570 2225 4626 :onsiderantes
2266 4575 2563 4630 ctecitatem
2599 4589 2742 4631 tuam
2768 4588 2820 4632 et
2843 4595 3039 4637 sensus
3063 4594 3388 4654 egestatem,

146 4676 228 4724 νοι,
258 4663 607 4733 οἰκτείρομέν
649 4678 707 4712 σε
741 4661 841 4730 τῆς
871 4661 1080 4732 λιθίνης
1122 4662 1353 4732 καρδίας
1384 4664 1590 4726 ἕνεκεν,
1625 4665 1706 4718 ὅτι

145 4753 397 4826 ὑπηρέτης
456 4755 700 4825 γέγονας
754 4753 855 4823 τῆς
910 4755 1017 4807 τῶν
1065 4755 1392 4825 ἀκαθάρτων
1441 4757 1708 4825 δαιμό-.ων

147 4845 346 4916 πλάνης,
379 4851 456 4920 μὴ
486 4848 793 4918 δυνάμενος
824 4849 1095 4918 ἀνανῆψαι
1135 4850 1268 4920 μηδὲ
1307 4850 1600 4918 ἐπιγνῶναι
1633 4850 1708 4912 ὡς

145 4937 300 4992 πᾶσαν
324 4942 686 5011 ἀνθρωπίνην
722 4940 1100 5011 ὑπερϐέϐηκεν
1134 4942 1381 5014 ἀνδρείαν
1410 4945 1438 5012 ἡ
1470 4943 1705 5012 τοσαύτη

143 5031 222 5099 τῆς
249 5034 547 5105 καρτερίας
575 5034 842 5102 ὑπομονή.
872 5036 966 5096 Τίς
988 5037 1097 5104 γὰρ
1130 5033 1297 5105 χίυρὶς
1324 5036 1474 5098 θείας
1501 5036 1707 5102 ἀναψύ-

146 5119 254 5186 ξεως
279 5124 538 5177 τοσοῦτον
587 5125 731 5176 κατά
767 5125 1067 5194 παμφάγου
1101 5126 1295 5193 φλογὸς
1340 5126 1705 5194 ἀγωνίσοιτος

147 5211 193 5260 οἱ
221 5213 271 5266 δδ
287 5216 362 5286 τῷ
391 5215 678 5284 πνεύματι
709 5215 916 5279 ζέοντες
951 5217 1039 5268 καὶ
1075 5218 1166 5269 τὸν
1197 5219 1327 5269 θεὸν
1353 5219 1705 5288 ἐνδυσάμενοι

148 5302 238 5374 πῦρ
290 5309 711 5362 καταναλίσκον·
744 5309 868 5370 τοὺς
919 5309 1058 5361 κατά
1110 5310 1170 5361 σὲ
1218 5309 1493 5371 δυσσεϐεῖς
1524 5310 1703 5373 ὄντας,

146 5396 362 5466 οὐδαμῶς
402 5401 616 5468 βλάψαι
643 5401 769 5460 τοὺς
796 5399 1042 5464 εὐσεϐεῖς
1070 5401 1358 5471 δυνήσεται
1387 5417 1401 5432 ⁶
1437 5401 1568 5470 φλὸξ
1596 5405 1705 5472 γὰρ

147 5487 228 5540 ὑπὸ
271 5490 467 5558 φλογὸς
506 5492 855 5562 προσκαίρου
907 5510 964 5545 τε
1025 5496 1119 5545 καὶ
1169 5494 1414 5564 φθαρτῆς
1461 5495 1560 5546 οὐκ
1592 5495 1703 5564 ἔχει

149 5581 280 5642 φύσιν
319 5584 846 5638 καταναλίσκεσθαι.
877 5587 1071 5654 Μάτην
1105 5583 1196 5637 οὖν
1229 5587 1470 5655 μοχθεῖς,
1509 5588 1702 5656 ἀνόητε

146 5671 362 5743 τῦραννε,
421 5680 556 5739 τοὺς
606 5679 1035 5747 πεπυρωμένους
1091 5679 1240 5748 ἡμᾶς
1274 5682 1336 5750 τῇ
1381 5679 1569 5750 ἀγάπῃ
1609 5680 1721 5737 τοῦ,

148 5761 349 5834 Χριστοῦ
399 5773 538 5840 πυρὶ
593 5769 942 5838 δαπανῆσοαι
996 5771 1358 5840 φιλονεικῶνο
1420 5773 1702 5840 ἐπώρωσεν

147 5857 230 5925 γάρ
261 5863 421 5930 ἡμᾶς,
449 5863 528 5926 ὡς
560 5861 834 5932 πυροῦται
862 5863 921 5914 τὸ
951 5862 1236 5932 ἀργύριον.

1815 4661 2014 4730 lapidei
2052 4665 2125 4717 tui
2164 4666 2348 4721 cordis
2377 4670 2725 4734 miseremur,
2758 4673 2902 4741 quod
2933 4675 3104 4730 fueris
3137 4677 3389 4734 minister

1810 4755 2013 4806 erroris
2065 4758 2438 4824 improborum
2474 4771 2530 4813 et
2583 4762 2989 4818 immundorurn
3049 4769 3384 4835 daemonum,

1813 4862 1919 4899 non
1951 4849 2135 4900 valens
2170 4851 2515 4919 resipiscere,
2551 4865 2644 4907 aut
2683 4870 3016 4923 cognoscere
3053 4858 3220 4915 Deum
3259 4865 3384 4917 σατιί

1809 4949 1865 4992 et
1893 4948 2070 5004 tet-ne,
2109 4944 2200 5010 qui
2240 4952 2444 4998 tantum
2507 4948 2666 5002 nobis
2698 4949 3084 5005 fortitudinem
3143 4955 3298 5010 dedit
3330 4967 3387 5008 et

1813 5031 2184 5086 tolerantiam.
2222 5034 2354 5098 Quis
2409 5037 2552 5092 enim
2612 5040 2817 5108 absque
2851 5042 3034 5095 divina
3091 5044 3388 5114 refrigera-

1812 5123 1980 5186 tione,
2009 5123 2273 5179 adversus
2307 5129 2488 5180 omnia
2521 5131 2846 5183 exedentem
2895 5132 3166 5188 flammam
3194 5137 3385 5191 decer-

1811 5214 2058 5268 tarerit?
2107 5216 2209 5281 Qui
2256 5229 2438 5272 autem
2473 5221 2668 5289 spiritu
2723 5223 2935 5277 fervent
2999 5236 3054 5278 et
3096 5228 3266 5282 Deum
3304 5231 3388 5284 in-

1808 5303 2072 5369 duerunt,
2114 5306 2253 5373 ignis
2301 5323 2634 5365 consumens
2669 5312 2814 5377 illos,
2857 5315 2950 5382 qui
2976 5316 3122 5370 sicut
3167 5329 3224 5371 tu
3256 5331 3384 5375 sunt

1809 5395 1963 5465 impii
2019 5412 2363 5467 nequaquam
2416 5401 2536 5471 pios
2593 5404 2792 5459 laedere
2839 5409 3060 5475 poterit.
3127 5410 3381 5464 Flammm

1807 5489 1950 5542 enim
1981 5503 2086 5542 non
2121 5501 2203 5543 est
2230 5509 2257 5545 a
2286 5505 2478 5548 natura
2508 5496 2910 5565 ingeneratum,
2938 5512 2998 5554 ut
3022 5515 3381 5559 consumatur

1807 5596 1833 5632 a
1872 5580 2109 5645 flamma,
2148 5599 2270 5653 quae
2309 5595 2392 5639 est
2423 5587 2489 5641 ad
2526 5596 2761 5658 tempus,
2799 5601 2854 5644 et
2886 5592 2938 5645 in
3006 5609 3192 5662 quam-
3232 5597 3382 5651 cadit

1808 5675 2084 5729 interitus.
2121 5677 2491 5742 Quamobrem
2544 5681 2743 5737 frustra
2816 5686 3056 5753 laboras,
3091 5704 3123 5741 o
3181 5690 3379 5743 stolide

1807 5777 2053 5836 tyranne,
2090 5771 2181 5839 qui
2244 5786 2364 5830 nos.
2403 5772 2494 5840 qui
2539 5773 2740 5828 Christi
2793 5778 3194 5849 cunflagramus
3249 5782 3378 5833 (-ha-

1809 5864 1990 5920 ritate,
2028 5865 2150 5933 igne
2182 5866 2470 5920 contendis
2526 5883 2872 5926 consumere.
2913 5872 3017 5926 Nos
3046 5875 3193 5927 enim
3236 5874 3377 5944 ignis

1812 5955 2134 6022 caudcfecit,
2168 5958 2310 6012 sicut
2336 5959 2568 6015 candefit
2605 5970 2911 6029 argentum.
