3966 6466
573 388 677 452 367

1891 393 2180 458 MENSIS
2218 398 2517 464 IULIUS.

3731 405 3837 472 358

642 509 736 568 XI.
762 511 899 567 Cum
923 526 1118 574 omnes
1139 521 1322 569 autem
1346 509 1442 583 qui
1467 508 1774 566 audiebant
1791 518 2015 580 propter
2039 509 2137 563 haec

2331 512 2433 568 IA'.
2468 513 2696 569 Πάντων
2734 508 2828 571 οὖν
2877 513 2972 572 ιπὶ
2999 515 3116 581 τοῖς
3146 515 3412 580 τοιούτοις
3446 516 3840 590 θαυμαζόντων

571 603 740 659 verba
780 602 1214 670 admirarentur,
1246 613 1533 675 tyrannus.
1566 599 1661 671 qui
1718 599 1789 654 ab
1842 600 2001 654 initio
2027 608 2152 655 erat

572 713 668 752 vas
702 697 981 761 interitus,
1028 695 1400 767 perseveravit
1432 695 1573 750 velle
1622 701 1844 749 sanctos
1895 692 2148 764 perdere,

547 799 627 846 -et
656 805 837 861 neque
890 803 1184 860 persuasus
1211 788 1317 845 fuit
1358 788 1544 843 verbis
1588 786 1954 858 gloriosorum
1997 802 2147 841 mar-

573 897 774 957 tyrutn,
801 899 976 954 neque
1001 883 1168 938 rebus
1209 883 1344 953 ipsis
1365 881 1469 936 fuit
1490 875 1924 951 obstupefactus.
1949 879 2150 946 Quam-

569 982 761 1033 obrem
781 977 1039 1048 jubeteis
1059 990 1249 1030 rursus
1271 975 1409 1045 palis
1432 972 1628 1037 affixis,
1651 973 1848 1028 ferreis
1872 972 2152 1044 unguibus

571 1071 748 1126 latera
779 1069 999 1124 fortiter
1043 1067 1199 1122 caedi.
1239 1066 1377 1122 Cum
1411 1081 1544 1137 ergo
1575 1065 1752 1120 sancti
1785 1075 1842 1120 et
1892 1064 2147 1140 generosi

570 1172 840 1233 martyres
873 1160 981 1215 hoc
1014 1173 1235 1229 quoque
1289 1165 1570 1213 certamen
1609 1166 1836 1212 strenue
1897 1155 2148 1211 decerta-

570 1262 714 1318 rent,
748 1261 804 1308 et
825 1267 1017 1308 omnes
1046 1251 1453 1306 admirarentur
1481 1247 1830 1319 imperatoris
1851 1246 2146 1302 amentiam

568 1352 627 1400 ct
689 1343 955 1406 furorem,
1009 1342 1306 1412 praeclarus
1367 1349 1576 1410 martyr
1646 1337 1941 1393 Mauricius
2009 1337 2150 1394 dixit

571 1447 809 1509 tyranno
840 1452 855 1491 :
896 1435 1016 1489 Non
1073 1433 1252 1490 sentis
1284 1442 1432 1487 tuam
1469 1431 1905 1489 imbecillitatem
1941 1441 1998 1485 et
2045 1431 2148 1485 mi-

566 1529 793 1592 seriam,
824 1543 857 1581 o
887 1526 1170 1581 immundo
1207 1534 1264 1580 et
1289 1523 1516 1595 profane
1550 1533 1803 1595 tyranne,
1833 1521 1981 1591 quod
2007 1521 2150 1575 Pho-

570 1624 722 1678 tinus
765 1635 971 1692 parvus
1027 1620 1117 1673 hic
1156 1617 1483 1673 adolescens
1531 1616 1609 1669 tui
1663 1613 1878 1684 imperii
1920 1612 2150 1683 fregerit

566 1714 895 1770 audaciam?
925 1712 1077 1766 Talia
1113 1709 1262 1764 enim
1292 1717 1350 1762 et
1381 1716 1491 1762 tam
1527 1706 1700 1760 multa
1749 1705 1984 1760 subiisse
2034 1714 2146 1759 tor-

568 1813 777 1870 menta,
827 1809 910 1857 est
977 1802 1057 1856 tui
1114 1796 1482 1854 crudelissimi
1551 1795 1768 1864 imperii
1820 1793 2142 1849 confractio.

2256 605 2517 674 ῥήμασιν,
2548 605 2742 670 σκεῦος
2769 607 3032 678 ὑπάρχων
3063 611 3166 677 τῆς
3201 608 3478 672 ἀπωλείας
3513 612 3541 663 ὀ
3573 610 3840 682 τύραννος

2253 694 2523 764 διέμεινεν
2546 699 2905 769 ἐνιστάμενος
2933 699 3029 753 τοῦ
3059 700 3330 754 ἀπολέσαι
3368 702 3495 764 τοὺς
3516 703 3726 772 άγίους,
3747 706 3838 760 καὶ

2251 783 2378 838 οὕτε
2406 788 2519 849 τοῖς
2558 787 2737 856 λόγοις
2784 789 3036 842 ιπείθετο
3065 788 3178 841 τῶν
3218 789 3486 859 ἀοιδίμων
3513 792 3836 865 μαρτύρων,

2251 878 2378 934 οὑτε
2403 883 2518 945 τοῖς
2541 881 2864 951 πράγμασιν
2889 882 3255 952 ἐξεπλήττετο
3281 897 3294 911 ·
3327 884 3422 935 καὶ
3466 885 3679 938 κελεύει
3701 887 3836 939 ava-

2253 971 2733 1034 σκολωπισθέντας
2791 973 2921 1036 τοὺς
2963 973 3171 1041 ἁγίους
3230 972 3479 1044 σιδηροῖς
3520 973 3702 1041 ὄνυξιν
3739 975 3841 1040 τὰς

2251 1063 2492 1132 πλευράς
2547 1063 2729 1116 αὑτῶν
2789 1063 3023 1127 εὐτόνως
3088 1064 3342 1130 ξέεσθαι.
3387 1065 3513 1119 Τῶν
3545 1062 3640 1120 οὖν
3665 1067 3842 1135 ἁγίων

2253 1155 2550 1226 μαρτύρων
2595 1156 2689 1207 καὶ
2749 1155 2957 1209 τούτων
3019 1155 3258 1225 ίσχυρῶς
3322 1155 3691 1210 διαθλούντων
3743 1159 3841 1212 τὸν

2251 1247 2460 1313 ἀγῶνα,
2489 1247 2584 1301 καὶ
2625 1247 2846 1300 πάντων
2881 1246 3281 1316 θαυμαζόντων
3310 1247 3410 1316 τὴν
3443 1247 3540 1300 τοῦ
3568 1247 3842 1318 βασιλέως

2251 1339 2458 1404 ἄνοιαν,
2486 1341 2814 1409 Μαυρίκιος,
2846 1341 2874 1392 ὀ
2899 1338 3146 1406 ἀοίδιμος
3187 1338 3424 1410 μάρτυς,
3462 1340 3601 1409 πρὸς
3629 1338 3722 1394 τὸν
3743 1339 3844 1394 τύ-

2255 1449 2444 1504 ραννον
2473 1431 2576 1502 ἔφη
2598 1448 2612 1463 ο
2643 1431 2758 1484 Οὐκ
2785 1430 3022 1505 αἰσθάνῃ
3049 1431 3148 1502 τῆς
3183 1431 3282 1500 σῆς
3308 1430 3616 1498 άσθενείας,
3645 1425 3691 1487 ὦ
3717 1433 3842 1502 βδεο

2251 1523 2530 1596 λυρώτατε
2593 1523 2871 1597 τύραννε,
2899 1525 2982 1579 ὅτι
3035 1525 3332 1591 Φωτεινδς,
3379 1525 3440 1577 τὸ
3475 1525 3652 1596 βραχὺ
3676 1527 3842 1581 τοῦτο

2255 1619 2567 1687 μειράκιον,
2603 1618 2906 1670 κατέλυσεν
2928 1616 3027 1687 τὴν
3061 1617 3379 1688 βασιλείανς
3413 1617 3474 1671 τὸ
3503 1617 3610 1689 γὰρ
3640 1621 3842 1674 τοσαύ-

2252 1724 2352 1770 τας
2387 1707 2481 1760 καὶ
2515 1707 2850 1776 τηλικαύτας
2871 1709 3176 1779 ὑποστῆναι
3208 1709 3499 1779 βασάνους,
3537 1711 3842 1776 κατάλυσις

2249 1801 2349 1869 τῆς
2375 1799 2472 1868 σῆς
2505 1798 2800 1868 ὡμότατης
2831 1798 3110 1868 βασιλείας
3140 1801 3289 1854 ἐστίν
3315 1819 3329 1832 ·
3357 1804 3476 1867 πῶς
3507 1805 3691 1857 τοίνυν
3725 1803 3845 1858 πᾶ-

568 1894 856 1963 Quomodo
902 1909 1037 1964 ergo
1123 1892 1441 1946 universam
1513 1899 1762 1944 nostram
1815 1888 2137 1958 phalangem

2253 1905 2352 1942 σαν
2380 1890 2538 1960 ήμῶν
2572 1889 2886 1963 διαρρήξεις
2924 1891 3022 1962 τὴν
3057 1889 3338 1961 φάλαγγα,
3368 1895 3699 1957 τοσαυτάκις
3730 1895 3841 1949 ὑπὸ

568 1990 816 2058 frangere
849 1986 1082 2057 poteris,
1113 1983 1208 2054 qui
1243 1997 1272 2037 a
1310 1981 1526 2037 tantillo
1590 1980 1942 2037 adolescente
1973 1978 2148 2034 fueris

571 2079 902 2150 superatus?
950 2079 1183 2146 Propter
1206 2075 1324 2128 haec
1369 2073 1535 2126 verba
1561 2072 1640 2125 ira
1688 2070 1935 2143 percitus
1977 2069 2149 2125 scele-

569 2179 722 2226 ratus
757 2169 1145 2233 Maximianus,
1171 2175 1228 2222 et
1257 2165 1583 2220 ardentibus
1612 2179 1741 2219 eum
1774 2163 1993 2218 intuens
2013 2177 2147 2216 ocu-

564 2263 655 2327 lis,
690 2272 748 2318 et
779 2261 1021 2317 stridens
1053 2261 1107 2314 in
1133 2274 1262 2314 eum
1287 2257 1574 2322 dentibus,
1593 2265 1649 2312 et
1672 2254 1866 2310 volens
1889 2261 2144 2309 sanctum

565 2364 623 2408 et
647 2353 868 2406 beatum
913 2350 1120 2405 Christi
1145 2360 1442 2419 martyrem
1473 2346 1798 2400 Mauricium
1839 2345 2037 2399 acerbe
2062 2343 2146 2398 ul-

567 2445 722 2509 cisci,
752 2444 913 2515 jubet
935 2441 1279 2513 spiculatorl,
1308 2447 1369 2495 ut
1396 2447 1524 2494 ante
1554 2438 1747 2493 oculos
1768 2435 1942 2507 patris
1966 2436 2143 2491 ﬁlium

567 2532 909 2589 conflciatet
935 2532 1174 2587 occidat.
1206 2531 1286 2586 Eo
1323 2531 1509 2600 itaque
1558 2535 1850 2598 praesente,
1873 2536 1930 2582 et
1973 2528 2142 2582 filium

567 2623 890 2695 aspiciente,
915 2623 1036 2694 ejus
1069 2631 1234 2692 caput
1265 2619 1503 2676 abscidit
1537 2618 1857 2690 spiculator.

636 2799 755 2855 Ill.
783 2799 919 2856 Cum
946 2813 1078 2869 ergo
1095 2797 1202 2853 hoc
1225 2797 1388 2866 modo
1408 2794 1717 2851 beatissimi
1738 2793 1961 2848 Pbotini
1981 2805 2146 2863 caput

566 2890 945 2945 venerandum
981 2891 1178 2942 fuisset
1205 2894 1573 2958 amputatum,
1600 2886 1760 2956 isque
1811 2885 2045 2957 pulchre
2087 2894 2144 2941 et

565 2982 802 3055 gloriose
845 2981 1136 3052 migrasset
1185 2979 1254 3034 ad
1313 2978 1630 3044 Dominum,
1668 2977 1806 3034 dixit
1843 2979 2143 3049 praeclarus

564 3076 899 3131 Mauricius:
929 3073 1185 3129 Nostrum
1240 3072 1580 3128 desiderium
1623 3070 1945 3140 implevisti,
1987 3084 2021 3123 ο
2061 3079 2142 3139 ty-

2252 1981 2644 2051 μειρακυλλίου
2678 1981 2998 2052 τηλικούτου
3025 1984 3359 2037 καταπεσών
3383 2001 3397 2049 ;
3426 1985 3716 2055 Θυμωθεὶς
3741 1985 3840 2043 οὖν

2247 2069 2341 2124 ἐπὶ
2371 2073 2482 2134 τοῖς
2525 2070 2794 2135 τοιούτοις
2838 2071 3188 2143 Μαξιμιανὸς
3223 2074 3252 2125 ὀ
3290 2076 3618 2148 παμμιαρδς
3655 2078 3845 2149 ῥήμα-

2249 2179 2354 2226 σιν,
2388 2161 2483 2214 καὶ
2518 2162 2765 2230 πυρίνοις
2799 2162 2962 2214 αὑτὸν
2989 2162 3471 2234 περιϐλεψάμενος
3502 2165 3835 2237 ὀφθαλμοῖς,

2247 2250 2449 2319 τρίζων
2480 2250 2599 2302 κατ’
2631 2250 2798 2302 αὑτοῦ
2823 2251 2951 2312 τοὺς
2983 2251 3207 2315 ὀδόντας
3255 2255 3350 2306 καὶ
3384 2254 3725 2325 βουλόμενος-
3741 2259 3840 2329 δῆ-

2250 2335 2341 2390 θεν
2366 2337 2456 2390 τὸν
2512 2339 2916 2410 τρισμακάριον
2952 2340 3269 2410 Μαυρίκιον
3323 2344 3840 2415 πικρῶςάνταμεί-

2247 2427 2477 2498 ψασθαι,
2513 2429 2730 2483 κελεύει
2781 2430 2859 2500 τῷ
2893 2432 3309 2504 σπεκουλάτωρι
3345 2434 3467 2487 κατ’
3521 2435 3840 2507 ὀφθαλμοὺς

2245 2521 2340 2575 τοῦ
2367 2525 2574 2593 πατρὸς
2605 2523 3050 2594 διαχειρίσασθαι
3075 2526 3166 2580 τὸν
3194 2527 3400 2592 παῖδα,
3433 2528 3530 2582 καὶ
3565 2529 3836 2600 παρόντος

2245 2612 2412 2667 αὑτοῦ
2471 2615 2568 2666 καὶ
2593 2611 2871 2684 θεωμένου
2919 2616 3011 2670 τὸν
3069 2618 3184 2672 υίὸν
3217 2619 3318 2689 τὴν
3346 2619 3540 2674 τούτου
3574 2621 3826 2692 κεφαλὴν

2247 2703 2413 2758 άποτε
2424 2706 2566 2773 μεῖν.

2319 2794 2419 2847 ΙΒ’.
2470 2793 2656 2864 Τούτῳ
2694 2794 2875 2850 τοίνυν
2923 2796 3010 2881 τῷ.
3031 2797 3219 2870 τρόπῳ
3246 2799 3516 2853 ⁴Ινωιιεινοῡ
3549 2802 3646 2854 τοῦ
3675 2821 3834 2875 τρισ-

2248 2885 2524 2958 μακαρίου
2565 2885 2664 2958 τὴν
2701 2889 2948 2958 κεφαλὴν
2980 2890 3397 2960 άποτμηθέντος
3419 2893 3512 2946 καὶ
3535 2893 3632 2966 τὴν
3659 2897 3836 2967 καλὴν

2245 2979 2514 3049 ικδημίαν
2549 2981 2684 3050 πρὸς
2746 2981 2880 3036 Θεὸν
2938 2982 3376 3054 ἐκδημήσαντος,
3435 2987 3768 3057 Μαυρίκιος,
3802 2996 3837 3043 6

2245 3070 2511 3140 άοίδιμος,
2565 3071 2706 3143 ἔφη’
2775 3073 3132 3145 Ἐπλήρωσας
3170 3077 3330 3147 ήμῶν
3376 3079 3476 3149 τὴν
3503 3080 3832 3151 ἐπιθυμίαν,

566 3181 759 3227 ranne,
783 3175 840 3219 et
884 3165 953 3217 de
1002 3172 1201 3216 caetero
1236 3162 1454 3215 firmum
1485 3169 1541 3215 et
1588 3160 1844 3215 stabilem
1876 3161 2137 3217 habemus

2246 3162 2497 3235 τύραννε,
2533 3165 2624 3218 καὶ
2652 3164 2838 3218 λοιπὸν
2879 3165 3100 3236 βέϐαιον
3128 3170 3486 3242 ἐκτησάμεθα
3535 3173 3626 3226 τδν
3660 3176 3834 3246 οὖρά-

563 3274 788 3315 cursum
820 3257 1121 3313 ccelestem.
1146 3255 1281 3322 Quis
1302 3255 1449 3311 enim
1477 3270 1545 3310 ex
1571 3261 1761 3310 nostra
1785 3253 2141 3311 multitudine

563 3355 860 3413 sustinebit
910 3353 1159 3422 superari
1197 3368 1227 3406 a
1277 3352 1514 3408 Photino
1549 3351 1756 3407 Christi
1795 3352 1990 3417 milite,
2044 3353 2140 3422 qui

563 3449 818 3518 migravit
850 3447 902 3500 in
923 3446 1145 3509 cmlum,
1179 3454 1236 3498 et
1261 3443 1471 3513 pudore
1493 3443 1683 3499 aﬂecit
1737 3453 1950 3514 patrem
1982 3453 2140 3498 tuum

565 3533 890 3591 diabolum?
937 3533 1018 3588 Ad
1060 3533 1177 3588 haec
1227 3531 1424 3605 majori
1464 3531 1653 3588 studio
1697 3540 1754 3587 et
1780 3533 2142 3588 contentione

565 3638 966 3685 tormentorum
999 3627 1056 3680 in
1087 3641 1188 3681 nos
1240 3626 1494 3697 excogita
1525 3625 1825 3690 cruciatus,
1854 3634 1908 3681 et
1936 3625 2075 3681 nihil
2107 3641 2137 3681 a

565 3729 617 3776 te
646 3720 1102 3790 pratermittatur
1136 3733 1331 3772 eorum
1383 3733 1505 3788 quae
1537 3718 1776 3789 probant
1802 3735 1872 3773 an
1923 3720 2139 3773 ﬁrmam

560 3822 617 3868 et
672 3811 1007 3866 immobilem
1061 3809 1223 3865 fidem
1287 3809 1511 3865 Christo
1555 3824 1861 3863 servemus.
1911 3809 2141 3874 Quando

540 3896 744 3984 tantem
786 3903 925 3956 vidit
978 3902 1344 3957 Maximianus
1382 3911 1600 3956 sanctos
1629 3899 1838 3957 Christi
1871 3911 2140 3972 martyres

562 4007 818 4068 prompto
849 4003 903 4049 et
947 3994 1114 4048 alacri
1151 3993 1338 4048 animo
1395 3995 1791 4064 perpetientcs,
1829 4002 1883 4048 ct
1931 4003 2136 4048 rectam

558 4102 713 4141 suam
744 4087 903 4140 [idem
921 4101 1030 4139 non
1055 4086 1400 4146 deserentes,
1419 4093 1723 4137 convocato
1749 4099 1849 4139 suo
1892 4085 2136 4139 helluino

559 4188 616 4232 ct
644 4177 943 4229 inhumano
976 4181 1192 4239 senatu,
1219 4189 1343 4230 cum
1404 4173 1485 4230 eis
1535 4174 1906 4239 consultabat,
1940 4190 2135 4244 quem-

558 4268 852 4323 admodum
913 4275 1134 4322 sanctos
1188 4275 1460 4337 martyres
1495 4277 1671 4321 morte
1712 4266 1954 4322 alliceret
1978 4282 2138 4322 acer-

557 4361 804 4420 bissima,
833 4373 928 4427 per
953 4373 1093 4427 quos
1116 4367 1386 4411 terrorem
1418 4355 1644 4411 afferret
1670 4356 2023 4423 Christianis,
2042 4359 2135 4426 qui

556 4458 715 4506 erant
747 4449 801 4503 in
837 4455 952 4503 toto
982 4447 1116 4501 orbe
1151 4455 1444 4509 terrarum,
1478 4456 1534 4501 et
1581 4445 1845 4512 eﬂlceret,
1900 4458 1960 4501 ut
2002 4447 2134 4501 defi-

556 4549 743 4599 cercnt
769 4556 798 4594 a
832 4548 1021 4594 sancta
1065 4549 1123 4593 et
1153 4539 1286 4591 nulli
1321 4536 1466 4592 atIini
1525 4537 1945 4606 reprehensioni
2002 4539 2131 4594 reli-
2165 4525 2210 4584 ο

555 4636 716 4706 gione
742 4631 1206 4687 Christianorum.
1237 4629 1392 4683 Tunc
1427 4644 1550 4682 cum
1581 4629 1685 4698 ipsi
1706 4628 1874 4681 multa
1904 4631 2128 4683 consul-

557 4731 785 4786 tassent,
814 4730 868 4775 et
917 4721 1058 4773 alius
1088 4720 1192 4772 alia
1239 4720 1506 4774 dixissent
1539 4739 1552 4775 :
1585 4720 1808 4790 quidam
1835 4734 1900 4774 ex
1931 4720 1998 4773 iis
2031 4722 2126 4789 qui

555 4816 610 4872 in
634 4823 1299 4877 senatum-convenerant,
1333 4812 1423 4881 qui
1458 4823 1578 4869 erat
1606 4815 1760 4870 radix
1781 4815 2118 4875 acerbitatis.

553 4916 610 4959 et
643 4906 856 4960 fructus
891 4904 1172 4973 nequitiae,
1206 4913 1260 4957 et
1289 4906 1534 4974 cujusvis
1565 4906 1796 4962 alterius
1825 4908 2047 4963 malitiae
2071 4917 2128 4964 et

553 4995 838 5067 injustitite
894 4994 1060 5047 arbor
1110 4992 1470 5054 feracissima,
1528 4995 1813 5050 consuluit
1869 5004 2124 5068 tyranno,

553 5089 745 5143 dicens
776 5106 788 5142 :
822 5088 1145 5155 Imperator,
1181 5085 1270 5138 hic
1306 5087 1508 5140 mensis
1538 5095 1622 5141 est
1658 5098 1873 5158 tempus
1901 5091 2123 5146 maximi

553 5192 721 5235 aestus
749 5181 888 5250 (erat
916 5179 1062 5233 enim
1095 5186 1225 5231 tunc
1254 5177 1458 5230 mensis
1481 5178 1706 5248 Julius),
1733 5181 1870 5237 situs
1891 5193 1974 5238 est
1994 5199 2125 5238 vero

553 5285 704 5329 extra
735 5271 1011 5327 civitatem
1047 5285 1238 5324 versus
1268 5269 1614 5325 occidentem
1646 5271 1789 5327 inter
1834 5275 1993 5337 duos,
2028 5277 2122 5344 qui

552 5370 778 5432 propter
826 5376 947 5415 eam
979 5360 1068 5414 siti
1091 5369 1239 5425 sunt,
1273 5361 1469 5416 fluvios
1495 5372 1550 5417 et
1593 5363 1794 5426 lacum.
1824 5367 1976 5420 locus
2021 5383 2121 5436 po-

551 5455 724 5508 situra
753 5450 975 5523 quidem
997 5453 1216 5521 planus,
1249 5452 1372 5507 feno
1401 5464 1582 5508 autem
1603 5454 1799 5523 plenus
1828 5465 1883 5510 et
1910 5456 2122 5515 infinita

551 5545 656 5600 alia
687 5545 912 5600 materia
940 5564 956 5597 ς
981 5559 1167 5614 quem,
1188 5547 1282 5614 qni
1315 5547 1369 5601 in
1393 5559 1459 5600 eo
1479 5545 1602 5600 loco
1627 5546 1895 5613 habitant,
1926 5561 2120 5606 vocant

550 5638 780 5707 Rogam,
805 5646 1094 5708 propterea
1123 5639 1267 5706 quod
1295 5638 1366 5693 sit
1391 5653 1677 5708 vesparum
1697 5654 1760 5693 ac
1785 5640 2118 5699 crabronum

551 5730 810 5786 acerbum
838 5729 1232 5792 habitaculum,
1271 5744 1410 5800 quos
1445 5730 1676 5786 meridie
1707 5747 1775 5786 ne
1801 5733 1959 5788 facile
1987 5737 2113 5805 qui-

556 5823 678 5878 dem
704 5823 1099 5894 potestaliquis
1124 5823 1356 5879 transire
1381 5822 1500 5879 sine
1521 5823 1790 5893 periculo.
1823 5826 1958 5883 lube
1991 5845 2120 5899 ergo

2243 3272 2356 3309 νιον
2382 3255 2583 3327 δρόμον
2603 3273 2617 3287 ο
2653 3257 2734 3320 τίς
2758 3257 2868 3326 γάρ
2896 3259 2962 3310 ὲκ
2983 3259 3083 3328 τῆς
3108 3260 3385 3331 ἡμετέρας
3408 3263 3659 3330 ἀνέξεται
3690 3267 3836 3337 πλη-

2243 3346 2368 3409 θύος
2391 3344 2553 3418 ἦττον
2578 3348 2817 3417 φανῆναι
2852 3348 2947 3400 τοῦ
2988 3350 3225 3419 Χριστοῦ
3253 3354 3590 3423 στρατιώτου
3623 3357 3823 3410 Φωτει-

2241 3436 2358 3502 νοῦ,
2416 3437 2510 3491 τοὺ
2545 3439 2683 3509 πρὸς
2731 3439 2966 3510 οὖρανὺν
3005 3441 3420 3511 ἐκδημήσαντος
3482 3454 3577 3502 καὶ
3610 3450 3702 3502 τὸν
3735 3450 3833 3506 σὺν

2243 3529 2458 3600 πατέρα
2489 3530 2959 3601 καταισχύναντος
2991 3531 3275 3600 διάϐολον;
3304 3536 3446 3606 Πρὸς
3468 3538 3642 3593 ταῦτα
3673 3543 3832 3610 φιλο-

2240 3623 2435 3694 τίμους
2492 3623 2602 3677 τῶν
2660 3621 3107 3696 βασανιστηρίων
3147 3626 3357 3679 ἐπινόει
3391 3627 3514 3681 καθ’
3539 3630 3697 3698 ήμῶν
3731 3633 3833 3696 τάς

2241 3716 2494 3780 κολάσεις
2524 3718 2621 3771 καὶ
2660 3718 2830 3790 μηδέν
2867 3736 2952 3773 σοι
2989 3720 3419 3792 παραλελείφθω
3456 3720 3566 3775 τῶν
3592 3723 3830 3794 δοκιμα-

2243 3805 2445 3869 ζόντων
2479 3810 2625 3877 ἡμᾶς
2653 3812 2701 3861 εί
2730 3809 2961 3878 βεϐαίαν
2986 3813 3064 3883 τῷ
3108 3815 3336 3884 Χριστῷ
3387 3816 3481 3870 καὶ
3523 3815 3830 3870 ἀσάλευτον

2241 3899 2342 3967 τὴν
2375 3899 2558 3953 πίστιν
2588 3901 3111 3972 παραφυλάττομεν.
3149 3907 3276 3958 Ὅτε
3299 3904 3392 3961 οὖν
3415 3903 3556 3961 εἶδεν
3586 3909 3613 3960 ὀ
3647 3907 3832 3974 Haec-

2245 3991 2438 4061 μιανὸς
2491 3993 2618 4056 τοὺς
2673 3992 2864 4062 ἁγίους
2895 3992 2989 4044 τοὺ
3022 3993 3265 4063 Χριστοῦ
3305 3997 3594 4068 μάρτυρας
3647 4001 3706 4051 ιν
3734 3999 3828 4070 βιο

2241 4083 2380 4153 ϐαίῳ
2408 4086 2813 4156 καρτεροῦντας
2835 4087 2931 4140 καὶ
2961 4087 3059 4154 τῆς
3081 4085 3263 4140 αὐτῶν
3287 4087 3456 4158 ὀρθῆς
3477 4091 3537 4140 ού
3566 4091 3830 4158 μεθιστα-

2245 4176 2440 4245 μένους
2477 4176 2736 4241 πίστεως,
2795 4180 3282 4252 συγκαλεσάμενος
3313 4178 3482 4234 αὑτοῦ
3518 4181 3616 4252 τὴν
3651 4184 3828 4236 ἀπάν-

2241 4272 2459 4340 θρωπον
2486 4273 2811 4344 σύγκλητον,
2839 4275 3159 4329 ἐϐουλεύετο
3185 4276 3304 4347 μετ’
3330 4277 3529 4340 αὐτῶν,
3559 4277 3678 4341 πῶς
3698 4281 3826 4344 τοὺς

2244 4365 2440 4432 ἁγίους
2472 4365 2692 4435 θανάτῳ
2725 4367 3044 4437 πικροτάτῳ
3070 4368 3328 4434 διάθοιτο,
3348 4371 3418 4425 δι’
3438 4365 3513 4425 ὧν
3549 4373 3680 4436 τοὺς
3719 4373 3828 4426 άνά

2242 4461 2423 4512 πᾶσαν
2459 4460 2558 4528 τὴν
2581 4461 2916 4534 οίκουμένην
2937 4462 3304 4532 Χριστιανοὺς
3335 4465 3695 4536 ἑκφοϐήσειεν
3728 4471 3830 4525 καὶ

2238 4555 2336 4619 τῆς
2354 4553 2656 4623 ἀμωμήτου
2675 4554 2974 4626 θρησκείας
2991 4557 3302 4625 ἀποστῆσαι
3321 4563 3829 4624 παρασκευάσειεν.

2239 4639 2333 4707 Εἷς
2363 4644 2456 4698 οὖν
2490 4645 2599 4699 τῶν
2635 4647 3002 4729 συνελθόντων
3032 4651 3090 4704 έν
3115 4653 3179 4723 τῇ
3222 4653 3536 4725 συγκλήτῳ,
3573 4654 3700 4726 ῥίζα
3735 4672 3833 4706 πι-

2241 4736 2404 4803 κρίας
2454 4735 2719 4804 ὑπάρχων
2771 4738 2867 4792 καὶ
2921 4741 3190 4811 πονηρίας
3241 4744 3475 4812 καρπὸς,
3510 4743 3605 4796 καὶ
3636 4741 3831 4812 πάσης

2239 4826 2455 4889 ἀδικίας
2482 4827 2933 4900 πολυφορώτατον
2963 4831 3204 4902 δένδρον,
3235 4834 3588 4889 συνεϐούλευε
3615 4832 3696 4905 τῷ
3720 4850 3826 4888 τυ-

2241 4917 2420 4990 ράννῳ
2446 4918 2622 4987 λέγων
2644 4937 2655 4952 ·
2708 4921 2766 4975 '0
2799 4923 2910 4992 μὴν
2934 4916 3094 4985 οὗτος
3122 4923 3406 4990 καύσωνός
3443 4928 3558 4980 ἐστι
3589 4927 3789 4998 καιρός
3809 4944 3827 4961 ο

2243 5010 2489 5080 πάνεμος
2521 5013 2629 5082 γάρ
2660 5012 2767 5084 μὴν
2797 5013 3102 5084 τηνικαῦτα
3141 5014 3514 5084 καθέστηκεν
3548 5018 3830 5085 παράκει-

2237 5115 2329 5152 ται
2373 5100 2430 5153 δὶ
2491 5101 2594 5166 ἔξω
2628 5106 2727 5174 τῆς
2766 5104 2980 5165 πόλεως
3035 5106 3178 5162 κατὰ
3233 5108 3295 5160 τὸ
3329 5108 3550 5160 δυτικὸν
3599 5106 3824 5178 κλῆμα,

2243 5191 2446 5258 μεταξὺ
2487 5193 3051 5266 τῶνὺπροσκειμένων
3078 5197 3284 5270 ταύτην
3305 5198 3400 5253 δύο
3423 5199 3685 5270 ποταμῶν
3720 5206 3828 5258 καὶ

2239 5283 2339 5350 τῆς
2377 5283 2592 5352 λίμνης,
2656 5285 2820 5348 τόπος
2853 5287 3054 5357 δμαλος
3092 5290 3192 5359 μὲν
3217 5293 3283 5362 τῇ
3320 5291 3495 5355 θέσει,
3529 5291 3727 5362 χόρτου
3761 5293 3827 5348 δὲ

2239 5372 2335 5426 καὶ
2379 5372 2542 5443 λυτῆς
2579 5375 2709 5444 ὕλης
2765 5378 2996 5448 άπείρου
3033 5381 3248 5450 μεστὸς,
3281 5381 3339 5434 δν
3369 5383 3415 5434 oi
3447 5383 3688 5437 ἐντόπιοι
3721 5385 3829 5454 ῥό-

2242 5483 2348 5534 γαν
2379 5467 2812 5536 ἐπονομάζουσιν
2843 5471 2930 5525 διά
2957 5473 3018 5526 τό
3047 5475 3277 5545 σφηκῶν
3326 5475 3420 5529 καὶ
3462 5477 3827 5546 χαλκομυῖῶν

2237 5558 2432 5628 πικρὸν
2461 5559 2804 5629 καταγώγιον
2836 5565 3120 5635 ὑπάρχων,
3149 5567 3429 5622 κωνώπων
3458 5585 3518 5622 τε
3546 5569 3640 5622 καὶ
3663 5586 3830 5625 σκνι-

2234 5648 2353 5702 πῶν
2409 5650 2843 5722 πεπληρωμένον
2901 5656 3126 5726 χωρίον,
3172 5657 3266 5722 οὓς
3329 5660 3450 5713 οὐδὲ
3513 5663 3829 5735 παρελθεῖν

2231 5758 2353 5795 τινα
2401 5744 2704 5809 ἀκινδύνως
2752 5748 2810 5799 ὲν
2854 5750 3174 5822 μεσημϐρίᾳ⁵
3215 5753 3556 5826 καθέστηκεν
3586 5755 3822 5826 ῥᾴδιον·

2229 5835 2486 5900 κέλευσον
2517 5836 2606 5890 οὑν
2633 5838 2923 5910 χωσθῆναι
2964 5841 3088 5912 μέλι
3140 5844 3207 5898 τά
3234 5844 3463 5917 σώματα
3497 5847 3683 5902 αὐτῶν
3713 5860 3828 5915 καὶ
