3966 6472
177 407 281 474 369
1147 396 1320 456 VITA
1359 395 1464 456 SS.
1513 391 1888 454 MAURITII
1923 392 2020 453 ET
2052 393 2468 456 SDCIORUM.
3325 395 3433 458 370

170 524 223 573 ιν
251 519 404 589 αύτῷ
434 514 806 588 δεσμευθῆναι
852 514 1134 583 ζωῦφίοις,
1173 514 1265 567 καὶ
1290 514 1348 564 ὲν
1387 510 1560 582 ταύτῃ
1587 526 1736 564 κατα-

1872 523 2050 564 eorum
2085 525 2317 581 corpora
2377 508 2502 579 ungi
2536 507 2715 572 melle,
2747 518 2801 562 et
2858 508 2910 562 in
2962 521 3030 562 eo
3063 508 3438 579 alligabuntur

167 614 428 682 λήψονται
447 610 668 664 πάντων
690 607 798 661 τῶν
817 604 1200 676 προλαδουσῶν
1227 603 1478 674 βασάνων
1507 601 1733 670 ἀλγεινό-

1870 601 2214 667 animalcula,
2249 611 2308 657 ut
2339 601 2394 655 in
2447 601 2552 656 hoc
2582 601 2832 656 cruciatu
2867 600 3110 654 sentiant
3146 601 3436 657 interitum

167 721 320 776 τερον
350 703 604 771 ὄλεθρον,
655 700 748 755 καὶ
781 697 1083 766 γνώσονται
1123 697 1199 766 μὴ
1249 695 1590 766 βλασφημεῖν
1624 694 1733 754 τοὺς

1866 693 2168 764 graviorem
2193 692 2487 748 tormentis
2528 692 2809 756 omnibus,
2837 707 2958 761 quae
3006 704 3432 761 praecesserunt,

166 799 421 860 αἰωνίους
451 797 614 866 ήμῶν
656 794 838 856 θεοὺς,
881 791 976 845 καὶ
1017 791 1068 844 τί
1096 790 1159 842 τὸ
1203 788 1440 859 βαδίζειν
1468 786 1564 857 τὴν
1597 789 1732 840 ὲναν·

1877 794 1918 838 et
1969 795 2324 855 cognoscant,
2373 801 2483 839 non
2529 799 2651 839 esse
2709 783 3022 839 maledictis
3085 783 3443 842 incessendos

163 891 283 944 τίαν
313 893 432 952 τοῖς
460 885 772 957 βασιλεῦσιν
795 883 910 936 ὁδὸν
940 882 1068 946 τοὺς
1097 880 1478 951 τολμήσαντας
1509 877 1724 945 ὤνησαν

1312 895 1478 942 αντας
1509 877 1746 945 ὤνησαν.
1862 877 2098 931 invictos
2139 887 2361 932 nostros
2378 886 2433 931 et
2458 885 2697 932 aeternos
2721 876 2877 932 deos.

233 979 335 1035 ll".
371 980 484 1032 Καὶ
539 977 737 1046 ῆρεσεν
787 974 847 1026 τὺ
877 971 1031 1042 ῥῆμα
1071 971 1166 1024 καὶ
1196 972 1229 1040 ή
1283 969 1449 1039 βουλὴ
1504 967 1642 1036 α’ύτη
1671 965 1749 1036 τῷ

1933 969 2072 1024 XIII.
2106 967 2232 1024 Hac
2259 984 2394 1040 ergo
2426 983 2551 1024 cum
2606 968 2835 1024 dixisset
2863 971 3137 1037 pessimus
3182 978 3238 1024 et
3265 971 3433 1026 scele-

166 1071 376 1141 βασιλεῖ
404 1069 502 1121 καλ⁵
534 1067 684 1135 πάσῃ
706 1066 771 1135 τῇ
806 1062 1097 1133 συγκλήτῳ
1116 1076 1130 1090 ⁶
1176 1059 1272 1113 καὶ
1298 1059 1510 1112 κελεύει
1539 1059 1565 1110 ὁ
1592 1057 1732 1127 βασι·

1873 1061 2173 1116 ratissimus
2203 1062 2292 1116 ille
2325 1071 2574 1128 senator,
2607 1063 2727 1133 ejus
2769 1062 3059 1117 consilium
3089 1064 3297 1134 placuit
3332 1063 3439 1117 im-

163 1163 287 1223 λεὺς
315 1159 496 1228 ταύτῃ
521 1158 588 1227 τῇ
620 1155 865 1226 τιμωρίᾳ
891 1153 1092 1215 αὐτοὺς
1131 1149 1536 1220 παραδοθῆναι.
1582 1149 1647 1202 Οἱ
1689 1147 1729 1200 δί

1868 1155 2098 1226 peratori
2119 1164 2174 1210 et
2204 1155 2466 1211 universo
2493 1155 2730 1218 senatui,
2753 1166 2808 1211 et
2829 1155 2988 1226 jubet
3019 1155 3320 1226 imperator
3340 1171 3434 1212 eos

162 1253 254 1321 τῆς
280 1251 500 1314 ἀδικίας
533 1247 811 1320 ὑπηρέται
836 1245 936 1316 τὴν
960 1241 1316 1314 μεσημϐρίαν
1354 1242 1723 1310 σκοπήσαντες

1871 1248 1996 1302 .radi
2030 1248 2159 1303 huic
2179 1247 2468 1317 supplicio.
2499 1247 2638 1301 Cum
2668 1248 2853 1318 itaque
2895 1249 3185 1303 meridiem
3237 1248 3437 1303 obser-

161 1348 251 1398 καὶ
281 1344 480 1414 καιρὸν
503 1342 743 1413 ἠρεμίας
775 1337 1226 1407 ἐπιτηρήσαντες.
1257 1335 1317 1387 ὲν
1346 1327 1388 1401 ᾧ
1417 1334 1584 1401 πνοῆς
1616 1332 1727 1385 άνέ·

1868 1349 2084 1395 vassent
2128 1340 2363 1416 ministri
2395 1339 2729 1409 iniquitatis,
2751 1351 2809 1394 et
2853 1350 3070 1410 tempus
3094 1339 3363 1410 quietum,
3384 1339 3434 1392 in

165 1457 278 1508 μων
303 1434 648 1507 ἀμοιροῦντα
671 1432 778 1486 τῶν
809 1430 1069 1498 ζωῢφίων
1097 1428 1166 1480 τὰ
1197 1425 1374 1496 πλήθη
1419 1425 1725 1493 τυγχάνουσ

1875 1447 1995 1501 quo,
2024 1431 2157 1486 ﬂatu
2181 1439 2470 1486 ventorum
2502 1430 2746 1485 carentia
2771 1431 3052 1497 animalia,
3082 1432 3441 1501 corporibus,

160 1532 271 1593 τοῖς
301 1527 761 1599 παρεμπίπτουσι
798 1523 1014 1592 σώμασι
1052 1520 1272 1591 βαθεῖαν
1305 1517 1405 1589 τὴν
1435 1517 1629 1588 τρῆσιν
1652 1517 1726 1569 κα

1871 1537 1984 1592 quae
2041 1523 2316 1588 incidunt,
2349 1537 2568 1594 gravem
2594 1531 2650 1577 et
2691 1523 2976 1578 molestam
3016 1523 3261 1578 efﬁciunt
3311 1540 3437 1594 per-

158 1622 442 1675 επώδυνον
516 1617 954 1688 ἀπεργάζονται·
1012 1612 1280 1683 δήσαντες
1333 1609 1558 1664 ἁλύσεσι
1623 1612 1724 1662 του

1872 1614 2212 1678 ’orationem,
2239 1614 2454 1670 catenis
2475 1616 2697 1670 vinctos
2748 1615 3101 1670 deduxerunt
3131 1625 3351 1669 sanctos
3382 1613 3438 1669 in

158 1712 351 1780 ἁγίους
384 1709 704 1780 κατήγαγον
732 1709 812 1770 εἰς
831 1705 923 1758 τὸν
952 1704 1118 1756 τόπον
1156 1703 1248 1754 καὶ
1281 1701 1500 1770 δίυγρον
1528 1699 1724 1766 ὲκλεξά

1872 1707 2016 1776 prius
2035 1705 2245 1760 dictum
2267 1705 2450 1760 locum
2483 1725 2496 1760 :
2537 1716 2739 1762 etcum
2771 1707 3040 1762 obiissent
3064 1716 3120 1762 et
3141 1706 3438 1777 elegissent

161 1821 313 1871 μενοι
346 1805 536 1866 τύπον,
594 1799 808 1867 άεννάῳ
859 1798 1013 1866 πηγῇ
1073 1793 1508 1862 παρακείμενον,
1572 1791 1631 1857 ιε
1683 1787 1727 1864 ἧι

1872 1801 2043 1854 locum
2085 1797 2394 1861 humidum,
2427 1798 2595 1852 situm
2621 1813 2794 1869 prOpe
2819 1799 3024 1853 fontem
3053 1813 3356 1868 perennem
3379 1808 3438 1852 et

401 1853 652 1961 τέλματα
683 1853 896 1957 πὲέυκε
923 1853 1198 1955 γίνεσθαι,
1232 1877 1294 1937 οὗ
1323 1853 1425 1936 καὶ
1451 1853 1723 1954 επιχωριά

1881 1891 2139 1955 imosum,
2173 1905 2240 1946 ex
2277 1905 2386 1959 quo
2423 1891 2608 1967 enasci
2641 1892 2826 1946 solent
2880 1890 3092 1946 limosa
3121 1891 3332 1945 lacunae
3381 1902 3439 1946 et

158 1988 272 2051 ζειν
315 1983 466 2053 φιλει
502 1983 536 2051 ή
589 1979 702 2032 τῶν
758 1974 1186 2047 προρρηθέντων
1225 1972 1482 2043 ζωῦφίων
1515 1973 1724 2042 πληθὺς

1871 1982 2171 2052 voragines,
2209 1982 2304 2036 ubi
2333 1982 2500 2038 etiam
2529 1983 2672 2038 solet
2719 1982 2923 2055 degere
2959 1981 3257 2038 multitudo
3285 1985 3437 2054 ejus-

159 2081 379 2150 χρίουσι
413 2077 512 2142 μὲν
542 2076 653 2126 τῶν
703 2071 876 2136 άγίων
914 2070 1037 2140 μέλι
1069 2067 1138 2124 τὰ
1185 2071 1346 2139 τίμια
1374 2067 1627 2138 σώματα,
1662 2067 1718 2121 δε

1875 2068 2005 2122 nodi
2038 2069 2523 2132 animalcqurum.
2557 2073 2718 2127 Melle
2751 2073 2976 2144 quidem
3045 2081 3260 2144 ungunt
3310 2087 3441 2127 san-

160 2172 361 2240 σμοῦσι
385 2168 439 2221 δὲ
479 2165 672 2236 βιαίως
705 2163 884 2231 ξύλοις
930 2161 1073 2217 κατὰ
1096 2162 1185 2218 τδν
1237 2162 1400 2216 αὑτὸν
1440 2164 1625 2226 τόπον,
1660 2162 1726 2232 ρίι

1873 2173 2068 2217 :torum
2097 2160 2410 2216 veneranda
2437 2177 2673 2232 corpora
2698 2181 2710 2217 :
2749 2164 2914 2231 lignis
2939 2174 3124 2220 autem
3150 2179 3248 2219 eos
3271 2167 3439 2220 vehe-

156 2262 361 2330 ψανετες
387 2259 485 2310 καὶ
519 2255 582 2308 τδ
623 2253 806 2325 τίμιον
848 2251 1008 2324 σῶμα
1041 2251 1337 2314 Φωτεινοῦ,
1363 2252 1457 2306 τοῦ
1492 2253 1722 2323 ἀοιδίμοπ

1871 2264 2072 2310 menter
2128 2253 2358 2326 alligant
2387 2253 2440 2308 in
2480 2268 2548 2308 eo
2574 2254 3012 2325 Ioco,]acientes
3048 2255 3216 2310 etiam
3265 2269 3437 2310 vene-

161 2355 466 2423 μάρτυρος,
493 2348 600 2420 πρὸ
632 2347 930 2420 προσώπου
956 2345 1052 2399 τοῦ
1081 2344 1248 2399 αὑτοῦ
1281 2347 1488 2417 πατρὸς
1528 2347 1727 2417 Μαυρι·

1867 2347 2091 2404 randum
2112 2362 2316 2418 corpus
2348 2345 2538 2418 inclyti
2567 2346 2824 2418 martyris
2849 2345 3070 2402 Pliotini
3088 2357 3216 2403 ante
3240 2347 3433 2403 faciem

159 2443 277 2494 κίον
315 2439 415 2494 τοῦ
443 2439 832 2508 πανευφήμου,
865 2435 1092 2505 μείζονα
1139 2433 1414 2505 τιμωρίαν
1461 2437 1525 2488 ὲκ
1556 2436 1725 2490 τούτοι

1870 2440 2030 2510 patris
2061 2439 2146 2496 sui
2203 2438 2483 2494 benedicti
2517 2439 2780 2502 Mauritii,
2815 2449 3137 2510 reputantes
3191 2454 3249 2494 se
3279 2455 3345 2494 ex
3370 2455 3436 2496 eo

161 2532 466 2602 προσάγειν
499 2527 650 2598 αύτῷ
699 2524 1060 2593 λογιζόμενοι.
1111 2523 1285 2577 Τοῦτο
1316 2523 1620 2593 πράξαντες
1649 2527 1727 2596 τὴς

1873 2533 1907 2587 :i
1946 2535 2122 2602 majus
2163 2533 2428 2586 allaturos
2482 2532 2837 2601 supplicium.
2890 2531 3018 2587 Haec
3045 2547 3175 2604 ergo
3198 2547 3324 2588 cum
3361 2533 3439 2587 Ie-

159 2625 426 2692 ταχίστην
457 2619 835 2689 ἀνεχώρησαν,
858 2616 936 2687 μὴ
978 2617 1238 2688 φέροντες
1261 2615 1360 2687 τὴν
1385 2616 1491 2670 τῶν
1523 2617 1725 2672 ίοδόλωγ

1871 2624 2081 2687 :issent,
2112 2637 2274 2693 quam
2312 2624 2550 2691 primum
2585 2631 2955 2688 recesserunt,
2985 2633 3044 2677 ut
3082 2625 3175 2693 qui
3205 2637 3437 2678 venena-

164 2714 422 2782 ζωῦφίων
461 2708 795 2783 προσϐολήν.
825 2709 1370 2780 Διακαρτερήσαντες
1397 2705 1489 2765 οὖν
1518 2711 1568 2764 οι
1602 2711 1725 2780 άγιο

1867 2730 2038 2771 torum
2079 2715 2542 2772 animalculorum
2600 2715 2829 2770 minime
2887 2719 3096 2770 ferrent
3146 2715 3433 2785 impetum.

163 2808 377 2875 ἡμέρας
416 2820 477 2857 τε
526 2802 617 2856 καὶ
665 2801 869 2864 νύκτας
915 2800 1070 2864 δέκα,
1101 2802 1169 2870 τῇ
1220 2802 1396 2871 πικρᾷ
1437 2801 1614 2873 ταύτῃ
1653 2804 1729 2855 κα

1870 2806 1991 2863 Cum
2025 2807 2208 2876 itaque
2275 2806 2449 2860 sancti
2487 2805 2676 2862 decem
2711 2805 2830 2861 dies
2867 2815 2924 2860 et
2963 2815 3152 2862 noctes
3195 2806 3302 2861 hoc
3348 2805 3436 2860 in-

159 2896 479 2966 ἁνοποίστῳ
509 2893 748 2964 βασάνῳ,
783 2890 1165 2954 ἀνατείναντες
1209 2889 1271 2943 τὸ
1307 2889 1464 2960 ὄμμα
1495 2892 1630 2962 πρὸς
1656 2894 1725 2944 τὸ·

1870 2897 2146 2952 tolerabile
2213 2908 2269 2952 et
2319 2897 2582 2952 acerbum
2646 2899 3011 2968 pertulissent
3078 2899 3436 2968 supplicium,

160 2989 315 3052 Θεὸν,
358 2986 597 3056 ηὕξαντο
644 2985 933 3052 λέγοντεςο
990 2982 1167 3053 Κύριε
1195 3021 1210 3046 ,
1264 2983 1291 3036 ὁ
1326 2981 1459 3046 Θεὸς
1512 2983 1726 3054 ήμῶν,‹

1871 2987 2091 3044 sublatis
2126 2990 2192 3042 ad
2241 2989 2412 3043 Deum
2466 2990 2664 3054 oculis,
2691 2991 2984 3045 Dominum
3030 2991 3237 3061 precati
3285 3002 3437 3055 sunt,

162 3083 360 3144 κτίσας
387 3081 536 3150 ἡμᾶς
569 3077 692 3130 κατ’
721 3076 906 3130 είκόνα
947 3075 1048 3146 σὴν
1079 3077 1173 3128 καὶ
1208 3073 1493 3144 ὁμοίωσιν,
1525 3078 1620 3128 καὶ
1658 3076 1728 3130 ὀδη

1871 3080 2106 3136 licentes
2136 3099 2148 3134 :
2179 3079 2408 3135 Domine
2452 3080 2599 3136 Dens
2627 3081 2949 3152 noster,qui
2999 3096 3098 3148 nos
3140 3081 3337 3135 creasti
3369 3082 3437 3136 ad

160 3177 376 3243 ηγήσας
410 3171 557 3240 ἡμᾶς
615 3169 752 3240 πρὸς
776 3169 872 3238 τὴν
900 3167 1194 3236 ἐπίγνωσιν
1219 3167 1319 3236 τῆς
1360 3167 1459 3236 σῆς
1495 3166 1726 3237 ἀληθεία

1871 3173 2154 3243 imaginem
2177 3181 2234 3228 et
2277 3174 2702 3229 similitudinem
2738 3184 2910 3238 tuam,
2935 3181 2994 3229 et
3022 3172 3302 3228 deduxisti
3336 3186 3437 3227 no

159 3269 255 3318 καὶ
283 3264 564 3332 θεότητος,
586 3262 680 3315 καὶ
717 3259 814 3314 τοῦ
845 3259 1170 3331 μονογενοῦς
1218 3277 1312 3312 σου
1350 3259 1508 3326 Υίοῦ,
1531 3260 1626 3314 καὶ
1657 3265 1725 3314 τοέ

1871 3263 1924 3318 ιιι
1948 3265 2284 3332 agnitionem
2328 3275 2435 3318 tuae
2460 3265 2708 3321 veritatis
2730 3275 2786 3321 et
2807 3265 3136 3331 divinitatis,
3155 3275 3212 3320 et
3237 3264 3437 3336 unige-

161 3356 434 3423 παναγίου
455 3353 595 3408 Πνεύ
605 3370 793 3424 ματος,
814 3355 898 3408 σοὶ
921 3352 1485 3423 παρακατατιθέμεθα
1508 3353 1604 3418 τὰς
1619 3356 1727 3424 ήμε

1871 3356 1954 3412 titi
1986 3356 2064 3411 tui
2093 3356 2238 3422 Filii,
2263 3357 2670 3412 etsanctissimi
2697 3367 2753 3413 et
2777 3358 2978 3413 viviﬁci
3007 3358 3268 3428 Spiritus,
3294 3357 3437 3428 apud

162 3448 334 3518 τέρας
387 3446 568 3518 ψυχὰς
609 3447 703 3500 καὶ
757 3444 1189 3515 παρακαλοῦμεν
1245 3444 1550 3510 κατατάξαι
1584 3446 1728 3498 αὐτὰ.

1873 3468 1908 3507 .e
1960 3460 2175 3506 nostras
2223 3450 2436 3505 animas
2484 3449 2834 3520 deponimus,
2867 3459 2923 3505 et
2953 3465 3212 3520 rogamus
3260 3459 3320 3503 ut
3346 3463 3439 3503 eas

164 3539 309 3608 μετὰ
348 3541 566 3592 πάντων
613 3536 723 3590 τῶν
773 3534 868 3588 ἀπ’
899 3535 1100 3598 αἰῶνος
1148 3534 1634 3606 εύαρεστησάντων
1671 3555 1730 3591 σο

1872 3543 2090 3599 :oIIoces
2116 3559 2240 3598 cum
2269 3542 2528 3598 omnibus
2547 3543 2771 3609 sanctis,
2803 3543 2900 3613 qui
2929 3543 3027 3598 tibi
3053 3543 3385 3613 placuerunt
3407 3557 3438 3596 α

159 3633 358 3698 ἁγίων.
402 3628 516 3682 Καὶ
539 3626 973 3698 προσευξάμενοι
997 3627 1326 3699 παρέδωκαν
1355 3629 1414 3680 ὲν
1439 3628 1634 3701 είρήνῃ
1655 3631 1721 3683 τὰ

1875 3637 2076 3691 seculo.
2113 3635 2381 3701 Quoniam
2412 3645 2464 3689 te
2482 3634 2798 3698 dileximus,
2821 3644 2877 3689 et
2908 3645 2957 3689 te
2990 3635 3441 3691 desideravimus

159 3720 339 3790 ψυχὰς
367 3719 551 3774 αὐτῶν
583 3719 660 3790 τῷ
687 3719 829 3790 Θεῷ,
860 3719 1085 3772 καὶτῶν
1125 3719 1408 3789 στεφάνων
1442 3719 1722 3790 ήξιὼθησα

1873 3743 1928 3781 ax
1956 3735 2072 3781 toto
2100 3727 2286 3780 animo
2312 3736 2524 3787 nostro,
2545 3735 2600 3781 et
2624 3740 2723 3795 pro
2756 3733 2807 3780 te
2833 3727 3083 3796 nosipsos
3104 3726 3168 3779 ad
3205 3736 3439 3780 mortem

160 3815 258 3880 τῆς
290 3814 599 3884 ἀθλήσεως.

1873 3819 2212 3876 tradidimus.
2247 3819 2328 3874 Tu
2347 3835 2406 3875 es
2436 3819 2584 3873 enim
2613 3819 2755 3874 Deus
2789 3821 2939 3874 solus
2964 3821 3237 3890 benignus
3257 3820 3439 3874 etcle-

161 3925 339 3973 mens,
363 3916 486 3961 ette
506 3905 664 3962 decet
697 3905 871 3977 gloria
893 3904 946 3960 in
970 3904 1192 3959 saecula.
1246 3907 1443 3960 Amen.
1507 3905 1635 3961 Haec
1688 3923 1815 3964 cum
1855 3909 2146 3978 dixissent,
2191 3909 2305 3963 Deo
2349 3908 2700 3964 tradiderunt
2740 3907 2927 3964 beatas
2956 3919 3012 3963 et
3057 3908 3274 3968 divinas
3321 3913 3438 3968 auio

161 4019 301 4066 mas,
335 4010 392 4056 et
421 4000 502 4055 sic
529 4000 736 4070 dignati
776 3999 1001 4052 fuerunt
1051 4001 1275 4052 coronis
1314 3997 1732 4055 decertationis.

232 4099 334 4152 ΙΔ..
378 4098 442 4150 σο
476 4095 534 4148 δὲ
576 4093 902 4165 παμμιαρδς
957 4091 1214 4161 βασιλεὺς
1269 4091 1617 4162 Μαξιμιανὸς
1661 4096 1758 4148 καὶ

1927 4094 2066 4151 XIV.
2116 4094 2428 4150 Sceleratus
2458 4100 2640 4147 autem
2674 4101 2728 4146 et
2778 4090 3097 4163 tyrannicus
3140 4090 3437 4160 imperator

165 4191 304 4259 μετᾶ
322 4189 559 4244 θάνατον
587 4188 698 4248 τοῖς
720 4186 806 4237 ἀεὶ
822 4183 958 4247 ζῶσι
982 4183 1330 4255 θυμούμενος
1361 4186 1598 4258 μάρτυσι
1616 4187 1731 4258 (ea;

1870 4186 2235 4250 Ilaximianus,
2274 4187 2441 4239 etiam
2491 4195 2614 4252 post
2656 4194 2888 4237 mortem
2925 4182 3168 4236 irascens
3215 4197 3436 4251 semper

159 4285 269 4354 γὰρ
324 4281 495 4345 ζῶσιν
529 4280 576 4332 oi
614 4276 756 4329 κατὰ
790 4277 923 4329 Θεὸν
959 4274 1375 4344 ὲκδημήσαντες
1409 4277 1514 4329 κᾶν
1545 4277 1725 4332 ἔνθένδ

1867 4272 2174 4332 viventibus
2229 4275 2562 4348 martyribus
2631 4274 2765 4345 (Deo
2791 4275 2942 4328 enim
2991 4273 3202 4337 vivunt,
3248 4273 3433 4342 quies

162 4370 620 4440 ἀπαλλαγῶσιν),
669 4369 912 4430 ἀκούσας
954 4368 1036 4421 ὅτι
1066 4365 1398 4436 παρέδωκαν
1422 4367 1522 4431 τὰς
1553 4369 1728 4440 ψυχὰς

1871 4369 1975 4423 Deo
2013 4368 2377 4438 emigrarunt,
2437 4365 2652 4420 etiamsi
2693 4366 2822 4420 hinc
2871 4366 3255 4438 excesserint),
3309 4380 3437 4420 cum

162 4467 380 4522 κελεύει
412 4466 526 4528 τοῖς
582 4462 902 4533 δορυφόροις
931 4460 1029 4521 τὰς
1070 4458 1270 4529 τιμίων
1298 4459 1478 4515 αὐτῶν
1512 4462 1722 4532 κεφαλά

1873 4460 2164 4515 audivisset
2202 4475 2298 4515 eos
2331 4459 2584 4515 emisisse
2619 4459 2850 4525 animas,
2881 4458 3041 4530 jubet
3072 4457 3320 4512 abscindi
3347 4474 3439 4512 ve-

161 4560 424 4627 ὶκτεμείν
455 4556 550 4610 καὶ
581 4556 738 4626 ῥίψαι
763 4541 905 4605 κατὰ
933 4553 1024 4606 τὸν
1055 4553 1217 4608 αὐτὸν
1241 4554 1429 4608 τόπον.
1447 4556 1511 4607 Οί
1540 4555 1598 4609 δὲ
1622 4573 1727 4610 κατ

1872 4549 2105 4605 neranda
2125 4559 2181 4603 et
2204 4558 2392 4604 sancta
2431 4562 2622 4604 eorum
2657 4547 2864 4616 capita,
2888 4555 2942 4599 et
2965 4545 3074 4614 jaci
3105 4545 3159 4597 in
3179 4544 3438 4600 eumdem

163 4652 472 4719 αγαγόντες
514 4647 625 4700 ἀπὸ
662 4644 771 4700 τῶν
799 4643 971 4710 ξύλων
995 4646 1063 4700 τά
1088 4645 1275 4713 ἔνδοξα
1303 4645 1483 4702 αὐτῶν
1503 4649 1729 4718 λείψανα

1878 4658 2059 4698 ocum.
2094 4641 2323 4697 Pessimi
2351 4655 2483 4694 vero
2512 4638 2753 4694 ministri
2775 4637 3032 4693 scelerati
3059 4636 3437 4706 imperatoris,

162 4745 261 4795 οὐκ
316 4741 634 4810 ενάρκησαν
687 4737 788 4801 τάς
826 4735 1154 4807 σεδασμίους
1211 4736 1395 4790 αὐτῶν
1453 4739 1722 4806 άποτεμεί

1873 4748 1981 4786 :um
2011 4747 2042 4786 e
2073 4732 2222 4803 ligno
2253 4730 2640 4802 deposuissent
2694 4729 3039 4785 venerandus
3061 4736 3116 4783 et
3170 4729 3439 4799 gloriosas

164 4834 437 4904 κεφαλὰς,
480 4829 870 4891 ἀλλά-ταύτας
912 4827 1271 4897 ἐκκόψαντες,
1320 4828 1574 4899 πανταχῆ
1611 4846 1730 4882 κατι

1870 4836 2044 4876 eorum
2066 4821 2349 4890 reliquias,
2396 4835 2506 4875 nou
2535 4819 2697 4874 veriti
2723 4830 2852 4874 sunt
2893 4830 3183 4889 amputare
3202 4819 3436 4874 colenda

163 4902 260 4998 τὴν
310 4926 449 4995 ὕλην
513 4921 734 4992 δκείνην
775 4918 1188 4990 διεσκόρπισαν.
1252 4919 1407 4983 Τινὲς
1463 4919 1521 4971 δὲ
1570 4934 1729 4972 πιστο

1871 4930 2046 4968 :orum
2069 4914 2270 4983 capita.
2303 4911 2438 4966 Cum
2466 4927 2529 4967 ea
2563 4922 2748 4966 autem
2781 4902 3176 4976 abscidissent,
3231 4911 3437 4977 ubique

163 5021 407 5090 ἀδελφοὶ,
441 5017 639 5079 ννκτὺς
669 5014 807 5086 μετά
841 5011 1042 5067 πολλοῦ
1087 5011 1254 5082 φόϐου
1288 5011 1728 5083 παραγενόμενοι

1871 5022 1954 5061 Jer
1979 5006 2128 5059 illam
2165 5005 2358 5060 silvam
2401 5005 2758 5074 projecerunt
2797 5017 2863 5059 ac
2899 5003 3262 5072 dissiparunt.
3297 5002 3437 5069 Qui-

167 5111 582 5180 συνέλεξανοτάς
605 5108 794 5178 τιμίας
824 5106 1004 5160 αὐτῶν
1033 5104 1274 5174 κεφαλάς
1297 5105 1393 5158 καὶ
1419 5103 1489 5156 τά
1512 5103 1733 5173 πανάγιι

1869 5097 1983 5150 Iam
2020 5109 2153 5150 vero
2184 5095 2387 5148 fratres
2419 5094 2630 5157 ﬁdeles,
2652 5103 2818 5147 noctu
2852 5108 2981 5147 cum
3010 5107 3207 5160 magno
3237 5092 3435 5148 timore

163 5205 344 5258 αὐτῶν
375 5202 634 5272 σώματα,
670 5197 765 5251 καὶ
798 5195 939 5267 μετά
968 5196 1138 5266 τιμῆς
1166 5197 1260 5248 καὶ
1292 5192 1523 5257 εὐωδίας
1555 5194 1729 5264 πολλῆ.

1871 5187 2208 5252 accedentes,
2255 5187 2604 5256 collegerunt
2639 5185 2949 5240 veneranda
3004 5199 3200 5239 eorum
3255 5186 3437 5254 capita

164 5300 254 5349 καὶ
285 5293 620 5365 ψαλμῳδίας
642 5289 828 5343 ινθέου
864 5289 959 5342 καὶ
980 5287 1146 5358 εὐχῆς
1176 5285 1429 5348 ὲκτενοῦς
1453 5285 1730 5355 ὀρύξαντες

1871 5291 1910 5335 :t
1938 5279 2282 5334 sanctissima
2323 5287 2379 5332 et
2450 5278 2776 5332 honoranda
2833 5292 3028 5332 eorum
3083 5292 3340 5344 corpora,
3379 5286 3437 5330 et

164 5394 224 5458 τῇ
259 5392 327 5458 γῇ
360 5386 542 5440 ταῦτα
571 5382 865 5437 κατέθεντο
901 5384 960 5434 ὲν
996 5379 1148 5451 αὐτῷ
1177 5379 1257 5448 τῷ
1299 5378 1452 5448 τόπῳ
1500 5377 1629 5431 ἔνθα
1656 5380 1730 5430 κα

1868 5387 1980 5426 :um
2009 5385 2096 5434 e9,
2125 5385 2235 5440 quo
2267 5385 2365 5438 par
2418 5377 2522 5432 est,
2582 5369 2813 5432 honore,
2863 5378 2920 5422 et
2968 5368 3141 5422 multo
3165 5382 3228 5422 ac
3281 5369 3434 5420 suavi

166 5487 508 5556 ηγωνίσαντο
532 5479 584 5530 oi
619 5478 860 5545 γενναῖοι
893 5471 986 5526 τοῦ
1027 5471 1266 5538 Χριστοῦ
1299 5471 1654 5540 στρατιῶται,
1695 5471 1732 5522 ἐκ

1866 5464 2046 5528 odore,
2081 5464 2377 5532 divinaque
2414 5462 2738 5530 psalmodia,
2793 5470 2848 5514 et
2885 5458 3115 5513 intensis
3155 5460 3432 5527 precibus.

165 5552 208 5643 ᾧ
234 5577 324 5627 καὶ
351 5570 742 5638 ὶπιφαίνονται
769 5567 844 5628 ὡς
875 5563 1163 5634 φωστῆρες
1186 5564 1243 5614 ὲν
1266 5563 1477 5631 κόσμῳ.
1503 5563 1731 5632 Εὐφραί-

1863 5558 1912 5612 in
1943 5567 2086 5612 terra
2123 5556 2422 5620 fodientes,
2443 5555 2820 5624 deposuerunt
2845 5553 2962 5622 ipsa
2989 5553 3042 5604 in
3065 5567 3131 5605 eo
3168 5553 3311 5615 loco,
3338 5552 3429 5604 ubi

168 5641 252 5718 νου
292 5666 499 5725 τοίνυν,
528 5657 833 5726 Ἀπάμεια,
872 5656 1140 5723 στέφανον
1164 5652 1560 5722 ἀναδησαμένη
1585 5670 1734 5705 πνευ·

1865 5649 2282 5703 decertat-erunt
2322 5645 2568 5716 praeclari
2603 5657 2659 5698 et
2713 5645 2887 5697 fortes
2938 5641 3144 5697 Christi
3206 5641 3431 5698 milites.

174 5758 417 5826 ματικδν,
451 5756 516 5806 ἐκ
535 5749 816 5818 διαφόρων
839 5745 1002 5797 λίθων
1025 5742 1335 5810 πολυτίμων
1367 5744 1740 5811 συγκείμενον,

1863 5742 1915 5796 In
1937 5757 2045 5811 quo
2061 5742 2225 5795 etiam
2247 5750 2514 5808 apparent
2535 5748 2791 5807 tanquam
2813 5736 3106 5789 luminaria
3132 5735 3184 5787 in
3202 5737 3429 5788 mundo.

169 5824 257 5904 ﬁt
282 5849 411 5918 μίαν
463 5840 744 5915 ἁρμονίαν
791 5833 1096 5906 θεοπρεποῦ
1158 5833 1478 5901 ἐλλάμψεως
1504 5834 1735 5902 ἀπεργαι

1866 5835 2106 5900 Quorum
2131 5848 2228 5887 nos
2269 5846 2489 5902 quoque
2520 5845 2710 5884 omnes
2733 5829 3024 5899 dignemur
3054 5843 3174 5883 esse
3197 5824 3432 5882 celebris
