3966 6440
555 383 655 446 371
1848 381 2127 441 MENSIS
2168 378 2440 442 IULIUS

3692 376 3804 436 372

552 503 857 548 conventus
885 494 1178 563 participes
1200 503 1254 547 et
1280 493 1489 562 gratim,
1529 507 1638 545 uno
1675 492 1859 544 animo
1894 500 1949 544 et
1985 506 2119 544 con-
2150 563 2153 571 Α

2223 490 2468 559 ξάμενον,
2522 487 2793 557 θησαυρὸν
2818 486 3067 556 οὐράνιον
3106 486 3327 556 ἔχουσα,
3374 488 3668 557 διαφόρους
3701 488 3806 556 μὲν

552 601 715 641 sensu
737 586 1002 649 lruentes,
1029 602 1149 655 quae
1172 587 1239 639 ab
1257 585 1338 640 eis
1370 582 1757 653 proficiscitur,
1779 583 2065 636 curatione
2102 600 2114 635 :

549 675 605 729 in
632 676 853 730 Christo
884 676 1012 730 Jesu
1048 676 1281 730 Domino
1328 683 1541 739 nostro,
1595 673 1683 727 cui
1714 672 1886 743 gloria
1917 681 1973 726 et
2018 686 2120 741 po-

552 768 741 831 tentia,
783 784 906 823 cum
951 769 1113 823 Patre
1138 778 1193 821 et
1228 776 1418 821 sancto
1452 766 1663 837 Spiritu
1697 782 1843 821 nunc
1880 775 1935 820 et
1978 781 2122 821 sem-

549 872 669 923 per,
693 868 748 911 et
771 857 824 911 in
860 858 1061 912 saecula
1098 858 1447 911 surculorum.
1491 858 1691 910 Amen.

2230 579 2576 651 μαργαρίτας
2606 578 2836 632 πλούτου
2869 580 3238 648 ὲκλάμποντα,
3280 580 3415 648 πρὸς
3457 581 3592 651 μίαν
3620 580 3675 632 δὲ
3708 581 3809 633 καὶ

2224 672 2321 743 τὴν
2344 672 2515 741 αὐτὴν
2544 671 2641 740 τῆς
2675 671 2930 724 ἀκτίστου
2963 670 3190 741 Τριάδος
3232 672 3673 739 φωταγωγοῦντα
3706 672 3806 723 πίσ-
3904 680 3913 687 ’

2227 781 2364 826 στιν,
2389 766 2616 835 οὐρανὸς
2636 766 2949 832 ἀγάλλεται,
2975 765 3045 833 γῆ
3078 765 3151 834 τῷ
3168 766 3262 834 τῆς
3284 763 3633 834 δικαιοσύνης
3663 764 3807 834 ἡλίῳ

2227 857 2570 925 φωτιζομὲνη
2625 858 2718 909 καὶ
2752 857 3140 926 παμποικίλοις
3188 857 3407 925 ἄστροις
3439 855 3805 925 ἑκλάμπουσα

547 954 657 1014 τοῖς
688 954 889 1024 ἑὸδομή
903 971 1061 1007 κοντα
1090 954 1358 1023 μάρτυσιν
1383 953 1480 1021 τὴν
1510 952 1667 1017 δόξαν
1697 951 1792 1005 τοῦ
1809 951 1942 1006 Θεοῦ
1966 953 2395 1021 διαγγέλλουσιν,
2430 947 2506 1005 ὧν
2538 956 2632 1007 καὶ
2694 956 2853 1023 ἡμεῖς
2909 952 3277 1021 ἀξιωθείημεν
3332 953 3583 1007 κοινωνοὶ
3645 951 3808 1017 γενέ-

548 1045 673 1099 σθαι
703 1047 802 1115 τῆς
833 1048 1193 1117 πανηγύρεως
1222 1051 1315 1101 καὶ
1354 1048 1455 1119 τῆς
1489 1053 1709 1119 χάριτος
1751 1050 1989 1118 μέτοχοι,
2058 1051 2151 1101 καὶ
2188 1049 2287 1118 τῆς
2356 1051 2550 1120 ἑορτῆς
2602 1049 2985 1120 ὁμογνώμονες
3044 1051 3141 1120 τῆς
3195 1051 3322 1121 ¹παρ’
3360 1050 3541 1102 αὐτῶν
3601 1049 3805 1110 ἰάσεως

546 1137 930 1203 ἀπολαύοντες,
962 1141 1019 1193 ὲν
1048 1140 1267 1210 Χριστῷ
1292 1141 1471 1213 Ἰησοῦ
1502 1143 1577 1213 τῷ
1618 1144 1809 1214 Κυρίῳ
1848 1144 2027 1215 ἡμῶν,
2065 1136 2110 1212 ᾧ
2150 1146 2180 1214 ἡ
2221 1142 2346 1209 δόξα
2392 1146 2488 1198 καὶ
2533 1146 2595 1197 τὸ
2639 1147 2838 1214 κράτος
2898 1145 2995 1197 σὺν
3052 1145 3130 1215 τῷ
3187 1144 3361 1215 Πατρὶ
3420 1143 3515 1197 καὶ
3548 1145 3627 1214 τῷ
3658 1142 3807 1213 ἁγίῳ

549 1231 846 1302 ιινεύματι,
893 1234 990 1289 νῦν
1049 1238 1143 1289 καὶ
1198 1238 1309 1302 ἀεὶ,
1355 1238 1451 1291 καὶ
1480 1241 1558 1301 εἰς
1612 1241 1737 1303 τοὺς
1774 1239 1978 1302 αἰῶνας
2008 1240 2116 1294 τῶν
2158 1241 2389 1294 αἰώνων.
2428 1241 2618 1311 Ἀμὴν.

550 1390 949 1419 πε

3697 1396 3782 1408 ὴ

1922 1396 3781 1424 ww

1707 1584 2617 1701 ΥΠΟΜΝΗΜΑ

802 1958 1150 2095 TON
1197 1955 1794 2123 MEI‘AN
1886 1964 2153 2089 IIPt

2221 1961 2838 2090 ίΦΗΤΗΝ
2922 1958 3554 2095 ΔΑΝΙΗΛ

1736 2200 1828 2250 καὶ
1854 2196 1982 2259 τοὺς
2006 2198 2198 2265 ἁγίους
2223 2202 2373 2269 τρεῖς
2409 2199 2607 2261 παῖδας

1386 2361 1902 2452 ΑΝΑΝΙΑΝ,
1983 2362 2481 2451 ΑΖΑΡΙΑΝ,
2564 2362 3029 2449 ΜΙΣΑΗΛ.

1656 2712 2695 2819 COMMENTARIUS

758 3114 1499 3274 SANCTO
1611 3121 2153 3273 PBOP]

2221 3121 2642 3274 [ETA
2736 3119 3577 3279 DANIELE

1692 3389 1779 3445 ΕΤ
1822 3390 1907 3446 DE
1941 3386 2041 3446 SS.
2087 3390 2344 3449 TRIBUS
2371 3388 2627 3446 PUEBIS

1219 3561 1711 3667 ANANlA,
1790 3562 2212 3651 AZARIA
2286 3562 2438 3651 ET
2512 3564 3066 3655 MISAELE.

540 3759 738 3824 (Latine
765 3758 891 3819 apud
914 3757 1113 3806 Surium
1138 3756 1198 3804 ad
1220 3757 1351 3804 diem
1372 3755 1425 3803 il
1445 3754 1591 3813 Julii;
1617 3755 1818 3805 Graecus
1848 3763 2016 3806 textus
2041 3769 2172 3806 nunc
2194 3760 2402 3819 primum
2423 3757 2594 3807 editur
2607 3770 2668 3807 ex
2690 3759 2799 3807 cod.
2824 3771 2914 3807 ms.
2942 3756 3095 3807 Paris.
3126 3755 3392 3819 li90,sec.
3423 3772 3489 3806 xI.
3512 3759 3595 3808 lio.
3617 3761 3804 3823 Pun.)

609 4063 647 4115 1.
670 4060 806 4117 Cum
825 4057 1333 4113 Nabuchodonosor
1355 4073 1449 4111 rex
1468 4057 1817 4128 Assyriorum
1838 4055 2117 4111 civitatem

2293 4060 2371 4112 A'.
2407 4059 2570 4129 Ἀρτι
2606 4058 3082 4128 Ναϐουχοδονόσορ
3125 4061 3151 4112 6
3188 4058 3445 4129 βασιλεὺς
3488 4059 3809 4131 Ἀσσυρίων

536 4153 837 4209 Jerusalem
862 4151 1009 4208 bello
1060 4151 1317 4220 cepisset,
1340 4162 1397 4203 et
1424 4165 1673 4218 magnam
1700 4148 1851 4201 illinc
1874 4148 2113 4217 praedam

538 4246 763 4318 egisset,
806 4253 863 4301 et
914 4244 1182 4313 plurimos
1231 4241 1556 4298 abduxisset
1608 4240 1756 4295 bello
1811 4248 2024 4310 captos,
2059 4252 2115 4294 et

538 4341 826 4413 splendide
874 4356 939 4395 ac
973 4337 1260 4409 magniﬁce
1285 4353 1538 4393 reversus
1567 4345 1714 4392 esset
1759 4337 2114 4410 Babylonem,

538 4451 625 4491 sui
657 4434 869 4505 imperii
899 4434 1109 4498 sedem,
1144 4432 1523 4486 nobilissimos
1550 4446 1755 4500 pueros
1800 4430 2115 4485 Judaeorum

536 4528 760 4597 delegit,
780 4537 836 4581 et
859 4525 964 4581 sibi
988 4526 1055 4579 ad
1082 4540 1243 4579 suum
1278 4525 1531 4578 attribuit
1555 4524 1948 4579 ministerium.
1969 4524 2118 4579 Inter

538 4632 678 4686 quos
706 4614 1059 4671 erant‘etiam
1086 4621 1329 4683 quatuor
1352 4627 1421 4666 ex
1454 4611 1544 4672 iis,
1577 4611 1670 4680 qui
1696 4627 1725 4665 a
1752 4627 1879 4681 rege
1911 4612 2115 4666 Davide

536 4709 817 4764 ducebant
868 4707 1181 4775 originem:
1242 4705 1460 4775 pulchri
1515 4704 1737 4773 quidem
1774 4705 1960 4773 specie
1990 4720 2113 4758 cor-

536 4800 709 4869 poris,
762 4798 979 4869 pulchri
1013 4806 1198 4851 autem
1234 4797 1419 4864 specie
1463 4811 1683 4865 quoque
1711 4797 1929 4859 animae,
1959 4796 2113 4865 inge-

536 4908 819 4962 nuumque
836 4902 890 4947 et
912 4892 1196 4945 liberalem
1220 4899 1501 4960 aspectum
1526 4890 1755 4960 pulchre
1776 4906 1841 4945 ex
1866 4891 2113 4960 utrisque

536 4984 894 5041 ostendentes
930 5002 941 5036 :
973 4983 1067 5051 qui
1115 4983 1279 5038 etiam
1338 4982 1403 5035 ad
1466 4981 1755 5035 Ezccliiam
1793 4992 1850 5037 et
1907 4983 2111 5037 Josiam

532 5077 1045 5147 virosjustissimos
1094 5090 1270 5145 genus
1294 5075 1541 5143 proxime
1589 5074 1924 5129 referebant.
1974 5072 2111 5129 Cum

534 5172 659 5225 illos
706 5185 837 5239 ergo
897 5169 1217 5232 excidisset,
1256 5179 1311 5223 et
1364 5168 1699 5237 providisset
1728 5176 1786 5220 ut
1816 5182 1879 5220 ex
1917 5183 2105 5222 mensa

534 5266 684 5336 regia
713 5265 1012 5325 alerentur,
1063 5262 1233 5315 tradit
1284 5262 1611 5332 paedagogis,
1670 5272 1727 5316 ut
1785 5264 1839 5315 in
1883 5272 2109 5316 externa

2224 4150 2322 4219 τὴν
2365 4148 2719 4220 Ἰερουσαλὴμ
2748 4150 2970 4220 πολέμῳ
3009 4154 3521 4222 κατακτησάμενος,
3541 4154 3696 4210 λείαν
3740 4174 3809 4211 τε

2224 4238 2428 4308 πολλὴν
2453 4239 2666 4293 ἐκεῖθεν
2693 4240 2893 4305 ἐλάσας
2924 4242 3018 4295 καὶ
3034 4241 3373 4307 δορυαλώτος
3401 4243 3476 4307 ὡς
3507 4244 3809 4311 πλείστους

2222 4332 2428 4399 λαὸὼν,
2465 4333 2735 4404 λαμπρῶς
2765 4350 2822 4386 τε
2847 4336 2927 4398 εἰς
2950 4334 3250 4388 Βαϐυλῶνα
3277 4335 3439 4389 πάλιν
3470 4335 3568 4407 τὴν
3591 4337 3810 4393 οἰκείαν

2221 4426 2395 4494 ἀρχὴν
2420 4426 2745 4489 ἀναζεύξας,
2774 4427 2899 4488 τοὺς
2930 4422 3349 4494 εὐγενεστάτους
3379 4430 3487 4482 τῶν
3524 4430 3809 4486 Ἰουδαίων

2222 4496 2426 4578 παῖδας
2479 4516 2907 4589 ἀπολεξάμενος,
2965 4518 3044 4581 είς
3113 4519 3423 4587 ὑπουργίαν
3489 4521 3808 4591 ἀπένειμεν

2222 4608 2421 4678 ἑαυτῷ,
2454 4611 2509 4663 ὲν
2549 4603 2629 4672 οἷς
2656 4610 2750 4663 καὶ
2778 4610 3043 4681 τέσσαρες
3087 4607 3230 4681 ἦσαν
3270 4612 3380 4665 τῶν
3406 4610 3501 4665 τοῦ
3529 4612 3810 4684 βασιλέως

2220 4703 2381 4756 Δαυῒδ
2420 4704 2725 4771 ἀπογόνων,
2759 4706 2917 4759 καλοὶ
2946 4706 3047 4777 μὲν
3071 4706 3170 4775 τὴν
3203 4704 3299 4758 τοῦ
3333 4706 3586 4771 σώματος
3622 4706 3803 4779 ὥραν,

2220 4799 2375 4852 καλοὶ
2410 4798 2465 4850 δὲ
2493 4800 2586 4851 καὶ
2610 4798 2710 4868 τὴν
2752 4802 2849 4868 τῆς
2867 4800 3072 4869 ψυχῆς,
3106 4802 3198 4850 καί
3221 4798 3356 4851 πολὺ
3390 4800 3452 4851 τὸ
3480 4800 3702 4865 εὐγενὲς
3738 4801 3806 4864 ἐξ

2218 4892 2544 4962 ἀμφοτέρων
2590 4890 3051 4962 ἐπιδεικνύμενοι,
3076 4892 3125 4945 οἳ
3160 4891 3255 4944 καὶ
3288 4891 3370 4956 είς
3415 4890 3665 4956 Ἑζεκίαν
3700 4894 3806 4946 καὶ

2231 4983 2442 5037 Ἰωσίαν
2485 4985 2612 5047 τοὺς
2650 4984 3025 5047 δικαιοτάτους
3073 4984 3357 5055 προσεχῶς
3403 4985 3466 5037 τὸ
3497 4984 3653 5051 γένος
3702 4986 3803 5037 ἀν-

2218 5077 2412 5145 έφερον
2434 5091 2448 5105 ⁸
2477 5075 2702 5137 τούτους
2736 5070 2829 5129 οὖν
2860 5078 3067 5139 ἐκεῖνος
3116 5074 3381 5146 ἐκτομίας
3424 5078 3655 5146 ποιήσας
3699 5080 3805 5130 καὶ⁵

2218 5167 2569 5238 χορηγεῖσθαι
2608 5167 2791 5230 αὐτοῖς
2837 5172 2971 5237 τάγε
3008 5168 3144 5239 πρὸς
3184 5169 3391 5240 τροφὴν
3421 5170 3530 5224 ἀπὸ
3562 5168 3665 5237 τῆς
3700 5168 3807 5239 βα-

2218 5262 2430 5331 σιλικῆς
2464 5261 2750 5331 τραπέζης
2791 5263 3178 5331 οἰκονομήσας,
3210 5263 3581 5331 παιδαγωγοῖς
3616 5278 3808 5331 παρα-

534 5357 801 5427 sapientia
824 5363 879 5406 et
903 5354 1018 5423 ipsa
1040 5354 1421 5407 Chaldaeorum
1447 5354 1699 5407 doctrina
1727 5354 1953 5424 pulchre
1980 5369 2108 5407 eru-
2138 5354 2153 5407 t

2221 5353 2453 5417 δίδωσιν,
2491 5354 2565 5418 ὡς
2603 5356 2670 5407 ἂν
2722 5356 2821 5423 τήν
2865 5372 2924 5407 τε
2978 5354 3214 5424 (θύραθεν
3268 5356 3460 5425 σοφίαν
3507 5357 3599 5408 καὶ
3654 5356 3806 5411 αὐτὰ

535 5448 791 5503 direntur
817 5476 821 5482 -
848 5445 925 5499 Ex
959 5445 1047 5499 bis
1072 5460 1217 5499 unus
1247 5445 1471 5513 quidem
1532 5447 1833 5500 vocabatur
1865 5446 2055 5501 Daniel
2092 5464 2104 5499 :

533 5540 628 5609 qui
690 5538 868 5607 ipsum
923 5550 1056 5588 vero
1105 5536 1466 5606 sequebatur,
1499 5537 1787 5591 Ananias:
1821 5546 1877 5589 et
1907 5537 2108 5592 tertius

532 5628 778 5693 Azarias,
806 5638 860 5683 et
883 5627 1025 5684 alius
1058 5627 1261 5682 Misael.
1294 5629 1514 5684 Mutatis
1546 5639 1731 5687 autem
1761 5644 1956 5684 eorum
2004 5644 2104 5684 no-

532 5723 797 5786 minibus,
832 5721 1110 5777 Daniclem
1164 5723 1389 5793 quidem
1418 5734 1579 5780 vocat
1624 5724 1927 5791 Baltassar,
1958 5725 2106 5779 Aua-

533 5818 681 5875 niam
714 5814 963 5881 Sidrach,
995 5814 1247 5874 Azariam
1295 5832 1423 5873 vero
1463 5817 1690 5888 lllisach,
1726 5828 1779 5874 et
1828 5817 2107 5875 Misaelem

2221 5447 2422 5516 ἄριστα
2464 5446 2799 5501 παιδευθῶσι
2841 5448 2909 5501 τὰ
2953 5448 3062 5501 τῶν
3094 5448 3400 5503 Χαλδαίων.
3446 5447 3667 5501 Τούτων
3700 5450 3808 5516 μὲν

2220 5539 2415 5607 Δανιὴλ
2479 5538 2755 5592 ἐκαλεῖτο·
2803 5542 2829 5593 ὁ
2874 5540 2992 5610 μετ’
3036 5541 3196 5592 αὐτὸν
3232 5539 3278 5593 δ’
3322 5538 3591 5605 Ἁνανίας,
3638 5540 3810 5604 Ἀζα-

2218 5633 2337 5701 ρίας
2378 5649 2437 5685 τε
2486 5635 2513 5685 ὁ
2563 5634 2747 5702 τρίτος
2797 5635 2890 5686 καὶ
2942 5634 3187 5696 ὁλοιπὺς
3223 5632 3806 5703 Μισαήλοδιαμείψας

2217 5724 2274 5777 δὲ
2328 5724 2512 5801 αὐτοῖς
2566 5726 2634 5779 τὰ
2680 5726 2942 5796 ὀνόματα,
2981 5727 3073 5779 τὸν
3124 5727 3225 5797 μὲν
3262 5726 3461 5797 Δανιὴλ
3506 5725 3805 5794 Βαλτάσαρ

2221 5818 2399 5885 καλεῖ,
2444 5820 2651 5891 Σεὸρὰχ
2688 5821 2742 5875 δὲ
2787 5821 2876 5873 τὸν
2917 5820 3186 5891 Ἀνανίαν,
3234 5819 3323 5875 τὸν
3383 5816 3641 5896 Ἀζαρίαν
3692 5819 3804 5872 Μι-
