3966 6480
170 416 255 479 373
1182 414 1351 475 VlTA
1396 416 1458 475 S.
1504 413 1928 474 PRPOHETE
1968 415 2353 481 DANIELIS.

3294 421 3399 484 374

167 536 269 596 cex,
300 530 393 589 καὶ
440 528 756 599 ’Δδδεναγὼ
789 530 881 583 τὸν
915 528 1136 600 Μισαὴλ
1170 526 1463 596 ὀνομάζει*
1493 524 1585 589 οὓς
1620 527 1710 596 δή·

1828 526 2076 583 nominat
2124 529 2444 599 Abdenago.
2467 531 2616 598 Quos
2633 536 2856 606 quidem
2881 546 2937 593 et
2966 553 3056 593 rex
3084 536 3324 600 amabat,
3348 547 3405 592 et

168 642 249 675 πον
272 623 361 676 καὶ
389 622 569 691 ὲςρίλει
620 625 649 676 6
692 622 952 692 βασιλεὺς
1002 622 1096 675 καὶ
1137 620 1259 673 λίαν
1297 618 1529 691 εὐμενὲς
1580 620 1720 690 πρὸς

166 716 335 777 αὐτοὺς
353 713 577 779 ἔϐλεπε,
611 715 713 785 τῆς
749 714 1033 784 ἀγχινοίας
1064 713 1486 783 ἀποδεχόμενος,
1514 714 1608 766 καὶ
1628 712 1720 785 *ὅτι

170 809 229 875 μὴ
272 807 428 876 μόνον
480 807 701 876 εὐφυῶς
744 806 1011 861 διέκειντο
1075 809 1205 878 περὶ
1263 809 1335 860 τά
1393 805 1717 877 μαθήματα,

166 898 277 952 ἀλλὰ
301 901 393 952 καὶ
424 898 598 966 πολλή
627 915 715 962 τις
740 900 1054 969 ἑπέπρεπεν
1076 899 1261 962 αὐτοῖς
1291 898 1509 961 σύνεσίς
1541 914 1598 951 τε
1627 900 1721 952 καὶ

167 992 460 1059 κοσμιότης.
490 989 637 1043 Ἀλλ’
666 988 839 1053 οὕτως
861 979 962 1060 μὲν
1000 991 1140 1062 πρὸς
1170 991 1299 1055 τοὺς
1333 991 1531 1055 παῖδας
1559 991 1586 1044 ό
1619 989 1718 1051 βαο

166 1099 344 1146 citing.

224 1174 289 1231 B'.
315 1177 515 1246 Δανιὴλ
549 1175 605 1229 δὲ
646 1177 674 1228 6
711 1175 1018 1246 θαυμάσιος
1062 1175 1163 1228 οὐκ
1203 1173 1499 1241 ἐπαινέτης
1557 1174 1719 1249 μόνον

162 1269 242 1337 τῆς
270 1269 467 1338 ἀρετῆς
496 1264 585 1340 ἦν,
610 1268 750 1322 ἀλλὰ
796 1271 890 1321 καὶ
930 1268 1122 1338 μετῄει
1160 1266 1367 1336 ταύτην
1402 1268 1713 1338 ἐπιμελῶς·

164 1365 239 1413 καὶ
264 1361 349 1413 διὰ
378 1359 541 1413 τοῦτο
587 1359 1041 1429 σκληραγωγίαις
1077 1375 1137 1410 τε
1169 1358 1407 1424 ἐξεδίδου
1435 1359 1496 1412 τὸ
1529 1359 1712 1429 σῶμα,

162 1455 240 1506 καὶ
265 1452 367 1504 άπὸ
393 1451 497 1520 τῆς
530 1451 823 1522 βασιλικῆς
852 1450 1134 1520 τραπέζης
1174 1452 1492 1522 ἐδεσμάτων
1521 1453 1583 1506 οὐ
1616 1454 1717 1523 μόο

162 1561 234 1596 νον
263 1542 422 1607 αὐτὸς
459 1544 763 1615 παρῃτεῖτο
803 1541 1269 1613 μεταλαμὸάνειν,
1296 1542 1435 1596 ἀλλὰ
1477 1545 1575 1598 καὶ
1606 1547 1719 1609 τοῖς

160 1638 344 1707 ἑτέροις
390 1636 488 1689 καὶ
524 1636 840 1703 συγγενέσι,
879 1638 993 1699 τοῖς
1027 1636 1176 1706 τρισὶ
1206 1635 1351 1703 λέγω
1388 1636 1598 1703 παισὶν,
1626 1636 1719 1689 οὖ-

158 1749 221 1785 τω
248 1736 416 1785 ποιεῖν
461 1730 789 1803 παρηγγύα.
834 1731 1005 1798 Δόξαν
1044 1730 1145 1784 οὖν
1182 1731 1541 1802 ἀμφοτέροις,
1580 1732 1717 1787 καθ·

156 1823 259 1875 όὶου
289 1824 509 1878 πάντων
536 1821 649 1876 τῶν
679 1820 943 1891 ἐμψύχων
973 1821 1275 1890 ἀπέχεσθαι
1307 1823 1403 1876 καὶ
1436 1823 1717 1894 σπέρμασι

158 1917 318 1985 μόνοις
349 1918 447 1969 καὶ
479 1915 737 1984 λαχάνοις
771 1913 1058 1979 σιτεῖσθαι,
1085 1915 1479 1985 προσελθόντες
1519 1918 1718 1989 Ἀσχά-

158 2026 207 2078 νῃ
239 2009 311 2078 τῷ
342 2010 445 2078 τὴν
470 2006 795 2075 ἐπιμέλειαν
837 2007 1022 2061 αὐτῶν
1053 2010 1521 2084 ἐπιτετραμμένῳ
1550 2015 1712 2084 ἀρχι-

156 2103 389 2169 εσνοῠχῳ,
422 2100 497 2151 τὰ
544 2098 647 2169 μιν
676 2099 827 2172 παρὰ
846 2099 941 2153 τοῦ
974 2100 1243 2170 βασιλέως
1273 2104 1456 2167 αὐτοῖς
1488 2107 1715 2174 κομιζό-

154 2210 268 2261 μενα
292 2191 480 2263 ἠξίουν
509 2191 673 2245 αὐτὸν
698 2191 1048 2261 λαμϐάνοντα
1074 2193 1414 2260 ἀναλίσκειν,
1448 2198 1713 2267 παρέχειν

154 2288 196 2338 ἃ
222 2288 329 2341 άντ*
361 2287 547 2341 αὐτῶν
568 2286 772 2356 δσπριά
793 2302 853 2340 τε
877 2285 972 2340 καὶ
1005 2287 1253 2357 φοίνικας
1280 2290 1359 2350 είς
1391 2289 1712 2360 διατροφὴν,

154 2382 230 2434 καὶ
250 2382 300 2434 τε
318 2398 367 2434 τι
396 2382 512 2435 τῶν
553 2380 782 2452 ἀψύχων
812 2379 1002 2453 ἕτερον
1037 2382 1195 2436 αὐτοὶ⁸
1225 2381 1502 2452 βούλοιντο
1525 2398 1537 2411 ·
1575 2384 1713 2452 πρὸς

153 2474 242 2541 γὰρ
266 2473 360 2543 τὴν
397 2472 665 2542 τοιαύτην
702 2473 937 2539 δίαιταν.
972 2473 1181 2540 ἔλεγον,
1215 2474 1273 2540 ἐξ
1296 2477 1473 2546 ἀρχῆς
1500 2477 1715 2529 κεκονί-

153 2565 275 2627 σθαι,
305 2567 403 2636 τῆς
428 2566 486 2619 δὲ
510 2566 707 2634 ἑτέρας
738 2564 1125 2636 όλιγωρεῖν.⁹0
1159 2565 1215 2619 δὲ
1258 2562 1400 2619 εἶναι
1440 2568 1541 2637 μὲν
1575 2570 1715 2622 ἕτοι-

154 2676 235 2725 μος
260 2659 462 2725 ελεγεν,
494 2658 795 2727 ὑπηρετεῖν
825 2656 1008 2713 αὐτῶν
1033 2661 1096 2730 τῇ
1128 2658 1369 2730 θελήσει,
1404 2648 1712 2733 ὑφορᾶσθαι

150 2751 192 2803 δὲ
229 2752 298 2823 μὴ
339 2751 637 2823 κατάδηλοι
677 2753 756 2825 τῷ
796 2752 1010 2823 βασιλεῖ
1052 2754 1377 2824 γενηθέντες
1412 2754 1474 2809 ἐκ
1502 2773 1561 2809 τε
1612 2756 1713 2825 τῆς

150 2846 241 2899 τῶν
273 2848 545 2917 σωμάτων
586 2847 899 2917 ἰσχνότητος
957 2847 1052 2899 καὶ
1104 2847 1205 2915 τῆς
1247 2847 1558 2917 ὠχρότητος
1601 2848 1714 2902 τῶν

152 2942 475 3007 προσώπωνσ
521 2940 1001 3010 συμμεταϐάλλειν
1031 2939 1142 3012 γάρ
1174 2940 1361 3002 αὐτοῖς
1390 2940 1605 3011 ἀνάγκη
1643 2942 1711 2994 τΞι

152 3032 358 3100 σώματα
390 3036 489 3085 καὶ
520 3034 623 3095 τάς
653 3033 821 3103 χρόας
856 3032 974 3101 ἃμα
1002 3035 1068 3103 τῇ
1103 3030 1305 3102 διαίτῃ,
1336 3031 1431 3085 καλ⁵
1474 3032 1712 3103 μάλιστα

152 3124 241 3175 τῶν
296 3124 477 3178 ἄλλων
531 3123 743 3175 παίδων
795 3122 1201 3187 εὐπαθούντων,
1244 3126 1408 3189 αἴτιοι
1461 3127 1712 3180 κινδύνου

1824 622 2060 694 benigne
2084 624 2382 681 admodum
2417 644 2513 685 eos
2569 630 2896 700 aspiciebat,
2930 646 3123 688 eorum
3171 629 3406 685 laudans

1826 714 2067 770 indolem
2096 735 2109 771 :
2146 727 2204 772 et
2234 719 2381 787 quod
2419 736 2530 776 non
2589 722 2766 776 solum
2800 722 3051 777 valebant
3086 722 3305 796 ingenio
3336 722 3405 780 ad

1822 805 2162 877 disciplinas,
2197 810 2293 865 sed
2330 812 2412 867 eis
2440 828 2664 884 quoque
2726 830 2982 885 magnum
3015 812 3287 868 aderebat
3311 829 3406 866 or-

1824 910 2143 955 namentum
2206 898 2430 963 soiertia
2461 914 2518 961 et
2549 907 2838 962 modestia.
2893 906 2998 961 Sed
3033 906 3112 961 sic
3176 904 3405 976 quidem

1822 1004 1944 1047 erat
1969 1009 2061 1048 rex
2090 995 2320 1055 aﬂectus
2350 997 2404 1051 in
2434 1014 2655 1069 pueros.

1893 1173 1958 1228 ll.
1995 1174 2225 1229 Divinus
2260 1185 2443 1230 autem
2494 1176 2683 1231 Daniel
2724 1193 2831 1231 non
2893 1178 3068 1232 solum
3114 1188 3236 1233 erat
3284 1178 3403 1233 lau-

1822 1266 1981 1319 dator
2010 1268 2245 1329 virtutis,
2275 1268 2370 1322 sed
2407 1285 2528 1324 eam
2553 1271 2720 1324 etiam
2747 1272 3040 1340 diligenter
3087 1274 3402 1327 exercebat.

1821 1357 1887 1410 Et
1921 1358 2044 1412 ideo
2066 1359 2361 1428 asperitate
2384 1360 2507 1413 vita:
2534 1375 2735 1429 corpus
2754 1362 3047 1429 amigehat,
3072 1372 3126 1416 et
3149 1362 3402 1419 ciborum

1820 1462 2023 1504 mensae
2050 1450 2212 1520 regia:
2248 1465 2354 1504 non
2385 1452 2562 1505 solum
2600 1453 2891 1508 recusabat
2940 1469 3064 1508 esse
3102 1455 3401 1525 particeps,

1820 1542 1916 1596 sed
1973 1542 2097 1596 aliis
2145 1544 2311 1597 etiam
2373 1546 2642 1614 cognatis,
2682 1546 2879 1610 tribus,
2919 1546 3167 1617 inquam,
3215 1550 3403 1618 pueris

1822 1634 1904 1690 sic
1935 1634 2108 1690 suasit
2140 1644 2201 1687 ut
2250 1635 2517 1691 facerent.
2571 1636 2708 1691 Cum
2744 1640 2995 1707 utrisque
3030 1654 3161 1708 ergo
3224 1640 3404 1693 visum

1820 1736 1985 1790 esset,
2011 1727 2078 1781 ab
2097 1726 2356 1782 omnibus
2373 1727 2652 1783 abstinere
2677 1730 2959 1792 animatis,
2980 1741 3033 1785 et
3058 1731 3201 1785 vesci
3227 1731 3404 1786 solum

1820 1818 2130 1874 seminibus
2155 1829 2210 1874 et
2237 1820 2506 1885 oleribus,
2542 1822 2872 1878 accedentes
2925 1821 2994 1877 ad
3035 1823 3407 1879 Aschanetem

1826 1914 2324 1975 archieunuchum,
2358 1916 2445 1968 cui
2477 1924 2595 1968 erat
2631 1916 2924 1969 commissa
2959 1931 3153 1970 eorum
3210 1932 3341 1971 cura
3374 1933 3407 1971 α

1829 2020 1978 2075 rege,
2012 2021 2136 2059 eum
2174 2017 2458 2076 rogarunt.
2500 2015 2557 2059 ut
2587 2022 2710 2076 qua:
2759 2007 2828 2061 ab
2866 2007 2984 2077 ipso
3015 2023 3145 2079 rege
3202 2007 3268 2067 ad
3310 2024 3409 2064 eos

1828 2097 2177 2162 aﬂerrentur,
2224 2099 2339 2168 ipse
2394 2098 2671 2169 accipiens
2714 2110 3110 2154 consumeret:
3174 2117 3275 2170 pro
3326 2102 3410 2155 eis

1822 2199 2005 2243 autent
2032 2193 2298 2258 prteberet
2321 2191 2595 2257 legumina
2632 2202 2687 2246 et
2709 2188 2953 2261 dactylos
2974 2191 3043 2245 ad
3094 2192 3406 2245 nutrimen-

1826 2291 1965 2343 tum,
1999 2294 2053 2337 et
2082 2283 2124 2338 si
2176 2282 2308 2353 quid
2342 2282 2491 2337 aliud
2525 2284 2690 2339 vellet
2747 2300 2812 2339 ex
2870 2284 3145 2339 inanimis.
3189 2285 3247 2338 ln
3302 2285 3405 2338 hac

1823 2375 1971 2429 enim
2027 2375 2151 2430 vita:
2192 2377 2405 2431 ratione
2461 2377 2719 2434 dicebant
2755 2393 2815 2431 se
2872 2392 2995 2431 esse
3041 2377 3305 2431 educatos
3334 2376 3407 2431 ab

1825 2468 2006 2532 initio,
2061 2469 2223 2522 aliain
2260 2484 2388 2523 vero
2426 2470 2730 2539 despicere.
2765 2469 2859 2523 Ille
2886 2481 3068 2524 autem
3096 2470 3319 2523 dicebat
3347 2483 3407 2524 se

1819 2578 1942 2618 esse
1981 2562 2206 2632 quidem
2240 2573 2489 2633 paratum
2525 2564 2794 2619 inservire
2830 2560 3024 2619 eorum
3086 2564 3356 2618 voluntati
3386 2580 3403 2621 :

1825 2655 1921 2708 sed
1953 2655 2167 2719 timere,
2189 2672 2259 2709 ne
2296 2656 2347 2709 id
2379 2671 2474 2710 rex
2507 2656 2831 2710 rescisceret
2872 2672 2936 2714 ex
2971 2670 3263 2725 corporum
3283 2671 3407 2725 gra-

1827 2746 2037 2801 eilitate
2102 2755 2158 2801 et
2221 2747 2408 2801 vultus
2455 2748 2681 2817 pallore.
2714 2748 2949 2810 Necesse
2981 2748 3130 2801 enim
3172 2762 3313 2810 esse,
3345 2756 3407 2802 ut

1827 2839 1909 2894 eis
1938 2840 2102 2895 simul
2134 2848 2416 2895 mutentur
2450 2855 2682 2910 corpora
2718 2850 2773 2895 et
2798 2840 3014 2894 colores
3047 2855 3170 2894 cum
3194 2840 3409 2895 ratione

1827 2934 2044 2987 vietus:
2074 2943 2130 2987 et
2182 2933 2437 2995 maxime,
2482 2949 2550 2988 ne
2588 2948 2711 2987 cum
2745 2933 2836 2988 alii
2888 2932 3043 3003 pueri
3104 2934 3216 2988 sint
3247 2932 3405 2987 bonae

1829 3022 2193 3089 habitudinis,
2241 3025 2344 3093 ipsi
2379 3024 2488 3078 sint
2511 3026 2743 3079 eicausa
2779 3025 3005 3093 periculi
3040 3034 3096 3079 et
3119 3024 3403 3094 supplicii.

1825 3114 1962 3171 Cum
2001 3116 2184 3185 itaque
2221 3116 2478 3171 cautione
2515 3115 2618 3170 hac
2650 3115 2702 3169 in
2738 3132 2793 3169 re
2827 3124 3077 3171 uteretur
3101 3118 3404 3182 Asclianes,

151 3212 230 3260 καὶ
259 3212 535 3279 τιμωρίας
564 3209 714 3280 αὑτῷ
757 3210 1124 3271 καταστῶσιν.
1153 3213 1389 3282 Ἐχοντα
1435 3210 1530 3266 οὖν
1579 3216 1719 3286 πρὸς

1826 3209 1874 3263 ei
1906 3209 2241 3278 persuadent
2273 3209 2426 3277 pueri
2458 3210 2532 3262 illi
2573 3209 2801 3278 egregii,
2834 3218 2891 3262 ut
2931 3209 3121 3263 decem
3152 3210 3266 3264 dies
3293 3211 3409 3265 hac

150 3298 285 3352 τοῦτο
315 3300 569 3365 εὐλαϐῶς
601 3301 692 3354 τὸν
737 3300 1029 3373 Ἀσχάνην,
1068 3299 1354 3357 πείθουσιν
1395 3306 1444 3358 oi
1477 3310 1719 3374 γενναῖοι

150 3396 225 3445 ἐπὶ
268 3394 397 3447 δέκα
436 3394 662 3465 ἡμέρας
707 3394 881 3448 ταῦτα
929 3398 1234 3467 παρασχεῖν
1284 3398 1470 3464 αὐτοῖς
1519 3400 1721 3471 πείρας

151 3488 311 3551 ἕνεκα,
363 3490 463 3541 καὶ
518 3486 597 3554 μὴ
644 3486 1066 3558 μεταδαλούσης
1114 3490 1213 3559 μὲν
1254 3491 1439 3554 αὐτοῖς
1483 3492 1581 3560 τῆς
1609 3493 1721 3547 τῶν

152 3582 401 3647 σωμάτων
432 3579 631 3643 ἕξεως,
669 3578 766 3631 ἐὰν
796 3584 911 3644 τοῖς
941 3583 1128 3647 αὐτοῖς
1152 3583 1436 3654 ἐπιμένειν
1461 3583 1536 3646 ὼς
1566 3583 1722 3638 οὐδὲν

151 3672 213 3721 ἑτι
241 3670 691 3740 βλαϐησομένους
716 3688 729 3702 ο
780 3672 831 3724 εἰ
871 3673 928 3725 δὲ
966 3676 1306 3744 μειωθέντας
1356 3678 1454 3730 ἴδοι
1485 3678 1581 3731 καὶ
1612 3678 1722 3733 τῶν

151 3763 305 3817 ἄλλων
339 3766 701 3835 άειδέστερον
742 3763 987 3835 ἔχοντας,
1024 3765 1119 3820 ἐπὶ
1162 3766 1264 3837 τὴν
1309 3750 1585 3839 προτέραν
1624 3771 1723 3822 αὖ-

148 3860 254 3920 τοὺς
280 3858 436 3928 άγειν
467 3860 691 3913 δίαιταν
721 3861 816 3912 καὶ
852 3858 996 3912 κατὰ
1023 3859 1093 3914 τὰ
1125 3859 1472 3931 κελευσμένα
1519 3865 1714 3915 ποιεῖν.

157 3951 230 4013 Ὠς
254 3952 309 4006 δὲ
343 3954 407 4005 οὗ
459 3954 633 4022 μόνον
687 3951 841 4004 οὐδὲν
883 3952 1084 4015 αὐτοὺς
1128 3951 1322 4006 ἐλύπει
1375 3953 1473 4025 τὴν
1513 3955 1721 4025 τροφὴν

152 4045 347 4113 ἱκεένην
378 4044 875 4113 προσφερομένης,
898 4044 1034 4096 ἀλλά
1057 4044 1152 4097 καὶ
1182 4044 1295 4096 τῶν
1308 4040 1495 4099 ’ἄλλων
1526 4048 1722 4115 εύτρα-

148 4131 375 4200 φέστεροι
409 4131 483 4185 τά
530 4131 768 4199 σώματα
813 4131 910 4183 καὶ
948 4131 1106 4187 καλοὶ
1150 4133 1250 4204 τὴν
1287 4132 1412 4204 ὄψιν
1451 4135 1720 4212 ἐγίνοντο,

152 4218 226 4286 Ὠς
249 4226 368 4289 τοὺς
398 4226 654 4295 δρῶντας
678 4223 806 4287 τοὺς
841 4224 942 4296 μιν
971 4225 1100 4297 περὶ
1120 4226 1211 4279 τὸν
1236 4228 1436 4299 Δανιὴλ
1467 4229 1642 4283 δοκεῖν
1668 4232 1727 4284 ὲν

150 4316 358 4389 ἀφθονία
390 4321 492 4372 καὶ
532 4320 721 4388 τρυφῇ
751 4320 815 4388 τῇ
844 4318 995 4389 πάσῃ
1034 4317 1206 4387 βιοῦν,
1232 4318 1363 4382 τοὺς
1405 4322 1628 4389 ἑτέρους
1664 4322 1721 4375 δὲ

153 4406 238 4459 τῶν
256 4410 465 4463 παίδων
492 4408 743 4461 ενδεέστε
752 4424 844 4477 ρον
867 4406 1137 4461 σιτεῖσθαι
1165 4408 1262 4461 καὶ
1279 4406 1354 4478 μὴ
1372 4409 1509 4462 κατὰ
1534 4409 1724 4479 χρείαν

149 4500 424 4556 ἀπολαύειν
458 4500 583 4555 τῶν
614 4498 936 4569 διδομένων.

1794 3350 1797 3351 ν
1824 3300 1935 3353 illis
1959 3300 2563 3368 prmberetexperiendi
2588 3316 2753 3354 causa
2785 3301 2934 3355 :ctsi
2960 3316 3069 3354 non
3101 3312 3409 3355 mutaretur

1825 3393 2047 3465 quidem
2080 3391 2162 3447 eis
2200 3407 2495 3463 corporum
2541 3392 2778 3455 habitus,
2814 3396 3019 3449 sineret
3055 3395 3109 3448 in
3145 3396 3226 3449 cis
3276 3411 3405 3463 pcr-

1826 3503 2101 3545 severare.
2134 3486 2228 3541 Sin
2280 3496 2464 3541 autem
2495 3486 2696 3541 viderit
2726 3486 3055 3553 diminutas,
3109 3499 3165 3542 et
3193 3488 3315 3543 aliis
3348 3503 3407 3542 se

1826 3581 2096 3637 habentes
2124 3581 2388 3644 deterius,
2426 3595 2522 3635 eos
2558 3578 2624 3634 ad
2663 3578 2903 3649 priorem
2943 3580 3122 3635 victus
3175 3579 3407 3634 reducat.

1826 3673 2117 3735 rationem,
2144 3684 2199 3727 et
2232 3674 2393 3727 faciat
2422 3682 2481 3725 ut
2503 3672 2607 3724 fuit
2638 3672 2688 3724 ei
2725 3672 3071 3739 imperatum.
3097 3671 3234 3724 Cum
3276 3686 3409 3726 vero

1824 3779 1892 3819 eo
1934 3762 2201 3816 alimento
2250 3770 2471 3817 utentes
2537 3760 2673 3816 nihil
2738 3760 3175 3826 otl‘endercntur,
3216 3760 3310 3815 sed
3352 3771 3409 3815 et

1825 3871 2058 3924 corpora
2101 3872 2291 3911 eorum
2326 3854 2574 3909 melioris
2614 3864 2801 3907 essent
2835 3853 3201 3914 habitudinis,
3240 3869 3405 3922 quam

1826 3948 2082 4012 aliorum,
2128 3959 2183 4002 et
2238 3961 2462 4016 aspectu
2502 3947 2842 4017 pulchriora,
2882 3946 3022 4001 adeo
3071 3956 3131 4001 ut
3188 3949 3411 4017 quieos

1826 4042 2108 4106 videbant,
2151 4051 2408 4113 putarent
2444 4040 2724 4097 Danielem
2766 4041 2989 4111 quidem
3022 4052 3077 4095 et
3107 4051 3221 4095 tres
3270 4041 3411 4095 alios

1826 4138 2012 4192 vivere
2045 4138 2099 4191 in
2126 4136 2383 4191 omnibus
2413 4136 2648 4190 lautitiis
2680 4146 2738 4191 et
2766 4135 2982 4190 deliciis
3011 4152 3024 4189 :
3057 4134 3195 4189 alios
3219 4144 3404 4189 autem

1827 4244 2029 4298 pueros
2080 4230 2223 4281 vesci
2260 4231 2502 4296 parcius,
2537 4243 2637 4281 nec
2692 4228 2772 4281 eis
2804 4235 3101 4296 suppetere
3152 4243 3235 4290 ea,
3288 4242 3411 4297 qua

1826 4328 1956 4373 sunt
1988 4317 2056 4373 ad
2088 4332 2247 4373 usum
2273 4318 2605 4372 necessaria.

205 4593 271 4647 Γ.
308 4595 399 4663 Ἐξ
444 4595 674 4648 ἐκείνου
715 4594 853 4664 μετά
892 4593 1078 4658 ἀδείας
1118 4595 1146 4649 6
1183 4596 1455 4667 Ἃσχάνης
1486 4596 1588 4649 ὅσα
1625 4598 1719 4665 μὲν

1901 4593 1991 4648 Ill.
2045 4592 2119 4645 Ex
2159 4592 2250 4644 illo
2295 4598 2563 4660 tempore,
2592 4605 2716 4645 eum
2765 4589 3098 4648 reverentia.
3131 4589 3411 4645 Aschanes

150 4685 239 4740 ἀπὸ
272 4688 367 4741 τοῦ
394 4689 637 4741 δείπνου
659 4685 783 4739 καθ’
811 4688 1025 4757 ἡμέραν
1057 4686 1305 4755 συνήθως
1348 4688 1565 4756 ἔπεμπε
1594 4688 1723 4741 τοὺ-

146 4792 241 4840 τοις
280 4780 308 4830 6
338 4774 828 4847 βασιλεὺς.αὺτδς
866 4773 1195 4844 ἐλάμϐανεν,
1232 4775 1493 4845 ἐχορήγει
1537 4774 1593 4828 δὲ
1629 4775 1727 4828 αὖ·

148 4872 239 4934 τοῖς
262 4871 327 4924 τά
351 4867 754 4942 προειρημένα
772 4883 785 4897 ·
821 4868 868 4921 oi
888 4868 945 4922 δὲ
972 4868 1048 4932 ὡς
1077 4868 1172 4921 καὶ
1196 4868 1305 4921 τῶν
1330 4867 1519 4939 ψυχῶν
1544 4869 1727 4931 αὐτοῖς

149 4962 220 5013 διὰ
249 4965 403 5016 τοῦτο
455 4959 734 5029 καθαρῶν
773 4960 869 5012 καὶ
908 4961 1045 5030 πρὸς
1092 4962 1193 5029 τὴν
1237 4961 1345 5013 τῶν
1382 4961 1727 5031 μαθημάτων

150 5051 393 5125 ἀνάληψιν
420 5050 762 5121 ἐπιτηδείων
790 5051 854 5103 ἐκ
879 5049 1072 5105 τούτου
1104 5053 1509 5121 γεγενημένων,
1543 5054 1727 5104 πᾶσαν

150 5147 360 5217 ἑτοίμως
394 5140 688 5217 ἐξέμαθον
728 5146 829 5212 τὴν
870 5126 1145 5208 παιδείαν,
1182 5144 1305 5215 ἥτις
1356 5140 1425 5215 ἦν
1469 5144 1622 5214 παρά
1664 5160 1724 5197 τε

145 5229 241 5303 ’τοῖς
279 5240 569 5311 Ἑϐραίοις
620 5236 715 5289 καὶ
752 5237 865 5299 τοῖς
902 5236 1216 5301 Χαλδαίοις,
1258 5236 1492 5306 μάλιστα
1525 5236 1579 5289 δὲ
1620 5238 1725 5288 Δα-

152 5328 271 5396 νιὴλ,
299 5330 357 5389 ὃς
393 5328 599 5389 ἱκανὸς
625 5324 726 5396 ήδη
765 5323 896 5392 περὶ
917 5324 1016 5395 τὴν
1052 5323 1335 5377 παίδευσιν
1368 5322 1606 5391 γεγονὼς
1637 5324 1729 5375 καὶ

154 5426 260 5492 περὶ
276 5424 518 5494 κρίσεως
546 5420 783 5488 ὀνείρων
813 5418 1163 5483 ὶσπουδάκει,
1183 5417 1278 5471 καὶ
1303 5417 1363 5470 τὸ
1394 5416 1547 5469 Θεῖον
1579 5416 1727 5485 αύτῷ

157 5516 366 5586 φανερὸν
394 5516 628 5582 ἐγίνετο
647 5527 661 5543 ’
686 5513 777 5564 ὑπ’
809 5509 975 5564 αὐτοῦ
1008 5528 1069 5564 τε
1097 5510 1439 5581 τυπούμενος
1480 5511 1578 5578 τὴν
1607 5510 1728 5562 διεὶ-

156 5622 299 5667 νοιαν,
330 5607 510 5661 πολλά
547 5604 669 5658 τῶν
704 5602 1005 5673 μελλόντων
1049 5602 1297 5673 ἐναργῶς
1333 5602 1723 5673 προηγόρευεν.

157 5702 393 5773 Δεύτερον
424 5698 727 5771 παρῆλθεν
766 5698 884 5762 ἔτος
905 5698 1001 5768 τῆς
1031 5698 1141 5751 τῶν
1173 5697 1564 5770 Ἱεροσολύμων
1592 5699 1727 5754 6345-

159 5807 291 5859 σεως,
323 5797 417 5848 καί
451 5798 484 5854 ὁ
514 5792 786 5863 βασιλεὺς
817 5789 1289 5863 Ναῦονχοδονόσορ
1316 5790 1567 5860 ὅναρὸρᾷ
1600 5792 1730 5842 θαυ-

161 5886 355 5955 μαστδν,
382 5884 444 5945 οὗ
481 5888 591 5951 τὴν
621 5884 853 5935 ἕκεασιν
886 5901 950 5936 κα
967 5888 1022 5935 τὰ
1057 5883 1179 5947 τοὺς
1212 5882 1412 5946 ὕπνους
1442 5884 1598 5944 αὐτὸς
1628 5882 1729 5935 αύ-

1827 4700 2168 4755 (μιωοιιιιιιιιε
2202 4683 2426 4754 quidem
2451 4698 2481 4737 e
2514 4699 2610 4738 sua
2644 4699 2821 4747 coma,
2853 4693 2911 4736 ut
2940 4682 3169 4744 solebat,
3196 4683 3263 4735 ad
3281 4699 3409 4737 eum

1826 4776 2079 4833 mittebat
2099 4795 2191 4833 rex
2211 4779 2325 4848 ipse
2343 4776 2647 4848 accipiebat
2667 4795 2679 4831 :
2697 4793 2818 4843 quae
2837 4776 3091 4848 praedicta
3106 4786 3234 4830 sunt
3252 4793 3405 4840 vero,

1827 4870 1909 4926 eis
1930 4870 2341 4941 suppeditabat.
2368 4870 2445 4923 Illi
2468 4880 2674 4933 autem,
2718 4879 2907 4939 utpote
2929 4869 3075 4939 quod
3099 4870 3179 4923 eis
3212 4870 3410 4923 animm

1828 4974 2118 5034 propterea
2141 4971 2435 5017 evaserant
2455 4962 2675 5017 mundae
2698 4974 2754 5017 et
2782 4971 2920 5032 aptae
2935 4962 3000 5015 ad
3026 4962 3410 5031 suscipiendas

1829 5055 2172 5125 disciplinas,
2203 5071 2423 5109 omnem
2473 5056 2584 5109 cito
2636 5054 2881 5108 didicere
2936 5053 3267 5117 doctrinam,
3298 5063 3407 5105 tam

1831 5166 1952 5219 qua:
2012 5159 2133 5202 erat
2178 5148 2322 5217 apud
2376 5147 2655 5210 Hebraos,
2712 5161 2875 5216 quam
2916 5162 3037 5215 qua:
3072 5146 3215 5214 apud
3248 5145 3410 5199 Chal-

1830 5241 1975 5294 daeos
2014 5256 2027 5292 :
2073 5240 2305 5292 maxime
2344 5254 2476 5293 vero
2517 5237 2733 5299 Daniel,
2787 5237 2878 5304 qui
2930 5251 3052 5289 cum
3088 5237 3202 5305 jam
3262 5244 3411 5288 esset

1831 5336 1965 5385 satis
2016 5330 2267 5386 doctrina
2310 5339 2623 5400 provectus,
2655 5328 2897 5383 studium
2948 5342 3167 5395 quoque
3202 5342 3409 5396 posue-

1833 5435 1916 5477 rat
1966 5424 2018 5477 in
2070 5423 2282 5494 judicio
2316 5422 2657 5477 somniorum
2690 5420 2893 5488 :eique
2932 5418 3075 5473 Deus
3114 5419 3407 5473 manifeste

1830 5516 2167 5585 apparebat:
2204 5531 2233 5568 a
2268 5529 2377 5583 quo
2402 5528 2525 5567 eum
2561 5514 2680 5583 ejus
2710 5526 2866 5565 mens
2903 5510 3315 5574 informaretur,
3340 5526 3409 5564 ex

1833 5608 2033 5661 futuris
2059 5608 2228 5660 multa
2268 5606 2555 5659 evidenter
2596 5602 2870 5673 praedixit.
2907 5601 3195 5659 Secundus
3230 5616 3411 5656 annus

1834 5702 2193 5770 praeterierat,
2231 5715 2296 5752 ex
2341 5713 2449 5766 quo
2504 5705 2661 5764 (apta
2726 5697 2945 5749 fuerant
3004 5694 3406 5763 Hierosolyma,

1833 5802 1885 5843 et
1915 5808 2002 5844 rex
2043 5780 2550 5843 Nabuchodonosor
2572 5798 2845 5839 somnium
2879 5788 3025 5839 videt
3062 5780 3404 5837 admirabile.

1835 5882 1992 5951 cujus
2023 5891 2279 5937 etentum
2309 5876 2589 5933 insomnis
2634 5876 2747 5945 ipse
2784 5875 2927 5932 Deus
2968 5877 3016 5931 ei
3048 5873 3409 5944 signiﬁcavit,
