3972 6446
571 372 674 433 375

1872 372 2159 431 MENSlS
2200 369 2499 435 IULIUS.

3720 360 3826 425 316

572 484 665 538 ille
691 494 872 535 autem
895 498 1015 535 curn
1038 484 1365 537 sun-exiSSet
1392 500 1421 538 e
1443 485 1637 548 cubili,
1663 496 1717 538 et
1744 484 1918 553 ipsius
1942 484 2140 537 somnii

2262 481 2324 551 τῷ
2362 482 2633 550 ἐδήλωσεν
2664 484 2692 533 ό
2724 481 2892 543 Θεός·
2931 483 2959 533 6
3012 480 3069 534 δὲ
3120 480 3217 546 τῆς
3272 478 3458 545 κοίτης
3502 473 3825 532 διαναστὰς.

573 582 658 629 est
691 576 913 639 oblitus,
940 586 995 629 et
1032 575 1197 639 illius,
1230 592 1392 645 quam
1430 592 1460 629 a
1516 579 1624 631 Deo
1681 576 1897 641 habuit,
1946 577 2138 645 conje-

574 678 763 723 cturae.
798 666 1069 721 Chaldaeis
1102 684 1234 738 ergo
1269 670 1520 735 protinus
1561 671 1864 732 accersitis,
1905 678 2011 723 tam
2044 670 2139 739 qui

570 767 730 811 erant
767 758 911 811 inter
950 772 1137 826 magos
1169 760 1376 821 eximii,
1412 775 1576 827 quam
1605 759 1700 826 qui
1737 759 1898 827 periti
1922 758 2141 812 divina-

573 846 761 909 tionis,
792 846 933 899 dixit
967 848 1049 899 eis
1077 862 1134 900 se
1167 848 1366 902 vidisse
1388 850 1689 909 somnium,
1717 857 1773 902 et
1806 848 1937 917 quid
1968 848 2144 919 signi-

574 937 822 989 lieaverit
853 954 864 988 :
888 950 1053 1003 porro
1078 937 1373 1002 accidisse,
1400 946 1458 990 ut
1479 953 1669 992 eorum
1693 940 2140 1003 oblivisceretur,

572 1040 694 1093 qua:
732 1026 945 1081 viderat
978 1046 990 1082 :
1025 1028 1443 1097 etjnbebateos
1473 1031 1655 1084 dicere
1679 1032 1955 1099 quodnam
1999 1040 2145 1086 esset

572 1118 870 1179 sonmium,
907 1128 962 1172 et
1022 1135 1269 1188 quaenam
1302 1131 1449 1175 esset
1484 1122 1828 1190 signiﬁcatio.
1878 1123 1990 1178 Illis
2015 1136 2145 1176 vero

573 1200 886 1260 dicentibus
922 1207 1036 1262 ﬁeri
1088 1225 1197 1262 non
1236 1226 1395 1278 posse
1442 1211 1510 1265 ab
1560 1212 1898 1277 horninibus,
1930 1225 1988 1266 nt
2038 1214 2142 1267 nisi

574 1296 689 1365 ipse
743 1302 1089 1368 exposuisset
1159 1303 1451 1366 visionem,
1484 1307 1858 1374 conjecturam
1891 1308 2146 1360 enuntia-

574 1399 745 1444 rent:
780 1393 898 1461 ipse
941 1404 1177 1449 mortem
1222 1397 1465 1449 minatus
1516 1406 1599 1452 est
1643 1399 2005 1468 sapientibus,
2039 1399 2151 1454 nisi

573 1480 624 1533 ei
653 1490 708 1535 et
744 1484 1008 1537 visionem
1048 1498 1368 1542 revocarent
1403 1488 1454 1542 in
1496 1490 1837 1555 memoriam,
1877 1501 1933 1545 et
1959 1493 2148 1562 conje-

575 1583 787 1627 cturam
842 1576 1004 1630 simul
1052 1581 1424 1634 enuntiarent.
1482 1582 1550 1635 Et
1599 1584 1783 1636 statim
1834 1586 2000 1653 jussit
2052 1599 2149 1639 eos

576 1679 766 1719 omnes
797 1667 1065 1735 interimi,
1093 1687 1216 1725 cum
1282 1674 1735 1742 pronuntiassent
1769 1691 1827 1731 se
1861 1692 1968 1732 non
1990 1693 2149 1747 posse

577 1755 754 1812 facere
781 1760 857 1821 id,
886 1764 1033 1831 quod
1063 1765 1198 1833 jussi
1226 1767 1461 1820 fuerant.

2244 571 2410 624 αὑτοῦ
2449 589 2505 624 τε
2534 571 2628 624 τοῦ
2656 573 2937 640 ὀνείρατος
2966 570 3136 642 λήθην
3173 570 3296 638 ἔσχε
3321 571 3416 621 καὶ
3450 564 3515 639 ἧς
3544 567 3707 634 ἔτυχε
3732 564 3829 629 δή·

2245 679 2348 715 που
2372 663 2522 733 παρὰ
2550 663 2686 716 Θεοῦ
2716 666 2811 733 τῆς
2842 664 3155 732 συγκρίσεω
3191 701 3205 716 .
3230 660 3369 722 Τοὺς
3396 657 3490 711 οὖν
3520 655 3831 715 Χαλδαίους

2244 757 2445 813 αὐτίκα
2472 772 2605 825 μετα
2617 754 2996 824 μεμψάμενος,
3029 754 3143 806 ὅσοι
3167 769 3224 804 τε
3252 750 3361 804 τῶν
3391 750 3585 817 μάγων
3613 746 3831 813 ἐξαίρε-

2245 866 2326 903 τοι
2373 849 2464 901 καὶ
2494 848 2609 901 ὅσοι
2637 846 2736 916 τὴν
2772 846 3039 915 μαντικὴν
3070 844 3345 913 ἔμπειροι,
3377 841 3454 899 ὡς
3483 840 3569 907 είη
3603 853 3662 889 τε
3690 837 3831 902 δναρ

2247 940 2511 1011 ἑωρακὼς
2543 940 2727 1001 αὐτοῖς
2758 938 2942 1005 ἔλεγεν
2969 928 3152 989 καὶτὸ
3180 932 3526 1005 συμϐεϐηκὸς
3560 929 3694 997 περὶ
3726 930 3830 995 τὴν

2246 1034 2419 1103 λήθην
2449 1031 2523 1093 ὡς
2555 1027 2695 1082 εἶδεν
2727 1027 3102 1097 ἀπήγγελλεν*
3150 1024 3365 1077 ἐκέλευέ
3410 1038 3468 1075 τε
3508 1021 3688 1087 λέγειν
3735 1017 3837 1069 αὖ-

2247 1131 2393 1192 τοὺς,
2433 1128 2460 1181 ὅ
2481 1144 2534 1182 τι
2565 1146 2624 1181 τε
2654 1124 2722 1199 ἦν
2751 1129 2813 1180 τὸ
2840 1128 2973 1195 ὄναρ
3002 1125 3097 1179 καὶ
3119 1124 3201 1186 τίς
3237 1124 3271 1191 ἠ
3316 1121 3547 1191 δήλωσις
3573 1133 3589 1149 ·
3621 1116 3733 1169 τῶν
3776 1116 3837 1167 δὲ

2248 1222 2511 1275 ἀδύνατον
2553 1218 2696 1275 εἶναι
2745 1222 3015 1289 λεγόντων
3046 1216 3376 1286 ἀνθρώποις,
3420 1214 3467 1266 εί
3516 1211 3591 1282 μὴ
3620 1210 3691 1264 τά
3727 1209 3839 1278 τῆς

2248 1316 2493 1385 ὁράσεως
2516 1315 2700 1376 αὐτοῖς
2714 1313 2947 1375 ἐκθοιτο,
2976 1311 3077 1381 τὴν
3106 1310 3399 1377 σύγκρισιν
3427 1304 3801 1371 ἀπαγγέλλειν
3822 1318 3836 1330 ·

2251 1406 2413 1466 αὐτὸς
2440 1404 2669 1459 θάνατον
2695 1403 2911 1473 ἠπείλει
2934 1403 3045 1465 τοῖς
3076 1400 3203 1469 περὶ
3230 1398 3404 1453 ταῦτα
3434 1398 3635 1463 σοφοῖς,
3672 1396 3722 1447 εί
3758 1395 3840 1463 μὴ

2253 1498 2349 1550 καὶ
2373 1496 2470 1566 τὴν
2491 1495 2800 1565 ἀνάμνησιν
2833 1493 2982 1563 αύτῷ
3011 1491 3104 1545 τοῦ
3127 1492 3409 1561 δράματος
3439 1487 3537 1541 καὶ
3567 1488 3665 1557 τὴν
3699 1487 3837 1553 σύγ-

2252 1605 2432 1658 κρισιν
2448 1585 2583 1656 ὁμοῦ
2607 1586 2981 1655 διαγγείλωσι,
3019 1585 3115 1636 καὶ
3140 1582 3303 1645 εὐθὺς
3334 1580 3669 1650 προσέταττε
3695 1580 3843 1633 πάν-

2252 1696 2352 1741 τας
2374 1677 2573 1741 αὐτοὺς
2595 1677 2949 1748 ἀναιρεθῆναι
2977 1673 3113 1746 πρὸς
3147 1673 3207 1726 τὸ
3232 1672 3523 1725 κελευσθὲν
3552 1671 3841 1732 ἀδυνάτως

2254 1771 2342 1841 ἔχε
2355 1788 2403 1824 ιν
2434 1769 2951 1841 ἀπαγορεύσαντας.

646 1849 734 1903 IV.
767 1850 903 1906 Cum
940 1855 1044 1910 hoc
1076 1857 1435 1913 intellexisset
1469 1861 1676 1925 Daniel,
1706 1862 1936 1931 jnssisse
1963 1877 2144 1933 regem

2285 1837 2399 1919 "A'.
2434 1837 2606 1916 Τοῦτο
2624 1837 2820 1933 *μαθὼν
2842 1861 3068 1930 Δανιὴλ,
3098 1858 3181 1912 ὅτι
3213 1855 3537 1929 προστάξειε
3569 1854 3779 1915 πάντας
3808 1853 3842 1905 6

577 1956 771 1996 ninnes
803 1946 981 2000 occidi
1006 1950 1307 2017 sapientes,
1335 1952 1477 2005 inter
1510 1953 1611 2007 hos
1637 1966 1818 2009 autem
1848 1970 1905 2008 se
1929 1971 2148 2024 quoque

577 2048 701 2085 eum
722 2038 970 2104 cognatis
994 2040 1250 2093 venirein
1272 2044 1596 2109 periculum,
1623 2047 1837 2099 accedit
1858 2048 1923 2099 ad
1952 2048 2147 2101 Ariocb

582 2140 752 2179 unum
781 2142 847 2181 ex
904 2130 1047 2199 regis
1080 2132 1429 2199 satellitibus,
1482 2146 1538 2189 et
1591 2146 1765 2207 rogat,
1813 2140 1948 2191 utei
2004 2138 2152 2192 dicat

581 2230 824 2282 causam,
852 2228 1079 2289 prapter
1108 2239 1271 2291 quam
1306 2242 1398 2280 rex
1452 2238 1558 2281 tam
1594 2228 1841 2297 improbe
1894 2230 2152 2300 jussisset

578 2307 757 2361 occidi
793 2316 986 2365 omnes
1041 2315 1317 2381 sapientes
1365 2317 1648 2374 Chaldaeos
1680 2332 1735 2374 et
1772 2337 1978 2390 magos.
2012 2323 2150 2375 Cum

581 2412 712 2453 vero
748 2400 815 2453 de
850 2404 1064 2458 somnio
1100 2420 1164 2458 ex
1196 2420 1261 2460 eo
1303 2408 1687 2475 intellexisset,
1716 2420 1769 2464 et
1812 2412 1957 2480 quod
2012 2414 2151 2481 jussi

580 2505 609 2542 a
643 2506 769 2561 rege
795 2492 897 2547 hoc
920 2495 969 2548 ei
1002 2496 1303 2565 declarare,
1325 2502 1416 2569 qui
1443 2502 1621 2557 fuerat
1646 2504 1875 2573 oblitus,
1897 2505 2155 2561 dixerunt

582 2596 641 2636 se
693 2600 803 2638 non
838 2601 999 2655 posse
1034 2605 1049 2640 :
1081 2599 1137 2643 et
1180 2601 1469 2661 pr0pterea
1520 2611 1612 2647 rex
1672 2596 1751 2649 ira
1810 2607 2026 2663 motus,
2056 2611 2153 2651 eos

583 2679 759 2725 morte
792 2672 1117 2729 damnavit:
1182 2679 1392 2745 rogavit
1430 2680 1647 2745 Ariocb,
1686 2692 1745 2736 ut
1796 2683 2028 2737 intraret
2084 2682 2151 2736 ad

582 2776 789 2831 regem,
824 2774 879 2818 et
932 2776 1146 2834 peteret
1179 2771 1351 2839 magis
1407 2787 1568 2825 unam
1607 2785 1842 2837 noctem,
1872 2784 1929 2829 et
1983 2774 2036 2826 in
2089 2788 2154 2828 ea

584 2852 725 2907 lianc
777 2854 1029 2911 diﬁ'erret
1063 2858 1562 2930 interemptionem.
1633 2864 1861 2918 Dicebat
1912 2866 2059 2918 enim
2096 2880 2155 2920 se

582 2956 805 3013 sperare
854 2949 971 3002 fore
1001 2961 1060 3003 ut
1089 2966 1212 3004 cum
1241 2953 1295 3005 in
1319 2970 1381 3007 ea
1410 2956 1578 3009 Deum
1614 2967 1844 3021 orasset,
1875 2958 2153 3013 somnium

583 3048 961 3104 cognosceret.
988 3039 1054 3093 Et
1089 3041 1179 3096 ille
1200 3043 1421 3112 quidem
1454 3047 1569 3102 bzec
1593 3051 1703 3118 regi
1728 3067 1889 3120 quam
1916 3052 2152 3121 primum

586 3128 946 3185 renuntiavit.
1002 3132 1097 3187 ille
1143 3144 1326 3189 autem
1382 3139 1611 3207 cupiens
1674 3144 1840 3207 scire,
1898 3159 2149 3212 quamam

580 3228 728 3273 esset
759 3221 917 3285 visio,
950 3235 1004 3278 et
1028 3241 1277 3294 quanam
1313 3240 1459 3285 esset
1487 3233 1604 3301 ejus
1627 3232 1975 3303 signiﬁcatio,
1999 3236 2159 3307 jubet

582 3310 843 3366 sustineri
887 3328 1169 3383 magorum
1197 3318 1695 3393 interemptionem,
1741 3328 1917 3385 donec
1966 3332 2156 3396 sciret,

586 3402 849 3470 quidnam
878 3405 1125 3463 dicturus
1174 3424 1317 3467 esset
1372 3416 1583 3484 Daniel,
1624 3430 1678 3474 et
1710 3437 1957 3489 quaenam
2012 3432 2160 3477 esset

584 3495 705 3564 ejus
756 3497 952 3553 virtus.
990 3499 1089 3556 Hic
1129 3517 1259 3574 ergo
1290 3506 1483 3562 beatus
1519 3524 1642 3564 cum
1678 3522 1790 3565 tota
1839 3522 2000 3568 nocte
2033 3530 2157 3568 cum

586 3589 832 3656 cognatis
855 3590 921 3645 ad
960 3608 1018 3647 se
1050 3598 1391 3667 secessisset,
1426 3610 1537 3657 tota
1594 3614 1754 3659 nocte
1789 3604 1901 3661 Deo
1953 3609 2162 3678 suppli-

586 3682 753 3745 cavit,
787 3693 846 3736 ut
869 3701 1054 3771 magos
1081 3703 1327 3746 servaret
1349 3703 1404 3746 et
1455 3697 1761 3762 Chaldaeos,
1791 3716 1917 3755 cum
1958 3703 2161 3771 quibus

589 3770 705 3839 ipse
734 3788 953 3845 quoque
993 3768 1155 3833 Simul
1186 3794 1304 3837 erat
1339 3786 1639 3853 periturus,
1689 3798 1745 3841 et
1790 3768 2053 3844 liberaret
2093 3793 2161 3845 ab

588 3861 666 3917 ira
734 3870 898 3937 regis,
956 3873 1254 3941 aperiendo
1277 3877 1327 3931 ei
1381 3878 1670 3943 visionem,
1705 3881 1861 3951 cujus
1908 3898 1999 3938 rex
2044 3894 2161 3938 erat

588 3958 814 4013 oblitus.
853 3961 994 4015 Deus
1033 3975 1217 4018 autem
1244 3969 1405 4021 simul
1448 3983 1497 4025 et
1532 3975 1794 4028 misertus
1818 3991 2011 4028 eorum
2064 3979 2155 4045 qui

587 4060 746 4104 erant
777 4051 832 4105 in
867 4055 1131 4120 periculo,
1162 4067 1216 4111 et
1248 4059 1439 4114 volens
1478 4078 1638 4115 suum
1666 4066 1993 4133 prophetam
2039 4066 2163 4119 red-

590 4140 722 4196 dere
757 4142 1080 4212 gloriosum,
1116 4149 1165 4201 ei
1221 4152 1493 4220 signiﬁcat
1542 4156 1840 4220 somnium,
1883 4167 1939 4213 et
1985 4159 2163 4228 aperit

589 4232 961 4302 conjecturam
998 4256 1009 4291 :
1052 4249 1107 4293 et
1138 4255 1259 4293 cum
1295 4244 1546 4310 protinus
1586 4247 1774 4301 Daniel
1810 4248 1925 4302 hzee
1954 4250 2161 4305 Ararim

589 4331 643 4375 et
668 4324 883 4377 caeteris
928 4329 1255 4394 aperuisset,
1284 4347 1399 4396 eos,
1430 4336 1524 4402 qui
1554 4339 1679 4389 vitae
1728 4353 1881 4405 spem
1938 4331 2159 4409 abjéee-

590 4426 735 4479 rant,
759 4424 815 4470 et
845 4417 900 4473 in
938 4424 1173 4476 mortem
1208 4438 1359 4478 suam
1415 4426 1719 4484 defixerant
1750 4432 2158 4499 cogitationem,

590 4508 847 4568 immutat
891 4522 946 4567 et
987 4514 1165 4569 reddit
1225 4516 1461 4572 betiores
1491 4529 1544 4573 et
1606 4521 1792 4577 animo
1834 4514 2159 4580 alacriores.

662 4782 727 4838 γ.
754 4780 892 4836 Cum
918 4781 1030 4835 Deo
1065 4792 1248 4837 autem
1292 4802 1416 4839 cum
1451 4788 1533 4841 eis
1568 4788 1769 4858 egisset
1817 4790 2039 4859 gratias,
2071 4793 2165 4860 qui

593 4876 853 4929 misertus
882 4874 1064 4929 fuerat
1093 4891 1283 4931 eorum
1316 4879 1513 4941 a'tatis,
1539 4891 1596 4934 et
1625 4893 1771 4935 esset
1793 4883 1929 4945 dies,
1954 4884 2168 4939 accedit

592 4969 661 5023 ad
686 4969 916 5035 Arioch,
940 4980 995 5024 et
1019 4981 1191 5040 rogat,
1230 4982 1287 5025 ut
1316 4989 1441 5026 eum
1476 4974 1640 5029 ducat
1670 4976 1737 5030 ad
1773 4991 1978 5045 regem.
2021 4978 2168 5031 Dixit

592 5062 762 5127 enim,
790 5077 847 5117 se
873 5062 923 5117 ei
951 5065 1090 5117 velle
1121 5066 1397 5119 somnium
1429 5066 1760 5137 signiﬁcare,
1795 5070 1941 5137 quod
1977 5070 2028 5125 ei
2078 5086 2168 5123 ac-

594 5156 726 5211 cidit
753 5166 811 5210 ut
860 5168 1022 5213 nocte
1072 5157 1281 5213 videret
1330 5162 1625 5228 praeterita.
1687 5163 1968 5232 Ingressus
2013 5181 2163 5229 vero,

595 5252 831 5319 primum
870 5267 928 5307 se
962 5257 1264 5318 excusavit,
1301 5254 1494 5307 nolens
1525 5258 1648 5310 aliis
1679 5258 1955 5315 Chaldteis
1993 5261 2165 5314 videri

595 5346 900 5411 sapientior
931 5361 943 5399 :
980 5354 1035 5398 et
1077 5345 1223 5413 quod
1258 5362 1381 5399 cum
1417 5347 1601 5401 nullus
1650 5350 1866 5403 illorum
1901 5350 2167 5419 potuisset

596 5437 845 5491 invenire
870 5438 1167 5500 somnium,
1191 5438 1304 5506 ipse
1331 5438 1383 5491 id
1414 5448 1559 5493 esset
1587 5441 1852 5493 dicturus.
1878 5443 1995 5496 Non
2020 5442 2165 5496 enim

596 5544 695 5598 per
721 5530 1141 5598 cxperientianl,
1167 5546 1338 5599 neque
1371 5532 1517 5601 quod
1552 5533 1621 5585 sit
1650 5533 1955 5588 subtilioris
2001 5544 2055 5588 et
2080 5550 2165 5589 so-

597 5620 839 5673 lertioz-is
896 5620 1122 5688 ingenii,
1163 5621 1265 5675 hoc
1312 5623 1555 5676 accidit:
1589 5624 1679 5676 sed
1738 5625 1932 5689 nostri,
1969 5627 2164 5694 inquit,

596 5710 855 5794 misertus
878 5713 1042 5777 Deus.
1067 5717 1159 5785 qui
1187 5731 1511 5770 veneramus
1541 5718 1592 5770 in
1624 5718 1814 5771 mortis
1840 5721 2164 5785 periculum,

600 5809 732 5865 mihi
772 5823 868 5881 pro
912 5824 1034 5865 mea
1083 5809 1264 5868 anima
1295 5820 1593 5879 eteorum,
1627 5815 1719 5881 qui
1748 5824 1872 5870 sunt
1918 5814 2165 5885 ejusdem

2257 1954 2510 2025 βασιλεὺς
2542 1954 2838 2008 ἀποθανεῖν
2876 1954 3003 2017 τοὺς
3042 1951 3261 2019 σοφοὺς,
3302 1951 3359 2002 ἐν
3386 1948 3598 2008 τούτοις
3637 1946 3693 1998 δὲ
3740 1946 3844 1998 καὶ

2254 2048 2415 2100 αὑτὸν
2458 2046 2597 2117 μετὰ
2648 2046 2758 2099 τῶν
2818 2044 3097 2112 συγγενῶν
3154 2039 3510 2103 κινδυνεύειν,
3548 2038 3844 2106 πρόσεισιν

2267 2139 2466 2209 Ἀριὼχ
2496 2138 2575 2208 τῷ
2610 2138 2706 2191 τοῦ
2743 2136 3011 2207 βασιλέως
3056 2132 3487 2204 σωματοφύλακι
3524 2130 3619 2182 καλ¹
3662 2128 3843 2181 δεῖται

2254 2233 2385 2303 παρ’
2413 2230 2577 2284 αὐτοῦ
2612 2230 2711 2299 τὴν
2744 2228 2927 2283 αἰτίαν
2966 2226 3179 2295 μαθεῖν,
3217 2223 3283 2276 δι’
3310 2225 3377 2293 ἣν
3413 2222 3557 2275 οὕτω
3591 2220 3779 2282 κακῶς
3810 2224 3844 2275 ὁ

2259 2321 2514 2391 βασιλεὺς
2543 2323 2754 2381 πάντας
2780 2319 2865 2387 εἴη
2931 2314 3196 2378 κελεύσας
3218 2314 3570 2385 ἀναιρεθῆναι
3597 2312 3721 2372 τοὺς
3748 2328 3845 2364 σο·-

2258 2410 2391 2480 φούς
2424 2427 2483 2463 τε
2520 2411 2617 2463 καὶ
2644 2407 2947 2469 Χαλδαίους
2982 2407 3079 2459 καὶ
3110 2405 3322 2475 μάγους
3346 2420 3359 2434 ·
3397 2405 3489 2457 καὶ
3536 2401 3726 2473 μαθὼν
3766 2402 3845 2453 τὰ

2258 2504 2389 2574 περὶ
2428 2502 2521 2556 τοῦ
2558 2501 2810 2555 ἐνυπνίου
2867 2500 2961 2553 καὶ
3009 2501 3090 2553 ὅτι
3152 2497 3541 2558 κελευσθέντες
3588 2494 3694 2548 ὑπὸ
3740 2493 3845 2544 τοῦ

2258 2596 2520 2666 βασιλᾶως
2552 2594 2697 2647 τοῦτ’
2721 2592 2870 2661 αύτῷ
2894 2590 3087 2660 δηλοῦν
3116 2588 3546 2659 ἐπιλελησμένον
3573 2587 3650 2653 μὴ
3673 2584 3843 2636 δύναο

2259 2688 2385 2740 σθαι
2412 2682 2598 2739 εἷπον·
2630 2685 2725 2735 καὶ
2751 2683 2838 2734 διὰ
2862 2681 3035 2733 ταῦτα
3069 2683 3203 2749 προς
3237 2680 3410 2749 ὀργὴν
3442 2677 3707 2745 κινηθεὶς,
3738 2673 3843 2727 0&-

2258 2797 2418 2832 νατον
2450 2776 2629 2830 αὐτῶν
2661 2775 3005 2845 κατακρίνοι,
3028 2774 3182 2840 ἠξίου
3207 2772 3299 2823 τὸν
3339 2770 3542 2838 ’Δριὼχ
3569 2766 3848 2820 εἰσελθόν-

2257 2888 2326 2926 τα
2356 2870 2492 2939 πρὸς
2521 2869 2612 2922 τὸν
2642 2867 2869 2937 βασιλέα
2900 2864 3026 2935 μίαν
3044 2860 3369 2933 αἰτήσασθαι
3390 2861 3563 2933 νύκτα
3583 2862 3693 2923 τοῖς
3729 2860 3845 2928 μά-

2259 2982 2378 3034 γοις
2409 2962 2693 3032 καὶταύτῃ
2716 2959 2815 3029 τὴν
2840 2959 3119 3029 ἀναίρεσιν
3143 2958 3417 3026 ἐπισχεῖν·
3449 2953 3692 3015 ἐλπίζειν
3726 2955 3843 3023 γάρ

2256 3058 2346 3111 διὰ
2374 3055 2601 3123 ταύτην,
2629 3053 2856 3121 ἔφασκε,
2888 3050 3100 3120 δεηθεὶς
3132 3048 3225 3102 τοῦ
3247 3046 3404 3110 Θεοῦ,
3438 3046 3744 3114 γνώσεσθαι
3777 3049 3845 3097 τὸ

2262 3146 2544 3201 ἐνύπνιον·
2573 3145 2663 3196 καὶ
2698 3144 2725 3195 6
2767 3142 2866 3212 μὲν
2912 3141 3052 3193 κατά
3093 3141 3254 3209 τάχος
3299 3136 3615 3207 ἀπήγγελλε
3663 3137 3845 3190 ταῦτα

2263 3239 2342 3309 τῷ
2371 3237 2615 3307 βασιλεῖ’
2645 3238 2671 3288 6
2708 3236 2764 3288 δὲ
2796 3234 2990 3303 μαθεῖν
3023 3234 3126 3302 ἄρα
3154 3232 3498 3300 γλιχόμενος,
3532 3228 3615 3291 τίς
3657 3231 3689 3298 ἡ
3717 3229 3847 3295 ὄψις

2264 3334 2359 3387 καὶ
2386 3331 2467 3395 τίς
2498 3330 2702 3397 ταύτης
2743 3331 2776 3397 ἠ
2816 3326 3126 3393 σύγκρισις,
3170 3324 3381 3375 κελεύει
3429 3323 3530 3391 τὴν
3561 3321 3848 3393 ἀναίρεσιν

2262 3423 2372 3475 τῶν
2433 3422 2623 3490 μάγων
2676 3416 3055 3486 ἐπισχεθῆναι,
3089 3416 3190 3477 ἕως
3230 3414 3363 3483 γνῷ,
3405 3414 3548 3474 τίνες
3598 3414 3648 3464 οἱ
3691 3412 3846 3480 λόγοι

2264 3513 2357 3566 τοῦ
2383 3512 2601 3581 Δανιὴλ,
2628 3512 2718 3563 καὶ
2750 3511 2831 3572 τίς
2860 3509 2925 3562 ἂν
2960 3510 2992 3579 ἡ
3026 3508 3157 3577 παρ’
3190 3508 3372 3569 αὐτοῖς
3399 3508 3482 3577 εἴη
3501 3505 3752 3575 δύναμις.
3783 3506 3851 3560 '0

2267 3604 2535 3675 μακάριος
2572 3598 2724 3665 οὗτος
2762 3603 2942 3655 τοίνυν
2980 3602 3116 3666 μετὰ
3153 3599 3259 3655 τῶν
3299 3599 3577 3668 συγγενῶν
3622 3601 3845 3669 ὑποχω-

2264 3701 2437 3769 ρήσας
2471 3697 2608 3767 πρὸς
2637 3696 2849 3759 ἐαυτὸν,
2884 3696 2952 3748 δι’
2982 3694 3112 3760 ὅλης
3148 3693 3357 3746 ἱκέτευε
3398 3694 3494 3759 τῆς
3523 3692 3719 3752 νυκτὸς
3750 3693 3847 3742 τὸν

2264 3789 2421 3849 Θεὸν,
2459 3787 2627 3836 σῶσαι
2657 3786 2751 3836 καὶ
2789 3785 2916 3843 τοὺς
2960 3782 3169 3850 μάγους
3215 3779 3310 3830 καὶ
3357 3779 3483 3838 τοὺς
3516 3776 3843 3837 Χαλδαίους,

2264 3873 2346 3942 οἷς
2382 3880 2447 3948 δὴ
2479 3878 2571 3930 καὶ
2601 3875 2763 3937 αὐτὸς
2795 3872 2978 3944 μέλλει
3006 3870 3424 3935 συναπολέσθαι,
3445 3867 3538 3922 καὶ
3573 3866 3844 3937 ῥύσασθαι

2264 3973 2361 4041 τῆς
2395 3968 2489 4024 τοῦ
2514 3967 2779 4040 βασιλέως
2802 3965 2971 4037 ὀργῆς
2997 3963 3378 4034 ἐμφανίσαντα
3410 3960 3509 4031 τὴν
3538 3958 3661 4029 δψιν
3694 3955 3847 4029 αὐτῷ

2266 4064 2360 4115 καὶ
2392 4066 2693 4131 ποιήσαντα
2718 4060 2904 4127 δήλην,
2940 4054 3006 4129 ἦς
3050 4059 3078 4110 6
3121 4056 3375 4125 βασιλεὺς
3424 4053 3781 4120 ἐπιλέληστο·
3816 4054 3849 4104 ὁ

2266 4155 2321 4207 δὲ
2356 4152 2487 4214 Θεὸς
2526 4152 2644 4220 ἃμα
2676 4151 2811 4215 τούς
2836 4166 2893 4201 τε
2926 4147 3338 4207 κινδυνεύοντας
3366 4145 3595 4213 ἐλεήσας
3627 4144 3724 4195 καὶ
3752 4143 3847 4198 τὸν

2267 4246 2432 4301 αὐτοῦ
2465 4244 2753 4317 προφήτην
2789 4240 3009 4306 δοξάσαι
3041 4239 3384 4310 βουλόμενος,
3409 4235 3471 4288 τό
3494 4252 3551 4287 τε
3574 4235 3710 4304 ὄναρ
3740 4236 3845 4287 αὺ-

2268 4339 2341 4408 τῷ
2364 4339 2621 4405 γνωρίζει
2646 4339 2738 4389 καὶ
2768 4334 2835 4387 τά
2862 4334 2960 4403 τῆς
2998 4332 3339 4402 συγκρίσεως
3363 4328 3496 4399 δῆλα
3520 4327 3843 4398 παρίστησι·

2267 4434 2360 4484 καὶ
2383 4429 2579 4499 Δανιὴλ
2608 4428 2769 4489 εὐθὺς
2808 4425 2981 4478 ταῦτα
3008 4428 3120 4485 τοῖς
3154 4424 3281 4491 περὶ
3324 4422 3582 4490 Ἀζαρίαν
3612 4419 3853 4474 ἐκκαλύ-

2201 4528 2239 4580 D
2270 4523 2401 4593 φας,
2433 4520 2559 4582 τοὺς
2594 4518 2694 4588 μὲν
2722 4513 3111 4583 ἀπεγνωκότας
3153 4512 3253 4582 ήδη
3298 4510 3392 4563 τοῦ
3434 4511 3534 4579 ζῇν
3577 4511 3671 4562 καὶ
3707 4510 3852 4577 πρὸς

2273 4615 2334 4667 τὸ
2364 4611 2618 4667 τεθνάναι
2652 4609 2749 4681 τὴν
2782 4607 3022 4662 διάνοιαν
3064 4605 3297 4674 ἔχοντες,
3334 4604 3414 4666 είς
3448 4601 3508 4655 τὸ
3544 4599 3851 4671 εὐθυμότε-

2278 4724 2368 4777 ρον
2401 4703 2751 4773 μεταϐάλλει.

2343 4798 2419 4852 Ε’.
2460 4796 2876 4866 Εὐχαριοτήσας
2924 4792 2982 4844 δὲ
3032 4791 3110 4861 τῷ
3152 4788 3271 4859 Θεῷ
3324 4785 3441 4857 μετ’
3469 4784 3648 4839 αὐτῶν
3696 4783 3855 4838 ἔλεον

2271 4891 2487 4943 λαϐόντι
2507 4887 2603 4955 τῆς
2627 4887 2841 4955 ἡλικίας
2874 4882 3074 4946 αὐτῶν,
3098 4880 3394 4950 γενομένης
3416 4876 3627 4948 ἡμέρας
3660 4893 3851 4945 παρα-

2272 4984 2481 5050 γίνεται
2541 4980 2676 5048 πρὸς
2722 4980 2813 5031 τὸν
2854 4974 3057 5047 Ἀριὼχ
3115 4975 3210 5026 καὶ
3267 4974 3420 5039 άγειν
3475 4969 3635 5023 αὑτὸν
3690 4968 3854 5036 ἠξίου

2275 5077 2409 5147 πρὸς
2448 5072 2671 5146 βασιλέα
2694 5088 2706 5101 ·
2739 5070 2977 5139 δηλῶσαι
3012 5068 3117 5135 γὰρ
3153 5064 3301 5133 αύτῴ
3346 5061 3631 5131 βούλεσθαι
3664 5063 3728 5114 τὸ
3761 5066 3855 5115 ἐν-

2276 5168 2461 5219 ύπνιον
2511 5165 2638 5231 ἔφη,
2684 5162 2821 5231 ὅπερ
2877 5159 3005 5213 ἰδεῖν
3061 5157 3159 5223 τῆς
3213 5153 3591 5226 παρελθούσης
3649 5152 3856 5217 νυκτὸς

2273 5260 2446 5327 τούτῳ
2478 5254 2845 5325 συμϐέϐηκεν.
2870 5248 3143 5304 Εἰσελθὼν
3169 5248 3224 5301 δὲ
3262 5248 3559 5317 παρῃτεῖτο
3592 5241 3660 5294 τά
3689 5242 3852 5311 πρῶ-

2273 5370 2358 5414 τα,
2398 5350 2471 5419 μὴ
2506 5347 2812 5417 σοφώτερον
2843 5345 3007 5397 αὑτὸν
3040 5342 3186 5405 δόξαι
3218 5339 3327 5391 τῶν
3360 5338 3535 5391 ἄλλων
3557 5335 3853 5390 Χαλδαίων

2277 5444 2620 5513 βουλόμενος,
2655 5441 2749 5503 καὶ
2780 5440 2861 5491 ὅτι
2896 5436 3120 5505 μηδενὸς
3151 5433 3375 5486 ἐκείνων
3400 5431 3459 5483 τὸ
3489 5431 3621 5498 δναρ
3660 5430 3852 5498 εὑρεῖν

2273 5538 2610 5605 δυνηθέντος,
2644 5534 2804 5593 αὐτὸς
2833 5529 2962 5583 αὐτὸ
2996 5529 3179 5596 μέλλοι
3219 5526 3395 5591 λέγειν
3417 5540 3430 5555 ο
3469 5525 3527 5575 οὑ
3562 5523 3667 5590 γὰρ
3721 5523 3850 5574 κατ’

2276 5630 2591 5698 ἐμπειρίαν,
2625 5625 2732 5677 οὐδ’
2762 5625 2842 5675 ὅτι
2873 5622 2971 5692 τὴν
3008 5622 3247 5673 διάνοιαν
3293 5618 3471 5671 αὐτῶν
3520 5615 3721 5684 μᾶλλον
3752 5615 3851 5667 ἐκ-

2278 5722 2599 5789 πεπόνηται,
2661 5714 2818 5769 τοῦτο
2872 5714 3100 5780 γίνεται,
3151 5711 3264 5764 ἀλλ’
3300 5711 3545 5779 ἐλεήσας,
3604 5706 3762 5775 φησὶ,
3827 5713 3873 5759 ὀ’

2279 5811 2406 5873 Θιὲς
2442 5806 2847 5869 κινόνγιύοντας
2879 5805 3194 5865 ἀποθανεῖν,
3231 5800 3472 5872 δεηθέντι
3499 5798 3625 5870 περῖ
3654 5814 3709 5851 τε
3748 5818 3850 5869 της
