3972 6448
178 359 267 424 377
1180 376 1360 437 VITA
1404 377 1466 438 S.
1510 376 1736 439 PROPl

1843 380 1935 440 UE
1978 382 2368 446 DANlELlS.

3325 392 3433 453 878

178 476 300 545 ἐμῆς
336 475 519 546 ψυχῆς
570 476 667 532 καὶ
720 480 830 534 τῶν
883 481 1177 553 ὁμοεθνῶν,
1223 488 1319 539 καὶ
1362 485 1427 539 τὸ
1467 486 1603 558 ὅναρ
1652 490 1736 542 xui

1848 491 2049 561 gentis,
2083 493 2354 563 precanti,
2390 500 2448 549 et
2471 495 2747 550 somnium
2777 497 2997 567 aperuit
3025 508 3083 555 et
3112 501 3233 571 ejus
3260 518 3435 571 expo-

176 569 259 639 τὴν
310 568 597 640 σύγκρισιν
662 572 827 626 αὑτοῦ
914 578 1155 646 φανεράν
1236 578 1529 648 ἐποίησεν
1647 581 1744 651 οὐχ

176 657 317 723 ἧττον
346 663 453 730 γὰρ
484 664 582 729 τῆς
610 664 697 733 ἐφ’
730 667 862 734 ήμῖν
894 667 1071 738 λύπης
1101 668 1134 739 ἢ
1170 668 1300 740 περὶ
1331 670 1430 739 τῆς
1464 672 1561 742 σῆς
1587 672 1747 743 δόξης

179 755 495 822 ἰφινίντιζον,
531 750 576 809 ὧ
610 754 853 825 βασιλεῦ,
887 760 1089 822 ἀδίκως
1120 759 1293 825 οὕτως
1317 762 1520 833 ἀνδρας
1544 764 1745 829 καλούς

179 861 228 895 τε
259 847 346 897 καὶ
380 846 626 912 ἀγαθοὺς
659 848 953 903 ἀποθανεῖν
992 852 1407 921 ἐπιτρέψαντος,
1450 855 1509 919 ἐξ
1543 848 1619 909 ὧν
1648 858 1743 910 οὑ-

180 938 255 990 ὖέν
297 940 395 1008 μέν
435 942 787 1011 ἀνθρωπίνης
824 947 1016 1015 σοφίας
1055 949 1315 1018 ἐχόμενον
1347 951 1576 1021 ᾔτησας,
1624 954 1652 1006 ὃ
1685 953 1743 1006 δὲ

176 1026 232 1099 ἧν
266 1032 426 1100 ἔργον
454 1035 620 1103 μόνου
655 1033 791 1087 Θεοῦ
824 1037 1134 1106 ἐπεζήτεις.
1170 1041 1257 1094 Σοὶ
1282 1044 1485 1103 τοίνυν,
1515 1036 1561 1096 ὦ
1592 1044 1743 1114 βασι-

174 1123 278 1187 λεῦ,
317 1128 664 1195 φροντίζοντι
724 1128 855 1199 περὶ
906 1129 1000 1183 τοῦ
1048 1132 1133 1194 τίς
1183 1132 1338 1201 άρξει
1387 1134 1483 1187 τοῦ
1533 1138 1739 1205 κόσμον

176 1216 360 1278 παντὸς
413 1218 554 1285 μετὰ
597 1218 690 1281 σὲ,
739 1218 1064 1288 βουλόμενος
1113 1222 1353 1292 δηλῶσαι
1400 1225 1552 1291 Θεδς,
1609 1228 1741 1301 δναρ

176 1308 504 1361 ὑποδεικνύει
536 1311 779 1364 τοιοῦτον
799 1328 812 1341 ·
838 1314 1063 1379 Ἐδοξας
1093 1315 1227 1385 ὁρᾷν
1247 1317 1539 1387 ἀνδριάντα
1573 1321 1743 1390 μέγαν

177 1398 394 1463 ἑστῶτα,
428 1392 492 1453 οὗ
518 1400 618 1467 τὴν
657 1401 754 1471 μὲν
785 1404 1033 1477 κεφαλὴν
1076 1405 1391 1460 συνέϐαινεν
1433 1405 1574 1463 εἶναι
1608 1428 1741 1481 χρυ-

175 1490 281 1557 σὴν,
318 1494 446 1554 τοὺς
487 1492 543 1545 δὲ
579 1492 765 1561 ὤμους
805 1497 896 1548 καὶ
936 1496 1062 1560 τοὺς
1110 1497 1404 1569 βραχίονας
1444 1502 1739 1572 ἀργυροῦς,

172 1581 267 1633 ἀπὸ
295 1582 498 1651 χαλκοῦ
527 1584 582 1637 δὲ
609 1586 707 1653 τὴν
731 1588 973 1656 γαστέρα
996 1589 1091 1641 καὶ
1114 1590 1239 1653 τοὺς
1258 1594 1491 1663 μηροὺς,
1524 1596 1740 1665 κνήμας

173 1676 253 1726 καὶ
297 1676 462 1737 πόδας
514 1678 805 1747 σιδηροῦς’
847 1678 1039 1733 ἔπειτα
1085 1681 1235 1740 λίθον
1293 1680 1433 1747 εἶδες
1472 1686 1529 1752 ἐξ
1581 1686 1741 1756 ὅρους

172 1769 550 1837 ἀπορραγέντα
582 1770 846 1835 ἐμπεσεῖν
882 1787 940 1822 τε
992 1771 1071 1841 τῷ
1104 1773 1383 1843 ἀνδριάντι
1426 1780 1521 1829 καὶ
1548 1779 1740 1831 τοῦτον

174 1857 534 1908 καταϐαλόντα
565 1859 856 1928 συντρίψαι
896 1862 988 1915 καὶ
1023 1862 1189 1933 μηδὲν
1221 1866 1385 1920 αὑτοῦ
1419 1870 1585 1936 μέρος
1619 1869 1739 1921 ὁλό-

171 1945 357 2012 κληρον
384 1946 631 2013 ἀφεῖναι,
661 1948 753 2001 τὸν
795 1950 850 2002 δὲ
890 1953 1092 2021 χρυσὸν
1120 1956 1213 2007 καὶ
1242 1956 1332 2009 τὸν
1355 1957 1599 2027 ἄργυρον
1642 1959 1739 2013 καὶ

170 2038 247 2089 τὶν
275 2038 477 2106 χαλκὸν
514 2042 610 2092 καὶ
646 2041 736 2093 τὸν
763 2041 983 2112 σίδηρον
1012 2044 1340 2118 λεπτότερον
1365 2051 1619 2117 γενέσθαι
1649 2054 1743 2105 καὶ

173 2130 357 2193 κόνεως
382 2147 395 2157 ·
429 2132 526 2185 καὶ
559 2132 651 2186 τὸν
694 2134 794 2203 μέν
840 2136 1045 2204 ἀνέμου
1101 2138 1439 2204 πνεύσαντος
1474 2146 1554 2205 εἰς
1602 2144 1741 2213 ἀέρα

170 2219 546 2290 διασπαρῆναι,
575 2224 670 2276 τὸν
694 2225 751 2277 δέ
772 2225 917 2278 λίθον
946 2226 1183 2296 αὐξῆσαι
1217 2230 1472 2284 τοσοῦτον
1498 2232 1575 2294 ὼς
1601 2235 1740 2287 ἀπα-

172 2324 258 2361 σαν
286 2311 468 2363 δοκεῖν
492 2314 591 2383 τὴν
617 2313 722 2383 γῆν
760 2316 851 2368 ὑπ’
876 2317 1043 2371 αὑτοῦ
1076 2320 1495 2391 πεπληρῶσθαι.
1530 2324 1602 2377 Τὸ
1640 2326 1742 2395 μὲν

169 2401 307 2471 cup,
341 2404 485 2473 ὅπερ
509 2405 671 2469 αὐτὸς
706 2401 867 2471 εἶδες,
900 2410 1100 2463 τοιόνδε
1124 2427 1137 2441 ·
1170 2414 1201 2482 ὴ
1232 2414 1522 2484 σύγκρισις
1557 2416 1612 2470 δὲ
1644 2418 1742 2471 αὺ-

171 2492 250 2546 τοῦ
278 2496 471 2550 τοῦτον
498 2499 611 2566 ἔχει
645 2498 736 2552 τὸν
766 2500 963 2571 τρόπον
984 2519 999 2534 ’
1028 2504 1061 2573 ἡ
1093 2504 1192 2573 μὲν
1218 2508 1399 2576 χρυσῆ
1434 2509 1647 2580 κεφαλὴ
1681 2511 1741 2564 σέ

169 2603 219 2639 τε
249 2588 435 2658 ἐδήλου
473 2592 567 2643 καὶ
600 2594 729 2655 τοὺς
770 2594 875 2663 πρὸ
903 2595 997 2648 σοῦ
1049 2596 1307 2666 βασιλέας
1367 2601 1742 2668 Βαὸυλωνίους

170 2681 216 2729 αἱ
244 2679 335 2733 δύο
363 2682 420 2733 δέ
450 2684 635 2752 χεῖρες
665 2685 758 2737 καὶ
778 2688 827 2739 0i
849 2679 988 2756 ὦμοι
1013 2689 1118 2742 ὑπὸ
1146 2690 1240 2745 δύο
1267 2693 1741 2765 καταλυθήσεσθαι

171 2770 421 2837 βασιλέων
478 2775 577 2846 τὴν
624 2779 928 2849 ἠγεμονίαν
974 2781 1152 2853 ὑμῶν,
1202 2784 1418 2854 Πέρσας
1465 2784 1605 2843 εἶναι
1646 2790 1741 2843 καὶ

171 2865 369 2933 Μήδους
401 2868 631 2931 τούτους
686 2872 861 2941 φημίο
910 2872 1010 2943 τὴν
1069 2873 1127 2926 δέ
1172 2876 1399 2930 ἐκείνων
1430 2878 1616 2948 ἕτερός
1658 2897 1741 2944 τις

170 2956 262 3007 ἀπὸ
308 2959 407 3025 τῆς
452 2959 665 3023 δύσεως
729 2964 1054 3035 καθαιρήσει
1083 2966 1285 3036 χαλκὸν
1332 2970 1737 3041 ἠμφιεσμένος.

179 3046 519 3120 Ἀλέξανδρος
570 3048 725 3117 οὗτος
768 3058 797 3109 ὁ
847 3058 1117 3114 Μακεδών
1142 3076 1156 3091 ο
1205 3060 1301 3115 καὶ
1347 3061 1554 3133 ταύτην
1602 3063 1736 3137 άλλη

1851 582 2128 640 sitionem.
2168 585 2289 639 Non
2338 585 2606 641 minorem
2634 585 2781 641 enim
2804 590 2976 645 nostri
3008 590 3239 658 doloris,
3264 607 3434 663 quam

1852 684 1959 731 tua:
1982 676 2168 745 gloria:
2213 693 2403 733 curam
2445 680 2727 750 gerebam,
2760 696 2793 736 ο
2818 696 2935 747 rex,
2964 684 3058 751 qui
3109 684 3256 739 viros
3316 696 3427 739 tam

1851 766 2029 822 bonos
2059 780 2116 824 et
2147 780 2255 824 tam
2297 772 2578 837 honestos,
2614 772 2801 843 inique
2834 775 2972 828 mori
3002 776 3265 846 jusseras,
3300 792 3430 832 cum

1850 860 1986 914 nihil
2021 861 2297 930 petiisses,
2327 864 2477 933 quod
2517 875 2667 920 esset
2697 866 2950 921 humana:
2980 870 3303 934 sapientiae:
3337 872 3434 925 sed

1851 955 1955 1009 hoc
2001 954 2070 1008 ab
2101 955 2186 1010 eis
2222 955 2521 1026 exegisses.
2552 956 2702 1026 quod
2742 968 2864 1013 erat
2905 959 3075 1013 solius
3136 959 3229 1013 Dei
3266 975 3430 1028 opus.

1848 1046 1969 1101 Tibi
1986 1062 2186 1119 ergo,o
2213 1063 2328 1113 rex,
2355 1049 2639 1118 cogitanti,
2670 1051 2795 1119 quis
2825 1059 2949 1119 post
2977 1059 3028 1105 te
3060 1061 3207 1105 esset
3227 1051 3433 1106 mundo

1848 1138 2244 1207 imperaturus,
2279 1140 2469 1194 volens
2498 1139 2641 1194 Deus
2677 1139 3006 1209 signiﬁcare.
3048 1142 3155 1195 tale
3191 1142 3435 1197 ostendit

1845 1231 2143 1286 somnium.
2180 1230 2343 1284 Visus
2387 1245 2451 1287 es
2492 1230 2592 1285 tibi
2652 1231 2841 1285 videre
2890 1246 3141 1302 magnam
3190 1240 3429 1287 statuam

1844 1331 2111 1385 stantem,
2134 1322 2293 1391 cujus
2318 1330 2485 1389 caput
2511 1321 2737 1391 quidem
2758 1322 2988 1391 contigit
3013 1328 3135 1377 es‘se
3160 1337 3428 1377 aureum:

1848 1414 2110 1472 humeros
2135 1424 2318 1468 autem
2348 1424 2403 1467 et
2430 1412 2681 1475 brachia,
2709 1425 2969 1485 argentea
3002 1432 3015 1469 :
3052 1430 3116 1470 ex
3142 1430 3249 1469 aere
3272 1431 3428 1478 vero.

1845 1514 2094 1559 ventrem
2121 1514 2176 1559 et
2206 1502 2438 1569 femora,
2459 1504 2619 1559 tibias
2641 1515 2697 1559 et
2734 1507 2900 1571 pedes
2958 1506 3189 1560 ferreos.
3223 1505 3432 1561 Deinde

1844 1598 2081 1666 lapidem
2110 1596 2293 1651 vidisti
2321 1598 2619 1667 abruptum
2652 1614 2681 1652 a
2709 1608 2917 1664 monte,
2958 1599 3204 1655 incidere
3235 1600 3287 1652 in
3313 1609 3431 1653 sta-

1849 1698 1997 1743 tuam
2037 1710 2051 1745 :
2090 1698 2147 1745 et
2195 1705 2317 1744 eam
2364 1690 2837 1759 comprehendere
2896 1706 2960 1745 ac
3023 1700 3332 1756 conterere,
3373 1700 3431 1747 et

1848 1781 2053 1836 nullam
2085 1781 2205 1850 ejus
2252 1790 2465 1849 partem
2511 1784 2823 1851 relinquere
2876 1783 3145 1852 integrann
3177 1799 3191 1836 :
3227 1798 3425 1836 aurum

1846 1883 2030 1926 autem
2088 1881 2144 1926 et
2200 1882 2487 1943 argentum
2518 1882 2574 1928 et
2611 1888 2685 1927 ms
2730 1883 2788 1927 et
2828 1873 3038 1927 ferrum
3084 1873 3169 1926 vel
3198 1874 3428 1941 pulvere

1849 1962 1967 2017 fieri
1997 1964 2258 2019 subtilius
2301 1983 2314 2018 :
2351 1974 2408 2019 et
2445 1975 2680 2020 statuam
2729 1964 2955 2035 quidem
2988 1974 3156 2019 vento
3185 1966 3430 2033 spirante

1846 2056 2154 2126 dispersam
2208 2056 2379 2111 fuisse
2434 2057 2490 2111 in
2532 2073 2759 2114 aerem:
2816 2058 3053 2127 lapidem
3103 2074 3237 2113 vero
3288 2059 3430 2113 adeo

1847 2150 2107 2214 crevisse,
2137 2158 2196 2202 ut
2229 2149 2512 2206 videretur
2543 2149 2799 2202 universa
2832 2159 2978 2202 terra
3035 2150 3103 2202 ab
3140 2164 3208 2203 eo
3257 2149 3429 2205 fuisse

1848 2244 2075 2312 repleta.
2101 2243 2281 2310 Atque
2306 2256 2583 2297 somnium
2614 2242 2860 2311 quidem,
2890 2242 3037 2312 quod
3071 2243 3185 2312 ipse
3213 2242 3427 2307 vidisti,

1845 2333 1950 2387 fuit
1976 2334 2102 2389 tale.
2123 2334 2255 2405 Ejus
2272 2343 2457 2389 autem
2480 2337 2796 2405 conjectura
2818 2336 2923 2390 hoc
2947 2335 3108 2390 modo
3139 2350 3197 2391 se
3221 2334 3386 2389 habet
3410 2351 3425 2389 :

1846 2428 2090 2479 Aureum
2132 2426 2355 2496 quidem
2397 2436 2584 2496 caput,
2616 2438 2668 2481 te
2699 2427 3062 2497 signillcabat,
3092 2436 3147 2481 et
3170 2428 3262 2497 qui
3300 2436 3429 2481 ante

1848 2525 1899 2569 te
1930 2514 2179 2579 fuerunt,
2211 2532 2369 2585 reges
2421 2517 2770 2587 Babylonios.
2799 2519 2929 2571 Duae
2980 2534 3112 2572 vero
3146 2532 3342 2571 manus
3369 2526 3429 2572 et

1845 2608 2084 2673 humeri,
2103 2624 2133 2662 a
2149 2607 2365 2662 duobus
2382 2609 2605 2679 regibus
2619 2608 3028 2663 dissolvendum
3043 2624 3165 2665 esse
3182 2618 3429 2663 vestrum

1843 2700 2235 2769 principatum,
2268 2715 2299 2753 a
2342 2700 2545 2765 Persis,
2584 2701 2829 2771 inquam,
2861 2710 2917 2756 et
2946 2701 3138 2756 Medis.
3193 2701 3426 2755 Illorum

1844 2800 2027 2845 autem
2060 2791 2434 2860 principatum
2462 2793 2715 2846 destruet
2753 2793 2975 2861 quidam
3011 2794 3152 2845 alius
3180 2809 3247 2847 ex
3275 2792 3427 2846 occi-

1843 2882 2029 2946 dente,
2051 2897 2158 2937 τίει-ο
2187 2882 2433 2938 indutus.
2462 2883 2513 2938 is
2534 2894 2618 2939 est
2640 2883 2951 2939 Alexander
2969 2883 3193 2939 Macedo
3217 2892 3273 2937 et
3296 2899 3426 2938 eum

1842 2973 2005 3028 faciet
2035 2975 2176 3029 alius
2201 2990 2440 3039 cessare,
2466 2977 2681 3031 viribus
2707 2977 2855 3032 ferro
2882 2978 3097 3031 similis.
3129 2970 3431 3047 Superabit

1842 3077 2027 3123 autem
2062 3069 2288 3123 omnino
2320 3081 2545 3140 propter
2578 3070 2709 3124 ferri
2740 3079 2995 3123 naturain
3026 3089 3041 3135 ;
3076 3081 3161 3124 est
3192 3071 3340 3123 enim
3381 3070 3429 3124 is

171 3142 374 3204 missi,
409 3145 516 3215 τὴν
556 3146 713 3214 ἰσχὺν
740 3148 904 3217 ὁμοία
948 3150 1027 3220 τῷ
1058 3152 1267 3223 σιδήρῳ
1290 3170 1302 3185 ’
1346 3156 1442 3208 καὶ
1478 3159 1736 3230 κρατήσει

1847 3159 2045 3215 fortior
2076 3175 2234 3227 auro,
2267 3171 2495 3232 argento
2526 3171 2583 3217 et
2611 3177 2718 3217 aere
2750 3180 2762 3216 :
2794 3153 2888 3217 est'
2906 3178 3039 3216 vero
3072 3160 3126 3215 id
3162 3162 3428 3231 potentis-

171 3236 255 3302 μὲν
284 3239 362 3299 είς
400 3238 553 3291 ἅπαν
588 3238 676 3293 διά
700 3240 799 3311 τὴν
826 3239 923 3294 τοῦ
961 3241 1183 3314 σιδήρου
1214 3243 1380 3313 φύσιν
1401 3261 1415 3275 '
1449 3242 1590 3299 εἶναι
1620 3250 1733 3320 γὰρ

169 3326 319 3397 αὐτὴν
342 3329 717 3402 στερροτέραν
748 3331 849 3402 τῆς
882 3330 978 3386 τοῦ
1015 3334 1219 3405 χρυσοῦ
1246 3336 1337 3388 καὶ
1368 3334 1464 3388 τοῦ
1490 3336 1737 3407 ἀργύρου

169 3421 247 3470 καί
274 3420 362 3473 τοῦ
388 3422 634 3490 χαλκοῦ’
657 3426 689 3489 ή
720 3423 829 3476 τῶν
870 3424 1158 3495 Ῥωμαίων
1191 3426 1332 3497 αὕτη
1367 3426 1738 3496 μεγαλοδύνα-

168 3528 251 3579 μος
286 3514 561 3579 βασιλεία.
599 3514 869 3587 Ἐδήλωσε
896 3517 956 3571 δέ
988 3518 1139 3590 αὐτῷ
1165 3521 1260 3574 καὶ
1290 3523 1421 3590 περὶ
1453 3522 1549 3576 τοῦ
1585 3522 1735 3577 λίθου

168 3600 321 3665 λέγων
342 3622 355 3634 ·
385 3605 474 3655 ὄτι
512 3605 571 3657 ’0
606 3605 751 3668 λίθος
793 3607 822 3657 ὀ
850 3608 1083 3674 τμηθεὶς
1113 3609 1243 3663 ἄνευ
1277 3611 1502 3681 χειρῶν,
1536 3615 1563 3664 6
1594 3614 1733 3682 Χρι-

1841 3253 2043 3305 simum
2086 3252 2460 3306 Romanorum
2515 3255 2831 3322 imperium.
2862 3253 3203 3323 Significavit
3239 3263 3425 3308 autem

1845 3343 1896 3397 ei
1921 3346 2087 3397 etiam
2125 3344 2195 3398 de
2240 3344 2446 3415 lapide,
2478 3343 2900 3414 dicens:Lapis
2949 3347 3042 3415 qui
3072 3346 3176 3399 fuit
3219 3348 3428 3399 scissus

1844 3436 1964 3491 sine
2017 3437 2290 3501 manibus.
2319 3448 2404 3493 est
2438 3436 2715 3493 Christus.
2755 3437 2895 3493 Illud
2925 3453 3081 3495 vero.
3142 3438 3272 3492 Sine
3308 3452 3428 3489 ma-

1845 3528 2033 3591 nibus,
2057 3528 2309 3599 praedixit
2337 3544 2466 3584 eum
2494 3531 2627 3607 sine.
2653 3530 2802 3584 coitu
2844 3544 2965 3585 esse
2996 3528 3336 3582 nasciturum
3359 3541 3427 3581 ex

1846 3628 2005 3672 utero
2029 3636 2058 3673 a
2087 3621 2211 3674 labe
2240 3621 2443 3676 alieno.

169 3698 273 3759 στάς
302 3700 458 3753 ἐστι·
530 3699 590 3752 τὸ
665 3699 967 3772 δέηχειρῶν
1005 3701 1136 3757 ἀνευ
1185 3704 1248 3758 τὸ
1294 3703 1466 3776 χωρὶς
1518 3707 1808 3775 συνουσίας
1850 3712 1913 3765 ἐκ
1963 3716 2064 3784 τῆς
2105 3712 2341 3787 ἀμώμου
2385 3715 2650 3787 τεχθῆναι
2694 3715 2933 3784 γαστρὸς
2977 3711 3140 3766 αὐτὸν
3178 3710 3423 3783 προεφή-

165 3807 357 3847 τευσεν.

224 3886 308 3951 ς’.
353 3886 412 3937 ὐ
440 3886 502 3937 δέ
527 3885 784 3954 βασιλεὺς
798 3887 1275 3964 Ναϐουχοδονόσορ
1292 3894 1546 3965 ἀκηκοὼς
1566 3897 1740 3950 ταῦτα

164 3976 244 4027 καὶ
272 3974 416 4027 τοῦτ’
440 3977 581 4029 αὐτὸ
609 3972 752 4027 εἶναι
783 3980 845 4029 τὸ
871 3980 1036 4045 φανὲν
1064 3980 1198 4048 ὄναρ
1227 3985 1431 4045 συνεὶς,
1458 3985 1733 4053 ἐξεπλάγη

165 4068 241 4118 τὸν
260 4067 462 4139 Δανιὴλ
488 4066 584 4120 τοῦ
615 4068 906 4137 μεγαλείου
934 4069 1036 4140 τῆς
1063 4071 1301 4140 φύσεως,
1330 4076 1425 4128 καὶ
1452 4080 1740 4147 παραχρῆ-

166 4176 232 4226 μα
264 4163 439 4233 μικρὰ
462 4161 652 4215 πάντα
680 4164 774 4239 καὶ
808 4160 1090 4232 βασιλείαν
1117 4166 1290 4235 αὐτὴν
1321 4169 1414 4221 καὶ
1446 4168 1609 4237 δγκον
1637 4172 1737 4239 τῆς

163 4253 315 4323 ἀρχῆς
341 4253 599 4322 θέμενος,
626 4252 940 4324 τοῦθρὸνου
974 4270 1033 4307 τε
1076 4254 1425 4319 ἐξανίσταται
1477 4261 1571 4310 καὶ
1618 4262 1731 4312 ἰσο-

164 4343 291 4406 θέοις
320 4348 537 4398 ἐκεῖνον
566 4345 735 4411 ἐτίμα
757 4348 978 4414 τιμαῖς·
1007 4345 1088 4399 ἐτι
1117 4345 1174 4400 δέ
1209 4346 1303 4401 καὶ
1335 4346 1434 4418 τὴν
1459 4364 1737 4419 προσηγο-

165 4438 269 4503 ρίαν
295 4436 467 4492 αὒτοῦ
519 4434 618 4488 τοῦ
654 4435 786 4488 ίδίου
828 4436 967 4491 Θεοῦ
1012 4437 1259 4509 θέμενος,
1308 4440 1526 4511 ἀπάσης
1570 4442 1734 4494 αὑτὸν

1913 3896 1998 3951 νι.
2030 3895 2546 3951 Nabuchodonosor
2576 3909 2763 3952 autem
2791 3910 2916 3951 cum
2944 3896 3061 3949 hmc
3099 3893 3426 3959 audivisset,

1838 3998 1895 4045 et
1917 3990 2021 4046 hoc
2051 4006 2171 4047 esse
2197 3990 2344 4062 quod
2365 3992 2417 4046 ei
2444 4000 2797 4062 apparuerat,
2820 3980 3096 4044 somnium
3122 3987 3426 4042 intellexis-

1838 4093 1941 4148 set,
1993 4087 2205 4153 stupuit
2260 4084 2503 4140 Danielis
2562 4085 2766 4156 ingenii
2835 4082 3315 4154 magnitudinem:
3368 4089 3427 4135 et

1835 4174 2091 4245 protinus
2118 4188 2286 4241 parva
2308 4175 2519 4237 omnia,
2542 4183 2599 4225 et
2639 4174 2819 4242 ipsum
2848 4186 3095 4241 regnum,
3125 4180 3182 4224 et
3207 4170 3423 4239 imperil

1839 4265 2275 4337 magnitudinem
2298 4280 2421 4321 esse
2453 4265 2686 4330 ducens,
2718 4264 2949 4335 surgite
2980 4264 3201 4328 throno,
3236 4273 3292 4316 et
3312 4263 3425 4316 Deo

1844 4359 2070 4431 paribus
2107 4358 2259 4412 illum
2295 4358 2462 4413 afﬁcit
2497 4357 2827 4413 honoribus.
2893 4357 3168 4411 Praeterea
3209 4370 3342 4409 vero
3369 4354 3422 4409 ei

1841 4466 2062 4521 quoque
2082 4451 2189 4504 ,sui
2220 4450 2308 4502 dei
2352 4450 2607 4517 imposita
2636 4448 3028 4518 appellatione,
3064 4461 3192 4501 eum
3252 4446 3423 4501 totius

162 4529 441 4597 ἐπίτροπον
466 4526 568 4597 τῆς
603 4525 887 4598 βασιλείας
918 4528 1176 4598 ἐποίησεν
1198 4546 1211 4560 ·
1244 4531 1305 4583 οὑ
1342 4533 1451 4599 μὴν
1480 4534 1615 4585 ἀλλὰ
1638 4534 1733 4587 καὶ

1843 4545 1994 4615 regni
2012 4558 2133 4599 esse
2158 4542 2343 4597 effecit
2369 4552 2704 4596 curatorem.
2725 4542 2868 4607 Quin
2895 4541 3065 4596 etiam
3088 4542 3207 4611 ejus
3223 4554 3424 4605 cogna-

160 4624 267 4685 τοὺς
301 4623 597 4692 συγγενεῖς
636 4620 788 4692 αὐτῷ
832 4622 929 4676 καὶ
980 4622 1083 4693 τὴν
1126 4624 1330 4694 ἀρετὴν
1367 4625 1731 4694 ὁμοτρόπους,

165 4716 267 4779 τοὺς
320 4718 455 4787 περὶ
515 4716 780 4786 ’Δζαρίαν
828 4717 993 4786 φημὶ,
1049 4716 1317 4787 ἄρχοντας
1378 4718 1733 4771 ἀναδείκνυσι

164 4806 494 4875 Βαϐυλῶνος,
518 4808 617 4870 οὓς
654 4808 772 4876 μετ’
803 4808 985 4876 ὀλίγον
1017 4810 1125 4863 ὑπὸ
1162 4809 1359 4877 φθόνου
1404 4812 1499 4865 καὶ
1526 4812 1734 4881 βασκα-

162 4898 262 4959 νίας
292 4903 373 4961 είς
410 4899 664 4951 κίνδυνον
692 4899 956 4966 ἐμπεσεῖν
986 4899 1291 4971 συνέϐη,τῷ
1322 4898 1535 4969 βασιλεῖ
1566 4917 1734 4969 προσ-

163 4986 490 5057 κρούσαντας
529 4986 590 5055 ἐξ
624 4989 806 5053 αἰτίας
838 4988 1100 5059 τοιαύτης
1128 5008 1142 5021 ·
1182 4995 1210 5045 ὀ
1241 4990 1583 5053 Βαϐυλώνιος
1634 4991 1730 5060 βα-

163 5083 326 5149 σιλεὺς
354 5086 570 5147 ἐκεῖνος
601 5087 725 5148 ταῖς
752 5088 892 5141 κατά
913 5088 1006 5139 τὸν
1032 5086 1148 5158 βίον
1177 5088 1462 5157 εὐθηνίαις
1484 5090 1564 5151 είς
1593 5088 1731 5139 ἀπό-

161 5194 291 5230 νοιαν
320 5177 616 5249 ἐπαρθεὶς,
640 5176 721 5229 ῑτι
758 5178 814 5230 δέ
848 5182 942 5233 καὶ
971 5180 1049 5250 τῷ
1073 5167 1342 5250 άμυθήτῳ
1381 5182 1595 5248 πλούτῳ
1635 5181 1731 5241 καὶ

162 5268 224 5338 τῷ
244 5270 438 5343 πλήθει
462 5272 579 5325 τῶν
617 5270 1004 5338 ὑποταγέντων
1036 5272 1206 5326 ἐθνῶν
1241 5274 1332 5325 ἐπὶ
1365 5274 1508 5341 μέγα
1540 5290 1599 5326 τε
1627 5291 1729 5341 φυ-

161 5359 328 5427 σηθεὶς
379 5362 481 5415 καὶ
536 5358 740 5430 μικροῦ
786 5362 879 5414 καὶ
921 5361 1054 5426 Θεὸς
1105 5358 1247 5417 εἶναι
1294 5364 1380 5417 διὰ
1415 5366 1728 5435 κουφότητα

162 5453 500 5518 φαντασθεὶς,
536 5456 826 5525 μονονουχὶ
855 5457 950 5509 καὶ
980 5456 1136 5518 θεοὺς
1168 5458 1429 5511 πλάττειν
1476 5458 1727 5527 αῦθήμεσ

162 5556 239 5607 ρον
285 5542 425 5615 ᾤετο
464 5544 565 5598 καὶ
617 5544 689 5595 τά
737 5549 916 5601 οἰκεῖα
968 5547 1081 5601 τῶν
1126 5549 1291 5602 αὑτοῦ
1344 5550 1549 5623 χειρῶν
1589 5551 1725 5621 ἔργα

162 5634 292 5698 θεοῦς
319 5636 611 5702 ἀποδεῖξαι
634 5636 745 5688 δεῖν
767 5636 1027 5693 ἔσπευδεν
1047 5655 1060 5669 '
1087 5641 1339 5694 ἐντεῦθεν
1365 5646 1458 5696 καί
1488 5644 1724 5714 χρυσοῦν

164 5728 437 5797 ἀνδριάντα
475 5730 925 5793 κατασκευάσας,
960 5733 1154 5803 πηχῶν
1190 5734 1251 5787 τὸ
1297 5735 1399 5804 μὲν
1435 5734 1565 5803 ὕψος
1602 5736 1722 5805 ἐξὴ-

162 5829 324 5885 κοιτα,
357 5819 416 5872 τδ
459 5817 669 5883 πλάτος
706 5819 760 5872 δέ
789 5820 865 5887 ἒξ,
907 5822 1101 5893 ἔστησε
1137 5824 1323 5881 τοῦτον
1355 5828 1411 5880 ἐν
1443 5828 1595 5897 μέσῳ
1626 5828 1718 5881 τοῦ

1843 4636 2058 4701 tos.qui
2084 4642 2242 4686 erant
2274 4633 2325 4687 ei
2358 4635 2561 4687 virtute
2582 4648 2765 4702 pares,
2792 4633 3067 4692 Azariam,
3089 4633 3336 4699 inquam,
3361 4641 3418 4685 et

1836 4735 2090 4790 caeteros,
2132 4734 2284 4778 creat
2331 4724 2611 4795 principes
2670 4724 3009 4795 Babylonis:
3056 4738 3199 4794 quos
3248 4724 3415 4793 paulo

1837 4828 1963 4889 post
1982 4818 2212 4888 contigit
2230 4831 2454 4888 propter
2472 4818 2730 4873 invidiam
2750 4820 2994 4873 incidere
3014 4823 3067 4873 ln
3087 4818 3416 4889 periculum,

1836 4923 1961 4962 cum
1995 4925 2176 4976 regem
2206 4909 2566 4962 offendissent
2597 4910 2699 4961 hac
2730 4909 2798 4962 de
2821 4925 2985 4963 causa
3020 4926 3031 4960 :
3067 4925 3160 4961 rex
3194 4909 3281 4961 ille
3314 4909 3416 4961 Ba-

1837 4999 2073 5071 bylonis,
2105 5000 2249 5053 felici
2286 5015 2466 5054 rerum
2506 5015 2790 5064 successu,
2816 5012 2870 5053 et
2903 4999 3133 5054 inﬁnitis
3182 4998 3413 5066 divitiis,

1834 5100 1889 5145 et
1922 5089 2273 5144 multitudine
2308 5106 2495 5145 earum
2542 5106 2679 5160 quas
2745 5090 3106 5161 subjunxerat
3143 5092 3414 5161 gentium,

1837 5183 1889 5235 in
1915 5183 2229 5251 superbiam
2262 5183 2439 5237 elatus
2470 5190 2525 5235 et
2551 5181 2709 5237 valde
2766 5182 3006 5241 inflatus.
3038 5196 3092 5235 et
3121 5197 3413 5252 propemo-

1832 5274 1962 5326 dum
1995 5284 2218 5342 propter
2241 5274 2519 5327 levitatsm
2545 5290 2602 5329 se
2628 5274 2792 5328 deum
2817 5288 2940 5327 esse
2968 5273 3180 5327 visione
3208 5290 3414 5343 appre-

1831 5365 2515 5436 hendens,propemodum
2544 5382 2603 5421 se
2629 5368 2712 5421 vel
2733 5367 2867 5422 deos
2896 5383 2963 5420 eo
2992 5368 3110 5436 ipso
3135 5369 3223 5421 die
3255 5377 3410 5437 puta-

1832 5460 1922 5514 bat
1946 5473 2103 5526 posse
2140 5458 2366 5528 fingere,
2397 5469 2452 5513 et
2498 5475 2721 5514 suarum
2765 5474 3026 5513 manuum
3061 5475 3226 5529 opera
3272 5460 3411 5515 deos

1829 5552 2199 5606 contendebat
2230 5551 2467 5607 emcere.
2510 5552 2650 5607 llinc
2682 5552 2883 5607 factum
2915 5564 3020 5616 est,
3056 5566 3113 5611 ut
3140 5569 3264 5607 cum
3304 5569 3406 5609 au-

1830 5658 1976 5696 ream
2045 5646 2443 5699 construxisset

1828 5735 2142 5790 eubitorum
2200 5738 2512 5801 altitudine,
2549 5753 2644 5793 sex
2703 5750 2885 5793 autem
2924 5740 3233 5804 latitudine,
3283 5754 3404 5795 eam

1826 5830 2077 5885 statuerit
2111 5830 2167 5886 in
2198 5830 2380 5886 medio
2425 5846 2618 5903 campo
2675 5831 2987 5902 Babylonis,
3044 5832 3138 5902 qui
3174 5842 3403 5887 vocatur

2518 5654 2775 5710 statuam,
2836 5646 3117 5716 sexaginta
3178 5646 3405 5714 quidem
