3972 6464
528 382 635 442 379

1833 378 2120 442 MENSIS
2159 378 2453 442 IULIUS.

3674 384 3782 446 380

528 493 720 546 Deera.
754 489 965 544 Etcum
1018 502 1162 546 esset
1194 507 1314 546 eam
1370 503 1813 554 consecraturus,
1858 508 1926 546 ex
1982 501 2094 545 tota

2220 490 2387 543 τεδίου
2432 489 2749 554 Βαϐυλῶνος
2802 491 2986 563 Δεηρά
3039 492 3374 564 καλουμένου
3426 496 3521 549 καὶ
3568 495 3783 563 μέλλων

530 591 695 646 terra,
727 581 810 635 eni
839 579 1164 649 imperabat,
1198 582 1524 636 convocavit
1563 582 1771 651 primus
1828 591 2098 650 satrapas.

528 673 761 727 Dederat
794 687 929 725 vero
979 674 1060 726 eis
1108 688 1327 743 quoque
1354 673 1593 743 signum,
1626 683 1685 728 ut
1719 689 1826 726 non
1880 684 1986 727 tam
2020 682 2099 726 te-

528 781 703 825 mere,
734 780 835 819 nec
877 764 1084 833 absque
1128 764 1307 833 aliqua
1350 767 1561 819 ratione
1597 767 1647 819 ei
1688 764 1954 818 honorem
1999 765 2098 817 tri-

527 855 810 909 buerent:
855 855 951 909 sed
1017 864 1278 924 tanquam
1342 855 1498 925 signo
1568 855 1699 909 dato
1754 855 2099 916 accedentes,

526 961 651 1001 cum
692 961 890 1014 magno
922 954 1069 998 metu
1102 945 1419 998 adorarent.
1454 944 1579 998 Fuit
1620 953 1804 999 autem
1860 943 1964 995 tale
2016 944 2094 996 si-

526 1054 689 1109 gnum
727 1057 738 1089 :
774 1038 1023 1103 Quando,
1060 1036 1257 1105 inquit,
1293 1038 1567 1090 audierint
1594 1037 1803 1099 tubam,
1840 1034 1943 1089 huc
1990 1051 2104 1089 ma-

526 1147 630 1204 gna
669 1146 798 1184 voce
827 1130 1243 1199 significantem,
1274 1138 1402 1183 tunc
1432 1139 1671 1198 oportet,
1718 1129 1918 1197 inquit,
1977 1142 2103 1197 pro-

528 1222 770 1275 eidentes
803 1222 1031 1273 adorare
1068 1231 1302 1273 statuam
1340 1239 1350 1273 :
1386 1237 1482 1275 eos
1506 1236 1659 1282 vero,
1702 1223 1795 1290 qui
1848 1220 1952 1277 hoc
1993 1235 2099 1272 non

528 1314 775 1377 fecerint,
803 1315 1066 1366 continuo
1105 1314 1253 1382 injici
1282 1314 1335 1366 in
1362 1312 1638 1367 fornacem
1668 1312 1806 1382 ignis
1832 1312 2099 1365 ardentis.

528 1403 597 1458 Ut
631 1404 778 1455 enim
814 1413 959 1456 esset
992 1405 1043 1456 ei
1101 1404 1277 1473 majus
1312 1414 1367 1457 et
1420 1403 1622 1457 clarius
1672 1410 1949 1455 certamen
2002 1415 2103 1470 pro

526 1502 724 1557 statua,
753 1495 910 1562 jubet
973 1493 1253 1548 fornacem
1316 1511 1385 1549 ex
1442 1494 1715 1548 diametro
1786 1493 2101 1558 distantem,

526 1588 666 1655 pice,
692 1587 1005 1643 sarmentis.
1026 1588 1264 1656 naphtha
1292 1597 1346 1640 et
1366 1598 1560 1656 stuppa
1583 1587 1806 1641 accendi
1831 1603 1859 1639 e
1881 1587 2103 1655 regione

527 1687 719 1730 statua:
750 1695 762 1731 :
793 1688 852 1731 ut
882 1680 925 1732 si
963 1680 1086 1747 quis
1125 1679 1549 1732 convinceretur
1602 1678 1780 1745 jussui
1818 1678 1959 1748 regis
1995 1693 2102 1731 non

528 1770 849 1832 assentiens,
876 1770 931 1824 in
962 1769 1241 1825 fornacem
1284 1770 1467 1824 statim
1498 1770 1889 1839 conjiceretur.

601 2044 713 2101 VII.
740 2046 875 2101 Cum
912 2062 1104 2101 omnes
1132 2062 1285 2114 ergo,
1316 2056 1369 2099 ut
1394 2045 1529 2115 jussi
1564 2044 1800 2104 fuerant,
1823 2040 1935 2111 jam
1962 2056 2107 2095 reso-

530 2148 695 2191 nante
727 2140 880 2200 tuba,
920 2138 1214 2193 adorarent
1242 2147 1498 2195 statuam,
1532 2134 1583 2187 hi
1606 2144 1716 2189 tres
1745 2134 1844 2188 soli
1886 2148 2107 2187 recusa—

534 2238 663 2281 runt
690 2229 791 2282 hoc
820 2228 1023 2291 facere,
1061 2236 1117 2280 ut
1174 2243 1326 2282 sacra
1363 2226 1563 2280 docent
1603 2224 1829 2295 Eloquia
1865 2240 1877 2275 :
1918 2234 1976 2277 ut
2012 2222 2106 2291 qui

532 2321 739 2390 patrias
794 2319 937 2391 leges
996 2319 1302 2389 transgredi
1368 2319 1593 2372 minime
1653 2317 2018 2377 sustinerent,
2047 2318 2105 2365 et

533 2410 704 2466 Deum
730 2409 999 2462 dedecore
1027 2410 1264 2469 allicere,
1288 2418 1343 2461 et
1374 2407 1669 2459 simulacro
1708 2402 1909 2457 offerre
1968 2401 2107 2455 ado-

536 2498 823 2552 rationem.
856 2497 992 2551 Hinc
1025 2497 1224 2551 factum
1249 2505 1334 2551 est
1391 2506 1447 2549 ut
1472 2495 1614 2565 apud
1651 2494 1900 2562 iniquum
1927 2506 2109 2561 regem

533 2598 943 2647 accusarentur.
977 2588 1317 2644 Aceedentes
1343 2599 1547 2650 autem,
1604 2589 1697 2659 qui
1744 2603 1841 2643 eos
1877 2603 2107 2643 accusa-

533 2683 667 2737 bant
705 2701 717 2735 :
753 2684 888 2746 Rex,
928 2682 1206 2746 dixerunt,
1242 2681 1299 2740 ii.
1352 2681 1559 2751 quibus
1594 2698 1623 2734 a
1658 2691 1708 2736 te
1764 2681 1952 2735 datum
2023 2690 2110 2736 est

536 2774 829 2844 imperium
874 2774 1135 2844 regionis,
1179 2773 1434 2839 Sidrach,
1488 2775 1733 2843 inquam,
1771 2773 1881 2834 hic,
1923 2774 2109 2834 Misac,

533 2878 588 2922 et
618 2867 933 2938 Abdenago,
963 2883 1142 2938 neque
1166 2868 1392 2921 omnino
1418 2868 1695 2921 sustinent
1720 2864 1949 2921 adorare
1974 2866 2111 2920 ima-

535 2959 739 3027 ginem,
773 2974 950 3027 neque
1002 2959 1109 3013 tuis
1139 2957 1307 3028 jussis
1338 2958 1627 3013 obediunt.‘
1680 2957 1804 3012 [hec
1859 2974 1982 3012 cum
2033 2958 2108 3013 illi

536 3043 824 3114 dixissent,
856 3050 891 3104 ii
918 3051 1103 3105 statim
1134 3051 1385 3120 producti
1421 3061 1550 3105 sunt
1577 3061 1703 3105 ante
1738 3050 1974 3104 tribunal
2024 3064 2110 3102 re-

2205 580 2495 651 καθιεροῦν
2546 583 2741 647 αὐτὸν,
2771 584 3131 637 συνεκάλεσεν
3177 586 3235 651 ἐξ
3271 586 3489 655 ἀπάσης
3532 582 3602 655 ἦς
3638 582 3781 656 ἦρχε

2205 674 2308 743 γῆς
2351 675 2479 737 τοὺς
2520 674 2773 742 πρώτους
2809 677 2917 729 τῶν
2959 676 3279 746 σατραπῶν,
3310 677 3532 731 δεδώκει
3572 678 3630 731 δὲ
3683 679 3783 730 καὶ

2207 766 2435 833 σημεῖον
2465 766 2671 830 αὐτοῖς,
2698 767 2784 819 ἵνα
2814 768 2887 837 μὴ
2918 768 3104 831 ἁπλῶς
3138 766 3282 820 οὕτω
3308 767 3431 834 μηδ’
3459 768 3588 820 ἄνευ
3616 768 3783 835 λόγου

2202 863 2348 919 τινὸς
2383 857 2444 911 τὸ
2476 858 2639 921 σέϐας
2688 862 2837 932 αύτῷ
2872 862 3107 930 νέμοιεν,
3154 860 3268 913 ἀλλ’
3305 859 3493 927 ὥσπερ
3544 863 3608 913 ἐκ
3662 877 3787 912 συνο

2206 944 2449 1016 ϐήματος
2498 950 2821 1019 προσιόντας
2874 954 2969 1005 σὺν
3012 952 3163 1021 φὸὅῳ
3208 950 3388 1022 πολλῷ
3427 955 3785 1020 προσκυνεῖν.

2204 1041 2312 1093 Καὶ
2332 1040 2389 1092 τὸ
2409 1044 2631 1109 σημεῖον
2655 1042 2877 1107 τοιόνδε,
2926 1043 3141 1107 Ἠνίκα,
3184 1047 3371 1111 φησὶν,
3400 1044 3786 1111 σημαινούσης

2205 1129 2503 1183 ἀκούσουσι
2545 1131 2688 1200 μέγα
2719 1132 2816 1200 τῆς
2854 1133 3173 1199 σάλπιγγος,
3206 1135 3351 1195 τότε,
3393 1135 3546 1202 φησι,
3590 1132 3789 1183 πεσόν-

2205 1237 2304 1282 τας
2337 1227 2667 1289 προσκυνεῖν
2705 1222 2796 1275 τὸν
2824 1222 3148 1291 ἀνδριάνταο
3201 1225 3329 1285 τοὺς
3370 1222 3428 1275 δὲ
3490 1222 3564 1292 μὴ
3620 1222 3789 1274 τοῦτο

2206 1309 2493 1373 ποιοῦντας
2521 1311 2720 1373 εὐθέως
2750 1314 2815 1381 τῇ
2839 1312 2931 1364 τοῦ
2966 1313 3134 1383 πλρὸς
3164 1311 3504 1382 ιμδληθῆναι
3535 1313 3788 1379 καμίνῳ.

2209 1401 2327 1454 Ἵνα
2360 1402 2467 1470 γὰρ
2514 1402 2717 1469 μείζων
2765 1404 3043 1472 αὐτῷκαὶ
3065 1407 3529 1474 περιφανέστερος
3572 1406 3599 1456 ὁ
3640 1406 3792 1475 ὑπὲρ

2205 1492 2301 1545 τοῦ
2335 1493 2652 1561 ἀνδριάντος
2685 1494 2836 1559 ἀγὼν
2865 1499 3130 1565 καταστῇ,
3165 1498 3257 1548 καὶ
3290 1500 3519 1566 κάμινον
3567 1498 3629 1548 ἐκ
3662 1496 3788 1547 δια-

2211 1587 2412 1656 μέτρου
2446 1586 2728 1639 κατέναντι
2765 1589 2861 1655 τῆς
2898 1587 3107 1649 είκόνος
3148 1589 3414 1656 ὲκκαῆναι
3452 1589 3791 1657 προστάττει

2207 1682 2378 1751 πίσσῃ
2422 1682 2514 1734 καὶ
2551 1680 2861 1749 κληματίδι,
2897 1681 3031 1747 πρὸς
3065 1679 3121 1731 δὲ
3166 1678 3262 1731 καὶ
3306 1681 3484 1750 νάφθῃ
3527 1682 3623 1733 καὶ
3655 1697 3793 1732 στυ-

2208 1775 2345 1843 πείῳ
2401 1776 2639 1844 ἰσχυρῶς
2676 1775 3040 1843 τρεφομένην,
3075 1776 3141 1825 ἵν’
3187 1776 3337 1836 ὅστις
3391 1774 3667 1845 ἐλέγχοιτο
3708 1775 3794 1845 τῷ

2136 1840 2178 1896 Β
2213 1840 2731 1937 βασιλικῷἠδδγματι
2766 1840 3326 1936 γεῆ-κατατιθέμενος,
3369 1840 3564 1921 αὐτίκα
3600 1840 3794 1937 παραλ

2210 1958 2431 2011 διδῶται
2454 1961 2518 2029 τῇ
2552 1961 2790 2028 καμίνῳ.

2280 2050 2352 2103 Z'.
2388 2050 2613 2102 Πάντων
2653 2046 2749 2103 οῦν
2784 2049 2926 2103 κατὰ
2949 2049 3009 2102 τὸ
3037 2049 3329 2103 κελευσθὲν
3351 2050 3416 2102 ἐκ
3442 2049 3795 2119 συνθήματος

2209 2142 2449 2210 ἡκούσης
2489 2140 2588 2209 ἠδη
2617 2143 2715 2209 τῆς
2748 2140 3045 2206 σάλπιγγος
3083 2139 3531 2208 προσκυνούντων
3573 2141 3665 2191 τὸν
3693 2141 3798 2191 ἀν-

2210 2232 2455 2302 δριάντα,
2489 2233 2536 2283 οί
2564 2233 2714 2299 τρεῖς
2751 2226 2896 2283 οὗτοι
2932 2230 3083 2298 μόνοι
3125 2232 3281 2283 τοῦτο
3311 2231 3517 2300 πρᾶξαι
3548 2232 3795 2300 ἠπείθη-

2214 2340 2335 2386 σαν,
2382 2322 2455 2384 ὼς
2501 2321 2596 2373 καὶ
2639 2323 2705 2373 τά
2752 2320 2870 2389 ἱερά
2919 2320 3231 2372 διδάσκουσι
3281 2322 3472 2388 Λογια,
3512 2322 3605 2374 ἅτε
3658 2322 3796 2383 τοὺς

2213 2412 2497 2483 πατρῴους
2546 2411 2744 2480 νόμους
2790 2408 3108 2478 παραδῆναι
3154 2409 3228 2477 μὴ
3278 2411 3642 2477 ἀνασχόμενοι
3687 2410 3798 2463 καὶ

2210 2504 2303 2558 τὸν
2358 2503 2580 2573 ὕψιστον
2627 2502 2760 2555 Θεὸν
2801 2501 3071 2571 ἀτιμάσαι
3107 2501 3201 2553 καὶ
3238 2498 3442 2569 είδώλῳ
3487 2515 3799 2567 προσενεγ-

2212 2601 2330 2659 κεῖν
2364 2596 2462 2666 τὴν
2492 2595 2866 2665 προσκύνησιν
2892 2610 2908 2625 ·
2955 2594 3131 2666 ταύτῃ
3170 2610 3249 2647 τοι
3296 2594 3390 2645 καὶ
3443 2592 3521 2663 τῷ
3563 2592 3799 2662 πονηρῷ

2213 2688 2593 2744 διαϐάλλονται
2629 2686 2875 2755 βασιλεῖ’
2914 2689 3010 2739 καὶ
3051 2688 3441 2756 προσελθόντες
3478 2687 3528 2739 οί
3563 2686 3802 2740 διαϐάλ-

2216 2782 2399 2843 λοντες
2442 2777 2673 2841 αὐτούς·
2708 2776 2963 2840 Βασιλεῦ,
3013 2776 3242 2846 ἔφησαν,
3289 2779 3339 2829 οἱ
3372 2778 3522 2847 παρά
3563 2777 3658 2830 σοῦ
3688 2778 3797 2847 τῆς

2214 2873 2398 2946 χώρας
2424 2873 2615 2943 ἄρχειν
2638 2871 2917 2940 λαχόντες,
2948 2868 3156 2937 Σεδράκ
3177 2864 3330 2930 οὗτος
3361 2869 3455 2921 καὶ
3479 2870 3662 2922 Mtde
3693 2872 3800 2925 καὶ

2229 2964 2559 3032 Ἀὗδεναγὼ,
2581 2963 2702 3016 οὔτε
2736 2966 2802 3033 τῇ
2838 2963 3008 3015 εἰκόνι
3040 2963 3371 3031 προσκυνεῖν
3396 2961 3532 3024 ὅλως
3564 2963 3803 3030 ἀνέχον-

2216 3073 2327 3121 ται,
2370 3055 2493 3107 οὒτε
2544 3055 2651 3124 μὴν
2694 3058 2807 3118 τοῖς
2855 3057 2966 3116 σοῖς
3018 3054 3354 3125 διατάγμασι
3410 3054 3797 3124 πειθαρχοῦσι.

535 3142 704 3213 είυῐη-
765 3141 905 3208 Ουίά
948 3158 1079 3211 ⁸1⁸80
1131 3142 1392 3210 deinceps
1430 3151 1514 3195 εει
1568 3140 1971 3194 εοιιεοουιυηιῗ
2018 3139 2111 3193 Πιο
2139 3174 2182 3232 c
2218 3149 2405 3205 Ταῦτα
2434 3144 2588 3201 εἶπον
2619 3150 2841 3213 ἐκεῖνοι,
2878 3148 2969 3201 καὶ
3002 3148 3372 3217 ταχὺτούτους
3397 3149 3475 3210 είς
3511 3148 3806 3215 παράστα-

537 3234 761 3303 quidem
798 3233 1029 3302 rogavit,
1078 3248 1145 3285 an
1178 3247 1306 3285 vera
1332 3238 1544 3295 essent,
1570 3241 1626 3285 et
1656 3230 1864 3285 nollent
1885 3246 2107 3287 auream

538 3332 776 3379 statuam
814 3323 1046 3377 adorare
1092 3338 1216 3377 eum
1257 3322 1397 3377 aliis.
1448 3323 1676 3378 Dicebat
1706 3324 1851 3377 enim
1881 3339 1939 3379 se
2004 3340 2112 3378 non

537 3416 765 3471 credere
798 3416 913 3471 haec
932 3431 1052 3471 esse
1095 3432 1242 3472 vera.
1272 3416 1353 3470 Illi
1399 3432 1526 3470 vero
1562 3432 1759 3486 magno
1790 3426 1846 3470 et
1890 3417 2113 3470 excelso

539 3509 726 3563 animo
759 3508 1097 3561 dixeruntse
1126 3510 1334 3561 nullum
1371 3509 1537 3561 alium
1588 3508 1817 3569 habere,
1873 3508 1977 3561 nisi
2029 3523 2121 3561 so-

539 3600 654 3654 lum
683 3599 852 3654 Deum
888 3600 941 3652 in
974 3599 1127 3654 caelis
1164 3616 1178 3654 :
1210 3599 1303 3669 qui
1336 3602 1443 3652 nos
1464 3607 1668 3667 potest,
1704 3614 1735 3651 0
1763 3615 1875 3665 rex,
1898 3599 2116 3668 eripere

539 3709 603 3747 ex
643 3692 747 3746 hac
772 3691 994 3746 fornace
1031 3692 1279 3754 ardente,
1316 3700 1371 3743 et
1400 3707 1465 3744 ex
1488 3692 1594 3744 tuis
1619 3692 1894 3744 manibus.
1949 3689 2116 3745 Certo

540 3786 686 3838 enim
740 3786 904 3845 scias,
961 3784 1107 3851 quod
1140 3798 1240 3835 nos
1285 3784 1418 3835 deos
1455 3792 1577 3835 tuos
1622 3798 1731 3835 non
1776 3786 2038 3846 colemus,
2065 3792 2119 3834 et

544 3889 789 3935 auream,
823 3888 986 3941 quant
1017 3872 1270 3940 posuisti,
1314 3884 1545 3930 statuam
1588 3888 1696 3926 non
1737 3872 2118 3927 adorabimus.

545 3969 925 4036 Ilistyrannus
960 3982 1069 4021 non
1100 3972 1281 4019 minus
1312 3968 1391 4019 ira
1419 3981 1707 4027 accensus.
1734 3982 1898 4036 quam
1924 3965 2113 4020 fornax

544 4062 939 4132 ardens,jnbet
973 4063 1145 4115 iratus
1180 4063 1331 4115 viros
1377 4062 1655 4125 robustos,
1700 4060 1951 4113 Azariam
1995 4075 2121 4113 eum

542 4158 777 4218 caeteris,
811 4157 1022 4209 vinctos
1045 4170 1168 4209 cum
1222 4156 1467 4208 vestibus
1520 4164 1575 4206 et
1611 4153 1911 4219 tibialibus,
1960 4152 2033 4206 ita
2064 4160 2124 4205 ut

543 4259 722 4313 erant,
761 4248 815 4301 in
848 4247 1126 4301 fornacem
1164 4245 1412 4315 injicere.
1442 4245 1508 4300 Et
1546 4244 1629 4300 illi.
1665 4244 1886 4316 quidem
1936 4245 2121 4297 statim

546 4344 601 4398 in
635 4343 815 4413 ignem
852 4340 1059 4409 injecti,
1090 4339 1275 4393 divina
1330 4338 1677 4408 providentia
1724 4344 2123 4391 conservantur

547 4435 725 4497 illesi,
759 4442 815 4487 et
837 4430 1235 4484 admirabiliter
1262 4446 1327 4483 ac
1348 4440 1539 4484 contra
1576 4429 1892 4499 Opinionem
1945 4428 2123 4481 mani-

2220 3262 2304 3298 σιν
2337 3243 2397 3296 τὸ
2428 3242 2709 3309 βασιλικὸν
2734 3242 2948 3312 ἐδέχετο
2982 3242 3162 3312 βῆμαο
3195 3242 3247 3292 τί
3275 3240 3368 3294 οὖν
3399 3240 3460 3291 τὸ
3494 3239 3754 3292 ἐντεῦθεν
3782 3257 3800 3305 ;

2225 3335 2285 3388 '0
2318 3335 2418 3405 μὲν
2441 3337 2489 3386 εί
2518 3333 2694 3404 ἀληθῆ
2731 3333 2905 3386 ταῦτα
2949 3333 3334 3385 διεπυνθάνετο
3379 3330 3472 3381 καὶ
3507 3333 3572 3398 τῇ
3612 3335 3799 3401 χρυσῇ

2216 3424 2383 3476 είκόνι
2416 3421 2554 3489 μετά
2579 3420 2687 3470 τῶν
2715 3419 2890 3472 ἄλλων
2924 3420 2984 3470 ού
3024 3420 3350 3486 προσκυνεῖν
3378 3416 3653 3485 βούλοιντο
3672 3432 3686 3446 ⁸
3719 3421 3803 3491 μὴ

2215 3509 2410 3575 δὲγάρ
2444 3507 2724 3561 πιστεύειν
2748 3506 2936 3574 ἔλεγεν
2968 3507 3226 3575 ἀληθείας
3248 3506 3467 3575 ἔχεσθαι
3495 3508 3668 3561 ταῦτα
3691 3524 3703 3538 ·
3748 3514 3805 3563 οἱ

2216 3601 2273 3654 δὲ
2310 3599 2682 3671 μεγαλόφρονι
2720 3599 2929 3670 διανοίᾳ
2960 3599 3112 3652 οὐδὲν
3152 3600 3338 3668 ἕτερον
3374 3598 3406 3667 ἢ
3450 3598 3595 3667 ἔχειν
3630 3601 3807 3667 μόνον

2216 3694 2350 3747 Θεὸν
2381 3697 2437 3747 ἐν
2464 3694 2715 3763 οὐρανοῖς
2748 3693 3008 3761 ἐιρασκον,
3034 3693 3091 3757 δς
3125 3692 3410 3758 ἐξελέσθαι
3444 3694 3591 3761 ἡμᾶς
3630 3692 3804 3747 δύνα-

2216 3801 2310 3835 ται
2343 3784 2439 3850 τῆς
2476 3784 2711 3850 καμίνου
2739 3782 2944 3848 ταύτης
2979 3783 3080 3853 τῆς
3115 3788 3409 3856 καιομένης
3436 3786 3527 3837 καὶ
3555 3783 3661 3836 τῶν
3687 3786 3816 3839 σῶν

2220 3875 2442 3945 χειρῶν,
2473 3868 2516 3927 ὦ
2549 3871 2792 3943 βασιλεῦ.
2828 3874 3075 3927 Γνωστὸν
3118 3878 3226 3947 γὰρ
3257 3878 3474 3949 ἀληθῶς
3515 3878 3657 3930 ἔστω
3690 3895 3805 3945 σοι,

2218 3968 2300 4020 δτι
2333 3968 2446 4029 τοῖς
2476 3964 2619 4028 θεοῖς
2663 3980 2758 4016 σου
2798 3962 2855 4015 οὐ
2890 3961 3230 4035 λατρεύομεν
3274 3969 3368 4020 καὶ
3412 3971 3476 4038 τῇ
3509 3970 3679 4021 εικόνι
3732 3974 3806 4041 τῇ

2220 4060 2396 4127 χρυσῇ
2483 4056 2725 4126 ἔστησας
2747 4055 2808 4108 οὐ
2831 4056 3277 4128 προσκυνοῦμεν.
3307 4056 3530 4118 Τούτοις
3556 4057 3582 4107 δ
3599 4057 3811 4126 τύραν·

2222 4164 2309 4210 νος
2334 4148 2488 4199 οὐδὲν
2514 4164 2677 4217 ηττον
2714 4150 2809 4214 τῆς
2841 4150 3176 4219 ἀναφθείσης
3207 4150 3442 4217 καμίνου
3482 4148 3811 4213 διακαυθεὶς

2224 4237 2425 4306 ἄνδρας
2450 4237 2704 4307 ίσχυροὺς
2736 4238 2793 4287 ὲν
2820 4237 2956 4306 ὀργῇ
2990 4236 3201 4288 κελεύει
3228 4239 3355 4299 τοὺς
3381 4255 3443 4288 πε
3456 4237 3505 4304 pi.
3541 4238 3811 4305 Ἀζαρίαν

2224 4331 2419 4394 αὐταῖς
2449 4329 2665 4392 στολαῖς
2693 4330 2787 4381 καὶ
2822 4330 3217 4398 περικνημῖσιν
3247 4328 3323 4392 ὼς
3353 4324 3497 4397 εἶχον
3534 4329 3815 4408 πεδήσαν-

2224 4442 2338 4488 τες,
2375 4426 2639 4493 ἐμϐαλεῖν
2672 4426 2751 4489 είς
2791 4423 2890 4496 τὴν
2926 4424 3197 4493 κάμινον·
3242 4424 3337 4478 καὶ⁵
3383 4425 3432 4477 οί
3477 4424 3575 4494 μὲν
3616 4424 3700 4485 είς
3744 4424 3814 4476 τὸ

546 4524 745 4579 festum
770 4520 1042 4591 eﬂugiunt
1068 4519 1396 4589 periculum.
1437 4519 1554 4574 Non
1587 4519 1736 4574 enim
1767 4534 1865 4572 eos
1899 4517 2114 4572 omnino

2231 4516 2342 4585 πῦρ
2374 4516 2576 4577 εὐθέως
2608 4516 2929 4587 βληθέντες,
2957 4514 3022 4567 ὲκ
3066 4516 3323 4585 προνοίας
3355 4515 3504 4578 θείας
3542 4513 3815 4577 άσλαδεῖς

548 4616 691 4685 ignis
723 4614 925 4684 attigit,
981 4628 1160 4681 neque
1194 4627 1291 4666 eos
1322 4612 1431 4665 ulla
1464 4611 1649 4664 affecit
1682 4610 1955 4663 molestia.
2017 4608 2125 4664 Sed

547 4720 672 4760 cum
705 4720 812 4757 una
844 4720 967 4764 cum
1006 4707 1087 4757 eis
1116 4704 1491 4759 descendisset
1521 4715 1576 4757 et
1616 4704 1875 4773 Angelus,
1935 4703 2124 4756 statim

549 4791 775 4862 quidem
801 4807 829 4845 a
871 4792 1282 4860 circumpositis
1313 4793 1631 4844 relaxantur
1683 4792 1919 4846 vinculis
1947 4810 1956 4843 :
1992 4808 2126 4846 aura

553 4892 735 4940 autem
767 4899 891 4937 rore
942 4898 1258 4955 aspergens,
1284 4884 1364 4937 eis
1387 4885 1564 4938 evasit
1590 4883 1752 4955 ignis,
1783 4894 1838 4937 et
1862 4896 2122 4954 tanquam

552 4978 605 5029 in
670 4977 909 5037 thalamo
961 4977 1014 5030 in
1072 4977 1251 5030 media
1285 4976 1501 5031 ﬂamma
1547 4986 1780 5039 stantes,
1833 4977 2130 5030 laudabant

553 5070 724 5124 Deum
767 5070 1152 5123 universorum
1191 5086 1204 5121 :
1237 5069 1565 5125 Benedictus
1607 5086 1689 5134 es,
1720 5070 1991 5134 dicentes,
2025 5069 2130 5122 Do-

557 5167 726 5232 mine,
766 5166 910 5219 Deus
936 5173 1153 5235 patrum
1188 5174 1523 5229 nostrorum,
1542 5176 1610 5221 ,ει
1638 5166 1912 5221 laudabile
1939 5173 1993 5219 et
2016 5164 2130 5235 glo-

560 5259 769 5312 riosum
796 5268 881 5313 est
908 5273 1108 5311 nomen
1144 5268 1296 5312 tuum
1348 5260 1401 5312 in
1441 5261 1637 5314 saecula
1664 5276 1676 5311 :
1707 5268 1763 5313 et
1821 5275 1943 5327 quae
1974 5258 2133 5312 dein-

556 5364 687 5418 ceps
737 5357 1047 5417 sequuntur
1100 5350 1153 5402 in
1211 5351 1443 5403 cantico.
1501 5350 1609 5405 Eos
1651 5366 1781 5404 vero
1841 5350 1936 5420 qui
1983 5351 2131 5419 ipsos

558 5434 913 5502 accusabant,
936 5439 1238 5501 Chaldaeos,
1270 5449 1326 5493 et
1356 5440 1557 5493 multos
1600 5441 1737 5494 alios
1773 5457 1839 5494 ex
1872 5441 2129 5511 Assyriis,

561 5531 702 5600 ignis
727 5545 1027 5584 excurrens
1052 5529 1290 5598 perdidit
1319 5537 1373 5583 et
1403 5530 1703 5584 interemit.
1760 5532 1852 5585 Sic
1873 5533 2048 5601 gloria
2078 5542 2135 5587 et

561 5626 773 5679 honore
802 5637 1065 5678 coronare
1093 5624 1247 5676 novit
1268 5624 1413 5677 Deus
1436 5638 1552 5685 eos,
1578 5625 1673 5693 qui
1704 5641 1895 5679 revera
1931 5640 2132 5681 nomen

566 5718 717 5771 illius
742 5708 1068 5786 glorificant.
1099 5716 1189 5770 Sic
1216 5714 1320 5769 ﬁde
1369 5716 1568 5785 dignus
1596 5727 1701 5781 est,
1733 5718 1825 5787 qui
1856 5718 2131 5788 promisit,

562 5808 707 5883 quod
780 5808 993 5864 etiamsi
1030 5824 1125 5878 per
1165 5809 1342 5877 ignem
1386 5810 1595 5874 venias,
1628 5826 1733 5865 non
1770 5812 2133 5874 combureris,

2228 4607 2586 4670 διασώζονται
2626 4608 2719 4659 καὶ
2757 4607 3077 4675 παραδόξως
3133 4606 3224 4658 τὸν
3255 4607 3508 4677 προφανῆ
3556 4606 3814 4660 κίνδυνον

2230 4698 2671 4766 ὑποφεύγουσιν·
2705 4699 2767 4751 οὐ
2795 4699 2902 4769 γὰρ
2938 4699 3118 4768 ἥψατο
3148 4696 3333 4751 αὐτῶν
3377 4697 3437 4751 τὸ
3480 4697 3711 4750 καθόλου
3746 4700 3817 4751 τὸ

2232 4790 2342 4860 πῦρ
2373 4790 2499 4844 οὐδὲ
2534 4789 2641 4861 μὴν
2676 4789 2914 4860 ὲλύπηοε
2945 4792 3006 4843 τὸ
3036 4791 3317 4859 παράπαν,
3352 4789 3488 4843 ἀλλὰ
3529 4805 3818 4857 συγκαταο

2232 4882 2429 4945 ὁάντος
2454 4885 2637 4944 αὐτοῖς
2669 4884 2925 4950 ἀγγέλου,
2950 4882 3191 4935 ἀνίενται
3218 4881 3316 4952 μὲν
3351 4882 3459 4935 τῶν
3487 4884 3820 4951 περικειμέ-

2233 4997 2339 5032 νων
2376 4978 2573 5031 αὐτίκα
2606 4977 2823 5043 δεσμῶν
2848 4991 2863 5009 ο
2894 4975 3035 5045 αὖρα
3066 4974 3122 5026 δὲ
3157 4972 3482 5043 δροσίζουσα
3501 4974 3562 5026 τὸ
3584 4973 3695 5042 πῦρ
3717 4975 3818 5026 αὑ·-

2233 5072 2347 5133 τοῖς
2387 5071 2657 5138 ἐγεγόνει,
2691 5068 2786 5121 καὶ
2828 5067 2901 5129 ὼς
2947 5069 3006 5119 ἐν
3048 5065 3282 5119 παστάδι
3332 5068 3400 5135 τῇ
3439 5064 3599 5132 φλογὶ
3644 5065 3821 5125 μέσον

2236 5163 2469 5225 ἑστῶτες
2490 5164 2579 5215 τὸν
2604 5161 2695 5214 ἐπὶ
2717 5160 2934 5213 πάντων
2961 5157 3168 5227 ὕμνουν
3199 5157 3333 5209 Θεόν
3350 5174 3365 5189 ·
3392 5156 3704 5227 Εὐλογητὸς
3740 5155 3817 5223 εἰ,

2237 5254 2432 5325 Κύριε,
2463 5254 2735 5322 λέγοντες,
2765 5254 2793 5306 ὁ
2823 5251 2955 5313 Θεὸς
2972 5251 3080 5303 τῶν
3108 5249 3361 5318 πατέρων
3386 5248 3562 5317 ἡμῶν,
3597 5251 3688 5302 καὶ
3725 5250 3823 5299 αἰ-

2236 5348 2389 5400 νετὸν
2414 5346 2507 5399 καὶ
2528 5343 2913 5412 δεδοξασμένον
2938 5342 2997 5393 τὸ
3019 5339 3190 5409 ὄνομά
3210 5354 3302 5390 σου
3330 5340 3408 5400 είς
3434 5338 3562 5399 τοὺς
3584 5336 3819 5401 αἰῶνας,

2238 5440 2331 5493 καὶ
2364 5440 2431 5491 τὰ
2461 5438 2588 5504 ἑξῆς
2617 5435 2717 5504 τῆς
2749 5433 2919 5504 ᾠδῆς
2960 5434 3086 5493 τοὺς
3114 5431 3169 5483 δὲ
3209 5426 3563 5489 διαϐαλόντας
3613 5426 3820 5490 αὐτοῦς

2240 5530 2541 5591 Χαλδαίους
2566 5529 2661 5581 καὶ
2685 5526 2915 5588 πολλοὺς
2939 5524 3127 5583 ἀλλους
3156 5521 3263 5574 τῶν
3297 5520 3597 5590 ’Δσσυρίων
3617 5521 3678 5571 τὸ
3700 5518 3821 5590 πῦρ

2241 5622 2512 5692 ὲκδραμὸν
2545 5618 2820 5689 διέφθειρέ
2852 5634 2913 5669 τε
2942 5616 3036 5669 καὶ
3070 5615 3151 5677 είς
3175 5615 3326 5675 τέλος
3348 5611 3631 5665 ἀπώλεσεν
3657 5648 3673 5666 .
3707 5607 3824 5664 Οδ.

2242 5734 2318 5768 τω
2353 5714 2482 5784 δόξῃ
2512 5714 2605 5765 καὶ
2637 5713 2766 5781 τιμῇ
2798 5708 3100 5775 στεφανοῦν
3133 5703 3239 5760 οἶδε
3271 5706 3403 5768 Θεὸς
3424 5707 3547 5767 τοὺς
3580 5703 3728 5774 ἔργῳ
3756 5704 3821 5757 τὸ

2240 5808 2453 5863 ὶκείνου
2488 5805 2813 5871 δοξάζοντας
2864 5804 3036 5873 amp:
3060 5818 3071 5829 ·
3109 5800 3252 5857 οὕτω
3282 5800 3468 5862 πιστὸς
3495 5802 3521 5852 ὁ
3549 5800 3821 5865 ἐπαγγει-
