3972 6452
171 406 246 467 381
1162 405 1334 467 VITA
1379 405 1440 465 S.
1499 399 1923 462 PROPHE'F/E
1961 398 2344 459 DANIELIS.

3290 393 3396 453 382

173 525 391 587 λαμενος,
443 521 522 570 δτι
555 517 674 570 Κᾶν
715 517 803 569 διά
849 520 1014 584 πυρὸς
1054 517 1290 586 διέλθῃς,
1329 517 1389 568 οὗ
1430 516 1504 585 μὴ
1539 531 1711 568 κατα-

1822 528 1992 582 neque
2025 510 2266 564 ardebis.
2304 509 2484 577 Atque
2521 506 2635 559 haec
2670 502 2893 573 quidem
2932 501 3010 556 sic
3061 499 3398 557 habuerunt,

173 611 345 678 καυθῇς
373 610 494 660 οὐδὲ
536 609 609 678 μὴ
650 608 993 677 συμφλεγῇς.
1024 605 1148 676 Εἶχε
1187 609 1286 676 μὲν
1327 607 1471 660 οῦτω
1504 606 1709 659 ταῦτα·

173 704 246 753 ni.
269 703 312 753 οί
342 703 487 769 τρεῖς
517 699 704 762 παῖδες
729 701 786 751 ὲν
809 701 874 770 τῇ
900 699 1114 768 καμίνῳ
1145 699 1356 768 διῆγον,
1393 699 1470 751 ἔτι
1504 699 1592 752 τὸν
1621 700 1714 751 ἐπὶ

175 799 360 846 πάντων
393 793 674 853 αἰνοῦντες
699 793 764 843 Θε
775 791 851 843 όν.

228 885 297 939 H'.
339 888 395 938 '0
429 884 781 952 βασιλευς’δὲ
832 884 891 934 τὸ
931 885 1162 953 πρᾶγμα
1195 883 1284 935 διὰ
1315 882 1590 949 θαύματος
1625 881 1714 932 θέ-

174 993 330 1040 μ.νος,
361 975 451 1026 τοῦ
490 975 680 1042 θρόνου
722 971 818 1040 μὲν
849 971 1011 1034 εὐθὺς
1035 975 1408 1037 ἐξανίσταται·
1443 969 1716 1036 διαπορῶν

170 1068 213 1116 δὲ
239 1063 318 1133 ἦν,
354 1065 469 1124 πῶς
514 1064 622 1132 ἄρα
665 1064 811 1132 τρεῖς
856 1063 985 1132 παρ’
1021 1062 1185 1114 αὑτοῦ
1231 1065 1296 1131 τῇ
1332 1062 1549 1130 καμίνῳ
1587 1060 1717 1129 βλη-

172 1157 328 1216 θέντες
365 1155 629 1220 τέσσαρες
664 1150 1170 1221 ἄρτικαθορῶνται,
1210 1153 1376 1222 μηδὲν
1407 1152 1650 1221 λυπηρὶν
1682 1154 1712 1222 ἢ

172 1245 305 1308 ἀηδὲς
331 1244 464 1303 ὅλως
514 1242 758 1309 ἒχοντες’
807 1241 838 1310 ἡ
886 1237 980 1291 τοῦ
1020 1241 1283 1308 τετάρτου
1320 1241 1373 1290 δὲ
1405 1239 1524 1306 ut;
1551 1241 1714 1307 ὁμοία

174 1335 266 1402 ΥΞῴ
299 1335 452 1396 Θεοῦ,
481 1336 574 1386 καὶ
609 1333 808 1384 αὐτίκα
855 1333 992 1400 πρὸς
1034 1335 1096 1401 τῇ
1143 1332 1281 1401 Οὖρα
1334 1332 1428 1384 τοῦ
1479 1334 1712 1398 καμίνου

173 1432 434 1497 γενόμενος
459 1447 472 1460 ·
507 1429 732 1496 Σεδράχ,
767 1428 890 1496 ἔφη,
918 1429 1009 1478 καὶ
1042 1427 1228 1479 Μισακ
1258 1429 1350 1478 καὶ
1382 1426 1712 1494 Ἀϐδεναγὼ,

171 1522 209 1570 οἱ
232 1520 396 1572 δοῦλοι
423 1520 515 1570 τοῦ
545 1518 680 1570 Θεοῦ
726 1518 818 1568 τοῦ
864 1518 1114 1583 ὑψίστου,
1139 1517 1380 1580 ὲξέλθετε
1411 1521 1503 1569 καὶ
1531 1518 1709 1571 δεῦτε·

167 1613 205 1662 οί
230 1612 278 1663 δὲ
306 1610 528 1678 ἐξῆλθον
560 1609 684 1662 σῶοι
733 1609 823 1661 καὶ
853 1608 1086 1672 ἄθικτοι,
1127 1609 1258 1678 μηδὲ
1302 1611 1484 1678 τριχὸς
1533 1610 1713 1664 αὐτῶν

166 1705 240 1754 τοῦ
267 1706 431 1772 πυρὸς
457 1703 874 1773 κυριεύσαντος.
904 1704 1091 1756 Ταῦτα
1113 1703 1188 1766 ὡς
1223 1698 1362 1756 εἶδεν
1383 1707 1408 1756 ὁ
1438 1704 1711 1772 βασιλεὺς,

165 1797 243 1865 τὴν
270 1796 574 1864 ὑπερϐολὴν
599 1795 691 1846 τοῦ
727 1795 1028 1859 θαύματος,
1057 1796 1258 1864 μᾶλλον
1289 1797 1344 1848 δὲ
1371 1798 1478 1849 τῶν
1504 1798 1715 1866 θαυμά-

164 1904 252 1938 των
278 1885 668 1952 καταπλαγεὶς,
706 1885 784 1936 ὅτι
812 1901 868 1935 τε
902 1885 1183 1951 κρείττους
1211 1883 1475 1952 ὤφθησαν
1505 1887 1710 1938 τοιοῦδε

165 1977 330 2044 πυρὸς,
361 1978 453 2028 καὶ
487 1976 567 2027 ὅτι
604 1975 678 2043 μὴ
710 1973 894 2034 ἁπλῶς
922 1974 1231 2043 κρείττους,
1255 1973 1391 2024 ἁλλά
1425 1975 1559 2042 μηδὲ
1592 1974 1714 2043 Θρὶξ

163 2068 316 2118 αἰτῶν
344 2070 401 2118 το
424 2065 902 2134 εὑμαραντότατον
925 2064 1163 2135 τοσαύτῃ
1195 2066 1481 2136 παρερρὑ
1515 2068 1673 2135 φλογί
1696 2083 1708 2096 ⁸

162 2178 276 2229 τρο(
319 2162 530 2223 τούτοις
566 2162 645 2213 ὅτι
681 2159 959 2228 δεδεμένοι
1001 2158 1150 2222 ὄντες
1173 2159 1333 2221 εὐθὺς
1385 2161 1704 2230 ἀνείθησαν,

161 2256 238 2303 καὶ
272 2259 456 2322 οτιπερ
503 2255 561 2303 ὲν
614 2255 681 2321 τῇ
732 2253 950 2321 καμίνῳ
993 2252 1262 2321 παρόντες
1309 2252 1386 2304 ἔτι
1429 2253 1522 2306 καὶ
1568 2253 1714 2323 ᾄδειν

161 2343 412 2410 ἠκούοντο,
444 2344 470 2395 ὃ
503 2346 615 2407 τοῖς
664 2346 719 2396 ὲν
759 2343 920 2411 φλογὶ
953 2343 1186 2396 Θάνατον
1221 2344 1386 2407 ὀξέως
1435 2340 1576 2397 οἶδεν
1613 2347 1714 2398 ὲπο

161 2438 290 2502 ἁγειν
339 2437 476 2504 αὐτῇ
515 2437 862 2504 παραχρῆμα
893 2437 1242 2505 τῇδιανοίξει
1282 2437 1376 2488 τοῦ
1422 2439 1713 2507 στόματος,

161 2527 235 2577 καὶ
271 2527 348 2578 ὅτι
391 2527 451 2579 τὸ
494 2526 606 2594 πῦρ
650 2528 827 2578 ἐκεῖνο
859 2526 884 2576 ὃ
910 2529 1007 2594 τῆς
1035 2528 1243 2588 οἰκείας
1291 2529 1347 2578 ὲν
1378 2527 1589 2590 τούτοις
1629 2531 1714 2594 ἐξ·

161 2621 359 2678 (inﬂato
414 2621 659 2688 φύσεως,
704 2621 762 2670 ἐν
803 2623 915 2675 τοῖς
972 2619 1102 2686 περὶ
1157 2619 1257 2689 τὴν
1322 2619 1552 2689 κάμινον
1595 2617 1714 2675 οὖσι

161 2711 424 2774 Χαλδαίοις
458 2711 572 2780 πῦρ
602 2710 829 2772 ἀκριϐὲς
859 2705 926 2780 ἦν
957 2711 1050 2763 καὶ⁵
1079 2711 1202 2764 οὐδὲ
1237 2712 1379 2765 κατά
1405 2711 1588 2782 χώραν
1618 2715 1714 2781 με.

163 2819 256 2862 νον,
284 2802 394 2854 ἁλλ’
423 2802 570 2866 tim
613 2801 706 2852 καὶ
737 2802 1031 2871 ἁλλόμενον
1074 2803 1167 2853 καὶ
1212 2804 1340 2864 τοὺς
1391 2802 1574 2866 ἀξίους
1623 2803 1714 2856 εὖ·

163 2894 453 2962 μαρέστατα
499 2893 865 2959 κατα-ρλέγον·
925 2893 1100 2945 ταῦτα
1158 2893 1336 2946 πάντα
1387 2893 1596 2956 ἐκεῖνος
1641 2895 1716 2956 ὡς

162 2982 295 3048 εἶδεν,
331 2989 409 3047 είς
440 2986 547 3052 γῆν
589 3001 649 3034 τε
697 2983 858 3046 εὐθὺς
879 2984 1075 3036 ἔπιπτε
1127 2984 1252 3048 καὶ,
1295 2983 1596 3054 Βὸλόγητος
1642 2980 1712 3052 εἴ,

162 3078 327 3145 Κύριε,
359 3077 575 3146 μεγάλῃ
599 3074 800 3143 ἓκραζε
831 3078 895 3145 τῇ
928 3080 1103 3147 φωνῇ,
1138 3077 1166 3129 δ
1188 3076 1322 3139 Θεὸς
1348 3075 1441 3128 τοῦ
1483 3078 1712 3146 Σεδρὰχ,

1817 618 1872 662 et
1909 619 2016 660 tres
2051 605 2208 673 pueri
2246 602 2516 671 degebant
2564 600 2616 653 in
2645 598 2867 652 fornace
2897 594 3186 649 laudantes
3225 593 3394 645 Deum

1823 699 2224 752 universorum.

1893 878 2028 932 VIII.
2061 877 2174 929 Rex
2204 883 2386 928 autem
2430 887 2543 925 rem
2576 869 2904 932 admiratus,
2937 863 3120 920 statim
3173 863 3394 932 quidem

1820 972 1995 1038 surgit
2037 986 2066 1022 e
2102 967 2300 1020 throno
2341 983 2352 1017 :
2389 962 2677 1016 dubitabat
2726 969 2932 1020 autem,
2970 956 3247 1024 quomodo
3282 965 3396 1007 tres

1820 1064 1887 1115 ab
1910 1077 1975 1116 eo
2012 1061 2245 1128 conjecti
2283 1058 2334 1110 in
2391 1057 2692 1114 fornacem,
2720 1067 2869 1104 nunc
2901 1057 3202 1103 cernantur
3256 1061 3395 1115 qua-

1823 1164 1966 1212 tuor.
1994 1152 2086 1220 qui
2119 1149 2257 1202 nihil
2285 1147 2510 1200 omnino
2533 1160 2696 1214 grave
2717 1153 2810 1196 aut
2836 1142 3122 1194 molestum
3149 1153 3393 1191 sensere.

1822 1249 2091 1314 Aspcetus
2123 1259 2255 1296 vero
2301 1243 2479 1311 quarti
2528 1248 2613 1292 est
2637 1238 2834 1293 similis
2869 1236 3007 1289 Filio
3037 1234 3152 1286 Dei.
3182 1231 3250 1286 Et
3286 1243 3396 1284 sta-

1823 1341 1916 1394 tim
1953 1337 2220 1392 accedens
2254 1335 2320 1389 ad
2352 1336 2552 1389 ostium
2574 1331 2833 1394 fornacis,
2872 1328 3144 1384 Sedrach.
3193 1327 3392 1393 inquit,

1818 1440 1874 1486 et
1909 1431 2096 1490 Misac,
2124 1437 2178 1482 et
2211 1427 2529 1497 Abdenago,
2566 1424 2710 1480 servi
2748 1423 2842 1476 Dei
2875 1419 3146 1480 altissimi,
3183 1418 3326 1470 exite
3343 1424 3400 1469 et

1819 1524 2018 1578 venite.
2084 1522 2161 1574 Illi
2217 1529 2400 1572 autem
2438 1517 2574 1572 salvi
2631 1514 2838 1585 egressi
2899 1524 3027 1568 sunt
3067 1522 3123 1565 et
3179 1509 3396 1570 intacti,

1820 1629 1944 1669 cum
1977 1627 2044 1665 ne
2092 1612 2145 1664 in
2179 1624 2347 1662 unum
2384 1607 2608 1676 quidem
2645 1606 2816 1672 pilum
2854 1601 3195 1655 dominatum
3256 1597 3402 1649 obti-

1822 1707 2034 1760 nuisset
2064 1702 2223 1772 ignis.
2251 1701 2376 1755 Ilaec
2407 1699 2798 1754 cum-vidisset
2848 1711 2967 1755 rex,
3010 1689 3262 1746 miraculi
3311 1687 3398 1742 vel

1825 1799 2008 1868 potius
2034 1795 2426 1850 miraculorum
2467 1805 2738 1846 summam
2783 1797 3012 1857 stupens
3063 1782 3399 1854 magnitudi-

1821 1907 1969 1953 nem,
2009 1905 2207 1957 nempe
2245 1888 2393 1957 quod
2424 1897 2480 1942 et
2529 1887 2622 1938 tali
2672 1888 2795 1954 igne
2827 1883 3032 1937 fuerint
3058 1879 3397 1949 superiores,

1817 1987 1872 2032 et
1901 1978 2049 2046 quod
2081 1993 2192 2030 non
2218 1978 2392 2030 solum
2422 1977 2760 2044 superiores,
2797 1973 2891 2026 sed
2918 1988 3018 2026 nec
3043 1984 3239 2024 eorum
3269 1967 3398 2036 qui-

1818 2075 1942 2127 dem
1972 2071 2139 2142 pilus,
2171 2086 2280 2134 res,
2312 2085 2434 2139 qua:
2472 2069 2731 2126 facillime
2760 2066 3036 2121 llaccescit
3094 2074 3152 2116 et
3189 2077 3400 2115 marce-

1817 2165 1940 2229 scit,
1983 2173 2132 2217 tanta
2170 2163 2386 2215 flamma
2442 2160 2760 2215 effluxerit:
2805 2170 2861 2214 et
2919 2171 3206 2226 praeterea,
3252 2155 3400 2222 quod

1818 2272 1942 2311 cum
1976 2264 2163 2310 essent
2193 2253 2383 2315 vineti,
2436 2252 2702 2304 continuo
2737 2249 2891 2303 fuere
2923 2249 3086 2302 soluti
3121 2256 3216 2300 :et
3248 2244 3396 2314 quod

1819 2364 1942 2404 cum
1977 2346 2157 2400 adhuc
2186 2352 2372 2398 essent
2409 2343 2462 2394 in
2508 2339 2753 2404 fornace,
2786 2339 2958 2394 auditi
2999 2346 3129 2393 sunt
3181 2351 3393 2391 caneno

1821 2449 1901 2494 tes
1933 2458 1944 2491 :
1982 2437 2127 2508 quod
2169 2435 2394 2505 quidem
2440 2433 2528 2498 iis,
2586 2433 2680 2502 qui
2717 2441 2847 2486 sunt
2876 2433 2929 2485 in
2987 2431 3226 2493 flamma,
3281 2429 3398 2498 ipsa

1817 2530 2002 2586 statim
2042 2528 2156 2580 oris
2188 2526 2473 2594 apertione
2522 2532 2756 2578 mortem
2807 2524 2948 2578 solet
2986 2523 3185 2576 aﬂ'erre
3225 2521 3399 2589 proti-

1816 2637 1920 2676 nus
1958 2639 1970 2673 :
2006 2629 2058 2672 ct
2123 2617 2269 2686 quod
2305 2617 2394 2670 ille
2451 2615 2617 2685 ignis,
2652 2616 2745 2684 qui
2812 2617 2864 2667 in
2896 2617 2979 2668 eis
3040 2614 3278 2682 propria:
3314 2621 3400 2665 est

1817 2714 2020 2769 oblitus
2074 2721 2301 2771 naturae,
2348 2709 2402 2762 in
2442 2707 2737 2772 Chaldaeis,
2769 2707 2862 2776 qui
2894 2716 3054 2760 erant
3098 2706 3244 2758 circa
3286 2705 3401 2755 for-

1819 2822 2035 2871 nacem,
2073 2805 2175 2858 fuit
2204 2819 2367 2858 verus
2392 2812 2446 2856 et
2475 2801 2752 2871 perfectus
2790 2799 2952 2868 ignis,
2975 2808 3030 2852 et
3056 2813 3154 2852 nec
3197 2797 3250 2850 in
3277 2797 3398 2849 loco

1820 2903 2043 2973 quidem
2074 2914 2323 2962 manens,
2359 2896 2454 2950 sed
2492 2893 2784 2965 egrediens
2823 2902 2878 2947 et
2926 2891 3151 2954 saliens,
3188 2897 3244 2944 et
3279 2904 3396 2949 eos,

1820 2998 1912 3064 qui
1962 2995 2110 3063 digni
2156 3002 2332 3054 erant,
2390 2992 2726 3045 comburens
2779 2987 3054 3040 facillime.
3100 2985 3400 3051 Postquam

1822 3089 1912 3142 ille
1941 3087 2076 3139 vidit
2106 3085 2218 3138 haec
2252 3083 2458 3146 omnia,
2491 3081 2676 3136 statim
2712 3079 2864 3132 humi
2891 3076 3111 3139 cecidit,
3139 3087 3193 3128 et
3228 3075 3400 3127 Bene-

163 3168 320 3218 Μισάκ
362 3168 457 3218 καὶ
498 3162 835 3229 Ἀϐδεναγὼ,
879 3163 936 3224 δς
984 3164 1273 3216 ἀπέστειλε
1335 3164 1424 3214 τὸν
1475 3164 1711 3229 ἄγγελον

1822 3179 2000 3233 dictus
2025 3191 2105 3240 es,
2129 3173 2379 3237 Domine,
2412 3187 2606 3241 magna
2633 3186 2767 3224 voce
2806 3167 3087 3228 clamavit,
3124 3166 3268 3219 Deus
3310 3163 3399 3217 Si-

162 3255 298 3307 αὺτοῦ
321 3257 413 3308 καὶ
441 3253 716 3328 ἐρρύσατο
743 3255 868 3315 τοὺς
895 3253 1075 3316 ὁσίους
1104 3253 1271 3306 αὑτοῦ
1300 3255 1493 3316 παῖδας
1523 3255 1586 3306 ἐκ
1619 3253 1710 3306 τοῦ

161 3349 305 3416 πυρὸς
336 3350 430 3400 καὶ
465 3347 661 3402 κακῶν
690 3348 924 3411 ἀπαθεῖς
952 3347 1274 3417 διετήρησεν
1294 3363 1306 3376 ·
1345 3342 1465 3400 εἶτα
1497 3346 1593 3400 καὶ
1625 3346 1712 3399 δό-

160 3458 253 3508 γμα
289 3441 594 3510 ἐκτίθησιν,
621 3441 735 3502 Πᾶς
771 3441 941 3503 ὅστις,
973 3440 1167 3507 λέγων,
1195 3439 1254 3492 οὐ
1291 3442 1594 3510 προσκυνεῖ
1623 3440 1714 3492 τὸν

159 3532 265 3584 Θεὸν
303 3534 535 3603 Σεδράχ,
572 3531 758 3584 Μισάκ
809 3531 900 3582 καὶ
944 3530 1274 3597 Ἀϐδεναγώ,
1315 3532 1398 3588 είς
1433 3531 1715 3583 ἀπώλειαν

159 3627 286 3678 ἔσται
315 3629 405 3678 καὶ
435 3626 506 3675 τά
540 3623 756 3674 ἐκείνου
799 3623 980 3675 πάντα
1024 3624 1102 3686 είς
1146 3623 1470 3692 προνομήν·
1515 3622 1714 3685 αὐτοὺς

158 3718 336 3779 δὲτοὶος
368 3716 680 3786 μακαρίους
729 3715 928 3776 παῖδας
977 3714 1138 3784 νῦνῆ
1185 3715 1453 3784 πρότερον
1501 3711 1715 3782 μείζοσι

159 3808 364 3875 δοξασας
397 3811 618 3880 τιμαῖς,
656 3807 845 3879 ἄρχειν
896 3809 992 3860 καὶ
1037 3808 1147 3860 τῶν
1193 3807 1466 3860 Ἰουδαίων
1510 3807 1714 3875 αἰχμα-

159 3898 316 3950 λώτων
346 3902 686 3967 ἐπέτρεπεν.

212 3992 274 4041 Θί.
306 3991 487 4060 Βραχίι
510 3991 572 4043 τὸ
611 3989 752 4058 μετά
777 3988 971 4053 ταῦτα,
1005 3991 1100 4042 καί
1138 3988 1303 4041 πάλιν
1335 3989 1527 4057 ὅρασις
1553 3990 1714 4058 ἑτέρα

158 4087 274 4138 κατὰ
299 4088 421 4149 τοὺς
450 4087 658 4148 ὕπνους
679 4084 757 4153 τῷ
784 4084 997 4152 βασιλεῖ
1021 4084 1322 4148 δείκνυται,
1349 4083 1443 4136 καὶ
1469 4084 1501 4154 ἡ
1526 4083 1716 4152 ὅρασις

158 4177 308 4230 τοιάδε
331 4193 345 4207 ·
376 4177 600 4246 δένδρον
627 4176 764 4246 όρᾷν
788 4175 965 4228 ἐδόκει
1002 4175 1146 4245 μέγα
1168 4192 1226 4227 τε
1259 4176 1354 4228 καὶ
1385 4175 1714 4244 θαυμάσιον,

157 4271 177 4319 ὀ
211 4271 469 4341 ιρριξωτο
505 4269 607 4335 μὲν
643 4270 738 4320 ἐπὶ
767 4267 893 4336 γῆς,
921 4266 1268 4335 ὲμεγαλύνθη
1301 4267 1357 4317 δὲ
1399 4269 1493 4318 καὶ
1527 4269 1715 4332 ἴσχυσε

161 4364 299 4429 μέγα,
327 4367 417 4416 καὶ
437 4365 501 4415 τὸ
527 4363 662 4429 ὕφος
692 4359 858 4413 αὐτοῦ
891 4360 1212 4428 κατειλήφει
1243 4359 1332 4411 τὸν
1361 4359 1590 4429 οὐρανὸν
1627 4358 1717 4410 καὶ

158 4455 347 4519 φύλλοις
377 4454 609 4525 ὡραίοις
640 4451 815 4520 ἐκόμα
838 4451 931 4504 καὶ
963 4451 1147 4520 ἔϐριοε
1178 4449 1358 4519 πολλῷ
1389 4451 1464 4520 τῷ
1491 4451 1711 4520 καρπῷ,

1817 3272 2011 3333 dracti,
2074 3270 2239 3323 Misac
2272 3275 2326 3320 et
2388 3266 2738 3334 Abdenago:
2795 3262 2886 3334 qui
2935 3262 3087 3316 misit
3140 3259 3398 3330 angelum

1817 3378 1999 3425 suum,
2025 3360 2359 3414 etliberavit
2393 3371 2615 3411 sanctos
2653 3373 2781 3410 suos
2822 3372 3024 3424 pueros
3055 3355 3121 3407 ab
3159 3355 3304 3421 igne,
3342 3361 3400 3404 et

1818 3470 1846 3508 a
1869 3453 2027 3507 malis
2067 3451 2414 3504 conservavit
2445 3447 2666 3502 illaesos.
2708 3444 2916 3499 Deinde
2954 3446 3122 3497 etiam
3159 3441 3274 3495 edit
3305 3439 3402 3493 de-

1817 3544 2432 3612 cretum,Quicunqde,
2482 3542 2695 3601 dicens,
2745 3555 2854 3592 non
2910 3537 3167 3591 adorabit
3227 3535 3397 3596 Deum

1819 3638 2074 3701 Sidrach,
2134 3637 2300 3690 Misac
2348 3644 2404 3690 et
2455 3632 2776 3699 Abdenago,
2837 3629 3106 3689 interibit,
3137 3636 3193 3680 et
3252 3626 3401 3687 illius

1818 3730 1960 3784 bona
1996 3728 2180 3782 omnia
2208 3725 2402 3795 praeda:
2433 3731 2619 3778 erunt.
2653 3722 2807 3791 Ipsos
2832 3731 3016 3773 autem
3052 3717 3244 3771 beatos
3263 3731 3400 3785 pue-

1820 3842 1910 3878 ros
1941 3825 2155 3893 majori,
2184 3838 2346 3891 quam
2381 3821 2552 3890 prius,
2585 3819 2797 3872 honore
2827 3815 3086 3876 alliciens,
3108 3815 3274 3884 jussit
3297 3811 3400 3866 Ju-

1819 3919 1949 3976 daeis
1979 3915 2210 3983 captivis
2238 3927 2494 3982 prmesse.

1890 4006 1981 4061 IX.
2015 4007 2133 4060 Non
2169 4006 2401 4058 multum
2440 3999 2753 4056 intercessit
2790 3998 3078 4068 temporis,
3104 4006 3160 4050 et
3203 4009 3399 4050 rursus

1820 4100 1925 4154 alia
1956 4100 2096 4152 visio
2132 4096 2244 4164 regi
2281 4103 2511 4162 apparet
2545 4094 2598 4146 in
2659 4094 2887 4145 somnis.
2926 4090 3229 4142 Videbatur
3289 4087 3396 4142 sibi

1821 4191 2007 4244 videre
2039 4189 2296 4243 arborem
2349 4201 2599 4256 magnam
2629 4183 3102 4245 etadmirabilem,
3139 4195 3261 4250 quae
3309 4195 3398 4232 ra-

1820 4281 1969 4335 dices
2036 4281 2258 4349 quidem
2314 4288 2501 4347 egerat
2563 4277 2616 4328 in
2677 4287 2819 4328 terra
2859 4273 3070 4326 :crevit
3126 4282 3310 4324 autem
3343 4278 3399 4321 et

1820 4373 1974 4425 valde
1999 4372 2156 4424 fortis
2177 4371 2372 4432 evasit,
2407 4377 2464 4422 et
2492 4365 2726 4421 altitudo
2753 4368 2872 4435 ejus
2913 4363 3114 4417 caelum
3158 4362 3397 4429 attinge-

1823 4467 1935 4527 bat,
1968 4476 2023 4519 et
2052 4464 2316 4534 speciosis
2347 4470 2468 4516 erat
2509 4472 2724 4515 comata
2758 4459 2924 4520 foliis,
2973 4467 3028 4511 et
3083 4456 3240 4525 plena
3278 4464 3400 4508 erat

155 4546 208 4598 τὰ
234 4549 390 4618 Θηρία
425 4564 488 4600 τε
532 4546 630 4598 τοῦ
672 4543 846 4614 ἀγροῦ
889 4545 1070 4596 πάντα
1114 4544 1207 4595 καὶ
1243 4543 1313 4594 τὰ
1350 4543 1572 4596 πετεινά
1618 4541 1712 4594 τοῦ

1822 4558 1992 4612 multo
2019 4557 2200 4610 fructu
2239 4573 2250 4608 :
2291 4569 2482 4608 omnes
2516 4567 2648 4606 vero
2679 4551 2867 4605 bestiae
2899 4550 3011 4618 agri
3046 4559 3102 4601 et
3145 4548 3400 4599 volucres

154 4642 355 4710 οὲρανοῦ
391 4645 447 4693 ὲν
480 4641 663 4707 τούτῳ
686 4639 962 4706 κατῴκει·
997 4633 1116 4688 εἶτα
1147 4637 1241 4688 καὶ
1274 4637 1428 4705 φωνή
1462 4654 1546 4698 τις
1569 4637 1710 4687 ἄνω-

155 4733 227 4784 θεν
268 4734 435 4803 ἁθρόα
488 4732 690 4802 προῄει
718 4732 968 4798 ἐκτεμεῖν
1015 4730 1076 4782 τὸ
1123 4729 1343 4798 δένδρον
1391 4729 1715 4793 κελεύουσα,

158 4826 300 4893 μένην
335 4825 394 4878 δὲ
429 4825 532 4894 τὴν
559 4823 655 4889 τῆς
702 4822 858 4890 ῥίζης
900 4821 1127 4890 ὲαθῆναι
1173 4821 1316 4889 φυήν
1339 4836 1351 4848 ·
1396 4822 1488 4872 καὶ
1521 4820 1583 4890 δὴ
1620 4821 1714 4871 καὶ

155 4919 384 4982 ἐτέμνετο
431 4918 534 4969 καὶ
582 4915 652 4964 τά
693 4913 868 4980 φύλλα
897 4912 1052 4964 τοῦδε
1079 4911 1432 4980 παραχρῆμα
1467 4912 1716 4980 ἐξερροί-

156 5021 308 5071 σκετο,
346 5008 438 5060 καὶ
477 5008 550 5058 τα
580 5008 636 5056 ἐν
671 5003 1012 5072 αὑτῷπάντα
1047 5003 1162 5066 ζῶα
1197 5003 1292 5055 καὶ
1327 5004 1548 5052 πετεινά
1581 5002 1712 5054 0&1-

154 5112 226 5146 τον
251 5098 623 5166 ἀφίσψτοᾙθ
659 5096 758 5164 μὲν
803 5096 1012 5165 δνειρος
1062 5090 1252 5159 οὔτας’
1289 5097 1317 5147 ό
1361 5095 1416 5145 δὲ
1461 5094 1714 5162 βασιλεὺς

153 5189 228 5240 τοῦ
255 5192 420 5243 ὕπνου
449 5190 751 5250 διαναστὰς
803 5191 896 5241 καὶ
930 5190 1094 5242 πάλιν
1128 5189 1257 5250 τοὺς
1302 5190 1513 5256 μάγους
1551 5188 1714 5239 καλέ-

157 5297 257 5343 σας,
289 5283 490 5352 διεξῄει
524 5282 590 5333 τὸ
624 5280 814 5331 θεαθὲν
859 5282 950 5332 καὶ
987 5281 1104 5349 ᾆμα
1143 5280 1195 5332 τί
1237 5279 1498 5348 σημαίνοι
1536 5280 1713 5345 λέγειν

157 5372 314 5438 ἠξίου·
352 5372 682 5446 παραυτίκα
729 5371 838 5423 τῶν
889 5373 986 5440 μὲν
1026 5373 1204 5425 ἄλλων
1252 5372 1428 5433 οὐδεὶς
1479 5370 1711 5439 ἐδυνήθη

156 5469 233 5533 τὴν
260 5467 445 5520 τούτου
476 5467 720 5535 δήλωσιν
746 5466 999 5534 ὲφευρεῖν
1030 5465 1121 5517 καὶ
1147 5466 1207 5516 τὸ
1246 5465 1438 5533 μέλλον
1477 5466 1714 5534 ἐμφανί-

161 5572 234 5610 σαι
259 5559 330 5629 τῷ
363 5559 606 5627 βασιλεῖ,
647 5557 848 5626 Δανιὴλ
887 5558 942 5609 δὲ
978 5557 1139 5626 μόνος
1183 5560 1277 5608 καὶ
1318 5556 1462 5608 τοῦτ’
1497 5557 1714 5626 ἔκρινεν

158 5653 232 5700 καὶ
256 5652 429 5714 καθὼς
460 5656 618 5726 οὗτος
653 5653 934 5722 προεῖπεν,
955 5649 1168 5719 ἀπέϐη·
1218 5650 1408 5719 εἴρηκε
1440 5652 1570 5719 γάρ,
1630 5654 1712 5703 ότι

158 5738 212 5794 Συ
235 5737 279 5795 εἷ
302 5747 359 5798 τὸ
387 5745 634 5814 δένδρον,
670 5745 807 5812 ὅπερ
838 5738 999 5807 εἶδες,
1021 5736 1066 5794 ὦ
1088 5742 1331 5812 βασιλεῦ,
1367 5745 1458 5794 καὶ
1488 5745 1547 5794 οὐ
1578 5745 1713 5812 μετᾶ

161 5832 304 5905 ⁵⁹²κ²⁴
332 5841 424 5910 τῆς
454 5840 633 5913 ἀρχῆς
673 5839 917 5906 ικπισῇ·
952 5835 1112 5890 τοῦτο
1143 5835 1298 5906 γὰρὴ
1337 5837 1473 5904 τομὴ
1499 5837 1703 5920 ἐδήλου-

1816 4652 1873 4705 ἱη
1906 4665 1966 4704 ea
2005 4647 2352 4702 habitabant.
2392 4645 2598 4698 Deinde
2632 4659 2734 4695 vox
2769 4651 2991 4710 quoque
3025 4640 3274 4709 quaedam
3310 4655 3400 4692 re-

1817 4753 1978 4814 pente
2009 4757 2074 4795 ex
2103 4741 2212 4794 alto
2245 4739 2477 4803 exstitit,
2499 4752 2619 4807 qua:
2647 4735 2875 4806 jubebat
2900 4735 3152 4788 arborem
3178 4733 3397 4785 exscin-

1819 4839 1971 4899 dere,
2005 4836 2180 4890 solum
2217 4843 2396 4886 autem
2450 4831 2652 4884 dimitti
2713 4844 2938 4899 germen
3010 4828 3232 4881 radicis.
3275 4825 3400 4879 Fuit

1818 4931 2003 4999 itaque
2030 4929 2235 4986 excisa.
2259 4937 2316 4980 et
2356 4927 2476 4995 ejus
2520 4924 2648 4977 folia
2679 4931 2902 4989 repente
2943 4919 3274 4972 ellluxerunt
3301 4934 3313 4968 :
3343 4925 3402 4969 et

1821 5039 1942 5091 quae
1994 5031 2152 5075 erant
2187 5022 2240 5073 in
2275 5035 2361 5081 ea,
2397 5033 2590 5070 omnes
2645 5015 2954 5068 animantes
3002 5026 3058 5065 et
3119 5010 3397 5071 volucres,

1819 5116 1930 5169 cito
1961 5121 2327 5169 recesserunt.
2361 5111 2538 5179 Atque
2574 5110 2676 5162 fuit
2709 5107 2932 5175 quidem
2969 5106 3072 5158 hoc
3100 5105 3398 5158 somnium.

1823 5212 1938 5264 Rex
1976 5218 2156 5262 autem
2191 5223 2219 5260 e
2251 5222 2446 5261 somno
2477 5205 2771 5266 excitatus,
2806 5202 2972 5268 .‘llagis
3006 5214 3197 5252 rursus
3234 5211 3396 5249 voca-

1821 5303 1892 5354 tis
1923 5308 2103 5352 narrat
2129 5298 2205 5360 id,
2241 5297 2385 5367 quod
2415 5296 2591 5348 visum
2613 5293 2792 5347 fuerat
2825 5310 2837 5343 :
2879 5302 2934 5344 et
2967 5291 3128 5342 simul
3167 5289 3402 5356 rogavit,

1824 5401 1884 5444 ut
1910 5390 2178 5450 dicerent,
2219 5387 2482 5456 quidnam
2518 5385 2875 5455 significaret.
2934 5382 3110 5450 Atque
3165 5380 3406 5431 aliorum

1825 5480 2046 5550 quidem
2083 5481 2264 5532 nullus
2295 5479 2472 5546 potuit
2509 5477 2691 5530 statim
2733 5477 2982 5528 invenire
3029 5470 3394 5541 significatio-

1824 5583 1972 5629 nem,
2003 5577 2058 5621 et
2093 5567 2307 5635 aperire
2337 5568 2446 5635 regi
2474 5566 2734 5635 quidnam
2777 5573 2922 5619 esset
2967 5563 3211 5616 futurum
3250 5579 3260 5612 :
3292 5559 3400 5612 Da-

1825 5661 1931 5712 niel
1993 5675 2123 5712 vero
2153 5661 2304 5713 solus
2369 5660 2471 5712 hoc
2519 5659 2753 5728 conjecit
2786 5675 2798 5710 :
2837 5669 2889 5711 et
2943 5657 3146 5715 evenit,
3180 5654 3323 5708 sicut
3357 5652 3405 5704 is

1825 5750 2334 5816 l)I'Ll3leCI'3LDlIll
2367 5752 2510 5803 enim
2550 5767 2560 5800 :
2596 5749 2674 5801 Tu
2709 5765 2767 5801 es
2791 5750 2956 5801 arbor
2984 5761 3145 5815 quam
3190 5743 3399 5804 vidisti.

1823 5858 1852 5893 ο
1890 5859 1998 5896 rex.
2037 5844 2152 5897 Non
2188 5846 2357 5900 multo
2393 5853 2510 5912 post
2543 5852 2723 5898 autem
2762 5844 2981 5898 excides
3013 5842 3078 5895 ab
3138 5841 3396 5908 imperio.
