  <div class='ocr_page' id='page_1' title='image "/cluster/home/n/w/nwhite01/storage/ocr_20150623/115/ien.35556001659887/201.png"; bbox 0 0 3972 6504; ppageno 0'>
   <div class='ocr_carea' id='block_1_1' title="bbox 519 399 626 462">
    <p class='ocr_par' dir='ltr' id='par_1_1' title="bbox 519 399 626 462">
     <span class='ocr_line' id='line_1_1' title="bbox 519 399 626 462; baseline 0 -1"><span class='ocrx_word' id='word_1_1' title='bbox 519 399 626 462; x_wconf 76' lang='lat'><strong>383</strong></span> 
     </span>
    </p>
   </div>
   <div class='ocr_carea' id='block_1_2' title="bbox 1821 388 2439 456">
    <p class='ocr_par' dir='ltr' id='par_1_2' title="bbox 1821 388 2439 456">
     <span class='ocr_line' id='line_1_2' title="bbox 1821 388 2439 456; baseline 0.002 -2"><span class='ocrx_word' id='word_1_2' title='bbox 1821 393 2103 455; x_wconf 81' lang='lat' dir='ltr'><strong>MENSIS</strong></span> <span class='ocrx_word' id='word_1_3' title='bbox 2147 388 2439 456; x_wconf 80' lang='lat' dir='ltr'><strong>JULlUS.</strong></span> 
     </span>
    </p>
   </div>
   <div class='ocr_carea' id='block_1_3' title="bbox 3677 394 3785 458">
    <p class='ocr_par' dir='ltr' id='par_1_3' title="bbox 3677 394 3785 458">
     <span class='ocr_line' id='line_1_3' title="bbox 3677 394 3785 458; baseline -0.019 0"><span class='ocrx_word' id='word_1_4' title='bbox 3677 394 3785 458; x_wconf 67' lang='grc' dir='ltr'><strong>εει</strong></span> 
     </span>
    </p>
   </div>
   <div class='ocr_carea' id='block_1_4' title="bbox 522 504 2124 584">
    <p class='ocr_par' dir='ltr' id='par_1_4' title="bbox 522 511 2098 584">
     <span class='ocr_line' id='line_1_4' title="bbox 522 511 2098 584; baseline -0.004 -18"><span class='ocrx_word' id='word_1_5' title='bbox 522 513 627 567; x_wconf 86' lang='lat' dir='ltr'><strong>hoc</strong></span> <span class='ocrx_word' id='word_1_6' title='bbox 663 511 808 565; x_wconf 88' lang='lat' dir='ltr'><strong>enim</strong></span> <span class='ocrx_word' id='word_1_7' title='bbox 835 513 1178 584; x_wconf 78' lang='lat' dir='ltr'><strong>signiﬁcabat</strong></span> <span class='ocrx_word' id='word_1_8' title='bbox 1212 513 1404 569; x_wconf 87' lang='lat' dir='ltr'><strong>sectio.</strong></span> <span class='ocrx_word' id='word_1_9' title='bbox 1447 513 1651 569; x_wconf 81' lang='lat' dir='ltr'><strong>Deinde</strong></span> <span class='ocrx_word' id='word_1_10' title='bbox 1702 511 1869 567; x_wconf 87' lang='lat' dir='ltr'><strong>etiam</strong></span> <span class='ocrx_word' id='word_1_11' title='bbox 1932 511 2098 565; x_wconf 86' lang='lat' dir='ltr'><strong>vitam</strong></span> 
     </span>
    </p>
   </div>
   <div class='ocr_carea' id='block_1_5' title="bbox 2234 504 3793 584">
    <p class='ocr_par' dir='ltr' id='par_1_5' title="bbox 2235 507 3793 580">
     <span class='ocr_line' id='line_1_5' title="bbox 2235 507 3793 580; baseline 0.001 -18"><span class='ocrx_word' id='word_1_12' title='bbox 2235 507 2325 563; x_wconf 73' lang='grc' dir='ltr'>ἶτα</span> <span class='ocrx_word' id='word_1_13' title='bbox 2357 511 2450 562; x_wconf 69' lang='grc' dir='ltr'>καὶ</span> <span class='ocrx_word' id='word_1_14' title='bbox 2479 509 2688 579; x_wconf 74' lang='grc' dir='ltr'>θηρίοις</span> <span class='ocrx_word' id='word_1_15' title='bbox 2722 510 2822 580; x_wconf 78' lang='grc' dir='ltr'><strong>ἔσῃ</strong></span> <span class='ocrx_word' id='word_1_16' title='bbox 2859 510 3313 580; x_wconf 73' lang='grc' dir='ltr'><strong>συνδιαιτώμενος</strong></span> <span class='ocrx_word' id='word_1_17' title='bbox 3351 511 3442 564; x_wconf 80' lang='grc' dir='ltr'>καὶ</span> <span class='ocrx_word' id='word_1_18' title='bbox 3483 511 3678 580; x_wconf 79' lang='grc' dir='ltr'><strong>χόρτον</strong></span> <span class='ocrx_word' id='word_1_19' title='bbox 3712 510 3793 564; x_wconf 78' lang='grc' dir='ltr'>ὡς</span> 
     </span>
    </p>
   </div>
   <div class='ocr_carea' id='block_1_6' title="bbox 522 604 2094 677">
    <p class='ocr_par' dir='ltr' id='par_1_6' title="bbox 522 604 2094 677">
     <span class='ocr_line' id='line_1_6' title="bbox 522 604 2094 677; baseline -0.001 -19"><span class='ocrx_word' id='word_1_20' title='bbox 522 620 648 674; x_wconf 79' lang='lat' dir='ltr'><strong>ages</strong></span> <span class='ocrx_word' id='word_1_21' title='bbox 681 606 844 660; x_wconf 84' lang='lat' dir='ltr'><strong>simul</strong></span> <span class='ocrx_word' id='word_1_22' title='bbox 877 623 1001 660; x_wconf 87' lang='lat' dir='ltr'><strong>cum</strong></span> <span class='ocrx_word' id='word_1_23' title='bbox 1035 609 1188 670; x_wconf 90' lang='lat' dir='ltr'><strong>feris,</strong></span> <span class='ocrx_word' id='word_1_24' title='bbox 1221 618 1277 662; x_wconf 89' lang='lat' dir='ltr'><strong>et</strong></span> <span class='ocrx_word' id='word_1_25' title='bbox 1308 609 1436 662; x_wconf 89' lang='lat' dir='ltr'><strong>feno</strong></span> <span class='ocrx_word' id='word_1_26' title='bbox 1477 607 1722 677; x_wconf 86' lang='lat' dir='ltr'><strong>pasceris</strong></span> <span class='ocrx_word' id='word_1_27' title='bbox 1778 607 1923 660; x_wconf 90' lang='lat' dir='ltr'><strong>sicut</strong></span> <span class='ocrx_word' id='word_1_28' title='bbox 1955 604 2094 658; x_wconf 86' lang='lat' dir='ltr'><strong>bos:</strong></span> 
     </span>
    </p>
   </div>
   <div class='ocr_carea' id='block_1_7' title="bbox 522 695 2101 768">
    <p class='ocr_par' dir='ltr' id='par_1_7' title="bbox 522 695 2101 768">
     <span class='ocr_line' id='line_1_7' title="bbox 522 695 2101 768; baseline 0.001 -20"><span class='ocrx_word' id='word_1_29' title='bbox 522 711 758 766; x_wconf 88' lang='lat' dir='ltr'><strong>cumque</strong></span> <span class='ocrx_word' id='word_1_30' title='bbox 816 698 895 752; x_wconf 91' lang='lat' dir='ltr'><strong>sic</strong></span> <span class='ocrx_word' id='word_1_31' title='bbox 921 708 1130 768; x_wconf 89' lang='lat' dir='ltr'><strong>septem</strong></span> <span class='ocrx_word' id='word_1_32' title='bbox 1155 700 1316 754; x_wconf 87' lang='lat' dir='ltr'><strong>annis</strong></span> <span class='ocrx_word' id='word_1_33' title='bbox 1341 700 1540 755; x_wconf 79' lang='lat' dir='ltr'><strong>vixeris</strong></span> <span class='ocrx_word' id='word_1_34' title='bbox 1574 701 1627 752; x_wconf 90' lang='lat' dir='ltr'><strong>in</strong></span> <span class='ocrx_word' id='word_1_35' title='bbox 1652 695 1974 756; x_wconf 87' lang='lat' dir='ltr'><strong>solitudine.</strong></span> <span class='ocrx_word' id='word_1_36' title='bbox 1998 697 2101 750; x_wconf 83' lang='lat' dir='ltr'><strong>im-</strong></span> 
     </span>
    </p>
   </div>
   <div class='ocr_carea' id='block_1_8' title="bbox 525 789 2100 861">
    <p class='ocr_par' dir='ltr' id='par_1_8' title="bbox 525 789 2100 861">
     <span class='ocr_line' id='line_1_8' title="bbox 525 789 2100 861; baseline 0.002 -22"><span class='ocrx_word' id='word_1_37' title='bbox 525 789 740 856; x_wconf 90' lang='lat' dir='ltr'><strong>perium</strong></span> <span class='ocrx_word' id='word_1_38' title='bbox 795 806 988 845; x_wconf 85' lang='lat' dir='ltr'><strong>rursus</strong></span> <span class='ocrx_word' id='word_1_39' title='bbox 1044 791 1297 861; x_wconf 82' lang='lat' dir='ltr'><strong>accipies.</strong></span> <span class='ocrx_word' id='word_1_40' title='bbox 1335 791 1450 846; x_wconf 81' lang='lat' dir='ltr'><strong>Hoc</strong></span> <span class='ocrx_word' id='word_1_41' title='bbox 1512 791 1656 846; x_wconf 90' lang='lat' dir='ltr'><strong>enim</strong></span> <span class='ocrx_word' id='word_1_42' title='bbox 1700 791 1806 846; x_wconf 86' lang='lat' dir='ltr'><strong>sibi</strong></span> <span class='ocrx_word' id='word_1_43' title='bbox 1847 790 1963 844; x_wconf 84' lang='lat' dir='ltr'><strong>vult</strong></span> <span class='ocrx_word' id='word_1_44' title='bbox 1998 805 2100 842; x_wconf 87' lang='lat' dir='ltr'><strong>vox</strong></span> 
     </span>
    </p>
   </div>
   <div class='ocr_carea' id='block_1_9' title="bbox 527 877 2102 950">
    <p class='ocr_par' dir='ltr' id='par_1_9' title="bbox 527 877 2102 950">
     <span class='ocr_line' id='line_1_9' title="bbox 527 877 2102 950; baseline 0.001 -18"><span class='ocrx_word' id='word_1_45' title='bbox 527 877 641 942; x_wconf 86' lang='lat' dir='ltr'><strong>illa,</strong></span> <span class='ocrx_word' id='word_1_46' title='bbox 678 880 772 934; x_wconf 86' lang='lat' dir='ltr'><strong>sed</strong></span> <span class='ocrx_word' id='word_1_47' title='bbox 821 896 1044 950; x_wconf 88' lang='lat' dir='ltr'><strong>germen</strong></span> <span class='ocrx_word' id='word_1_48' title='bbox 1087 881 1332 936; x_wconf 85' lang='lat' dir='ltr'><strong>radicum</strong></span> <span class='ocrx_word' id='word_1_49' title='bbox 1381 883 1663 936; x_wconf 88' lang='lat' dir='ltr'><strong>dimittite.</strong></span> <span class='ocrx_word' id='word_1_50' title='bbox 1709 883 2034 950; x_wconf 84' lang='lat' dir='ltr'><strong>PrOpterea,</strong></span> <span class='ocrx_word' id='word_1_51' title='bbox 2069 894 2102 934; x_wconf 87' lang='grc' dir='ltr'>ο</span> 
     </span>
    </p>
   </div>
   <div class='ocr_carea' id='block_1_10' title="bbox 527 972 2104 1044">
    <p class='ocr_par' dir='ltr' id='par_1_10' title="bbox 527 972 2104 1044">
     <span class='ocr_line' id='line_1_10' title="bbox 527 972 2104 1044; baseline 0.002 -20"><span class='ocrx_word' id='word_1_52' title='bbox 527 985 644 1036; x_wconf 89' lang='lat' dir='ltr'><strong>rex,</strong></span> <span class='ocrx_word' id='word_1_53' title='bbox 677 972 776 1026; x_wconf 92' lang='lat' dir='ltr'><strong>tibi</strong></span> <span class='ocrx_word' id='word_1_54' title='bbox 845 989 1026 1027; x_wconf 89' lang='lat' dir='ltr'><strong>meum</strong></span> <span class='ocrx_word' id='word_1_55' title='bbox 1092 975 1302 1044; x_wconf 86' lang='lat' dir='ltr'><strong>placeat</strong></span> <span class='ocrx_word' id='word_1_56' title='bbox 1336 975 1652 1040; x_wconf 87' lang='lat' dir='ltr'><strong>consilium,</strong></span> <span class='ocrx_word' id='word_1_57' title='bbox 1685 985 1741 1029; x_wconf 92' lang='lat' dir='ltr'><strong>et</strong></span> <span class='ocrx_word' id='word_1_58' title='bbox 1780 975 2104 1043; x_wconf 74' lang='lat' dir='ltr'><strong>iniquitates</strong></span> 
     </span>
    </p>
   </div>
   <div class='ocr_carea' id='block_1_11' title="bbox 528 1066 2106 1137">
    <p class='ocr_par' dir='ltr' id='par_1_11' title="bbox 528 1066 2106 1137">
     <span class='ocr_line' id='line_1_11' title="bbox 528 1066 2106 1137; baseline 0.003 -21"><span class='ocrx_word' id='word_1_59' title='bbox 528 1071 652 1117; x_wconf 89' lang='lat' dir='ltr'><strong>tuas</strong></span> <span class='ocrx_word' id='word_1_60' title='bbox 708 1066 1071 1137; x_wconf 88' lang='lat' dir='ltr'><strong>eleemosynis</strong></span> <span class='ocrx_word' id='word_1_61' title='bbox 1106 1068 1334 1131; x_wconf 82' lang='lat' dir='ltr'><strong>redime,</strong></span> <span class='ocrx_word' id='word_1_62' title='bbox 1366 1077 1422 1122; x_wconf 90' lang='lat' dir='ltr'><strong>et</strong></span> <span class='ocrx_word' id='word_1_63' title='bbox 1460 1077 1682 1136; x_wconf 89' lang='lat' dir='ltr'><strong>peccata</strong></span> <span class='ocrx_word' id='word_1_64' title='bbox 1718 1077 1810 1121; x_wconf 88' lang='lat' dir='ltr'><strong>tua</strong></span> <span class='ocrx_word' id='word_1_65' title='bbox 1850 1068 1904 1120; x_wconf 89' lang='lat' dir='ltr'><strong>in</strong></span> <span class='ocrx_word' id='word_1_66' title='bbox 1942 1066 2106 1120; x_wconf 87' lang='lat' dir='ltr'><strong>mise-</strong></span> 
     </span>
    </p>
   </div>
   <div class='ocr_carea' id='block_1_12' title="bbox 532 1156 2108 1227">
    <p class='ocr_par' dir='ltr' id='par_1_12' title="bbox 532 1156 2108 1227">
     <span class='ocr_line' id='line_1_12' title="bbox 532 1156 2108 1227; baseline 0.003 -19"><span class='ocrx_word' id='word_1_67' title='bbox 532 1156 841 1211; x_wconf 77' lang='lat' dir='ltr'><strong>rationibus</strong></span> <span class='ocrx_word' id='word_1_68' title='bbox 876 1173 1179 1227; x_wconf 87' lang='lat' dir='ltr'><strong>paupermn</strong></span> <span class='ocrx_word' id='word_1_69' title='bbox 1213 1177 1223 1210; x_wconf 93' lang='lat'>:</span> <span class='ocrx_word' id='word_1_70' title='bbox 1262 1171 1317 1213; x_wconf 90' lang='lat' dir='ltr'><strong>et</strong></span> <span class='ocrx_word' id='word_1_71' title='bbox 1350 1159 1583 1214; x_wconf 77' lang='lat' dir='ltr'><strong>fortasse</strong></span> <span class='ocrx_word' id='word_1_72' title='bbox 1629 1161 1682 1214; x_wconf 95' lang='lat' dir='ltr'><strong>in</strong></span> <span class='ocrx_word' id='word_1_73' title='bbox 1739 1160 1850 1214; x_wconf 89' lang='lat' dir='ltr'><strong>tuis</strong></span> <span class='ocrx_word' id='word_1_74' title='bbox 1891 1158 2108 1214; x_wconf 86' lang='lat' dir='ltr'><strong>delictis</strong></span> 
     </span>
    </p>
   </div>
   <div class='ocr_carea' id='block_1_13' title="bbox 530 1247 1502 1319">
    <p class='ocr_par' dir='ltr' id='par_1_13' title="bbox 530 1247 1502 1319">
     <span class='ocr_line' id='line_1_13' title="bbox 530 1247 1502 1319; baseline 0.007 -22"><span class='ocrx_word' id='word_1_75' title='bbox 530 1247 882 1300; x_wconf 86' lang='lat' dir='ltr'><strong>exercebitur</strong></span> <span class='ocrx_word' id='word_1_76' title='bbox 910 1248 1107 1303; x_wconf 87' lang='lat' dir='ltr'><strong>lenitas</strong></span> <span class='ocrx_word' id='word_1_77' title='bbox 1135 1258 1188 1303; x_wconf 89' lang='lat' dir='ltr'><strong>et</strong></span> <span class='ocrx_word' id='word_1_78' title='bbox 1215 1251 1502 1319; x_wconf 84' lang='lat' dir='ltr'><strong>patientia.</strong></span> 
     </span>
    </p>
   </div>
   <div class='ocr_carea' id='block_1_14' title="bbox 606 1337 2107 1410">
    <p class='ocr_par' dir='ltr' id='par_1_14' title="bbox 606 1337 2107 1410">
     <span class='ocr_line' id='line_1_14' title="bbox 606 1337 2107 1410; baseline 0.004 -20"><span class='ocrx_word' id='word_1_79' title='bbox 606 1337 668 1392; x_wconf 80' lang='grc' dir='ltr'><strong>Χ.</strong></span> <span class='ocrx_word' id='word_1_80' title='bbox 699 1339 874 1408; x_wconf 78' lang='lat' dir='ltr'><strong>Atque</strong></span> <span class='ocrx_word' id='word_1_81' title='bbox 896 1339 1010 1395; x_wconf 75' lang='lat' dir='ltr'><strong>haec</strong></span> <span class='ocrx_word' id='word_1_82' title='bbox 1033 1342 1253 1409; x_wconf 84' lang='lat' dir='ltr'><strong>quidem</strong></span> <span class='ocrx_word' id='word_1_83' title='bbox 1283 1351 1470 1410; x_wconf 86' lang='lat' dir='ltr'><strong>postea</strong></span> <span class='ocrx_word' id='word_1_84' title='bbox 1494 1350 1816 1406; x_wconf 82' lang='lat' dir='ltr'><strong>evenerunt,</strong></span> <span class='ocrx_word' id='word_1_85' title='bbox 1847 1350 1902 1396; x_wconf 90' lang='lat' dir='ltr'><strong>et</strong></span> <span class='ocrx_word' id='word_1_86' title='bbox 1944 1341 2107 1396; x_wconf 78' lang='lat' dir='ltr'><strong>linem</strong></span> 
     </span>
    </p>
   </div>
   <div class='ocr_carea' id='block_1_15' title="bbox 533 1431 2111 1497">
    <p class='ocr_par' dir='ltr' id='par_1_15' title="bbox 533 1431 2111 1497">
     <span class='ocr_line' id='line_1_15' title="bbox 533 1431 2111 1497; baseline 0.006 -17"><span class='ocrx_word' id='word_1_87' title='bbox 533 1439 890 1497; x_wconf 90' lang='lat' dir='ltr'><strong>acceperunt,</strong></span> <span class='ocrx_word' id='word_1_88' title='bbox 917 1431 1061 1485; x_wconf 87' lang='lat' dir='ltr'><strong>sicut</strong></span> <span class='ocrx_word' id='word_1_89' title='bbox 1087 1432 1300 1487; x_wconf 79' lang='lat' dir='ltr'><strong>dixerat</strong></span> <span class='ocrx_word' id='word_1_90' title='bbox 1335 1434 1548 1489; x_wconf 85' lang='lat' dir='ltr'><strong>Daniel.</strong></span> <span class='ocrx_word' id='word_1_91' title='bbox 1572 1434 1708 1490; x_wconf 88' lang='lat' dir='ltr'><strong>Cum</strong></span> <span class='ocrx_word' id='word_1_92' title='bbox 1739 1435 1885 1491; x_wconf 89' lang='lat' dir='ltr'><strong>enim</strong></span> <span class='ocrx_word' id='word_1_93' title='bbox 1932 1435 2111 1491; x_wconf 85' lang='lat' dir='ltr'><strong>dictos</strong></span> 
     </span>
    </p>
   </div>
   <div class='ocr_carea' id='block_1_16' title="bbox 537 1527 2111 1590">
    <p class='ocr_par' dir='ltr' id='par_1_16' title="bbox 537 1527 2111 1590">
     <span class='ocr_line' id='line_1_16' title="bbox 537 1527 2111 1590; baseline 0.006 -17"><span class='ocrx_word' id='word_1_94' title='bbox 537 1531 747 1588; x_wconf 78' lang='lat' dir='ltr'><strong>septem</strong></span> <span class='ocrx_word' id='word_1_95' title='bbox 790 1538 965 1578; x_wconf 87' lang='lat' dir='ltr'><strong>annos</strong></span> <span class='ocrx_word' id='word_1_96' title='bbox 1002 1534 1253 1579; x_wconf 87' lang='lat' dir='ltr'><strong>versatus</strong></span> <span class='ocrx_word' id='word_1_97' title='bbox 1280 1537 1428 1581; x_wconf 82' lang='lat' dir='ltr'><strong>esset</strong></span> <span class='ocrx_word' id='word_1_98' title='bbox 1451 1543 1545 1581; x_wconf 92' lang='lat' dir='ltr'><strong>rex</strong></span> <span class='ocrx_word' id='word_1_99' title='bbox 1574 1527 1628 1582; x_wconf 88' lang='lat' dir='ltr'><strong>in</strong></span> <span class='ocrx_word' id='word_1_100' title='bbox 1658 1528 1980 1590; x_wconf 87' lang='lat' dir='ltr'><strong>solitudine,</strong></span> <span class='ocrx_word' id='word_1_101' title='bbox 2010 1543 2111 1583; x_wconf 82' lang='lat' dir='ltr'><strong>ne-</strong></span> 
     </span>
    </p>
   </div>
   <div class='ocr_carea' id='block_1_17' title="bbox 537 1615 2112 1690">
    <p class='ocr_par' dir='ltr' id='par_1_17' title="bbox 537 1615 2112 1690">
     <span class='ocr_line' id='line_1_17' title="bbox 537 1615 2112 1690; baseline 0.007 -27"><span class='ocrx_word' id='word_1_102' title='bbox 537 1626 643 1680; x_wconf 89' lang='lat' dir='ltr'><strong>que</strong></span> <span class='ocrx_word' id='word_1_103' title='bbox 669 1615 812 1668; x_wconf 88' lang='lat' dir='ltr'><strong>ullus</strong></span> <span class='ocrx_word' id='word_1_104' title='bbox 837 1626 983 1670; x_wconf 86' lang='lat' dir='ltr'><strong>esset</strong></span> <span class='ocrx_word' id='word_1_105' title='bbox 1027 1632 1198 1671; x_wconf 91' lang='lat' dir='ltr'><strong>ausus</strong></span> <span class='ocrx_word' id='word_1_106' title='bbox 1234 1633 1463 1688; x_wconf 89' lang='lat' dir='ltr'><strong>regnum</strong></span> <span class='ocrx_word' id='word_1_107' title='bbox 1495 1620 1740 1690; x_wconf 78' lang='lat' dir='ltr'><strong>aggredi,</strong></span> <span class='ocrx_word' id='word_1_108' title='bbox 1780 1620 1953 1674; x_wconf 88' lang='lat' dir='ltr'><strong>Deum</strong></span> <span class='ocrx_word' id='word_1_109' title='bbox 1984 1634 2112 1689; x_wconf 86' lang='lat' dir='ltr'><strong>pre-</strong></span> 
     </span>
    </p>
   </div>
   <div class='ocr_carea' id='block_1_18' title="bbox 537 1711 2111 1780">
    <p class='ocr_par' dir='ltr' id='par_1_18' title="bbox 537 1711 2111 1780">
     <span class='ocr_line' id='line_1_18' title="bbox 537 1711 2111 1780; baseline 0.004 -22"><span class='ocrx_word' id='word_1_110' title='bbox 537 1716 713 1767; x_wconf 83' lang='lat' dir='ltr'><strong>catus.</strong></span> <span class='ocrx_word' id='word_1_111' title='bbox 754 1715 811 1760; x_wconf 89' lang='lat' dir='ltr'><strong>ut</strong></span> <span class='ocrx_word' id='word_1_112' title='bbox 840 1724 1000 1763; x_wconf 90' lang='lat' dir='ltr'><strong>suum</strong></span> <span class='ocrx_word' id='word_1_113' title='bbox 1032 1724 1258 1780; x_wconf 77' lang='lat' dir='ltr'><strong>regnum</strong></span> <span class='ocrx_word' id='word_1_114' title='bbox 1281 1711 1576 1780; x_wconf 88' lang='lat' dir='ltr'><strong>reciperet,</strong></span> <span class='ocrx_word' id='word_1_115' title='bbox 1600 1726 1726 1766; x_wconf 91' lang='lat' dir='ltr'><strong>cum</strong></span> <span class='ocrx_word' id='word_1_116' title='bbox 1758 1711 2111 1765; x_wconf 86' lang='lat' dir='ltr'><strong>successione</strong></span> 
     </span>
    </p>
   </div>
   <div class='ocr_carea' id='block_1_19' title="bbox 539 1801 2118 1867">
    <p class='ocr_par' dir='ltr' id='par_1_19' title="bbox 539 1801 2118 1867">
     <span class='ocr_line' id='line_1_19' title="bbox 539 1801 2118 1867; baseline 0.003 -16"><span class='ocrx_word' id='word_1_117' title='bbox 539 1801 798 1867; x_wconf 70' lang='lat' dir='ltr'><strong>potentiae</strong></span> <span class='ocrx_word' id='word_1_118' title='bbox 830 1803 1100 1858; x_wconf 77' lang='lat' dir='ltr'><strong>excelsam</strong></span> <span class='ocrx_word' id='word_1_119' title='bbox 1143 1821 1333 1858; x_wconf 86' lang='lat' dir='ltr'><strong>rursus</strong></span> <span class='ocrx_word' id='word_1_120' title='bbox 1382 1815 1621 1858; x_wconf 89' lang='lat' dir='ltr'><strong>mentem</strong></span> <span class='ocrx_word' id='word_1_121' title='bbox 1664 1805 1916 1867; x_wconf 88' lang='lat' dir='ltr'><strong>induens,</strong></span> <span class='ocrx_word' id='word_1_122' title='bbox 1952 1803 2007 1856; x_wconf 92' lang='lat' dir='ltr'><strong>in</strong></span> <span class='ocrx_word' id='word_1_123' title='bbox 2031 1817 2118 1856; x_wconf 80' lang='lat' dir='ltr'><strong>re-</strong></span> 
     </span>
    </p>
   </div>
   <div class='ocr_carea' id='block_1_20' title="bbox 538 1895 2114 1971">
    <p class='ocr_par' dir='ltr' id='par_1_20' title="bbox 538 1895 2114 1971">
     <span class='ocr_line' id='line_1_20' title="bbox 538 1895 2114 1971; baseline 0.002 -25"><span class='ocrx_word' id='word_1_124' title='bbox 538 1907 705 1961; x_wconf 84' lang='lat' dir='ltr'><strong>gnum</strong></span> <span class='ocrx_word' id='word_1_125' title='bbox 764 1895 1061 1949; x_wconf 86' lang='lat' dir='ltr'><strong>revertitur</strong></span> <span class='ocrx_word' id='word_1_126' title='bbox 1097 1914 1110 1950; x_wconf 92' lang='lat'>:</span> <span class='ocrx_word' id='word_1_127' title='bbox 1161 1907 1214 1951; x_wconf 89' lang='lat' dir='ltr'><strong>et</strong></span> <span class='ocrx_word' id='word_1_128' title='bbox 1250 1913 1374 1951; x_wconf 92' lang='lat' dir='ltr'><strong>cum</strong></span> <span class='ocrx_word' id='word_1_129' title='bbox 1413 1905 1698 1963; x_wconf 74' lang='lat' dir='ltr'><strong>regnasset</strong></span> <span class='ocrx_word' id='word_1_130' title='bbox 1747 1895 2114 1971; x_wconf 80' lang='lat' dir='ltr'><strong>quadraginta</strong></span> 
     </span>
    </p>
   </div>
   <div class='ocr_carea' id='block_1_21' title="bbox 543 1985 2117 2055">
    <p class='ocr_par' dir='ltr' id='par_1_21' title="bbox 543 1985 2117 2055">
     <span class='ocr_line' id='line_1_21' title="bbox 543 1985 2117 2055; baseline 0.002 -20"><span class='ocrx_word' id='word_1_131' title='bbox 543 1992 654 2037; x_wconf 90' lang='lat' dir='ltr'><strong>tres</strong></span> <span class='ocrx_word' id='word_1_132' title='bbox 686 1999 879 2047; x_wconf 87' lang='lat' dir='ltr'><strong>annos,</strong></span> <span class='ocrx_word' id='word_1_133' title='bbox 921 1987 1137 2040; x_wconf 81' lang='lat' dir='ltr'><strong>excedit</strong></span> <span class='ocrx_word' id='word_1_134' title='bbox 1174 2003 1204 2041; x_wconf 90' lang='lat' dir='ltr'><strong>e</strong></span> <span class='ocrx_word' id='word_1_135' title='bbox 1239 1989 1349 2040; x_wconf 89' lang='lat' dir='ltr'><strong>vita</strong></span> <span class='ocrx_word' id='word_1_136' title='bbox 1379 2005 1391 2041; x_wconf 90' lang='lat'><strong>:</strong></span> <span class='ocrx_word' id='word_1_137' title='bbox 1424 1988 1507 2041; x_wconf 91' lang='lat' dir='ltr'><strong>vir</strong></span> <span class='ocrx_word' id='word_1_138' title='bbox 1542 1987 1596 2040; x_wconf 88' lang='lat' dir='ltr'><strong>in</strong></span> <span class='ocrx_word' id='word_1_139' title='bbox 1648 1987 1816 2041; x_wconf 85' lang='lat' dir='ltr'><strong>rebus</strong></span> <span class='ocrx_word' id='word_1_140' title='bbox 1860 1985 2117 2055; x_wconf 86' lang='lat' dir='ltr'><strong>gerendis</strong></span> 
     </span>
    </p>
   </div>
   <div class='ocr_carea' id='block_1_22' title="bbox 541 2073 2120 2145">
    <p class='ocr_par' dir='ltr' id='par_1_22' title="bbox 541 2073 2120 2145">
     <span class='ocr_line' id='line_1_22' title="bbox 541 2073 2120 2145; baseline 0.003 -21"><span class='ocrx_word' id='word_1_141' title='bbox 541 2087 666 2124; x_wconf 90' lang='lat' dir='ltr'><strong>acer</strong></span> <span class='ocrx_word' id='word_1_142' title='bbox 691 2083 746 2126; x_wconf 92' lang='lat' dir='ltr'><strong>et</strong></span> <span class='ocrx_word' id='word_1_143' title='bbox 778 2073 1094 2135; x_wconf 87' lang='lat' dir='ltr'><strong>vehemens.</strong></span> <span class='ocrx_word' id='word_1_144' title='bbox 1127 2086 1180 2128; x_wconf 91' lang='lat' dir='ltr'><strong>et</strong></span> <span class='ocrx_word' id='word_1_145' title='bbox 1207 2091 1424 2139; x_wconf 87' lang='lat' dir='ltr'><strong>eorum,</strong></span> <span class='ocrx_word' id='word_1_146' title='bbox 1461 2077 1553 2145; x_wconf 91' lang='lat' dir='ltr'><strong>qui</strong></span> <span class='ocrx_word' id='word_1_147' title='bbox 1586 2078 1767 2144; x_wconf 89' lang='lat' dir='ltr'><strong>ipsum</strong></span> <span class='ocrx_word' id='word_1_148' title='bbox 1830 2089 2120 2144; x_wconf 68' lang='lat' dir='ltr'><strong>praecesse-</strong></span> 
     </span>
    </p>
   </div>
   <div class='ocr_carea' id='block_1_23' title="bbox 542 2167 2118 2238">
    <p class='ocr_par' dir='ltr' id='par_1_23' title="bbox 542 2167 2118 2238">
     <span class='ocr_line' id='line_1_23' title="bbox 542 2167 2118 2238; baseline 0.003 -22"><span class='ocrx_word' id='word_1_149' title='bbox 542 2173 694 2226; x_wconf 86' lang='lat' dir='ltr'><strong>runt,</strong></span> <span class='ocrx_word' id='word_1_150' title='bbox 731 2180 959 2235; x_wconf 89' lang='lat' dir='ltr'><strong>regnum</strong></span> <span class='ocrx_word' id='word_1_151' title='bbox 1022 2167 1185 2238; x_wconf 91' lang='lat' dir='ltr'><strong>longe</strong></span> <span class='ocrx_word' id='word_1_152' title='bbox 1244 2168 1617 2222; x_wconf 87' lang='lat' dir='ltr'><strong>felicissimus.</strong></span> <span class='ocrx_word' id='word_1_153' title='bbox 1654 2168 1784 2222; x_wconf 87' lang='lat' dir='ltr'><strong>Post</strong></span> <span class='ocrx_word' id='word_1_154' title='bbox 1831 2167 2118 2221; x_wconf 87' lang='lat' dir='ltr'><strong>decessum</strong></span> 
     </span>
    </p>
   </div>
   <div class='ocr_carea' id='block_1_24' title="bbox 540 2257 2118 2330">
    <p class='ocr_par' dir='ltr' id='par_1_24' title="bbox 540 2257 2118 2330">
     <span class='ocr_line' id='line_1_24' title="bbox 540 2257 2118 2330; baseline 0.003 -22"><span class='ocrx_word' id='word_1_155' title='bbox 540 2267 724 2309; x_wconf 87' lang='lat' dir='ltr'><strong>autem</strong></span> <span class='ocrx_word' id='word_1_156' title='bbox 762 2257 1344 2324; x_wconf 84' lang='lat' dir='ltr'><strong>Nabuchodonosoris,</strong></span> <span class='ocrx_word' id='word_1_157' title='bbox 1379 2261 1496 2330; x_wconf 92' lang='lat' dir='ltr'><strong>ejus</strong></span> <span class='ocrx_word' id='word_1_158' title='bbox 1530 2259 1674 2314; x_wconf 80' lang='lat' dir='ltr'><strong>filius</strong></span> <span class='ocrx_word' id='word_1_159' title='bbox 1707 2275 1931 2329; x_wconf 87' lang='lat' dir='ltr'><strong>regnum</strong></span> <span class='ocrx_word' id='word_1_160' title='bbox 2000 2274 2118 2313; x_wconf 84' lang='lat' dir='ltr'><strong>sus-</strong></span> 
     </span>
    </p>
   </div>
   <div class='ocr_carea' id='block_1_25' title="bbox 541 2351 2120 2421">
    <p class='ocr_par' dir='ltr' id='par_1_25' title="bbox 541 2351 2120 2421">
     <span class='ocr_line' id='line_1_25' title="bbox 541 2351 2120 2421; baseline 0.001 -19"><span class='ocrx_word' id='word_1_161' title='bbox 541 2351 675 2417; x_wconf 85' lang='lat' dir='ltr'><strong>cipit</strong></span> <span class='ocrx_word' id='word_1_162' title='bbox 710 2351 842 2418; x_wconf 88' lang='lat' dir='ltr'><strong>:qui</strong></span> <span class='ocrx_word' id='word_1_163' title='bbox 906 2354 1090 2405; x_wconf 92' lang='lat' dir='ltr'><strong>statim</strong></span> <span class='ocrx_word' id='word_1_164' title='bbox 1127 2353 1447 2406; x_wconf 84' lang='lat' dir='ltr'><strong>Jechoniam</strong></span> <span class='ocrx_word' id='word_1_165' title='bbox 1491 2368 1670 2421; x_wconf 89' lang='lat' dir='ltr'><strong>regem</strong></span> <span class='ocrx_word' id='word_1_166' title='bbox 1718 2352 2120 2421; x_wconf 81' lang='lat' dir='ltr'><strong>Hierosolymo-</strong></span> 
     </span>
    </p>
   </div>
   <div class='ocr_carea' id='block_1_26' title="bbox 544 2443 2122 2513">
    <p class='ocr_par' dir='ltr' id='par_1_26' title="bbox 544 2443 2122 2513">
     <span class='ocr_line' id='line_1_26' title="bbox 544 2443 2122 2513; baseline 0.001 -17"><span class='ocrx_word' id='word_1_167' title='bbox 544 2457 686 2503; x_wconf 86' lang='lat' dir='ltr'><strong>rum.</strong></span> <span class='ocrx_word' id='word_1_168' title='bbox 719 2458 881 2511; x_wconf 87' lang='lat' dir='ltr'><strong>quem</strong></span> <span class='ocrx_word' id='word_1_169' title='bbox 921 2453 1075 2512; x_wconf 90' lang='lat' dir='ltr'><strong>pater</strong></span> <span class='ocrx_word' id='word_1_170' title='bbox 1100 2445 1610 2499; x_wconf 83' lang='lat' dir='ltr'><strong>Nabuchodonosor</strong></span> <span class='ocrx_word' id='word_1_171' title='bbox 1637 2445 1910 2513; x_wconf 77' lang='lat' dir='ltr'><strong>captivum</strong></span> <span class='ocrx_word' id='word_1_172' title='bbox 1956 2443 2122 2498; x_wconf 88' lang='lat' dir='ltr'><strong>duxe-</strong></span> 
     </span>
    </p>
   </div>
   <div class='ocr_carea' id='block_1_27' title="bbox 553 2531 2121 2602">
    <p class='ocr_par' dir='ltr' id='par_1_27' title="bbox 553 2531 2121 2602">
     <span class='ocr_line' id='line_1_27' title="bbox 553 2531 2121 2602; baseline 0.005 -22"><span class='ocrx_word' id='word_1_173' title='bbox 553 2540 635 2582; x_wconf 85' lang='lat' dir='ltr'><strong>rat</strong></span> <span class='ocrx_word' id='word_1_174' title='bbox 666 2531 1081 2602; x_wconf 78' lang='lat' dir='ltr'><strong>llierOsolymis,</strong></span> <span class='ocrx_word' id='word_1_175' title='bbox 1128 2534 1348 2588; x_wconf 83' lang='lat' dir='ltr'><strong>solvens</strong></span> <span class='ocrx_word' id='word_1_176' title='bbox 1377 2550 1406 2589; x_wconf 96' lang='lat' dir='ltr'><strong>e</strong></span> <span class='ocrx_word' id='word_1_177' title='bbox 1449 2536 1702 2597; x_wconf 79' lang='lat' dir='ltr'><strong>vinculis,</strong></span> <span class='ocrx_word' id='word_1_178' title='bbox 1738 2535 1928 2589; x_wconf 89' lang='lat' dir='ltr'><strong>habuit</strong></span> <span class='ocrx_word' id='word_1_179' title='bbox 1977 2536 2121 2589; x_wconf 89' lang='lat' dir='ltr'><strong>inter</strong></span> 
     </span>
    </p>
   </div>
   <div class='ocr_carea' id='block_1_28' title="bbox 545 2620 2120 2680">
    <p class='ocr_par' dir='ltr' id='par_1_28' title="bbox 545 2620 2120 2680">
     <span class='ocr_line' id='line_1_28' title="bbox 545 2620 2120 2680; baseline 0.005 -9"><span class='ocrx_word' id='word_1_180' title='bbox 545 2620 752 2674; x_wconf 88' lang='lat' dir='ltr'><strong>amicos</strong></span> <span class='ocrx_word' id='word_1_181' title='bbox 784 2623 1018 2677; x_wconf 79' lang='lat' dir='ltr'><strong>maxime</strong></span> <span class='ocrx_word' id='word_1_182' title='bbox 1048 2627 1392 2679; x_wconf 89' lang='lat' dir='ltr'><strong>necessarios</strong></span> <span class='ocrx_word' id='word_1_183' title='bbox 1426 2629 1511 2678; x_wconf 88' lang='lat' dir='ltr'><strong>:ei</strong></span> <span class='ocrx_word' id='word_1_184' title='bbox 1551 2626 1764 2680; x_wconf 89' lang='lat' dir='ltr'><strong>donans</strong></span> <span class='ocrx_word' id='word_1_185' title='bbox 1801 2629 1971 2680; x_wconf 91' lang='lat' dir='ltr'><strong>multa</strong></span> <span class='ocrx_word' id='word_1_186' title='bbox 1999 2643 2120 2679; x_wconf 90' lang='lat' dir='ltr'><strong>mu-</strong></span> 
     </span>
    </p>
   </div>
   <div class='ocr_carea' id='block_1_29' title="bbox 546 2713 2119 2784">
    <p class='ocr_par' dir='ltr' id='par_1_29' title="bbox 546 2713 2119 2784">
     <span class='ocr_line' id='line_1_29' title="bbox 546 2713 2119 2784; baseline 0.004 -22"><span class='ocrx_word' id='word_1_187' title='bbox 546 2725 702 2772; x_wconf 90' lang='lat' dir='ltr'><strong>nera,</strong></span> <span class='ocrx_word' id='word_1_188' title='bbox 739 2721 794 2764; x_wconf 90' lang='lat' dir='ltr'><strong>et</strong></span> <span class='ocrx_word' id='word_1_189' title='bbox 844 2713 1054 2766; x_wconf 89' lang='lat' dir='ltr'><strong>honore</strong></span> <span class='ocrx_word' id='word_1_190' title='bbox 1115 2713 1356 2768; x_wconf 84' lang='lat' dir='ltr'><strong>alliciens</strong></span> <span class='ocrx_word' id='word_1_191' title='bbox 1403 2715 1547 2767; x_wconf 91' lang='lat' dir='ltr'><strong>inter</strong></span> <span class='ocrx_word' id='word_1_192' title='bbox 1574 2731 1692 2778; x_wconf 84' lang='lat' dir='ltr'><strong>eos,</strong></span> <span class='ocrx_word' id='word_1_193' title='bbox 1741 2717 1835 2784; x_wconf 93' lang='lat' dir='ltr'><strong>qui</strong></span> <span class='ocrx_word' id='word_1_194' title='bbox 1875 2725 2028 2768; x_wconf 89' lang='lat' dir='ltr'><strong>erant</strong></span> <span class='ocrx_word' id='word_1_195' title='bbox 2065 2715 2119 2768; x_wconf 89' lang='lat' dir='ltr'><strong>in</strong></span> 
     </span>
    </p>
   </div>
   <div class='ocr_carea' id='block_1_30' title="bbox 549 2803 2122 2873">
    <p class='ocr_par' dir='ltr' id='par_1_30' title="bbox 549 2803 2122 2873">
     <span class='ocr_line' id='line_1_30' title="bbox 549 2803 2122 2873; baseline 0.004 -20"><span class='ocrx_word' id='word_1_196' title='bbox 549 2817 715 2869; x_wconf 85' lang='lat' dir='ltr'><strong>regno</strong></span> <span class='ocrx_word' id='word_1_197' title='bbox 779 2803 1224 2873; x_wconf 86' lang='lat' dir='ltr'><strong>Babyloniorum.</strong></span> <span class='ocrx_word' id='word_1_198' title='bbox 1287 2805 1618 2860; x_wconf 67' lang='lat' dir='ltr'><strong>Nihil-enim</strong></span> <span class='ocrx_word' id='word_1_199' title='bbox 1662 2807 1792 2859; x_wconf 91' lang='lat' dir='ltr'><strong>boni</strong></span> <span class='ocrx_word' id='word_1_200' title='bbox 1843 2807 2122 2860; x_wconf 69' lang='lat' dir='ltr'><strong>Jechonice</strong></span> 
     </span>
    </p>
   </div>
   <div class='ocr_carea' id='block_1_31' title="bbox 543 2895 2121 2967">
    <p class='ocr_par' dir='ltr' id='par_1_31' title="bbox 543 2895 2121 2967">
     <span class='ocr_line' id='line_1_31' title="bbox 543 2895 2121 2967; baseline 0.005 -21"><span class='ocrx_word' id='word_1_201' title='bbox 543 2895 773 2948; x_wconf 92' lang='lat' dir='ltr'><strong>omnino</strong></span> <span class='ocrx_word' id='word_1_202' title='bbox 827 2898 1146 2951; x_wconf 88' lang='lat' dir='ltr'><strong>ostenderat</strong></span> <span class='ocrx_word' id='word_1_203' title='bbox 1203 2909 1358 2967; x_wconf 89' lang='lat' dir='ltr'><strong>pater</strong></span> <span class='ocrx_word' id='word_1_204' title='bbox 1417 2899 1968 2954; x_wconf 83' lang='lat' dir='ltr'><strong>Nabuchodonosor:</strong></span> <span class='ocrx_word' id='word_1_205' title='bbox 2027 2900 2121 2959; x_wconf 84' lang='lat' dir='ltr'><strong>sed</strong></span> 
     </span>
    </p>
   </div>
   <div class='ocr_carea' id='block_1_32' title="bbox 545 2987 2124 3060">
    <p class='ocr_par' dir='ltr' id='par_1_32' title="bbox 545 2987 2124 3060">
     <span class='ocr_line' id='line_1_32' title="bbox 545 2987 2124 3060; baseline 0.005 -23"><span class='ocrx_word' id='word_1_206' title='bbox 545 3001 672 3038; x_wconf 83' lang='lat' dir='ltr'><strong>eum</strong></span> <span class='ocrx_word' id='word_1_207' title='bbox 702 2987 755 3040; x_wconf 91' lang='lat' dir='ltr'><strong>in</strong></span> <span class='ocrx_word' id='word_1_208' title='bbox 792 2989 1022 3044; x_wconf 85' lang='lat' dir='ltr'><strong>vinculis</strong></span> <span class='ocrx_word' id='word_1_209' title='bbox 1059 2989 1278 3043; x_wconf 90' lang='lat' dir='ltr'><strong>tenebat</strong></span> <span class='ocrx_word' id='word_1_210' title='bbox 1317 3000 1370 3043; x_wconf 92' lang='lat' dir='ltr'><strong>et</strong></span> <span class='ocrx_word' id='word_1_211' title='bbox 1421 2989 1713 3060; x_wconf 73' lang='lat' dir='ltr'><strong>afﬂigebat,</strong></span> <span class='ocrx_word' id='word_1_212' title='bbox 1749 2991 1873 3045; x_wconf 90' lang='lat' dir='ltr'><strong>etsi</strong></span> <span class='ocrx_word' id='word_1_213' title='bbox 1921 2990 2124 3044; x_wconf 80' lang='lat' dir='ltr'><strong>Jecho-</strong></span> 
     </span>
    </p>
   </div>
   <div class='ocr_carea' id='block_1_33' title="bbox 549 3079 2126 3155">
    <p class='ocr_par' dir='ltr' id='par_1_33' title="bbox 549 3079 2126 3155">
     <span class='ocr_line' id='line_1_33' title="bbox 549 3079 2126 3155; baseline 0.006 -25"><span class='ocrx_word' id='word_1_214' title='bbox 549 3079 668 3132; x_wconf 86' lang='lat' dir='ltr'><strong>nias</strong></span> <span class='ocrx_word' id='word_1_215' title='bbox 695 3079 902 3133; x_wconf 81' lang='lat' dir='ltr'><strong>fecerat</strong></span> <span class='ocrx_word' id='word_1_216' title='bbox 937 3097 1048 3134; x_wconf 91' lang='lat' dir='ltr'><strong>rem</strong></span> <span class='ocrx_word' id='word_1_217' title='bbox 1080 3082 1557 3146; x_wconf 86' lang='lat' dir='ltr'><strong>humanissimam,</strong></span> <span class='ocrx_word' id='word_1_218' title='bbox 1585 3095 1640 3138; x_wconf 91' lang='lat' dir='ltr'><strong>et</strong></span> <span class='ocrx_word' id='word_1_219' title='bbox 1675 3084 1894 3155; x_wconf 82' lang='lat' dir='ltr'><strong>dignam</strong></span> <span class='ocrx_word' id='word_1_220' title='bbox 1934 3086 2126 3141; x_wconf 89' lang='lat' dir='ltr'><strong>multis</strong></span> 
     </span>
    </p>
   </div>
   <div class='ocr_carea' id='block_1_34' title="bbox 2211 603 3796 674">
    <p class='ocr_par' dir='ltr' id='par_1_34' title="bbox 2211 603 3796 674">
     <span class='ocr_line' id='line_1_34' title="bbox 2211 603 3796 674; baseline 0 -18"><span class='ocrx_word' id='word_1_221' title='bbox 2211 604 2338 674; x_wconf 85' lang='grc' dir='ltr'>βοῦν</span> <span class='ocrx_word' id='word_1_222' title='bbox 2360 603 2635 674; x_wconf 74' lang='grc' dir='ltr'>ψωμιοῦσί</span> <span class='ocrx_word' id='word_1_223' title='bbox 2667 622 2725 656; x_wconf 92' lang='grc' dir='ltr'><strong>σε</strong></span> <span class='ocrx_word' id='word_1_224' title='bbox 2751 621 2763 632; x_wconf 78' lang='grc'>³</span> <span class='ocrx_word' id='word_1_225' title='bbox 2795 606 2889 657; x_wconf 80' lang='grc' dir='ltr'>καὶ</span> <span class='ocrx_word' id='word_1_226' title='bbox 2915 606 3177 672; x_wconf 75' lang='grc' dir='ltr'>διαζήσας</span> <span class='ocrx_word' id='word_1_227' title='bbox 3207 603 3379 665; x_wconf 74' lang='grc' dir='ltr'>οὕτως</span> <span class='ocrx_word' id='word_1_228' title='bbox 3409 604 3499 656; x_wconf 76' lang='grc' dir='ltr'>ἐπὶ</span> <span class='ocrx_word' id='word_1_229' title='bbox 3531 603 3634 671; x_wconf 80' lang='grc' dir='ltr'>τῆς</span> <span class='ocrx_word' id='word_1_230' title='bbox 3663 604 3796 671; x_wconf 64' lang='lat' dir='ltr'><strong>69n-</strong></span> 
     </span>
    </p>
   </div>
   <div class='ocr_carea' id='block_1_35' title="bbox 2211 692 3800 767">
    <p class='ocr_par' dir='ltr' id='par_1_35' title="bbox 2211 692 3800 767">
     <span class='ocr_line' id='line_1_35' title="bbox 2211 692 3800 767; baseline -0.001 -19"><span class='ocrx_word' id='word_1_231' title='bbox 2211 696 2335 766; x_wconf 84' lang='grc' dir='ltr'>μίας</span> <span class='ocrx_word' id='word_1_232' title='bbox 2363 696 2586 765; x_wconf 86' lang='grc' dir='ltr'>χρόνους</span> <span class='ocrx_word' id='word_1_233' title='bbox 2618 695 2778 762; x_wconf 77' lang='grc' dir='ltr'>ἑπτὰ,</span> <span class='ocrx_word' id='word_1_234' title='bbox 2808 695 2964 758; x_wconf 88' lang='grc' dir='ltr'>αῦοις</span> <span class='ocrx_word' id='word_1_235' title='bbox 2991 695 3087 761; x_wconf 80' lang='grc' dir='ltr'>τὴν</span> <span class='ocrx_word' id='word_1_236' title='bbox 3108 697 3282 765; x_wconf 77' lang='grc' dir='ltr'>ἀρχὴν</span> <span class='ocrx_word' id='word_1_237' title='bbox 3314 696 3568 767; x_wconf 62' lang='grc' dir='ltr'>ἀπολήψῃ</span> <span class='ocrx_word' id='word_1_238' title='bbox 3587 711 3602 723; x_wconf 88' lang='grc'><strong>·</strong></span> <span class='ocrx_word' id='word_1_239' title='bbox 3630 692 3800 746; x_wconf 85' lang='grc' dir='ltr'>τοῦτο</span> 
     </span>
    </p>
   </div>
   <div class='ocr_carea' id='block_1_36' title="bbox 2208 786 3802 857">
    <p class='ocr_par' dir='ltr' id='par_1_36' title="bbox 2208 786 3802 857">
     <span class='ocr_line' id='line_1_36' title="bbox 2208 786 3802 857; baseline 0 -19"><span class='ocrx_word' id='word_1_240' title='bbox 2208 788 2317 857; x_wconf 81' lang='grc' dir='ltr'><strong>γάρ</strong></span> <span class='ocrx_word' id='word_1_241' title='bbox 2353 788 2384 856; x_wconf 79' lang='grc' dir='ltr'>ἡ</span> <span class='ocrx_word' id='word_1_242' title='bbox 2415 788 2598 855; x_wconf 81' lang='grc' dir='ltr'>φωνή·</span> <span class='ocrx_word' id='word_1_243' title='bbox 2633 787 2777 856; x_wconf 77' lang='grc' dir='ltr'>Πλὴν</span> <span class='ocrx_word' id='word_1_244' title='bbox 2810 787 2906 856; x_wconf 82' lang='grc' dir='ltr'>τὴν</span> <span class='ocrx_word' id='word_1_245' title='bbox 2937 787 3075 857; x_wconf 74' lang='grc' dir='ltr'>φυὴν</span> <span class='ocrx_word' id='word_1_246' title='bbox 3099 787 3207 839; x_wconf 84' lang='grc' dir='ltr'><strong>τῶν</strong></span> <span class='ocrx_word' id='word_1_247' title='bbox 3245 788 3408 856; x_wconf 73' lang='grc' dir='ltr'>ρίζων</span> <span class='ocrx_word' id='word_1_248' title='bbox 3436 786 3656 839; x_wconf 78' lang='grc' dir='ltr'>ἐάσατε.</span> <span class='ocrx_word' id='word_1_249' title='bbox 3699 788 3802 838; x_wconf 68' lang='grc' dir='ltr'><strong>Διὰ</strong></span> 
     </span>
    </p>
   </div>
   <div class='ocr_carea' id='block_1_37' title="bbox 2209 862 3799 949">
    <p class='ocr_par' dir='ltr' id='par_1_37' title="bbox 2209 862 3799 949">
     <span class='ocr_line' id='line_1_37' title="bbox 2209 862 3799 949; baseline -0.003 -17"><span class='ocrx_word' id='word_1_250' title='bbox 2209 879 2388 944; x_wconf 82' lang='grc' dir='ltr'>τοῦτο,</span> <span class='ocrx_word' id='word_1_251' title='bbox 2413 873 2456 932; x_wconf 79' lang='grc' dir='ltr'><strong>ὦ</strong></span> <span class='ocrx_word' id='word_1_252' title='bbox 2481 878 2778 949; x_wconf 80' lang='grc' dir='ltr'>βασιλεῦ,ἠ</span> <span class='ocrx_word' id='word_1_253' title='bbox 2815 862 2974 948; x_wconf 75' lang='grc' dir='ltr'>βουλή</span> <span class='ocrx_word' id='word_1_254' title='bbox 3012 897 3112 949; x_wconf 85' lang='grc' dir='ltr'><strong>μου</strong></span> <span class='ocrx_word' id='word_1_255' title='bbox 3143 881 3396 949; x_wconf 83' lang='grc' dir='ltr'>ἁρεσάτω</span> <span class='ocrx_word' id='word_1_256' title='bbox 3427 894 3532 941; x_wconf 78' lang='grc' dir='ltr'>σοι,</span> <span class='ocrx_word' id='word_1_257' title='bbox 3569 880 3664 930; x_wconf 65' lang='grc' dir='ltr'><strong>καλ⁵</strong></span> <span class='ocrx_word' id='word_1_258' title='bbox 3695 878 3799 942; x_wconf 71' lang='grc' dir='ltr'>τὰς</span> 
     </span>
    </p>
   </div>
   <div class='ocr_carea' id='block_1_38' title="bbox 2213 969 3805 1040">
    <p class='ocr_par' dir='ltr' id='par_1_38' title="bbox 2213 969 3805 1040">
     <span class='ocr_line' id='line_1_38' title="bbox 2213 969 3805 1040; baseline -0.003 -17"><span class='ocrx_word' id='word_1_259' title='bbox 2213 971 2437 1038; x_wconf 79' lang='grc' dir='ltr'>ἀνομίας</span> <span class='ocrx_word' id='word_1_260' title='bbox 2464 985 2558 1021; x_wconf 89' lang='grc' dir='ltr'><strong>σου</strong></span> <span class='ocrx_word' id='word_1_261' title='bbox 2583 971 2639 1020; x_wconf 76' lang='grc' dir='ltr'>ὲν</span> <span class='ocrx_word' id='word_1_262' title='bbox 2663 969 3054 1037; x_wconf 85' lang='grc' dir='ltr'>ἐλεημοσύναις</span> <span class='ocrx_word' id='word_1_263' title='bbox 3080 970 3353 1040; x_wconf 81' lang='grc' dir='ltr'>λῦτρωσαι</span> <span class='ocrx_word' id='word_1_264' title='bbox 3383 969 3592 1030; x_wconf 78' lang='grc' dir='ltr'>καὶτὰς</span> <span class='ocrx_word' id='word_1_265' title='bbox 3618 969 3805 1035; x_wconf 84' lang='grc' dir='ltr'>ἁμαρ-</span> 
     </span>
    </p>
   </div>
   <div class='ocr_carea' id='block_1_39' title="bbox 2209 1059 3808 1130">
    <p class='ocr_par' dir='ltr' id='par_1_39' title="bbox 2209 1059 3808 1130">
     <span class='ocr_line' id='line_1_39' title="bbox 2209 1059 3808 1130; baseline -0.001 -19"><span class='ocrx_word' id='word_1_266' title='bbox 2209 1059 2332 1122; x_wconf 88' lang='grc' dir='ltr'>τίας</span> <span class='ocrx_word' id='word_1_267' title='bbox 2367 1075 2462 1112; x_wconf 82' lang='grc' dir='ltr'><strong>σου</strong></span> <span class='ocrx_word' id='word_1_268' title='bbox 2501 1061 2555 1109; x_wconf 81' lang='grc' dir='ltr'><strong>ἐν</strong></span> <span class='ocrx_word' id='word_1_269' title='bbox 2591 1061 2893 1128; x_wconf 85' lang='grc' dir='ltr'>οίκτιρμοῖς</span> <span class='ocrx_word' id='word_1_270' title='bbox 2923 1063 3173 1130; x_wconf 79' lang='grc' dir='ltr'><strong>πενήτων</strong></span> <span class='ocrx_word' id='word_1_271' title='bbox 3199 1077 3212 1091; x_wconf 78' lang='grc' dir='ltr'><strong>ο</strong></span> <span class='ocrx_word' id='word_1_272' title='bbox 3251 1062 3379 1122; x_wconf 77' lang='grc' dir='ltr'>ἴσως</span> <span class='ocrx_word' id='word_1_273' title='bbox 3408 1060 3560 1112; x_wconf 76' lang='grc' dir='ltr'>ἐσται</span> <span class='ocrx_word' id='word_1_274' title='bbox 3589 1075 3808 1128; x_wconf 86' lang='grc' dir='ltr'><strong>μακρο⁸</strong></span> 
     </span>
    </p>
   </div>
   <div class='ocr_carea' id='block_1_40' title="bbox 2215 1149 3107 1220">
    <p class='ocr_par' dir='ltr' id='par_1_40' title="bbox 2215 1149 3107 1220">
     <span class='ocr_line' id='line_1_40' title="bbox 2215 1149 3107 1220; baseline 0.001 -17"><span class='ocrx_word' id='word_1_275' title='bbox 2215 1149 2381 1220; x_wconf 80' lang='grc' dir='ltr'><strong>θυμία</strong></span> <span class='ocrx_word' id='word_1_276' title='bbox 2413 1151 2526 1212; x_wconf 82' lang='grc' dir='ltr'>τοῖς</span> <span class='ocrx_word' id='word_1_277' title='bbox 2557 1150 2967 1220; x_wconf 81' lang='grc' dir='ltr'>παραπτώμασί</span> <span class='ocrx_word' id='word_1_278' title='bbox 2993 1168 3107 1205; x_wconf 91' lang='grc' dir='ltr'>σου.</span> 
     </span>
    </p>
   </div>
   <div class='ocr_carea' id='block_1_41' title="bbox 2287 1331 3804 1404">
    <p class='ocr_par' dir='ltr' id='par_1_41' title="bbox 2287 1331 3804 1404">
     <span class='ocr_line' id='line_1_41' title="bbox 2287 1331 3804 1404; baseline -0.005 -16"><span class='ocrx_word' id='word_1_279' title='bbox 2287 1335 2346 1388; x_wconf 91' lang='lat' dir='ltr'><strong>l&#39;.</strong></span> <span class='ocrx_word' id='word_1_280' title='bbox 2399 1333 2587 1404; x_wconf 73' lang='grc' dir='ltr'>Ἐξέϐη</span> <span class='ocrx_word' id='word_1_281' title='bbox 2625 1333 2724 1402; x_wconf 74' lang='grc' dir='ltr'>μὶν</span> <span class='ocrx_word' id='word_1_282' title='bbox 2757 1331 2984 1402; x_wconf 78' lang='grc' dir='ltr'>ὕστερον</span> <span class='ocrx_word' id='word_1_283' title='bbox 3027 1333 3196 1386; x_wconf 86' lang='grc' dir='ltr'>ταῦτα</span> <span class='ocrx_word' id='word_1_284' title='bbox 3223 1334 3316 1386; x_wconf 79' lang='grc' dir='ltr'>καὶ</span> <span class='ocrx_word' id='word_1_285' title='bbox 3355 1333 3505 1395; x_wconf 84' lang='grc' dir='ltr'>τέλος</span> <span class='ocrx_word' id='word_1_286' title='bbox 3545 1331 3804 1402; x_wconf 76' lang='grc' dir='ltr'>εἴληφεν,</span> 
     </span>
    </p>
   </div>
   <div class='ocr_carea' id='block_1_42' title="bbox 2215 1422 3809 1496">
    <p class='ocr_par' dir='ltr' id='par_1_42' title="bbox 2215 1422 3809 1496">
     <span class='ocr_line' id='line_1_42' title="bbox 2215 1422 3809 1496; baseline -0.004 -17"><span class='ocrx_word' id='word_1_287' title='bbox 2215 1424 2288 1489; x_wconf 83' lang='grc' dir='ltr'><strong>ὡς</strong></span> <span class='ocrx_word' id='word_1_288' title='bbox 2313 1426 2341 1478; x_wconf 95' lang='lat'><strong>6</strong></span> <span class='ocrx_word' id='word_1_289' title='bbox 2373 1426 2570 1496; x_wconf 79' lang='grc' dir='ltr'>Δανιὴλ</span> <span class='ocrx_word' id='word_1_290' title='bbox 2597 1426 2812 1496; x_wconf 73' lang='grc' dir='ltr'>εἰρήκει</span> <span class='ocrx_word' id='word_1_291' title='bbox 2832 1439 2846 1452; x_wconf 88' lang='grc'>·</span> <span class='ocrx_word' id='word_1_292' title='bbox 2878 1423 3162 1494; x_wconf 75' lang='grc' dir='ltr'>διατρίψας</span> <span class='ocrx_word' id='word_1_293' title='bbox 3191 1423 3297 1493; x_wconf 74' lang='grc' dir='ltr'><strong>γάρ</strong></span> <span class='ocrx_word' id='word_1_294' title='bbox 3324 1422 3414 1475; x_wconf 63' lang='grc' dir='ltr'>ἐπὶ</span> <span class='ocrx_word' id='word_1_295' title='bbox 3437 1423 3536 1488; x_wconf 75' lang='grc' dir='ltr'>τῆς</span> <span class='ocrx_word' id='word_1_296' title='bbox 3561 1423 3809 1490; x_wconf 79' lang='grc' dir='ltr'>ἐρημίας</span> 
     </span>
    </p>
   </div>
   <div class='ocr_carea' id='block_1_43' title="bbox 2217 1515 3810 1588">
    <p class='ocr_par' dir='ltr' id='par_1_43' title="bbox 2217 1515 3810 1588">
     <span class='ocr_line' id='line_1_43' title="bbox 2217 1515 3810 1588; baseline -0.005 -16"><span class='ocrx_word' id='word_1_297' title='bbox 2217 1520 2246 1572; x_wconf 98' lang='lat'><strong>6</strong></span> <span class='ocrx_word' id='word_1_298' title='bbox 2289 1518 2541 1588; x_wconf 72' lang='grc' dir='ltr'>βασιλεὺς</span> <span class='ocrx_word' id='word_1_299' title='bbox 2580 1519 2670 1571; x_wconf 79' lang='grc' dir='ltr'>τὸν</span> <span class='ocrx_word' id='word_1_300' title='bbox 2707 1517 3000 1587; x_wconf 87' lang='grc' dir='ltr'>είρημένον</span> <span class='ocrx_word' id='word_1_301' title='bbox 3044 1516 3281 1585; x_wconf 85' lang='grc' dir='ltr'>ἐπτεστῆ</span> <span class='ocrx_word' id='word_1_302' title='bbox 3336 1515 3550 1586; x_wconf 83' lang='grc' dir='ltr'>χρόνον,</span> <span class='ocrx_word' id='word_1_303' title='bbox 3583 1516 3810 1578; x_wconf 62' lang='grc' dir='ltr'>οὐδενος</span> 
     </span>
    </p>
   </div>
   <div class='ocr_carea' id='block_1_44' title="bbox 2217 1607 3797 1680">
    <p class='ocr_par' dir='ltr' id='par_1_44' title="bbox 2217 1607 3797 1680">
     <span class='ocr_line' id='line_1_44' title="bbox 2217 1607 3797 1680; baseline -0.003 -17"><span class='ocrx_word' id='word_1_304' title='bbox 2217 1611 2588 1680; x_wconf 79' lang='grc' dir='ltr'><strong>τολμήσαντος</strong></span> <span class='ocrx_word' id='word_1_305' title='bbox 2625 1609 2908 1662; x_wconf 76' lang='grc' dir='ltr'><strong>ἐπιθέσθαι</strong></span> <span class='ocrx_word' id='word_1_306' title='bbox 2950 1611 3064 1671; x_wconf 87' lang='grc' dir='ltr'>τοῖς</span> <span class='ocrx_word' id='word_1_307' title='bbox 3103 1607 3409 1676; x_wconf 79' lang='grc' dir='ltr'>πράγμασι,</span> <span class='ocrx_word' id='word_1_308' title='bbox 3439 1611 3528 1660; x_wconf 73' lang='grc' dir='ltr'>καὶ</span> <span class='ocrx_word' id='word_1_309' title='bbox 3570 1607 3797 1678; x_wconf 70' lang='grc' dir='ltr'>δεηθεὶς</span> 
     </span>
    </p>
   </div>
   <div class='ocr_carea' id='block_1_45' title="bbox 2218 1697 3814 1771">
    <p class='ocr_par' dir='ltr' id='par_1_45' title="bbox 2218 1697 3814 1771">
     <span class='ocr_line' id='line_1_45' title="bbox 2218 1697 3814 1771; baseline -0.002 -16"><span class='ocrx_word' id='word_1_310' title='bbox 2218 1702 2312 1755; x_wconf 88' lang='grc' dir='ltr'><strong>τοῦ</strong></span> <span class='ocrx_word' id='word_1_311' title='bbox 2354 1701 2488 1754; x_wconf 87' lang='grc' dir='ltr'>Θεοῦ</span> <span class='ocrx_word' id='word_1_312' title='bbox 2522 1703 2621 1770; x_wconf 78' lang='grc' dir='ltr'>τὴν</span> <span class='ocrx_word' id='word_1_313' title='bbox 2660 1701 2936 1771; x_wconf 87' lang='grc' dir='ltr'>βασιλείαν</span> <span class='ocrx_word' id='word_1_314' title='bbox 2974 1700 3128 1764; x_wconf 76' lang='grc' dir='ltr'>αὖθις</span> <span class='ocrx_word' id='word_1_315' title='bbox 3173 1701 3492 1765; x_wconf 79' lang='grc' dir='ltr'>ἀπολαϐεῖν,</span> <span class='ocrx_word' id='word_1_316' title='bbox 3545 1697 3668 1754; x_wconf 80' lang='grc' dir='ltr'>εἶτα</span> <span class='ocrx_word' id='word_1_317' title='bbox 3711 1701 3814 1752; x_wconf 72' lang='grc' dir='ltr'><strong>καὶ</strong></span> 
     </span>
    </p>
   </div>
   <div class='ocr_carea' id='block_1_46' title="bbox 2222 1793 3815 1864">
    <p class='ocr_par' dir='ltr' id='par_1_46' title="bbox 2222 1793 3815 1864">
     <span class='ocr_line' id='line_1_46' title="bbox 2222 1793 3815 1864; baseline -0.003 -16"><span class='ocrx_word' id='word_1_318' title='bbox 2222 1795 2312 1848; x_wconf 68' lang='grc' dir='ltr'><strong>τὸν</strong></span> <span class='ocrx_word' id='word_1_319' title='bbox 2339 1793 2689 1864; x_wconf 74' lang='grc' dir='ltr'>ὑψηλόφρονα</span> <span class='ocrx_word' id='word_1_320' title='bbox 2720 1793 2844 1846; x_wconf 91' lang='grc' dir='ltr'>νοῦν</span> <span class='ocrx_word' id='word_1_321' title='bbox 2914 1797 2979 1863; x_wconf 75' lang='grc' dir='ltr'>τῇ</span> <span class='ocrx_word' id='word_1_322' title='bbox 3013 1793 3230 1862; x_wconf 76' lang='grc' dir='ltr'>διαδοχῇ</span> <span class='ocrx_word' id='word_1_323' title='bbox 3261 1793 3354 1846; x_wconf 85' lang='grc' dir='ltr'><strong>τοῦ</strong></span> <span class='ocrx_word' id='word_1_324' title='bbox 3391 1795 3624 1861; x_wconf 76' lang='grc' dir='ltr'><strong>κράτους</strong></span> <span class='ocrx_word' id='word_1_325' title='bbox 3677 1810 3815 1844; x_wconf 86' lang='grc' dir='ltr'>συν-</span> 
     </span>
    </p>
   </div>
   <div class='ocr_carea' id='block_1_47' title="bbox 2221 1882 3816 1954">
    <p class='ocr_par' dir='ltr' id='par_1_47' title="bbox 2221 1882 3816 1954">
     <span class='ocr_line' id='line_1_47' title="bbox 2221 1882 3816 1954; baseline -0.002 -18"><span class='ocrx_word' id='word_1_326' title='bbox 2221 1883 2446 1947; x_wconf 83' lang='grc' dir='ltr'>αποδὺς,</span> <span class='ocrx_word' id='word_1_327' title='bbox 2490 1884 2651 1936; x_wconf 84' lang='grc' dir='ltr'>πάλιν</span> <span class='ocrx_word' id='word_1_328' title='bbox 2698 1886 2778 1944; x_wconf 84' lang='grc' dir='ltr'>εἰς</span> <span class='ocrx_word' id='word_1_329' title='bbox 2821 1884 2993 1952; x_wconf 77' lang='grc' dir='ltr'>αὐτὴν</span> <span class='ocrx_word' id='word_1_330' title='bbox 3025 1883 3385 1954; x_wconf 77' lang='grc' dir='ltr'>ἐπανέρχεται</span> <span class='ocrx_word' id='word_1_331' title='bbox 3418 1882 3512 1935; x_wconf 80' lang='grc' dir='ltr'>καὶ</span> <span class='ocrx_word' id='word_1_332' title='bbox 3544 1883 3639 1950; x_wconf 79' lang='grc' dir='ltr'>ἐτη</span> <span class='ocrx_word' id='word_1_333' title='bbox 3678 1883 3816 1950; x_wconf 87' lang='grc' dir='ltr'>τρία</span> 
     </span>
    </p>
   </div>
   <div class='ocr_carea' id='block_1_48' title="bbox 2222 1973 3816 2044">
    <p class='ocr_par' dir='ltr' id='par_1_48' title="bbox 2222 1973 3816 2044">
     <span class='ocr_line' id='line_1_48' title="bbox 2222 1973 3816 2044; baseline -0.001 -16"><span class='ocrx_word' id='word_1_334' title='bbox 2222 1977 2317 2028; x_wconf 81' lang='grc' dir='ltr'>καὶ</span> <span class='ocrx_word' id='word_1_335' title='bbox 2370 1973 2778 2043; x_wconf 65' lang='grc' dir='ltr'>τεσσαράκοντα</span> <span class='ocrx_word' id='word_1_336' title='bbox 2832 1975 3180 2042; x_wconf 84' lang='grc' dir='ltr'>βασιλεύσας,</span> <span class='ocrx_word' id='word_1_337' title='bbox 3233 1974 3459 2044; x_wconf 75' lang='grc' dir='ltr'><strong>τελευτᾷ</strong></span> <span class='ocrx_word' id='word_1_338' title='bbox 3511 1975 3606 2026; x_wconf 74' lang='grc' dir='ltr'>τὸν</span> <span class='ocrx_word' id='word_1_339' title='bbox 3667 1974 3816 2044; x_wconf 83' lang='grc' dir='ltr'>βίον,</span> 
     </span>
    </p>
   </div>
   <div class='ocr_carea' id='block_1_49' title="bbox 2220 2066 3821 2138">
    <p class='ocr_par' dir='ltr' id='par_1_49' title="bbox 2220 2066 3821 2138">
     <span class='ocr_line' id='line_1_49' title="bbox 2220 2066 3821 2138; baseline -0.002 -17"><span class='ocrx_word' id='word_1_340' title='bbox 2220 2067 2360 2138; x_wconf 76' lang='grc' dir='ltr'>ἀνὴρ</span> <span class='ocrx_word' id='word_1_341' title='bbox 2391 2067 2722 2137; x_wconf 85' lang='grc' dir='ltr'>δραστήριος</span> <span class='ocrx_word' id='word_1_342' title='bbox 2755 2069 2848 2119; x_wconf 73' lang='grc' dir='ltr'>καὶ</span> <span class='ocrx_word' id='word_1_343' title='bbox 2879 2066 2989 2118; x_wconf 83' lang='grc' dir='ltr'><strong>τῶν</strong></span> <span class='ocrx_word' id='word_1_344' title='bbox 3016 2067 3121 2136; x_wconf 72' lang='grc' dir='ltr'><strong>πρὸ</strong></span> <span class='ocrx_word' id='word_1_345' title='bbox 3149 2066 3314 2118; x_wconf 84' lang='grc' dir='ltr'>αὑτοῦ</span> <span class='ocrx_word' id='word_1_346' title='bbox 3349 2066 3613 2136; x_wconf 84' lang='grc' dir='ltr'>βασιλέων</span> <span class='ocrx_word' id='word_1_347' title='bbox 3654 2067 3821 2134; x_wconf 84' lang='grc' dir='ltr'>γενό-</span> 
     </span>
    </p>
   </div>
   <div class='ocr_carea' id='block_1_50' title="bbox 2225 2157 3823 2228">
    <p class='ocr_par' dir='ltr' id='par_1_50' title="bbox 2225 2157 3823 2228">
     <span class='ocr_line' id='line_1_50' title="bbox 2225 2157 3823 2228; baseline 0 -18"><span class='ocrx_word' id='word_1_348' title='bbox 2225 2175 2384 2228; x_wconf 81' lang='grc' dir='ltr'>μενος</span> <span class='ocrx_word' id='word_1_349' title='bbox 2429 2159 2842 2227; x_wconf 82' lang='grc' dir='ltr'>εὐτυχέστατος.</span> <span class='ocrx_word' id='word_1_350' title='bbox 2881 2159 3035 2210; x_wconf 74' lang='grc' dir='ltr'>Μετὰ</span> <span class='ocrx_word' id='word_1_351' title='bbox 3067 2158 3124 2210; x_wconf 77' lang='grc' dir='ltr'><strong>δέ</strong></span> <span class='ocrx_word' id='word_1_352' title='bbox 3171 2158 3271 2226; x_wconf 78' lang='grc' dir='ltr'>τὴν</span> <span class='ocrx_word' id='word_1_353' title='bbox 3300 2157 3560 2227; x_wconf 77' lang='grc' dir='ltr'>τελευτὴν</span> <span class='ocrx_word' id='word_1_354' title='bbox 3591 2159 3823 2211; x_wconf 87' lang='grc' dir='ltr'>Ναϐου-</span> 
     </span>
    </p>
   </div>
   <div class='ocr_carea' id='block_1_51' title="bbox 2221 2246 3815 2318">
    <p class='ocr_par' dir='ltr' id='par_1_51' title="bbox 2221 2246 3815 2318">
     <span class='ocr_line' id='line_1_51' title="bbox 2221 2246 3815 2318; baseline 0.001 -20"><span class='ocrx_word' id='word_1_355' title='bbox 2221 2247 2526 2316; x_wconf 78' lang='grc' dir='ltr'>χοδονόσορ,</span> <span class='ocrx_word' id='word_1_356' title='bbox 2554 2249 2582 2299; x_wconf 94' lang='lat'><strong>6</strong></span> <span class='ocrx_word' id='word_1_357' title='bbox 2624 2251 2753 2310; x_wconf 84' lang='grc' dir='ltr'>παῖς</span> <span class='ocrx_word' id='word_1_358' title='bbox 2783 2247 2951 2300; x_wconf 80' lang='grc' dir='ltr'>αὑτοῦ</span> <span class='ocrx_word' id='word_1_359' title='bbox 2979 2249 3078 2316; x_wconf 78' lang='grc' dir='ltr'>τὴν</span> <span class='ocrx_word' id='word_1_360' title='bbox 3112 2246 3393 2316; x_wconf 83' lang='grc' dir='ltr'>βασιλείαν</span> <span class='ocrx_word' id='word_1_361' title='bbox 3430 2248 3815 2318; x_wconf 83' lang='grc' dir='ltr'>παραλαμϐά-</span> 
     </span>
    </p>
   </div>
   <div class='ocr_carea' id='block_1_52' title="bbox 2223 2339 3816 2410">
    <p class='ocr_par' dir='ltr' id='par_1_52' title="bbox 2223 2339 3816 2410">
     <span class='ocr_line' id='line_1_52' title="bbox 2223 2339 3816 2410; baseline 0.002 -20"><span class='ocrx_word' id='word_1_362' title='bbox 2223 2355 2326 2403; x_wconf 85' lang='grc' dir='ltr'>νει,</span> <span class='ocrx_word' id='word_1_363' title='bbox 2345 2339 2401 2401; x_wconf 81' lang='grc' dir='ltr'>ὃς</span> <span class='ocrx_word' id='word_1_364' title='bbox 2421 2339 2582 2401; x_wconf 76' lang='grc' dir='ltr'>εὐθὺς</span> <span class='ocrx_word' id='word_1_365' title='bbox 2606 2340 2701 2390; x_wconf 85' lang='grc' dir='ltr'>τὸν</span> <span class='ocrx_word' id='word_1_366' title='bbox 2717 2340 2825 2391; x_wconf 81' lang='grc' dir='ltr'>τῶν</span> <span class='ocrx_word' id='word_1_367' title='bbox 2855 2339 3244 2408; x_wconf 78' lang='grc' dir='ltr'>Ἰεροσολύμων</span> <span class='ocrx_word' id='word_1_368' title='bbox 3268 2339 3495 2408; x_wconf 89' lang='grc' dir='ltr'>βασιλέα</span> <span class='ocrx_word' id='word_1_369' title='bbox 3521 2342 3816 2410; x_wconf 78' lang='grc' dir='ltr'>Ἰεχονίαν,</span> 
     </span>
    </p>
   </div>
   <div class='ocr_carea' id='block_1_53' title="bbox 2222 2429 3820 2504">
    <p class='ocr_par' dir='ltr' id='par_1_53' title="bbox 2222 2429 3820 2504">
     <span class='ocr_line' id='line_1_53' title="bbox 2222 2429 3820 2504; baseline 0.004 -22"><span class='ocrx_word' id='word_1_370' title='bbox 2222 2430 2280 2482; x_wconf 81' lang='grc' dir='ltr'>ὃν</span> <span class='ocrx_word' id='word_1_371' title='bbox 2311 2432 2336 2482; x_wconf 91' lang='lat'><strong>6</strong></span> <span class='ocrx_word' id='word_1_372' title='bbox 2365 2431 2546 2502; x_wconf 82' lang='grc' dir='ltr'>πατὴρ</span> <span class='ocrx_word' id='word_1_373' title='bbox 2577 2429 3047 2501; x_wconf 75' lang='grc' dir='ltr'>Ναϐουχοδονόσορ</span> <span class='ocrx_word' id='word_1_374' title='bbox 3077 2431 3422 2501; x_wconf 84' lang='grc' dir='ltr'>αίχμάλωτον</span> <span class='ocrx_word' id='word_1_375' title='bbox 3462 2434 3671 2504; x_wconf 71' lang='grc' dir='ltr'>ᾖγαγεν</span> <span class='ocrx_word' id='word_1_376' title='bbox 3700 2437 3820 2488; x_wconf 80' lang='grc' dir='ltr'><strong>ἀπὸ</strong></span> 
     </span>
    </p>
   </div>
   <div class='ocr_carea' id='block_1_54' title="bbox 2221 2523 3820 2593">
    <p class='ocr_par' dir='ltr' id='par_1_54' title="bbox 2221 2523 3820 2593">
     <span class='ocr_line' id='line_1_54' title="bbox 2221 2523 3820 2593; baseline 0.002 -17"><span class='ocrx_word' id='word_1_377' title='bbox 2221 2526 2320 2593; x_wconf 78' lang='grc' dir='ltr'>τῆς</span> <span class='ocrx_word' id='word_1_378' title='bbox 2363 2523 2740 2593; x_wconf 80' lang='grc' dir='ltr'>Ἰερουσαλὴμ,</span> <span class='ocrx_word' id='word_1_379' title='bbox 2774 2523 2883 2575; x_wconf 85' lang='grc' dir='ltr'><strong>τῶν</strong></span> <span class='ocrx_word' id='word_1_380' title='bbox 2926 2524 3144 2593; x_wconf 81' lang='grc' dir='ltr'>δεσμῶν</span> <span class='ocrx_word' id='word_1_381' title='bbox 3186 2525 3357 2588; x_wconf 76' lang='grc' dir='ltr'>ἀνεὶς,</span> <span class='ocrx_word' id='word_1_382' title='bbox 3384 2529 3440 2578; x_wconf 79' lang='grc' dir='ltr'><strong>ἐν</strong></span> <span class='ocrx_word' id='word_1_383' title='bbox 3486 2530 3597 2588; x_wconf 83' lang='grc' dir='ltr'>τοῖς</span> <span class='ocrx_word' id='word_1_384' title='bbox 3635 2529 3820 2589; x_wconf 63' lang='grc' dir='ltr'>ἀναγ-</span> 
     </span>
    </p>
   </div>
   <div class='ocr_carea' id='block_1_55' title="bbox 2224 2611 3820 2688">
    <p class='ocr_par' dir='ltr' id='par_1_55' title="bbox 2224 2611 3820 2688">
     <span class='ocr_line' id='line_1_55' title="bbox 2224 2611 3820 2688; baseline 0.004 -21"><span class='ocrx_word' id='word_1_385' title='bbox 2224 2616 2533 2677; x_wconf 86' lang='grc' dir='ltr'>καιοτάτοις</span> <span class='ocrx_word' id='word_1_386' title='bbox 2562 2616 2669 2666; x_wconf 77' lang='grc' dir='ltr'><strong>τῶν</strong></span> <span class='ocrx_word' id='word_1_387' title='bbox 2695 2617 2862 2683; x_wconf 78' lang='grc' dir='ltr'>φίλων</span> <span class='ocrx_word' id='word_1_388' title='bbox 2889 2611 3022 2685; x_wconf 75' lang='grc' dir='ltr'>εἶχε,</span> <span class='ocrx_word' id='word_1_389' title='bbox 3049 2618 3248 2680; x_wconf 85' lang='grc' dir='ltr'>πολλὰς</span> <span class='ocrx_word' id='word_1_390' title='bbox 3272 2617 3419 2686; x_wconf 73' lang='grc' dir='ltr'>αὐτῷ</span> <span class='ocrx_word' id='word_1_391' title='bbox 3443 2618 3652 2688; x_wconf 75' lang='grc' dir='ltr'>δωρεὰς</span> <span class='ocrx_word' id='word_1_392' title='bbox 3684 2620 3820 2682; x_wconf 79' lang='grc' dir='ltr'>δοὺς</span> 
     </span>
    </p>
   </div>
   <div class='ocr_carea' id='block_1_56' title="bbox 2225 2708 3823 2781">
    <p class='ocr_par' dir='ltr' id='par_1_56' title="bbox 2225 2708 3823 2781">
     <span class='ocr_line' id='line_1_56' title="bbox 2225 2708 3823 2781; baseline 0.004 -21"><span class='ocrx_word' id='word_1_393' title='bbox 2225 2709 2319 2760; x_wconf 80' lang='grc' dir='ltr'>καὶ</span> <span class='ocrx_word' id='word_1_394' title='bbox 2354 2711 2585 2778; x_wconf 78' lang='grc' dir='ltr'>ποιήσας</span> <span class='ocrx_word' id='word_1_395' title='bbox 2659 2708 2875 2776; x_wconf 78' lang='grc' dir='ltr'>ἔντιμον</span> <span class='ocrx_word' id='word_1_396' title='bbox 2906 2709 3135 2762; x_wconf 76' lang='grc' dir='ltr'>ἐπὶτῶν</span> <span class='ocrx_word' id='word_1_397' title='bbox 3171 2711 3229 2763; x_wconf 82' lang='grc' dir='ltr'><strong>ἐν</strong></span> <span class='ocrx_word' id='word_1_398' title='bbox 3263 2713 3328 2780; x_wconf 78' lang='grc' dir='ltr'>τῇ</span> <span class='ocrx_word' id='word_1_399' title='bbox 3351 2711 3676 2781; x_wconf 73' lang='grc' dir='ltr'>’Βαϐυλωνία</span> <span class='ocrx_word' id='word_1_400' title='bbox 3709 2713 3823 2781; x_wconf 73' lang='grc' dir='ltr'>βα-</span> 
     </span>
    </p>
   </div>
   <div class='ocr_carea' id='block_1_57' title="bbox 2226 2795 3825 2873">
    <p class='ocr_par' dir='ltr' id='par_1_57' title="bbox 2226 2795 3825 2873">
     <span class='ocr_line' id='line_1_57' title="bbox 2226 2795 3825 2873; baseline 0.002 -19"><span class='ocrx_word' id='word_1_401' title='bbox 2226 2800 2450 2854; x_wconf 84' lang='grc' dir='ltr'>σιλέων·</span> <span class='ocrx_word' id='word_1_402' title='bbox 2490 2801 2590 2852; x_wconf 67' lang='grc' dir='ltr'><strong>οὐκ</strong></span> <span class='ocrx_word' id='word_1_403' title='bbox 2620 2795 2688 2870; x_wconf 73' lang='grc' dir='ltr'>ἦν</span> <span class='ocrx_word' id='word_1_404' title='bbox 2724 2802 2831 2871; x_wconf 71' lang='grc' dir='ltr'><strong>γάρ</strong></span> <span class='ocrx_word' id='word_1_405' title='bbox 2865 2802 3000 2865; x_wconf 86' lang='grc' dir='ltr'>ὅλως</span> <span class='ocrx_word' id='word_1_406' title='bbox 3032 2803 3236 2872; x_wconf 82' lang='grc' dir='ltr'>ἀγαθόν</span> <span class='ocrx_word' id='word_1_407' title='bbox 3274 2821 3326 2856; x_wconf 86' lang='grc' dir='ltr'><strong>τι</strong></span> <span class='ocrx_word' id='word_1_408' title='bbox 3363 2804 3499 2872; x_wconf 64' lang='grc' dir='ltr'>πρὸς</span> <span class='ocrx_word' id='word_1_409' title='bbox 3553 2803 3825 2873; x_wconf 80' lang='grc' dir='ltr'>Ἰεχονίαν</span> 
     </span>
    </p>
   </div>
   <div class='ocr_carea' id='block_1_58' title="bbox 2225 2873 3825 2967">
    <p class='ocr_par' dir='ltr' id='par_1_58' title="bbox 2225 2893 3825 2967">
     <span class='ocr_line' id='line_1_58' title="bbox 2225 2893 3825 2967; baseline 0.003 -22"><span class='ocrx_word' id='word_1_410' title='bbox 2225 2893 2600 2962; x_wconf 72' lang='grc' dir='ltr'>ἐνδειξάμενος</span> <span class='ocrx_word' id='word_1_411' title='bbox 2625 2897 2651 2947; x_wconf 89' lang='lat'><strong>6</strong></span> <span class='ocrx_word' id='word_1_412' title='bbox 2678 2895 2866 2947; x_wconf 68' lang='grc' dir='ltr'>τούτου</span> <span class='ocrx_word' id='word_1_413' title='bbox 2896 2895 3078 2965; x_wconf 82' lang='grc' dir='ltr'>πατὴρ</span> <span class='ocrx_word' id='word_1_414' title='bbox 3103 2896 3594 2967; x_wconf 69' lang='grc' dir='ltr'>Ναϐουχοῖονόσορ,</span> <span class='ocrx_word' id='word_1_415' title='bbox 3616 2897 3735 2949; x_wconf 78' lang='grc' dir='ltr'>ἀλλ’</span> <span class='ocrx_word' id='word_1_416' title='bbox 3759 2901 3825 2950; x_wconf 82' lang='grc' dir='ltr'>ἐν</span> 
     </span>
    </p>
   </div>
   <div class='ocr_carea' id='block_1_59' title="bbox 2225 2981 3825 3057">
    <p class='ocr_par' dir='ltr' id='par_1_59' title="bbox 2225 2981 3825 3057">
     <span class='ocr_line' id='line_1_59' title="bbox 2225 2981 3825 3057; baseline 0.004 -21"><span class='ocrx_word' id='word_1_417' title='bbox 2225 2984 2448 3053; x_wconf 81' lang='grc' dir='ltr'>δεσμοῖς</span> <span class='ocrx_word' id='word_1_418' title='bbox 2482 2981 2629 3055; x_wconf 75' lang='grc' dir='ltr'>εἶχεν</span> <span class='ocrx_word' id='word_1_419' title='bbox 2660 2988 2824 3040; x_wconf 73' lang='grc' dir='ltr'>αὑτὸν</span> <span class='ocrx_word' id='word_1_420' title='bbox 2851 2988 2942 3039; x_wconf 79' lang='grc' dir='ltr'>καὶ</span> <span class='ocrx_word' id='word_1_421' title='bbox 2974 2991 3037 3056; x_wconf 79' lang='grc' dir='ltr'>τῇ</span> <span class='ocrx_word' id='word_1_422' title='bbox 3079 2987 3213 3057; x_wconf 81' lang='grc' dir='ltr'>άλλη</span> <span class='ocrx_word' id='word_1_423' title='bbox 3242 2988 3504 3050; x_wconf 82' lang='grc' dir='ltr'>κακώσει,</span> <span class='ocrx_word' id='word_1_424' title='bbox 3538 2991 3719 3041; x_wconf 89' lang='grc' dir='ltr'>καίτοι</span> <span class='ocrx_word' id='word_1_425' title='bbox 3752 3006 3825 3053; x_wconf 73' lang='grc' dir='ltr'>γε</span> 
     </span>
    </p>
   </div>
   <div class='ocr_carea' id='block_1_60' title="bbox 2243 3075 3826 3148">
    <p class='ocr_par' dir='ltr' id='par_1_60' title="bbox 2243 3075 3826 3148">
     <span class='ocr_line' id='line_1_60' title="bbox 2243 3075 3826 3148; baseline 0.004 -22"><span class='ocrx_word' id='word_1_426' title='bbox 2243 3075 2492 3145; x_wconf 84' lang='grc' dir='ltr'>Ἰεχονίου</span> <span class='ocrx_word' id='word_1_427' title='bbox 2564 3077 2798 3146; x_wconf 78' lang='grc' dir='ltr'>πρᾶγμα</span> <span class='ocrx_word' id='word_1_428' title='bbox 2848 3078 3368 3148; x_wconf 81' lang='grc' dir='ltr'>φιλανθρωπότατον</span> <span class='ocrx_word' id='word_1_429' title='bbox 3433 3080 3526 3132; x_wconf 78' lang='grc' dir='ltr'>καὶ</span> <span class='ocrx_word' id='word_1_430' title='bbox 3598 3080 3826 3146; x_wconf 75' lang='grc' dir='ltr'>πολλῷν</span> 
     </span>
    </p>
   </div>
   <div class='ocr_carea' id='block_1_61' title="bbox 551 3169 2124 3245">
    <p class='ocr_par' dir='ltr' id='par_1_61' title="bbox 551 3169 2124 3245">
     <span class='ocr_line' id='line_1_61' title="bbox 551 3169 2124 3245; baseline 0.008 -24"><span class='ocrx_word' id='word_1_431' title='bbox 551 3169 829 3235; x_wconf 81' lang='lat' dir='ltr'><strong>laudibus,</strong></span> <span class='ocrx_word' id='word_1_432' title='bbox 855 3181 911 3225; x_wconf 93' lang='lat' dir='ltr'><strong>ut</strong></span> <span class='ocrx_word' id='word_1_433' title='bbox 944 3174 1035 3241; x_wconf 90' lang='lat' dir='ltr'><strong>qui</strong></span> <span class='ocrx_word' id='word_1_434' title='bbox 1066 3175 1309 3245; x_wconf 88' lang='lat' dir='ltr'><strong>scipsum</strong></span> <span class='ocrx_word' id='word_1_435' title='bbox 1372 3176 1673 3230; x_wconf 88' lang='lat' dir='ltr'><strong>tradiderat</strong></span> <span class='ocrx_word' id='word_1_436' title='bbox 1706 3193 1829 3232; x_wconf 91' lang='lat' dir='ltr'><strong>cum</strong></span> <span class='ocrx_word' id='word_1_437' title='bbox 1867 3180 2124 3234; x_wconf 81' lang='lat' dir='ltr'><strong>uxoribus</strong></span> 
     </span>
    </p>
   </div>
   <div class='ocr_carea' id='block_1_62' title="bbox 2234 3169 3829 3245">
    <p class='ocr_par' dir='ltr' id='par_1_62' title="bbox 2234 3170 3829 3243">
     <span class='ocr_line' id='line_1_62' title="bbox 2234 3170 3829 3243; baseline 0 -18"><span class='ocrx_word' id='word_1_438' title='bbox 2234 3170 2380 3235; x_wconf 76' lang='grc' dir='ltr'>ἀξιον</span> <span class='ocrx_word' id='word_1_439' title='bbox 2409 3172 2645 3225; x_wconf 79' lang='grc' dir='ltr'>ἐπαίνων</span> <span class='ocrx_word' id='word_1_440' title='bbox 2682 3172 3082 3243; x_wconf 84' lang='grc' dir='ltr'>ἐργασαμένου,</span> <span class='ocrx_word' id='word_1_441' title='bbox 3118 3173 3192 3235; x_wconf 86' lang='grc' dir='ltr'>ὡς</span> <span class='ocrx_word' id='word_1_442' title='bbox 3225 3172 3290 3223; x_wconf 86' lang='grc' dir='ltr'>ἂν</span> <span class='ocrx_word' id='word_1_443' title='bbox 3317 3173 3509 3224; x_wconf 67' lang='grc' dir='ltr'>ἑαυτὸν</span> <span class='ocrx_word' id='word_1_444' title='bbox 3537 3173 3829 3242; x_wconf 75' lang='grc' dir='ltr'>παραδόν-</span> 
     </span>
    </p>
   </div>
   <div class='ocr_carea' id='block_1_63' title="bbox 549 3261 2122 3341">
    <p class='ocr_par' dir='ltr' id='par_1_63' title="bbox 549 3261 2122 3341">
     <span class='ocr_line' id='line_1_63' title="bbox 549 3261 2122 3341; baseline 0.008 -28"><span class='ocrx_word' id='word_1_445' title='bbox 549 3269 604 3314; x_wconf 86' lang='lat' dir='ltr'><strong>et</strong></span> <span class='ocrx_word' id='word_1_446' title='bbox 637 3261 852 3326; x_wconf 88' lang='lat' dir='ltr'><strong>liberis,</strong></span> <span class='ocrx_word' id='word_1_447' title='bbox 884 3274 937 3316; x_wconf 89' lang='lat' dir='ltr'><strong>et</strong></span> <span class='ocrx_word' id='word_1_448' title='bbox 976 3274 1092 3319; x_wconf 89' lang='lat' dir='ltr'><strong>toto</strong></span> <span class='ocrx_word' id='word_1_449' title='bbox 1139 3284 1339 3336; x_wconf 88' lang='lat' dir='ltr'><strong>genere</strong></span> <span class='ocrx_word' id='word_1_450' title='bbox 1375 3270 1629 3323; x_wconf 91' lang='lat' dir='ltr'><strong>manibus</strong></span> <span class='ocrx_word' id='word_1_451' title='bbox 1667 3269 2122 3341; x_wconf 87' lang='lat' dir='ltr'><strong>Babyloniorum,</strong></span> 
     </span>
    </p>
   </div>
   <div class='ocr_carea' id='block_1_64' title="bbox 551 3356 2128 3432">
    <p class='ocr_par' dir='ltr' id='par_1_64' title="bbox 551 3356 2128 3432">
     <span class='ocr_line' id='line_1_64' title="bbox 551 3356 2128 3432; baseline 0.009 -24"><span class='ocrx_word' id='word_1_452' title='bbox 551 3370 621 3409; x_wconf 87' lang='lat' dir='ltr'><strong>ne</strong></span> <span class='ocrx_word' id='word_1_453' title='bbox 684 3356 818 3411; x_wconf 89' lang='lat' dir='ltr'><strong>urbs</strong></span> <span class='ocrx_word' id='word_1_454' title='bbox 864 3357 933 3411; x_wconf 92' lang='lat' dir='ltr'><strong>ab</strong></span> <span class='ocrx_word' id='word_1_455' title='bbox 987 3359 1243 3415; x_wconf 83' lang='lat' dir='ltr'><strong>hostibus</strong></span> <span class='ocrx_word' id='word_1_456' title='bbox 1276 3373 1432 3432; x_wconf 89' lang='lat' dir='ltr'><strong>capta</strong></span> <span class='ocrx_word' id='word_1_457' title='bbox 1476 3374 1868 3419; x_wconf 85' lang='lat' dir='ltr'><strong>everteretur:</strong></span> <span class='ocrx_word' id='word_1_458' title='bbox 1923 3375 1983 3420; x_wconf 93' lang='lat' dir='ltr'><strong>ut</strong></span> <span class='ocrx_word' id='word_1_459' title='bbox 2013 3368 2128 3422; x_wconf 71' lang='lat' dir='ltr'><strong>haec</strong></span> 
     </span>
    </p>
   </div>
   <div class='ocr_carea' id='block_1_65' title="bbox 552 3446 2128 3525">
    <p class='ocr_par' dir='ltr' id='par_1_65' title="bbox 552 3446 2128 3525">
     <span class='ocr_line' id='line_1_65' title="bbox 552 3446 2128 3525; baseline 0.009 -27"><span class='ocrx_word' id='word_1_460' title='bbox 552 3446 701 3514; x_wconf 81' lang='lat' dir='ltr'><strong>leges</strong></span> <span class='ocrx_word' id='word_1_461' title='bbox 730 3449 872 3515; x_wconf 89' lang='lat' dir='ltr'><strong>apud</strong></span> <span class='ocrx_word' id='word_1_462' title='bbox 910 3449 1209 3518; x_wconf 81' lang='lat' dir='ltr'><strong>Josephum</strong></span> <span class='ocrx_word' id='word_1_463' title='bbox 1243 3463 1564 3506; x_wconf 87' lang='lat' dir='ltr'><strong>narrantem</strong></span> <span class='ocrx_word' id='word_1_464' title='bbox 1597 3455 1936 3525; x_wconf 89' lang='lat' dir='ltr'><strong>singulatim.</strong></span> <span class='ocrx_word' id='word_1_465' title='bbox 1990 3457 2128 3512; x_wconf 88' lang='lat' dir='ltr'><strong>Cum</strong></span> 
     </span>
    </p>
   </div>
   <div class='ocr_carea' id='block_1_66' title="bbox 553 3542 2129 3617">
    <p class='ocr_par' dir='ltr' id='par_1_66' title="bbox 553 3542 2129 3617">
     <span class='ocr_line' id='line_1_66' title="bbox 553 3542 2129 3617; baseline 0.007 -25"><span class='ocrx_word' id='word_1_466' title='bbox 553 3551 738 3592; x_wconf 89' lang='lat' dir='ltr'><strong>autem</strong></span> <span class='ocrx_word' id='word_1_467' title='bbox 777 3542 821 3592; x_wconf 89' lang='lat' dir='ltr'><strong>is</strong></span> <span class='ocrx_word' id='word_1_468' title='bbox 851 3556 1069 3610; x_wconf 93' lang='lat' dir='ltr'><strong>quoque</strong></span> <span class='ocrx_word' id='word_1_469' title='bbox 1099 3557 1127 3595; x_wconf 92' lang='lat' dir='ltr'><strong>e</strong></span> <span class='ocrx_word' id='word_1_470' title='bbox 1164 3543 1272 3597; x_wconf 90' lang='lat' dir='ltr'><strong>vita</strong></span> <span class='ocrx_word' id='word_1_471' title='bbox 1327 3544 1673 3606; x_wconf 82' lang='lat' dir='ltr'><strong>decessisset.</strong></span> <span class='ocrx_word' id='word_1_472' title='bbox 1719 3558 2007 3617; x_wconf 88' lang='lat' dir='ltr'><strong>postquam</strong></span> <span class='ocrx_word' id='word_1_473' title='bbox 2040 3565 2129 3604; x_wconf 89' lang='lat' dir='ltr'><strong>rc-</strong></span> 
     </span>
    </p>
   </div>
   <div class='ocr_carea' id='block_1_67' title="bbox 553 3633 2130 3708">
    <p class='ocr_par' dir='ltr' id='par_1_67' title="bbox 553 3633 2130 3708">
     <span class='ocr_line' id='line_1_67' title="bbox 553 3633 2130 3708; baseline 0.008 -27"><span class='ocrx_word' id='word_1_474' title='bbox 553 3641 770 3696; x_wconf 87' lang='lat' dir='ltr'><strong>gnasset</strong></span> <span class='ocrx_word' id='word_1_475' title='bbox 798 3633 1104 3708; x_wconf 73' lang='lat' dir='ltr'><strong>octodecim</strong></span> <span class='ocrx_word' id='word_1_476' title='bbox 1147 3650 1341 3697; x_wconf 88' lang='lat' dir='ltr'><strong>annos,</strong></span> <span class='ocrx_word' id='word_1_477' title='bbox 1378 3637 1498 3704; x_wconf 87' lang='lat' dir='ltr'><strong>ejus</strong></span> <span class='ocrx_word' id='word_1_478' title='bbox 1545 3638 1691 3690; x_wconf 81' lang='lat' dir='ltr'><strong>filius</strong></span> <span class='ocrx_word' id='word_1_479' title='bbox 1723 3637 1771 3691; x_wconf 91' lang='lat' dir='ltr'><strong>ci</strong></span> <span class='ocrx_word' id='word_1_480' title='bbox 1803 3638 2051 3693; x_wconf 86' lang='lat' dir='ltr'><strong>succedit</strong></span> <span class='ocrx_word' id='word_1_481' title='bbox 2074 3641 2130 3694; x_wconf 88' lang='lat' dir='ltr'><strong>in</strong></span> 
     </span>
    </p>
   </div>
   <div class='ocr_carea' id='block_1_68' title="bbox 556 3722 2129 3798">
    <p class='ocr_par' dir='ltr' id='par_1_68' title="bbox 556 3722 2129 3798">
     <span class='ocr_line' id='line_1_68' title="bbox 556 3722 2129 3798; baseline 0.008 -25"><span class='ocrx_word' id='word_1_482' title='bbox 556 3722 791 3788; x_wconf 87' lang='lat' dir='ltr'><strong>imperio</strong></span> <span class='ocrx_word' id='word_1_483' title='bbox 827 3741 837 3774; x_wconf 92' lang='lat'><strong>:</strong></span> <span class='ocrx_word' id='word_1_484' title='bbox 866 3725 1013 3790; x_wconf 92' lang='lat' dir='ltr'><strong>quod</strong></span> <span class='ocrx_word' id='word_1_485' title='bbox 1048 3742 1173 3778; x_wconf 89' lang='lat' dir='ltr'><strong>cum</strong></span> <span class='ocrx_word' id='word_1_486' title='bbox 1203 3729 1476 3780; x_wconf 87' lang='lat' dir='ltr'><strong>tenuisset</strong></span> <span class='ocrx_word' id='word_1_487' title='bbox 1536 3730 1897 3797; x_wconf 87' lang='lat' dir='ltr'><strong>quadraginta</strong></span> <span class='ocrx_word' id='word_1_488' title='bbox 1935 3746 2129 3798; x_wconf 88' lang='lat' dir='ltr'><strong>annos,</strong></span> 
     </span>
    </p>
   </div>
   <div class='ocr_carea' id='block_1_69' title="bbox 556 3814 2132 3890">
    <p class='ocr_par' dir='ltr' id='par_1_69' title="bbox 556 3814 2132 3890">
     <span class='ocr_line' id='line_1_69' title="bbox 556 3814 2132 3890; baseline 0.006 -23"><span class='ocrx_word' id='word_1_489' title='bbox 556 3829 588 3867; x_wconf 91' lang='lat' dir='ltr'><strong>e</strong></span> <span class='ocrx_word' id='word_1_490' title='bbox 621 3814 729 3867; x_wconf 75' lang='lat' dir='ltr'><strong>vita</strong></span> <span class='ocrx_word' id='word_1_491' title='bbox 761 3815 994 3868; x_wconf 80' lang='lat' dir='ltr'><strong>excedit.</strong></span> <span class='ocrx_word' id='word_1_492' title='bbox 1031 3817 1236 3872; x_wconf 86' lang='lat' dir='ltr'><strong>Deinde</strong></span> <span class='ocrx_word' id='word_1_493' title='bbox 1277 3819 1559 3873; x_wconf 88' lang='lat' dir='ltr'><strong>Balthasar</strong></span> <span class='ocrx_word' id='word_1_494' title='bbox 1590 3836 1809 3890; x_wconf 92' lang='lat' dir='ltr'><strong>quoque</strong></span> <span class='ocrx_word' id='word_1_495' title='bbox 1854 3823 1973 3890; x_wconf 87' lang='lat' dir='ltr'><strong>ejus</strong></span> <span class='ocrx_word' id='word_1_496' title='bbox 2034 3838 2132 3876; x_wconf 80' lang='lat' dir='ltr'><strong>ne—</strong></span> 
     </span>
    </p>
   </div>
   <div class='ocr_carea' id='block_1_70' title="bbox 560 3905 2136 3977">
    <p class='ocr_par' dir='ltr' id='par_1_70' title="bbox 560 3905 2136 3977">
     <span class='ocr_line' id='line_1_70' title="bbox 560 3905 2136 3977; baseline 0.008 -21"><span class='ocrx_word' id='word_1_497' title='bbox 560 3919 659 3972; x_wconf 87' lang='lat' dir='ltr'><strong>pos</strong></span> <span class='ocrx_word' id='word_1_498' title='bbox 725 3905 782 3958; x_wconf 83' lang='lat' dir='ltr'><strong>fit</strong></span> <span class='ocrx_word' id='word_1_499' title='bbox 848 3908 1022 3962; x_wconf 67' lang='lat' dir='ltr'><strong>haeres</strong></span> <span class='ocrx_word' id='word_1_500' title='bbox 1077 3911 1314 3977; x_wconf 88' lang='lat' dir='ltr'><strong>imperii.</strong></span> <span class='ocrx_word' id='word_1_501' title='bbox 1350 3913 1467 3963; x_wconf 86' lang='lat' dir='ltr'><strong>Non</strong></span> <span class='ocrx_word' id='word_1_502' title='bbox 1533 3914 1764 3965; x_wconf 84' lang='lat' dir='ltr'><strong>multum</strong></span> <span class='ocrx_word' id='word_1_503' title='bbox 1826 3916 2136 3968; x_wconf 86' lang='lat' dir='ltr'><strong>intercessit</strong></span> 
     </span>
    </p>
   </div>
   <div class='ocr_carea' id='block_1_71' title="bbox 561 3998 2136 4068">
    <p class='ocr_par' dir='ltr' id='par_1_71' title="bbox 561 3998 2136 4068">
     <span class='ocr_line' id='line_1_71' title="bbox 561 3998 2136 4068; baseline 0.006 -19"><span class='ocrx_word' id='word_1_504' title='bbox 561 3998 849 4065; x_wconf 78' lang='lat' dir='ltr'><strong>temporis,</strong></span> <span class='ocrx_word' id='word_1_505' title='bbox 882 4011 936 4050; x_wconf 90' lang='lat' dir='ltr'><strong>et</strong></span> <span class='ocrx_word' id='word_1_506' title='bbox 973 3999 1145 4068; x_wconf 82' lang='lat' dir='ltr'><strong>Cyrus</strong></span> <span class='ocrx_word' id='word_1_507' title='bbox 1176 4015 1269 4052; x_wconf 88' lang='lat' dir='ltr'><strong>rex</strong></span> <span class='ocrx_word' id='word_1_508' title='bbox 1298 4001 1608 4062; x_wconf 83' lang='lat' dir='ltr'><strong>Persarum.</strong></span> <span class='ocrx_word' id='word_1_509' title='bbox 1639 4013 1695 4056; x_wconf 88' lang='lat' dir='ltr'><strong>et</strong></span> <span class='ocrx_word' id='word_1_510' title='bbox 1725 4004 1919 4058; x_wconf 86' lang='lat' dir='ltr'><strong>Darius</strong></span> <span class='ocrx_word' id='word_1_511' title='bbox 1956 4006 2136 4059; x_wconf 81' lang='lat' dir='ltr'><strong>Medo-</strong></span> 
     </span>
    </p>
   </div>
   <div class='ocr_carea' id='block_1_72' title="bbox 562 4089 2139 4166">
    <p class='ocr_par' dir='ltr' id='par_1_72' title="bbox 562 4089 2139 4166">
     <span class='ocr_line' id='line_1_72' title="bbox 562 4089 2139 4166; baseline 0.006 -26"><span class='ocrx_word' id='word_1_512' title='bbox 562 4105 704 4150; x_wconf 88' lang='lat' dir='ltr'><strong>rum,</strong></span> <span class='ocrx_word' id='word_1_513' title='bbox 759 4089 1166 4156; x_wconf 84' lang='lat' dir='ltr'><strong>expeditionem</strong></span> <span class='ocrx_word' id='word_1_514' title='bbox 1222 4093 1532 4159; x_wconf 86' lang='lat' dir='ltr'><strong>suscipiunt</strong></span> <span class='ocrx_word' id='word_1_515' title='bbox 1593 4095 1858 4149; x_wconf 84' lang='lat' dir='ltr'><strong>adversus</strong></span> <span class='ocrx_word' id='word_1_516' title='bbox 1908 4096 2139 4166; x_wconf 59' lang='lat' dir='ltr'><strong>Babylo»</strong></span> 
     </span>
    </p>
   </div>
   <div class='ocr_carea' id='block_1_73' title="bbox 562 4180 2134 4255">
    <p class='ocr_par' dir='ltr' id='par_1_73' title="bbox 562 4180 2134 4255">
     <span class='ocr_line' id='line_1_73' title="bbox 562 4180 2134 4255; baseline 0.005 -22"><span class='ocrx_word' id='word_1_517' title='bbox 562 4195 709 4233; x_wconf 84' lang='lat' dir='ltr'><strong>nein.</strong></span> <span class='ocrx_word' id='word_1_518' title='bbox 747 4180 1013 4233; x_wconf 64' lang='lat' dir='ltr'><strong>Caeterum</strong></span> <span class='ocrx_word' id='word_1_519' title='bbox 1047 4198 1171 4235; x_wconf 91' lang='lat' dir='ltr'><strong>cum</strong></span> <span class='ocrx_word' id='word_1_520' title='bbox 1199 4198 1425 4251; x_wconf 89' lang='lat' dir='ltr'><strong>regnum</strong></span> <span class='ocrx_word' id='word_1_521' title='bbox 1465 4187 1767 4254; x_wconf 90' lang='lat' dir='ltr'><strong>accepisset</strong></span> <span class='ocrx_word' id='word_1_522' title='bbox 1829 4188 2134 4255; x_wconf 81' lang='lat' dir='ltr'><strong>Balthasar,</strong></span> 
     </span>
    </p>
   </div>
   <div class='ocr_carea' id='block_1_74' title="bbox 562 4275 1918 4348">
    <p class='ocr_par' dir='ltr' id='par_1_74' title="bbox 562 4275 1918 4348">
     <span class='ocr_line' id='line_1_74' title="bbox 562 4275 1918 4348; baseline 0.003 -19"><span class='ocrx_word' id='word_1_523' title='bbox 562 4287 617 4329; x_wconf 90' lang='lat' dir='ltr'><strong>et</strong></span> <span class='ocrx_word' id='word_1_524' title='bbox 663 4275 863 4328; x_wconf 81' lang='lat' dir='ltr'><strong>accidit</strong></span> <span class='ocrx_word' id='word_1_525' title='bbox 896 4289 1099 4327; x_wconf 88' lang='lat' dir='ltr'><strong>novum</strong></span> <span class='ocrx_word' id='word_1_526' title='bbox 1132 4276 1392 4346; x_wconf 87' lang='lat' dir='ltr'><strong>quidnam</strong></span> <span class='ocrx_word' id='word_1_527' title='bbox 1427 4288 1481 4330; x_wconf 91' lang='lat' dir='ltr'><strong>et</strong></span> <span class='ocrx_word' id='word_1_528' title='bbox 1511 4278 1918 4348; x_wconf 88' lang='lat' dir='ltr'><strong>prodigiosum.</strong></span> 
     </span>
    </p>
   </div>
   <div class='ocr_carea' id='block_1_75' title="bbox 635 4456 2135 4528">
    <p class='ocr_par' dir='ltr' id='par_1_75' title="bbox 635 4456 2135 4528">
     <span class='ocr_line' id='line_1_75' title="bbox 635 4456 2135 4528; baseline 0.003 -19"><span class='ocrx_word' id='word_1_529' title='bbox 635 4456 726 4513; x_wconf 77' lang='lat' dir='ltr'><strong>Xl.</strong></span> <span class='ocrx_word' id='word_1_530' title='bbox 770 4456 1144 4510; x_wconf 85' lang='lat' dir='ltr'><strong>Accumbebat</strong></span> <span class='ocrx_word' id='word_1_531' title='bbox 1184 4457 1295 4522; x_wconf 93' lang='lat' dir='ltr'><strong>ille,</strong></span> <span class='ocrx_word' id='word_1_532' title='bbox 1341 4473 1566 4512; x_wconf 74' lang='lat' dir='ltr'><strong>cmnans</strong></span> <span class='ocrx_word' id='word_1_533' title='bbox 1609 4458 1661 4512; x_wconf 92' lang='lat' dir='ltr'><strong>in</strong></span> <span class='ocrx_word' id='word_1_534' title='bbox 1706 4475 1895 4528; x_wconf 88' lang='lat' dir='ltr'><strong>magna</strong></span> <span class='ocrx_word' id='word_1_535' title='bbox 1950 4459 2135 4521; x_wconf 89' lang='lat' dir='ltr'><strong>domo,</strong></span> 
     </span>
    </p>
   </div>
   <div class='ocr_carea' id='block_1_76' title="bbox 2231 3261 3828 3332">
    <p class='ocr_par' dir='ltr' id='par_1_76' title="bbox 2231 3261 3828 3332">
     <span class='ocr_line' id='line_1_76' title="bbox 2231 3261 3828 3332; baseline 0.001 -18"><span class='ocrx_word' id='word_1_536' title='bbox 2231 3279 2322 3324; x_wconf 84' lang='grc' dir='ltr'><strong>τος</strong></span> <span class='ocrx_word' id='word_1_537' title='bbox 2371 3264 2467 3315; x_wconf 81' lang='grc' dir='ltr'>σὺν</span> <span class='ocrx_word' id='word_1_538' title='bbox 2498 3262 2612 3332; x_wconf 70' lang='grc' dir='ltr'>ἅμα</span> <span class='ocrx_word' id='word_1_539' title='bbox 2649 3262 2867 3328; x_wconf 75' lang='grc' dir='ltr'>γυναιξὶ</span> <span class='ocrx_word' id='word_1_540' title='bbox 2901 3263 2992 3314; x_wconf 70' lang='grc' dir='ltr'>καὶ</span> <span class='ocrx_word' id='word_1_541' title='bbox 3023 3263 3229 3322; x_wconf 84' lang='grc' dir='ltr'>τέκνοις</span> <span class='ocrx_word' id='word_1_542' title='bbox 3282 3261 3375 3314; x_wconf 73' lang='grc' dir='ltr'>καὶ</span> <span class='ocrx_word' id='word_1_543' title='bbox 3412 3261 3520 3328; x_wconf 78' lang='grc' dir='ltr'><strong>ὅλῳ</strong></span> <span class='ocrx_word' id='word_1_544' title='bbox 3548 3263 3624 3330; x_wconf 80' lang='grc' dir='ltr'><strong>τῷ</strong></span> <span class='ocrx_word' id='word_1_545' title='bbox 3660 3265 3828 3328; x_wconf 82' lang='grc' dir='ltr'>γένει</span> 
     </span>
    </p>
   </div>
   <div class='ocr_carea' id='block_1_77' title="bbox 2232 3353 3825 3424">
    <p class='ocr_par' dir='ltr' id='par_1_77' title="bbox 2232 3353 3825 3424">
     <span class='ocr_line' id='line_1_77' title="bbox 2232 3353 3825 3424; baseline 0.002 -22"><span class='ocrx_word' id='word_1_546' title='bbox 2232 3353 2388 3422; x_wconf 72' lang='grc' dir='ltr'>χερσὶ</span> <span class='ocrx_word' id='word_1_547' title='bbox 2412 3353 2521 3404; x_wconf 83' lang='grc' dir='ltr'><strong>τῶν</strong></span> <span class='ocrx_word' id='word_1_548' title='bbox 2549 3353 2930 3416; x_wconf 83' lang='grc' dir='ltr'>Βαϐυλωνίων,</span> <span class='ocrx_word' id='word_1_549' title='bbox 2961 3354 3046 3405; x_wconf 79' lang='grc' dir='ltr'>ἵνα</span> <span class='ocrx_word' id='word_1_550' title='bbox 3094 3353 3167 3423; x_wconf 79' lang='grc' dir='ltr'>μὴ</span> <span class='ocrx_word' id='word_1_551' title='bbox 3196 3353 3379 3422; x_wconf 83' lang='grc' dir='ltr'>ἐκείνη</span> <span class='ocrx_word' id='word_1_552' title='bbox 3428 3355 3825 3424; x_wconf 69' lang='grc' dir='ltr'>κατασκαφείη</span> 
     </span>
    </p>
   </div>
   <div class='ocr_carea' id='block_1_78' title="bbox 2229 3445 3827 3516">
    <p class='ocr_par' dir='ltr' id='par_1_78' title="bbox 2229 3445 3827 3516">
     <span class='ocr_line' id='line_1_78' title="bbox 2229 3445 3827 3516; baseline 0.001 -18"><span class='ocrx_word' id='word_1_553' title='bbox 2229 3445 2497 3514; x_wconf 76' lang='grc' dir='ltr'>ληφθεῖσα</span> <span class='ocrx_word' id='word_1_554' title='bbox 2549 3446 2653 3498; x_wconf 82' lang='grc' dir='ltr'><strong>ὑπὸ</strong></span> <span class='ocrx_word' id='word_1_555' title='bbox 2691 3447 2798 3498; x_wconf 84' lang='grc' dir='ltr'>τῶν</span> <span class='ocrx_word' id='word_1_556' title='bbox 2849 3445 3145 3516; x_wconf 86' lang='grc' dir='ltr'>πολεμίων,</span> <span class='ocrx_word' id='word_1_557' title='bbox 3179 3446 3254 3510; x_wconf 88' lang='grc' dir='ltr'>ὼς</span> <span class='ocrx_word' id='word_1_558' title='bbox 3302 3446 3590 3516; x_wconf 81' lang='grc' dir='ltr'>Ίωσήππῳ</span> <span class='ocrx_word' id='word_1_559' title='bbox 3641 3447 3827 3501; x_wconf 77' lang='grc' dir='ltr'>ταῦτα.</span> 
     </span>
    </p>
   </div>
   <div class='ocr_carea' id='block_1_79' title="bbox 2233 3536 3826 3610">
    <p class='ocr_par' dir='ltr' id='par_1_79' title="bbox 2233 3536 3826 3610">
     <span class='ocr_line' id='line_1_79' title="bbox 2233 3536 3826 3610; baseline 0.002 -22"><span class='ocrx_word' id='word_1_560' title='bbox 2233 3536 2376 3589; x_wconf 76' lang='grc' dir='ltr'>κατά</span> <span class='ocrx_word' id='word_1_561' title='bbox 2414 3538 2579 3607; x_wconf 83' lang='grc' dir='ltr'>μέρος</span> <span class='ocrx_word' id='word_1_562' title='bbox 2615 3537 2844 3610; x_wconf 77' lang='grc' dir='ltr'>ἐντεύξῃ</span> <span class='ocrx_word' id='word_1_563' title='bbox 2868 3537 3235 3607; x_wconf 79' lang='grc' dir='ltr'>διηγουμένῳ.</span> <span class='ocrx_word' id='word_1_564' title='bbox 3273 3536 3710 3607; x_wconf 75' lang='grc' dir='ltr'>Τελευτήσαντος</span> <span class='ocrx_word' id='word_1_565' title='bbox 3761 3540 3826 3592; x_wconf 82' lang='grc' dir='ltr'>δὲ</span> 
     </span>
    </p>
   </div>
   <div class='ocr_carea' id='block_1_80' title="bbox 2233 3628 3834 3699">
    <p class='ocr_par' dir='ltr' id='par_1_80' title="bbox 2233 3628 3834 3699">
     <span class='ocr_line' id='line_1_80' title="bbox 2233 3628 3834 3699; baseline 0.002 -19"><span class='ocrx_word' id='word_1_566' title='bbox 2233 3631 2324 3680; x_wconf 71' lang='grc' dir='ltr'>καὶ</span> <span class='ocrx_word' id='word_1_567' title='bbox 2365 3628 2554 3679; x_wconf 80' lang='grc' dir='ltr'>τούτου</span> <span class='ocrx_word' id='word_1_568' title='bbox 2591 3629 2729 3696; x_wconf 76' lang='grc' dir='ltr'>μετὰ</span> <span class='ocrx_word' id='word_1_569' title='bbox 2758 3630 2850 3696; x_wconf 80' lang='grc' dir='ltr'><strong>ἐτη</strong></span> <span class='ocrx_word' id='word_1_570' title='bbox 2885 3630 3259 3683; x_wconf 82' lang='grc' dir='ltr'>ὀκτωκαίδεκα</span> <span class='ocrx_word' id='word_1_571' title='bbox 3302 3631 3396 3699; x_wconf 80' lang='grc' dir='ltr'>τῆς</span> <span class='ocrx_word' id='word_1_572' title='bbox 3446 3630 3746 3698; x_wconf 81' lang='grc' dir='ltr'>βασιλείας,</span> <span class='ocrx_word' id='word_1_573' title='bbox 3796 3636 3834 3684; x_wconf 82' lang='grc'>6</span> 
     </span>
    </p>
   </div>
   <div class='ocr_carea' id='block_1_81' title="bbox 2235 3719 3828 3792">
    <p class='ocr_par' dir='ltr' id='par_1_81' title="bbox 2235 3719 3828 3792">
     <span class='ocr_line' id='line_1_81' title="bbox 2235 3719 3828 3792; baseline 0.003 -21"><span class='ocrx_word' id='word_1_574' title='bbox 2235 3723 2364 3782; x_wconf 85' lang='grc' dir='ltr'>παῖς</span> <span class='ocrx_word' id='word_1_575' title='bbox 2396 3719 2562 3772; x_wconf 82' lang='grc' dir='ltr'>αὑτοῦ</span> <span class='ocrx_word' id='word_1_576' title='bbox 2601 3722 2700 3789; x_wconf 77' lang='grc' dir='ltr'>τὴν</span> <span class='ocrx_word' id='word_1_577' title='bbox 2732 3721 2909 3790; x_wconf 74' lang='grc' dir='ltr'>ἀρχὴν</span> <span class='ocrx_word' id='word_1_578' title='bbox 2937 3721 3240 3790; x_wconf 84' lang='grc' dir='ltr'>διαδέχεται</span> <span class='ocrx_word' id='word_1_579' title='bbox 3281 3722 3373 3773; x_wconf 79' lang='grc' dir='ltr'>καὶ</span> <span class='ocrx_word' id='word_1_580' title='bbox 3407 3721 3698 3792; x_wconf 82' lang='grc' dir='ltr'>κατασχὼν</span> <span class='ocrx_word' id='word_1_581' title='bbox 3724 3726 3828 3776; x_wconf 84' lang='grc' dir='ltr'><strong>αὺ-</strong></span> 
     </span>
    </p>
   </div>
   <div class='ocr_carea' id='block_1_82' title="bbox 2233 3812 3825 3886">
    <p class='ocr_par' dir='ltr' id='par_1_82' title="bbox 2233 3812 3825 3886">
     <span class='ocr_line' id='line_1_82' title="bbox 2233 3812 3825 3886; baseline 0.002 -21"><span class='ocrx_word' id='word_1_582' title='bbox 2233 3814 2330 3880; x_wconf 79' lang='grc' dir='ltr'>τὴν</span> <span class='ocrx_word' id='word_1_583' title='bbox 2364 3815 2454 3866; x_wconf 75' lang='grc' dir='ltr'>ἐπὶ</span> <span class='ocrx_word' id='word_1_584' title='bbox 2486 3813 2895 3883; x_wconf 85' lang='grc' dir='ltr'>τεσσαράκοντα</span> <span class='ocrx_word' id='word_1_585' title='bbox 2940 3813 3055 3878; x_wconf 77' lang='grc' dir='ltr'>ἐτη,</span> <span class='ocrx_word' id='word_1_586' title='bbox 3088 3812 3455 3882; x_wconf 75' lang='grc' dir='ltr'>καταστρέφει</span> <span class='ocrx_word' id='word_1_587' title='bbox 3506 3814 3595 3865; x_wconf 76' lang='grc' dir='ltr'>τὸν</span> <span class='ocrx_word' id='word_1_588' title='bbox 3667 3815 3825 3886; x_wconf 84' lang='grc' dir='ltr'>βίον·</span> 
     </span>
    </p>
   </div>
   <div class='ocr_carea' id='block_1_83' title="bbox 2237 3899 3830 3977">
    <p class='ocr_par' dir='ltr' id='par_1_83' title="bbox 2237 3899 3830 3977">
     <span class='ocr_line' id='line_1_83' title="bbox 2237 3899 3830 3977; baseline 0.002 -20"><span class='ocrx_word' id='word_1_589' title='bbox 2237 3902 2352 3957; x_wconf 76' lang='grc' dir='ltr'>εἶτα</span> <span class='ocrx_word' id='word_1_590' title='bbox 2381 3908 2473 3958; x_wconf 76' lang='grc' dir='ltr'>καὶ</span> <span class='ocrx_word' id='word_1_591' title='bbox 2495 3906 2782 3973; x_wconf 80' lang='grc' dir='ltr'>Βαλτάσαρ</span> <span class='ocrx_word' id='word_1_592' title='bbox 2807 3909 2833 3958; x_wconf 88' lang='lat'><strong>6</strong></span> <span class='ocrx_word' id='word_1_593' title='bbox 2855 3906 3044 3958; x_wconf 85' lang='grc' dir='ltr'>τούτου</span> <span class='ocrx_word' id='word_1_594' title='bbox 3069 3907 3332 3973; x_wconf 80' lang='grc' dir='ltr'>ἀπόγονος</span> <span class='ocrx_word' id='word_1_595' title='bbox 3362 3899 3696 3977; x_wconf 81' lang='grc' dir='ltr'>κληρονόμος</span> <span class='ocrx_word' id='word_1_596' title='bbox 3721 3911 3830 3977; x_wconf 79' lang='grc' dir='ltr'>τῆς</span> 
     </span>
    </p>
   </div>
   <div class='ocr_carea' id='block_1_84' title="bbox 2237 3997 3818 4070">
    <p class='ocr_par' dir='ltr' id='par_1_84' title="bbox 2237 3997 3818 4070">
     <span class='ocr_line' id='line_1_84' title="bbox 2237 3997 3818 4070; baseline 0.017 -27"><span class='ocrx_word' id='word_1_597' title='bbox 2237 4000 2414 4067; x_wconf 79' lang='grc' dir='ltr'>ἀρχῆς</span> <span class='ocrx_word' id='word_1_598' title='bbox 2463 3998 2710 4065; x_wconf 82' lang='grc' dir='ltr'>γίνεται’</span> <span class='ocrx_word' id='word_1_599' title='bbox 2745 3997 2805 4049; x_wconf 85' lang='grc' dir='ltr'><strong>οὐ</strong></span> <span class='ocrx_word' id='word_1_600' title='bbox 2862 3999 3028 4061; x_wconf 78' lang='grc' dir='ltr'>πολὺς</span> <span class='ocrx_word' id='word_1_601' title='bbox 3051 3999 3200 4068; x_wconf 59' lang='grc' dir='ltr'>ἔρρει</span> <span class='ocrx_word' id='word_1_602' title='bbox 3247 3999 3308 4050; x_wconf 66' lang='grc' dir='ltr'>τὸ</span> <span class='ocrx_word' id='word_1_603' title='bbox 3337 4000 3542 4066; x_wconf 71' lang='grc' dir='ltr'>μεταξὺ</span> <span class='ocrx_word' id='word_1_604' title='bbox 3591 4003 3818 4070; x_wconf 68' lang='grc' dir='ltr'><strong>χρόνιςν</strong></span> 
     </span>
    </p>
   </div>
   <div class='ocr_carea' id='block_1_85' title="bbox 2240 4089 3829 4160">
    <p class='ocr_par' dir='ltr' id='par_1_85' title="bbox 2240 4089 3829 4160">
     <span class='ocr_line' id='line_1_85' title="bbox 2240 4089 3829 4160; baseline 0.003 -20"><span class='ocrx_word' id='word_1_605' title='bbox 2240 4093 2334 4141; x_wconf 68' lang='grc' dir='ltr'>καὶ</span> <span class='ocrx_word' id='word_1_606' title='bbox 2367 4090 2549 4158; x_wconf 79' lang='grc' dir='ltr'>Κύρος</span> <span class='ocrx_word' id='word_1_607' title='bbox 2578 4092 2604 4141; x_wconf 97' lang='lat'><strong>6</strong></span> <span class='ocrx_word' id='word_1_608' title='bbox 2633 4089 2852 4158; x_wconf 72' lang='grc' dir='ltr'>Περσῶν</span> <span class='ocrx_word' id='word_1_609' title='bbox 2882 4090 3128 4160; x_wconf 77' lang='grc' dir='ltr'>βασιλεὺς</span> <span class='ocrx_word' id='word_1_610' title='bbox 3163 4090 3256 4142; x_wconf 79' lang='grc' dir='ltr'>καὶ</span> <span class='ocrx_word' id='word_1_611' title='bbox 3300 4090 3520 4157; x_wconf 88' lang='grc' dir='ltr'>Δαρεῖος</span> <span class='ocrx_word' id='word_1_612' title='bbox 3567 4090 3594 4140; x_wconf 90' lang='lat'><strong>6</strong></span> <span class='ocrx_word' id='word_1_613' title='bbox 3617 4091 3829 4159; x_wconf 78' lang='grc' dir='ltr'>Μήδων</span> 
     </span>
    </p>
   </div>
   <div class='ocr_carea' id='block_1_86' title="bbox 2240 4179 3817 4252">
    <p class='ocr_par' dir='ltr' id='par_1_86' title="bbox 2240 4179 3817 4252">
     <span class='ocr_line' id='line_1_86' title="bbox 2240 4179 3817 4252; baseline 0.001 -20"><span class='ocrx_word' id='word_1_614' title='bbox 2240 4181 2698 4252; x_wconf 80' lang='grc' dir='ltr'>ἐπιστρατεύουσι</span> <span class='ocrx_word' id='word_1_615' title='bbox 2733 4183 2873 4232; x_wconf 69' lang='grc' dir='ltr'>κατὰ.</span> <span class='ocrx_word' id='word_1_616' title='bbox 2902 4181 3221 4243; x_wconf 83' lang='grc' dir='ltr'>Βαϐυλῶνος</span> <span class='ocrx_word' id='word_1_617' title='bbox 3241 4196 3256 4212; x_wconf 89' lang='grc'><strong>·</strong></span> <span class='ocrx_word' id='word_1_618' title='bbox 3287 4180 3427 4248; x_wconf 76' lang='grc' dir='ltr'>πλὴν</span> <span class='ocrx_word' id='word_1_619' title='bbox 3452 4179 3586 4232; x_wconf 74' lang='grc' dir='ltr'>ἀλλὰ</span> <span class='ocrx_word' id='word_1_620' title='bbox 3615 4182 3817 4234; x_wconf 72' lang='grc' dir='ltr'>Βαλτα-</span> 
     </span>
    </p>
   </div>
   <div class='ocr_carea' id='block_1_87' title="bbox 2242 4270 3824 4344">
    <p class='ocr_par' dir='ltr' id='par_1_87' title="bbox 2242 4270 3824 4344">
     <span class='ocr_line' id='line_1_87' title="bbox 2242 4270 3824 4344; baseline 0.001 -18"><span class='ocrx_word' id='word_1_621' title='bbox 2242 4291 2345 4344; x_wconf 88' lang='grc' dir='ltr'><strong>σαρ</strong></span> <span class='ocrx_word' id='word_1_622' title='bbox 2385 4273 2482 4344; x_wconf 81' lang='grc' dir='ltr'><strong>τὴν</strong></span> <span class='ocrx_word' id='word_1_623' title='bbox 2507 4272 2781 4342; x_wconf 84' lang='grc' dir='ltr'>βασιλείαν</span> <span class='ocrx_word' id='word_1_624' title='bbox 2808 4272 3238 4342; x_wconf 82' lang='grc' dir='ltr'>παραλαϐόντος,</span> <span class='ocrx_word' id='word_1_625' title='bbox 3269 4270 3453 4324; x_wconf 83' lang='grc' dir='ltr'>καινόν</span> <span class='ocrx_word' id='word_1_626' title='bbox 3495 4287 3548 4324; x_wconf 91' lang='grc' dir='ltr'><strong>τι</strong></span> <span class='ocrx_word' id='word_1_627' title='bbox 3597 4275 3693 4326; x_wconf 79' lang='grc' dir='ltr'>καὶ</span> <span class='ocrx_word' id='word_1_628' title='bbox 3730 4292 3824 4328; x_wconf 66' lang='grc' dir='ltr'>τεν</span> 
     </span>
    </p>
   </div>
   <div class='ocr_carea' id='block_1_88' title="bbox 2244 4360 2980 4435">
    <p class='ocr_par' dir='ltr' id='par_1_88' title="bbox 2244 4360 2980 4435">
     <span class='ocr_line' id='line_1_88' title="bbox 2244 4360 2980 4435; baseline 0.003 -18"><span class='ocrx_word' id='word_1_629' title='bbox 2244 4383 2467 4435; x_wconf 85' lang='grc' dir='ltr'>ραστιον</span> <span class='ocrx_word' id='word_1_630' title='bbox 2496 4360 2606 4418; x_wconf 80' lang='grc' dir='ltr'>οἷον</span> <span class='ocrx_word' id='word_1_631' title='bbox 2640 4365 2980 4434; x_wconf 78' lang='grc' dir='ltr'>συμϐέϐηκε.</span> 
     </span>
    </p>
   </div>
   <div class='ocr_carea' id='block_1_89' title="bbox 2314 4456 3836 4536">
    <p class='ocr_par' dir='ltr' id='par_1_89' title="bbox 2314 4456 3836 4536">
     <span class='ocr_line' id='line_1_89' title="bbox 2314 4456 3836 4536; baseline 0.006 -27"><span class='ocrx_word' id='word_1_632' title='bbox 2314 4456 2417 4511; x_wconf 73' lang='lat' dir='ltr'><strong>IA&#39;.</strong></span> <span class='ocrx_word' id='word_1_633' title='bbox 2441 4459 2751 4512; x_wconf 74' lang='grc' dir='ltr'>Κατέκειτο</span> <span class='ocrx_word' id='word_1_634' title='bbox 2772 4459 2871 4529; x_wconf 80' lang='grc' dir='ltr'>μὲν</span> <span class='ocrx_word' id='word_1_635' title='bbox 2907 4459 3016 4528; x_wconf 72' lang='grc' dir='ltr'><strong>γάρ</strong></span> <span class='ocrx_word' id='word_1_636' title='bbox 3054 4460 3257 4525; x_wconf 88' lang='grc' dir='ltr'>ἐκεῖνος</span> <span class='ocrx_word' id='word_1_637' title='bbox 3293 4462 3548 4528; x_wconf 86' lang='grc' dir='ltr'>δειπνῶν,</span> <span class='ocrx_word' id='word_1_638' title='bbox 3591 4466 3649 4516; x_wconf 80' lang='grc' dir='ltr'><strong>ἐν</strong></span> <span class='ocrx_word' id='word_1_639' title='bbox 3691 4464 3836 4536; x_wconf 84' lang='grc' dir='ltr'>οῐκῳ</span> 
     </span>
    </p>
   </div>
   <div class='ocr_carea' id='block_1_90' title="bbox 565 4530 2124 4624">
    <p class='ocr_par' dir='ltr' id='par_1_90' title="bbox 565 4549 2124 4619">
     <span class='ocr_line' id='line_1_90' title="bbox 565 4549 2124 4619; baseline 0.003 -17"><span class='ocrx_word' id='word_1_640' title='bbox 565 4560 620 4603; x_wconf 90' lang='lat' dir='ltr'><strong>et</strong></span> <span class='ocrx_word' id='word_1_641' title='bbox 651 4552 788 4602; x_wconf 80' lang='lat' dir='ltr'><strong>facta</strong></span> <span class='ocrx_word' id='word_1_642' title='bbox 833 4549 897 4602; x_wconf 92' lang='lat' dir='ltr'><strong>ad</strong></span> <span class='ocrx_word' id='word_1_643' title='bbox 931 4551 1182 4603; x_wconf 89' lang='lat' dir='ltr'><strong>convivia</strong></span> <span class='ocrx_word' id='word_1_644' title='bbox 1213 4550 1432 4619; x_wconf 88' lang='lat' dir='ltr'><strong>regalia,</strong></span> <span class='ocrx_word' id='word_1_645' title='bbox 1482 4566 1605 4604; x_wconf 92' lang='lat' dir='ltr'><strong>cum</strong></span> <span class='ocrx_word' id='word_1_646' title='bbox 1654 4552 1769 4606; x_wconf 89' lang='lat' dir='ltr'><strong>suis</strong></span> <span class='ocrx_word' id='word_1_647' title='bbox 1813 4553 2124 4607; x_wconf 77' lang='lat' dir='ltr'><strong>concubini:</strong></span> 
     </span>
    </p>
   </div>
   <div class='ocr_carea' id='block_1_91' title="bbox 2234 4530 3835 4624">
    <p class='ocr_par' dir='ltr' id='par_1_91' title="bbox 2253 4530 3835 4624">
     <span class='ocr_line' id='line_1_91' title="bbox 2253 4530 3835 4624; baseline 0.003 -22"><span class='ocrx_word' id='word_1_648' title='bbox 2253 4550 2472 4620; x_wconf 86' lang='grc' dir='ltr'>μεγάλῳ</span> <span class='ocrx_word' id='word_1_649' title='bbox 2499 4555 2588 4604; x_wconf 76' lang='grc' dir='ltr'>καὶ</span> <span class='ocrx_word' id='word_1_650' title='bbox 2626 4553 2763 4621; x_wconf 72' lang='grc' dir='ltr'>πρὸς</span> <span class='ocrx_word' id='word_1_651' title='bbox 2803 4554 3074 4613; x_wconf 80' lang='grc' dir='ltr'>ἑστιάσεις</span> <span class='ocrx_word' id='word_1_652' title='bbox 3115 4557 3467 4624; x_wconf 76' lang='grc' dir='ltr'>πεποιημένῳ</span> <span class='ocrx_word' id='word_1_653' title='bbox 3510 4530 3835 4624; x_wconf 54' lang='grc' dir='ltr'>βασιλικὰς,</span> 
     </span>
    </p>
   </div>
   <div class='ocr_carea' id='block_1_92' title="bbox 565 4638 2140 4710">
    <p class='ocr_par' dir='ltr' id='par_1_92' title="bbox 565 4638 2140 4710">
     <span class='ocr_line' id='line_1_92' title="bbox 565 4638 2140 4710; baseline 0.003 -18"><span class='ocrx_word' id='word_1_654' title='bbox 565 4647 621 4692; x_wconf 89' lang='lat' dir='ltr'><strong>et</strong></span> <span class='ocrx_word' id='word_1_655' title='bbox 654 4640 869 4692; x_wconf 87' lang='lat' dir='ltr'><strong>amicis.</strong></span> <span class='ocrx_word' id='word_1_656' title='bbox 899 4638 1019 4706; x_wconf 88' lang='lat' dir='ltr'><strong>Ipse</strong></span> <span class='ocrx_word' id='word_1_657' title='bbox 1044 4649 1250 4701; x_wconf 87' lang='lat' dir='ltr'><strong>autem,</strong></span> <span class='ocrx_word' id='word_1_658' title='bbox 1277 4655 1402 4693; x_wconf 92' lang='lat' dir='ltr'><strong>cum</strong></span> <span class='ocrx_word' id='word_1_659' title='bbox 1427 4640 1506 4694; x_wconf 91' lang='lat' dir='ltr'><strong>sic</strong></span> <span class='ocrx_word' id='word_1_660' title='bbox 1537 4640 1586 4692; x_wconf 90' lang='lat' dir='ltr'><strong>ei</strong></span> <span class='ocrx_word' id='word_1_661' title='bbox 1621 4641 1797 4694; x_wconf 86' lang='lat' dir='ltr'><strong>visum</strong></span> <span class='ocrx_word' id='word_1_662' title='bbox 1831 4651 1996 4705; x_wconf 87' lang='lat' dir='ltr'><strong>esset,</strong></span> <span class='ocrx_word' id='word_1_663' title='bbox 2031 4658 2140 4710; x_wconf 75' lang='lat' dir='ltr'><strong>pra:</strong></span> 
     </span>
    </p>
   </div>
   <div class='ocr_carea' id='block_1_93' title="bbox 569 4731 2138 4802">
    <p class='ocr_par' dir='ltr' id='par_1_93' title="bbox 569 4731 2138 4802">
     <span class='ocr_line' id='line_1_93' title="bbox 569 4731 2138 4802; baseline 0.003 -17"><span class='ocrx_word' id='word_1_664' title='bbox 569 4748 760 4800; x_wconf 81' lang='lat' dir='ltr'><strong>magna</strong></span> <span class='ocrx_word' id='word_1_665' title='bbox 811 4733 1120 4800; x_wconf 87' lang='lat' dir='ltr'><strong>arrogantia</strong></span> <span class='ocrx_word' id='word_1_666' title='bbox 1161 4733 1312 4801; x_wconf 80' lang='lat' dir='ltr'><strong>iubet</strong></span> <span class='ocrx_word' id='word_1_667' title='bbox 1341 4750 1371 4787; x_wconf 90' lang='lat' dir='ltr'><strong>e</strong></span> <span class='ocrx_word' id='word_1_668' title='bbox 1418 4748 1517 4787; x_wconf 88' lang='lat' dir='ltr'><strong>suo</strong></span> <span class='ocrx_word' id='word_1_669' title='bbox 1550 4735 1750 4802; x_wconf 86' lang='lat' dir='ltr'><strong>templo</strong></span> <span class='ocrx_word' id='word_1_670' title='bbox 1795 4731 1979 4789; x_wconf 76' lang='lat' dir='ltr'><strong>afferri</strong></span> <span class='ocrx_word' id='word_1_671' title='bbox 2013 4751 2138 4789; x_wconf 86' lang='lat' dir='ltr'><strong>vasa</strong></span> 
     </span>
    </p>
   </div>
   <div class='ocr_carea' id='block_1_94' title="bbox 569 4825 2142 4898">
    <p class='ocr_par' dir='ltr' id='par_1_94' title="bbox 569 4825 2142 4898">
     <span class='ocr_line' id='line_1_94' title="bbox 569 4825 2142 4898; baseline 0.003 -20"><span class='ocrx_word' id='word_1_672' title='bbox 569 4825 688 4888; x_wconf 79' lang='lat' dir='ltr'><strong>Dei,</strong></span> <span class='ocrx_word' id='word_1_673' title='bbox 719 4841 840 4893; x_wconf 71' lang='lat' dir='ltr'><strong>qua:</strong></span> <span class='ocrx_word' id='word_1_674' title='bbox 873 4825 1384 4880; x_wconf 86' lang='lat' dir='ltr'><strong>Nabuchodonosor</strong></span> <span class='ocrx_word' id='word_1_675' title='bbox 1414 4829 1533 4897; x_wconf 86' lang='lat' dir='ltr'><strong>ejus</strong></span> <span class='ocrx_word' id='word_1_676' title='bbox 1561 4845 1696 4881; x_wconf 84' lang='lat' dir='ltr'><strong>avus</strong></span> <span class='ocrx_word' id='word_1_677' title='bbox 1716 4844 1840 4882; x_wconf 91' lang='lat' dir='ltr'><strong>cum</strong></span> <span class='ocrx_word' id='word_1_678' title='bbox 1870 4829 2142 4898; x_wconf 86' lang='lat' dir='ltr'><strong>rapuisset</strong></span> 
     </span>
    </p>
   </div>
   <div class='ocr_carea' id='block_1_95' title="bbox 571 4915 2144 4987">
    <p class='ocr_par' dir='ltr' id='par_1_95' title="bbox 571 4915 2144 4987">
     <span class='ocr_line' id='line_1_95' title="bbox 571 4915 2144 4987; baseline 0.004 -19"><span class='ocrx_word' id='word_1_679' title='bbox 571 4915 983 4986; x_wconf 84' lang='lat' dir='ltr'><strong>Hierosolymis,</strong></span> <span class='ocrx_word' id='word_1_680' title='bbox 1030 4917 1096 4971; x_wconf 89' lang='lat' dir='ltr'><strong>iis</strong></span> <span class='ocrx_word' id='word_1_681' title='bbox 1145 4933 1490 4987; x_wconf 89' lang='lat' dir='ltr'><strong>nequaquam</strong></span> <span class='ocrx_word' id='word_1_682' title='bbox 1537 4934 1669 4972; x_wconf 88' lang='lat' dir='ltr'><strong>usus</strong></span> <span class='ocrx_word' id='word_1_683' title='bbox 1717 4918 1914 4983; x_wconf 90' lang='lat' dir='ltr'><strong>fuerat,</strong></span> <span class='ocrx_word' id='word_1_684' title='bbox 1945 4921 2036 4973; x_wconf 91' lang='lat' dir='ltr'><strong>sed</strong></span> <span class='ocrx_word' id='word_1_685' title='bbox 2089 4922 2144 4974; x_wconf 91' lang='lat' dir='ltr'><strong>in</strong></span> 
     </span>
    </p>
   </div>
   <div class='ocr_carea' id='block_1_96' title="bbox 572 5007 2146 5077">
    <p class='ocr_par' dir='ltr' id='par_1_96' title="bbox 572 5007 2146 5077">
     <span class='ocr_line' id='line_1_96' title="bbox 572 5007 2146 5077; baseline 0.007 -20"><span class='ocrx_word' id='word_1_686' title='bbox 572 5022 671 5059; x_wconf 85' lang='lat' dir='ltr'><strong>suo</strong></span> <span class='ocrx_word' id='word_1_687' title='bbox 708 5009 918 5075; x_wconf 85' lang='lat' dir='ltr'><strong>templo</strong></span> <span class='ocrx_word' id='word_1_688' title='bbox 965 5010 1052 5076; x_wconf 91' lang='lat' dir='ltr'><strong>pie</strong></span> <span class='ocrx_word' id='word_1_689' title='bbox 1101 5007 1452 5077; x_wconf 87' lang='lat' dir='ltr'><strong>deposuerat.</strong></span> <span class='ocrx_word' id='word_1_690' title='bbox 1504 5009 1602 5063; x_wconf 89' lang='lat' dir='ltr'><strong>llic</strong></span> <span class='ocrx_word' id='word_1_691' title='bbox 1648 5026 1777 5065; x_wconf 92' lang='lat' dir='ltr'><strong>vero</strong></span> <span class='ocrx_word' id='word_1_692' title='bbox 1832 5012 2146 5068; x_wconf 87' lang='lat' dir='ltr'><strong>inconside-</strong></span> 
     </span>
    </p>
   </div>
   <div class='ocr_carea' id='block_1_97' title="bbox 574 5101 2147 5168">
    <p class='ocr_par' dir='ltr' id='par_1_97' title="bbox 574 5101 2147 5168">
     <span class='ocr_line' id='line_1_97' title="bbox 574 5101 2147 5168; baseline 0.006 -17"><span class='ocrx_word' id='word_1_693' title='bbox 574 5110 689 5152; x_wconf 90' lang='lat' dir='ltr'><strong>rata</strong></span> <span class='ocrx_word' id='word_1_694' title='bbox 750 5109 805 5152; x_wconf 90' lang='lat' dir='ltr'><strong>et</strong></span> <span class='ocrx_word' id='word_1_695' title='bbox 854 5115 883 5152; x_wconf 91' lang='lat' dir='ltr'><strong>a</strong></span> <span class='ocrx_word' id='word_1_696' title='bbox 929 5102 1141 5155; x_wconf 90' lang='lat' dir='ltr'><strong>ratione</strong></span> <span class='ocrx_word' id='word_1_697' title='bbox 1197 5101 1376 5155; x_wconf 90' lang='lat' dir='ltr'><strong>aliena</strong></span> <span class='ocrx_word' id='word_1_698' title='bbox 1450 5102 1707 5156; x_wconf 90' lang='lat' dir='ltr'><strong>inductus</strong></span> <span class='ocrx_word' id='word_1_699' title='bbox 1760 5104 2008 5168; x_wconf 89' lang='lat' dir='ltr'><strong>audacia,</strong></span> <span class='ocrx_word' id='word_1_700' title='bbox 2067 5107 2147 5160; x_wconf 87' lang='lat' dir='ltr'><strong>eis</strong></span> 
     </span>
    </p>
   </div>
   <div class='ocr_carea' id='block_1_98' title="bbox 575 5192 2143 5266">
    <p class='ocr_par' dir='ltr' id='par_1_98' title="bbox 575 5192 2143 5266">
     <span class='ocr_line' id='line_1_98' title="bbox 575 5192 2143 5266; baseline 0.003 -21"><span class='ocrx_word' id='word_1_701' title='bbox 575 5192 865 5255; x_wconf 85' lang='lat' dir='ltr'><strong>utebatur;</strong></span> <span class='ocrx_word' id='word_1_702' title='bbox 914 5202 968 5246; x_wconf 92' lang='lat' dir='ltr'><strong>et</strong></span> <span class='ocrx_word' id='word_1_703' title='bbox 1001 5196 1131 5246; x_wconf 90' lang='lat' dir='ltr'><strong>dum</strong></span> <span class='ocrx_word' id='word_1_704' title='bbox 1181 5193 1394 5247; x_wconf 89' lang='lat' dir='ltr'><strong>biberet</strong></span> <span class='ocrx_word' id='word_1_705' title='bbox 1441 5203 1496 5248; x_wconf 88' lang='lat' dir='ltr'><strong>et</strong></span> <span class='ocrx_word' id='word_1_706' title='bbox 1531 5195 1852 5249; x_wconf 87' lang='lat' dir='ltr'><strong>maledicam</strong></span> <span class='ocrx_word' id='word_1_707' title='bbox 1903 5197 2143 5266; x_wconf 83' lang='lat' dir='ltr'><strong>linguam</strong></span> 
     </span>
    </p>
   </div>
   <div class='ocr_carea' id='block_1_99' title="bbox 575 5284 2144 5354">
    <p class='ocr_par' dir='ltr' id='par_1_99' title="bbox 575 5284 2144 5354">
     <span class='ocr_line' id='line_1_99' title="bbox 575 5284 2144 5354; baseline 0.003 -19"><span class='ocrx_word' id='word_1_708' title='bbox 575 5293 824 5337; x_wconf 70' lang='lat' dir='ltr'><strong>moveret</strong></span> <span class='ocrx_word' id='word_1_709' title='bbox 864 5285 1129 5340; x_wconf 79' lang='lat' dir='ltr'><strong>adversus</strong></span> <span class='ocrx_word' id='word_1_710' title='bbox 1159 5284 1468 5351; x_wconf 86' lang='lat' dir='ltr'><strong>Excelsum,</strong></span> <span class='ocrx_word' id='word_1_711' title='bbox 1499 5303 1564 5341; x_wconf 86' lang='lat' dir='ltr'><strong>ex</strong></span> <span class='ocrx_word' id='word_1_712' title='bbox 1600 5288 1810 5354; x_wconf 88' lang='lat' dir='ltr'><strong>pariete</strong></span> <span class='ocrx_word' id='word_1_713' title='bbox 1846 5289 1994 5343; x_wconf 83' lang='lat' dir='ltr'><strong>videt</strong></span> <span class='ocrx_word' id='word_1_714' title='bbox 2032 5304 2144 5341; x_wconf 91' lang='lat' dir='ltr'><strong>ma-</strong></span> 
     </span>
    </p>
   </div>
   <div class='ocr_carea' id='block_1_100' title="bbox 575 5375 2148 5449">
    <p class='ocr_par' dir='ltr' id='par_1_100' title="bbox 575 5375 2148 5449">
     <span class='ocr_line' id='line_1_100' title="bbox 575 5375 2148 5449; baseline 0.004 -21"><span class='ocrx_word' id='word_1_715' title='bbox 575 5391 707 5428; x_wconf 91' lang='lat' dir='ltr'><strong>num</strong></span> <span class='ocrx_word' id='word_1_716' title='bbox 772 5377 1186 5444; x_wconf 87' lang='lat' dir='ltr'><strong>procedentem,</strong></span> <span class='ocrx_word' id='word_1_717' title='bbox 1249 5390 1304 5433; x_wconf 92' lang='lat' dir='ltr'><strong>et</strong></span> <span class='ocrx_word' id='word_1_718' title='bbox 1350 5380 1402 5432; x_wconf 90' lang='lat' dir='ltr'><strong>in</strong></span> <span class='ocrx_word' id='word_1_719' title='bbox 1459 5395 1617 5433; x_wconf 89' lang='lat' dir='ltr'><strong>muro</strong></span> <span class='ocrx_word' id='word_1_720' title='bbox 1671 5375 1905 5449; x_wconf 83' lang='lat' dir='ltr'><strong>syllabas</strong></span> <span class='ocrx_word' id='word_1_721' title='bbox 1956 5382 2148 5434; x_wconf 86' lang='lat' dir='ltr'><strong>inscri-</strong></span> 
     </span>
    </p>
   </div>
   <div class='ocr_carea' id='block_1_101' title="bbox 580 5465 2143 5537">
    <p class='ocr_par' dir='ltr' id='par_1_101' title="bbox 580 5465 2143 5537">
     <span class='ocr_line' id='line_1_101' title="bbox 580 5465 2143 5537; baseline 0.003 -19"><span class='ocrx_word' id='word_1_722' title='bbox 580 5466 818 5518; x_wconf 88' lang='lat' dir='ltr'><strong>bentem.</strong></span> <span class='ocrx_word' id='word_1_723' title='bbox 863 5465 1235 5521; x_wconf 88' lang='lat' dir='ltr'><strong>Conturbatus</strong></span> <span class='ocrx_word' id='word_1_724' title='bbox 1277 5483 1404 5522; x_wconf 86' lang='lat' dir='ltr'><strong>vero</strong></span> <span class='ocrx_word' id='word_1_725' title='bbox 1440 5484 1467 5521; x_wconf 89' lang='lat' dir='ltr'><strong>a</strong></span> <span class='ocrx_word' id='word_1_726' title='bbox 1498 5469 1734 5528; x_wconf 80' lang='lat' dir='ltr'><strong>visione,</strong></span> <span class='ocrx_word' id='word_1_727' title='bbox 1764 5469 1944 5537; x_wconf 80' lang='lat' dir='ltr'><strong>Magos</strong></span> <span class='ocrx_word' id='word_1_728' title='bbox 1980 5470 2143 5522; x_wconf 90' lang='lat' dir='ltr'><strong>simul</strong></span> 
     </span>
    </p>
   </div>
   <div class='ocr_carea' id='block_1_102' title="bbox 579 5555 2146 5633">
    <p class='ocr_par' dir='ltr' id='par_1_102' title="bbox 579 5555 2146 5633">
     <span class='ocr_line' id='line_1_102' title="bbox 579 5555 2146 5633; baseline 0.005 -25"><span class='ocrx_word' id='word_1_729' title='bbox 579 5567 634 5608; x_wconf 84' lang='lat' dir='ltr'><strong>et</strong></span> <span class='ocrx_word' id='word_1_730' title='bbox 673 5556 978 5623; x_wconf 61' lang='lat' dir='ltr'><strong>Chaldaeos,</strong></span> <span class='ocrx_word' id='word_1_731' title='bbox 1036 5568 1091 5612; x_wconf 91' lang='lat' dir='ltr'><strong>et</strong></span> <span class='ocrx_word' id='word_1_732' title='bbox 1147 5555 1419 5627; x_wconf 78' lang='lat' dir='ltr'><strong>quotquot</strong></span> <span class='ocrx_word' id='word_1_733' title='bbox 1491 5571 1650 5613; x_wconf 89' lang='lat' dir='ltr'><strong>erant</strong></span> <span class='ocrx_word' id='word_1_734' title='bbox 1699 5561 1972 5631; x_wconf 86' lang='lat' dir='ltr'><strong>Babylone</strong></span> <span class='ocrx_word' id='word_1_735' title='bbox 2027 5563 2146 5633; x_wconf 85' lang='lat' dir='ltr'><strong>ejus</strong></span> 
     </span>
    </p>
   </div>
   <div class='ocr_carea' id='block_1_103' title="bbox 578 5650 2143 5723">
    <p class='ocr_par' dir='ltr' id='par_1_103' title="bbox 578 5650 2143 5723">
     <span class='ocr_line' id='line_1_103' title="bbox 578 5650 2143 5723; baseline 0.006 -23"><span class='ocrx_word' id='word_1_736' title='bbox 578 5650 815 5715; x_wconf 79' lang='lat' dir='ltr'><strong>generis,</strong></span> <span class='ocrx_word' id='word_1_737' title='bbox 856 5650 950 5718; x_wconf 89' lang='lat' dir='ltr'><strong>qui</strong></span> <span class='ocrx_word' id='word_1_738' title='bbox 999 5661 1255 5718; x_wconf 89' lang='lat' dir='ltr'><strong>poterant</strong></span> <span class='ocrx_word' id='word_1_739' title='bbox 1306 5651 1458 5722; x_wconf 87' lang='lat' dir='ltr'><strong>signa</strong></span> <span class='ocrx_word' id='word_1_740' title='bbox 1509 5663 1564 5711; x_wconf 82' lang='lat' dir='ltr'><strong>et</strong></span> <span class='ocrx_word' id='word_1_741' title='bbox 1611 5653 1796 5706; x_wconf 87' lang='lat' dir='ltr'><strong>futura</strong></span> <span class='ocrx_word' id='word_1_742' title='bbox 1848 5655 2143 5723; x_wconf 78' lang='lat' dir='ltr'><strong>conjicere,</strong></span> 
     </span>
    </p>
   </div>
   <div class='ocr_carea' id='block_1_104' title="bbox 653 5835 1452 5899">
    <p class='ocr_par' dir='ltr' id='par_1_104' title="bbox 653 5835 1452 5899">
     <span class='ocr_line' id='line_1_104' title="bbox 653 5835 1452 5899; baseline 0.005 -13"><span class='ocrx_word' id='word_1_743' title='bbox 653 5837 726 5899; x_wconf 68' lang='grc'><strong>(1)</strong></span> <span class='ocrx_word' id='word_1_744' title='bbox 762 5835 1172 5894; x_wconf 71' lang='lat' dir='ltr'><strong>l-Jvilmerodach</strong></span> <span class='ocrx_word' id='word_1_745' title='bbox 1211 5837 1452 5890; x_wconf 83' lang='lat' dir='ltr'><strong>nomine.</strong></span> 
     </span>
    </p>
   </div>
   <div class='ocr_carea' id='block_1_105' title="bbox 2251 4645 3836 4715">
    <p class='ocr_par' dir='ltr' id='par_1_105' title="bbox 2251 4645 3836 4715">
     <span class='ocr_line' id='line_1_105' title="bbox 2251 4645 3836 4715; baseline 0.004 -19"><span class='ocrx_word' id='word_1_746' title='bbox 2251 4646 2386 4713; x_wconf 75' lang='grc' dir='ltr'>μετὰ</span> <span class='ocrx_word' id='word_1_747' title='bbox 2424 4647 2534 4697; x_wconf 84' lang='grc' dir='ltr'>τῶν</span> <span class='ocrx_word' id='word_1_748' title='bbox 2578 4645 2916 4697; x_wconf 80' lang='grc' dir='ltr'>παλλακίδων</span> <span class='ocrx_word' id='word_1_749' title='bbox 2956 4645 3118 4696; x_wconf 76' lang='grc' dir='ltr'>αὐτοῦ</span> <span class='ocrx_word' id='word_1_750' title='bbox 3151 4648 3245 4699; x_wconf 78' lang='grc' dir='ltr'>καὶ</span> <span class='ocrx_word' id='word_1_751' title='bbox 3284 4647 3392 4699; x_wconf 83' lang='grc' dir='ltr'><strong>τῶν</strong></span> <span class='ocrx_word' id='word_1_752' title='bbox 3434 4647 3632 4715; x_wconf 76' lang='grc' dir='ltr'>φίλων·</span> <span class='ocrx_word' id='word_1_753' title='bbox 3663 4649 3836 4713; x_wconf 76' lang='grc' dir='ltr'>αὐτὸς</span> 
     </span>
    </p>
   </div>
   <div class='ocr_carea' id='block_1_106' title="bbox 2246 4737 3837 4808">
    <p class='ocr_par' dir='ltr' id='par_1_106' title="bbox 2246 4737 3837 4808">
     <span class='ocr_line' id='line_1_106' title="bbox 2246 4737 3837 4808; baseline 0.005 -20"><span class='ocrx_word' id='word_1_754' title='bbox 2246 4738 2302 4789; x_wconf 84' lang='grc' dir='ltr'><strong>δέ</strong></span> <span class='ocrx_word' id='word_1_755' title='bbox 2329 4737 2471 4788; x_wconf 70' lang='grc' dir='ltr'>οὕτω</span> <span class='ocrx_word' id='word_1_756' title='bbox 2494 4737 2649 4801; x_wconf 75' lang='grc' dir='ltr'>δόξαν</span> <span class='ocrx_word' id='word_1_757' title='bbox 2675 4741 2737 4789; x_wconf 80' lang='grc' dir='ltr'><strong>ἐκ</strong></span> <span class='ocrx_word' id='word_1_758' title='bbox 2764 4737 2963 4803; x_wconf 83' lang='grc' dir='ltr'>πολλῆς</span> <span class='ocrx_word' id='word_1_759' title='bbox 2991 4739 3246 4806; x_wconf 75' lang='grc' dir='ltr'>ἀπονοίας</span> <span class='ocrx_word' id='word_1_760' title='bbox 3264 4739 3593 4808; x_wconf 75' lang='grc' dir='ltr'>κομισθῆναι</span> <span class='ocrx_word' id='word_1_761' title='bbox 3612 4741 3837 4796; x_wconf 78' lang='grc' dir='ltr'>κελεύει</span> 
     </span>
    </p>
   </div>
   <div class='ocr_carea' id='block_1_107' title="bbox 2249 4826 3838 4902">
    <p class='ocr_par' dir='ltr' id='par_1_107' title="bbox 2249 4826 3838 4902">
     <span class='ocr_line' id='line_1_107' title="bbox 2249 4826 3838 4902; baseline 0.002 -23"><span class='ocrx_word' id='word_1_762' title='bbox 2249 4829 2341 4879; x_wconf 86' lang='grc' dir='ltr'><strong>τοῦ</strong></span> <span class='ocrx_word' id='word_1_763' title='bbox 2371 4827 2498 4880; x_wconf 86' lang='grc' dir='ltr'>ίδίου</span> <span class='ocrx_word' id='word_1_764' title='bbox 2533 4828 2659 4880; x_wconf 84' lang='grc' dir='ltr'>ναοῦ</span> <span class='ocrx_word' id='word_1_765' title='bbox 2682 4828 2750 4880; x_wconf 77' lang='grc' dir='ltr'>τὰ</span> <span class='ocrx_word' id='word_1_766' title='bbox 2780 4826 2873 4880; x_wconf 86' lang='grc' dir='ltr'><strong>τοῦ</strong></span> <span class='ocrx_word' id='word_1_767' title='bbox 2902 4826 3037 4879; x_wconf 83' lang='grc' dir='ltr'>Θεοῦ</span> <span class='ocrx_word' id='word_1_768' title='bbox 3067 4832 3260 4897; x_wconf 84' lang='grc' dir='ltr'>σκεύη,</span> <span class='ocrx_word' id='word_1_769' title='bbox 3288 4828 3322 4882; x_wconf 79' lang='grc' dir='ltr'>ἃ</span> <span class='ocrx_word' id='word_1_770' title='bbox 3349 4828 3838 4902; x_wconf 85' lang='grc' dir='ltr'>Ναϐουχοδονόσορ</span> 
     </span>
    </p>
   </div>
   <div class='ocr_carea' id='block_1_108' title="bbox 2249 4920 3838 4993">
    <p class='ocr_par' dir='ltr' id='par_1_108' title="bbox 2249 4920 3838 4993">
     <span class='ocr_line' id='line_1_108' title="bbox 2249 4920 3838 4993; baseline 0.003 -21"><span class='ocrx_word' id='word_1_771' title='bbox 2249 4921 2276 4972; x_wconf 90' lang='lat'><strong>6</strong></span> <span class='ocrx_word' id='word_1_772' title='bbox 2307 4920 2498 4973; x_wconf 85' lang='grc' dir='ltr'>τούτου</span> <span class='ocrx_word' id='word_1_773' title='bbox 2527 4925 2744 4984; x_wconf 84' lang='grc' dir='ltr'>πάππος</span> <span class='ocrx_word' id='word_1_774' title='bbox 2788 4921 3024 4990; x_wconf 81' lang='grc' dir='ltr'>συλήσας</span> <span class='ocrx_word' id='word_1_775' title='bbox 3055 4923 3116 4974; x_wconf 84' lang='grc' dir='ltr'><strong>ἐκ</strong></span> <span class='ocrx_word' id='word_1_776' title='bbox 3144 4922 3253 4974; x_wconf 83' lang='grc' dir='ltr'>τῶν</span> <span class='ocrx_word' id='word_1_777' title='bbox 3286 4921 3700 4993; x_wconf 64' lang='grc' dir='ltr'>Ἰεροσολύμων,</span> <span class='ocrx_word' id='word_1_778' title='bbox 3728 4924 3838 4976; x_wconf 77' lang='grc' dir='ltr'>οὐκ</span> 
     </span>
    </p>
   </div>
   <div class='ocr_carea' id='block_1_109' title="bbox 2251 5014 3836 5084">
    <p class='ocr_par' dir='ltr' id='par_1_109' title="bbox 2251 5014 3836 5084">
     <span class='ocr_line' id='line_1_109' title="bbox 2251 5014 3836 5084; baseline 0.001 -18"><span class='ocrx_word' id='word_1_779' title='bbox 2251 5016 2448 5084; x_wconf 77' lang='grc' dir='ltr'>ἐχρῆτο</span> <span class='ocrx_word' id='word_1_780' title='bbox 2476 5015 2593 5082; x_wconf 79' lang='grc' dir='ltr'>μὲν,</span> <span class='ocrx_word' id='word_1_781' title='bbox 2625 5017 2704 5075; x_wconf 81' lang='grc' dir='ltr'><strong>είς</strong></span> <span class='ocrx_word' id='word_1_782' title='bbox 2729 5015 2784 5066; x_wconf 76' lang='grc' dir='ltr'>δὲ</span> <span class='ocrx_word' id='word_1_783' title='bbox 2814 5014 2905 5067; x_wconf 69' lang='grc' dir='ltr'><strong>τὸν</strong></span> <span class='ocrx_word' id='word_1_784' title='bbox 2939 5014 3104 5068; x_wconf 79' lang='grc' dir='ltr'>αὑτοῦ</span> <span class='ocrx_word' id='word_1_785' title='bbox 3134 5015 3259 5067; x_wconf 66' lang='grc' dir='ltr'>ναὸν</span> <span class='ocrx_word' id='word_1_786' title='bbox 3295 5014 3540 5076; x_wconf 79' lang='grc' dir='ltr'>εὐλαϐῶς</span> <span class='ocrx_word' id='word_1_787' title='bbox 3587 5015 3836 5068; x_wconf 79' lang='grc' dir='ltr'>κατατέ-</span> 
     </span>
    </p>
   </div>
   <div class='ocr_carea' id='block_1_110' title="bbox 2249 5100 3835 5176">
    <p class='ocr_par' dir='ltr' id='par_1_110' title="bbox 2249 5100 3835 5176">
     <span class='ocr_line' id='line_1_110' title="bbox 2249 5100 3835 5176; baseline -0.001 -16"><span class='ocrx_word' id='word_1_788' title='bbox 2249 5107 2430 5160; x_wconf 80' lang='grc' dir='ltr'>θεικεν</span> <span class='ocrx_word' id='word_1_789' title='bbox 2449 5124 2463 5140; x_wconf 91' lang='grc'><strong>·</strong></span> <span class='ocrx_word' id='word_1_790' title='bbox 2493 5100 2645 5168; x_wconf 70' lang='grc' dir='ltr'>οὗτος</span> <span class='ocrx_word' id='word_1_791' title='bbox 2678 5105 2732 5157; x_wconf 81' lang='grc' dir='ltr'>δὲ</span> <span class='ocrx_word' id='word_1_792' title='bbox 2759 5105 2947 5174; x_wconf 74' lang='grc' dir='ltr'>Θράσει</span> <span class='ocrx_word' id='word_1_793' title='bbox 2981 5105 3273 5175; x_wconf 75' lang='grc' dir='ltr'>προαχθεὶς</span> <span class='ocrx_word' id='word_1_794' title='bbox 3304 5105 3484 5176; x_wconf 77' lang='grc' dir='ltr'>ἀλόγῳ</span> <span class='ocrx_word' id='word_1_795' title='bbox 3513 5105 3711 5174; x_wconf 82' lang='grc' dir='ltr'>ἐχρῆτο</span> <span class='ocrx_word' id='word_1_796' title='bbox 3736 5109 3835 5159; x_wconf 77' lang='grc' dir='ltr'>καὶ</span> 
     </span>
    </p>
   </div>
   <div class='ocr_carea' id='block_1_111' title="bbox 2255 5196 3834 5267">
    <p class='ocr_par' dir='ltr' id='par_1_111' title="bbox 2255 5196 3834 5267">
     <span class='ocr_line' id='line_1_111' title="bbox 2255 5196 3834 5267; baseline 0.001 -17"><span class='ocrx_word' id='word_1_797' title='bbox 2255 5199 2459 5267; x_wconf 68' lang='grc' dir='ltr'>μεταξὺ</span> <span class='ocrx_word' id='word_1_798' title='bbox 2521 5198 2688 5249; x_wconf 82' lang='grc' dir='ltr'>πίνων</span> <span class='ocrx_word' id='word_1_799' title='bbox 2734 5200 2826 5248; x_wconf 76' lang='grc' dir='ltr'>καὶ</span> <span class='ocrx_word' id='word_1_800' title='bbox 2882 5197 3202 5266; x_wconf 67' lang='grc' dir='ltr'>βλάσφημον</span> <span class='ocrx_word' id='word_1_801' title='bbox 3238 5196 3487 5264; x_wconf 84' lang='grc' dir='ltr'>γλῶτταν</span> <span class='ocrx_word' id='word_1_802' title='bbox 3539 5197 3679 5248; x_wconf 79' lang='grc' dir='ltr'>κατὰ</span> <span class='ocrx_word' id='word_1_803' title='bbox 3732 5197 3834 5250; x_wconf 81' lang='grc' dir='ltr'><strong>τοῦ</strong></span> 
     </span>
    </p>
   </div>
   <div class='ocr_carea' id='block_1_112' title="bbox 2255 5285 3836 5358">
    <p class='ocr_par' dir='ltr' id='par_1_112' title="bbox 2255 5285 3836 5358">
     <span class='ocr_line' id='line_1_112' title="bbox 2255 5285 3836 5358; baseline -0.001 -17"><span class='ocrx_word' id='word_1_804' title='bbox 2255 5288 2736 5358; x_wconf 77' lang='grc' dir='ltr'>’Υψίστου-κινών,</span> <span class='ocrx_word' id='word_1_805' title='bbox 2768 5289 2828 5339; x_wconf 90' lang='grc' dir='ltr'><strong>ἐκ</strong></span> <span class='ocrx_word' id='word_1_806' title='bbox 2852 5289 2944 5340; x_wconf 90' lang='grc' dir='ltr'><strong>τοῦ</strong></span> <span class='ocrx_word' id='word_1_807' title='bbox 2973 5289 3186 5356; x_wconf 83' lang='grc' dir='ltr'>τείχους</span> <span class='ocrx_word' id='word_1_808' title='bbox 3212 5289 3313 5357; x_wconf 78' lang='grc' dir='ltr'>ὁρᾷ</span> <span class='ocrx_word' id='word_1_809' title='bbox 3345 5288 3500 5356; x_wconf 81' lang='grc' dir='ltr'>χεῖρα</span> <span class='ocrx_word' id='word_1_810' title='bbox 3531 5285 3836 5356; x_wconf 80' lang='grc' dir='ltr'>προϊοῦσαν</span> 
     </span>
    </p>
   </div>
   <div class='ocr_carea' id='block_1_113' title="bbox 2254 5379 3835 5451">
    <p class='ocr_par' dir='ltr' id='par_1_113' title="bbox 2254 5379 3835 5451">
     <span class='ocr_line' id='line_1_113' title="bbox 2254 5379 3835 5451; baseline -0.002 -16"><span class='ocrx_word' id='word_1_811' title='bbox 2254 5383 2347 5435; x_wconf 76' lang='grc' dir='ltr'>καὶ</span> <span class='ocrx_word' id='word_1_812' title='bbox 2385 5381 2463 5451; x_wconf 84' lang='grc' dir='ltr'>τῷ</span> <span class='ocrx_word' id='word_1_813' title='bbox 2493 5382 2656 5451; x_wconf 84' lang='grc' dir='ltr'>τοίχῳ</span> <span class='ocrx_word' id='word_1_814' title='bbox 2683 5381 2835 5444; x_wconf 80' lang='grc' dir='ltr'>τινὰς</span> <span class='ocrx_word' id='word_1_815' title='bbox 2874 5381 3145 5443; x_wconf 71' lang='grc' dir='ltr'>συλλαϐὰς</span> <span class='ocrx_word' id='word_1_816' title='bbox 3189 5381 3596 5449; x_wconf 75' lang='grc' dir='ltr'>ἐγγράφουσαν.</span> <span class='ocrx_word' id='word_1_817' title='bbox 3642 5379 3835 5449; x_wconf 88' lang='grc' dir='ltr'>Ταρα-</span> 
     </span>
    </p>
   </div>
   <div class='ocr_carea' id='block_1_114' title="bbox 2247 5470 3834 5542">
    <p class='ocr_par' dir='ltr' id='par_1_114' title="bbox 2247 5470 3834 5542">
     <span class='ocr_line' id='line_1_114' title="bbox 2247 5470 3834 5542; baseline -0.004 -14"><span class='ocrx_word' id='word_1_818' title='bbox 2247 5474 2402 5542; x_wconf 73' lang='grc' dir='ltr'>.χθεὶς</span> <span class='ocrx_word' id='word_1_819' title='bbox 2434 5474 2488 5525; x_wconf 81' lang='grc' dir='ltr'>δὲ</span> <span class='ocrx_word' id='word_1_820' title='bbox 2525 5474 2629 5527; x_wconf 81' lang='grc' dir='ltr'><strong>ὑπὸ</strong></span> <span class='ocrx_word' id='word_1_821' title='bbox 2659 5473 2757 5541; x_wconf 74' lang='grc' dir='ltr'>τῆς</span> <span class='ocrx_word' id='word_1_822' title='bbox 2784 5472 2978 5541; x_wconf 71' lang='grc' dir='ltr'>ὅψεως,</span> <span class='ocrx_word' id='word_1_823' title='bbox 3013 5473 3220 5540; x_wconf 88' lang='grc' dir='ltr'>μάγους</span> <span class='ocrx_word' id='word_1_824' title='bbox 3249 5472 3365 5540; x_wconf 74' lang='grc' dir='ltr'>ἅμα</span> <span class='ocrx_word' id='word_1_825' title='bbox 3402 5471 3494 5523; x_wconf 73' lang='grc' dir='ltr'>καὶ</span> <span class='ocrx_word' id='word_1_826' title='bbox 3525 5470 3834 5534; x_wconf 83' lang='grc' dir='ltr'>Χαλδαίους</span> 
     </span>
    </p>
   </div>
   <div class='ocr_carea' id='block_1_115' title="bbox 2255 5559 3833 5634">
    <p class='ocr_par' dir='ltr' id='par_1_115' title="bbox 2255 5559 3833 5634">
     <span class='ocr_line' id='line_1_115' title="bbox 2255 5559 3833 5634; baseline -0.006 -16"><span class='ocrx_word' id='word_1_827' title='bbox 2255 5567 2351 5618; x_wconf 84' lang='grc' dir='ltr'>καὶ</span> <span class='ocrx_word' id='word_1_828' title='bbox 2391 5567 2498 5618; x_wconf 81' lang='grc' dir='ltr'>πᾶν</span> <span class='ocrx_word' id='word_1_829' title='bbox 2548 5565 2707 5616; x_wconf 84' lang='grc' dir='ltr'>τοῦτο</span> <span class='ocrx_word' id='word_1_830' title='bbox 2750 5565 2814 5616; x_wconf 84' lang='grc' dir='ltr'>τὸ</span> <span class='ocrx_word' id='word_1_831' title='bbox 2848 5566 3024 5631; x_wconf 86' lang='grc' dir='ltr'>γένος,</span> <span class='ocrx_word' id='word_1_832' title='bbox 3063 5564 3188 5615; x_wconf 80' lang='grc' dir='ltr'>ὅσον</span> <span class='ocrx_word' id='word_1_833' title='bbox 3233 5559 3301 5634; x_wconf 83' lang='grc' dir='ltr'>ἦν</span> <span class='ocrx_word' id='word_1_834' title='bbox 3352 5565 3411 5614; x_wconf 86' lang='grc' dir='ltr'><strong>ἐν</strong></span> <span class='ocrx_word' id='word_1_835' title='bbox 3460 5561 3833 5626; x_wconf 77' lang='grc' dir='ltr'>Βαϐυλωνίοις</span> 
     </span>
    </p>
   </div>
   <div class='ocr_carea' id='block_1_116' title="bbox 2258 5653 3830 5728">
    <p class='ocr_par' dir='ltr' id='par_1_116' title="bbox 2258 5653 3830 5728">
     <span class='ocr_line' id='line_1_116' title="bbox 2258 5653 3830 5728; baseline -0.003 -17"><span class='ocrx_word' id='word_1_836' title='bbox 2258 5659 2460 5728; x_wconf 80' lang='grc' dir='ltr'>σημεῖά</span> <span class='ocrx_word' id='word_1_837' title='bbox 2482 5675 2539 5711; x_wconf 85' lang='grc' dir='ltr'><strong>τε</strong></span> <span class='ocrx_word' id='word_1_838' title='bbox 2571 5658 2662 5710; x_wconf 73' lang='grc' dir='ltr'>καὶ</span> <span class='ocrx_word' id='word_1_839' title='bbox 2693 5657 2945 5725; x_wconf 79' lang='grc' dir='ltr'>ὀνείρατα</span> <span class='ocrx_word' id='word_1_840' title='bbox 2977 5655 3182 5726; x_wconf 80' lang='grc' dir='ltr'>κρίνειν</span> <span class='ocrx_word' id='word_1_841' title='bbox 3213 5655 3372 5720; x_wconf 81' lang='grc' dir='ltr'>είδὸς,</span> <span class='ocrx_word' id='word_1_842' title='bbox 3407 5654 3566 5716; x_wconf 79' lang='grc' dir='ltr'>εὐθὺς</span> <span class='ocrx_word' id='word_1_843' title='bbox 3591 5653 3830 5706; x_wconf 79' lang='grc' dir='ltr'>συνεκά-</span> 
     </span>
    </p>
   </div>
  </div>
