3972 6454
151 386 255 450 385

1195 385 1378 446 νιΤΑ
1417 386 1478 448 S.
1516 383 1945 450 PROPHETE
1987 384 2370 447 DANIELIS.

3313 387 3421 450 386

144 498 244 559 λει,
285 492 480 565 μαθεῖν
521 492 590 548 τά
633 492 1004 567 γεγραμμένα
1035 495 1170 569 παρ’
1202 497 1430 552 έκείνων
1483 495 1730 568 βουλόμε-

1840 495 2027 551 statim
2068 496 2415 563 convocavit,
2447 510 2515 551 ex
2545 493 2658 551 illis
2704 492 2896 548 volens
2942 491 3160 549 discere
3203 509 3266 549 ea
3297 510 3420 564 qua:

142 605 227 650 νος
253 601 270 616 °
306 586 418 640 τῶν
452 585 509 638 δέ
542 585 738 656 μάγων
768 587 925 641 οὐδὲν
946 589 1006 642 έν
1037 587 1250 652 τούτοις
1280 591 1523 644 συνεῖναι
1549 588 1732 657 λεγόν-

141 681 267 745 των,
302 678 415 734 ὑπὸ
464 678 711 748 μεγάλης
755 679 993 748 ἀγωνίας
1023 681 1051 734 6
1089 679 1346 751 βασιλεὺς
1395 681 1492 735 καὶ
1527 680 1731 751 πολλῆς

140 771 237 839 τῆς
282 770 381 825 tul.
433 768 512 839 τῷ
559 769 855 840 παραδόξῳ
898 770 1076 842 λύπης
1122 773 1458 842 έπισχεθεὶς,
1492 771 1730 844 έκήρυξε

141 862 283 915 κατά
316 863 504 916 πᾶσαν
533 864 591 916 έν
634 862 830 932 βραχεῖ
858 852 958 933 τήν
986 863 1195 933 χώραν,
1220 866 1299 934 τῷ
1327 865 1394 919 τὰ
1424 865 1732 936 γράμματα

141 949 316 1004 ταῦτα
342 953 440 1005 καὶ
470 953 571 1022 τὴν
610 951 706 1005 ὑπ’
732 953 914 1006 αύτῶν
935 952 1276 1026 δηλουμένην
1305 955 1548 1010 διάνοιαν
1583 955 1731 1026 σαφῆ

142 1044 546 1113 καταστήσοντι
591 1043 788 1098 δώσειν
829 1044 1308 1116 ἐπαγγελλόμενος
1353 1048 1626 1117 στρεπτόν
1671 1063 1732 1100 τε

141 1138 536 1205 περιαυχένιον
563 1137 800 1206 χρύσεον
827 1140 926 1191 καὶ
955 1141 1247 1210 πορφυρᾶν
1278 1139 1482 1208 έσθῆτα
1521 1142 1730 1210 φορεῖν,

142 1223 334 1292 ὥσπερ
369 1226 421 1278 οί
460 1225 569 1278 τῶν
598 1226 883 1281 Χαλδαίων
923 1228 1148 1282 είώθασι
1185 1227 1447 1298 βασιλεῖς,
1487 1229 1624 1298 πρὸς
1675 1227 1734 1281 at

143 1316 233 1369 καὶ
285 1316 349 1368 τὸ
385 1315 572 1384 τρίτον
607 1318 777 1387 μέρος
823 1319 923 1387 τῆς
968 1319 1105 1384 ιδίας
1156 1320 1364 1390 ἀρχῆς·
1414 1318 1590 1383 οὕτως
1641 1321 1734 1373 έκ-

139 1405 832 1482 δηλότατανδιακηρυχθέν,
863 1409 944 1464 ῐτι
983 1410 1083 1482 μὶν
1114 1411 1281 1465 πλέον
1315 1412 1365 1466 ot
1412 1412 1576 1481 μάγοι
1613 1429 1738 1464 συν-

141 1500 383 1569 έδραμύν
434 1517 493 1552 τε
539 1501 635 1553 καὶ
685 1498 824 1572 πρὸς
872 1503 974 1576 τὴν
1018 1503 1239 1576 εὕρεσιν
1274 1505 1737 1576 ὲφιλοτιμήσαντο

141 1593 248 1643 τῶν
316 1592 710 1662 γραμμάτων,
764 1594 916 1649 οὐδὲν
976 1597 1034 1651 δδ
1103 1598 1328 1652 ἔλαττον
1395 1596 1736 1665 ἀποροῦντες

141 1684 474 1752 ἑστήκεσαν.

205 1776 304 1829 IB'.
349 1779 438 1829 Ἐν
463 1779 640 1849 τούτῳ
667 1779 760 1834 τὸν
797 1779 1026 1850 βασιλέα
1068 1780 1266 1851 μέστὸν
1288 1779 1532 1852 ἀθυμίας
1585 1783 1735 1851 γενό-

1835 588 2038 658 scripta
2063 589 2304 654 fuerant,
2333 588 2658 644 Dicentibus
2681 591 2865 644 autem
2899 589 3094 658 magis.
3127 601 3186 642 se
3223 601 3418 641 eorum

1833 679 1971 732 nihil
1998 679 2328 750 intelligere.
2361 679 2475 734 Rex
2501 679 2660 734 valde
2705 681 2924 746 anxius,
2949 690 3004 736 et
3027 693 3223 749 magno
3247 678 3416 732 animi

1831 770 2022 826 dolore
2070 787 2391 842 oppressus.
2443 781 2669 843 propter
2714 773 2856 828 hanc
2902 789 3019 828 rem
3079 771 3416 841 inopinatam

1831 872 1888 916 et
1918 862 2076 918 valde
2119 863 2524 929 admirabilem,
2551 864 2776 934 publico
2827 866 3104 934 praeconio
3126 864 3278 918 brevi
3299 862 3418 916 edi-

1834 951 1914 1006 xit
1960 967 2059 1022 per
2104 962 2275 1008 totam
2323 955 2625 1026 regionem,
2659 969 2717 1010 se
2748 955 2820 1021 ei,
2854 957 2948 1026 qui
2996 955 3095 1009 bas
3122 956 3336 1008 litteras
3364 961 3421 1006 et

1832 1044 2098 1113 quidnam
2141 1045 2543 1116 significarent,
2601 1056 2750 1102 esset
2795 1048 3212 1124 declaraturus:
3253 1046 3419 1116 polli-

1833 1152 1966 1192 cens
1989 1152 2110 1193 esse
2151 1137 2406 1192 daturum
2453 1147 2706 1206 torquem
2735 1153 2988 1200 aureum,
3013 1146 3068 1193 et
3094 1141 3299 1191 vestem
3325 1151 3420 1208 ge-

1835 1229 2090 1283 standam
2129 1244 2488 1299 purpuream,
2522 1231 2665 1283 sicut
2695 1229 2874 1283 solent
2908 1228 3055 1283 ferre
3081 1242 3235 1298 reges
3259 1225 3423 1282 Chal-

1835 1320 2102 1387 daeorum,
2132 1330 2188 1376 et
2231 1329 2498 1392 preterea
2534 1322 2753 1376 tertiam
2798 1329 3006 1392 partem
3046 1319 3132 1373 sui
3179 1317 3418 1387 imperii.

1834 1415 1970 1474 Cum
2009 1417 2113 1472 hoc
2143 1417 2368 1488 publico
2409 1416 2691 1486 praconio
2723 1415 2802 1472 sic
2845 1415 3040 1470 fuisset
3091 1413 3420 1484 promulga-

1837 1518 1977 1574 tum,
2012 1510 2196 1564 adhuc
2245 1508 2469 1578 quidem
2517 1507 2691 1578 magis
2721 1507 3130 1562 concurrebant
3165 1506 3328 1575 magi,
3365 1513 3422 1559 et

1838 1599 2256 1653 contendebant
2299 1598 2574 1661 invenire,
2617 1596 2748 1666 quid
2791 1595 2895 1650 sibi
2942 1596 3149 1649 vellent
3196 1595 3418 1648 littera.

1834 1691 2211 1746 Nihilominus
2247 1699 2431 1744 autem
2482 1689 2698 1744 stabant
2727 1689 3069 1742 dubitantes.

1923 1783 2044 1838 XII.
2078 1783 2294 1838 Interea
2332 1796 2514 1852 regem
2543 1796 2743 1851 angore
2775 1781 2944 1834 animi
2974 1781 3197 1848 plenum
3232 1779 3424 1833 videns

143 1884 303 1934 μενον
341 1871 373 1938 ή
403 1869 573 1923 αὑτοῦ
621 1871 824 1942 μάμμη
857 1872 1196 1943 θεασαμένη,
1235 1851 1641 1943 ἀναλαμϐάνειν
1671 1892 1730 1928 τε

1841 1877 1962 1948 ejus
2006 1877 2150 1933 avia.
2183 1875 2352 1945 cmpit
2392 1851 2665 1942 repetere,
2698 1882 2754 1928 et
2785 1873 2852 1927 de
2896 1871 3118 1926 Daniele
3154 1871 3422 1940 propheta

140 1956 343 2026 ἤρξατο
372 1961 470 2012 καὶ
503 1960 570 2014 τὰ
603 1964 733 2030 περὶ
775 1963 868 2017 τοῦ
907 1965 1195 2036 προφήτου
1235 1967 1438 2038 Δανιὴλ
1479 1968 1736 2039 γνώριμα

141 2049 436 2122 καθιστᾲν,
472 2053 577 2107 ὅσα
607 2053 696 2129 τῷ.
722 2056 936 2109 έκείνου
959 2057 1195 2127 πάππῳ,
1224 2058 1303 2127 τῷ
1329 2059 1734 2129 Ναϐουχοδονό-

142 2159 232 2212 σορ
262 2145 438 2214 φημὶ,
473 2147 561 2214 έφ*
587 2143 668 2210 οἷς
695 2147 938 2218 ἑώρακεν
961 2149 1324 2221 ἀπορρήτοις,
1349 2151 1514 2214 αὐτὸς
1546 2152 1732 2206 διεσάο

142 2251 311 2302 ςησιν
341 2253 353 2265 ·
394 2232 554 2287 Ἐστι
580 2253 684 2300 τις,
712 2237 968 2304 λέγουσα,
995 2238 1104 2291 ἀπὸ
1139 2239 1236 2310 τῆς
1272 2238 1536 2306 Ἰουδαίας
1565 2243 1735 2312 αιχμο

145 2326 355 2388 ἀλωτος
405 2327 648 2382 ένταύθα
686 2328 874 2399 ἀχθεὶς
906 2329 1129 2402 (Δανιὴλ
1163 2331 1312 2401 αύτῷ
1336 2333 1554 2404 ὄνομα),
1595 2335 1734 2407 ἀνὴρ

141 2417 307 2479 δεινὸς
343 2419 534 2490 εὑρεῖν
573 2421 642 2474 τὰ
677 2422 970 2493 ἀπόρρητα
1007 2426 1102 2478 καὶ
1125 2423 1244 2494 Θεῷ
1277 2425 1532 2498 γνώριμα
1563 2429 1732 2498 μόνῳ,

142 2509 194 2573 ὃς
226 2511 715 2582 Ναϐουχοδονόσορ
743 2515 820 2582 τῷ
845 2514 1078 2582 βασιλεῖ,
1106 2514 1335 2584 μηδενὸς
1365 2518 1529 2570 ἄλλου
1559 2519 1688 2589 δυνη
1708 2549 1730 2560 -

144 2602 322 2666 θέντος
352 2605 536 2657 εἰπεῖν
562 2606 690 2674 περὶ
709 2598 785 2658 ὧν
815 2605 986 2659 έδεῖτο
1016 2605 1231 2676 μαθεῖν,
1261 2607 1524 2680 ἐγνώρισε
1555 2613 1735 2666 πάντα

142 2692 318 2755 καλῶς
351 2693 447 2746 καὶ
483 2696 566 2756 εἰς
609 2693 726 2762 φῶς
761 2695 936 2765 ήγαγε
965 2696 1034 2750 τὰ
1065 2696 1414 2769 ζητούμενα·
1447 2719 1734 2776 μεταπεμ-

142 2783 383 2852 ψάμενος
407 2779 503 2837 οὖν
532 2784 697 2840 αὑτὸν
727 2787 985 2859 εὑρήσεις
1011 2789 1212 2852 εύθέως
1235 2789 1264 2841 δ
1286 2791 1491 2858 γνῶναι
1527 2793 1733 2865 ζητεῖς.

146 2877 248 2930 Καὶ
283 2878 344 2940 δς
377 2878 610 2947 τάχιστα
639 2879 830 2934 τοῦτον
884 2884 1243 2951 μετεκαλεῖτο
1294 2887 1390 2937 καὶ
1427 2885 1733 2958 διαλεχθεὶς

147 2970 238 3022 ὅσα
274 2969 510 3023 πύθοιτο
554 2973 681 3040 περὶ
713 2973 878 3027 αὑτοῦ
919 2977 1012 3028 καὶ
1045 2971 1114 3048 ἧς
1149 2975 1263 3046 εχει
1297 2979 1490 3047 σοφίας
1532 2981 1624 3034 καὶ
1659 2981 1736 3046 ὡς

144 3060 198 3111 τὸ
232 3059 381 3112 θεῖον
429 3060 580 3129 αύτῷ
630 3062 854 3131 Πνεῦμα
903 3066 1251 3134 συμπάρεστι
1300 3073 1394 3121 καὶ
1447 3069 1608 3138 μόνος
1647 3071 1735 3136 έξο

147 3151 322 3220 ευρεῖν
392 3149 752 3213 ἱκανώτατος,
799 3148 836 3204 δ.
886 3150 961 3220 μή
1002 3155 1115 3214 τοῖς
1145 3153 1325 3217 ἀλλοις
1377 3157 1456 3217 είς
1488 3157 1733 3212 έπίνοιαν

147 3243 388 3314 ἔρχεται,
419 3243 651 3314 φράζειν
681 3242 830 3312 αύτῷ
853 3243 921 3296 τὰ
952 3245 1318 3316 γεγραμμένα
1360 3249 1454 3299 καὶ
1495 3247 1732 3304 διαλύειν

145 3337 318 3405 ἠξίου,
363 3335 468 3388 κᾶν
515 3334 845 3404 σκυθρωπὸν
889 3329 948 3408 ᾖ,
989 3336 1176 3406 φησὶν,
1211 3335 1272 3391 τὸ
1323 3335 1428 3389 ὑπὸ
1466 3336 1601 3390 Θεοῦ
1639 3356 1735 3408 ση.

147 3427 510 3494 μαινόμενον·
555 3426 715 3480 τοῦτο
756 3425 870 3497 γὰρ
915 3429 1206 3496 ποιήσαντι
1244 3426 1532 3500 πορφύραν
1577 3429 1735 3484 δώσω

146 3515 469 3569 ἐνδύσασθαι
514 3518 609 3568 καὶ
654 3522 890 3586 χρύσεον
925 3521 1058 3589 περὶ
1095 3518 1190 3578 τὸν
1227 3520 1433 3590 αὐχένα
1467 3523 1735 3593 στρεπτὸν

146 3611 231 3660 καὶ
259 3607 318 3660 τὸ
343 3608 528 3678 τρίτον
559 3607 658 3676 τῆς
684 3610 860 3678 ἀρχῆς
889 3611 1080 3678 μέρος.
1117 3609 1288 3678 τιμὴν
1315 3613 1410 3664 καὶ
1436 3615 1601 3683 γέρας
1634 3615 1734 3684 τῆς

146 3701 335 3768 copia;
400 3699 684 3768 ἐσόμενον,
740 3700 814 3761 ὡς
868 3699 934 3753 ἀν
987 3699 1048 3764 ἐξ
1097 3698 1279 3754 αὐτῶν
1329 3701 1732 3773 ἐπισημότατος

145 3792 314 3845 ἀπασι
338 3793 522 3859 γένοιο
550 3794 646 3845 καὶ
678 3791 1064 3864 περίϐλεπτος.

212 3884 311 3937 ll”.
345 3885 547 3955 Δανιὴλ
571 3885 627 3936 δὲ
653 3887 754 3948 τάς
787 3886 885 3956 μέν
909 3886 1120 3956 δωρεὰς
1157 3889 1325 3944 αὐτὸν
1361 3890 1511 3962 εχειν
1541 3891 1694 3963 ήξίου
1713 3909 1728 3924 ⁸

141 3973 227 4026 τὸν
260 3977 372 4042 γὰρ
407 3976 571 4041 σοφὸν
605 3975 698 4026 καὶ
728 3976 869 4027 θεῖον
905 3977 1102 4047 δώροις
1130 3980 1228 4049 ούχ
1271 3981 1549 4051 ἁλώσιμον
1589 3981 1730 4037 εῐναι

140 4067 251 4116 δεῖ·
291 4067 498 4134 προῖκα
532 4064 590 4116 δὲ
635 4065 760 4129 τοὺς
800 4065 1090 4137 δεομένους
1125 4069 1361 4145 ώφελεῐν
1406 4072 1728 4144 βούλεσθαι⁸

145 4155 372 4229 μηνύειν
403 4154 459 4207 δὶ
487 4153 637 4222 αύτῷ
663 4171 730 4207 τα
758 4160 1125 4228 γεγραμμένα
1153 4163 1246 4214 τού
1272 4163 1390 4234 βίου
1423 4183 1730 4236 καταστρο-

145 4249 271 4320 φήν,
304 4249 394 4301 δτι
424 4247 559 4317 μηδέ
589 4240 669 4310 οἷς
703 4246 732 4299 ὁ
767 4249 1034 4318 πρόγονος
1064 4252 1232 4304 αὑτοῦ
1261 4253 1731 4328 Ναϐουχοδονόσορ

140 4341 224 4395 διά
283 4341 386 4402 τάς
442 4343 522 4403 εις
572 4340 706 4394 Θεὸν
761 4341 950 4412 ὕϐρεις
1000 4343 1295 4416 έκολάσθη,
1328 4344 1538 4410 τούτοις
1569 4349 1730 4412 αὐτὸς

139 4433 346 4504 ιμαθεν
380 4432 630 4484 εὐσεϐεῖν
660 4435 758 4484 καὶ
790 4434 961 4502 μηδὲν
998 4435 1099 4504 τῆς
1133 4436 1487 4508 ἀνθρωπίνης
1515 4439 1730 4507 φύσεως

1835 1968 1885 2021 ei
1934 1967 2262 2037 signiﬁcare,
2305 1981 2430 2036 qua:
2475 1965 2621 2018 illius
2677 1980 2817 2029 avo,
2861 1960 3418 2024 Nabuchodonosori,

1839 2059 2088 2128 inquam,
2139 2066 2368 2127 propter
2423 2070 2488 2110 ea
2519 2070 2642 2126 qua:
2675 2055 2890 2114 viderat
2916 2069 3136 2118 arcana,
3169 2053 3218 2106 ei
3249 2067 3424 2120 expo-

1835 2159 2041 2210 suerat,
2089 2150 2186 2203 Est
2215 2148 2463 2217 quidam,
2493 2149 2706 2213 dicens,
2747 2149 2842 2218 qui
2887 2147 2988 2201 fuit
3019 2146 3218 2200 ductus
3251 2144 3358 2199 huc
3389 2159 3421 2198 e

1835 2238 2019 2294 Judza
2069 2237 2344 2305 captivus,
2387 2235 2612 2290 nomine
2655 2237 2865 2300 Daniel,
2917 2236 3004 2289 vir
3049 2235 3306 2305 egregius
3349 2235 3418 2287 ad

1838 2328 2174 2382 invenienda
2215 2341 2441 2389 arcana,
2476 2335 2533 2380 et
2559 2341 2682 2396 qua:
2708 2335 2838 2380 sunt
2870 2325 2970 2380 soli
3004 2322 3115 2378 Deo
3149 2324 3369 2395 cognita
3403 2340 3416 2376 :

1835 2422 1930 2491 qui
1979 2421 2091 2490 regi
2117 2418 2671 2479 Nabuchodonosorl,
2701 2433 2826 2472 cum
2854 2417 3040 2470 nullus
3071 2415 3212 2470 alitis
3236 2423 3420 2485 posset

1841 2514 2027 2568 dicere
2061 2514 2129 2568 de
2166 2513 2234 2566 iis
2261 2527 2381 2581 qua:
2425 2509 2730 2580 quaerebat.
2762 2509 2945 2566 omnia
2978 2507 3209 2578 pulchre
3248 2507 3420 2578 signi-

1839 2603 2048 2668 ficavit,
2076 2613 2131 2657 et
2160 2603 2335 2658 edidit
2369 2603 2422 2656 in
2458 2603 2634 2656 lucem
2665 2615 2730 2655 ea
2762 2615 2882 2670 quae
2910 2601 3327 2668 qttzerebantur.
3362 2598 3421 2651 Si

1836 2710 1965 2751 eum
2004 2711 2137 2765 ergo
2188 2693 2572 2758 accersivei-is,
2615 2693 2668 2748 id
2705 2691 2852 2762 quod
2897 2691 3038 2745 scire
3077 2689 3256 2759 cupis,
3293 2705 3417 2744 mox

1842 2786 2118 2841 invenies.
2168 2785 2260 2838 Ille
2305 2799 2439 2838 vero
2485 2798 2611 2836 eum
2673 2782 2964 2837 celerrime
3010 2781 3266 2835 accersiit
3308 2796 3324 2833 :
3364 2787 3422 2835 et

1835 2894 1962 2934 cum
2017 2878 2268 2940 dixisset,
2311 2891 2432 2946 quae
2486 2875 2556 2928 de
2607 2875 2727 2944 ipso
2771 2881 2829 2928 et
2880 2873 2948 2928 de
2991 2874 3115 2943 ejus
3163 2871 3423 2927 audiebat

1835 2969 2127 3040 sapientia,
2177 2977 2232 3023 et
2265 2969 2397 3038 quid
2427 2967 2650 3022 divinus
2691 2967 2760 3020 sit
2795 2980 2919 3020 eum
2959 2981 3026 3020 eo
3056 2963 3334 3034 Spiritus;
3363 2972 3422 3018 et

1838 3063 2000 3120 sitad
2047 3061 2440 3118 inveniendum
2489 3060 2642 3113 solus
2690 3059 2775 3114 vel
2825 3058 3062 3112 maxime
3094 3058 3326 3111 idoneus
3354 3070 3418 3110 ea

1837 3172 1960 3228 quae
2007 3170 2120 3210 non
2161 3153 2396 3208 veniunt
2427 3152 2551 3207 aliis
2581 3152 2636 3206 in
2681 3155 2951 3214 mentem,
2998 3149 3225 3220 rogabat
3271 3157 3331 3203 ut
3367 3149 3421 3203 ei

1836 3250 2047 3304 diceret
2071 3257 2128 3304 et
2163 3248 2405 3303 solveret
2423 3262 2510 3311 ea,
2539 3262 2662 3316 quae
2693 3245 2896 3315 scripta
2930 3245 3146 3299 fuerant
3169 3263 3184 3310 ;
3204 3244 3419 3300 etiamsi

1835 3339 1926 3402 sit,
1944 3339 2146 3409 inquit,
2165 3340 2522 3409 injucundum
2537 3347 2857 3406 etasperum
2875 3337 3022 3408 quod
3037 3353 3067 3392 a
3089 3337 3198 3392 Deo
3221 3336 3422 3406 signifi-

1835 3441 2016 3486 catur.
2034 3431 2144 3486 Hoc
2161 3446 2293 3501 ergo
2309 3429 2354 3484 si
2371 3429 2592 3491 feceris,
2609 3429 2752 3484 dabo
2778 3429 2878 3482 tibi
2904 3446 3342 3500 purpuram,qua
3369 3441 3421 3486 te

1836 3525 2037 3580 induas
2056 3541 2069 3578 :
2089 3533 2144 3580 et
2159 3533 2412 3596 torquem
2431 3538 2850 3594 aureum,quem
2867 3522 3009 3577 collo
3029 3530 3124 3577 tuo
3145 3523 3417 3593 imponas,

1835 3627 1892 3673 et
1915 3617 2134 3672 tertiam
2156 3627 2364 3688 partem
2388 3618 2492 3670 tnei
2513 3616 2750 3684 imperii,
2771 3615 3014 3670 futuram
3051 3617 3336 3685 pramiutn
3365 3625 3420 3673 et

1834 3711 2104 3783 honorem
2143 3719 2250 3763 tuae
2291 3711 2580 3779 sapientia:
2611 3727 2624 3762 :
2655 3717 2718 3764 ut
2753 3721 2820 3764 ex
2863 3707 2998 3779 ipsis
3023 3709 3229 3766 evadas
3255 3710 3418 3783 longe

1833 3774 2196 3865 clarissimus,
2229 3810 2286 3856 et
2312 3774 2381 3855 ab
2411 3801 2670 3854 omnibus
2705 3774 3117 3872 sttspic'iendus.

1908 3893 2045 3950 XIII.
2091 3893 2280 3950 Daniel
2310 3903 2496 3949 autem
2531 3892 2758 3964 rogabat
2799 3894 3051 3964 quidem,
3087 3904 3147 3949 ut
3178 3897 3284 3951 sibi
3318 3913 3416 3954 sua

1836 3985 2069 4041 haberet
2144 4000 2397 4048 tnunera,
2447 3983 2629 4038 virum
2677 3983 2824 4037 enim
2871 3981 3176 4052 sapientem
3226 3993 3282 4038 et
3329 3985 3414 4038 di-

1832 4076 2022 4130 vinum
2061 4090 2167 4128 non
2217 4091 2338 4128 esse
2387 4074 2719 4143 capiendum
2768 4074 3094 4128 muneribus
3137 4090 3242 4128 :se
3287 4091 3419 4129 vero

1831 4168 2002 4238 gratis
2031 4167 2168 4221 velle
2212 4168 2406 4236 juvare
2429 4182 2526 4219 eos
2555 4169 2648 4234 qui
2691 4182 2831 4236 opus
2872 4165 3129 4221 habeant.
3171 4167 3418 4226 Declarat

1833 4269 2020 4316 autem
2053 4261 2103 4315 ei
2153 4274 2215 4314 ea
2244 4276 2366 4329 qua:
2399 4258 2605 4328 scripta
2635 4257 2874 4316 fuerant.
2909 4272 3106 4325 nempe
3140 4260 3263 4312 vita
3303 4259 3417 4312 exi-

1833 4362 1948 4406 tum
1972 4371 1985 4406 :
2008 4353 2151 4420 quod
2186 4368 2288 4406 nec
2318 4353 2385 4406 iis
2407 4351 2653 4418 quidem,
2674 4365 2796 4420 qua:
2824 4364 2957 4403 avus
2981 4349 3101 4419 ejus
3120 4350 3415 4410 Nabucho-

1833 4441 2079 4497 donosor
2130 4456 2324 4512 passus
2370 4448 2511 4507 erat,
2579 4441 2866 4510 suppliciis
2915 4451 3140 4510 propter
3183 4457 3310 4496 suas
3359 4445 3414 4498 in

142 4525 288 4595 πέρα
335 4523 587 4594 φρονεῖν·
641 4519 758 4576 ἀλλ’
790 4523 871 4575 ὅτι
907 4523 1002 4575 καὶ
1034 4524 1518 4598 Ναϐουχοδονόσορ
1559 4547 1729 4598 μεταο

1836 4536 2009 4590 Dcum
2065 4535 2460 4597 contumelias,
2516 4534 2634 4603 ipse
2682 4533 2952 4586 didicerat
2996 4546 3116 4584 esse
3151 4533 3322 4600 pium,
3358 4546 3415 4588 et

142 4617 476 4679 πλασθέντος
532 4617 613 4678 είς
660 4613 865 4686 θηρίων
912 4613 1192 4685 διαγωγὴν
1226 4617 1312 4684 ιφ*
1351 4613 1431 4680 οἷς
1466 4619 1726 4686 ήσέϐησε,

140 4714 231 4763 καὶ.
283 4710 428 4780 μετά
476 4708 678 4770 πολλὰς
733 4705 941 4770 ἱκεσίας
989 4708 1084 4760 καὶ
1128 4707 1343 4780 δεήσεις
1390 4707 1724 4778 ἐλεηθέντος,

137 4804 278 4858 ὥστε
306 4802 474 4856 πάλιν
503 4797 820 4852 έπανελθεῖν
863 4799 943 4861 είς
977 4800 1066 4851 τὸν
1099 4799 1442 4867 ἀνθρώπινον
1473 4801 1588 4871 βίον
1634 4804 1728 4855 καὶ

136 4899 231 4964 τὴν
254 4893 550 4965 βασιλείαν
584 4890 756 4960 αὐτὴν
782 4889 879 4944 καὶ
903 4890 993 4943 διά
1028 4890 1204 4943 ταῦτα
1235 4892 1325 4943 τὸν
1360 4892 1494 4944 Θεὸν
1522 4893 1596 4956 ὡς
1629 4894 1728 4965 τὴν

138 4989 361 5042 ἃπασαν
428 4984 623 5054 έχοντα
694 4983 927 5053 δύναμιν
993 4983 1086 5039 καὶ
1151 4982 1556 5054 προνοούμενον
1618 4987 1726 5039 τῶν

137 5079 469 5151 ἀνθρώπων,
495 5075 624 5146 ἄχρι
657 5077 751 5127 καὶ
776 5075 1033 5147 τελευτῆς
1049 5075 1349 5144 ομνοῦντος
1371 5075 1542 5147 λήθην
1565 5077 1724 5142 αὐτὸς

138 5175 295 5228 έλαϐε
342 5171 554 5224 τούτων
603 5167 698 5221 καὶ
741 5169 911 5222 πολλά
952 5169 1054 5238 μὶν
1088 5169 1524 5240 εϐλασφήμησεν,
1555 5171 1634 5232 εἰς
1663 5169 1725 5224 τὸ

138 5268 314 5327 Θεῐον,
352 5264 467 5326 τοῖς
499 5263 556 5315 δι
588 5259 840 5314 σκεύεσιν
868 5261 1038 5314 αὐτοῦ
1071 5261 1210 5331 μετά
1239 5263 1349 5314 τῶν
1383 5263 1725 5318 παλλακίδων

139 5359 476 5428 διηκονεῖτοο
508 5353 682 5406 ταῦτα
725 5347 818 5406 οὖν
849 5353 1060 5422 δρῶντα
1094 5353 1183 5405 τὸν
1213 5353 1367 5418 Θεὸν,
1398 5355 1722 5426 ὀργισθῆναι

141 5451 286 5518 αύτῷ
331 5449 427 5503 καὶ
471 5446 561 5500 διά
606 5445 714 5496 τῶν
751 5445 1157 5513 γεγραμμένων
1194 5447 1718 5516 προκαταγγέλλειν,

140 5540 211 5601 εἰς
238 5533 352 5591 οἷον
379 5537 548 5589 αὑτὸν
578 5533 954 5603 καταστρέψαι
985 5534 1066 5584 δεῖ
1105 5534 1257 5598 τέλος
1277 5554 1288 5566 ·
1330 5535 1519 5604 ἐδήλου
1560 5536 1614 5592 δέ
1654 5539 1721 5592 τά

141 5633 444 5700 γράμματα
458 5628 623 5681 τάδε·
642 5624 827 5696 μόνη,
861 5625 1058 5690 θέκελ,
1078 5629 1265 5695 φαρές
1286 5645 1300 5658 ·
1329 5628 1486 5681 τοῦτο
1514 5629 1570 5680 δὲ
1602 5631 1720 5684 ἐλε-

139 5738 235 5799 τιν.
258 5722 474 5776 Ἑλλάδι
514 5718 745 5794 γλώσσῃ
783 5719 1092 5789 σημαίνειν,
1143 5719 1227 5772 ὅτι
1287 5721 1398 5775 Τὸν
1428 5719 1536 5787 τῆς
1569 5719 1720 5789 ζωῆς

138 5829 239 5870 σου
265 5820 499 5886 χρόνον
524 5814 860 5883 ἠρίθμηκεν
881 5815 914 5866 ὀ
946 5811 1090 5876 Θεὸς
1117 5813 1212 5866 καὶ
1246 5810 1489 5882 σταθμῷ
1529 5818 1719 5883 περιέ-

1833 4627 1973 4679 ultra
1999 4625 2220 4678 modum
2253 4625 2503 4676 humana:
2529 4634 2741 4676 natura
2763 4637 2872 4676 non
2900 4637 3118 4676 sumere
3143 4624 3409 4692 spiritus:

1830 4716 1926 4772 sed
1945 4718 2092 4786 quod
2119 4716 2285 4770 etiam
2311 4731 2436 4770 cum
2459 4713 2970 4770 Nabuchodonosor
2992 4724 3235 4770 mutatus
3266 4728 3414 4771 esset

1831 4809 1888 4864 in
1939 4810 2101 4863 vitant
2163 4808 2393 4862 ferinam
2441 4816 2730 4874 propterea
2759 4823 2882 4875 qua:
2931 4808 3097 4876 IMpie
3147 4819 3412 4876 gesserat,

1829 4908 1884 4954 et
1918 4909 2040 4969 post
2073 4899 2271 4951 multas
2300 4911 2493 4968 preces
2521 4905 2577 4951 et
2631 4897 3062 4966 supplicationes
3094 4899 3410 4953 misericor-

1829 4990 1976 5045 diam
2000 4999 2148 5044 esset
2169 4999 2520 5048 consecutus,
2551 4996 2606 5040 et
2636 4987 2891 5040 rediisset
2923 4985 2991 5039 ad
3019 4987 3184 5040 vitam
3214 4987 3410 5042 huma-

1828 5099 1956 5138 nam
2010 5093 2067 5137 et
2115 5082 2294 5151 ipsum
2342 5092 2616 5150 regnum:
2659 5088 2715 5133 et
2754 5085 3045 5147 propterea
3093 5078 3290 5140 Deum,
3349 5093 3410 5133 ut

1826 5175 1921 5246 qui
1947 5188 2170 5228 omnem
2207 5172 2437 5226 haberet
2468 5171 2790 5241 potentiam,
2821 5179 2876 5222 et
2906 5169 3190 5222 hominum
3216 5184 3404 5224 curam

1826 5275 2067 5339 gereret,
2113 5280 2290 5336 usque
2322 5264 2389 5318 ad
2439 5273 2673 5318 mortem
2725 5261 2998 5325 laudaret,
3053 5262 3166 5330 ipse
3211 5276 3404 5315 eorum

1826 5370 1911 5412 est
1941 5357 2148 5413 oblitus
2176 5375 2190 5410 ε
2225 5365 2281 5410 et
2314 5355 2485 5410 Deum
2518 5353 2742 5424 quidem
2775 5352 2965 5407 multis
2995 5352 3296 5406 insectatus
3321 5364 3406 5408 est

1827 5450 2164 5516 maledictis,
2195 5449 2345 5503 vasis
2375 5458 2558 5502 autem
2585 5448 2705 5518 ejus
2749 5456 2807 5499 ut
2831 5444 2937 5499 sibi
2967 5443 3400 5506 ministraretur,

1823 5542 2009 5597 elfecit
2055 5540 2218 5594 simul
2266 5555 2392 5594 cum
2428 5539 2739 5610 pellicibus.
2776 5534 2902 5590 Haec
2941 5550 3074 5606 ergo
3120 5533 3398 5586 videntem

1823 5635 1993 5689 Deum
2021 5634 2070 5688 ei
2093 5649 2212 5688 esse
2247 5633 2468 5696 iratum,
2488 5642 2543 5687 et
2576 5645 2672 5700 per
2698 5644 2762 5682 ea
2787 5645 2908 5700 qua:
2941 5628 3144 5698 scripta
3176 5636 3325 5688 sunt,
3346 5627 3400 5682 ei

1823 5727 2270 5798 praesignificare,
2315 5724 2493 5793 qualis
2523 5723 2594 5778 sit
2636 5721 2858 5776 futurus
2909 5721 3033 5774 vita:
3075 5719 3274 5773 exitus.
3313 5716 3398 5769 Si-

1821 5818 2151 5884 gniﬁcabant
2189 5826 2371 5873 autem
2418 5815 2501 5869 liae
2536 5815 2757 5878 litterae,
2794 5810 2970 5875 lane,
3015 5807 3214 5874 Thecel,
3255 5805 3395 5860 Plia-
