3972 6440
572 378 674 443 387

1895 362 2183 425 MENSIS
2222 362 2517 425 IULIUS.

3727 359 3834 423 388

572 511 681 555 res.
720 495 823 547 hoc
855 506 987 545 vero
1038 487 1259 543 dicebat
1311 485 1498 555 lingua
1549 484 1740 537 Latina
1792 478 2149 549 significare:

2269 492 2451 543 γτησε
2483 480 2581 531 καί
2623 476 2915 547 περιελών
2943 495 3058 532 σου
3093 476 3208 545 τὴν
3246 477 3578 542 βασιλείαν
3611 478 3839 545 Μήδοις

574 591 797 650 Tempus
831 586 947 639 vita:
978 592 1082 635 tua:
1114 581 1414 633 numeravit
1447 577 1605 641 Deus,
1638 584 1685 629 et
1715 576 1769 627 in
1796 574 1931 626 libra
1961 586 2158 640 αρρειι·

571 683 678 740 dit,
705 690 754 733 et
800 674 1038 730 ablatum
1076 688 1295 742 regnum
1335 680 1485 722 tuum
1523 668 1711 720 dividet
1744 665 1907 719 Medis
1935 671 1982 716 et
2021 661 2150 715 Per-

570 776 665 828 sis.
713 772 848 826 Cum
902 772 1012 841 regi
1049 772 1120 824 sit
1157 770 1387 823 dixisset
1422 764 1647 829 Daniel,
1682 776 1930 831 quaenam
1984 758 2153 827 signi-

576 865 803 919 ficarent
864 864 947 917 hae
1010 863 1064 915 in
1117 876 1276 914 muro
1329 860 1559 920 litterae,
1617 854 1863 909 Baltasar
1927 850 2150 919 quidem

574 971 782 1024 angore
831 964 887 1009 et
941 953 1108 1007 animi
1163 952 1351 1006 dolore
1425 949 1527 1002 fuit
1580 959 1876 1017 oppressus
1930 949 2155 1010 propter

574 1064 767 1118 aspera
791 1047 882 1100 illa
907 1055 961 1100 et
996 1044 1195 1107 tristia,
1224 1058 1346 1112 qua:
1382 1042 1430 1095 ei
1457 1037 1927 1110 significabantur.
1963 1032 2155 1099 Neque

578 1151 761 1195 tamen
798 1140 846 1193 ei
883 1147 1143 1207 tanquam
1176 1136 1459 1205 prophetas
1492 1131 1787 1190 malorum,
1819 1141 1928 1180 non
1960 1124 2054 1177 dat
2088 1136 2153 1177 ea

576 1246 828 1295 munera,
860 1246 982 1299 qua
1028 1230 1208 1284 fuerat
1262 1226 1559 1297 pollicitus,
1586 1223 1680 1276 sed
1712 1218 1944 1289 praebuit
1971 1215 2156 1270 omnia

575 1341 741 1395 quam
783 1323 1031 1377 minatus
1081 1321 1303 1391 quidem
1339 1327 1460 1371 erat
1492 1314 1643 1384 regni
1678 1312 1989 1373 eversione,
2022 1307 2160 1361 deﬂ-

575 1415 706 1469 nitze
740 1430 861 1469 esse
912 1410 1277 1471 necessitatis,
1308 1409 1403 1463 sed
1440 1422 1548 1461 non
1582 1408 1701 1475 ejus
1741 1404 1835 1473 qui
1885 1396 2158 1472 praedixit,

577 1523 698 1561 esse
729 1514 988 1575 reputans
1020 1524 1031 1559 :
1066 1519 1127 1557 ea
1190 1512 1396 1561 autem,
1448 1515 1570 1569 quae
1606 1496 1875 1567 promissa
1918 1495 2158 1552 fuerant,

576 1599 829 1667 implere,
857 1596 987 1650 boni
1020 1611 1139 1650 esse
1164 1593 1272 1647 viri
1304 1592 1582 1662 judicans,
1613 1587 1863 1657 justique
1888 1594 1944 1638 et
1983 1582 2119 1638 veri.

646 1692 782 1745 XIV.
839 1686 1198 1745 Preterﬂuxit
1263 1686 1425 1738 breve
1482 1682 1717 1749 spatium
1764 1677 2047 1748 temporis,
2104 1686 2160 1731 et

2252 568 2450 632 αὐτὴν
2472 570 2569 621 καὶ
2594 570 2857 638 Πέρσαις
2877 570 3164 639 διανεμεῖ.
3185 570 3341 623 Οὕτω
3354 570 3549 641 Δανιὴλ.
3568 571 3741 625 ταῦτα
3759 572 3839 642 τῷ

2257 660 2467 728 βασιλεῖ
2490 662 2777 731 σημαίνειν
2805 664 3116 731 φράσαντος
3146 664 3211 715 τὰ
3240 665 3296 715 ἐν
3324 662 3489 731 τοίχῳ
3514 663 3835 734 γράμματα,

2252 752 2345 804 τὸν
2384 753 2484 822 μὲν
2522 753 2809 824 Βαλτάσαρ
2836 749 2945 807 οἷον
2993 756 3139 819 εἰκὸς
3168 756 3252 825 ἐφ’
3270 755 3414 808 οὕτω
3438 756 3695 824 χαλεποῖς
3727 758 3839 819 τοῖς

2254 842 2650 912 δεδηλωμένοις
2674 845 2817 914 λύπη
2858 847 2952 898 καὶ
2984 847 3242 915 συμςορά
3272 846 3596 910 κατέλαϐεν,
3630 848 3690 898 οὐ
3733 848 3841 917 μὴν

2256 934 2331 996 ὡς
2363 936 2619 1005 προφήτῃ
2645 935 2833 989 κακῶν
2863 937 3013 1007 αὐτῷ
3042 938 3321 1008 γενομένῳ
3345 938 3421 1007 τῷ
3453 944 3706 1010 προφήτῃ
3741 942 3842 1002 τὰς

2256 1024 2465 1096 δωρεὰς
2498 1026 2562 1089 ἃς
2594 1027 2862 1096 ὑπέσχετο
2895 1028 3108 1091 δώσειν,
3142 1030 3203 1081 οὐ
3227 1030 3465 1094 δίδωσιν,
3490 1030 3625 1084 άλλά
3657 1032 3842 1094 πάσας

2260 1118 2588 1188 παρέσχετο,
2654 1119 2754 1191 τὴν
2814 1119 2915 1189 μὲν
2962 1119 3336 1190 ηπειλημινην
3395 1122 3497 1193 τῆς
3559 1121 3845 1192 βασιλείας

2258 1210 2580 1277 καθαίρεσιν
2621 1210 2718 1279 τῆς
2757 1210 3071 1281 ὁρισθείσης
3111 1212 3377 1281 ἀνάγκης,
3430 1212 3543 1266 ἀλλ’
3573 1214 3695 1283 οὐχὶ
3740 1213 3841 1267 τοῦ

2260 1300 2743 1371 προφητεύσαντος
2779 1299 2919 1356 εἶναι
2963 1302 3343 1372 λογισάμενος,
3371 1302 3470 1374 τὴν
3498 1303 3554 1357 δὲ
3602 1304 3711 1356 τῶν
3744 1305 3845 1357 ἐπ-

2258 1394 2615 1464 ηγγελμένων
2659 1396 3009 1465 ἐκπλήρωσιν
3050 1395 3242 1466 ἀνδρὸς
3277 1396 3485 1464 ἀγαθοῦ
3510 1398 3709 1469 κρίνων
3744 1396 3844 1449 καὶ

2258 1485 2473 1539 δικαίου
2502 1487 2597 1538 καὶ
2631 1485 2915 1554 ἀψευδοῦς.

2334 1669 2433 1721 IA'.
2452 1666 2635 1737 Βραχὶ)
2667 1666 2846 1736 διῆλθε
2874 1667 2933 1719 τὸ
2962 1667 3191 1737 μεταξὺ,
3221 1670 3315 1723 καὶ
3346 1671 3509 1733 αὐτός
3534 1688 3591 1723 τε
3628 1673 3843 1744 ἐλήφθη

579 1794 771 1850 captus
802 1781 903 1833 fuit
936 1781 1051 1848 ipse
1083 1787 1137 1831 et
1168 1776 1393 1836 civitas,
1454 1773 1597 1826 sicut
1628 1770 1950 1839 praedictum
1982 1770 2161 1821 fuerat

2269 1760 2359 1811 καὶ
2415 1760 2449 1829 η
2506 1758 2683 1821 πόλις.
2719 1758 2795 1819 ὡς
2825 1756 2903 1827 τῷ
2932 1759 3129 1827 Δανιὴλ
3185 1760 3609 1830 προηγόρευται,
3651 1763 3845 1832 Κύρου

522 1911 526 1913 Α
579 1890 607 1927 a
643 1872 887 1933 Daniele,
933 1885 1057 1923 cum
1105 1868 1217 1921 Rex
1264 1867 1552 1921 Persarum
1598 1862 1651 1915 in
1685 1862 1864 1930 ipsum
1910 1859 2157 1914 duxisset

2269 1852 2368 1902 τῶν
2407 1850 2633 1919 Περσῶν
2670 1851 2931 1918 βασιλέως
2964 1853 3495 1919 ἐπιστρατεύσαντος
3521 1855 3608 1907 ἐπ’
3641 1856 3843 1909 αὐτόν’

577 1964 903 2017 exercitum.
928 1961 1033 2016 Sed
1060 1960 1335 2013 Baltassar
1360 1954 1583 2025 quidem
1611 1954 1690 2008 sic
1714 1968 1743 2007 e
1766 1952 1876 2006 vita
1898 1950 2151 2007 excedit:

581 2052 777 2105 Darius
823 2066 977 2110 vero,
1032 2050 1125 2117 qui
1188 2046 1610 2115 Babyloniorum
1648 2043 1897 2098 dissolvit
1945 2042 2153 2111 princi-

581 2149 792 2209 patum,
830 2139 922 2208 qui
953 2146 1071 2191 erat
1102 2138 1266 2189 etiam
1311 2135 1455 2189 filius
1494 2134 1763 2205 Astyagis,
1804 2133 1954 2202 regni
1990 2148 2153 2188 sexa-

580 2232 852 2302 gesimum
907 2228 1214 2284 secundum
1267 2242 1472 2280 annum
1523 2234 1885 2294 transegerat,
1934 2224 2157 2294 quando

583 2322 731 2390 cepit
752 2320 1103 2391 Babylonem.
1132 2318 1236 2383 Qui
1264 2318 1429 2371 etiam
1455 2316 1836 2369 admirabilem
1864 2316 2011 2369 hunc
2040 2330 2161 2383 pro-

581 2413 804 2482 phetam
868 2426 1060 2463 secum
1112 2408 1413 2477 accipiens,
1470 2415 1728 2475 tanquam
1768 2422 1882 2459 rem
1909 2407 2154 2475 aliquam

584 2519 835 2573 magnam
870 2512 923 2557 et
955 2501 1432 2571 pretiosissimam,
1465 2499 1625 2553 duxit
1665 2499 1718 2553 in
1762 2498 2015 2561 Mediam.
2044 2514 2159 2554 ma-

584 2609 749 2664 gnum
795 2607 955 2646 suum
997 2592 1051 2645 in
1086 2608 1211 2646 eum
1254 2592 1497 2645 studium
1531 2591 1829 2645 ostendens
1873 2599 1929 2645 et
1966 2590 2160 2645 obser-

584 2685 849 2739 vantiam.
884 2684 1070 2735 Daniel
1098 2698 1229 2752 ergo
1257 2697 1382 2735 cum
1410 2694 1559 2735 esset
1592 2683 1645 2734 in
1681 2692 1831 2736 tanto
1861 2681 2071 2735 honore
2104 2689 2162 2735 et

583 2774 1025 2831 cxsistimatione
1066 2774 1206 2843 apud
1238 2773 1482 2837 Darium,
1515 2781 1571 2826 et
1599 2774 1713 2841 ipse
1739 2774 1859 2841 ejus
1880 2786 2162 2827 sermones

587 2869 887 2934 acciperet,
945 2873 1003 2918 ut
1048 2866 1143 2933 qui
1195 2864 1464 2916 haberent
1508 2862 1713 2931 aliquid
1785 2861 2054 2925 divinum,
2104 2863 2161 2917 in

581 2973 711 3013 eum
745 2972 965 3025 quoque
997 2956 1231 3009 excitata
1261 2963 1346 3007 est
1381 2954 1584 3008 invidia
1629 2954 1697 3008 ab
1731 2954 1797 3010 iis
1829 2955 1921 3025 qui
1955 2957 2161 3025 primas

587 3061 771 3119 partes
812 3048 1066 3102 ferebant
1118 3047 1173 3101 in
1222 3046 1416 3102 Media.
1447 3033 1661 3102 Etenim
1719 3047 2040 3102 invidebant
2078 3063 2165 3101 sa-

586 3151 778 3212 trapae,
804 3143 1057 3197 videntes
1075 3157 1201 3195 eum
1229 3156 1350 3196 esse
1382 3141 1435 3193 in
1470 3142 1678 3209 majore
1713 3140 2172 3234 exsistimatione,

584 3246 642 3291 et
674 3252 793 3289 esse
826 3238 1002 3305 majus
1046 3237 1100 3288 in
1133 3250 1261 3289 eum
1302 3234 1444 3304 regis
1483 3235 1748 3297 studium,
1795 3244 1850 3289 et
1880 3235 2072 3291 haberi
2104 3238 2159 3294 in

588 3329 777 3398 majori
807 3328 951 3397 apud
979 3342 1102 3380 eum
1136 3327 1367 3381 honore.
1398 3326 1720 3393 Quaerentes
1740 3336 1925 3382 autem
1954 3331 2163 3384 calum-

588 3426 693 3477 niae
738 3420 1083 3476 occasionem
1114 3428 1169 3473 et
1210 3421 1598 3484 accusationis,
1646 3421 1871 3475 minime
1914 3421 2160 3475 iuvenieo

588 3517 756 3581 bant;
795 3516 1001 3569 nullam
1029 3514 1173 3566 enim
1204 3512 1283 3565 eis
1311 3512 1591 3581 praebebat
1614 3524 1858 3573 causam,
1898 3529 2021 3564 nam
2068 3529 2163 3567 ne-

590 3626 698 3679 que
731 3626 759 3663 a
797 3608 1047 3678 pecuniis
1082 3608 1224 3661 vinci
1274 3614 1516 3675 poterat,
1548 3614 1609 3659 et:
1629 3618 1848 3659 omnem
1892 3614 2161 3673 quazstum

589 3704 947 3770 despiciebat.
988 3701 1127 3753 Hinc
1171 3700 1374 3751 factum
1399 3710 1504 3755 est.
1534 3708 1596 3750 ut
1619 3714 1741 3752 cum
1775 3698 1910 3751 nihil
1942 3707 2166 3767 possent

594 3794 869 3855 invenire,
928 3791 1077 3861 quod
1136 3791 1203 3845 de
1234 3806 1300 3844 eo
1348 3789 1597 3844 dicentes
1644 3790 1787 3859 apud
1834 3806 2037 3859 regem,
2097 3792 2163 3845 de

594 3889 711 3956 ejus
748 3886 959 3939 honore
994 3893 1214 3954 possent
1247 3881 1454 3952 aliquid
1492 3881 1809 3944 detrahere,
1848 3882 2016 3935 alium
2050 3898 2166 3936 mo-

592 3979 724 4031 dum
768 3985 1101 4045 quaarcrent,
1130 3991 1239 4044 quo
1270 3990 1395 4027 eum
1430 3974 1771 4042 depellerent
1822 3990 1851 4029 ιι
1892 3974 2038 4044 regis
2066 3974 2164 4028 be-

594 4066 927 4125 nevolentia.
990 4066 1257 4121 Videntes
1307 4079 1439 4135 ergo
1493 4065 1772 4119 Danielem
1832 4073 1916 4121 ter
1970 4065 2024 4119 in
2077 4064 2165 4118 die

595 4169 933 4229 precantem,
963 4156 1213 4210 arbitrati
1238 4165 1365 4209 sunt
1399 4172 1456 4210 se
1489 4155 1763 4211 invenisse
1793 4158 2162 4218 occasionem.

594 4267 691 4321 per
714 4266 876 4320 quam
908 4251 1017 4303 sint
1042 4249 1091 4302 ei
1120 4248 1342 4301 allaturi
1371 4248 1601 4301 exitium
1626 4266 1637 4301 :
1660 4258 1716 4301 et
1747 4249 2073 4301 accedentes
2099 4251 2163 4301 ad

597 4344 844 4405 Darium,
895 4342 946 4395 ei
986 4341 1326 4405 renuntiant,
1375 4341 1550 4395 visum
1587 4357 1707 4398 esse
1755 4342 2013 4396 omnibus
2046 4344 2165 4411 ejus

593 4434 829 4501 satrapis
858 4445 913 4487 et
945 4433 1309 4504 principibus,
1353 4443 1411 4487 ut
1446 4435 1629 4487 nullus
1659 4451 1722 4489 ex
1755 4435 2016 4487 omnibus
2042 4448 2163 4500 Spa-

2260 1944 2399 1998 ἀλλὰ
2431 1942 2722 2011 Βαλτάσαρ
2762 1941 2859 2009 μὲν
2890 1942 3034 1993 οὕτω
3077 1943 3166 1995 τὸν
3208 1943 3321 2012 βίον
3358 1945 3595 2013 ἀμείϐει,
3629 1948 3847 2017 Δαρείῳ

2257 2037 2313 2089 δὲ
2341 2038 2415 2105 τῷ
2440 2034 2805 2089 καταλύσαντι
2832 2034 2930 2111 τὴν
2981 2036 3051 2086 Ba
3064 2035 3323 2089 ϐυλὼνιον
3349 2039 3663 2108 ἡγεμονίαν,
3689 2040 3751 2104 ὃς
3776 2040 3847 2110 δὴ

2259 2131 2353 2184 καὶ
2382 2131 2709 2195 Ἀστυάγους
2745 2128 2865 2192 υίὸς
2890 2124 2980 2199 ἦν,
3004 2128 3121 2191 lto;
3151 2128 3441 2199 ἑξηκοστὸν
3471 2132 3566 2184 καὶ
3588 2130 3849 2203 δεύτερον

2258 2224 2354 2291 τῆς
2375 2222 2650 2290 βασιλείας
2673 2218 2886 2289 ἠνύετο,
2913 2222 3073 2291 ἡνίκα
3100 2222 3200 2292 τὴν
3231 2220 3520 2274 Βαϐυλῶνα
3556 2218 3702 2277 εἷλεν
3724 2241 3737 2255 ·
3782 2226 3854 2295 ὃς,

2261 2314 2356 2365 καὶ
2383 2314 2473 2364 τὸν
2496 2312 2801 2383 θαυμάσιον
2828 2313 3040 2365 τουτονὶ
3066 2315 3349 2383 προφήτην
3375 2316 3495 2385 μεθ’
3523 2316 3723 2371 ἑαυτοῦ
3750 2320 3852 2372 λα-

2263 2403 2376 2457 ϐὼν
2408 2404 2483 2467 ὼς
2519 2405 2663 2475 μέγα
2706 2421 2758 2458 τι
2794 2404 2985 2475 χρῆμα
3038 2407 3133 2457 καὶ
3173 2405 3473 2475 ἀξιότιμον,
3512 2409 3721 2479 ἤγαγεν
3762 2414 3849 2477 είς

2260 2496 2360 2567 τὴν
2408 2495 2681 2566 Μηδικὴν,
2736 2496 2940 2567 πολλὴν
2992 2497 3091 2567 τὴν
3138 2498 3268 2567 περὶ
3315 2491 3481 2552 αὐτὸν
3542 2499 3849 2571 θεραπείαν

2264 2590 2593 2651 ἐπιδεικνύς.
2638 2588 2836 2657 Δανιὴλ
2871 2590 3050 2643 τοίνυν
3093 2590 3169 2643 ὢν
3209 2593 3266 2645 ἐν
3298 2592 3523 2664 τοιαύτῃ
3563 2598 3696 2665 τιμῇ
3752 2575 3850 2651 καὶ

2262 2682 2490 2751 λαμπρᾷ
2522 2680 2730 2751 σπουδῇ
2760 2681 2912 2750 παρὰ
2943 2682 3020 2751 τῷ
3050 2684 3283 2752 Δαρείῳ,
3323 2686 3482 2754 μόνος
3509 2703 3569 2738 τε
3600 2686 3851 2756 σύμὸου-

2262 2773 2351 2835 λος
2385 2772 2533 2843 αὐτῷ
2565 2773 2926 2843 ἐχρημάτισε,
2960 2778 3056 2832 καὶ
3089 2778 3215 2839 τούς
3245 2777 3412 2828 αὐτοῦ
3444 2778 3637 2845 λόγους
3674 2779 3751 2842 ὥς
3794 2798 3849 2833 τι

2265 2864 2406 2918 θετον
2434 2865 2659 2936 ἔχοντας
2696 2869 2724 2920 ὀ
2766 2867 3017 2937 βασιλεὺς
3048 2868 3445 2939 ἀποδεχόμενος
3491 2865 3577 2939 ἦν.
3622 2872 3850 2942 Ἀμέλει

2264 2961 2355 3011 καὶ
2389 2958 2583 3027 φθόνος
2627 2960 2777 3028 αὐτῴ
2808 2962 3041 3029 ὐφεῖριιε
3077 2963 3227 3030 πσρὰ
3269 2963 3376 3015 τῶν
3410 2963 3477 3015 τὰ
3513 2964 3704 3034 πρῶτα
3749 2982 3853 3033 cpe-

2272 3055 2474 3124 ρόντων
2501 3057 2556 3106 ἐν
2587 3055 2805 3126 Μηδικῇ
2832 3071 2846 3086 ⁸
2882 3056 3207 3109 ἐϐάσκαινον
3252 3058 3360 3127 γὰρ
3384 3058 3533 3128 αὐτῷ
3562 3061 3609 3112 oi
3642 3064 3854 3132 σατρά-

2200 3176 2245 3233 C
2277 3162 2375 3198 παι
2436 3144 2938 3217 παρευδοκιμοῦντα
2986 3148 3219 3219 δρῶντες
3263 3149 3355 3202 καὶ
3388 3151 3630 3213 πλείονος
3658 3154 3853 3220 ἀξιού-

2279 3260 2437 3310 μενον
2458 3243 2555 3311 τῆς
2588 3243 2650 3296 ἐκ
2679 3241 2943 3309 βασιλέως
2976 3243 3276 3314 θεραπείας
3314 3262 3371 3297 τε
3402 3246 3496 3297 καὶ
3517 3249 3716 3317 τιμῆς·
3752 3252 3853 3317 καὶ

2268 3332 2558 3400 ζητοῦντές
2614 3332 2863 3401 διαόολῆς
2906 3313 3161 3404 ἀφορμὴν
3210 3337 3304 3387 καὶ
3352 3313 3705 3409 κατηγορίαὶς,
3749 3313 3852 3414 οίίκ

2267 3422 2548 3491 εὕρισκον·
2587 3425 2818 3494 παρεῖχε
2863 3424 2972 3495 γὰρ
2993 3425 3170 3477 αἰτίαν
3199 3426 3457 3499 οὐδεμίαν
3487 3432 3692 3494 αὐτοῖς,
3722 3433 3855 3487 ἐπεὶ

2266 3520 2361 3570 καὶ
2410 3517 2705 3588 χρημάτων
2752 3518 3025 3588 ἀνώτερος
3070 3514 3139 3591 ἦν
3188 3522 3283 3575 καὶ
3319 3523 3519 3585 παντὸς
3555 3523 3852 3594 λήμματος

2268 3610 2581 3678 ὑπερόπτης
2604 3625 2617 3639 ·
2653 3608 2904 3661 ἐντεῦθεν
2946 3610 3022 3671 ὡς
3067 3612 3219 3663 οὐδὲν
3264 3610 3407 3683 εἶχον
3436 3616 3614 3685 εὑρεῖν
3650 3617 3679 3668 ὃ
3711 3636 3852 3670 κατ-

2267 3704 2511 3764 ειπόντες
2536 3704 2701 3756 αὐτοῦ
2739 3704 2873 3771 πρὸς
2906 3704 2995 3757 τὸν
3020 3704 3246 3774 βασιλέα
3274 3705 3649 3777 ζημιώσουσιν
3681 3713 3853 3766 αὐτὸν

2269 3798 2349 3859 είς
2397 3797 2498 3866 τὴν
2537 3796 2668 3867 παρ’
2710 3796 2875 3849 αὐτοῦ
2926 3798 3113 3870 τιμὴν,
3148 3800 3347 3873 τρόπον
3389 3803 3548 3858 ἄλλον
3576 3803 3851 3875 ἐζήτουν,

2269 3894 2394 3946 καθ’
2414 3893 2473 3946 ὃν
2501 3892 2662 3945 αὐτὸν
2693 3892 2790 3961 τῆς
2827 3890 3115 3962 βασιλικῆς
3145 3894 3505 3965 ἐκστήσουσιν
3532 3896 3848 3967 εὐμενείας,

2280 3986 2547 4057 Ὀρῶντες
2578 3983 2671 4037 οὖν
2689 3985 2779 4035 τὸν
2810 3985 3009 4051 Δανιὴλ
3031 3987 3151 4053 τρὶς
3176 3986 3275 4053 τῆς
3301 3986 3515 4055 ἡμέρας
3542 3996 3847 4061 προσευχό.

2274 4094 2433 4146 μῖνον
2463 4076 2540 4144 τῷ
2568 4074 2710 4143 Θεῷ,
2740 4075 3015 4145 πρόφασιν
3048 4074 3291 4143 ἔγνωσαν
3327 4076 3644 4147 εὑρηκέναι.
3685 4080 3754 4133 δι’
3783 4076 3853 4151 ἦς

2270 4165 2419 4235 αὐτῷ
2478 4168 2878 4219 συσκευάσουσι
2934 4167 3034 4234 τὴν
3083 4168 3395 4221 ἀπώλειαν
3440 4170 3535 4221 καὶ
3588 4172 3730 4239 πρὸς
3758 4172 3853 4225 τὸν

2269 4260 2494 4327 Δαρεῖον
2543 4257 2791 4320 ἐλθόντες
2841 4259 3215 4325 ἀπήγγελλον,
3255 4258 3332 4321 ὡς
3381 4260 3493 4320 τοῖς
3537 4264 3853 4329 σατράπαις

2268 4348 2436 4404 αὐτοῦ
2472 4351 2604 4401 πᾶσι
2652 4350 2743 4400 καὶ
2774 4348 3009 4418 ἡγεμόσι
3040 4349 3262 4415 δόξειεν,
3295 4351 3388 4404 ἐπὶ
3418 4350 3633 4422 ἡμέρας
3689 4356 3855 4423 τριά-

2269 4459 2436 4494 κοντα
2495 4441 2701 4511 μηδένα
2756 4441 2865 4495 τῶν
2915 4445 3133 4497 πάντων
3186 4445 3515 4515 αἰτήσασθαί
3562 4464 3613 4498 τι
3679 4449 3857 4520 μηδὲν

596 4527 671 4582 tio
694 4527 917 4597 triginta
947 4526 1161 4579 dierum
1208 4526 1372 4578 ullam
1396 4527 1619 4578 omnino
1647 4534 1795 4592 petat
1820 4524 2161 4594 petitionem,

2274 4535 2504 4605 αἴτημα,
2542 4534 2677 4605 μήτε
2708 4535 3023 4606 παρὰ.Θεοῦ
3057 4538 3194 4606 μήτε
3235 4536 3386 4607 παρὰ
3423 4536 3741 4607 ἀνθρώπου,
3771 4542 3860 4594 ὃτι

596 4632 778 4687 neque
804 4633 834 4671 a
872 4617 982 4672 Deo
1013 4632 1191 4685 neque
1224 4616 1293 4671 ab
1326 4616 1574 4681 homine,
1617 4616 1722 4671 nisi
1755 4617 1824 4670 ab
1866 4617 1985 4686 ipso
2019 4634 2167 4688 rege.

591 4709 695 4773 Qui
726 4708 864 4762 hanc
887 4716 1068 4759 autem
1090 4709 1264 4775 legem
1292 4709 1459 4761 fuerit
1486 4718 1880 4779 transgressus,
1909 4711 1962 4763 in
1987 4710 2167 4764 lacum

594 4800 816 4853 leonum
858 4799 1173 4869 injiciatur,

665 4892 781 4946 XV.
822 4892 934 4944 Rex
984 4908 1114 4945 vero
1161 4907 1269 4944 non
1323 4892 1634 4963 intelligens
1676 4909 1870 4947 eorum
1919 4895 2170 4964 maligni-

595 4992 786 5047 tatem,
826 4998 926 5038 nec
981 4984 1268 5054 su5picans
1325 4999 1421 5040 eos
1477 4986 1593 5041 haec
1649 5001 1769 5040 esse
1828 4985 2170 5040 machinatos

595 5074 861 5126 adversus
898 5074 1200 5135 Danielem.
1245 5076 1412 5128 cessit
1463 5091 1655 5127 eorum
1700 5075 2073 5129 sermonibus.
2106 5074 2170 5131 Et

597 5164 689 5217 alii
726 5163 947 5232 quidem
997 5179 1186 5218 omnes
1232 5174 1510 5230 caventes,
1546 5181 1616 5219 ne
1648 5167 2170 5236 transgrederentur

602 5273 667 5313 ea
709 5271 829 5327 quae
864 5258 943 5311 eis
982 5257 1246 5327 imperata
1276 5246 1515 5323 ﬁierant,
1547 5259 1947 5329 quiescebant:
1980 5260 2169 5314 Daniel

595 5359 778 5403 autem
814 5352 918 5403 hoc
947 5348 1170 5403 minime
1201 5350 1427 5403 curabat
1458 5368 1471 5405 :
1501 5350 1621 5414 sed,
1644 5352 1788 5405 sicut
1811 5351 1861 5405 ei
1890 5366 2008 5404 mos
2031 5359 2169 5416 erat,

596 5453 752 5497 stans
783 5443 995 5495 orabat.
1019 5440 1159 5495 Hinc
1187 5457 1311 5495 eum
1343 5458 1468 5496 eum
1500 5443 1885 5498 observassent
1914 5453 2168 5513 satrapea,

595 5544 656 5588 et
692 5534 1040 5604 apparuisset
1069 5550 1155 5597 ea,
1196 5548 1359 5604 quam
1392 5535 1447 5586 in
1476 5536 1653 5604 ipsum
1698 5535 1993 5588 studebant
2026 5536 2170 5588 acci-

596 5640 749 5695 pere,
798 5629 1035 5691 occasio,
1063 5628 1244 5681 statim
1275 5636 1566 5690 venerunt,
1599 5626 1665 5681 ad
1697 5642 1897 5696 regem,
1923 5638 1975 5680 et
2006 5643 2171 5681 accu-

594 5726 789 5772 sarunt
846 5719 1149 5786 Danielem,
1184 5728 1245 5773 ut
1302 5720 1393 5789 qui
1458 5720 1605 5774 solus
1686 5721 2171 5790 transgrederctur

590 5828 655 5867 ea
680 5828 799 5883 qua!
828 5812 1045 5868 fuerant
1072 5814 1358 5883 imperata.
1382 5814 1516 5868 Nam
1544 5828 1668 5869 cum
1694 5814 1900 5879 nullus,
1926 5815 2167 5878 aiebant,

2276 4628 2350 4699 μὴ
2388 4629 2549 4697 μόνον
2577 4630 2728 4699 παρὰ
2764 4627 2882 4689 σοῦ,
2912 4625 3158 4696 βασιλεῦ,
3181 4626 3269 4680 τὸν
3283 4628 3338 4682 δὲ
3367 4630 3458 4684 τὸν
3484 4630 3645 4700 νόμον
3670 4648 3863 4702 παρα-

2274 4720 2544 4789 6ε6ηκότα
2575 4720 2764 4770 τοῦτον
2799 4720 2879 4781 είς
2907 4718 2998 4771 τὸν
3024 4720 3226 4773 λάκκον
3257 4722 3702 4791 ἐμόληθήσεσθαι
3740 4726 3862 4780 τῶν

2272 4808 2526 4865 λεόντων.
2769 4821 2774 4825 “

2344 4902 2444 4955 1Ε’.
2483 4901 2545 4955 Ὀ
2591 4900 2647 4954 δὲ
2689 4899 2942 4969 βασιλεὺς
2977 4902 3034 4953 οὐ
3072 4901 3298 4956 συνιδὼν
3349 4904 3449 4973 τὴν
3504 4908 3861 4979 κακουργίαν

2274 4991 2474 5055 αὐτῶν,
2506 4989 2613 5043 οὐδ’
2641 4991 2733 5041 ἐπ)⁸
2770 4992 2862 5042 τὸν
2889 4991 3088 5059 Δανιὴλ
3121 4994 3293 5045 ταῦτα
3325 5000 3863 5062 συσκευασαμένους

2274 5083 2603 5151 ὑπονοήσας,
2650 5076 2759 5143 εἶξε
2808 5084 2919 5144 τοῖς
2962 5082 3140 5135 αὐτῶν
3183 5082 3365 5151 λόγοις
3414 5088 3507 5138 καὶ
3550 5087 3864 5158 προτίθησι

2278 5176 2626 5244 πρόγραμμα
2658 5172 2855 5244 δηλοῦν
2889 5173 2966 5241 τῷ
2999 5173 3191 5245 πλήθει
3233 5177 3302 5230 τὰ
3331 5177 3558 5243 δόξαντα
3605 5182 3721 5243 τοῖς
3756 5198 3864 5236 σα-

2274 5267 2541 5335 τράπαις⁸
2576 5266 2673 5319 καὶ
2700 5268 2749 5319 οἱ
2782 5266 2882 5336 μὲν
2913 5266 3062 5319 ἄλλοι
3098 5268 3302 5331 πάντες
3345 5267 3749 5341 φυλαττόμενοι
3785 5277 3867 5329 τὰ

2276 5359 2732 5428 προστεταγμένα
2784 5358 2859 5428 μὴ
2898 5350 3485 5431 παραϐῆναιήρέμουν,
3527 5362 3605 5430 τῷ
3649 5366 3866 5437 Δανιὴλ

2273 5447 2331 5500 δὲ
2370 5448 2578 5502 τούτων
2621 5449 2842 5519 φροντὶς
2881 5451 3132 5521 οὐδεμία,
3176 5451 3291 5503 ἀλλ’
3317 5450 3506 5522 ὥσπερ
3537 5454 3657 5517 ἔθος
3700 5457 3867 5511 ίστάς

2280 5557 2440 5610 μενος
2477 5540 2679 5611 ηὔχετο
2700 5558 2711 5569 ·
2744 5541 2895 5593 ἐνθεν
2930 5560 3011 5596 τοι
3043 5544 3135 5597 καὶ
3160 5546 3655 5616 παρατηρήσαντες
3682 5547 3865 5601 αὐτὸν

2272 5631 2321 5684 οἱ
2381 5635 2683 5703 σατράπαι,
2718 5632 2818 5702 τῆς
2856 5634 3135 5703 ἀφορμῆς,
3173 5637 3240 5705 ἢν
3283 5636 3617 5702 ἐσπούδαζον
3662 5638 3869 5692 λαϐεῖν

2272 5725 2533 5779 ἐπάὐιὸν
2554 5724 2741 5795 ὥσπερ
2771 5727 3208 5796 παραφανείσης,
3236 5726 3397 5790 εὐθὺς
3428 5724 3562 5801 ἧκον
3590 5729 3727 5799 πρὸς
3753 5729 3866 5800 βα-

2273 5814 2424 5868 σιλέα
2455 5817 2548 5867 καὶ
2580 5816 2924 5887 κατηγόρουν
2972 5818 3046 5880 ὡς
3081 5817 3507 5888 παραϐαίνοντος
3550 5820 3715 5891 μόνου
3752 5824 3857 5876 τοῦ
