3972 6486
169 394 257 459 389

1179 399 1358 460 VITA
1405 398 1464 458 S.
1508 396 1935 457 ΡΒΟΡΗΕΤᾸΞ
1979 396 2363 456 DANIELIS.

3291 392 3399 456 390

168 509 337 580 Δανιὴλ
368 508 438 563 τά
473 508 930 581 προστεταγμένα
950 526 962 542 ε
997 509 1240 582 mam;
1263 511 1395 580 γὰρ,
1427 510 1582 580 φησὶ,
1618 511 1726 563 τῶν

1843 509 1970 563 ilius
2004 507 2233 563 auderet
2259 508 2392 563 deos
2424 521 2618 573 orare;
2649 506 2838 561 Daniel
2899 506 3003 561 hoc
3032 524 3142 563 non
3178 511 3296 568 vult
3325 513 3406 567 fa-

167 605 318 658 ιλλων
345 603 655 672 τολμῶντος
687 602 1085 674 προσεύχεσθαι
1118 606 1232 666 τοῖς
1268 603 1431 668 θεοῖς,
1466 603 1494 656 6
1521 604 1723 674 Δανιὴλ

1843 616 1950 655 rere
1986 618 2000 654 :
2031 610 2086 655 et
2110 602 2275 654 simul
2303 612 2559 669 tanquam
2582 601 2720 668 legis
2745 607 3230 671 transgressorem,
3255 605 3409 661 vole-

166 695 299 750 τοῦτο
319 697 581 766 πράττειν
603 696 666 747 οὐ
702 695 977 764 βούλεται,
1002 697 1094 748 καὶ
1128 696 1245 764 ἅμα
1277 695 1351 760 ὡς
1392 697 1724 767 παραϐάτην

1843 702 1957 748 iant
1983 709 2109 747 eum
2145 710 2211 748 ex
2241 695 2359 763 lege
2382 693 2490 764 jaci
2529 693 2583 746 in
2624 694 2804 747 lacum
2837 694 3080 749 leonum.
3109 695 3412 754 Conﬁdens

168 784 310 852 νόμου
337 782 524 851 ἠξίουν
554 783 694 835 κατά
725 785 814 836 τὸν
843 785 1004 850 νόμον
1040 785 1119 844 είς
1153 785 1245 837 τὸν
1276 784 1479 838 λάκκον
1515 786 1723 857 ἐμϐλη-

165 875 298 946 θῆναι
336 877 445 928 τῶν
483 875 738 929 λεόντων.
770 875 1066 946 Θαρρήσας
1097 877 1154 930 δὲ
1175 878 1203 930 6
1237 879 1484 946 Δαρεῖος,
1512 880 1595 931 ὅτι
1621 879 1720 950 ῥύ-

165 984 295 1021 σεται
342 968 403 1020 16
435 967 592 1021 Θεῖον
634 969 795 1022 αὐτὸν
826 971 918 1020 καὶ
950 970 1100 1022 οὐδὲν
1130 972 1193 1022 οὐ
1227 972 1388 1024 πάθοι
1412 972 1586 1024 δεινὸν
1619 973 1723 1026 ὑπὸ

1825 795 2008 841 autem
2041 788 2234 841 Darius
2279 785 2398 840 fore
2426 795 2486 840 ut
2512 787 2653 840 Dens
2679 802 2805 841 eum
2833 787 3097 854 eriperet,
3127 799 3182 844 et
3220 805 3249 844 a
3275 791 3410 847 l’eris

1831 880 1969 934 nihil
2021 895 2189 949 grave
2241 889 2547 950 pateretur,
2601 881 2767 949 jussit
2813 897 2940 934 eum
2994 882 3160 935 alacri
3221 885 3410 937 animo

1826 972 1974 1027 ferre
2005 973 2152 1042 quod
2184 972 2461 1028 acciderat
2490 990 2504 1028 :
2534 983 2588 1026 et
2609 972 2662 1026 in
2701 973 2881 1027 lacum
2916 976 3119 1043 injecto
3159 976 3408 1034 Daniele.

163 1059 255 1110 τών
299 1060 523 1130 θηρίων,
575 1060 858 1113 ἐκέλευσεν
897 1061 1061 1114 αὑτὸν
1107 1061 1359 1131 εὐθύμως
1401 1063 1463 1116 τὸ
1505 1063 1721 1132 συμϐάν

1843 1079 1955 1119 cum
1999 1066 2343 1134 obsignasset
2390 1079 2486 1116 rex
2539 1064 2800 1133 lapidem,
2859 1066 2952 1134 qni
3001 1075 3122 1119 erat
3167 1066 3300 1120 litus
3358 1067 3411 1122 in

165 1153 359 1219 φέρειν’
391 1154 486 1204 καὶ
520 1151 814 1220 βληθέντος
873 1157 950 1218 εις
1005 1154 1098 1208 τὸν
1129 1155 1331 1209 λάκκον
1369 1154 1463 1209 τοῦ
1503 1157 1724 1227 Δανιὴλ,

165 1243 450 1311 σφραγίσας
488 1243 581 1293 τὸν
628 1245 721 1297 επὶ
753 1244 848 1297 τοῦ
889 1246 1117 1317 στομίου
1164 1248 1418 1318 κείμενον
1464 1249 1587 1302 ἀντὶ
1631 1248 1731 1302 θύ-

1829 1157 1982 1210 aditu
2013 1157 2136 1210 loco
2168 1154 2320 1220 ostii,
2369 1156 2620 1217 recessit,
2675 1164 2844 1210 totam
2883 1167 3104 1211 noctem
3143 1159 3414 1215 insomnis

1832 1249 2168 1318 transigens,
2200 1257 2261 1306 ut
2288 1249 2382 1320 qui
2413 1257 2766 1318 premeretur
2801 1264 2935 1302 cura
2969 1249 3036 1302 de
3063 1249 3314 1304 Daniele.

166 1350 248 1404 ρας
289 1335 435 1387 λίθον
483 1339 511 1388 6
542 1334 820 1404 βασιλεὺς,
865 1341 1232 1413 ἀνεχώρησεν,
1267 1343 1400 1415 ὅλην
1422 1342 1522 1416 την
1557 1342 1726 1397 νύκτα
1765 1342 2044 1410 διαγαγὼν
2107 1343 2335 1405 ἀῦπνος,
2371 1341 2617 1412 φροντίδι
2646 1343 2711 1410 τῇ
2742 1340 2870 1411 περὶ
2897 1341 2990 1393 τὸν
3054 1342 3253 1413 Δανιὴλ
3290 1359 3413 1396 συν-

163 1429 396 1496 εχόμενος
407 1468 422 1482 .

223 1517 329 1586 ις’.
367 1521 506 1575 Μεθ’
541 1523 757 1594 ἡμέραν
809 1526 866 1580 δὲ
924 1527 1186 1594 ἀναστὰς,
1228 1530 1321 1582 ἐπὶ
1381 1530 1473 1586 τὸν
1522 1532 1746 1585 λάκκονι

161 1605 272 1681 ἦλθε
313 1616 404 1668 καὶ
434 1617 754 1690 σωζομένην
803 1623 902 1692 τὴν
930 1623 1208 1692 σφραγῖδα
1239 1623 1438 1695 εὑρὼν.
1547 1641 1728 1695 σημη-

165 1703 370 1772 νάμενος
418 1709 515 1762 τὸν
549 1710 699 1762 λίθον
741 1713 1147 1778 καταλελοίπει,
1195 1716 1415 1780 ἀνοίξας
1463 1714 1725 1786 ὀνομαστί

162 1811 210 1847 τε
236 1799 319 1852 τὸν
344 1801 545 1870 Δανιὴλ
575 1803 764 1856 ἐκάλει
790 1792 904 1858 καῖ’
924 1805 1312 1860 διεπυνθάνετο
1343 1809 1458 1875 εῐγε
1504 1809 1597 1861 καὶ
1630 1806 1726 1860 νῦν

163 1887 406 1954 σώζοιτο⁶
452 1893 547 1944 τοῦ
577 1893 635 1945 δὲ
683 1895 927 1950 κάτωθεν
958 1898 1374 1962 ὑπακούσαντος
1419 1901 1514 1953 καὶ
1556 1900 1726 1972 μηδὲν

163 1980 335 2032 παθεῖν
377 1984 632 2046 είπόντος
675 1988 920 2057 ἀνιαρὸν,
953 1989 1243 2042 ἐκέλευσεν
1287 1991 1450 2044 αὑτὸν
1492 1992 1724 2045 ἀνελκυ-

165 2072 338 2140 σθῆναι
367 2073 464 2126 τοῦ
497 2074 704 2129 λάκκου
724 2093 740 2109 ·
771 2079 818 2130 οῖ
843 2078 900 2131 δὲ
929 2079 1114 2149 ἐχθροὶ
1140 2080 1469 2150 θεασάμενοι
1501 2081 1593 2135 τὸν
1623 2085 1726 2135 Δα⁶

163 2165 265 2234 νιὴλ
301 2167 470 2236 μηδὲν
502 2170 810 2223 πεπονθότα
839 2171 1038 2236 δεινὸν,
1064 2171 1142 2229 Οὐ
1173 2176 1274 2244 μὲν
1299 2170 1416 2239 οὖν,
1448 2176 1656 2244 ελεγον,
1681 2169 1726 2230 ὦ

159 2254 384 2324 βασιλεῦ,
413 2261 505 2313 διὰ
533 2261 594 2313 τὸ
624 2261 780 2316 Οεῖον
816 2265 910 2318 καὶ
935 2269 1035 2338 τὴν
1072 2267 1264 2322 τούτου
1288 2270 1547 2340 πρόνοιαν
1571 2263 1728 2334 οὗτος

163 2352 439 2415 σέσωσται,
473 2354 610 2409 ἀλλά
639 2357 718 2427 τῷ
748 2358 873 2421 τοὺς
905 2359 1126 2424 λέοντας
1155 2364 1592 2432 κεκορεσμένους
1627 2365 1728 2416 ὐπ-

160 2446 330 2513 άρχειν
355 2448 590 2517 τροφῆς.
651 2450 823 2503 Τοῦτο
880 2453 1082 2506 ἐκεῖνοι
1140 2455 1241 2521 μὲν
1290 2454 1371 2507 ἔτι
1424 2455 1728 2523 βασκανίας

162 2536 438 2606 ἡττημένοι
471 2535 648 2594 εἶπον.
704 2542 762 2594 ’0
795 2541 1052 2610 βασιλεὺς
1075 2541 1130 2594 δὲ
1158 2544 1395 2613 μισήσας
1425 2546 1524 2613 τῆς
1555 2563 1726 2615 πονη-

163 2628 268 2698 ρίας
300 2633 525 2694 αὐτοὺς,
559 2631 982 2702 παραϐληθῆναι
1014 2633 1113 2701 μὲν
1148 2632 1320 2686 πολλά
1362 2633 1573 2686 κελεύει
1613 2637 1728 2698 τοῖς

163 2719 326 2771 λέουσι
386 2725 554 2790 κρέα,
610 2723 993 2791 κορασθέντων
1032 2723 1089 2777 6k
1125 2725 1328 2784 αὐτῶν.
1363 2726 1443 2787 είς
1473 2725 1563 2777 τὸν
1593 2725 1728 2778 λάκ-

161 2828 240 2863 κον
267 2813 612 2884 ὶμσληθῆναι
629 2816 756 2878 τοὺς
789 2816 878 2870 διὰ
911 2819 1101 2886 μίσους
1131 2817 1222 2871 τὸν
1251 2817 1450 2890 Δανιὴλ
1478 2818 1725 2890 ἔχοντας,

161 2903 288 2967 ὅπως
319 2908 366 2957 εί
395 2907 489 2961 διὰ
517 2908 680 2976 κόρον
709 2907 891 2970 αὐτοῖς
920 2910 982 2961 οὐ
1026 2910 1388 2981 προσέξουσιν
1422 2912 1472 2964 οῖ
1513 2913 1728 2976 λέοντες

161 2997 324 3064 μάθοι.
351 3000 537 3067 Σαφὲς
566 3001 621 3052 δὲ
655 3001 872 3067 ἐγένετο
927 3002 1007 3068 τῷ
1053 3004 1290 3072 Δαρείῳ,
1316 3005 1401 3058 ὅτι
1436 3004 1556 3058 θεία
1607 3004 1728 3078 χεὶρ

1914 1529 2050 1584 XVI.
2096 1527 2233 1584 Cum
2261 1535 2468 1592 autem,
2499 1533 2787 1596 postquam
2811 1525 2929 1580 dies
2953 1534 3121 1588 esset,
3141 1527 3415 1582 surrexis-

1834 1632 1940 1680 set,
1964 1620 2114 1672 venit
2131 1621 2198 1672 ad
2223 1618 2401 1672 lacum
2425 1634 2437 1669 :
2463 1626 2662 1672 etcum
2679 1615 2888 1669 salvum
2913 1615 3414 1683 invenissetsigna-

1831 1711 2039 1772 culum,
2058 1725 2170 1778 quo
2191 1710 2492 1777 reliquerat
2513 1708 2859 1776 obsignatum
2883 1706 3117 1776 lapidem
3138 1706 3414 1776 aperiens.

1833 1802 2163 1856 nominatim
2215 1801 2431 1854 vocavit
2493 1800 2798 1858 Danielem.
2828 1808 2883 1851 et
2927 1799 3158 1866 rogavit,
3192 1814 3261 1851 an
3317 1798 3418 1852 αύ-

1838 1892 1948 1946 huc
1986 1900 2136 1946 esset
2169 1891 2373 1944 salvus.
2409 1890 2548 1944 Cum
2583 1888 2676 1942 ille
2711 1903 2844 1942 vero
2877 1889 3092 1942 inferne
3126 1889 3416 1951 audiisset,

1834 1995 1891 2038 et
1927 1985 2158 2040 dixisset
2192 1999 2250 2038 se
2286 1982 2424 2036 nihil
2468 1981 2764 2036 molestum
2809 1996 2930 2035 esse
2977 1996 3226 2050 passum,
3254 1981 3419 2051 jussit

1832 2090 1960 2128 eum
1992 2075 2208 2128 extrahi
2244 2090 2274 2127 e
2309 2075 2453 2128 lacu.
2494 2073 2630 2126 Cum
2678 2073 2957 2128 vidissent
2985 2083 3169 2128 autem
3203 2074 3418 2128 inimici

1833 2163 2118 2218 Danielem
2152 2163 2291 2216 nihil
2321 2163 2449 2216 mali
2484 2163 2655 2218 fuisse
2680 2178 2925 2233 passum.
2963 2164 3081 2218 Non
3114 2163 3240 2228 luit,
3268 2166 3421 2220 dice-

1835 2255 1988 2322 bant,
2011 2256 2111 2310 iste
2138 2266 2507 2310 conservatus
2533 2265 2759 2325 propter
2777 2256 2952 2310 Deum
2976 2265 3030 2310 et
3057 2268 3283 2326 propter
3298 2259 3420 2325 ejus

1836 2349 2208 2420 providentia.
2243 2349 2339 2404 sed
2387 2350 2534 2419 quod
2564 2351 2754 2408 leones
2797 2359 2986 2404 essent
3029 2340 3155 2403 cibo
3207 2350 3415 2404 satiati.

1838 2442 1952 2498 Hac
1981 2443 2059 2496 illi
2085 2443 2308 2512 quidem
2334 2443 2614 2507 dicebant,
2635 2443 2769 2497 victi
2801 2443 2870 2498 ab
2895 2443 3117 2497 invidia.
3141 2441 3256 2496 Rex
3288 2459 3420 2498 vero

1836 2536 1966 2590 odio
2014 2536 2225 2590 habens
2271 2552 2464 2590 eorum
2515 2538 2952 2604 imprdbitatem,
2997 2539 3155 2607 jubet
3189 2538 3420 2606 quidem

1837 2629 2041 2681 multas
2070 2642 2268 2681 carnes
2309 2629 2474 2696 objici
2511 2629 2807 2682 leonibus:
2839 2642 2964 2682 cum
3002 2629 3037 2681 ii
3070 2640 3252 2682 antem
3286 2630 3420 2682 fuis-

1834 2731 1957 2775 sent
1988 2723 2194 2788 satiati,
2221 2737 2317 2776 eos
2345 2723 2400 2776 in
2428 2723 2606 2776 lacum
2638 2722 2810 2794 injici,
2860 2723 2954 2793 qui
2982 2724 3110 2778 odio
3141 2724 3421 2779 habebant

1835 2814 2140 2880 Danielem,
2177 2827 2240 2870 ut
2268 2817 2458 2881 sciret,
2490 2832 2557 2870 an
2589 2826 2819 2887 pr0pter
2845 2816 3158 2871 satietatem
3186 2832 3282 2871 eos
3309 2832 3420 2872 non

1838 2919 2131 2978 tangerent
2173 2909 2383 2964 leones.
2430 2909 2664 2963 Planum
2703 2924 2837 2963 vero
2870 2908 3075 2961 factum
3108 2918 3193 2961 est
3234 2906 3418 2972 Dario,

1835 2999 2006 3054 fuisse
2058 3000 2301 3054 divinam
2366 3017 2608 3062 manum,
2647 3017 2770 3069 quae
2816 3001 3059 3056 servavit
3115 3001 3422 3064 Daninlem,

159 3085 216 3158 ἦν
252 3095 280 3161 ἡ
313 3093 405 3143 τὸν
446 3093 654 3161 Δανιὴλ
699 3090 945 3160 σώσασα,
973 3084 1443 3165 παρασληθέντων
1477 3099 1576 3169 ἤδη
1617 3102 1730 3160 τοῖς

1843 3111 1966 3150 cum
2012 3094 2201 3166 injecti
2240 3093 2478 3148 fuissent
2511 3106 2782 3163 satrapae;
2839 3094 2976 3146 nulli
3028 3095 3176 3148 enim
3225 3110 3422 3147 eorum

160 3181 351 3250 θηρίοις
384 3184 497 3236 τῶν
523 3185 820 3253 σατραπῶν
842 3201 854 3214 ·
887 3186 1100 3249 οὐδενὸς
1127 3189 1235 3258 γὰρ
1255 3187 1438 3242 αὐτῶν
1461 3189 1521 3241 τὸ
1555 3191 1731 3260 παρά-

162 3292 253 3327 παν
282 3277 592 3345 ἐφείσαντο.
628 3276 767 3330 ἀλλὰ
800 3280 1008 3341 πάντας
1041 3279 1242 3342 αὐτοὺς
1269 3280 1420 3345 δνυξι
1453 3281 1548 3334 καὶ
1579 3282 1732 3336 6606-

161 3385 233 3420 σιν
277 3372 438 3432 εὐθὺς
509 3370 880 3442 διεσπάραξαν
931 3390 990 3430 τε
1019 3375 1113 3428 καὶ
1167 3374 1335 3443 βοράν
1375 3376 1730 3448 ἐποιήσαντο,

161 3460 391 3532 καθάπερ
436 3461 522 3532 τῷ
551 3463 698 3532 λιμῴ
736 3469 1038 3532 κάμνοντες
1070 3468 1163 3516 καὶ
1187 3466 1396 3535 τροφῆς
1436 3464 1733 3535 ἀστοχοῦν-

160 3565 254 3613 τες.
291 3557 723 3622 Διαφθαρέντων
771 3552 863 3606 οὖν
894 3555 1037 3607 οὓτω
1092 3554 1201 3606 τῶν
1232 3557 1737 3609 ἐπιϐουλευσάντων

161 3661 224 3713 τῳ
252 3651 473 3718 Δανιὴλ,
509 3650 534 3699 6
571 3647 829 3716 βασιλεὺς
860 3648 1088 3715 Δαρεῖος
1121 3646 1291 3715 ἄνδρα
1322 3649 1586 3715 φρόνιμον
1609 3649 1736 3699 ἑαυ-

160 3741 235 3790 τὸν
263 3741 484 3801 δεικνὺς
533 3741 629 3790 καὶ
675 3739 998 3807 πειθόμενον
1042 3737 1296 3810 ἀληθείᾳ,
1331 3739 1622 3809 πράγμασι
1674 3757 1736 3793 τε

161 3838 399 3904 ςανεροίς
450 3834 552 3885 καὶ
589 3832 1033 3902 ἀναντιρῤήτιις,
1063 3832 1184 3884 καθ’
1215 3833 1348 3900 ὃλην
1385 3832 1602 3900 επεμψε
1635 3833 1737 3902 τὴν

160 3931 323 3998 χώραν
357 3931 608 3982 ἐπαινῶν
638 3929 724 3981 τὸν
753 3926 981 3988 Θεὸν,ὃν
1009 3927 1039 3978 6
1063 3923 1263 3995 Δανιὴλ
1291 3929 1612 3996 προσκυνεῖ,
1642 3927 1739 3979 καὶ

163 4026 306 4086 μόνον
357 4024 532 4073 αὑτὸν
582 4015 723 4070 εἶναι
780 4018 969 4087 ἔλεγεν
1020 4017 1198 4087 ἀληθῆ
1258 4019 1352 4071 καὶ
1384 4017 1469 4070 .τὺ
1520 4019 1738 4072 πάντων

157 4115 330 4179 έχοντα
384 4117 596 4182 κράτος
631 4128 644 4140 ·
679 4111 804 4182 ἔσχε
858 4109 913 4163 δὲ
959 4112 1055 4164 καὶ
1097 4110 1191 4161 τὸν
1222 4110 1419 4179 Δανιὴλ
1454 4110 1540 4160 διὰ
1569 4108 1738 4178 τιμῆς

156 4208 313 4260 οὐδενὶ
344 4208 502 4278 sua.
541 4205 959 4275 παραπλησίας,
990 4205 1207 4272 πρῶτον
1250 4201 1413 4253 αὑτὸν
1442 4200 1734 4264 ἀποδείξας

156 4301 250 4350 τὼν
292 4300 511 4369 φίλωνο
574 4294 820 4360 συνῆσαν
869 4291 925 4343 δὲ
975 4291 1124 4360 αὑτῴ
1177 4292 1271 4360 καὶ
1303 4293 1350 4345 οἱ
1388 4293 1594 4359 ἑταῖροι
1643 4292 1741 4342 καὶ

159 4395 468 4458 συγγενεῖς,
532 4387 584 4438 οῖ
653 4386 786 4453 περὶ
857 4383 1119 4455 Ἀζαρίαν
1181 4385 1369 4452 φημὶ,
1431 4382 1526 4433 καὶ
1583 4381 1740 4433 αὐτοὶ

1837 3191 2066 3245 omnino
2110 3196 2520 3258 pepercerunt:
2559 3187 2654 3244 sed
2688 3201 2785 3240 eos
2827 3200 3022 3240 omnes
3054 3186 3338 3258 unguibus
3365 3195 3423 3242 et

1836 3281 2104 3336 dentibus
2139 3283 2400 3350 protinus
2435 3281 2856 3351 discerpserunt
2889 3290 2946 3335 et
2989 3283 3426 3346 devoraverunt,

1836 3373 2072 3445 perinde
2109 3388 2173 3427 ac
2193 3374 2237 3427 si
2269 3373 2411 3427 fame
2446 3374 2762 3427 laborarent
2797 3385 2852 3427 et
2881 3375 3141 3426 alimento
3170 3385 3422 3443 egerent.

1835 3466 1975 3522 Cum
2018 3465 2055 3520 ii
2103 3481 2233 3538 ergo
2279 3465 2656 3532 interiissent,
2706 3465 2799 3536 qni
2843 3464 3055 3519 Danicli
3094 3480 3426 3536 paraverant

1839 3560 2092 3625 insidias,
2151 3562 2264 3615 Rex
2322 3560 2522 3615 Darius
2574 3559 2816 3628 scipsnm
2887 3561 3190 3614 ostendens
3243 3560 3426 3614 virum

1839 3652 2174 3720 prudentem
2211 3661 2265 3704 et
2307 3656 2590 3718 parentem
2625 3650 2869 3713 veritati,
2901 3655 3179 3720 rebusque
3219 3652 3429 3720 apertis

1839 3751 1896 3797 et
1924 3751 2116 3796 contra
2164 3756 2302 3811 quas
2331 3742 2468 3793 nihil
2514 3741 2622 3793 dici
2661 3751 2891 3808 poterat,
2929 3740 3078 3793 misit
3127 3755 3226 3808 per
3254 3745 3429 3794 totam

1842 3835 2149 3905 regionem,
2183 3833 2414 3887 laudans
2440 3832 2635 3895 Deum,
2668 3848 2833 3901 quem
2877 3831 3071 3885 adorat
3114 3831 3340 3887 Daniel:
3370 3843 3427 3887 et

1843 3943 1970 3982 eum
2019 3929 2201 3981 solum
2249 3927 2472 3981 dicebat
2506 3943 2630 3982 esse
2668 3943 2883 3991 verum,
2922 3936 2976 3980 et
3007 3929 3099 3996 qui
3147 3928 3199 3980 in
3236 3942 3434 3982 omnes

1845 4019 2061 4075 obtinet
2109 4021 2474 4073 dominatum.
2524 4020 2771 4072 Habebat
2817 4028 2998 4072 autem
3049 4020 3326 4072 Danielem
3373 4022 3431 4073 in

1846 4114 2041 4183 majori
2073 4113 2305 4176 honore,
2343 4125 2508 4180 quam
2541 4110 2712 4165 ullum
2749 4109 2939 4174 alium,
2975 4111 3275 4167 ostendens
3300 4127 3429 4165 eum

1844 4221 1965 4262 esse
2005 4206 2246 4276 primum
2281 4222 2349 4261 ex
2379 4206 2591 4260 amicis.
2634 4206 2809 4259 Simul
2842 4221 2975 4259 vero
3016 4221 3141 4258 cum
3177 4221 3244 4259 eo
3271 4215 3434 4260 erant

1843 4300 2008 4355 etiam
2043 4300 2260 4368 cognati
2309 4317 2321 4350 :
2368 4299 2616 4360 Azarias,
2657 4300 2904 4365 inquam,
2938 4312 3062 4349 cum
3100 4300 3336 4359 caeteris,
3373 4296 3428 4348 in

1844 4407 1984 4462 quos
2037 4398 2094 4445 et
2142 4405 2241 4459 par
2288 4397 2407 4443 erat
2450 4389 2696 4443 studium
2747 4389 2912 4458 regis,
2959 4399 3016 4443 et
3063 4388 3120 4442 in
3164 4390 3281 4458 pari
3334 4404 3432 4445 eos

155 4487 338 4550 ὁμοίως
367 4485 472 4551 τῆς
515 4482 644 4548 fon;
679 4477 830 4548 αὐτῷ
858 4480 954 4530 καὶ
986 4476 1244 4545 προνοίας
1275 4477 1368 4528 καὶ
1397 4477 1561 4545 τιμῆς
1607 4476 1733 4528 ἀπο-

1852 4485 2061 4539 bonore
2103 4481 2365 4537 habebat.

157 4592 423 4638 ιαυοντες.

217 4667 310 4725 lZ'.
347 4671 446 4722 Ὧν
476 4668 536 4720 δι
561 4665 736 4726 οὕτως
774 4662 1046 4732 ἐπίσημος
1093 4663 1190 4714 καὶ
1230 4660 1502 4730 λαμπρὸς,
1537 4659 1739 4730 ᾠκοδό-

159 4783 314 4837 μησεν
345 4769 407 4818 ἐν
451 4760 814 4821 Ἐκσατάνοις
850 4761 960 4819 τοῖς
1003 4757 1265 4838 Μηδικοῖς
1313 4754 1408 4806 καὶ
1454 4755 1615 4825 βᾶριν
1647 4756 1739 4806 εκ-

157 4855 540 4926 πρεπέστατόν
569 4869 626 4905 τι
678 4851 1121 4918 κατασκεύασμα
1153 4852 1248 4900 καὶ
1285 4849 1606 4917 θαυμασίως
1640 4864 1740 4899 πε-

158 4955 473 5020 ποιημένον,
528 4947 564 5015 ἣ
601 4949 763 5014 μέχρι
801 4943 962 5013 δεύρο
1020 4944 1120 5007 μὲν
1169 4941 1288 4992 ἔστι
1341 4939 1437 4992 καὶ
1467 4938 1736 5002 σώζεταιο

155 5050 249 5110 τοῖς
278 5047 334 5100 δὲ
380 5043 563 5114 ὁρῶσι
603 5039 754 5091 δοκεῖ
787 5037 1118 5107 προσφάτως
1161 5033 1608 5086 κατεσκευάσθαι
1643 5033 1738 5086 καὶ

155 5142 226 5194 ἐπ’
253 5143 427 5211 αὐτῆς
461 5136 708 5207 ἡμέρας,
740 5126 808 5204 ἧς
849 5131 1082 5192 ικαστος
1121 5128 1298 5198 αὐτὴν
1328 5129 1569 5198 ἱστορεῖ·
1598 5126 1743 5180 οὕτω

158 5233 552 5305 νίαῴνοαὺτῆς
597 5228 661 5283 τὸ
691 5226 886 5289 κάλλος
919 5226 1013 5279 καὶ
1047 5222 1303 5296 μηδαμοῦ
1343 5221 1657 5294 γεγηρακὸς
1682 5220 1742 5273 δν

159 5331 250 5383 ὑπὸ
279 5328 375 5382 τοῦ
405 5325 682 5380 τοσούτου
712 5321 908 5393 χρόνου
931 5318 1211 5388 φαίνεται.
1246 5316 1563 5370 Θάπτονται
1600 5314 1657 5367 δὲ
1684 5315 1744 5366 εν

157 5427 214 5495 τῇ
256 5423 416 5496 βάρει
461 5418 651 5488 ταύτῃ
679 5416 733 5469 οῖ
759 5431 818 5468 τε
852 5413 1053 5484 Μήδων
1088 5413 1184 5466 καὶ
1212 5409 1439 5481 Περσῶν
1476 5407 1740 5478 βασιλεῖς,

159 5522 240 5572 ιιι
262 5521 290 5572 6
321 5517 547 5584 ταύτην
585 5507 1028 5579 πεπιστευμένος
1071 5506 1326 5568 Ἰουδαῖός
1362 5505 1514 5557 ἐστιν
1542 5501 1741 5575 ἱερεύς.

169 5609 456 5683 Mm
509 5606 610 5661 καὶ
659 5603 834 5656 ταῦτα
862 5601 998 5674 πρὸς
1040 5599 1188 5664 λέξιν
1224 5599 1303 5659 τῶ
1347 5597 1587 5669 Ἰουδαίῳ
1620 5615 1747 5651 συν-

158 5705 427 5760 τέτακται.
468 5697 636 5756 ἐπεὶ
681 5695 740 5748 δὲ
775 5695 836 5748 οὐ
865 5693 1181 5766 θαυμαστὸς
1233 5693 1397 5763 μόνον
1430 5691 1679 5762 ὑπῆρχεν
1720 5693 1746 5744 6

161 5799 339 5874 Δανιὴλ
384 5798 607 5868 ἑτάρων
665 5788 913 5844 ἐπιλύειν
958 5789 1224 5858 ὀνείρους,
1259 5787 1397 5839 ἀλλά
1439 5787 1533 5840 καὶ
1564 5784 1746 5855 πο).λῴ

167 5897 350 5961 μᾶλλον
397 5884 892 5960 θαυμασιώτερος,
935 5883 1022 5951 ιφ’
1056 5876 1136 5943 οἷς
1166 5881 1328 5944 αὐτὸς
1374 5883 1584 5940 ἐκεῖνος
1607 5878 1750 5950 ὀρῶν

1915 4665 2083 4721 χνιι.
2109 4664 2247 4719 Cum
2281 4661 2327 4716 is
2352 4669 2536 4714 autem
2561 4667 2708 4714 esset
2737 4658 2970 4728 insignis
2997 4665 3052 4711 et
3078 4656 3431 4727 splendidus,

1851 4759 2128 4814 exstruxit
2163 4758 2216 4810 in
2248 4755 2476 4810 Medicis
2513 4755 2831 4815 Ecbatanis,
2870 4753 3088 4817 turrim,
3124 4753 3432 4822 pulcherri-

1849 4869 1998 4907 mum
2035 4851 2311 4920 quoddam
2349 4849 2644 4902 editicium
2676 4854 2732 4899 et
2765 4847 2968 4899 factum
3009 4845 3432 4910 admirabiliter,

1849 4963 1970 5019 qua:
2016 4949 2068 5000 in
2106 4947 2437 4999 hodiernum
2478 4957 2650 5011 usque
2685 4940 2830 4994 diem
2881 4950 3246 4990 conservatur
3288 4955 3300 4999 ;
3362 4939 3432 4990 iis

1849 5051 2032 5094 autem
2066 5039 2160 5108 qui
2195 5037 2402 5094 vident.
2432 5036 2651 5089 videtur
2681 5049 2858 5103 nuper
2886 5033 3055 5087 fuisse
3082 5044 3431 5096 constructa,

1849 5144 2019 5202 atque
2065 5133 2203 5183 deo
2250 5142 2318 5182 eo
2365 5128 2487 5197 ipso
2518 5129 2628 5190 die,
2674 5143 2785 5196 quo
2817 5128 2963 5180 illam
3018 5128 3215 5196 aspicit
3262 5144 3435 5182 unus-

1851 5226 2125 5297 quisque,
2179 5220 2290 5276 iam
2346 5237 2541 5275 recens
2592 5223 2712 5291 ejus
2767 5220 3157 5289 pulchritudo,
3207 5228 3264 5274 et
3313 5236 3438 5290 qua:

1852 5319 2083 5374 minime
2119 5315 2414 5370 consenuit
2462 5324 2614 5368 tanto
2653 5323 2924 5383 tempore,
2955 5313 3225 5366 cernitur.
3268 5311 3442 5383 Sepe-

1850 5411 2066 5465 liuntur
2090 5423 2223 5463 vero
2293 5407 2348 5459 in
2379 5406 2485 5460 hac
2510 5416 2661 5459 turre
2713 5420 2870 5476 reges
2897 5403 3179 5458 Medorum
3211 5413 3266 5457 et
3302 5404 3438 5458 Per-

1855 5519 2041 5560 sarum
2076 5511 2174 5557 :et
2209 5501 2254 5554 is
2302 5499 2392 5553 cui
2447 5515 2511 5553 ea
2561 5507 2647 5552 est
2716 5496 3032 5561 commissa,
3084 5503 3169 5549 est
3215 5495 3444 5550 Judams

1856 5597 2132 5654 sacerdos.
2183 5593 2307 5649 Haec
2343 5595 2412 5650 ab
2447 5592 2651 5661 Joseph
2690 5589 2882 5645 Judaao
2926 5589 2993 5642 ad
3025 5589 3256 5642 verbum
3301 5604 3438 5642 con-

1855 5693 2062 5761 scripta
2120 5696 2270 5743 sunt.
2344 5686 2617 5752 Quoniam
2672 5693 2856 5738 autem
2910 5698 3018 5737 non
3086 5682 3265 5736 solum
3333 5681 3443 5735 fuit

1856 5782 2206 5840 admirabilis
2260 5781 2316 5834 in
2371 5777 2653 5834 solvendis
2716 5777 2953 5830 aliorum
3020 5775 3289 5838 somniis,
3341 5774 3442 5828 sed

1862 5880 2023 5948 longe
2096 5873 2477 5932 admirabilior
2536 5869 2589 5924 in
2646 5869 2713 5923 iis
2764 5884 2888 5938 quae
2942 5868 3032 5923 ille
3105 5868 3222 5938 ipse
3278 5865 3439 5929 vidit,
