3972 6434
571 345 670 410 391

1873 331 2159 394 MENSIS
2198 327 2500 392 IULIUS.

3736 341 3842 405 392

562 473 744 531 opera:
778 453 1018 527 pretium
1047 460 1134 506 est
1180 449 1270 506 hic
1293 463 1517 518 quoque
1565 460 1755 502 eorum
1807 445 2146 507 meminisse,

2266 442 2574 511 ἐτύγχανεν,
2607 440 2758 506 ἀξιον
2779 440 3015 496 ἐνταῦθα
3043 443 3137 497 καὶ
3169 445 3296 516 περὶ
3321 445 3504 502 αὐτῶν
3522 452 3841 525 μνησθῆναι

562 564 620 607 et
649 548 961 611 ostendere,
1013 560 1177 617 quam
1222 552 1372 598 esset
1401 543 1522 613 ejus
1561 555 1718 596 mens
1761 555 1899 610 pura
1933 548 1990 594 et
2031 539 2146 592 Deo

563 645 748 714 digna.

634 733 822 789 XVIII.
854 729 897 784 A
927 745 1125 799 magno
1156 727 1262 782 hoc
1295 725 1588 796 propheta,
1619 740 1742 779 cum
1770 724 1951 778 adhuc
1979 724 2146 794 dege-

565 836 649 880 ret
693 825 936 878 Baltasar
1007 822 1058 874 in
1104 831 1249 874 terra
1294 817 1829 877 Clialdmorutn,visi
1862 827 2148 886 suntqua-

565 927 691 970 tuor
724 916 873 967 venti
901 911 1024 966 coeli
1057 912 1106 962 in
1140 925 1289 962 mare
1320 909 1558 971 inruere,
1590 915 1646 961 et
1673 917 1913 976 quatuor
1939 922 2146 976 magna:

563 1008 754 1062 bestia!
786 1022 850 1058 ex
883 1019 950 1058 eo
987 1005 1311 1067 ascendere,
1347 1017 1467 1071 qua:
1497 999 1883 1071 signiﬁcabant
1910 1011 2148 1069 quatuor

565 1116 762 1170 magna
808 1113 994 1168 regna.
1042 1097 1286 1163 Quarum
1322 1111 1429 1149 una
1464 1095 1689 1166 quidem
1721 1095 1838 1149 visa
1893 1096 1996 1148 fuit
2027 1104 2147 1148 tan-

566 1207 731 1262 quam
777 1192 970 1254 lerena,
1007 1200 1063 1243 et
1093 1191 1215 1260 ejus
1263 1204 1457 1258 penna:
1508 1197 1767 1259 tanquam
1814 1189 2032 1258 aquilae.
2073 1190 2146 1244 Ea

565 1283 920 1353 signiﬁcabat
993 1297 1224 1352 regnutn
1285 1280 1711 1356 Clialdasoruma
1753 1282 1890 1337 Ursa
1963 1291 2146 1335 autem

567 1372 830 1433 secunda,
878 1385 999 1440 quae
1033 1372 1085 1424 in
1122 1385 1216 1424 ore
1252 1371 1355 1424 tria
1401 1371 1642 1424 habebat
1672 1372 1846 1425 latera
1875 1390 1886 1424 :
1915 1373 2007 1425 cui
2045 1389 2147 1427 vox

567 1480 786 1533 quoque
814 1464 1165 1527 audiebatur,
1199 1464 1392 1518 dicens
1420 1484 1432 1518 :
1462 1463 1660 1534 Surge.
1695 1465 1921 1520 comede
1955 1481 2148 1520 carnes

568 1554 790 1614 multas,
829 1568 892 1606 ea
927 1552 1270 1621 signilicabat
1318 1568 1548 1621 regnum
1585 1552 1865 1607 Medorum
1914 1562 1971 1608 et
2020 1555 2151 1608 Per-

566 1661 774 1698 sarum.
817 1645 884 1698 Et
912 1645 1096 1705 tertia,
1127 1644 1332 1714 pardus
1359 1661 1372 1697 :
1399 1659 1520 1714 quae
1547 1644 1710 1699 etiam
1751 1645 2150 1699 ostendebatur

569 1736 782 1790 habens
818 1746 1058 1805 quatuor
1107 1750 1316 1805 pennas
1359 1735 1600 1790 volucris
1643 1752 1805 1805 supra
1853 1738 2023 1806 ipsam
2054 1758 2065 1792 :
2094 1746 2150 1792 et

2255 534 2350 585 καὶ
2375 533 2541 597 δεῖξαι
2576 535 2676 602 τῆς
2703 533 2798 586 τοῦ
2832 535 3029 606 ἀνδρὸς
3061 536 3304 601 διανοίας
3338 538 3399 591 τὸ
3441 542 3840 614 καθαρώτατόν

2255 640 2312 676 τε
2351 625 2441 676 καὶ
2470 625 2732 690 ἀξιόθεον.

2328 712 2434 770 1Η’.
2468 713 2672 770 Ὠπται
2699 719 2774 787 τῷ
2802 719 3024 790 μεγάλῳ
3039 721 3213 790 τούτῳ
3243 727 3522 798 προφήτῃ,
3548 728 3843 802 Βαλτάσαρ

2255 807 2338 860 [tt
2395 811 2454 860 ἐν
2494 811 2557 877 τῇ
2583 809 2693 860 τῶν
2746 810 3031 865 Χαλδαίων
3080 813 3379 881 διάγοντος,
3409 819 3534 880 τοὺς
3565 821 3844 890 τέσσαρας

2255 901 2493 970 ἀνέμους
2523 900 2620 954 τοῦ
2649 902 2878 970 οὐρανοῦ
2923 906 3332 974 προσσαλόντας
3364 913 3427 978 τῇ
3464 910 3714 985 θαλάσσῃ
3750 917 3844 967 καὶ

2255 995 2496 1062 τέσσαρα
2549 995 2712 1064 θηρία
2760 995 2976 1065 μεγάλα
3028 998 3123 1049 ἀπ’
3155 1000 3328 1070 αὐτῆς
3381 1003 3776 1069 ἀναϐαίνοντα,
3810 1007 3845 1059 ἃ.

2257 1086 2479 1150 καὶτὰς
2529 1088 2773 1156 μεγάλας
2829 1090 3105 1158 τέσσαρας
3159 1090 3444 1158 βασιλείας
3487 1097 3844 1164 αίνιττόμενα

2258 1176 2349 1248 ἦν,
2381 1176 2454 1232 ὧν
2483 1182 2580 1250 τὴν
2623 1181 2724 1249 μὲν
2745 1182 2878 1236 disci
2913 1183 3137 1236 λέαιναν
3166 1181 3369 1254 ὦφθαι,
3405 1193 3496 1243 καὶ
3526 1193 3709 1262 πτερά
3743 1194 3847 1246 αὑ-

2255 1279 2354 1342 τῆς
2376 1275 2508 1327 ὡσεὶ
2551 1276 2711 1329 ἀετοῦ
2735 1293 2746 1305 ·
2779 1279 2888 1329 τῶν
2921 1279 3204 1333 Χαλδαίων
3236 1282 3374 1352 αῦτη
3429 1285 3527 1355 τὴν
3561 1286 3849 1356 βασιλείαν

2259 1369 2658 1438 ὑπογράφουσα
2715 1365 2809 1440 ἦν·
2870 1371 3042 1442 ἄρκον
3099 1375 3155 1426 δὲ
3209 1375 3307 1445 τὴν
3366 1377 3646 1447 δευτέραν,
3715 1384 3847 1451 τρία

2258 1461 2470 1530 πλευρὰ
2494 1461 2726 1532 ἔχουσαν
2777 1465 2834 1516 ἐν
2886 1466 2963 1535 τῷ
2997 1468 3247 1537 στόματι,
3282 1472 3420 1538 πρὸς
3451 1474 3517 1542 ἡν
3561 1474 3658 1526 καὶ
3689 1476 3848 1544 φωνὴ

2258 1555 2491 1622 λέγουσα
2523 1555 2807 1625 διηκούετο
2830 1569 2847 1586 ⁸
2886 1558 3198 1627 Ἀνάστηθι,
3229 1562 3368 1627 φάγε
3399 1564 3609 1632 σάρκας
3637 1567 3851 1629 πολλὰς

2257 1677 2326 1688 -—
2349 1649 2487 1717 αὕτη
2525 1649 2624 1718 τὴν
2661 1651 2862 1719 Μήδων
2887 1650 2980 1703 καὶ
3009 1652 3116 1703 τῶν
3155 1654 3382 1722 Περσῶν
3414 1655 3719 1726 διῃνὶττετο
3742 1661 3849 1730 βα-

2261 1741 2468 1793 σιλείαν
2493 1755 2508 1772 ο
2536 1741 2630 1793 καὶ
2663 1743 2930 1810 πάρδαλιν
2963 1743 3063 1812 τὴν
3095 1745 3309 1814 τρίτην,
3344 1747 3470 1815 ἥτις
3515 1749 3608 1801 καὶ
3665 1753 3848 1821 πτερά

565 1827 624 1882 in
655 1843 719 1882 ea
759 1843 981 1898 quoque
1029 1827 1205 1882 bestia
1250 1828 1625 1882 cernebantur
1662 1839 1900 1897 quatuor
1945 1831 2143 1898 capita.

2266 1834 2500 1903 τέσσαρα
2529 1834 2778 1886 πετεινοῦ
2811 1837 3070 1906 ὑπεράνω
3096 1838 3266 1907 αὐτῆς
3294 1839 3568 1893 ἐδείκνυτο
3599 1841 3802 1911 ἔχουσα
3829 1859 3848 1876 ο

570 1920 820 1988 Regnum
860 1918 1178 1972 Graecorum
1215 1934 1314 1987 per
1349 1935 1468 1972 eam
1519 1918 1950 1988 signiﬁcabatur.
1999 1919 2150 1985 Quo-

569 2028 690 2066 rum
715 2012 1131 2078 potentissimos
1156 2026 1312 2081 reges
1342 2011 1481 2065 vidit
1505 2019 1694 2080 postea
1723 2013 1776 2064 in
1805 2011 1980 2066 forma
2005 2014 2148 2067 arie-

567 2105 639 2157 tis
672 2113 729 2156 et
781 2104 944 2157 hirci.
978 2104 1202 2156 Darium
1247 2102 1472 2172 quidem
1508 2112 1767 2172 tanquam
1800 2105 2052 2170 arietem,
2095 2106 2149 2160 in

570 2193 830 2247 omnibus
865 2203 1024 2248 terrm
1053 2195 1309 2264 partibus
1335 2209 1506 2248 eornu
1553 2204 1862 2264 petentem;
1911 2196 2150 2250 Alexan-

567 2284 730 2339 drum
763 2301 897 2340 vero
945 2296 1201 2355 tanquam
1249 2287 1466 2343 hircum
1497 2288 1551 2341 in
1591 2303 1718 2341 eum
1753 2289 2150 2357 insurgentem,

567 2385 624 2430 et
656 2375 867 2429 viribus
899 2392 961 2431 ac
1006 2376 1212 2445 impetu
1267 2376 1683 2429 conculcantem
1713 2386 1768 2430 et
1795 2386 2152 2445 prosternen-

569 2472 702 2523 tem.
757 2470 1020 2536 Quartam
1069 2479 1252 2525 autem
1302 2470 1532 2524 bestiam
1575 2472 1713 2526 vidit
1761 2474 2060 2528 terribilem
2096 2485 2151 2531 et

573 2560 928 2629 stupendam,
957 2569 1012 2615 et
1038 2561 1348 2615 mirandum
1376 2564 1430 2616 in
1471 2563 1694 2617 modum
1723 2565 1918 2619 fortem
1953 2585 1966 2620 :
1993 2569 2151 2639 cujus

567 2652 733 2707 ferrei
759 2654 980 2723 quidem
1009 2656 1222 2719 dentes,
1255 2672 1467 2725 ungues
1493 2665 1677 2710 autem
1723 2659 1886 2712 aenei.
1915 2660 1990 2712 Ea
2019 2676 2150 2714 vero

569 2746 867 2812 superabat
887 2762 1103 2812 omnes,
1133 2764 1253 2815 quae
1282 2748 1456 2816 ipsam
1486 2760 1908 2818 prmcesserant,
1935 2751 2150 2804 viribus

567 2845 624 2890 et
657 2837 886 2891 audacia
915 2854 928 2891 :
954 2838 1364 2908 excedebatque
1396 2847 1451 2893 et
1482 2841 1914 2906 comminuebat,
1939 2851 1994 2896 et
2021 2843 2151 2896 reli-

570 2941 708 2994 quas
739 2929 1103 2983 conculcabat
1148 2932 1400 2999 pedibus.
1426 2932 1527 2986 Per
1559 2932 1674 2988 haec
1701 2937 1904 2989 docens
1928 2951 2150 2989 manum

573 3020 974 3082 Romanorum,
1002 3036 1123 3089 qua:
1145 3023 1356 3090 jamdiu
1386 3031 1536 3077 tenet
1566 3025 1881 3092 imperium.
1912 3027 1971 3079 In
1996 3029 2154 3095 cujus

574 3106 755 3172 capite
800 3107 1186 3175 animadverti,
1235 3109 1412 3179 inquit
1456 3113 1747 3181 propheta,
1795 3114 1985 3169 decem
2031 3132 2146 3172 cor-

577 3209 684 3247 nua
719 3204 773 3247 et
804 3195 952 3251 aliud
985 3214 1204 3269 quoque
1231 3217 1483 3270 parvum,
1520 3205 1665 3272 quod
1697 3205 1842 3260 inter
1872 3223 1934 3260 ea
1965 3223 2155 3264 nasce-

577 3286 762 3350 batur,
794 3299 849 3342 et
885 3291 989 3342 tria
1022 3306 1087 3344 ex
1125 3293 1407 3361 prioribus
1437 3296 1711 3351 evellebat
1738 3299 2157 3356 radieitus.Jam

577 3377 727 3430 enim
761 3378 812 3428 iu
845 3378 964 3448 ipso
996 3379 1101 3435 ﬁne
1132 3382 1361 3438 Romani
1399 3385 1640 3455 imperii,
1673 3388 1820 3456 quod
1849 3403 2070 3444 secatur
2103 3392 2159 3444 in

581 3467 784 3522 multos
833 3471 1195 3540 principatus,
1237 3473 1374 3526 dicit
1426 3474 1650 3541 quidem
1703 3475 1818 3528 fore
1867 3486 1926 3529 ut
1969 3477 2158 3531 decem

581 3576 738 3631 reges
767 3561 931 3615 simul
963 3573 1278 3633 exsurgant.
1312 3564 1426 3617 Hoc
1467 3564 1613 3617 enim
1647 3566 1993 3635 signiﬁcabat
2024 3569 2162 3623 visio

578 3650 769 3703 decem
819 3666 1112 3718 cornuum,
1158 3654 1262 3706 tria
1293 3663 1476 3709 autem
1507 3670 1570 3709 ex
1603 3654 1688 3709 his
1720 3659 1904 3728 regnis
1931 3674 1958 3712 a
1993 3676 2161 3729 parvo

579 3739 674 3794 illo
701 3756 876 3797 cornu
911 3743 1162 3809 dissolvi,
1211 3746 1356 3816 quod
1404 3749 1668 3802 cernebat
1718 3749 1921 3804 habere
1970 3754 2162 3808 oculos

580 3835 845 3902 hominis,
883 3845 938 3890 et
975 3852 1036 3891 os
1063 3839 1502 3906 magniloquum,
1535 3848 1589 3890 et
1624 3850 2012 3907 superaturum
2043 3858 2162 3898 esse

580 3928 776 3980 vitium
809 3927 1056 3980 omnium
1088 3928 1368 3991 vitiorum,
1394 3943 1514 3997 quae
1548 3928 1703 3984 fuere
1728 3945 1758 3984 a
1789 3931 2009 3999 seculo,
2042 3949 2163 4004 quas

583 4017 806 4090 quidem
837 4029 1022 4088 aperte
1058 4019 1371 4090 signiﬁcant
1403 4021 1828 4078 Anticliristnm.

650 4114 787 4169 XIX.
825 4115 962 4169 Cum
998 4117 1078 4168 sic
1111 4132 1241 4185 ergo
1283 4118 1336 4167 in
1371 4117 1583 4170 visione
1630 4119 1788 4172 valde
1819 4120 2016 4175 fuisset
2065 4122 2162 4178 ad-

586 4207 861 4260 mirabilis
904 4207 1195 4277 propheta,
1243 4207 1381 4262 vidit
1424 4209 1589 4262 etiam
1624 4211 1892 4280 quosdam
1933 4213 2163 4270 thronos

585 4301 959 4371 intelligentes
1003 4303 1212 4370 positos
1245 4313 1300 4356 et
1341 4305 1863 4373 supramundanos:
1902 4317 1959 4363 et
1989 4309 2163 4364 Deum

589 4393 799 4463 gloriae,
833 4403 1092 4461 tanquam
1132 4396 1427 4463 Antiquum
1468 4397 1706 4459 dierum,
1735 4399 2160 4467 praesidentem:

2255 1927 2347 1977 καὶ
2379 1927 2646 1995 τέσσαρες
2665 1927 2720 1980 δὲ
2753 1927 2860 1979 τῶν
2890 1928 3095 1998 θηρίων
3129 1932 3366 1996 κεφαλαὶ
3407 1935 3764 2002 καθωρῶντο·
3812 1938 3845 2005 ἡ

2267 2018 2540 2086 Ἑλλήνων
2585 2020 2834 2088 βασιλεία
2868 2021 2935 2072 δι’
2963 2023 3138 2090 αὐτῆς
3168 2023 3441 2092 ἐδηλοῦτο·
3476 2021 3551 2078 ὧν
3586 2029 3715 2091 τοὺς
3753 2030 3852 2082 δυ-

2254 2115 2596 2175 νατωτάτους
2632 2114 2885 2181 βασιλέας
2935 2117 2992 2168 ἐν
3030 2115 3185 2184 κριοῦ
3222 2117 3314 2170 καὶ
3369 2118 3572 2187 τράγου
3630 2126 3845 2190 μορφῇο

2253 2207 2480 2272 Δαρεῖον
2511 2209 2609 2272 μὲν
2631 2201 2718 2258 οἷα
2752 2206 2906 2276 κριὸν
2938 2207 3078 2259 κατά
3111 2210 3286 2261 πάντα
3319 2212 3386 2261 τά
3425 2211 3567 2281 μέρη
3599 2213 3700 2280 τῆς
3733 2215 3842 2283 γῆς

2256 2296 2616 2365 κυρίττοντα·
2667 2296 2818 2366 αὐτῷ
2867 2299 2923 2351 δὲ
2975 2299 3068 2377 τὸν
3104 2301 3454 2372 Ἀλέξανδρον
3501 2302 3587 2358 οἶα
3629 2309 3841 2377 τράγον

2255 2389 2690 2457 ἐπανιστάμενον
2745 2394 2838 2442 καί
2871 2394 3015 2462 ὁρμῇ
3073 2391 3252 2463 ίσχύος
3297 2396 3686 2464 συμπατοῦντα
3745 2401 3846 2452 καὶ

2255 2479 2696 2533 καταϐάλλονταο
2727 2481 2786 2533 τὸ
2825 2483 3088 2551 τέταρτον
3133 2485 3188 2537 δέ
3225 2484 3415 2554 θηρίον
3457 2488 3690 2555 φοϐερὸν
3732 2485 3848 2542 εἶδε

2256 2573 2352 2623 καὶ
2377 2571 2659 2639 ἐκθαμσον
2692 2573 2786 2626 καὶ
2828 2576 3052 2646 ἰσχυρὸν
3086 2577 3340 2646 περιττὰ,
3383 2570 3444 2628 οὗ
3488 2580 3706 2648 σιδηροὶ
3744 2583 3852 2648 μὲν

2255 2664 2303 2712 οἱ
2328 2662 2562 2730 ὀδόντες,
2598 2665 2646 2716 οἱ
2672 2663 2857 2734 ὄνυχες
2889 2669 2944 2719 δέ
2967 2669 3074 2720 ἀπὸ
3103 2668 3328 2734 χαλκοῦ·
3357 2669 3637 2723 καὶτοῦτο
3670 2673 3852 2743 ὑπερ-

2257 2754 2479 2808 ϐάλλειν
2531 2757 2676 2824 ίσχύῖ
2705 2758 2782 2807 τά
2828 2759 2933 2824 πρὸ
2975 2756 3140 2808 αὐτοῦ
3177 2760 3352 2811 πάντα
3396 2760 3491 2812 καὶ
3528 2763 3848 2835 ίταμότητι,

2257 2849 2437 2901 ἐσθίον
2463 2849 2558 2899 καΊ
2591 2848 2856 2902 λεπτύνον
2879 2852 2972 2902 καὶ
3004 2851 3071 2904 τὰ
3108 2853 3368 2935 ἐπίλοιπα
3399 2857 3513 2920 τοῖς
3545 2859 3670 2911 ποσὶ
3691 2876 3847 2935 gutt-

2259 2937 2497 2992 πατοῦνο
2529 2939 2629 3009 τὴν
2660 2939 2784 3009 ἄρτι
2812 2925 3150 3013 κατέχουσαν
3181 2948 3339 3015 χεῖρα
3369 2948 3458 3001 διὰ
3483 2949 3671 3004 τούτου
3693 2925 3853 3008 διδα-

2263 3033 2530 3102 σκόμενος
2585 3034 2694 3086 τῶν
2731 3034 3059 3105 Ῥωμαίων·
3109 3031 3169 3090 οὗ
3221 3039 3358 3108 πρὸς
3399 3044 3464 3113 τῇ
3509 3045 3719 3116 κεφαλῇ
3749 3045 3854 3099 καὶ

2185 3169 2226 3225 C
2261 3125 2393 3179 δέκα
2443 3128 2649 3194 κέρατα
2697 3129 3050 3196 προσενόουν,
3080 3131 3248 3202 φησὶν
3289 3134 3316 3184 δ
3364 3137 3653 3206 προφήτης
3681 3153 3694 3167 ·
3750 3141 3853 3193 καὶ

2266 3218 2463 3289 μικρὸν
2488 3218 2618 3272 ἀλλο
2670 3222 2876 3288 μεταξὺ
2911 3229 3117 3274 τούτων
3148 3223 3418 3291 φυόμενον
3459 3226 3551 3278 καὶ
3572 3227 3700 3296 τρία
3731 3229 3849 3282 τῶν

2265 3311 2546 3378 προτέρων
2579 3309 2835 3376 ἐκριζοῦν
2858 3325 2874 3342 ο
2905 3311 3007 3381 ήδη
3039 3315 3148 3380 γὰρ
3171 3315 3260 3366 ἐπ’
3283 3314 3432 3384 αὐτῷ
3462 3317 3540 3384 τῷ
3565 3317 3710 3372 τέλει
3745 3323 3851 3391 τῆς

2277 3392 2567 3461 Ῥωμαίων
2600 3395 2777 3466 ἀρχῆς
2827 3399 2905 3459 εὶς
2932 3399 3274 3471 πολυαρχίαν
3312 3410 3804 3480 κατατεμνομένης
3829 3452 3850 3479 ,

2263 3485 2393 3540 δέκα
2429 3489 2528 3556 μὲν
2559 3489 2967 3561 ἀναστήσεσθαι
3014 3492 3257 3563 βασιλεῖς
3303 3497 3439 3566 ὁμοῦ
3483 3499 3652 3567 λέγει*
3685 3503 3854 3560 τοῦτο

2264 3580 2376 3648 γάρ
2407 3581 2437 3649 ή
2469 3579 2580 3634 τῶν
2607 3580 2738 3636 δέκα
2771 3587 3021 3655 κεράτων
3054 3588 3180 3657 ὄψις
3215 3590 3404 3660 ἐδήλου
3431 3608 3445 3622 ⁸
3473 3595 3622 3662 τρεῖς
3648 3594 3704 3648 δὲ
3735 3598 3853 3650 τῶν

2263 3673 2524 3726 τοιούτων
2552 3675 2845 3741 βασιλειῶν
2884 3678 2988 3729 ὑπὸ
3017 3679 3110 3731 τοῦ
3143 3683 3341 3751 μικροῦ
3370 3685 3600 3755 κέρατος
3630 3689 3853 3744 ἐκείνου

2265 3764 2662 3832 καταλυθῆναι,
2696 3765 2723 3816 δ
2754 3768 2848 3817 καὶ
2885 3768 3198 3834 ὀφθαλμοὺς
3229 3772 3374 3840 ἔχειν
3405 3775 3700 3843 ἀνθρώπου
3751 3783 3852 3835 καὶ

2269 3849 2446 3920 στόμα
2470 3851 2669 3906 λαλοῦν
2698 3855 2916 3925 μεγάλα
2957 3857 3051 3908 καὶ
3073 3857 3170 3926 τὴν
3195 3861 3395 3914 κακίαν
3426 3863 3649 3918 πάντων
3675 3869 3855 3941 ὑπερε

2265 3940 2435 3996 οίσειν
2462 3943 2571 3998 τῶν
2594 3943 2688 3998 ἀπ’
2714 3945 2911 4010 αίῶνος
2936 3947 3124 4001 κακῶν
3145 3948 3314 4020 ἑώρα,
3348 3953 3442 4007 τοῦ
3475 3940 3854 4029 Ἀντιχρίστου

2267 4035 2444 4090 ταῦτα
2475 4039 2757 4108 προδήλως
2789 4044 3124 4109 σημαντικὼ

2341 4120 2443 4176 ΙΘ’.
2476 4117 2602 4175 Ὧδε
2633 4128 2924 4195 τοιγαροῦν
2955 4130 3054 4199 τῆς
3083 4131 3540 4204 ὑπερφυεστάτης
3566 4139 3687 4203 ὅλος
3715 4141 3857 4212 ὁράο

2273 4231 2411 4279 σεως
2470 4215 2712 4285 γεγονὼς
2767 4219 2796 4270 ὁ
2853 4221 3163 4290 προφήτης,
3200 4224 3426 4295 ἐθεώρει
3474 4228 3568 4280 καὶ
3622 4231 3857 4300 θρόνους

2270 4305 2493 4378 νοερούς
2521 4324 2674 4367 τινας
2714 4307 2809 4360 καὶ
2840 4309 3247 4382 ὑπερκοσμίους
3282 4317 3602 4388 τιθεμένους
3635 4325 3731 4376 καὶ
3760 4328 3858 4379 τδν

2267 4397 2401 4451 Θεὸν
2433 4399 2532 4467 τῆς
2557 4398 2715 4470 δόξης
2751 4395 2840 4452 οἷα
2886 4401 3122 4457 Παλαιὸν
3156 4409 3376 4480 ἡμερῶν
3402 4413 3854 4485 προκαθήμενον,

583 4486 679 4554 qui
710 4499 797 4549 eo,
832 4485 976 4554 quod
1009 4488 1078 4540 sit
1128 4496 1255 4540 ante
1291 4489 1510 4554 saecula,
1545 4490 1624 4544 sic
1654 4490 1864 4545 videnti
1925 4494 2155 4549 voluerit

2266 4490 2341 4559 τῷ
2378 4490 2704 4558 προαιὼνιον
2736 4494 2899 4547 αὐτὸν
2935 4491 3095 4559 εἶναι,
3126 4499 3299 4563 οὕτως
3341 4503 3574 4575 ὀφθῆναι
3605 4507 3684 4579 τῷ
3726 4509 3853 4580 βλε-

584 4580 760 4633 videri
788 4597 802 4632 ι
828 4583 986 4650 cujus
1007 4580 1177 4634 etiam
1209 4581 1594 4636 indumentum
1626 4593 1746 4638 erat
1771 4586 1981 4651 album,
2017 4588 2164 4642 sicut

589 4677 681 4724 nix
729 4688 744 4725 :
787 4682 844 4725 et
896 4672 1127 4740 capillus
1178 4673 1300 4740 ejus
1349 4677 1682 4732 cernebatur
1731 4687 1991 4749 tanquam
2043 4681 2166 4736 lana

596 4777 758 4832 pura.
795 4763 940 4817 Nihil
977 4764 1122 4818 enim
1153 4765 1471 4830 obscurum,
1501 4767 1637 4822 nihil
1672 4770 1847 4835 triste,
1882 4771 2021 4825 nihil
2047 4788 2167 4826 sor-

587 4857 777 4911 didum
825 4857 968 4927 apud
1001 4874 1186 4913 veram
1223 4867 1282 4914 et
1326 4876 1574 4931 magnam
1606 4873 1660 4917 et
1691 4864 1923 4934 primam
1957 4865 2161 4922 lucem.

587 4948 729 5014 Quin
765 4948 930 5002 etiam
955 4949 1216 5004 thronum
1251 4968 1473 5022 quoque
1501 4954 1621 5024 ejus
1652 4954 1788 5008 dicit
1816 4957 2166 5026 apparuisse,

592 5048 850 5109 tanquam
875 5041 1148 5093 ﬂammam
1192 5043 1352 5112 ignis,
1383 5055 1436 5098 et
1487 5058 1635 5102 rotas
1677 5048 1859 5118 ignem
1899 5050 2160 5104 emitten-

589 5143 693 5197 tes,
739 5141 795 5186 et
829 5132 1053 5187 ﬁuvium
1108 5134 1249 5206 ignis
1293 5147 1417 5190 ante
1462 5153 1588 5193 eum
1640 5140 2003 5207 ﬁuentem,et
2037 5143 2168 5196 hor-

590 5222 766 5277 renda
811 5225 995 5278 omnia
1029 5235 1084 5280 et
1129 5210 1417 5291 terribilia,
1465 5239 1520 5282 et
1565 5231 1913 5286 admirabilia
1956 5234 2163 5297 omnia,

587 5323 644 5366 et
679 5329 799 5383 qua
832 5315 1001 5369 Deum
1050 5317 1336 5374 decebant.
1379 5320 1520 5374 Mille
1553 5324 1700 5375 enim
1735 5323 1925 5387 millia,
1961 5325 2164 5393 inquit,

590 5415 649 5459 et
680 5404 864 5459 decies
892 5408 1040 5461 mille
1076 5408 1248 5462 millia
1282 5411 1332 5463 'ei
1370 5412 1712 5477 assistentes,
1749 5415 1834 5484 pie
1865 5415 2163 5468 admodum

596 5493 1002 5548 ministrabant.
1032 5498 1236 5551 Deinde
1259 5515 1382 5554 cum
1405 5501 1648 5556 nubibus
1692 5514 1947 5574 tanquam
1969 5505 2167 5558 Filium

2270 4600 2426 4635 ποντι
2461 4581 2812 4654 βουληθέντα,
2868 4583 2928 4640 οὗ
2980 4591 3073 4641 καὶ
3124 4591 3185 4643 τὸ
3216 4591 3421 4664 ἔνδυμα
3459 4596 3676 4667 λευκὸν,
3716 4602 3853 4657 ὡσεὶ

2270 4675 2404 4746 χιὼν
2434 4677 2526 4729 καὶ
2552 4680 2649 4748 τὴν
2675 4680 2840 4748 τρίχα
2865 4680 2964 4747 τῆς
2997 4684 3240 4755 κεφαλῆς
3262 4688 3396 4740 ὡσεὶ
3426 4690 3572 4760 ἔριον
3603 4695 3852 4765 καθαρὸν

2269 4767 2536 4837 όρᾶσθαιυ
2579 4769 2731 4821 οὐδὲν
2757 4771 2864 4841 γὰρ
2892 4771 3165 4843 ἀλαμπὲς,
3210 4773 3382 4832 ὀὐδὲν
3431 4782 3678 4852 κατηφὲς
3726 4787 3852 4841 οὐδὲ

2272 4860 2462 4931 ῥυπῶν
2500 4861 2654 4929 παρὰ
2687 4863 2763 4932 τῷ
2806 4868 3028 4937 μεγάλῳ
3076 4869 3172 4921 καὶ
3215 4869 3459 4945 ἀληθινῷ
3503 4879 3596 4930 καὶ
3646 4882 3855 4950 πρώτῳ

2271 4952 2446 5021 φωτί·
2481 4952 2615 5006 ἀλλὰ
2643 4955 2734 5006 καλ⁸
2761 4956 2852 5008 τὸν
2881 4958 3070 5027 θρόνον
3092 4959 3257 5012 αὑτοῦ
3283 4963 3356 5026 ὼς
3388 4967 3559 5035 πυρὸς
3578 4964 3701 5022 εἷπε
3727 4973 3862 5040 φαί-

2271 5045 2458 5099 νεσθαι
2497 5044 2669 5111 φλόγα
2705 5048 2798 5099 καὶ
2833 5050 3062 5118 τροχοὺς
3093 5051 3204 5123 πῦρ
3235 5054 3499 5124 ἀφιέντας
3539 5063 3634 5110 καὶ
3682 5078 3859 5118 ποτα-

2275 5136 2374 5205 μὸν
2405 5135 2575 5204 πυρὸς
2605 5136 2918 5206 ἔμπροσθεν
2949 5142 3144 5210 ῥέοντα
3175 5145 3270 5197 καὶ
3295 5146 3472 5199 πάντα
3513 5149 3724 5220 φοϐερά
3757 5158 3857 5207 καὶ

2273 5227 2477 5296 φρικτὰ
2524 5229 2615 5280 καὶ
2647 5229 2824 5281 πάντα
2865 5229 3155 5298 θαυμαστά
3200 5236 3293 5287 καὶ
3321 5236 3634 5308 θεοπρεπῆ·
3678 5243 3857 5311 χίλιαι

2273 5322 2379 5392 γὰρ
2405 5319 2667 5390 χιλιάδες,
2697 5324 2850 5390 φησὶ,
2884 5325 2977 5377 καὶ
3010 5327 3201 5395 μυρίαι
3227 5331 3492 5399 μυριάδες
3522 5334 3672 5404 αὺτῷ
3705 5355 3856 5407 παρ-

2274 5413 2510 5465 εστῶσαι
2564 5414 2918 5478 πανευλαὸὠς
2952 5418 3349 5488 ἐλειτούργουν.
3389 5418 3523 5476 Εἶτα
3555 5427 3696 5494 μετά
3741 5430 3858 5482 τῶν

2275 5506 2511 5573 νεφελῶν
2556 5509 2630 5570 ὼς
2661 5509 2786 5560 Υἰὺν
2821 5510 3111 5580 ἀνθρώπου
3142 5510 3233 5565 τὸν
3265 5513 3392 5565 Υίδν
3419 5514 3720 5586 ἐρχόμενον
3756 5519 3857 5572 τοῦ

593 5584 852 5649 hominis,
892 5587 1088 5640 Filium
1121 5589 1212 5642 Dei
1242 5592 1378 5646 dixit
1411 5608 1468 5647 se
1505 5595 1708 5649 vidisse
1742 5599 2076 5662 venientem,
2115 5609 2155 5652 el

2273 5598 2409 5652 Θεοῦ
2451 5597 2603 5654 εἶπεν
2633 5602 2765 5670 όρᾷν
2812 5604 2907 5655 καὶ
2939 5601 3125 5655 τοῦτον
3152 5603 3278 5676 ἄχρι
3321 5603 3412 5657 τοῦ
3456 5584 3669 5673 Πατρὸς
3705 5609 3860 5663 ἰόντα

594 5692 720 5729 eum
755 5680 820 5732 ad
871 5680 1086 5738 Patrem
1133 5699 1306 5753 usque
1337 5695 1586 5751 euntem,
1620 5696 1676 5742 et
1713 5698 1969 5759 tanquam
2004 5691 2071 5744 ab
2105 5706 2155 5744 et

2276 5695 2369 5745 καὶ
2421 5692 2495 5757 ὠς
2540 5694 2825 5764 ἀγαπητὸν
2856 5695 3003 5765 αὐτῷ
3035 5697 3268 5767 ἐιτίμως
3309 5699 3732 5770 συνεδριάζοντα
3758 5708 3859 5758 καὶ

597 5770 888 5839 dilectum,
933 5789 1056 5828 cum
1092 5791 1158 5831 eo
1194 5775 1494 5833 honoriﬁce
1540 5779 1842 5847 sedentem,
1875 5793 1930 5837 et
1961 5784 2009 5838 ei
2047 5784 2162 5838 uui-

2276 5785 2446 5857 τούτῳ
2473 5789 2572 5857 τὴν
2597 5789 2722 5856 ὅλην
2747 5783 2992 5854 ἐξουσίαν
3025 5791 3118 5844 καὶ
3140 5793 3237 5860 τὴν
3265 5793 3546 5859 βασιλείαν
3574 5794 3684 5852 τῶν
3714 5798 3860 5852 πάνυ
