3972 6454
168 378 270 443 393

1231 395 1404 454 VITA
1447 391 1954 458 S.PROPHET£
1995 392 2378 456 DANIELIS.

3333 403 3439 468 394

173 515 278 549 των
316 499 608 569 διδομένην
648 501 741 555 καὶ
774 501 872 574 τὴν
898 506 1068 574 τιμήν
1093 518 1106 536 ’
1144 507 1204 560 ού
1244 508 1355 576 μὴν
1385 507 1520 560 ἀλλὰ
1548 507 1643 560 καὶ
1679 506 1744 577 βί¹

1863 503 2078 558 versam
2137 513 2465 574 potestatem
2520 517 2572 561 et
2626 523 2854 580 regnum
2911 513 3156 568 omnium
3214 514 3330 570 dari
3381 527 3441 573 et

169 587 329 650 Gitone
372 591 742 662 ἀνοιγομένας
796 598 888 649 καὶ
950 598 1155 668 κρύφια
1220 599 1602 669 φανερούμενα
1663 599 1757 652 καὶ

171 684 348 734 πάντα
384 684 575 751 γυμνὰ
637 685 715 755 τῷ
770 691 930 757 κριτῇ
990 689 1084 742 καὶ
1114 691 1587 762 τετραχηλισμένα
1618 709 1758 762 παρ·

172 773 381 826 εστῶτα
428 776 523 828 καὶ
547 778 659 829 τῶν
691 779 791 846 μὲν
821 780 997 835 ἄλλων
1034 781 1132 852 τὴν
1166 783 1415 848 ἐξουσίαν
1445 801 1756 853 καταργου-

174 866 345 933 μένην
395 869 492 921 καὶ
551 871 652 940 τὴν
687 872 884 940 ἀρχήν·
936 874 1112 926 ἐκεῖνο
1170 875 1226 928 δὲ
1276 876 1336 927 τὸ
1385 877 1756 946 πονηρότατον

168 956 358 1026 θηρίον
406 961 500 1014 καὶ
540 961 637 1033 τὴν
666 964 862 1016 κακίαν
901 965 1265 1034 ἀσύγκριτον,
1294 967 1324 1020 δ
1359 970 1452 1021 καὶ
1490 970 1578 1021 τὸν
1617 967 1756 1039 μετὰ

167 1049 275 1102 τῶν
307 1051 486 1117 ἁγίων
519 1055 788 1122 ἐτόλμησε
824 1056 1068 1126 πόλεμον.
1089 1060 1183 1112 καὶ
1209 1061 1384 1130 στόμα
1411 1061 1607 1114 λαλοῦν
1638 1057 1753 1131 εἶχε

165 1142 386 1207 μεγάλα
419 1142 877 1217 ἐξαναιρούμενον
907 1149 1004 1202 καὶ
1036 1151 1116 1212 είς
1155 1150 1348 1205 καῦσιν
1381 1155 1553 1222 πυρὸς
1589 1154 1755 1208 ἄσϐε-

168 1249 292 1284 στον
354 1238 877 1308 παραπεμπόμενον
901 1257 916 1272 ·
948 1241 1198 1294 ἐντεῦθεν
1223 1243 1278 1296 δὲ
1307 1245 1405 1315 τὴν
1443 1245 1752 1313 μεγαλοσύ-

163 1342 260 1392 νην
317 1326 413 1378 καὶ
471 1328 572 1398 τὴν
632 1331 741 1383 τῶν
791 1333 927 1386 ὅλων
979 1334 1258 1403 βασιλείαν
1291 1338 1370 1399 είς
1407 1337 1610 1400 αἰῶνας
1639 1341 1753 1402 τοῖς

162 1417 340 1482 ἁγίοις
371 1419 587 1493 δεδωρη
597 1424 785 1493 μένην.

232 1508 322 1563 κ’.
355 1513 469 1564 Καὶ
510 1515 572 1566 ού
615 1516 789 1573 ταῦτα
826 1518 990 1586 μόνον
1018 1518 1085 1588 (ὣ
1126 1519 1403 1591 μακαρίας
1438 1521 1636 1592 ὅψεως)
1667 1539 1755 1576 τε-

165 1601 356 1656 θέαται
383 1607 605 1677 Δανήλ,
631 1609 768 1663 ἀλλά
796 1611 890 1664 καὶ
923 1614 1367 1683 προσευχόμενος
1403 1617 1539 1685 μετὰ
1577 1618 1752 1671 ταῦτα

162 1698 250 1746 καὶ
280 1698 532 1766 ῥήμασιν
562 1702 1003 1775 ἐξομολογήσιως
1030 1708 1118 1759 τὸν
1150 1709 1500 1777 ύπεράγαθον
1527 1711 1753 1778 ἐξευμε-

162 1787 446 1856 νιζόμενος
479 1808 492 1823 ·
531 1793 738 1862 ἰιμην,
797 1797 951 1864 φησὶ,
1012 1800 1072 1850 τὸ
1115 1799 1241 1867 ἑξῆς
1299 1802 1359 1851 ὲν
1413 1800 1633 1864 Σούτοις
1681 1804 1746 1871 τῇ

1859 597 2150 653 honorem.
2171 600 2316 668 Quin
2349 601 2514 656 etiam
2552 601 2726 659 libros
2753 605 2801 658 ei
2832 621 2952 662 esse
2987 620 3228 679 apertos,
3263 623 3319 666 et
3346 629 3439 672 oc-

1861 691 2007 746 culta
2047 693 2096 746 ei
2129 708 2250 749 esse
2295 695 2608 759 manifesta,
2643 709 2699 752 et
2731 701 2918 755 omnia
2951 704 3166 758 adstare
3199 706 3344 761 nuda
3383 719 3438 761 et

1861 780 2076 839 detecta
2103 801 2118 837 :
2145 795 2202 840 et
2239 787 2474 842 aliorum
2514 790 2737 859 quidem
2787 793 2995 848 aboleri
3028 805 3353 861 potestatem
3381 812 3437 855 et

1861 871 2154 941 imperium
2197 892 2209 927 :
2253 877 2401 930 illam
2447 888 2630 934 autem
2664 884 2954 951 pessimam
2990 884 3219 941 bestiam
3250 899 3304 943 et
3331 890 3435 943 im-

1860 965 2136 1032 probitate
2183 968 2700 1039 incomparabilem,
2733 991 2854 1044 qua
2899 979 3066 1032 movit
3103 979 3306 1035 bellum
3338 983 3436 1036 ad-

1859 1071 2054 1112 versus
2117 1069 2362 1124 sanctos,
2423 1072 2479 1118 et
2534 1079 2597 1118 os
2650 1066 2866 1132 habuit,
2925 1071 3072 1140 quod
3131 1088 3324 1142 magna
3381 1086 3439 1130 et

1859 1150 2099 1218 superba
2151 1152 2504 1222 loquebatur,
2556 1157 2796 1213 deletam
2834 1171 2889 1214 et
2953 1166 3330 1221 transmissum
3367 1169 3433 1221 ad

1860 1241 2003 1312 ignis
2046 1244 2561 1317 conﬂagrationem,
2596 1253 2690 1322 qui
2725 1269 3008 1325 nunquam
3040 1259 3434 1328 exstinguitur.

1855 1332 2066 1392 Deinde
2123 1353 2254 1394 vero
2305 1343 2648 1412 maiestatem
2679 1356 2736 1402 et
2782 1348 3167 1406 universorum
3205 1369 3437 1423 regnum

1856 1424 2048 1481 datum
2091 1432 2298 1487 sanctis
2339 1433 2394 1487 in
2430 1446 2720 1492 mternum.

1929 1519 2046 1574 XX.
2086 1522 2276 1593 Neque
2301 1542 2434 1582 vero
2460 1528 2574 1584 haec
2599 1532 2773 1586 solum
2802 1532 2856 1604 (o
2895 1537 3111 1593 beatam
3141 1540 3440 1605 visionem)

1855 1611 1992 1667 vidit
2024 1613 2212 1669 Daniel
2247 1633 2260 1668 :
2299 1618 2394 1673 sed
2448 1636 2614 1677 orans
2647 1639 2868 1696 quoque
2914 1639 3124 1698 postea,
3162 1642 3218 1686 et
3249 1636 3437 1690 verbis

1855 1702 2222 1760 confessionis
2250 1709 2473 1777 placans
2520 1728 2646 1767 eum
2695 1716 2790 1786 qui
2839 1727 2922 1773 est
2957 1735 3171 1778 summe
3209 1724 3388 1779 bonus
3419 1746 3430 1780 :

1857 1793 2039 1858 Eram,
2078 1796 2278 1866 inquit,
2317 1803 2601 1874 deinceps,
2636 1807 2813 1871 Susis,
2859 1828 2980 1883 quae
3001 1824 3085 1870 est
3117 1821 3438 1888 metropolis

163 1881 508 1945 μητροπόλει
547 1882 829 1954 Περσίδος,
868 1885 964 1938 καὶ
992 1887 1065 1950 ὡς
1099 1887 1326 1955 ἐξῆλθον
1353 1890 1434 1952 είς
1467 1890 1528 1942 τὸ
1561 1891 1744 1944 πεδίον

1851 1883 2114 1952 Persidis,
2165 1899 2221 1944 et
2274 1902 2563 1964 postquam
2617 1881 2889 1968 egressus-
2921 1919 3042 1958 sum
3091 1907 3144 1962 in
3181 1923 3434 1978 campum

162 1971 299 2036 μετὰ
332 1972 430 2023 καὶ
467 1973 576 2028 τῶν
609 1976 864 2048 ἑταίρων,
897 1978 1006 2032 ἰδοὺ
1039 1982 1264 2050 σεισμὸς
1293 1981 1466 2052 μέγας
1493 1983 1709 2052 ἐγένετο
1730 2003 1742 2014 ·

160 2069 248 2117 καὶ
298 2069 594 2137 φυγόντων
645 2072 753 2125 τῶν
803 2076 900 2128 σὺν
944 2077 1091 2144 ἐμοὶ,
1145 2077 1308 2146 μόνος
1348 2080 1747 2151 ἀπολέλειμμαι

157 2157 302 2209 κατὰ
355 2159 538 2230 στόμα
602 2164 806 2224 πεσών.
843 2166 953 2218 Καὶ
999 2167 1108 2220 ίδού
1149 2185 1232 2231 τις
1285 2169 1532 2239 ἑστηκὼς
1571 2174 1749 2241 ἣψατό

162 2265 259 2316 μου
295 2251 395 2304 καὶ
427 2253 697 2323 ἀνέστησε
728 2259 822 2310 καὶ
851 2261 918 2311 τὰ
948 2259 1212 2328 μέλλοντα
1238 2262 1614 2332 συμϐήσεσθαι
1636 2269 1748 2329 τοῖς

159 2343 410 2407 πολίταις
446 2348 591 2413 μετὰ
624 2349 826 2414 πολλὰς
876 2353 1009 2416 ὅσας
1043 2353 1481 2426 ἐμυσταγὼγησε
1531 2361 1745 2426 γενεάς.

160 2433 284 2486 ’ὒδε
321 2437 438 2506 ἄρα
468 2432 624 2504 οὗτος
672 2437 739 2512 ἦν
782 2445 810 2497 ὁ
847 2446 1022 2514 μέγας
1054 2449 1148 2502 καὶ
1178 2449 1486 2520 πρώτιστος
1518 2451 1627 2507 τῶν
1657 2453 1748 2506 0-3-

160 2532 365 2597 ρανίων
399 2532 692 2604 δυνάμεων
720 2537 984 2610 Γαὸριὴλ,
1019 2542 1077 2603 δς
1127 2543 1221 2594 καὶ
1267 2545 1566 2599 ἀναστάντι
1599 2546 1750 2617 αύτῷ

157 2624 443 2694 δειχθῆναι
495 2632 652 2695 κριὸν
688 2629 953 2698 ἐσήμαινε
994 2633 1195 2700 μέγαν,”
1229 2635 1403 2688 πολλὰ
1436 2636 1536 2706 μέν
1581 2639 1749 2692 ἐκπε-

160 2718 374 2783 φυκότα
407 2717 642 2785 κέρατα,
671 2720 984 2776 τελευταῖον
1025 2725 1081 2778 δὲ
1117 2725 1282 2780 αὑτὸν
1319 2728 1377 2782 ἓν
1413 2730 1748 2802 ὑψηλότερον

159 2806 351 2877 ἔχοντα
380 2824 398 2840 ο
445 2809 644 2864 ἔπειτα
673 2813 985 2885 ἀναϐλέψας
1020 2818 1121 2887 μὲν
1162 2822 1241 2883 είς
1270 2820 1372 2891 τὴν
1402 2822 1587 2888 Δύσιν,
1622 2824 1750 2877 θεά-

160 2900 359 2953 σασθαι
410 2901 615 2971 τράγον
654 2905 758 2976 ἔφη
797 2908 892 2960 ἀπ’
920 2910 1092 2979 αὐτῆς
1118 2910 1186 2963 δι’
1223 2911 1385 2981 ἀέρος
1420 2915 1741 2985 φερόμενον·

161 2995 508 3063 συρράξαντα
540 2998 597 3050 δέ
638 2997 720 3068 τῷ
749 3001 891 3070 κριῷ
923 3004 1016 3055 καὶ
1043 3005 1155 3065 τοῖς
1191 3005 1387 3076 κέρασι
1422 3008 1745 3078 κυρίξαντα,

157 3085 235 3146 δῖς
257 3087 596 3142 καταϐαλεῖν
615 3092 780 3144 αὑτὸν
805 3096 898 3144 ἐπὶ
933 3098 1038 3165 γῆν
1070 3099 1161 3169 καὶ
1193 3100 1436 3168 πατῆσαι
1460 3117 1477 3135 ο
1506 3096 1624 3154 εἶτα
1654 3101 1746 3155 τὸν

159 3178 362 3244 τράγον
405 3178 536 3230 [δεῖν
593 3181 656 3232 ἐκ
695 3181 788 3234 τοῦ
825 3183 1081 3253 μετώπου
1137 3188 1403 3256 μέγιστον
1458 3191 1744 3260 ἀναφύντα

1851 1990 1978 2030 cum
2030 1977 2418 2044 familiaribus.
2468 2003 2598 2044 ecce
2629 1990 2806 2046 factus
2857 2003 2940 2048 est
2989 2012 3221 2068 magnus
3276 2013 3437 2059 terra:

1853 2079 2056 2135 motus,
2094 2083 2151 2127 et
2185 2075 2525 2148 fugientibus
2562 2082 2632 2137 iis
2681 2086 2775 2155 qui
2826 2103 3041 2144 mecum
3080 2105 3261 2159 erant,
3305 2099 3433 2152 reli-

1851 2173 1971 2216 Ctus
1998 2179 2118 2219 sum
2159 2169 2329 2226 solus.
2359 2172 2572 2229 Etecce
2603 2177 2829 2246 quidam
2861 2190 3015 2238 stans
3045 2200 3132 2240 me
3166 2178 3361 2258 tetigit,
3379 2201 3436 2246 et

1850 2250 1981 2306 fecit
2012 2270 2241 2327 surgere
2272 2279 2287 2314 :
2315 2273 2528 2333 et.qua
2557 2269 2775 2324 civibus
2805 2285 2964 2326 erant
2996 2287 3264 2334 eventura
3307 2293 3436 2350 post

1851 2345 2051 2402 multas
2105 2355 2492 2420 generationes
2537 2362 2766 2432 mystice
2809 2368 3108 2423 enarravit.
3155 2371 3206 2427 ls
3247 2382 3435 2430 autem

1850 2447 1970 2490 erat
2006 2454 2236 2511 magnus
2277 2445 2368 2502 ille
2399 2459 2455 2503 et
2499 2454 2714 2520 primus
2750 2458 3060 2515 caelestium
3098 2468 3434 2533 potestatum

1853 2527 2098 2589 Gabriel.
2135 2535 2240 2602 Qui
2288 2543 2457 2597 etiam
2491 2546 2619 2612 sibi,
2664 2565 2792 2605 cum
2829 2527 3188 2627 surrexisset,
3225 2561 3438 2630 signiﬁ-

1851 2621 1997 2674 cavit
2023 2622 2196 2681 fuisse
2238 2645 2496 2699 magnum
2529 2645 2815 2691 ostensum
2847 2641 3101 2706 arietem,
3136 2646 3225 2700 cui
3265 2649 3436 2704 multa

1849 2712 2074 2779 quidem
2105 2730 2263 2774 enata
2294 2734 2453 2779 erant
2486 2741 2731 2799 cornua;
2765 2731 3009 2791 habebat
3044 2750 3228 2794 autem
3263 2759 3433 2798 unum

1850 2797 2034 2856 altius.
2086 2805 2154 2859 Et
2201 2808 2317 2864 haec
2385 2815 2608 2882 quidem
2656 2797 2782 2875 cum
2845 2828 3176 2894 aspexisset,
3240 2833 3320 2887 ait
3373 2850 3434 2889 se

1851 2893 2058 2952 vidisse
2111 2899 2166 2954 in
2237 2902 2538 2962 Occidente
2572 2911 2812 2979 hircum,
2846 2893 2938 2988 qui
2974 2919 3101 2976 inde
3148 2922 3436 2982 ferebatur

1850 2998 1952 3053 per
1991 3002 2174 3045 aerem
2220 3011 2234 3046 :
2287 2998 2672 3070 conﬂigentem
2711 3021 2844 3063 vero
2874 3027 2998 3067 cum
3031 3015 3232 3083 ariete,
3262 3028 3317 3074 et
3355 3021 3439 3077 bis

1851 3089 2024 3132 cornu
2061 3093 2366 3154 petentem,
2394 3089 2573 3168 ipsum
2613 3096 2767 3154 bumi
2801 3107 3167 3170 prostravisse
3203 3119 3260 3163 et
3302 3127 3438 3166 con-

1851 3167 2122 3227 culcasse.
2186 3176 2392 3237 Deinde
2451 3186 2657 3242 vidisse
2719 3191 2960 3259 hircum,
3021 3199 3112 3252 cui
3172 3216 3435 3272 magnum

162 3271 348 3340 κέρας,
383 3265 445 3326 οὗ
484 3273 832 3340 κλασθέντος,
867 3253 1278 3352 ἀναϐλαστῆσαι
1313 3253 1589 3354 τέσσαρα,⁷
1618 3285 1744 3340 καθ’

1851 3273 2024 3316 cornu
2061 3272 2396 3328 nascebatur
2447 3277 2504 3333 in
2557 3279 2740 3338 fronte
2772 3301 2784 3336 :
2813 3301 2925 3356 quo
2973 3288 3172 3355 fracto,
3228 3253 3434 3366 ge’rmi-

159 3362 391 3417 ἕκαστον
442 3365 554 3418 τῶν
596 3368 818 3439 ἀνέμων
853 3371 1277 3442 ἐκτετραμμένα
1305 3391 1317 3404 ο
1376 3374 1434 3439 ἐξ
1468 3374 1653 3429 αὐτῶν
1685 3375 1742 3428 δέ

159 3459 416 3527 ἀνασχεῖν
447 3459 541 3511 καὶ
568 3460 698 3514 ἄλλο
729 3461 1090 3534 βραχύτερον,
1119 3465 1148 3518 δ
1177 3467 1268 3518 καὶ
1289 3467 1524 3537 αὐξῆσαι
1557 3469 1743 3538 ἔλεγεν

159 3551 187 3601 δ
219 3549 395 3602 ταῦτα
425 3551 643 3614 δεικνὺς
670 3555 764 3605 καὶ
795 3557 1135 3627 πολεμήσειν
1167 3558 1334 3613 αὐτοῦ
1374 3561 1435 3612 τὸ
1466 3561 1618 3625 ἔθνος
1651 3564 1745 3615 καὶ

158 3645 254 3713 τὴν
283 3645 446 3699 πόλιν
471 3646 701 3716 αίρῆσαι
723 3647 829 3701 ἀνὰ
857 3653 1060 3720 κράτος
1095 3655 1190 3708 καὶ
1218 3657 1399 3710 πάντα
1430 3656 1500 3712 τὰ
1528 3658 1620 3712 τοῦ
1652 3661 1742 3714 νό-

161 3755 261 3807 μου
297 3739 577 3807 περιελεῖν
603 3757 616 3771 ·
673 3741 769 3795 καὶ
821 3742 997 3796 ταῦτα
1046 3745 1137 3797 ἐπὶ
1168 3747 1385 3818 ἡμέρας
1428 3750 1608 3818 χιλίας
1650 3753 1744 3806 καὶ

155 3831 437 3896 διακοσίας
492 3835 817 3905 ἐνενήκοντα
861 3836 946 3902 ἐξ.
1000 3838 1188 3892 Ταῦτα
1244 3841 1343 3910 μὲν
1399 3841 1527 3895 um
1571 3847 1629 3898 ἐν
1663 3847 1739 3915 τῷ

158 3926 323 3994 πεδίῳ
373 3925 452 3994 τῷ
500 3928 558 3978 ἐν
615 3929 837 3992 Σούτοις
878 3931 906 3982 ὁ
932 3932 1151 4004 ,Δανιὴλ
1189 3933 1396 4006 ἔγραψε
1421 3951 1437 3968 ο
1473 3940 1658 4010 κρίναι
1683 3939 1741 3992 δέ

157 4016 303 4084 αὐτῷ
359 4015 464 4086 τὴν
513 4015 636 4085 δψιν
675 4018 783 4070 τῶν
817 4023 1164 4090 όρασθέντων
1210 4027 1400 4096 ἐδήλου
1461 4030 1555 4082 τὸν
1609 4031 1742 4085 Θεὸν

154 4108 322 4172 οὕτως
351 4126 368 4141 ·
399 4111 492 4162 τὸν
529 4109 631 4180 μὲν
659 4112 769 4180 γὰρ
801 4114 952 4183 κριὸν
981 4115 1260 4184 βασιλείας
1290 4119 1389 4180 τὰς
1416 4121 1616 4188 Μήδων
1649 4127 1744 4176 καὶ

158 4203 383 4273 Περσῶν
419 4207 710 4276 σημαίνειν
744 4206 894 4275 αύτῷ
921 4207 1152 4275 ἔφασκε,
1175 4212 1242 4262 τὰ
1281 4211 1337 4271 δὲ
1373 4213 1580 4282 κέρατα
1615 4219 1741 4280 τοὺς

156 4299 456 4366 μέλλοντας
493 4299 825 4369 βασιλεύειν.
862 4301 1005 4356 am
1034 4302 1091 4355 δέ
1124 4303 1185 4356 τὸ
1214 4306 1384 4373 κέρας
1420 4306 1482 4359 τὸ
1510 4308 1739 4378 ἔσχατον

154 4389 315 4440 αὑτὸν
368 4391 664 4456 σημαίνειν
711 4392 803 4445 τὸν
838 4393 1062 4463 ἔσχατον
1093 4395 1318 4464 βασιλέα
1347 4413 1360 4427 ·
1407 4397 1596 4452 τοῦτον
1630 4400 1737 4471 γὰρ

153 4481 243 4532 καὶ
277 4479 508 4531 διοίσειν
543 4480 699 4547 ἔλεγε
751 4483 860 4534 τῶν
893 4484 1117 4548 λοιπῶν,
1154 4486 1370 4555 πλούτῳ
1397 4505 1455 4540 τε
1489 4491 1582 4542 καὶ
1613 4490 1736 4562 δόξῃ

151 4573 242 4624 καὶ
285 4573 350 4638 τῇ
385 4571 522 4641 ἄλλῃ
556 4573 888 4642 περιφανείςι
909 4589 923 4603 '
977 4577 1069 4626 τὸν
1094 4576 1150 4627 δὲ
1177 4579 1376 4645 τράγον
1410 4578 1626 4648 δηλοῐν,
1662 4583 1732 4644 ὼς

150 4664 257 4714 τῶν
304 4664 578 4734 Ἐλλήνων
636 4683 722 4729 τις
775 4665 1076 4736 βασιλεύων
1130 4668 1305 4732 ἔσται,
1336 4667 1395 4731 δς
1437 4671 1514 4738 τῷ
1553 4672 1735 4742 Πέρσῃ

152 4757 451 4826 συμσαλὼν
494 4758 579 4821 δὶς
627 4764 892 4827 κρατήσει
929 4763 995 4829 τῇ
1031 4761 1177 4833 μάχῃ
1221 4762 1316 4814 καὶ
1349 4763 1738 4834 παραλήψεται

147 4850 242 4919 τὴν
273 4853 575 4916 ἡγεμονίαν
608 4849 847 4904 ἃπασαν.
886 4852 1191 4920 Δηλοῦσοαι
1247 4855 1304 4907 δὲ
1358 4856 1462 4908 ὑπὸ
1514 4857 1608 4910 τοῦ
1644 4876 1738 4928 με·

149 4942 316 5006 γὰλου
351 4941 586 5008 κέρατος
646 4941 739 4994 τοῦ
780 4943 834 4993 ἐν
861 4941 937 5008 τῷ
973 4945 1210 5012 μετώπῳ
1259 4945 1353 4996 τοῦ
1386 4947 1595 5014 τράγου
1646 4950 1736 5003 τὸν

149 5032 367 5101 πρῶτον
397 5030 647 5099 βασιλέα.
682 5030 814 5086 Εἶτα
868 5036 959 5086 καὶ
1014 5035 1110 5116 τῂν
1146 5036 1254 5090 τῶν
1284 5041 1565 5108 τεσσάρων
1606 5044 1737 5094 ἀνα-

148 5125 448 5194 εὶάστησιν
472 5121 742 5191 βασιλέων
775 5128 1103 5189 ἐκπεσόντος
1128 5129 1336 5182 ἐκείνου
1369 5145 1386 5163 ⁶
1421 5134 1486 5201 τῇ
1514 5131 1568 5184 δὲ
1600 5133 1736 5203 πρὸς

147 5217 211 5265 τὰ
267 5217 519 5285 τέσσαρα
569 5215 813 5282 κλίματα
864 5216 962 5284 τῆς
1019 5218 1123 5286 γῆς
1179 5219 1360 5270 αὐτῶν
1413 5222 1734 5296 ἀποστροφῇ

146 5303 378 5354 ἑκάστου
403 5304 530 5364 τοὺς
550 5301 826 5371 διαδόχους
858 5306 998 5373 μετᾶ
1020 5307 1111 5360 τὸν
1136 5309 1367 5361 θάνατον
1391 5312 1480 5363 τοῦ
1515 5312 1732 5383 πρώτου

146 5395 412 5463 βασιλέως
440 5395 888 5460 ἐξεικονίζεσθαι,
919 5399 1010 5451 καὶ
1042 5401 1130 5451 τὸν
1159 5403 1239 5463 είς
1264 5403 1460 5465 αὐτοὺς
1489 5405 1744 5478 διαμεριι

147 5491 281 5556 σμιν
308 5487 650 5560 δηλοῦσθαι·
708 5491 962 5559 γενέσοαι
1016 5496 1070 5547 δὲ
1120 5497 1214 5548 καί
1270 5514 1392 5550 τινα
1425 5500 1614 5570 ἕτερον
1672 5504 1736 5555 ἐκ

144 5583 346 5634 τούτων
399 5579 650 5652 βασιλέα,
702 5585 892 5652 ἀναιδῆ
935 5586 1037 5654 μὲν
1078 5589 1153 5657 τῷ
1192 5591 1490 5660 προσώπῳ,
1554 5595 1735 5647 ἱκανὸν

145 5671 196 5724 ἃ
252 5675 504 5725 συνιέναι
570 5673 960 5743 προϐλήματα,
1000 5677 1058 5737 ὃς
1119 5682 1214 5730 καὶ
1261 5681 1396 5749 δόλῳ
1452 5683 1737 5754 διαφθερεῖ

150 5767 370 5829 πολλοὺς
428 5767 524 5818 καὶ
583 5768 679 5820 ἐπὶ
728 5768 973 5842 ἀπωλείᾳ
1001 5771 1209 5825 πολλῶν
1246 5778 1545 5844 στήσεται·
1581 5779 1738 5831 πολε-

149 5860 300 5929 μήσει
331 5877 392 5914 τε
432 5861 495 5913 τὸ
530 5861 684 5924 εονος
736 5863 826 5915 καὶ
864 5871 988 5924 τοὺς
1021 5866 1219 5933 νόμους
1259 5868 1441 5923 αὐτῶν
1495 5872 1738 5944 ίσχυρῶς

456 5959 734 6021 ΡΑτηοι..
788 5958 900 6018 (in.
953 5957 1098 6018 CXV

1851 3367 2016 3410 nasse
2044 3371 2308 3430 quatuor,
2347 3383 2505 3424 versa
2549 3374 2616 3426 ad
2645 3376 2894 3447 singulos
2929 3393 3146 3438 ventos.
3182 3385 3260 3440 Ex
3295 3389 3434 3458 ipsis

1851 3457 2036 3504 autem
2081 3466 2334 3511 exortum
2367 3475 2490 3517 esse
2520 3465 2668 3520 aliud
2704 3485 2927 3540 quoque
2961 3473 3232 3534 brevius:
3283 3457 3432 3550 quod

1850 3541 1897 3594 is
1919 3544 2012 3610 qui
2041 3547 2389 3618 ostendebat,
2426 3553 2646 3612 dicebat
2672 3557 2790 3615 fore
2815 3570 2871 3614 ut
2900 3576 3197 3631 cresceret,
3224 3578 3280 3625 et
3302 3541 3436 3644 'ejus

1847 3638 2067 3699 gentem
2099 3637 2243 3693 bello
2270 3641 2578 3710 invaderet,
2611 3659 2666 3703 et
2693 3651 2976 3710 civitatem
3006 3658 3058 3712 vi
3090 3637 3436 3731 caperet,vet

1847 3739 2196 3799 quaecunque
2264 3744 2394 3789 sunt
2451 3737 2607 3810 legis,
2668 3743 2889 3799 tolleret
2943 3764 2954 3800 :
3011 3749 3178 3820 idque
3235 3755 3436 3814 diebus

1847 3819 1998 3875 mille
2037 3823 2291 3884 ducentis
2339 3839 2396 3885 et
2441 3835 2739 3904 nonaginta
2775 3854 2892 3894 sex.
2927 3841 3053 3897 limc
3102 3847 3325 3916 quidem
3375 3867 3436 3909 se

1849 3909 2056 3965 vidisse
2084 3914 2140 3968 in
2177 3933 2394 3988 campo,
2435 3924 2530 3990 qui
2581 3933 2667 3979 est
2721 3927 2895 3996 Susis,
2943 3909 3164 4002 scripsit
3200 3939 3384 3995 Daniel
3417 3959 3433 3997 :

1847 3998 2017 4054 Deum
2074 4015 2258 4061 autem
2317 4025 2538 4076 eorum,
2584 4031 2705 4084 qua
2749 4018 3104 4090 adspexerat,
3160 4025 3433 4082 visionem

1845 4092 2064 4150 dicebat
2094 4100 2180 4154 sic
2229 4102 2336 4156 sibi
2387 4105 2721 4164 declarasse.
2761 4112 2896 4166 Nam
2940 4117 3170 4173 arietem
3204 4121 3434 4191 quidem
3491 4140 3499 4149 ·

1845 4185 2064 4240 diccbat
2101 4191 2412 4260 significare
2444 4215 2609 4269 regna
2651 4201 2938 4260 Medorum
2981 4215 3036 4261 et
3077 4185 3373 4266 Persarum
3411 4233 3424 4276 ;

1844 4290 2056 4332 cornua
2093 4293 2304 4350 autem,
2364 4304 2461 4343 eos
2518 4292 2614 4360 qui
2673 4299 2836 4348 erant
2888 4305 3191 4367 regnaturi.
3249 4304 3431 4374 Ipsum

1843 4385 1978 4425 vero
2009 4388 2182 4430 cornu
2217 4379 2496 4445 ultimum,
2528 4384 2802 4455 signiﬁcat
2831 4388 3010 4460 ipsum
3049 4394 3306 4451 ultimum
3346 4415 3432 4452 re-

1846 4480 1993 4532 gem.
2031 4467 2257 4523 Dicebat
2295 4473 2442 4526 enim
2480 4474 2620 4541 fore,
2660 4488 2720 4533 ut
2753 4480 2799 4534 is
2858 4495 3144 4552 prmstaret
3191 4493 3430 4555 caeteris,

1847 4569 1904 4614 et
1935 4562 2146 4619 divitiis
2183 4577 2238 4622 et
2277 4570 2450 4637 gloria
2486 4582 2541 4626 et
2573 4575 2682 4630 alio
2712 4580 3028 4645 splendore.
3064 4585 3289 4641 Hircum
3327 4607 3426 4644 au-

1847 4661 1976 4720 tem,
2015 4657 2328 4727 signilicare
2363 4663 2607 4717 futurum
2654 4684 2720 4720 ex
2757 4670 2962 4725 Grrccis
3011 4693 3194 4745 regem
3231 4697 3432 4748 quent-

1843 4745 1992 4810 dam,
2063 4752 2156 4817 qui
2210 4753 2294 4805 bis
2351 4770 2473 4809 cum
2508 4757 2673 4814 Persa
2718 4761 3044 4834 conﬂigens,
3085 4782 3212 4822 eum
3249 4745 3428 4844 pugna

1842 4839 2114 4909 vinceret,
2165 4852 2222 4898 et
2269 4848 2588 4904 universum
2646 4869 2956 4912 assumeret
3006 4864 3428 4933 principatum:

1844 4934 2148 5002 significari
2188 4954 2318 4992 vero
2355 4957 2380 4995 a
2418 4959 2616 5014 magno
2643 4963 2837 5011 cornu,
2873 4954 3018 5018 quod
3047 4966 3130 5008 est
3163 4957 3215 5009 in
3249 4959 3427 5015 fronte

1843 5027 2007 5092 birci,
2055 5029 2294 5096 primum
2361 5050 2560 5103 regem.
2609 5040 2816 5095 Deinde
2864 5045 3028 5098 etiam
3064 5057 3247 5103 ortum
3286 5067 3425 5122 qua-

1843 5128 1969 5172 tuor
2005 5137 2217 5191 regum,
2261 5140 2386 5179 cum
2451 5128 2540 5184 ille
2570 5135 2943 5196 excessisset;
2985 5141 3426 5212 uniuscujusque

1839 5225 2025 5269 autem
2092 5233 2285 5272 eorum
2347 5225 2710 5280 conversione
2775 5229 2842 5298 ad
2902 5239 3141 5298 quatuor
3204 5236 3426 5291 climata

1839 5317 2000 5365 terra:
2031 5312 2269 5369 describi
2304 5332 2658 5375 successores
2693 5335 2815 5391 post
2850 5337 3084 5381 mortem
3141 5331 3299 5397 primi
3341 5350 3428 5388 re-

1839 5405 1942 5472 gis,
1962 5417 2017 5460 et
2041 5406 2339 5476 signiﬁcari
2366 5408 2561 5464 factam
2591 5414 2658 5465 ab
2674 5415 2755 5466 eis
2781 5415 3128 5472 divisionem.
3154 5421 3422 5477 Futurum

1839 5508 2021 5554 aurem
2050 5499 2219 5552 alium
2249 5518 2468 5571 quoque
2497 5506 2791 5571 quemdam
2822 5525 2886 5561 ex
2920 5511 2986 5564 iis
3017 5528 3229 5581 regem,
3264 5518 3418 5570 vultu

1839 5588 2063 5656 quidem
2120 5591 2544 5658 impudentem;
2579 5596 2837 5650 idoneum
2897 5615 3029 5653 vero
3087 5604 3152 5654 ad
3217 5603 3423 5658 intelli-

1841 5669 2017 5750 genda
2066 5684 2406 5752 problemata
2461 5690 2594 5757 :qui
2627 5698 2680 5742 et
2714 5689 2842 5745 dolo
2881 5694 3082 5747 multos
3123 5695 3424 5764 interimet,

1842 5782 1896 5826 et
1936 5775 2102 5830 stabit
2137 5777 2203 5830 ad
2263 5779 2547 5834 interitum
2583 5782 2886 5838 multorum
2937 5804 2949 5838 :
2981 5787 3208 5842 bellabit
3240 5801 3424 5845 autem

1845 5868 2113 5926 adversus
2152 5881 2394 5943 gentem,
2441 5883 2496 5928 et
2535 5889 2727 5930 eorum
2762 5877 2910 5948 leges
2960 5880 3177 5934 fortiter
3228 5877 3427 5942 dissol-

3029 5975 3097 6036 13
