3972 6450
137 420 237 482 397
1102 486 1103 489 η
1188 418 1364 476 VlTA
1405 415 1462 473 S.
1501 412 1924 474 PROPHET/E
1967 411 2352 470 DANlELlS.
3281 403 3385 473 398

138 529 448 585 ιδείκνυσαν
474 529 734 594 εἰσόδους,
763 529 828 581 δι’
854 522 926 580 ὦν
954 527 1208 587 εἰσιόντες
1237 525 1446 595 πρώην,
1477 525 1706 592 ἀνήλουν

1815 523 1950 577 dunt
1984 525 2232 580 occultos
2263 527 2464 589 aditus,
2502 540 2599 594 per
2623 539 2760 595 quos
2782 540 2958 593 nuper
2990 521 3385 594 ingredientes.

135 622 196 669 τὰ
227 618 602 688 προτιθέμενα
631 636 642 647 ·
679 619 850 672 ταῦτα
878 619 905 671 6
933 617 1184 687 βασιλεὺς
1213 616 1354 680 ἰδὼν,
1381 618 1547 686 ὀργῆς
1573 614 1706 684 όμοῦ

1819 617 2214 671 consumebant.
2257 633 2319 671 ea
2363 633 2484 686 qua:
2513 617 2950 686 opponebantur.
2986 616 3109 670 llaec
3137 631 3260 669 eum
3291 631 3386 669 rex

137 712 223 760 καὶ
268 711 539 778 αἰσχύνης
570 711 852 774 ὑπόπλεως
889 709 1100 777 γίνεται
1131 711 1225 762 καὶ
1258 711 1354 779 τῆς
1392 710 1552 778 μέχρι
1592 711 1706 761 τότε

1820 710 2069 774 vidisset,
2098 709 2175 762 ira
2204 710 2363 762 simul
2398 710 2639 778 repletur
2672 720 2727 763 et
2757 709 2986 778 pudore,
3009 716 3064 761 et
3111 708 3386 761 ulciscens

135 801 597 871 διαλανθανούσης
652 801 812 855 αὑτὸν
861 803 1075 869 ἀπάτης
1127 803 1252 862 τοὺς
1305 803 1467 869 ἱερεῖς
1515 802 1706 867 ἀμυνό-

1816 799 2129 852 sacerdotes
2163 808 2385 868 propter
2404 815 2525 854 eam
2554 816 2675 869 quae
2704 799 2770 854 ad
2818 801 2921 854 hoc
2958 814 3129 867 usque
3160 808 3381 864 tempus

136 909 314 960 μενος.
373 893 620 956 ἅπαντας
673 893 866 954 αὐτοὺς
924 893 1154 959 ἀναιρεῖ,
1214 891 1303 944 τὸν
1340 892 1484 943 ,ναὸν
1523 891 1576 943 δὲ
1618 888 1710 942 καὶ

133 983 221 1035 τὸν
284 983 397 1053 Βὴλ
465 984 682 1038 ἔκδοτον
743 985 824 1046 είς
873 984 1257 1054 καταστροφὴν
1325 984 1565 1054 παρέσχε
1631 981 1707 1051 τῷ

133 1074 354 1140 Διινιήλ.

200 1163 330 1216 ΚΓ.
369 1163 542 1218 Τοῦτο
573 1165 790 1232 πρῶτον
825 1155 1189 1228 Βαϐυλωνίοις
1217 1165 1245 1216 ό
1271 1164 1465 1235 Δανιὴλ
1505 1163 1708 1216 ἐπιδείο

133 1257 220 1319 ξας
253 1257 611 1326 κατόρθωμα,
638 1255 851 1320 οὐδενὸς
873 1259 981 1310 τῶν
1005 1257 1064 1309 εν
1093 1275 1148 1308 τε
1177 1257 1388 1309 συνέσει
1421 1256 1513 1309 καὶ
1551 1256 1710 1325 ἀγχι-

130 1349 242 1416 vei;
278 1347 720 1417 θαυμαζομένων
749 1349 1184 1414 ἀπολειπόμενον
1236 1344 1357 1402 εἶτα
1404 1348 1497 1401 καὶ
1526 1346 1710 1400 δεύτε-

131 1455 220 1505 ρον
247 1437 582 1506 ἐπιτίθησινο
616 1437 678 1490 οὐ
699 1438 803 1507 γὰρ
822 1437 979 1506 μόνον
1001 1440 1049 1490 οἱ
1083 1438 1404 1509 ἀναίσθητοι
1437 1430 1584 1491 οὗτοι
1618 1437 1707 1490 τὸν

129 1530 464 1598 ἀναίσθητον
506 1529 760 1591 ἐσέϐοντο
797 1530 925 1601 Βὴλ,
965 1531 1102 1585 ἀλλὰ
1134 1532 1229 1584 καὶ
1275 1531 1545 1599 δράκοντά
1587 1547 1709 1582 τινα

131 1624 302 1688 μέγαν
337 1621 730 1691 ἑμφωλεύοντα
764 1625 897 1694 οἴκῳ
927 1625 1036 1678 τινὶ
1063 1625 1477 1695 θεραπεύοντες,
1496 1622 1569 1687 ὡς
1602 1621 1708 1692 θεῷ

129 1715 452 1779 προσεῖχονο
485 1715 650 1783 ἔργον
693 1715 851 1768 τοῦτο
908 1716 968 1769 τὺ
1014 1716 1206 1785 νοητοῦ
1265 1717 1580 1784 δράκοντος,
1610 1713 1707 1767 τοῦ

130 1804 224 1870 μὶν
259 1802 401 1855 Θεοῦ
431 1807 540 1856 τῶν
561 1806 696 1856 ὅλων
729 1808 983 1876 ἀφιστᾷν,
1012 1808 1186 1876 θηρίῳ
1211 1808 1266 1859 δὲ
1298 1807 1503 1859 πείθειν
1536 1823 1708 1876 προσ-

1816 891 2042 952 latebat,
2084 891 2353 952 fraudem,
2381 905 2478 944 eos
2527 906 2720 944 omnes
2782 890 3083 949 interimit:
3123 889 3386 958 templum

1814 990 1997 1036 autem
2028 990 2081 1036 et
2113 981 2206 1036 Bel
2257 982 2490 1050 prazbuit
2517 980 2877 1036 evertendam
2908 978 3137 1034 Dahieli.

1887 1157 2078 1211 XXIII.
2113 1157 2247 1211 Cum
2301 1158 2489 1212 Daniel
2543 1157 2854 1228 Babyloniis
2906 1156 3011 1209 hoc
3063 1153 3388 1224 praeclarum

1811 1247 2051 1318 primum
2112 1247 2444 1301 ostendisset
2501 1247 2728 1310 factum,
2777 1246 2923 1316 quod
2971 1245 3123 1298 nullo
3163 1258 3382 1305 eorum,

1817 1353 1938 1408 quae
1989 1346 2215 1408 propter
2263 1337 2680 1405 intelligentiam
2729 1347 2784 1390 et
2815 1337 3017 1407 ingenii
3067 1349 3298 1388 acumen
3332 1333 3387 1385 in

1817 1425 2180 1480 admiratione
2220 1425 2511 1487 habentur,
2551 1435 2635 1479 est
2683 1426 2936 1484 inferius,
2973 1425 3173 1478 deinde
3216 1423 3384 1476 etiam

1815 1518 2122 1571 secundum
2141 1518 2349 1588 adjicit.
2383 1517 2501 1571 Non
2527 1518 2703 1572 solum
2723 1522 2870 1572 enim
2923 1517 3011 1569 isti
3051 1515 3202 1567 nullo
3225 1515 3386 1581 plane

1818 1625 1979 1665 sensu
2007 1610 2239 1678 przediti,
2270 1610 2426 1662 nullo
2459 1625 2620 1663 sensu
2653 1609 2940 1678 praeditum
2970 1607 3062 1661 Bel
3086 1605 3342 1659 colebant
3369 1621 3381 1655 :

1817 1700 1913 1756 sed
1973 1700 2138 1753 etiam
2174 1715 2430 1767 magnum
2484 1700 2778 1768 quemdam
2839 1699 3158 1755 draconem,
3195 1694 3288 1763 qui
3331 1691 3386 1744 in

1815 1791 1981 1845 domo
2020 1789 2256 1860 quadam
2295 1789 2672 1852 delitescebat,
2721 1797 2981 1857 tanquam
3034 1787 3197 1840 deum
3240 1785 3387 1837 cole-

131 1895 343 1946 κείσθαι
376 1897 734 1966 πονηροτάτῳ
755 1914 767 1927 ·
797 1901 1056 1966 πειρᾶται
1094 1897 1226 1966 γοῦν
1254 1900 1354 1950 κάν
1383 1897 1555 1965 τούτῳ
1592 1899 1702 1949 Κὺς

1814 1885 1967 1939 bant.
2002 1887 2116 1938 Hoc
2148 1899 2288 1953 opus
2317 1891 2401 1937 est
2430 1885 2568 1952 ejus,
2601 1883 2695 1952 qui
2736 1880 3099 1951 intelligentia
3147 1877 3387 1946 percipi-

129 2001 213 2050 po;
246 1984 345 2038 τοῦ
378 1986 580 2054 Δανιὴλ
615 1986 710 2039 καὶ
756 1987 830 2049 ὡς
870 1988 1084 2057 ἀληθῶς
1115 1989 1344 2042 ἐσθίοντι
1375 1991 1467 2042 καὶ
1494 1991 1700 2042 πίνοντι

126 2077 211 2129 καὶ
263 2077 436 2140 ζῶντι
488 2077 595 2147 θεῷ
632 2081 953 2149 προσκυνεῖν
989 2082 1284 2150 παρηγγύα
1311 2095 1326 2112 ⁶
1369 2081 1442 2133 Οὐ
1479 2081 1583 2149 γὰρ
1614 2081 1700 2144 ἂν,

125 2161 348 2231 Ιςμησεν,
401 2163 533 2234 ἔχῃς
586 2168 781 2232 είπετν,
811 2169 891 2221 ὅτι
946 2169 1048 2222 κᾶν
1101 2164 1256 2232 οὗτος
1307 2171 1405 2223 οὐκ
1438 2170 1552 2222 ἐστι
1586 2169 1705 2234 θεδς

125 2251 228 2312 ζῶν
254 2269 267 2282 ⁸
308 2257 337 2304 ό
367 2253 424 2304 δέ
445 2267 465 2288 ο
497 2256 687 2325 Κυρίῳ
712 2258 788 2326 τῷ
816 2259 934 2328 Θεῷ
993 2277 1094 2327 μου
1149 2261 1517 2329 προσκυνήσω
1539 2277 1552 2291 '
1612 2261 1707 2329 μό-

125 2356 206 2401 νος
232 2341 345 2408 γὰρ
380 2334 539 2405 οὗτος
564 2343 781 2414 ἀληθῶς
809 2345 936 2410 ζῶν,
963 2346 1031 2401 δι’
1063 2341 1124 2400 οῦ
1169 2348 1352 2418 ζῶμεν
1397 2350 1491 2402 καὶ
1530 2350 1710 2404 κινοῦ-

128 2431 260 2498 μεθα
299 2433 395 2484 καὶ
426 2433 596 2502 ἐσμέν
629 2450 642 2464 ⁸
673 2437 700 2488 6
731 2436 786 2488 δὲ
815 2437 1035 2506 δράκων
1067 2433 1215 2500 οὗτος
1245 2441 1444 2499 ίοϐόλος
1470 2439 1589 2506 ὄφις
1616 2442 1710 2495 καὶ

128 2522 384 2590 πονηρὸς,
424 2521 786 2590 λυμαίνεσθαι
819 2527 916 2593 μὲν
949 2525 1124 2589 εἰδὼς,
1155 2527 1389 2595 ὠφελεῖν
1417 2529 1472 2580 δὲ
1517 2529 1706 2582 οὐδένα

122 2613 346 2674 δυνατὸς
371 2612 472 2667 ὢν.
501 2615 560 2665 Εί
591 2613 635 2665 δ’
658 2615 738 2666 ὅτι
773 2616 866 2667 καὶ
903 2615 1092 2685 θνητός
1127 2619 1244 2670 ἐστι
1279 2619 1481 2686 γνῶναι
1505 2619 1700 2686 θέλεις,

125 2708 212 2758 καὶ
241 2706 345 2774 τὴν
380 2704 547 2771 φύσιν
581 2703 842 2776 φθαρτὸς,
895 2707 1013 2762 ἀλλ’
1043 2711 1103 2762 οὐ
1140 2711 1238 2780 μὲν
1267 2706 1360 2764 οῦν
1399 2711 1519 2774 Θεὸς
1551 2713 1709 2767 οὐδα-

127 2797 258 2863 μῶς,
294 2797 619 2867 ἐπίτρεψον,
653 2792 697 2853 ὦ
724 2799 969 2870 βασιλεῦ,
1007 2802 1164 2870 κάγὼ
1207 2802 1394 2856 τοῦτον
1432 2805 1708 2875 μαχαίρας

125 2891 244 2943 ἄνευ
275 2890 376 2945 καὶ
418 2892 619 2962 ῥάϐδου
655 2895 998 2950 κατακτενῶ.
1066 2896 1484 2957 Ἐπινεύσαντος
1525 2896 1616 2949 οῦν
1652 2899 1710 2949 ἐν

124 2981 293 3051 τούτῳ
352 2982 452 3036 τοῦ
509 2984 800 3053 βασιλέως,
839 2988 1042 3041 πίσσαν
1071 2987 1206 3058 ὁμοῦ
1257 2992 1354 3041 καὶ
1413 2988 1580 3057 στέαρ
1614 2990 1712 3043 καὶ

127 3077 313 3145 τρίχας
350 3077 379 3127 6
411 3077 722 3144 Θαυμαστὸς
769 3071 923 3142 οὗτος
971 3083 1110 3150 ἀνὴρ
1159 3081 1425 3152 ἑστηκὼς,
1462 3078 1579 3136 εἷτα
1619 3086 1711 3137 καὶ

131 3167 299 3233 μάζας
330 3161 676 3232 πίποιηκὼς,
715 3170 800 3231 είς
821 3171 879 3223 τὺ
909 3172 1084 3240 στόμα
1124 3173 1332 3242 καθῆκε
1359 3175 1451 3225 τοῦ
1483 3175 1712 3243 δράκον-

125 3276 229 3321 τος.
283 3259 346 3312 '0
374 3258 429 3311 δὲ
451 3259 644 3327 φαγὼν
667 3263 936 3344 ῥήγνυται
965 3267 1329 3335 παραχρῆμα.
1365 3266 1505 3336 Πρὸς
1538 3266 1707 3320 ταῦτα

127 3350 183 3399 οι
221 3347 332 3400 τῶν
389 3347 754 3403 Βαϐυλωνίων
809 3352 1354 3422 δεισιδαιμονέστατοι
1388 3355 1599 3423 βαρέως
1635 3355 1710 3408 δι-

130 3439 464 3505 ινέγκοντες,
497 3440 579 3510 τῷ
613 3441 826 3510 βασιλεῖ
845 3459 900 3494 τε
933 3444 1240 3512 προσῆλθον
1267 3446 1362 3496 καὶ
1391 3445 1480 3497 τὸν
1508 3447 1708 3511 Δανιὴλ

131 3531 497 3601 ίξῃτήσαντο·
531 3526 671 3599 ἦσαν
715 3532 823 3600 γὰρ
869 3533 1108 3602 ἀτέχνως
1166 3532 1270 3585 ὑπὸ
1323 3532 1417 3585 τοῦ
1469 3534 1709 3602 ἀφανοῦς

129 3623 418 3692 δράκοντος
460 3621 899 3692 ὑποϐεϐλημένοι
932 3626 1024 3677 καὶ
1054 3623 1254 3694 πολλὴν
1275 3624 1408 3694 ὅσην
1442 3625 1583 3678 κατὰ
1611 3625 1707 3678 τοῦ

130 3716 410 3784 ςροτρήτου
442 3714 543 3782 τὴν
575 3717 776 3784 μανίαν
800 3715 1101 3778 ὠδίνοντες.
1133 3717 1399 3786 Προσίασι
1423 3719 1602 3771 τοίνυν
1630 3718 1707 3789 τῷ

131 3806 336 3874 βασιλεῖ
363 3823 378 3838 ⁸
434 3808 686 3878 Παράδος
726 3811 859 3877 ἡμῖν
889 3810 978 3860 τὸν
1003 3811 1221 3878 Δανιὴλ,
1262 3810 1509 3876 λέγοντες
1532 3827 1543 3840 ·
1587 3811 1633 3861 εί
1665 3811 1708 3863 6’

127 3894 232 3961 οὖν,
263 3898 404 3953 ἀλλά
433 3913 493 3950 σε
523 3897 950 3967 ἀποκτενοῦμεν.
987 3899 1154 3968 Δῆλος
1182 3900 1286 3969 γὰρ
1311 3901 1574 3970 ἡμῖνάπὸ
1601 3901 1708 3954 τῶν

130 3989 298 4056 ἔργων
327 3987 686 4053 καθίστασαι,
724 3990 810 4042 ὅτι
856 3993 951 4044 καὶ
999 3991 1161 4053 αὐτὸς
1194 3992 1294 4061 ἤδη
1338 3997 1402 4047 τὰ
1441 3993 1709 4046 Ἰουδαίων

128 4083 364 4147 φρονεῖς.
405 4082 624 4152 Ἀμέλει
670 4083 764 4136 καὶ
807 4085 1139 4155 παραδίδωτι
1183 4085 1369 4137 τοῦτον
1412 4087 1490 4145 είς
1520 4089 1708 4152 χεῖρας

128 4171 302 4224 αὐτῶν
331 4175 360 4224 6
394 4171 668 4242 βασιλεὺς,
706 4173 802 4244 οὐχ
827 4174 969 4228 ἑκὼν
997 4175 1172 4234 ἄλλως
1201 4176 1321 4232 οὐδὲ
1362 4175 1705 4244 βουλόμενος,

128 4263 465 4330 παραδίδωσι
497 4263 544 4314 δ’
571 4263 664 4316 οὖν
697 4266 844 4332 ὅμως
869 4280 882 4293 ⁸
911 4266 960 4317 οξ
1001 4265 1056 4317 δὲ
1087 4265 1343 4327 λάϐοντες
1374 4269 1453 4329 είς
1487 4269 1577 4319 τὶν
1603 4267 1710 4319 τῶν

126 4352 351 4407 λεόντων
385 4354 588 4407 λάκκον
617 4355 778 4419 εὐθὺς
811 4357 1064 4412 καθιᾶσιν
1085 4375 1098 4387 ·
1141 4359 1282 4412 ἑπτὰ
1315 4360 1369 4412 δὲ
1395 4345 1535 4430 ἦσαν
1561 4355 1707 4412 οῦτοι

125 4446 212 4498 τὸν
249 4445 508 4515 ἀριθμὸν,
533 4439 615 4508 οἷς
648 4446 742 4500 δύο
773 4465 832 4501 τι
895 4448 1126 4516 σώματα
1185 4449 1280 4502 καὶ
1330 4450 1581 4518 πρόϐατα
1615 4451 1707 4505 δύο

1811 1985 1901 2030 tur
1925 1977 2204 2039 draconis,
2228 1977 2502 2030 abducere
2521 1974 2742 2044 quidem
2763 1990 2792 2028 a
2819 1974 2929 2027 Deo
2957 1972 3340 2026 universorum
3368 1983 3384 2020 :

1804 2067 2138 2138 persuadere
2155 2077 2362 2130 autem,
2383 2076 2441 2119 ut
2458 2068 2775 2122 adbaareant
2794 2067 2983 2120 bestia:
3013 2063 3382 2130 nequissima.

1807 2160 2072 2215 Tentatur
2126 2175 2257 2229 ergo
2307 2160 2360 2213 in
2401 2159 2505 2213 hoc
2539 2173 2761 2228 quoque
2797 2158 2990 2211 Daniel
3028 2172 3058 2210 a
3105 2155 3289 2226 Cyro:
3330 2160 3388 2207 et

1802 2250 2030 2320 jubebat
2063 2261 2123 2304 ut
2158 2264 2283 2304 eum
2318 2249 2576 2304 adoraret
2609 2257 2870 2316 tanquam
2916 2263 3042 2300 vere
3081 2246 3382 2300 comeden—

1808 2350 1916 2396 tem
1967 2350 2022 2395 et
2083 2341 2362 2396 bibentem
2412 2349 2468 2396 et
2513 2341 2789 2395 viventem
2831 2340 3014 2394 deum.
3053 2338 3173 2392 Non
3221 2347 3382 2406 potes

1807 2433 1979 2498 enim,
1999 2433 2205 2496 aiebat,
2231 2433 2416 2486 dicere
2438 2433 2586 2486 hunc
2606 2447 2712 2488 non
2745 2447 2866 2485 esse
2888 2431 3053 2484 deum
3080 2427 3382 2480 viventem.

1807 2526 1903 2580 llle
1949 2534 2151 2587 autem,
2210 2526 2528 2588 Dominum,
2564 2525 2764 2592 inquit,
2807 2538 2988 2576 meum
3029 2521 3291 2573 adorabo.
3333 2518 3384 2571 Is

1808 2617 1953 2670 enim
1989 2625 2075 2670 est
2139 2617 2288 2670 solus
2317 2631 2444 2670 vero
2484 2615 2700 2678 vivens,
2733 2630 2829 2682 per
2865 2627 3030 2682 quem
3067 2611 3305 2664 vivimus
3326 2616 3382 2662 et

1809 2725 2093 2764 movemur
2129 2718 2186 2764 et
2215 2725 2405 2764 sumus
2428 2711 2469 2764 ¹.
2501 2708 2601 2764 Hic
2639 2723 2770 2762 vero
2825 2719 3054 2775 serpens
3105 2712 3188 2758 est
3216 2703 3380 2756 draco

1811 2811 2111 2856 venenatus
2143 2809 2198 2857 et
2260 2802 2458 2866 malus,
2492 2803 2586 2870 qui
2618 2800 2722 2855 scit
2749 2798 2973 2868 quidem
3010 2810 3236 2857 nocere,
3286 2807 3380 2846 ne-

1811 2891 1943 2943 mini
1980 2901 2162 2943 autem
2202 2901 2380 2958 potest
2439 2891 2718 2958 prodesse.
2763 2887 2917 2952 Quod
2950 2887 2996 2940 si
3060 2885 3198 2939 velis
3238 2883 3381 2937 scire

1809 2993 1934 3032 eum
1963 2978 2124 3030 etiam
2150 2993 2270 3032 esse
2311 2977 2620 3040 mortalem,
2643 2984 2698 3031 et
2735 2975 2789 3028 in
2814 2978 2974 3044 quam
3018 2983 3213 3026 natura
3236 2973 3382 3026 cadit

1812 3071 2090 3136 interitus,
2128 3085 2236 3124 non
2290 3080 2473 3124 autem
2515 3073 2700 3133 deum,
2745 3068 2999 3138 permitte
3074 3080 3107 3119 ο
3153 3080 3270 3129 rex,
3327 3072 3383 3116 et

1811 3179 1912 3232 ego
1955 3179 2080 3218 eum
2117 3164 2364 3218 occidam
2401 3165 2520 3217 sine
2551 3161 2731 3232 gladio
2768 3169 2822 3214 et
2853 3161 3027 3229 virga.
3077 3158 3214 3212 Cum
3252 3169 3384 3210 vero

1812 3255 1862 3308 ei
1914 3270 2008 3307 rex
2062 3257 2164 3307 hoc
2214 3255 2515 3314 annuisset,
2545 3263 2599 3306 et
2635 3254 2811 3320 picem
2847 3251 3007 3304 simul
3059 3259 3114 3302 et
3160 3248 3379 3315 adipem

1809 3353 1865 3401 et
1894 3346 2032 3415 pilos
2053 3345 2288 3400 coxisset
2310 3344 2399 3397 hic
2417 3345 2498 3397 vir
2518 3342 2880 3405 admirabilis,
2909 3351 2963 3394 et
2982 3338 3180 3394 deinde
3213 3338 3381 3391 etiam

1810 3438 1946 3492 offas
1999 3438 2239 3500 fecisset,
2286 3437 2506 3490 demisit
2562 3435 2614 3488 in
2647 3450 2708 3488 os
2735 3434 3014 3488 draconis.
3070 3431 3163 3485 llle
3197 3439 3379 3483 autem

1810 3546 1934 3584 cum
1973 3531 2322 3592 comedisset,
2384 3528 2675 3584 confestim
2735 3527 3030 3594 rumpitur.
3091 3525 3216 3577 llaec
3259 3538 3380 3577 cum

1808 3621 2047 3691 graviter
2090 3622 2340 3674 tulissent
2392 3620 2707 3688 quicunque
2759 3632 2826 3671 ex
2866 3615 3178 3684 Babyloniis
3226 3623 3387 3667 erant

1810 3709 2185 3780 superstitiosi
2241 3717 2297 3762 et
2361 3707 2508 3763 falsae
2567 3709 2821 3777 religioni
2870 3705 3063 3769 dediti,
3097 3704 3162 3758 ad
3200 3718 3384 3772 regem

1810 3812 2163 3856 accesserunt
2197 3814 2252 3855 et
2284 3803 2562 3870 petierunt
2595 3802 2890 3853 Danielem.
2927 3801 3091 3851 Erant
3119 3797 3264 3849 enim
3295 3812 3382 3849 re-

1811 3910 1938 3949 vera
1979 3893 2220 3964 instigati
2253 3909 2281 3946 a
2309 3893 2565 3955 dracone,
2593 3892 2686 3961 qui
2720 3906 2830 3944 non
2886 3889 3033 3943 cadit
3088 3887 3190 3942 sub
3223 3896 3384 3955 aspc-

1812 3996 1985 4051 ctum,
2037 3986 2396 4041 et'adversus
2453 3984 2776 4054 preplietam
2840 3997 3095 4052 magnum
3139 3980 3380 4032 furorem

1811 4085 2198 4145 conceperant,
2239 4077 2421 4146 etjam
2468 4074 2871 4145 parturiebant.
2911 4072 3197 4127 Accedunt
3250 4069 3382 4139 ergo

1811 4169 1875 4221 ad
1920 4183 2124 4236 regem,
2157 4167 2406 4222 dicentes
2440 4185 2452 4220 :
2507 4167 2683 4220 Trade
2719 4166 2878 4219 nobis
2933 4163 3250 4224 Danielem;
3298 4160 3384 4214 sin

1812 4260 2014 4320 minus.
2058 4269 2108 4313 te
2137 4260 2474 4314 occidemus.
2510 4258 2628 4315 1am
2660 4260 2805 4312 enim
2851 4255 3011 4309 nobis
3041 4271 3107 4308 ex
3141 4254 3249 4307 tuis
3299 4252 3382 4306 fa-

1812 4356 1916 4409 ctis
1940 4353 2114 4408 evasit
2174 4351 2546 4412 manifestum,
2586 4358 2636 4402 te
2685 4363 2904 4416 quoque
2965 4347 3141 4414 ipsum
3190 4343 3382 4398 eadem

1812 4446 2017 4502 sentire
2065 4460 2186 4512 qua:
2221 4441 2416 4496 Juilari.
2459 4441 2596 4494 Eum
2634 4440 2817 4507 itaque
2850 4437 3016 4491 tradit
3054 4452 3144 4490 rex
3179 4436 3231 4487 in
3263 4450 3381 4487 ma-

127 4537 408 4606 ἡμερησία
437 4538 612 4606 τροφὴ
637 4539 936 4605 τετύπωτο,
965 4541 1022 4592 ἑν
1050 4538 1108 4604 ἓξ
1137 4540 1193 4592 δὲ
1228 4541 1348 4603 ταῖς
1383 4542 1532 4603 ὅλαις
1562 4543 1698 4612 ἠμέ-

1811 4554 1909 4592 nus
1949 4553 2160 4597 eorum,
2196 4551 2304 4587 non
2339 4534 2518 4586 libens
2560 4533 2765 4598 alioqui
2803 4547 2902 4583 nec
2948 4530 3157 4589 volens,
3214 4525 3382 4579 tradit

127 4643 245 4694 ραις
281 4618 370 4686 αἷς
411 4628 438 4676 6
482 4626 690 4690 δίκαιος
720 4629 903 4694 αὐτοῖς
935 4630 1417 4700 ωγκαθείργνυτο,
1445 4632 1617 4685 ἄσιτοι
1644 4634 1702 4685 τὸ

126 4721 385 4786 παράπαν
440 4719 536 4773 καὶ
573 4719 1119 4791 τροφῆςῆστινοσοῦν
1162 4724 1417 4790 ἄγευστοι
1456 4725 1706 4778 καταλεί-

126 4812 363 4878 φθησαν,
399 4811 486 4864 ἵνα
537 4811 616 4882 τῷ
664 4811 806 4881 λιμῷ
868 4812 965 4881 μὲν
1009 4812 1341 4880 πιεζόμενοι,
1384 4815 1604 4883 ἀπάσης
1650 4816 1706 4866 δὲ

123 4901 288 4968 ἄλλης
325 4903 530 4970 τροφῆς
573 4902 929 4971 ἀποροῦντες,
971 4904 1072 4956 κᾶν
1107 4905 1218 4974 ἔχοι
1257 4905 1377 4958 τινὰ
1417 4905 1645 4974 δύναμιν
1679 4907 1705 4957 6

125 4994 412 5061 προφήτης
443 4991 738 5060 εἶργουσαν
772 4994 954 5055 αὐτοῖς
980 4994 1078 5064 τὴν
1103 4995 1302 5064 ὁρμὴν,
1337 4995 1454 5048 ἀλλ’
1480 4993 1571 5050 οὖν
1603 4997 1707 5049 ὑπδ

122 5086 210 5137 τοῦ
254 5084 420 5155 λιμοῦ
441 5085 768 5153 κινούμενοι
796 5084 1088 5155 βιαίτερον,
1127 5087 1228 5155 τὴν
1251 5087 1411 5154 γένυν
1436 5089 1586 5158 αὺτῷ
1609 5107 1702 5141 τα-

125 5175 257 5240 χέως
296 5175 603 5227 ἐπιϐάλωσι
652 5173 744 5225 καὶ
773 5174 1137 5241 λσφῦξωνται.
1172 5177 1238 5228 Τί
1273 5172 1363 5230 οὖν
1409 5180 1436 5229 ό
1463 5179 1699 5248 Κύριοςς

124 5265 270 5336 Ἀρα
338 5271 454 5330 τοῖς
510 5267 719 5337 Θηρίοις
783 5267 961 5337 ψυχὴν
1018 5269 1516 5338 ὲξομολογουμένην
1553 5273 1703 5340 αὐτῷ

127 5357 525 5428 παραδίδωσινς
561 5360 595 5430 ῆ
618 5359 779 5424 σώζει
815 5361 911 5426 μὲν
937 5361 1001 5412 ὲκ
1037 5361 1307 5428 στόματος
1337 5363 1587 5427 λεόντων,
1628 5364 1704 5432 τῷ

124 5450 261 5520 λιμῷ
293 5450 349 5503 δὲ
385 5452 677 5513 πιέζεσθαι
735 5452 1081 5518 καταλείπει;
1135 5453 1167 5523 ῆ
1213 5455 1419 5523 τροφὴν
1482 5456 1580 5524 μὲν
1627 5456 1707 5518 είς

129 5542 322 5608 βρῶσιν
354 5543 544 5612 ὀρέγει
589 5544 679 5597 διά
725 5561 870 5606 τινος
907 5545 1016 5597 τῶν
1048 5545 1351 5614 ἀλλογενῶν
1378 5546 1469 5598 δαὶ
1509 5549 1703 5615 imp"

125 5638 371 5704 τμήτωνς
421 5633 626 5690 πολλοῦ
677 5651 740 5703 γε
795 5638 889 5689 καὶ
916 5636 1014 5701 δεῖ,
1049 5637 1163 5690 ἀλλ’
1206 5639 1292 5695 ἶνα
1351 5639 1437 5692 διὰ
1486 5641 1704 5694 πὶντων

206 5825 220 5857 ³
264 5823 384 5878 Act.
420 5837 562 5886 xvtt,
599 5818 692 5873 28,

1803 4641 2011 4683 tamen.
2038 4627 2117 4680 llli
2151 4641 2277 4678 vero
2309 4639 2433 4679 cum
2479 4639 2606 4677 eum
2659 4621 3021 4690 accepissent,
3047 4635 3238 4672 rursus
3284 4618 3382 4672 de-

1802 4721 2030 4774 mittunt
2057 4718 2111 4772 in
2147 4718 2325 4770 lacum
2357 4716 2603 4769 leonum.
2633 4714 2672 4767 li
2706 4722 2863 4766 erant
2889 4721 3096 4780 septem
3127 4725 3379 4769 numero,

1805 4813 2008 4882 quibus
2028 4820 2081 4863 et
2110 4811 2218 4861 duo
2244 4823 2472 4876 corpora
2509 4816 2564 4860 et
2597 4807 2715 4858 dure
2743 4819 2872 4860 oves
2904 4803 3136 4870 singulis
3186 4800 3382 4854 diebus

1804 4912 1962 4958 erant
1993 4901 2263 4970 deputatae
2286 4897 2352 4951 ad
2376 4913 2563 4951 eorum
2589 4897 2931 4949 alimentum.
2958 4892 3063 4946 Sex
3089 4900 3271 4946 autem
3301 4902 3383 4945 to-

1813 4995 1882 5049 tis
1914 4993 2128 5054 diebus,
2161 4990 2565 5060 quibusjustus
2598 4987 2699 5040 fuit
2731 5002 2854 5039 cum
2895 4985 2976 5037 eis
3006 4985 3273 5048 inclusus,
3301 5000 3386 5036 re—

1808 5084 1922 5138 licti
1951 5092 2076 5138 sunt
2102 5081 2516 5148 omninojcjuni
2539 5089 2593 5132 et
2616 5078 2794 5130 omnis
2819 5076 3063 5129 alimenti
3089 5083 3380 5143 expertes:

1809 5187 1869 5229 ut
1903 5176 2040 5228 fame
2068 5172 2287 5240 quidem
2321 5170 2589 5239 oppressi,
2627 5179 2679 5221 et
2715 5168 2864 5220 omni
2894 5169 3001 5220 alio
3036 5167 3381 5220 nutrimento

1805 5277 2076 5329 carentes,
2129 5264 2342 5320 etiamsi
2397 5264 2664 5331 propheta
2701 5261 2932 5313 haberet
2986 5261 3225 5326 aliquam
3263 5259 3379 5312 vir-

1805 5368 1999 5421 tutem,
2030 5374 2150 5427 qua:
2174 5369 2365 5409 eorum
2397 5363 2613 5407 arceret
2641 5353 2929 5421 impetum,
2964 5361 3017 5402 at
3049 5349 3191 5404 fame
3225 5359 3376 5402 certe

1808 5452 2029 5520 impulsi
2051 5448 2361 5510 violentius,
2386 5446 2632 5500 maxillas
2665 5444 2920 5498 celeriter
2943 5442 2995 5495 in
3023 5456 3147 5496 eum
3176 5439 3382 5493 immit-

1812 5550 1993 5596 terent
2039 5554 2100 5593 ac
2135 5539 2531 5606 discerperent.
2586 5535 2726 5602 Quid
2753 5551 2884 5604 ergo
2917 5532 3221 5587 Dominus?
3249 5531 3382 5583 Tra-

1810 5637 1961 5691 ditne
1995 5635 2124 5689 leris
2162 5634 2556 5702 animam,qu:e
2581 5644 2706 5686 eum
2737 5626 3067 5684 conﬁtetur?
3089 5635 3382 5679 autservat
