3972 6434
586 384 695 453 399

1886 387 2170 449 MENSIS
2202 388 2499 451 JULIUS.

3727 402 3835 462 (00

585 499 806 569 quidem
832 513 894 551 ex
933 513 1025 551 ore
1053 499 1309 554 leonum?
1346 501 1625 567 Relinquit
1657 511 1837 555 autem
1864 517 1987 556 eum
2015 502 2155 554 fame

2281 501 2375 551 τότε
2428 502 2837 569 παντοδύναμον
2870 503 3035 555 αὑτοῦ
3094 504 3195 574 τῆς
3250 507 3428 576 ίσχυος
3486 509 3578 562 καὶ
3622 510 3687 563 τὸ
3726 513 3836 563 τῶν

589 593 916 647 moriturum
941 609 952 651 ;
982 600 1073 645 aut
1096 592 1413 645 alimentum
1430 593 1649 661 quidem
1669 594 1869 662 prtebet
1893 597 1957 647 ad
1972 610 2149 650 esum.

586 684 680 737 sed
739 699 837 752 per
893 683 1250 753 alienigenam
1301 682 1537 751 aliquem
1579 695 1633 739 et
1668 684 2154 739 incircumcisum?

588 775 818 829 Multum
845 775 1021 829 abest.
1052 774 1156 829 Sed
1181 784 1239 828 ut
1268 790 1365 843 per
1387 776 1568 828 omnia
1600 779 2010 845 omnipotentes
2037 777 2157 845 ejus

588 863 735 917 vires
770 872 824 918 et
888 863 1184 919 ineﬂabilis
1246 864 1623 920 misericordia
1660 868 1813 921 ﬁeret
1844 867 2155 927 manifesta,

588 954 773 1007 divina
801 954 1022 1023 quidem
1057 970 1218 1007 manu
1260 954 1629 1009 obstruuntur
1667 972 1761 1010 ora
1793 957 2036 1015 leonum.
2076 956 2155 1013 vel

589 1042 839 1111 protinus
870 1045 969 1113 ipsi
1005 1044 1218 1114 seipsos
1268 1048 1640 1114 comprimunt
1687 1062 1750 1100 ac
1800 1046 2150 1109 contrahunt,

590 1136 815 1203 angulos
871 1136 1193 1200 subeuntes,
1222 1146 1276 1191 et
1304 1153 1406 1191 nec
1435 1154 1652 1193 sacrum
1705 1153 1904 1207 corpus
1930 1138 2155 1192 omnino

588 1226 857 1283 audentes
878 1230 1145 1299 attingere
1174 1246 1186 1282 :
1224 1230 1319 1284 sed
1352 1241 1609 1301 tanquam
1631 1231 1854 1300 quidam
1886 1232 2155 1290 satellites

2262 595 2563 667 οἰκτιρμῶν
2598 596 2909 666 ἀπόρρητον
2946 598 3258 666 καταφανδς
3293 600 3538 669 γένηται,
3587 606 3835 673 ἐμφράτ-

2262 702 2413 737 τεται
2445 686 2543 753 μὲν
2572 685 2693 756 θείᾳ⁵
2726 688 2953 758 παλάμῃ
2981 688 3209 741 λεόντων
3240 690 3506 760 στόματα,
3543 694 3749 760 μᾶλλον
3784 695 3839 747 δὶ

2265 768 2357 826 καὶ
2390 775 2526 844 πρὸς
2562 776 2793 837 ἑαυτοὺς
2824 776 3204 831 συστέλλονται
3232 781 3351 842 ταῖς
3380 781 3608 847 γωνίαις
3659 800 3837 853 παρα-

2262 865 2511 934 δυόμενοι
2558 867 2650 919 καὶ
2684 868 2811 935 μηδ’
2838 869 2972 932 ὅλως
3011 870 3155 940 ἱεροῦ
3191 870 3442 940 σώματος
3474 874 3841 943 παραψαῦσαι

2263 957 2594 1025 τολμῶντες,
2630 959 2742 1013 ἀλλ’
2774 947 2962 1030 ὥσπερ
2992 961 3280 1032 δορυφόροι
3303 963 3447 1024 τινὲς
3482 962 3627 1015 εὖνοί
3655 980 3715 1015 τε
3749 969 3838 1018 καὶ

2264 1048 2577 1101 πιστότατοι
2600 1050 2691 1102 τὸν
2714 1051 2923 1104 ἑαυτῶν
2938 1052 3293 1119 φυλάττοντες
3312 1053 3559 1121 βασιλέα,
3583 1054 3679 1107 καὶ
3704 1054 3841 1122 μηδὲ

2265 1138 2357 1191 τοῦ
2388 1138 2545 1207 λιμοῦ
2583 1140 2886 1209 μνησθῆναι
2940 1142 3045 1195 ὑπὸ
3101 1142 3195 1196 τοῦ
3246 1144 3635 1214 περικειμένου
3689 1143 3844 1205 δέους

2268 1232 2448 1291 αὐτοῖς
2477 1232 2949 1301 συγχωρούμενοι.

587 1317 836 1373 benevoli
890 1336 952 1373 ac
992 1321 1198 1381 ﬁdeles,
1232 1338 1392 1377 suum
1442 1336 1624 1392 regem
1660 1323 2059 1389 custodientes,
2104 1330 2159 1377 et
2199 1338 2339 1393 quos
2397 1338 2507 1377 nec-
2565 1323 2721 1379 famis
2754 1324 2975 1393 quidem
3005 1326 3321 1382 meminisse
3345 1327 3587 1396 sinebat,
3616 1330 3716 1399 qui
3744 1346 3846 1387 eos

589 1412 839 1477 urgeb..t,
871 1426 1067 1467 metus.

659 1504 847 1558 XXIV.
906 1504 1036 1558 Erat
1095 1516 1277 1561 autem
1321 1508 1460 1562 alius
1490 1510 1713 1577 quidam
1778 1511 2043 1581 propheta
2101 1512 2156 1566 in

585 1595 793 1649 Judma.
826 1596 876 1650 is
908 1604 1025 1651 erat
1050 1613 1205 1653 sacer
1229 1598 1505 1666 Habaeuc,
1538 1617 1701 1671 quem
1728 1603 1840 1656 scio
1865 1604 1999 1659 satis
2038 1614 2156 1657 orn-4

588 1690 751 1741 nibus
785 1705 905 1743 esse
956 1702 1169 1745 notum.
1200 1692 1250 1747 ls
1274 1709 1425 1763 ergo,
1476 1710 1599 1748 eum
1654 1710 1849 1764 panem
1905 1696 1957 1749 in
2004 1696 2157 1751 disco

2333 1513 2459 1565 KA'.
2490 1505 2683 1564 Ἦνδὲ
2715 1525 2797 1572 τις
2827 1510 2987 1573 ἄλλος
3013 1510 3300 1581 προφήτης
3321 1512 3381 1563 ἐν
3427 1513 3683 1583 Ἰουδαίᾳ,
3710 1514 3738 1565 ό
3775 1516 3847 1565 is-

2259 1604 2350 1674 ρος
2386 1603 2709 1674 Ἀμϐακοῦμ
2741 1600 2915 1665 οὗτος,
2947 1603 3318 1678 ὂνχνὼριμον
3355 1598 3495 1655 εἶναι
3536 1607 3706 1658 πᾶσιν
3741 1608 3847 1659 tito

2242 1696 2486 1761 οίσταμαι
2514 1709 2527 1722 ’
2574 1688 2729 1756 οὗτος
2765 1690 2857 1746 οὖν
2892 1695 3090 1761 ἀρτους
3138 1695 3194 1745 ἐν
3226 1696 3417 1745 πίνακι
3450 1694 3760 1763 διαθρύψας
3789 1698 3850 1746 τὸ

590 1782 1007 1837 comminuisset
1038 1794 1092 1837 ct
1116 1786 1205 1854 jus
1229 1787 1276 1839 ei
1312 1787 1647 1853 immisisset,
1677 1788 1864 1841 abibat
1896 1798 1955 1841 ut
1991 1788 2157 1843 ferret

2284 1783 2443 1853 ψημά
2490 1801 2549 1836 τε
2598 1784 2810 1847 τούτοις
2862 1784 3159 1851 ἐπιϐαλὼν,
3214 1786 3383 1856 ἀπῄει
3436 1786 3681 1853 κομίζων
3731 1788 3849 1847 τοῖς

589 1875 655 1927 ad
709 1890 1015 1940 messores;
1049 1885 1167 1931 erat
1199 1878 1345 1930 enim
1386 1886 1603 1946 tempus
1642 1879 1869 1932 aestatis.
1920 1879 2159 1947 Angelus

2281 1876 2546 1943 ὶερισταίς
2584 1876 2795 1944 (θέρους
2828 1878 2933 1947 γὰρ
2973 1872 3040 1946 ἦν
3068 1880 3094 1929 ό
3121 1878 3353 1947 καιρός),
3387 1878 3618 1944 ἄγγελος
3644 1878 3700 1930 δὲ
3736 1879 3853 1931 Κυ-

589 1978 768 2023 autem
809 1969 1025 2023 Domini
1054 1970 1102 2024 ei
1139 1970 1412 2039 apparuit,
1448 1970 1688 2041 etjussit
1740 1986 1865 2024 eum
1916 1969 1967 2024 id
2016 1969 2162 2024 ferre

589 2060 920 2129 Babylonem
948 2060 1013 2113 ad
1042 2061 1340 2117 Danielem.
1374 2060 1510 2115 Cum
1538 2060 1583 2113 is
1612 2075 1741 2114 vero
1764 2060 2157 2130 ignorantiam,

589 2160 643 2203 et
669 2166 786 2207 esse
810 2152 1103 2206 maximum
1130 2151 1272 2220 quod
1301 2151 1589 2206 intercedit
1614 2153 1877 2221 spatium,
1908 2160 1963 2206 et
1993 2167 2157 2222 quam

592 2240 812 2296 dililcile
859 2252 1004 2297 esset
1039 2244 1387 2312 imperatum,
1420 2245 1744 2313 adduceret,
1777 2248 2032 2316 protinus
2060 2262 2162 2301 an-

594 2334 747 2401 gelus
778 2348 987 2388 comam
1023 2336 1216 2404 capitis
1240 2338 1627 2406 apprehendit,
1649 2348 1705 2390 et
1725 2341 2001 2392 momento
2024 2340 2163 2391 tem-

594 2425 745 2493 pOris
777 2425 984 2494 impetu
1042 2428 1298 2482 ducentis
1334 2429 1560 2497 spiritus
1588 2444 1863 2499 expansus
1888 2430 2037 2483 stetit
2068 2444 2163 2483 su-

594 2531 692 2584 per
744 2518 919 2572 lacum
972 2535 984 2570 :
1022 2528 1077 2572 et
1110 2520 1404 2588 appellavit
1437 2521 1529 2576 Dei
1566 2522 1829 2585 vinctum,
1865 2532 1921 2577 et
1976 2522 2114 2576 dixit
2149 2539 2161 2575 :

594 2606 795 2676 Accipe
842 2609 981 2662 hanc
1033 2624 1266 2675 coenam,
1297 2627 1458 2679 quam
1492 2612 1635 2667 Deus
1674 2612 1740 2666 ad
1790 2621 1840 2666 te
1874 2614 2042 2675 misit,
2085 2613 2162 2667 tui

596 2716 848 2770 magnam
875 2717 1061 2756 curam
1092 2717 1308 2773 gerens.
1346 2703 1469 2759 Hrec
1501 2705 1776 2761 Habacuc.
1812 2707 2039 2776 Magnus
2065 2722 2163 2759 au-

596 2798 707 2845 tem
744 2792 929 2847 Daniel
984 2794 1038 2847 in
1091 2796 1423 2851 contritione
1472 2798 1698 2865 spiritus
1736 2806 1791 2851 et
1856 2797 2165 2850 humilitate

597 2883 792 2937 animze
826 2902 837 2936 :
869 2884 1112 2965 Meminit
1144 2902 1275 2940 vero
1316 2888 1421 2941 mei
1455 2888 1619 2951 Deus,
1657 2888 1958 2957 respondit,
1989 2887 2167 2942 ﬁdelis

596 2989 701 3028 vox
762 2984 844 3032 est
905 2992 1093 3030 revera
1150 2977 1359 3039 famuli,
1399 2980 1674 3048 quomodo
1720 2979 1899 3034 bonus
1946 2995 2166 3048 quoque

598 3062 864 3117 Dominus
889 3065 1011 3134 ejus
1036 3079 1222 3120 curam
1250 3068 1407 3136 gerit.
1436 3068 1663 3132 Deinde,
1695 3084 1816 3122 cum
1844 3070 2163 3137 accepisset,

601 3156 843 3211 comedit
878 3174 890 3209 :
926 3158 1039 3227 ipse
1068 3164 1251 3212 autem
1286 3159 1566 3220 Habacuc,
1598 3175 1719 3213 cum
1752 3161 1942 3213 eadem
1976 3174 2166 3213 rursus

2269 1967 2387 2037 ρίου
2430 1968 2738 2035 ἐπιφανεὶς,
2793 1969 3159 2038 μετακομίσαι
3206 1970 3367 2021 τοῦτο
3417 1971 3492 2032 εἰς
3544 1968 3850 2023 Βαϐυλῶνα

2263 2060 2342 2129 τῷ
2378 2060 2576 2129 Δανιὴλ
2623 2061 2923 2114 ἐπέταττε·
2970 2059 3064 2113 τοῦ
3107 2060 3163 2113 δὲ
3213 2060 3309 2131 τὴν
3364 2060 3589 2127 ἄγνοιαν
3641 2061 3741 2114 καὶ
3792 2063 3854 2113 τὸ

2266 2149 2525 2219 πάμπολυ
2556 2144 2698 2201 εἶναι
2728 2149 2789 2199 τὸ
2825 2148 3029 2216 μεταξὺ
3072 2148 3350 2217 διάστημα
3378 2149 3438 2199 τὸ
3470 2150 3758 2217 ἀμήχανόν
3788 2168 3853 2202 τε

2268 2240 2712 2313 προϐαλλομένου
2770 2238 2863 2293 τοῦ
2912 2239 3309 2309 ἐπιτάγματος,
3346 2239 3545 2291 αὐτίκα
3577 2240 3715 2307 πρὸς
3754 2244 3853 2294 τοῦ

2268 2334 2501 2402 ἀγγέλου
2554 2335 2652 2403 τὴν
2705 2334 2881 2401 κόμην
2937 2334 3303 2403 επιληφθῆναι
3348 2335 3448 2402 τῆς
3493 2334 3741 2404 κεφαλῆς
3791 2338 3854 2386 ιν

2268 2428 2468 2496 ἀκαρεῖ
2496 2443 2555 2479 τε
2586 2423 2664 2496 τῷ
2702 2422 2865 2495 ῥοίζῳ
2888 2424 2980 2478 τοῦ
3013 2426 3237 2492 ἄγοντος
3262 2426 3577 2495 πνεύματος
3608 2428 3854 2481 ἐκπεταο

2271 2519 2470 2572 σθέντα
2504 2517 2689 2570 ἐπάνω
2716 2518 2907 2585 στῆναι
2935 2517 3027 2570 τοῦ
3048 2517 3251 2571 λάκκου
3280 2520 3371 2572 καὶ
3400 2519 3853 2589 προσαγορεῦσαι

2268 2609 2359 2661 τὸν
2415 2609 2634 2679 δέσμιον
2695 2610 2813 2661 ἐκεῖ
2846 2613 2939 2663 τοῦ
3000 2609 3171 2663 Θεοῦ·
3216 2613 3307 2663 καὶ
3361 2610 3512 2675 δέξαι
3576 2612 3733 2664 τουτὶ
3786 2614 3853 2665 τὸ

2267 2698 2503 2762 δεῖπνον,
2537 2700 2739 2763 εἰπεῖν,
2784 2701 2811 2751 ὁ
2875 2700 3003 2761 Θεός
3060 2717 3140 2752 σοι
3198 2701 3339 2769 μάλα
3406 2702 3703 2770 κηδόμενος
3763 2704 3854 2769 ἑξ-

2271 2791 2583 2845 απέστειλε,
2610 2790 2793 2844 Ταῦτα
2824 2793 2851 2843 ό
2889 2793 2941 2844 Ἀ
2955 2791 3233 2860 μϐακοῦμ.
3276 2792 3334 2844 Ὀ
3358 2793 3529 2861 μέγας
3562 2795 3617 2846 δὲ
3647 2794 3853 2864 Δανιὴλ

2272 2883 2330 2933 ἐν
2390 2881 2648 2952 συντριϐῇ
2719 2883 3026 2951 πνεύματος
3085 2883 3178 2935 καὶ
3236 2882 3569 2935 ταπεινώσει
3626 2882 3853 2951 ψυχῆςο

2284 2974 2557 3042 Ἐμνήσθη
2608 2976 2665 3025 δέ
2716 2992 2813 3042 μου
2851 2975 2878 3025 ὁ
2928 2974 3081 3036 Θεός,
3124 2975 3457 3043 ἀπεκρίνατο
3485 2988 3497 3001 ·
3535 2974 3729 3027 πιστοῦ
3772 2976 3859 3045 τῷ

2270 3066 2383 3119 ὄντι
2441 3066 2770 3137 θεράποντος
2832 3067 2865 3136 ὴ
2916 3067 3086 3135 φωνὴ,
3123 3066 3309 3136 ὥσπερ
3352 3068 3460 3137 ἄρα
3496 3067 3609 3142 ,καὶ
3638 3068 3855 3133 ἀγαθοῦ

2273 3158 2545 3211 Δεσπότου
2573 3160 2603 3227 ἠ
2629 3158 2762 3225 ’περὶ
2795 3158 2955 3211 αὑτὸν
2983 3158 3208 3226 πρόνοια
3235 3174 3251 3189 ο
3289 3152 3406 3209 εἷτα
3432 3157 3529 3209 καὶ
3554 3150 3859 3225 δέξάμενος

602 3246 806 3301 virtute
841 3246 974 3300 illud
1005 3248 1331 3303 immensum
1391 3250 1777 3304 transvolasset
1822 3250 2079 3319 spatium,
2117 3249 2171 3319 (o

2281 3246 2510 3314 ἔφαγεν
2548 3249 2711 3302 αὑτὸν
2734 3248 2787 3299 δὲ
2820 3250 3162 3316 παραχρῆμα
3198 3247 3290 3297 τὸν
3330 3246 3655 3314 Ἀμϐακοῦμ
3690 3247 3859 3308 αὖθις

603 3340 964 3403 celeritatem,
987 3342 1275 3396 odivinam
1302 3344 1705 3412 pernicitatem)
1733 3354 2011 3398 momento
2036 3353 2174 3397 tem-

602 3433 756 3500 poris
781 3431 853 3485 ita
906 3446 1005 3484 suo
1034 3432 1136 3485 fuit
1164 3434 1286 3485 loco
1320 3434 1629 3497 restitutus,
1656 3442 1717 3485 ut
1760 3435 2001 3485 nondum
2031 3448 2173 3501 prae-

607 3523 847 3578 teriisset
874 3523 1005 3576 hora
1040 3522 1254 3593 prandii
1288 3524 1642 3578 messoribus.
1682 3525 1858 3593 Atque
1902 3523 2005 3577 hoc
2048 3523 2173 3593 qui-

604 3615 729 3669 dem
754 3631 879 3669 cum
905 3616 976 3669 sit
1008 3617 1166 3684 plane
1198 3616 1483 3688 soliusDci
1510 3630 1647 3683 Opus
1671 3623 1725 3669 et
1750 3615 1869 3684 ejus
1896 3614 2177 3667 immensa:

607 3708 890 3772 potentiae,
920 3708 1095 3773 majus
1124 3722 1186 3759 ex
1232 3722 1290 3760 se
1335 3708 1501 3760 habet
1532 3708 1881 3771 miraculum,
1916 3722 2081 3777 quam
2116 3714 2176 3760 ut

609 3798 661 3851 id
717 3802 888 3867 possit
937 3796 1157 3867 assequi
1208 3812 1390 3852 sermo
1422 3798 1502 3851 vel
1549 3797 1833 3866 cogitatio.
1879 3798 2052 3867 Atque
2083 3813 2176 3852 sex

608 3892 827 3960 quidem
861 3890 977 3945 dies
1008 3890 1087 3945 sic
1117 3891 1475 3954 transierunt,
1514 3888 1795 3944 Dauielem
1817 3888 1871 3942 in
1897 3889 2016 3943 lacu
2047 3904 2177 3943 con-

609 3996 910 4041 servantes.
942 3985 1115 4055 Cyrus
1147 3996 1325 4040 autem
1354 3987 1585 4053 septimo
1616 3987 1703 4041 die
1736 3985 1890 4049 abiit,
1944 3993 2000 4038 ut
2040 3983 2177 4037 ami—

610 4093 733 4131 cum
759 4079 870 4148 jam
908 4078 1119 4146 lugeret
1148 4086 1445 4131 mortuum.
1475 4075 1609 4131 Cum
1646 4093 1776 4129 vero
1812 4077 2176 4146 despcxisset,

609 4185 665 4226 et
697 4173 919 4226 vidisset
956 4173 1132 4241 ipsum
1163 4173 1443 4226 sedentem
1470 4172 1523 4224 in
1554 4171 1672 4224 lacu
1704 4170 1957 4232 illaesum,
1983 4185 2179 4239 magna

613 4281 745 4320 voce
776 4264 1019 4318 laudavit
1052 4266 1219 4318 Deum
1249 4278 1429 4317 rerum
1459 4261 1889 4324 admirabilium,
1928 4269 1983 4313 et
2010 4260 2183 4330 magis

613 4374 776 4427 quam
812 4358 965 4425 prius
988 4356 1221 4415 Darius;
1253 4366 1307 4408 et
1346 4355 1497 4407 illum
1556 4355 1776 4422 quidem
1815 4355 1964 4409 illinc
2020 4371 2182 4423 quam

615 4451 852 4517 primum
882 4450 1120 4502 extraxit
1162 4466 1172 4499 :
1206 4462 1301 4500 eos
1328 4454 1532 4509 autem,
1560 4446 1653 4513 qui
1717 4446 1767 4498 ei
1807 4455 2009 4498 temere
2043 4445 2185 4497 invi-

2273 3341 2341 3408 τῇ
2370 3338 2506 3407 αὐτῇ
2563 3338 2789 3406 δυνάμει
2839 3338 2900 3390 τὸ
2954 3338 3148 3409 μυρίον
3197 3338 3373 3389 έκεῖνο
3423 3336 3720 3407 διάστημα,
3775 3339 3863 3393 δι-

2276 3430 2527 3484 απτάντα
2558 3428 2623 3499 (ὦ
2649 3428 2742 3481 τοῦ
2770 3429 2987 3499 τάχους,
3012 3428 3057 3480 ὣ
3084 3430 3183 3497 τῆς
3216 3429 3365 3505 θείας
3386 3427 3641 3498 ὀξύτητος
3668 3430 3681 3481 l
3706 3436 3726 3499 )
3762 3428 3863 3482 οὔ·

2276 3536 2384 3583 τως
2437 3522 2495 3572 ὲν
2527 3522 2659 3589 ῥιπῇ
2723 3519 2859 3588 πρὸς
2893 3518 2984 3572 τὸν
3016 3521 3218 3571 οἰκεῖον
3262 3507 3611 3590 ἀνασωθῆναι
3660 3520 3858 3585 τόπον,

2274 3608 2350 3671 ὡς
2399 3608 2473 3679 μὴ
2519 3609 2965 3679 παρελκυσθῆναι
3014 3609 3113 3676 τὴν
3145 3609 3294 3678 ὥραν
3333 3611 3427 3662 τοῦ
3473 3611 3699 3680 ἀρίστου
3741 3615 3865 3676 τοῖς

2280 3700 2557 3771 θερισταῖς
2584 3717 2597 3730 ο
2631 3702 2787 3752 τοῦτο
2820 3701 2919 3769 μὲν
2948 3698 3043 3753 οὖν
3075 3702 3237 3770 μόνου
3284 3700 3539 3771 καθαρῶς
3588 3702 3751 3771 ἔργον
3796 3705 3866 3759 δν

2278 3793 2371 3847 τοῦ
2428 3784 2563 3847 Θεοῦ
2626 3793 2719 3845 καὶ
2776 3793 2875 3863 τῆς
2926 3793 3340 3862 παντοδυνάμου
3377 3794 3573 3864 ῥοπῆς,
3626 3795 3865 3848 αὐτόθεν

2278 3886 2393 3954 ἔχει
2428 3885 2487 3937 τὸ
2515 3884 2700 3953 θαῦμα
2730 3885 2761 3955 ἢ
2796 3884 2935 3938 κατά
2955 3885 3112 3952 λόγου
3138 3885 3231 3937 καὶ
3256 3883 3469 3954 φρενῶν
3499 3885 3750 3955 δύναμιν.
3791 3886 3865 3939 Ἦ

2280 3977 2413 4043 ’ἐκτη
2452 3977 2549 4043 μὲν
2594 3975 2685 4027 οὖν
2738 3974 2917 4037 οὕτως
2962 3977 3303 4045 ἐπεραίνετο,
3331 3976 3423 4027 τὸν
3462 3976 3662 4046 Δανιὴλ
3693 3980 3752 4031 ιν
3782 3978 3867 4047 τῷ

2282 4066 2471 4137 λάκκῳ
2500 4064 2853 4135 διατηροῦσα.
2879 4064 3060 4135 Κύρος
3081 4065 3136 4117 δὲ
3163 4068 3225 4136 τῇ
3248 4064 3452 4139 ἑϐδόμῃ
3489 4066 3653 4135 ἀπῄει
3677 4067 3753 4129 ὡς
3776 4085 3869 4120 τε-

2285 4154 2519 4225 θνηκότα
2562 4156 2663 4226 ήδη
2699 4155 2790 4207 τὸν
2831 4154 2983 4223 φίλον
3024 4155 3343 4226 πενθήσων·
3390 4154 3639 4224 ἐγκύψας
3680 4155 3737 4208 δὲ
3769 4159 3871 4211 καὶ

2290 4249 2412 4301 ἰδὼν
2442 4250 2603 4301 αὑτὸν
2632 4251 2687 4300 ἐν
2712 4248 2787 4318 τῷ
2810 4250 2998 4319 λάκκῳ
3030 4250 3338 4317 καθήμενον
3372 4248 3607 4318 ἀϐλαϐῆ,
3646 4248 3870 4319 μεγάλῃ

2287 4343 2437 4409 φωνῇ
2477 4341 2566 4392 τὸν
2597 4340 2705 4391 τῶν
2748 4339 3069 4407 θαυμασίων
3111 4339 3268 4407 ὕμνει
3299 4340 3433 4389 Θεὸν
3460 4340 3554 4389 καὶ
3593 4339 3805 4405 μᾶλλον
3827 4339 3868 4410 ἢ

2289 4432 2512 4499 Δαρεῖος
2547 4430 2606 4480 τὸ
2639 4430 2905 4498 πρότερον
2928 4446 2941 4459 ο
2977 4430 3069 4481 καὶ⁵
3103 4430 3195 4479 τὸν
3233 4426 3333 4496 μὲν
3373 4425 3584 4478 ἐκεῖθεν
3614 4426 3874 4480 ἀνείλκυ-

615 4516 838 4606 debant,
891 4540 1155 4596 continuo
1188 4538 1409 4592 demisit
1468 4535 1814 4591 devorandos
1852 4552 1880 4589 a
1909 4535 2171 4590 leonibus.

2295 4537 2385 4572 σεν
2420 4521 2478 4573 ὲν
2526 4520 2729 4590 σπουδῇ
2759 4534 2772 4549 ο
2824 4520 2952 4582 τοὺς
2970 4519 3038 4571 δὲ
3077 4520 3254 4588 μάτην
3285 4517 3433 4587 αὑτῷ
3471 4516 3874 4587 βασκαίνοντας

617 4631 707 4687 Sic
768 4632 1027 4686 etiamin
1069 4632 1325 4701 gentibus
1384 4630 1737 4699 cognoscitur
1778 4630 1921 4683 Deus
1979 4630 2185 4698 judicia

619 4724 845 4787 faciens,
881 4732 939 4775 ut
974 4723 1025 4775 in
1061 4723 1321 4791 operibus
1351 4735 1617 4773 manuum
1660 4722 1904 4788 ipsorum
1939 4736 2188 4787 compre—

623 4814 936 4869 hendantur
983 4822 1325 4883 peccatores,
1360 4810 1658 4882 providens
1691 4809 1852 4863 modo
1895 4808 2181 4862 ineﬂ‘abili.

624 4908 746 4961 Fuit
790 4923 919 4976 ergo
968 4917 1152 4974 postea
1186 4905 1373 4959 Daniel
1411 4912 1465 4958 et
1498 4904 1638 4973 regis
1674 4904 1977 4964 convictor,
2011 4902 2184 4956 hono-

624 5014 849 5067 remque
882 5006 944 5050 et-
970 4997 1197 5066 gloriam
1232 4998 1375 5064 apud
1404 4996 1581 5063 ipsum
1610 5003 1695 5047 est
1726 5002 2059 5048 consecutus
2093 5008 2153 5045 su
2176 5020 2188 5027 -

622 5106 717 5160 pra
743 5102 934 5145 omnes
962 5089 1078 5156 ejus
1108 5087 1325 5141 amicos.

692 5271 855 5325 XXV.
889 5269 993 5325 Sed
1022 5280 1077 5323 et
1106 5283 1295 5323 rursus
1328 5268 1666 5323 admirabilis
1699 5267 1883 5321 Daniel
1930 5275 2189 5321 consueta

623 5364 853 5427 faciens,
887 5374 943 5417 et
990 5377 1348 5431 perseverans
1385 5361 1437 5413 in
1490 5360 1556 5413 ab
1602 5361 1758 5414 initio
1790 5369 1967 5427 empta
2018 5359 2191 5412 absti-

628 5460 830 5516 nentia,
860 5470 1052 5510 rursus
1088 5455 1287 5508 talibus
1335 5453 1529 5521 dignus
1559 5462 1642 5506 est
1677 5453 1896 5506 habitus
1946 5461 2193 5507 contem-

626 5549 981 5621 plationibus.
1012 5547 1111 5601 Fui
1136 5548 1301 5605 enim.
1331 5547 1508 5614 inquit
1532 5546 1641 5605 ille,
1679 5554 1788 5597 tres
1821 5546 2031 5599 dierum
2066 5545 2198 5599 heb-

629 5641 890 5695 domadas
949 5639 1221 5710 jejunans.
1260 5637 1458 5691 Panem
1486 5640 1631 5690 enim
1656 5637 2053 5692 desideriorum
2087 5654 2191 5692 non

626 5733 859 5797 comedi,
891 5743 946 5787 et
971 5748 1096 5787 caro
1126 5742 1180 5786 et
1217 5732 1403 5784 vinum
1430 5746 1535 5783 non
1560 5729 1781 5782 intravit
1810 5731 1861 5783 itt
1886 5746 1945 5784 os
1970 5746 2147 5783 meum
2179 5749 2190 5783 :

628 5836 683 5883 et
739 5837 1014 5899 unguento
1048 5840 1157 5881 non
1200 5824 1276 5880 fui
1310 5832 1532 5889 unctus,
1568 5822 1740 5877 donec
1770 5822 1975 5892 impleti
2013 5830 2196 5883 essent

2294 4614 2519 4683 ἑτοίμην
2556 4614 2717 4676 εὐθὺς
2750 4615 2861 4675 τοῖς
2894 4614 3077 4665 λέουσι
3125 4611 3331 4680 καθῆκε
3383 4608 3549 4679 βοράν
3576 4626 3589 4639 ’
3622 4609 3770 4663 οὕτω
3803 4609 3873 4679 δὴ

2292 4707 2397 4756 κάν
2429 4706 2540 4765 τοῖς
2580 4703 2759 4753 ἔθνεσι
2790 4702 3121 4769 γινώσκεται
3158 4701 3363 4769 Κύριος
3408 4700 3659 4769 κρίματα
3696 4701 3875 4752 ποιῶν

2292 4798 2349 4848 ὲν
2378 4798 2486 4857 τοῖς
2521 4795 2701 4864 ἔργοις
2727 4811 2784 4845 τε
2821 4793 2927 4846 τῶν
2953 4793 3151 4862 χειρῶν
3181 4790 3360 4844 αὐτῶν
3380 4791 3638 4862 ἀρρήτως
3665 4792 3875 4844 οίκονου

2299 4888 2435 4957 μῶν,
2468 4887 2590 4947 τοὺς
2621 4884 2978 4955 ἁμαρτωλοὺς
3021 4883 3529 4954 συλλαμϐάνεσθαιο
3568 4878 3636 4952 ἦν
3670 4882 3767 4935 οὖν
3813 4884 3880 4935 τὸ

2300 4984 2435 5051 μετὰ
2459 4979 2631 5033 ταῦτα
2662 4979 2689 5029 ὁ
2711 4979 2909 5048 Δανιὴλ
2938 4980 3249 5046 συμϐιωτής
3278 4992 3335 5027 τε
3358 4975 3449 5027 τοῦ
3482 4975 3755 5043 βασιλέως
3780 4978 3881 5029 καὶ

2296 5076 2461 5143 τιμῆς
2497 5074 2625 5142 παρ’
2654 5073 2801 5141 αὐτῷ
2836 5073 2927 5123 καὶ
2954 5071 3107 5139 δόξης
3134 5069 3272 5140 ὑπὲρ
3303 5068 3511 5130 πάντας
3550 5067 3717 5118 αὐτοῦ
3752 5069 3881 5131 τοὺς

2301 5168 2485 5234 φίλους
2516 5166 2965 5231 καταξιούμενος.

2373 5255 2495 5309 KE'.
2549 5254 2709 5307 Ἄ).λὰ
2746 5254 2854 5322 γὰρ
2877 5254 2970 5305 καὶ
3002 5251 3167 5304 πάλιν
3197 5250 3395 5317 Δανιὴλ
3423 5250 3451 5299 ὁ
3480 5247 3787 5317 θαυμάσιος
3813 5251 3885 5300 τὰ

2303 5348 2505 5418 συνήθη
2537 5345 2707 5400 ποιῶν
2733 5347 2824 5397 καὶ
2847 5345 2947 5413 τῆς
2972 5344 3027 5409 ἑξ
3052 5342 3222 5411 ἀρχῆς
3250 5340 3505 5410 ἐχόμενος
3526 5341 3885 5408 ἐγκρατείας,

2300 5450 2558 5504 τοιούτων
2590 5444 2742 5510 αὖθις
2766 5445 2982 5515 ἠξιοῦτο
3007 5444 3101 5494 καὶ
3126 5441 3232 5492 τῶν
3258 5440 3500 5510 θεωρίων
3521 5454 3533 5468 '
3561 5438 3712 5506 ἥμην
3745 5438 3887 5506 γὰρ,

2302 5543 2502 5604 ἐκεῖνός
2540 5557 2693 5611 φησι,
2748 5540 2896 5608 τρεῖς
2953 5532 3253 5601 ἑϐδομάδας
3292 5529 3517 5602 ἡμερῶν
3567 5527 3888 5597 νηστεύων.

2306 5638 2507 5706 Ἄρτον
2555 5637 2662 5704 γὰρ
2717 5631 3021 5701 ἐπιθυμιῶν
3079 5628 3177 5681 οὐκ
3219 5628 3423 5695 ἔφαγον
3470 5622 3564 5675 καὶ
3606 5622 3746 5693 κρέα
3789 5622 3892 5675 καὶ

2302 5722 2442 5789 οἶνος
2487 5726 2586 5778 οὐκ
2642 5722 2891 5792 εἰσῆλθεν
2934 5723 3011 5783 είς
3044 5718 3103 5772 τὸ
3142 5719 3314 5786 στόμα
3349 5731 3473 5783 μου,
3505 5714 3595 5765 καὶ
3630 5712 3889 5777 ἄλειμμα

2302 5822 2398 5875 οὐκ
2456 5817 2764 5888 ὴλειψάμην
2807 5815 2908 5879 ἓως
2962 5810 3294 5885 πληρώσεως
3347 5805 3512 5879 τριῶν
3568 5800 3889 5870 ἑϐδομάδων
