3972 6460
156 374 241 435 401
725 436 728 439 ,
1164 380 1345 441 VITA
1383 381 1443 441 S.
1489 383 1916 449 PROPHETxE
1959 391 2342 459 DANIELIS.

157 485 384 555 ἡμερῶν.
406 485 517 539 Καὶ
538 489 595 539 ἑν
614 486 799 561 ἡμέρᾳ
818 488 1034 562 είκοστῇ
1057 491 1149 544 καὶ
1171 493 1412 566 τετάρτῃ
1446 494 1539 549 τοῦ
1570 493 1703 567 πρώ-

1822 502 1938 557 dies
1963 504 2127 560 trium
2159 508 2563 566 hebdomadum
2588 532 2602 581 ;
2624 522 2677 569 et
2701 512 2959 571 vicesimo
2984 528 3040 572 et
3062 529 3261 588 quarto
3295 522 3385 576 die

158 596 235 631 του
270 580 461 648 μηνδς,
502 580 614 648 ἐγὼ
648 581 800 652 ήμην
836 584 1071 654 ἐχόμενα
1103 584 1198 637 τοῦ
1232 588 1481 657 ποταμοῦ
1506 589 1600 643 τοῦ
1625 609 1720 660 με·

158 672 304 735 γάλου
337 672 552 742 Χωμὰρ
577 676 673 728 καὶ
694 672 803 746 ἦρα
826 678 948 739 τοὺς
974 676 1287 747 ὀφθαλμούς
1310 695 1411 748 μου
1440 682 1531 734 καὶ
1551 677 1712 735 εἶδον·

156 762 236 814 καὶ
262 763 369 816 ίδοῦ
400 766 542 835 ἀνὴρ
577 767 922 837 ἐνδεδυμένος
965 768 1146 837 βαδδὶν
1178 770 1271 822 καὶ
1297 771 1329 840 ἡ
1353 769 1525 838 ὀσφῦς
1550 771 1716 823 αὑτοῦ

154 857 561 927 περιεζωσμένη
591 861 648 911 ἑν
672 859 878 928 χρυσίῳ
894 860 1119 927 Ὀφέιτζ,
1148 861 1241 914 καὶ
1267 861 1327 915 τὸ
1359 862 1518 930 σῶμα
1548 862 1715 915 αὐτοῦ

154 944 270 996 ὡσεὶ
296 946 557 1016 Θαρσεῖς,
586 950 683 1000 καὶ
729 949 789 1001 τὸ
825 949 1116 1018 πρόσωπον
1160 950 1328 1005 αὐτοῦ
1363 950 1497 1003 ὡσεὶ
1526 953 1717 1022 ὅρασις

154 1039 452 1108 ἀστραπῆς,
471 1032 564 1092 κάι
580 1042 628 1092 οἱ
646 1040 916 1111 ὀφθαλμοὶ
953 1042 1120 1094 αὐτοῦ
1145 1043 1275 1095 ὡσεὶ
1295 1043 1580 1112 λαμπάδες
1612 1060 1719 1095 πυ·

154 1132 383 1199 ρὸς,-καὶ
416 1132 465 1182 at
515 1131 803 1201 βραχίονες
836 1134 1001 1185 αὐτοῦ
1027 1133 1120 1186 καὶ
1145 1134 1212 1185 τὰ
1246 1134 1407 1201 σκέλη
1429 1134 1503 1195 ὡς
1526 1135 1715 1203 ὅρασις

152 1223 340 1293 χαλκοῦ
378 1223 713 1290 στίλϐοντος,
753 1226 846 1279 καὶ
871 1228 903 1297 ὴ
936 1227 1087 1295 φωνὴ
1112 1227 1219 1278 τῶν
1251 1226 1425 1293 λόγων
1448 1226 1613 1278 αὑτοῦ
1639 1227 1714 1288 ὡς

152 1318 285 1385 cmi;
324 1316 512 1385 διλου.
542 1317 730 1370 Ταῦτα
760 1312 899 1370 εἶδον
940 1318 1033 1370 καὶ
1069 1321 1101 1388 ἡ
1136 1321 1289 1388 ίσχύς
1331 1336 1433 1388 μου
1467 1319 1713 1385 ἐξέλιπεν

151 1411 233 1462 ἀπ’
258 1411 419 1477 ἐμοῦ,
457 1412 548 1461 καὶ
582 1412 617 1479 ἡ
644 1409 771 1474 δόξα
802 1427 903 1480 μου
937 1413 1285 1482 μετεστράφη
1303 1412 1383 1473 είς
1416 1411 1715 1480 διαφθοράν

151 1506 230 1557 καὶ
259 1504 426 1567 εὐθὺς
457 1494 549 1557 ἐπὶ
576 1503 675 1575 τὴν
709 1505 812 1575 γῆν
839 1504 1023 1557 πίπτω
1043 1518 1058 1533 ο
1101 1505 1194 1557 καὶ
1228 1504 1336 1557 ἰδοὺ
1384 1505 1504 1575 χεὶρ
1551 1506 1716 1559 ἀπτο-

151 1597 271 1666 μὲνη
318 1613 425 1667 μου
485 1597 581 1649 καὶ
615 1597 805 1667 ἤγειρέ
844 1613 911 1666 με
952 1596 1048 1650 ἐπὶ
1091 1596 1159 1650 τά
1211 1597 1418 1665 γόνατά
1449 1614 1549 1666 μου
1593 1598 1710 1660 καὶ,

149 1690 295 1753 Σύνες
322 1691 409 1743 !...
446 1689 603 1759 φησι,
648 1690 783 1757 πρός
828 1706 923 1757 με,
946 1688 1165 1759 Δανιὴλ,
1200 1684 1342 1759 ἀνὴρ
1380 1691 1712 1760 ἐπιθυμιῶν,

148 1782 229 1833 καὶ
254 1779 412 1848 στῆθι
476 1779 570 1832 ἐπὶ
614 1782 682 1848 τῇ
737 1779 925 1832 στάσει
974 1795 1099 1847 μου,
1131 1780 1211 1831 ὅτι
1263 1778 1357 1832 νῦν
1396 1781 1712 1851 ἀπεστάλην

3283 408 3390 470 602

1820 593 1979 661 primi
2004 599 2228 665 mensis,
2252 616 2353 669 ego
2379 602 2635 657 sedebam
2671 622 2836 676 prope
2867 623 3125 685 magnum
3156 608 3385 664 ﬂuvium

1818 684 2147 755 Ciiobar;et
2169 693 2367 746 sustuli
2392 695 2582 749 oculos
2606 712 2773 762 meos,
2808 708 2862 753 et
2886 684 3020 753 vidi.
3052 700 3120 754 Et
3147 716 3278 756 ecce
3302 703 3387 755 vir

1820 777 2045 835 indutus
2075 798 2228 837 sacra
2260 785 2419 850 stola,
2455 796 2510 842 et
2538 788 2758 843 lumbus
2785 790 2902 861 ejus
2936 792 3214 847 accinctus
3248 808 3386 848 auro

1820 869 2064 941 Hopltatz
2103 892 2114 928 :
2142 886 2196 929 et
2234 891 2436 946 corpus
2461 880 2580 945 ejus
2626 891 2883 951 tanquam
2916 882 3159 946 'I‘barsis,
3187 894 3241 939 et
3268 888 3388 938 vnl-

1818 975 1908 1018 tus
1943 966 2062 1036 ejus
2104 977 2360 1039 tanquam
2397 984 2654 1041 aspectus
2682 976 2917 1046 fulguris
2954 994 2968 1031 :
3006 986 3062 1031 et
3093 978 3238 1032 oculi
3268 979 3390 1047 ejus

1820 1065 2076 1127 tauquam
2107 1061 2386 1131 lampades
2421 1065 2579 1134 ignis,
2638 1076 2691 1121 et
2725 1068 2953 1122 brachia
2998 1070 3118 1140 ejus
3157 1080 3212 1125 et
3240 1071 3387 1127 tibiae

1819 1156 2076 1216 tanquam
2111 1163 2371 1222 aspectus
2396 1157 2524 1212 atris
2580 1159 2999 1228 resplendentis.
3032 1170 3089 1215 et
3113 1177 3215 1215 vox
3263 1176 3387 1216 ver-

1818 1239 2011 1294 borum
2056 1244 2175 1313 ejus
2218 1254 2474 1315 tanquam
2510 1265 2608 1304 vox
2642 1251 2837 1307 turbae.
2869 1251 2994 1307 ILec
3025 1251 3161 1316 vidi,
3191 1262 3248 1307 et
3272 1254 3387 1308 vir-

1819 1340 1907 1386 tus
1932 1350 2049 1388 mea
2079 1336 2281 1392 defecit
2320 1355 2348 1391 a
2387 1356 2492 1403 me,
2521 1350 2575 1393 et
2613 1342 2788 1412 gloria
2825 1359 2943 1397 mea
2973 1358 3239 1398 conversa
3281 1345 3389 1399 fuit

1818 1426 1873 1479 in
1906 1426 2188 1483 interitum
2224 1448 2236 1483 :
2271 1434 2611 1489 etcominuo
2637 1436 2772 1490 cado
2825 1438 2876 1490 in
2912 1446 3136 1503 terram,
3168 1446 3223 1491 et
3260 1452 3389 1491 ecce

1818 1534 2011 1573 manus
2042 1536 2126 1575 me
2156 1532 2402 1593 tangens,
2428 1533 2487 1580 εἴ
2518 1525 2691 1581 erexit
2720 1542 2805 1580 me
2831 1542 2996 1597 super
3034 1544 3209 1599 genua
3233 1544 3384 1593 mea;

1816 1623 1872 1666 ct
1895 1613 2151 1680 Attende,
2169 1617 2366 1685 inquit,
2384 1617 2449 1671 ad
2478 1633 2587 1682 me,
2611 1618 2818 1682 Daniel,
2844 1618 2926 1672 vir
2956 1615 3384 1681 desideriorum.

1815 1712 1872 1759 et
1907 1714 1987 1759 sta
2021 1706 2074 1759 in
2099 1706 2333 1763 statione
2366 1724 2485 1762 mea
2517 1727 2528 1761 :
2564 1710 2820 1778 quoniam
2868 1719 3017 1765 nunc
3056 1724 3157 1781 ego
3186 1710 3389 1766 missus

1817 1810 1937 1849 sum
1966 1795 2029 1850 ad
2063 1804 2111 1849 te
2146 1813 2159 1849 :
2192 1797 2455 1867 quoniam
2510 1813 2538 1851 a
2574 1800 2754 1868 primo
2782 1799 2888 1863 die,
2921 1814 3030 1868 quo
3059 1798 3263 1853 dedisti
3292 1814 3391 1853 cor

148 1872 243 1938 ἐγὼ
275 1873 414 1940 πρὸς
468 1869 549 1935 ai,
579 1871 661 1923 ὅτι
696 1870 804 1922 ἀπὸ
850 1869 950 1939 τῆς
981 1870 1197 1940 ἡμέρας
1232 1871 1333 1941 τῆς
1362 1870 1609 1941 πρώτης,
1643 1867 1703 1944 ἧς

1817 1897 1993 1953 tuum,
2026 1898 2084 1943 ut
2110 1889 2483 1945 humiliareris
2515 1905 2697 1945 coram
2737 1890 2967 1944 Domino
3002 1891 3113 1945 Deo
3147 1902 3264 1953 tuo,
3286 1906 3388 1962 ego

144 1964 334 2026 ἔδωκας
368 1964 472 2035 τὴν
500 1963 731 2029 καρδίαν
762 1980 856 2017 σου
885 1964 1293 2034 ταπεινωθῆναι
1330 1964 1573 2018 ἐναντίον
1613 1964 1709 2018 τοῦ

147 2057 336 2126 Κυρίου
378 2055 480 2109 τοῦ
507 2055 643 2109 Θεοῦ
681 2073 796 2121 σου,
830 2055 1184 2128 ἡκούσθησαν
1222 2057 1271 2110 οἱ
1306 2055 1455 2124 λόγοι
1491 2073 1582 2110 σου
1620 2056 1711 2111 καὶ

144 2147 242 2213 ἐγὼ
262 2144 432 2219 ἦλθον
461 2148 597 2219 πρὸς
640 2148 699 2201 σὲ
736 2148 832 2201 καὶ
863 2150 891 2201 ὁ
910 2149 1097 2218 ἄρχων
1123 2148 1219 2217 τῆς
1256 2146 1538 2216 βασιλείας
1570 2148 1711 2219 Περ-

144 2243 240 2296 σῶν
277 2242 505 2310 ἑστήκει
543 2240 603 2304 ιξ
634 2240 881 2303 εναντίας
911 2256 1013 2310 μου
1055 2241 1231 2293 εἴκοσι
1282 2240 1375 2293 καὶ
1421 2239 1551 2310 μίαν
1576 2238 1711 2310 ἡμί-

144 2354 250 2408 ραν.
282 2338 394 2390 Καὶ
432 2335 528 2388 νῦν
562 2334 814 2403 ἀνδρίξου
856 2336 952 2388 καὶ
988 2335 1166 2405 ίσχυε,
1199 2334 1282 2387 ὅτι
1309 2332 1420 2401 ἐγὼ
1450 2334 1587 2405 μετὰ
1615 2331 1709 2386 σοῦ

144 2430 283 2497 είμιο
311 2423 557 2478 ἐνταῦθα
593 2424 769 2477 πολλά
823 2424 923 2494 μὶν
976 2425 1088 2479 τῶν
1125 2424 1409 2494 ισομένων
1453 2427 1481 2479 ὁ
1516 2424 1711 2495 φανεὶς

141 2518 357 2589 ἄγγελος
429 2517 512 2589 τῷ
565 2516 824 2589 προφήτῃ
887 2518 1245 2586 μυσταγωγεῖ
1311 2516 1440 2584 περί
1490 2532 1549 2569 τε
1610 2515 1712 2585 τῆς

144 2612 359 2683 Περσῶν
426 2611 711 2683 βασιλείας
776 2610 871 2665 καὶ
936 2607 1290 2671 καταλύσεως
1338 2607 1435 2662 καὶ
1486 2608 1568 2671 είς
1616 2605 1710 2670 οὒς

142 2704 319 2774 ίμελλε
383 2700 804 2774 μεταπίπτειν·
879 2701 1072 2757 ἔπειτα
1133 2701 1189 2755 δὲ
1260 2701 1356 2754 καὶ
1418 2702 1550 2770 περὶ
1606 2697 1708 2768 τῆς

143 2797 455 2867 βισιλίσσης
495 2795 693 2860 Νότου,
723 2795 759 2849 ἀ
810 2796 905 2848 καὶ
960 2794 1134 2863 πέρας
1165 2793 1327 2848 ἔλασε
1370 2792 1511 2864 μετά
1535 2790 1707 2846 ταῦτα

144 2889 225 2942 καὶ
248 2892 358 2954 τοῖς
382 2889 750 2969 καλουμένοις
772 2887 1189 2952 Μακκαϐαῖκοϊς
1219 2887 1518 2958 ἐνεγράφη.

200 3001 337 3067 καί.
372 3002 493 3056 Οὐκ
521 3007 585 3056 ὲκ
610 3004 814 3057 τούτων
852 3004 908 3059 δὲ
933 3006 1114 3075 μόνον,
1138 3004 1273 3061 ἀλλὰ
1304 3006 1401 3061 καὶ
1422 3007 1481 3073 ἐξ
1504 3009 1707 3081 ἑτέρων

140 3094 375 3163 ὀάανιὴλ
409 3094 593 3162 μέγας
624 3111 683 3146 τε
718 3095 816 3163 τὴν
843 3098 1079 3166 Θεωρίαν
1127 3099 1221 3151 καὶ
1263 3099 1569 3171 θαυμάσιος
1607 3103 1705 3173 τὴν

1813 1979 1936 2034 veni
1970 1983 2036 2033 ad
2076 1990 2126 2035 te
2168 1998 2180 2033 :
2216 1990 2271 2035 et
2302 1983 2561 2053 princeps
2587 1983 2737 2054 regni
2759 1983 3047 2038 Persarum
3072 1984 3227 2037 stetit
3252 1997 3387 2038 con-

1814 2080 1899 2125 tra
1955 2087 2041 2127 me
2094 2074 2285 2144 viginti
2325 2086 2390 2130 et'
2432 2091 2603 2130 unum
2641 2075 2806 2132 diem.
2844 2073 2910 2129 Et
2944 2090 3091 2130 nunc
3126 2086 3247 2132 esto
3300 2076 3387 2131 vir

1814 2164 1973 2219 fortis
2031 2176 2085 2220 et
2147 2167 2428 2235 robustus,
2463 2167 2722 2238 quoniam
2762 2182 2865 2237 ego
2894 2182 3014 2222 sum
3045 2171 3248 2227 tecum.
3287 2167 3388 2222 Hic

1814 2258 1985 2312 multa
2024 2259 2246 2329 quidem
2280 2258 2483 2327 futura,
2527 2258 2622 2329 qui
2678 2260 2934 2329 apparuit
2968 2259 3215 2330 angelus,
3259 2274 3387 2329 pro.

1812 2348 1991 2420 pbetze
2040 2350 2269 2421 mystice
2334 2351 2588 2405 enuntiat
2635 2350 2704 2405 de
2766 2365 2949 2420 regnor
2991 2351 3281 2406 Persarum
3330 2361 3387 2405 ct

1811 2441 1933 2513 ejus
1960 2442 2249 2497 eversione
2270 2460 2286 2497 :
2311 2452 2367 2499 et
2386 2442 2450 2496 ad
2465 2459 2604 2514 quos
2624 2454 2745 2498 erat
2772 2444 3156 2499 deventurum.
3178 2443 3386 2499 Deinde

1810 2531 1978 2587 etiam
2004 2532 2073 2587 de
2109 2533 2296 2604 regina
2326 2533 2537 2600 Austri,
2567 2550 2689 2606 quae
2740 2533 2964 2604 quidem
3004 2544 3191 2605 postea
3221 2538 3382 2589 tinem

1814 2632 2169 2693 acceperunt,
2198 2635 2255 2680 et
2292 2625 2497 2697 scripta
2530 2633 2659 2681 sunt
2690 2625 2745 2680 in
2781 2626 2960 2691 libris,
2990 2626 3082 2696 qui
3114 2636 3381 2681 vocantur

1810 2714 2267 2773 Hacbabaorum.
2735 2730 2739 2735 ‘

1880 3010 2069 3068 XXVI.
2096 3012 2215 3069 Non
2244 3028 2311 3069 ex
2336 3014 2424 3069 his
2446 3025 2632 3071 autem
2656 3015 2808 3082 solis,
2839 3016 2936 3072 sed
2961 3016 3125 3073 etiam
3144 3031 3210 3072 ex
3236 3018 3377 3082 aliis,

1810 3101 2000 3156 Daniel
2036 3105 2287 3173 apparuit
2321 3119 2550 3175 magnus
2582 3107 2636 3159 in
2687 3108 3150 3176 contemplatione
3176 3116 3230 3163 et
3284 3111 3376 3162 ad-

144 3180 341 3233 σύνεσιν
369 3181 625 3250 ἀνεφάνη
656 3196 671 3211 ⁸
723 3183 816 3235 καὶ
844 3182 931 3235 ἶνα
961 3184 1132 3237 τᾶλλα
1159 3188 1444 3257 παρῶμεν,
1481 3191 1615 3244 άλλὰ
1646 3194 1703 3246 τὸ

1811 3190 2095 3247 mirandus
2130 3192 2510 3264 intelligentia.
2548 3192 2612 3247 Et
2644 3203 2701 3249 ut
2731 3195 2835 3250 alia
2863 3196 3203 3263 omittamus,
3231 3199 3376 3269 quod

144 3274 266 3325 κατὰ
322 3274 427 3343 τὴν
485 3273 667 3343 κρίσιν
725 3272 1034 3342 Σωσάννης,
1086 3274 1114 3327 θ
1175 3276 1387 3334 πολλῶν
1436 3279 1705 3348 πρότερόν

140 3369 263 3433 ἐστι,
286 3371 403 3433 νέος
442 3368 543 3434 ὢν,
575 3369 854 3439 εἴργαστο,
884 3371 1007 3424 τίνα
1037 3370 1204 3442 ἀλλην
1237 3373 1506 3438 συνέσεως
1535 3374 1705 3450 ὑπερ-

143 3463 284 3533 πλὴν
307 3463 605 3515 ἀπολείπει
634 3480 649 3528 ;
686 3466 789 3517 Ἦν
825 3465 1022 3537 πιστὴν
1047 3467 1159 3537 μὲν·
1180 3466 1257 3538 τῷ
1286 3467 1440 3541 ἀνδρι
1470 3470 1704 3541 γενομε-

142 3570 245 3622 νην,
273 3554 513 3607 θάνατον
548 3553 606 3607 δὲ
638 3558 1070 3625 κατακριθεῖσαν
1091 3560 1155 3613 εκ
1187 3564 1557 3631 συκοφαντίας
1585 3566 1704 3620 ἀδι-

144 3647 377 3717 κωτάτης
410 3646 523 3701 τῶν
549 3646 876 3712 ἀκολάστοις
907 3650 1209 3721 ὀφθαλμοῖς
1243 3655 1446 3721 μᾶλλον
1485 3658 1703 3727 εκείνην

141 3740 483 3813 θεασαμένων
519 3743 891 3812 παραπλήσιά
915 3760 976 3797 τε
1006 3742 1084 3816 τῷ
1122 3744 1321 3816 Ἰωσὴφ
1356 3746 1704 3803 κινδυνεύου-

142 3848 224 3886 σαν
246 3836 579 3904 ὑποστῆναι,
598 3838 627 3888 ὀ
655 3837 862 3889 ἐκεῖνον
891 3838 1009 3888 τότε
1047 3836 1352 3908 ῥυσάμενος
1378 3839 1471 3894 καὶ
1495 3841 1703 3910 ταύτην

139 3922 191 3989 δὴ
211 3924 537 3994 παραδόξως
576 3923 663 3976 διὰ
689 3924 889 3995 Δανιὴλ
919 3924 1108 3995 ῥύεται
1152 3930 1288 3997 σοφῇ
1326 3929 1506 3998 κρίσει
1539 3947 1703 3984 κακο-

136 4015 331 4083 τεχνίαν
379 4015 495 4069 τῶν
551 4015 944 4087 πρεσϐυτέρων
992 4017 1319 4087 ἐλέγξαντος
1358 4020 1450 4074 καὶ
1504 4022 1703 4085 αὐτοὺς

139 4108 319 4175 μᾶλλον
350 4109 547 4177 ἀξίους
584 4108 816 4162 θανάτου
856 4110 1131 4175 δείξαντος
1180 4130 1239 4165 τε
1296 4114 1389 4167 καὶ
1446 4115 1700 4183 γενέσθαι

137 4203 677 4272 παρασκευάσαντος.

192 4319 312 4375 η’.
340 4320 509 4374 Οὕτω
551 4318 823 4383 συνέσεως
850 4319 1011 4389 ἔχων,
1043 4318 1187 4375 οὕτω
1222 4321 1446 4394 χάριτος
1473 4325 1565 4378 καὶ
1601 4342 1696 4395 με-

133 4414 303 4477 γίθους
329 4413 589 4485 θεωριῶν
619 4413 956 4481 κατηξίωται
984 4432 997 4445 ·
1026 4416 1169 4468 αὐτά
1212 4433 1270 4468 τε
1316 4417 1383 4469 τὰ
1425 4418 1521 4471 τοῦ
1564 4420 1699 4475 Θεοῦ

132 4505 317 4573 κρύφια
359 4508 461 4559 καὶ
490 4506 593 4573 τῆς
624 4504 808 4573 arm;
842 4505 937 4556 τοῦ
967 4504 1129 4574 λόγου
1153 4511 1458 4578 παρουσίας
1486 4514 1698 4583 μυστή-
1725 4529 1776 4588 D
1805 4509 2051 4565 tionibus

134 4613 208 4663 ρια
234 4595 309 4669 τῷ
339 4595 625 4665 πνεύματι
656 4595 1089 4668 καταθεωρήσας
1115 4614 1129 4627 ·
1185 4602 1279 4652 καὶ
1335 4603 1434 4654 ὃσα
1483 4604 1540 4655 δὲ
1589 4605 1697 4656 τῶν

134 4688 286 4742 ἄλλων
316 4686 737 4757 ἀξιολογώτατα
780 4689 875 4743 καὶ
913 4690 1012 4743 ὅσα
1055 4690 1191 4761 πρὸς
1240 4692 1318 4762 τῷ
1361 4694 1456 4748 τοῦ
1502 4696 1698 4761 αίῶνος

130 4781 253 4833 τέλει
294 4781 693 4851 συμϐήσεσθαι
733 4782 914 4850 μέλλει
958 4784 1051 4836 καὶ
1099 4786 1197 4857 τὴν
1228 4785 1351 4839 τότε
1383 4787 1561 4858 θλίψιν
1602 4792 1698 4845 καὶ

130 4872 212 4935 τὴν
252 4876 315 4923 εκ
377 4872 489 4939 γῆς
538 4870 795 4940 χώματος
850 4873 1214 4936 ἐξανάστασιν
1252 4878 1360 4929 τῶν
1390 4881 1695 4949 ἀνθρώπων

128 4962 208 5028 τὴν
234 4963 341 5015 τῶν
368 4963 556 5031 άγίων
591 4979 649 5016 τε
685 4960 842 5028 δόξαν
873 4964 967 5018 καὶ
992 4964 1089 5037 τὴν
1121 4968 1232 5020 τῶν
1262 4970 1475 5023 ἀσεόὠν
1500 4973 1693 5041 αἰσχύ-

127 5070 206 5120 νην
230 5054 325 5125 τήν
354 5056 631 5110 οὐδέποτε
677 5056 975 5126 λήγουσαν,
1023 5059 1093 5114 τά
1143 5060 1279 5132 βάθη
1316 5080 1373 5115 τε
1405 5063 1497 5117 τοῦ
1532 5065 1689 5131 Θεοῦ,

127 5142 228 5195 καθ’
252 5146 375 5198 ὅσον
418 5140 606 5198 οἷόντε
660 5146 739 5216 τῷ
799 5149 977 5218 σάρκα
1035 5153 1405 5222 περικειμένῳ
1455 5154 1542 5208 διὰ
1594 5155 1689 5209 τοῦ

126 5238 441 5303 ἐρευνῶντος
493 5237 640 5291 αὐτὰ
690 5238 1003 5308 πνεύματος
1028 5244 1285 5310 ἐγνωκώς
1312 5260 1325 5273 ·
1362 5246 1557 5300 ἔπειτα
1593 5249 1688 5302 τοῦ

124 5331 304 5399 δεσμοῦ
332 5334 527 5396 λυθεὶς
574 5332 670 5385 καὶ
709 5331 809 5404 τὴν
836 5334 941 5405 γῆν
975 5335 1145 5407 ἡδέως
1170 5341 1235 5408 τῇ
1279 5341 1345 5409 γῇ
1386 5341 1685 5409 παραδοὺς,

128 5426 239 5491 πρὸς
299 5426 359 5479 ὃν
428 5424 625 5480 ἐπόθει
700 5426 835 5483 Θεὸν
904 5430 932 5483 ὁ
998 5430 1109 5483 τῶν
1169 5435 1479 5505 επιθυμιῶν
1546 5439 1687 5511 ἀνὴρ

123 5516 291 5584 ᾤχετο,
318 5520 514 5581 αὐτοῖς
563 5532 645 5570 τε
682 5522 795 5583 τοῖς
840 5524 989 5590 τρισὶ
1043 5525 1136 5578 καὶ
1173 5528 1347 5594 φίλοις
1384 5532 1542 5582 παισὶ
1594 5533 1686 5583 καὶ

129 5616 416 5684 προφήταις
475 5613 567 5675 είς
623 5614 712 5666 ἀεὶ
766 5615 940 5669 συνὼν
991 5619 1087 5671 καὶ
1145 5621 1280 5690 μηδὲ
1333 5623 1490 5693 ἡμῶν
1546 5625 1686 5677 κατά

126 5719 173 5763 γι
223 5706 278 5759 τὸ
332 5708 636 5778 περιέπειν
684 5708 779 5761 καὶ
813 5710 1025 5780 βοηθεῖν
1058 5713 1445 5785 ἀφιστάμενος,
1490 5718 1569 5780 εἰς
1598 5718 1684 5771 δό-

125 5794 200 5857 ξαν
230 5801 462 5872 Πατρδς,
508 5800 665 5868 Υῐοῦ,
693 5803 785 5856 καὶ
820 5804 973 5872 ἁγίου
1018 5807 1332 5873 Πνεῦματος
1383 5810 1478 5875 τῆς
1515 5812 1681 5894 ὑπερ-

1808 3281 1876 3335 de
1921 3283 2170 3340 Susanna
2211 3284 2414 3340 factum
2451 3297 2536 3341 est
2589 3286 2884 3357 judicium,
2920 3290 3067 3359 quod
3121 3290 3215 3344 diu
3249 3299 3379 3346 ante

1807 3375 1961 3441 fecit,
1992 3391 2117 3431 cum
2158 3388 2304 3434 esset
2340 3378 2521 3433 adhuc
2562 3380 2802 3447 juvenis,
2836 3381 3097 3450 quidnam
3150 3382 3379 3453 reliquit

1808 3472 2203 3544 intelligentia,
2248 3488 2360 3543 quo
2393 3472 2446 3527 id
2497 3474 2666 3543 possit
2719 3476 3020 3546 superare?
3078 3476 3207 3543 Quze
3254 3480 3373 3549 qui-

1807 3566 1932 3622 dem
1963 3582 2086 3622 cum
2119 3566 2311 3622 fuisset
2344 3568 2542 3622 marito
2574 3568 2773 3633 ﬁdelis,
2808 3580 2985 3624 morte
3016 3580 3197 3625 autem
3230 3584 3375 3627 esset

1807 3658 2062 3714 damnata
2094 3675 2161 3714 ex
2192 3660 2533 3730 iniquissima
2569 3661 2843 3714 calumnia
2885 3677 3075 3715 eorum
3102 3663 3195 3729 qui
3231 3664 3375 3717 Illam

1806 3749 2102 3819 impudicis
2120 3761 2447 3819 aspexerant
2471 3752 2666 3818 oculis,
2692 3762 2747 3809 et
2777 3763 2894 3809 erat
2926 3754 3125 3810 similia
3152 3772 3380 3825 passura

1806 3842 1873 3898 iis
1905 3859 2027 3914 quae
2058 3841 2259 3909 Joseph
2298 3859 2492 3915 passus
2521 3854 2624 3908 est,
2656 3848 2750 3916 qui
2797 3848 2952 3903 illum
2989 3859 3120 3903 tunc
3151 3852 3377 3919 eripuit,

1805 3937 1851 3991 is
1886 3952 2006 3991 eam
2036 3952 2259 4007 quoque
2282 3938 2680 3994 admirabiliter
2718 3950 3023 4010 servatper
3048 3942 3328 3999 Danielem
3365 3964 3376 3997 :

1803 4027 1897 4096 qui
1928 4029 2410 4098 sapientejudicio
2463 4032 2744 4086 seniorum
2786 4036 3027 4090 convicit
3067 4037 3379 4108 malignita-

1805 4128 1935 4187 tem,
1968 4130 2023 4175 et
2057 4134 2154 4177 eos
2193 4123 2367 4193 magis
2419 4132 2596 4178 morte
2648 4123 2842 4195 dignos
2889 4126 3152 4193 ostendit,
3202 4138 3256 4182 et
3322 4140 3380 4183 ut

1804 4222 2035 4267 mortem
2062 4224 2382 4283 paterentur
2413 4215 2617 4269 eil'ecit.

1873 4322 2085 4380 XXVII.
2122 4324 2259 4380 Cum
2296 4333 2448 4382 tanta
2482 4336 2629 4383 esset
2665 4329 3053 4401 intelligentia,
3084 4340 3230 4387 tanta
3254 4350 3377 4403 gra-

1806 4418 1879 4473 tia
1910 4429 1967 4474 et
1998 4430 2106 4474 tam
2138 4423 2349 4491 magnis
2400 4422 2598 4492 dignus
2649 4434 2731 4477 est
2790 4425 3010 4480 habitus
3042 4434 3378 4499 contempla-

2115 4529 2128 4565 :
2168 4527 2405 4581 cumque
2450 4513 2566 4581 ipsa
2624 4514 2717 4568 Dei
2772 4531 2990 4580 arcana,
3027 4526 3083 4572 et
3138 4518 3379 4588 duplicis

1803 4602 1968 4654 Verbi
2004 4602 2274 4657 adventus
2309 4604 2564 4673 mysteria
2596 4607 2795 4671 spiritu
2837 4619 2982 4661 esset
3033 4612 3375 4679 contempla-

1803 4699 1891 4747 tus
1921 4710 1934 4747 :
1966 4692 2098 4763 quin
2116 4693 2278 4749 etiam
2303 4710 2644 4766 quacunque
2667 4706 2793 4751 sunt
2823 4698 2945 4753 aliis
2969 4700 3143 4769 pluris
3169 4701 3375 4758 facien-

1800 4786 1889 4851 da,
1945 4798 2003 4843 et
2041 4804 2383 4858 quaecunque
2440 4800 2568 4844 sunt
2604 4799 2867 4846 eventura
2906 4792 2959 4846 in
3011 4792 3118 4849 ﬁne
3164 4797 3375 4861 saeculi,

1799 4888 1854 4932 et
1891 4894 2035 4945 eam,
2062 4897 2185 4949 qua:
2243 4892 2373 4933 tune
2424 4884 2552 4943 erit,
2584 4882 2959 4945 amictionem,
2994 4895 3050 4938 et
3086 4886 3376 4943 hominum

1796 4983 1863 5023 ex
1885 4980 2043 5025 terra:
2077 4986 2272 5041 aggere
2307 4974 2798 5039 resurrectionem,
2823 4984 2879 5029 et
2907 4987 3221 5031 sanctorum
3254 4982 3375 5049 glo-

1795 5065 1954 5128 riam,
1991 5071 2049 5118 et
2109 5065 2401 5134 impiorum
2452 5065 2833 5135 ignominiam,
2897 5085 3023 5138 qua
3088 5086 3372 5141 nunquam

1794 5156 2017 5221 desinit,
2071 5166 2127 5211 et
2176 5156 2271 5210 Dei
2307 5158 2599 5226 profunda,
2642 5170 2907 5227 quantum
2974 5172 3147 5229 potest
3178 5165 3224 5217 is
3278 5167 3373 5233 qui

1793 5257 1877 5305 est
1932 5264 2097 5303 carne
2135 5249 2383 5312 indutus,
2418 5265 2517 5319 per
2569 5249 2684 5318 ipsa
2717 5262 3059 5308 scrutantem
3110 5257 3367 5325 spiritum

1792 5344 2164 5411 cognovisset,
2216 5343 2416 5397 deinde
2455 5342 2676 5397 vinculo
2724 5347 2959 5407 solutus,
3017 5356 3161 5400 terra
3211 5359 3369 5405 terrae

1791 5436 2027 5490 libenter
2073 5436 2295 5500 tradita,
2328 5436 2393 5492 ad
2428 5436 2621 5499 Deum;
2670 5452 2831 5503 quem
2879 5438 3248 5497 desiderabat.
3288 5445 3368 5497 vir

1792 5530 2191 5584 desideriorum
2211 5528 2369 5593 abiit,
2398 5544 2521 5582 cum
2547 5528 2631 5580 bis
2655 5530 2831 5583 tribus
2860 5539 2915 5583 et
2954 5533 3148 5586 amicis
3176 5537 3363 5601 pueris

1788 5631 1841 5676 et
1881 5621 2166 5692 prophetis
2198 5626 2465 5691 perpetbo
2498 5635 2854 5689 conversans,
2906 5633 2961 5677 et
3000 5640 3100 5677 nec
3136 5640 3163 5677 a
3199 5626 3358 5681 nobis

1787 5718 2028 5786 quidem,
2060 5716 2206 5786 quod
2236 5718 2301 5770 ad
2338 5714 2743 5771 defendendum
2777 5727 2832 5769 et
2884 5718 3251 5782 adiuvandum
3272 5730 3354 5774 at-

1788 5813 1958 5877 tinet,
2007 5812 2325 5868 abscedens.
2370 5810 2446 5865 Ad
2501 5810 2727 5881 gloriam
2772 5810 2946 5867 Patris
2995 5820 3045 5864 et
3115 5812 3233 5866 Filii
3299 5824 3353 5866 at
