3972 6460
165 380 268 445 605

1436 378 1477 439 γ
1492 379 1611 439 [TA
1655 378 1717 438 S.
1760 377 2150 441 PLATONIS.

3319 395 3422 458 406

159 517 280 583 λιιιῇ
319 514 587 581 ἄντικρυς
639 507 733 561 τοῦ
773 508 912 570 Διὸς,
945 506 1234 559 ικέλευσεν
1266 508 1615 578 παραστῆναι
1652 509 1735 562 τὸν

1847 488 2212 552 Quamobrem
2258 513 2380 553 cum
2430 499 2812 568 abduceretur,
2869 505 3146 561 confidens
3185 510 3295 565 ibat
3358 515 3423 567 ad

166 607 443 675 μάρτυρα.
513 605 574 655 ⁸0
631 600 691 653 δὲ
745 599 934 670 βοηθὸς
991 597 1131 666 ἔφη’
1179 599 1451 669 Ἐστηκεν
1498 602 1605 670 πρὸ
1646 600 1742 654 τοῦ

165 697 409 768 βήματός
443 712 564 758 σου,
596 693 780 763 κύριε.
830 691 1183 760 ’Δγριππῖνος
1205 687 1356 744 εἶπεν
1377 705 1392 721 ⁸
1427 692 1612 762 Πάσης
1644 696 1742 762 τῆς

162 789 502 858 οἰκουμένης
535 789 594 838 ἐν
630 782 830 854 ἡσυχία
877 781 1196 851 διαγούσης,
1251 782 1338 834 ῖνα
1375 784 1426 835 τί
1479 783 1641 846 αὐτὸς
1684 785 1742 835 ὲν

158 878 397 950 τοσαύτῃ
429 878 528 930 καὶ
557 873 862 945 τηλικαύτῃ
891 872 1238 939 καθέστηκας
1264 871 1477 943 πλάνῃς
1516 873 1739 925 Πλάτων

157 967 332 1022 εἰπεν·
373 967 566 1034 Ὑμεῖς
599 967 722 1016 ἐστε
761 963 810 1014 οἱ
853 964 912 1013 ὲν
950 961 1128 1033 πλάνῃ
1166 960 1444 1028 διάγοντες
1479 961 1570 1015 τὸν
1609 962 1740 1017 Θεὸν

157 1061 246 1113 τὶν
287 1058 601 1123 ποιήσαντα
633 1054 726 1105 τὸν
767 1051 998 1121 οὐρανὸν
1046 1052 1142 1104 καὶ
1172 1050 1270 1120 τὴν
1297 1051 1401 1119 γῆν
1449 1052 1546 1102 σὺν
1574 1051 1740 1104 παντὶ

158 1149 233 1218 τῷ
263 1149 462 1216 κόσμῳ
494 1143 661 1197 αὐτοῦ
705 1146 799 1196 καὶ
836 1141 1118 1212 σεϐόμενοι
1153 1139 1330 1202 λίθους
1357 1141 1739 1211 πεπελεκημέο

157 1256 277 1299 νους
307 1237 405 1291 καὶ
442 1235 578 1301 ξύλα
602 1233 779 1304 σαθρὰ
811 1233 948 1301 ἔργα
992 1231 1192 1300 χειρῶν
1221 1228 1548 1299 ἀνθρώπων.
1593 1230 1652 1283 ’0
1680 1231 1738 1284 δὲ

167 1331 526 1398 Ἀγριππίνης
551 1326 657 1395 ἔφη
679 1341 693 1355 ⁸
725 1323 799 1380 Τὸ
827 1326 945 1378 νέον
967 1323 1066 1390 τῆς
1105 1323 1324 1391 ἡλικίας
1356 1325 1650 1390 προπετεῐν
1679 1339 1738 1375 σε

153 1425 304 1473 ποιεῖ
336 1422 432 1472 καὶ
465 1419 626 1488 ῦϐριν
651 1419 710 1470 ού
745 1416 840 1487 τὴν
875 1414 1149 1486 τυχοῦσάν
1179 1431 1263 1467 σοι
1302 1414 1574 1484 προξενεῖ.
1606 1416 1740 1470 Εἰπὲ

154 1512 241 1565 οὖν
271 1528 388 1581 μοι,
433 1511 592 1573 ποίας
635 1507 934 1577 θρησκείας
980 1502 1052 1571 εἷ,
1095 1507 1189 1558 καὶ
1215 1507 1373 1568 ποίας
1408 1505 1577 1575 τύχης
1612 1522 1741 1573 τυγ-

153 1607 360 1676 κάνεις,
385 1605 420 1676 ἢ
453 1605 513 1656 τί·
542 1605 603 1656 τὸ
646 1601 818 1670 ϐνομά
880 1616 973 1653 σου
1002 1616 1016 1664 ;
1048 1599 1275 1666 Πλάτων
1316 1594 1468 1651 εἶπεν
1489 1616 1504 1632 ο
1553 1599 1740 1684 θέλεις

157 1698 375 1766 μαθεῖν,
432 1695 589 1756 ποίας
641 1693 940 1764 θρησκείας
993 1689 1145 1759 εἰμί;
1205 1691 1529 1758 Χριστιανός
1598 1691 1735 1760 ειμι.

1846 585 2193 651 supplicium.
2235 589 2478 646 Vicarius
2515 604 2692 647 autem
2718 596 3044 665 Agrippinus
3085 615 3205 654 eum
3239 616 3425 672 aperte

1844 677 2187 742 praesedisset
2219 680 2269 734 in
2293 680 2446 738 Jovis
2473 685 2725 750 basilica,
2761 689 2924 757 juSsit
2945 691 3060 745 sisti
3104 706 3418 763 martyrem.

1846 767 2134 836 Apparitor
2166 784 2348 828 autem
2389 777 2525 831 dixit
2561 797 2572 831 :
2612 779 2730 834 Stat
2762 792 2888 835 ante
2947 794 3096 836 tuum
3158 788 3416 851 tribunal,

1841 857 2080 916 domine.
2121 862 2258 919 Dixit
2287 866 2615 937 Agrippinus
2656 873 2835 926 :Cum
2901 884 3045 930 totus
3086 879 3233 931 orbis
3266 888 3423 934 terra:

1842 949 2000 1021 degat
2032 952 2086 1006 in
2120 955 2328 1022 laetitia,
2367 976 2465 1013 cur
2498 976 2556 1014 es
2587 968 2639 1015 in
2673 965 2762 1017 tali
2811 977 2865 1019 et
2899 976 3049 1020 tanto
3074 983 3254 1023 errore
3285 987 3421 1024 con-

1841 1043 2120 1100 8titutus?
2159 1048 2302 1104 Dixit
2343 1063 2565 1107 sanctus
2595 1053 2785 1109 Plato:
2823 1056 2929 1112 Vos
2986 1061 3140 1124 estis,
3211 1065 3300 1131 qui
3368 1065 3421 1118 in

1840 1147 2028 1191 errore
2095 1139 2335 1210 degitis:
2399 1153 2455 1198 et
2518 1147 2816 1215 reliquistis
2875 1149 3067 1216 Deum,
3135 1154 3225 1221 qui
3293 1156 3424 1209 fecit

1839 1224 2036 1279 celum
2073 1237 2126 1280 et
2158 1239 2365 1286 terram
2401 1249 2524 1288 cum
2578 1246 2691 1292 toto
2723 1253 2912 1292 eorum
2938 1251 3134 1295 ornatu
3169 1260 3180 1293 :
3216 1253 3268 1296 et
3328 1259 3424 1297 ex-

1840 1316 1984 1370 cisos
2010 1317 2186 1372 colitis
2208 1319 2410 1390 lapides
2443 1335 2498 1378 et
2522 1327 2666 1397 ligna
2703 1331 2941 1398 putrida,
2967 1348 3131 1402 opera
3163 1350 3423 1390 manuum

1842 1405 2149 1465 hominum.
2190 1412 2335 1467 Dixit
2371 1417 2704 1486 Agrippinus
2747 1438 2759 1473 :
2789 1422 3057 1476 Juvenilis
3089 1435 3177 1478 tua
3214 1438 3346 1482 aetas
3372 1439 3424 1481 te

1845 1501 2374 1574 facittemerarium,
2417 1520 2472 1564 et
2519 1510 2683 1567 eﬂicit
2733 1524 2790 1568 ut
2835 1518 2910 1570 sis
2944 1519 3100 1572 valde
3154 1520 3418 1576 insolens.

1842 1592 1939 1647 Die
1985 1611 2112 1665 ergo
2137 1599 2294 1665 mihi,
2342 1602 2632 1670 cujusnam
2694 1620 2753 1659 es
2805 1607 3109 1678 religionis,
3161 1622 3214 1666 et
3267 1618 3422 1685 cujus

1841 1685 2166 1740 conditionis
2219 1696 2273 1740 et
2316 1689 2574 1756 civitatis,
2629 1695 2861 1762 etquod
2912 1705 3001 1751 est
3055 1699 3149 1754 tibi
3199 1718 3419 1758 nomen.

165 1788 529 1853 Ἀγριππίνος
554 1785 658 1852 ἔφη
681 1801 696 1814 ο
726 1784 798 1834 Τὸ
822 1783 970 1850 παρὰ
999 1782 1305 1850 ἀνθρώπων
1342 1799 1424 1834 σοι
1457 1783 1735 1853 κληρωθὲν

1845 1770 2084 1829 Sanetus
2114 1775 2250 1829 dixit
2294 1777 2447 1833 Plato
2525 1797 2538 1834 :
2591 1781 2645 1836 Si
2681 1783 2811 1836 velis
2839 1788 2978 1840 seire
3009 1791 3290 1857 cujusnam
3319 1795 3422 1848 sim

151 1841 323 1947 ὄνομα
380 1841 558 1942 λέγω·
595 1841 698 1927 ’ὅτι
749 1876 857 1940 γάρ
891 1841 1220 1941 ἀριστιανδς
1277 1869 1350 1933 et,
1407 1841 1732 1940 κάγωόἷδα·

1843 1865 2144 1934 religionis,
2159 1884 2280 1922 sum
2299 1869 2664 1927 Christianus.
2685 1873 2830 1929 Dixit
2851 1887 3032 1932 autem
3055 1881 3422 1952 Agrippinus:

151 1969 286 2020 ἀλλὰ
347 1965 636 2019 ἐκέλευσεν
682 1965 710 2016 ὁ
761 1963 1120 2032 αὐτοκράτωρ
1181 1961 1387 2040 μηδένα
1443 1961 1732 2032 ἄνθρωπον

148 2049 522 2129 ὀνομάζεσθαι
548 2053 901 2126 Χριστιανόν.
953 2052 1180 2105 Πλάτων
1211 2047 1398 2104 εἶπεν⁸
1434 2052 1495 2104 Et
1538 2052 1733 2121 μαθεῖν

151 2153 348 2213 θέλεις,
402 2147 567 2210 ποίας
615 2145 915 2217 θρησκείας
962 2144 1101 2214 εἰμὶ,
1153 2138 1307 2196 εἷπον
1346 2144 1447 2214 ἠδη
1485 2142 1567 2196 ὅτι
1600 2144 1732 2213 Χρι-

152 2239 372 2300 στιανὸς
404 2239 522 2306 είμι
549 2253 562 2265 ⁸
615 2239 663 2288 εί
693 2237 750 2288 δι
782 2235 874 2286 καὶ
917 2235 976 2287 τὸ
1008 2234 1180 2304 ὄνομα
1221 2233 1394 2296 θέλεις
1433 2233 1626 2303 μαθεῖν
1674 2232 1734 2286 τὸ

149 2331 300 2398 παρὰ
324 2326 433 2380 τῶν
462 2327 664 2394 γονέων
694 2343 795 2394 μου
824 2325 1125 2395 κληρωθὶν,
1160 2325 1386 2378 Πλάτων
1413 2325 1646 2392 λέγομαι
1671 2326 1734 2376 ἐκ

150 2421 377 2482 παιδός·
446 2418 688 2489 Χριστοῦ
738 2417 922 2479 δοῦλός
954 2419 1071 2486 είμι
1137 2417 1201 2469 ὲκ
1257 2416 1467 2478 κοιλίας
1524 2417 1734 2485 μητρός

153 2527 282 2580 μου·
320 2509 534 2569 πόλεως
569 2508 626 2559 δὲ
667 2508 766 2572 τῆς
800 2504 1033 2557 ἐνταῦθα
1075 2506 1362 2573 τυγχάνωο
1417 2506 1732 2574 ἑκρατήθην

149 2600 201 2652 δὲ
232 2599 310 2660 ὡς
342 2594 604 2661 θεοσεεὴς
639 2594 735 2644 καὶ
757 2591 942 2655 δοῦλος
982 2590 1224 2662 Χριστοῦ
1251 2610 1263 2623 ο
1312 2592 1409 2644 καὶ
1441 2593 1522 2644 σο¹ι
1555 2608 1730 2662 προσ-

151 2689 387 2759 ηνέχθην
429 2688 525 2739 καὶ
558 2686 846 2756 πρόκειταί
905 2702 996 2756 μοι
1041 2685 1129 2738 διὰ
1185 2687 1422 2756 Χριστὸν
1477 2687 1728 2752 θάνατος,

148 2786 203 2838 ὃν
234 2781 538 2851 ὑποστῆναι
572 2797 639 2850 με
663 2781 743 2834 δεῖ
773 2781 926 2851 παρὰ
985 2780 1078 2833 σοῦ
1101 2817 1115 2833 .
1166 2781 1315 2832 Ποίει
1356 2776 1447 2833 οὖν
1471 2779 1500 2833 ὃ
1531 2779 1730 2842 θέλεις.

1841 1955 1936 2008 Die
1966 1971 2186 2020 nomen,
2226 1963 2370 2028 quod
2408 1965 2501 2018 tibi
2535 1966 2636 2020 fuit
2662 1968 2976 2038 impositum
3016 1988 3045 2026 a
3082 1975 3424 2042 parentibus.

1839 2048 1973 2102 Nam
2010 2050 2126 2118 ipse
2157 2067 2372 2121 quoque
2403 2057 2517 2110 scio
2551 2067 2601 2111 te
2648 2073 2767 2114 esse
2822 2061 3219 2121 Christianum.
3255 2066 3426 2123 Jussit

1840 2152 1970 2192 vero
2021 2141 2316 2209 imperator
2389 2146 2599 2200 nullum
2674 2149 2949 2205 hominem
3029 2157 3209 2208 vocari
3272 2159 3425 2211 Citrio

1847 2229 2099 2284 stianum.
2148 2230 2290 2288 Dixit
2332 2245 2553 2290 sanctus
2603 2236 2791 2294 Plato:
2825 2239 2883 2294 Si
2914 2243 3049 2298 velis
3093 2247 3235 2301 scire
3272 2251 3431 2320 cujus

1841 2324 1943 2377 sim
1986 2325 2283 2395 religionis,
2321 2328 2432 2398 jam
2465 2330 2574 2384 dixi
2610 2331 2705 2386 tibi
2748 2349 2833 2388 me
2879 2350 3000 2390 esse
3024 2336 3419 2396 Christianum.

1843 2407 1899 2462 Si
1928 2419 2112 2464 autem
2154 2412 2235 2468 vis
2261 2415 2420 2468 etiam
2453 2419 2594 2471 scire
2645 2435 2847 2474 nomen
2881 2425 3014 2478 mihi
3079 2428 3341 2483 tributum
3392 2449 3423 2486 a

1840 2502 2178 2570 parentibus,
2219 2505 2372 2559 dicor
2397 2505 2552 2560 Plato
2582 2523 2612 2561 a
2637 2514 2870 2576 pueritia
2898 2531 2911 2578 ;
2943 2525 2997 2568 et
3046 2535 3166 2570 sum
3198 2522 3420 2587 quidem

1839 2593 2043 2648 Christi
2067 2610 2261 2650 servus
2291 2599 2360 2652 ab
2388 2608 2542 2654 utero
2567 2604 2760 2657 matris
2788 2620 2920 2659 mete
2953 2625 2965 2660 :
2995 2624 3114 2662 sum
3137 2627 3265 2665 vero
3283 2613 3422 2668 civis

1839 2683 2002 2754 hujus
2037 2686 2298 2742 civitatis.
2331 2687 2487 2746 Nune
2517 2705 2699 2748 autem
2727 2711 2846 2751 sum
2870 2708 3061 2767 captus
3087 2713 3137 2755 et
3161 2703 3227 2756 ad
3253 2713 3302 2758 te
3324 2707 3421 2760 ad-

1839 2778 2060 2842 ductus,
2092 2790 2349 2850 tanquam
2385 2784 2507 2853 pius
2541 2796 2594 2840 et
2623 2786 2828 2867 Christi
2869 2807 3082 2846 servus.
3140 2794 3419 2860 Quamob-

151 2890 264 2928 rem
325 2888 488 2929 more
543 2883 627 2927 cst
689 2872 824 2926 mihi
879 2873 1160 2943 proposita
1229 2881 1453 2942 propter
1491 2870 1796 2939 Christum,
1835 2887 1998 2940 quam
2045 2883 2264 2940 oportet
2295 2891 2381 2928 me
2422 2891 2450 2928 a
2505 2886 2556 2930 te
2589 2892 2930 2948 exspectare.
2969 2884 3076 2939 Fac
3126 2902 3257 2957 ergo
3291 2888 3420 2946 'cito

155 2968 298 3035 quod
332 2968 444 3020 scis
473 2974 529 3018 et
564 2966 827 3018 statuisti.

223 3060 296 3112 Γ.
316 3061 376 3111 Ὀ
402 3060 460 3108 δὲ
478 3057 834 3126 Ἀγριππῖνος
856 3057 959 3126 εφη
977 3074 989 3088 ·
1017 3059 1090 3110 Οὐ
1108 3061 1376 3126 συμφέρει
1394 3075 1475 3111 σοι
1492 3061 1550 3112 τὸ
1562 3060 1735 3128 ὄνομα

1913 3059 2005 3114 ΠΙ.
2041 3059 2290 3117 Vicarius
2335 3061 2469 3118 dixit
2503 3083 2515 3119 :
2551 3063 2671 3121 Non
2732 3069 2952 3138 expedit
2981 3070 3096 3136 tibi,
3147 3086 3180 3127 ο
3241 3074 3414 3138 Plato,

152 3150 244 3204 τοῦ
276 3148 520 3218 Χριστοῦ
555 3150 697 3200 κατὰ
723 3147 962 3202 διάνοιαν
1010 3149 1187 3217 ἔχειν’
1229 3151 1353 3212 τοὺς
1388 3149 1496 3219 γὰρ
1535 3149 1730 3218 ὁμολο-

158 3241 388 3309 ⁹τοῦνατας
423 3241 593 3294 αὐτὸν
619 3241 838 3310 θανάτῳ
867 3241 1265 3312 παραδίδοσθαι
1305 3241 1333 3294 ὁ
1374 3239 1733 3311 αὐτοκράτωρ

156 3333 470 3394 ἰκέλευσεν,
504 3331 627 3392 τοὺς
660 3329 716 3381 δὲ
747 3332 1115 3398 ἀρνουμένους
1144 3333 1331 3399 τιμαῖς
1365 3331 1462 3382 καὶ
1495 3331 1731 3400 δωρεαῖς

156 3422 502 3495 ἀμείϐεσθαι.
537 3419 630 3471 Διὸ
665 3419 1020 3489 συμϐουλεύω
1066 3437 1147 3474 σοι
1181 3423 1465 3490 πεισθῆναι
1511 3420 1731 3514 τῷρτοῦ

156 3513 561 3580 αὐτοκράτορος
590 3510 762 3580 νόμῳ,
795 3512 890 3564 καὶ
927 3510 1187 3583 κερδῆσαι
1213 3511 1273 3564 τὸ
1304 3509 1474 3563 κακοῦ
1500 3509 1732 3564 θανάτου

158 3609 348 3676 πεῖραν
382 3603 594 3657 λαϐεῖν.
641 3603 983 3676 Ἀποκριθεὶς
1004 3604 1061 3658 δὲ
1094 3605 1320 3658 Πλάτων
1355 3598 1543 3657 εἷπεν·
1596 3599 1734 3668 Ἐγὼ

156 3696 380 3768 eqs-in
415 3695 677 3765 πείθομαι
719 3693 950 3764 βασιλεῖ,
1000 3691 1044 3763 ᾧ
1091 3696 1489 3766 κεκλήρωμαι·
1532 3694 1623 3746 τὸν
1677 3691 1734 3744 δι

160 3791 498 3860 πρόσκαιρον
518 3785 709 3838 τοῦτον
732 3786 993 3854 αἱροῦμαι
1023 3786 1274 3849 θάνατον,
1295 3786 1380 3838 ἵνα
1400 3785 1499 3853 τὴν
1517 3783 1735 3838 αἰώνιον

159 3881 319 3932 αὐτοῦ
353 3879 754 3947 κληρονομήσω
782 3877 1083 3946 βασιλείαν.
1131 3878 1485 3947 Ἀγριππῑνος
1539 3875 1692 3942 λέγει
1713 3887 1730 3904 ο

159 3972 376 4036 Ὕπαγε
413 3967 612 4037 σκέψαι
651 3970 714 4021 τὸ
750 3972 1030 4041 συμφέρον
1063 3987 1168 4035 σοι,
1215 3970 1298 4022 ῐνα
1331 3967 1405 4039 μὴ
1429 3956 1524 4021 καὶ
1550 3967 1739 4029 κακῶς

160 4061 461 4132 ἀποθάνῃζ.
491 4060 840 4128 Ἀποκριθεὶς
865 4063 921 4114 δὲ
947 4065 974 4114 ὁ
999 4062 1150 4128 ἅγιος
1184 4062 1409 4115 Πλάτων
1433 4057 1588 4112 εἶπεν
1608 4075 1620 4088 ·
1654 4058 1735 4110 Τά

162 4151 512 4224 συμφέροντά
528 4166 617 4220 μοι
637 4150 665 4201 ὁ
685 4151 887 4220 Κύριος
909 4152 1257 4220 μεριμνήσει.
1277 4151 1630 4220 Ἀγριππῐνος
1647 4146 1738 4198 λέο

161 4263 240 4311 γει
258 4264 270 4276 ’
307 4245 527 4310 Ἐγνως
553 4240 623 4293 τά
654 4240 1052 4313 προστάγματα
1081 4242 1176 4295 τοῦ
1205 4243 1627 4311 αὐτοκράτορος,
1661 4237 1737 4302 ὡς

161 4338 477 4392 κελεύωσιν
501 4338 551 4390 oi
584 4337 847 4406 άχραντοι
877 4335 1044 4391 αὐτοῦ
1085 4338 1240 4406 νόμοι
1287 4338 1564 4407 πανταχοῦ
1606 4337 1738 4389 πάν-

1834 3151 2093 3206 Crueiiixi
2144 3169 2342 3208 nomen
2386 3156 2590 3214 habere
2630 3161 2683 3214 in
2739 3171 2942 3218 mente.
2977 3161 3112 3218 Nam
3165 3167 3256 3235 qui
3293 3183 3418 3222 eum

1835 3242 2185 3308 confitentur,
2231 3247 2386 3313 jubet
2434 3249 2726 3317 imperator
2781 3253 2916 3306 tradi
2959 3257 3118 3307 morti
3160 3257 3418 3312 acerbas:

1834 3344 1929 3385 eos
1960 3340 2165 3400 autem,
2198 3334 2291 3402 qui
2360 3335 2539 3404 ipsum
2569 3347 2790 3408 negant,
2824 3339 2983 3394 donis
3013 3343 3262 3397 maximis
3306 3343 3420 3397 aﬂi-

1838 3439 1985 3478 cere.
2016 3424 2386 3491 Quamobrem
2422 3430 2516 3484 tibi
2549 3433 2803 3500 consulo,
2841 3443 2896 3487 ut
2927 3449 3122 3505 pareas
3176 3436 3278 3504 legi
3309 3438 3419 3490 im-

1837 3519 2128 3582 peratoris,
2178 3530 2231 3571 et
2273 3519 2376 3572 hoc
2455 3522 2785 3586 luerifacias,
2843 3538 2910 3578 ne
2963 3527 3155 3582 mortis
3208 3530 3418 3582 acerba:

1841 3605 2011 3661 iacias
2057 3609 2390 3678 perieulum.
2427 3611 2786 3681 Respondens
2811 3625 2993 3670 autem
3029 3618 3168 3672 dixit
3194 3630 3417 3674 sanctus

1841 3691 2034 3752 Plato:
2075 3697 2186 3767 Ego
2229 3715 2396 3768 pareo
2446 3716 2568 3755 meo
2600 3702 2754 3774 Regi,
2812 3709 2898 3760 eui
2985 3709 3149 3762 etiam
3209 3710 3420 3771 milito;

1838 3799 2070 3842 mortem
2101 3801 2307 3855 autem,
2342 3809 2462 3859 quae
2481 3807 2563 3847 est
2593 3799 2658 3848 ad
2701 3809 2933 3866 tempus,
2983 3801 3144 3868 eligo,
3202 3811 3262 3855 ut
3313 3805 3414 3856 siin

1838 3877 2013 3934 ἤθει-εδ
2045 3884 2191 3951 regni
2223 3885 2430 3937 aeterni.
2460 3886 2591 3942 Dicit
2622 3889 2950 3958 Agrippinus
2983 3910 2997 3946 :
3032 3891 3348 3958 Considera,
3382 3915 3416 3951 0

1842 3969 2010 4038 Plato,
2043 3976 2302 4042 quidnam
2324 3978 2393 4032 sit
2421 3975 2517 4032 tibi
2550 3982 2914 4046 conducibile,
2942 4000 3007 4038 ne
3039 3986 3176 4040 male
3203 4005 3414 4056 pereas.

1840 4063 1985 4119 Dixit
2015 4078 2236 4121 sanctus
2273 4069 2426 4122 Plato
2456 4088 2468 4122 :
2500 4069 2722 4125 Curabit
2753 4074 3016 4128 Dominus
3042 4093 3104 4129 ea
3139 4091 3258 4145 qui!
3287 4089 3415 4132 sunt

1838 4158 1972 4212 mihi
2019 4161 2405 4216 conducibilia.
2451 4162 2594 4219 Dixit
2638 4165 2964 4236 Agrippinus
3001 4187 3013 4221 :
3050 4168 3198 4223 NOsti
3239 4169 3412 4233 Plato,

1836 4247 1988 4318 jussa
2033 4250 2398 4320 imperatoris,
2467 4257 2739 4322 quomodo
2795 4258 3024 4325 jubeant
3078 4261 3416 4315 intemeratae

1839 4341 1957 4408 ejus
1990 4341 2136 4407 leges
2167 4358 2360 4396 omnes
2391 4343 2735 4399 Christianos
2764 4355 2857 4399 aut
2915 4348 3020 4402 diis
3080 4350 3409 4415 saetiiicare,

160 4447 255 4494 τας
278 4431 409 4494 τοὺς
437 4429 800 4499 Χριστιανοὺς
840 4429 873 4483 ἢ
915 4428 1064 4480 θύειν
1100 4428 1220 4496 ἢτδ
1257 4428 1358 4498 ζῇν
1394 4406 1731 4482 ἀπαλλάττε.

1842 4406 1934 4485 aut
1965 4406 2070 4486 vita
2088 4433 2284 4502 privari
2314 4433 2336 4486 ?
2367 4434 2447 4489 Tu
2477 4451 2605 4505 ergo
2633 4439 2903 4506 quomodo
2932 4441 3100 4497 audes
3136 4441 3412 4511 htlECjUSSil

161 4522 298 4574 σθαι.
331 4521 407 4572 Σὺ
431 4518 525 4571 οὖν
547 4518 664 4579 πῶς
682 4515 885 4587 τολμᾷς
906 4517 1212 4587 ἀνατρέψαι
1239 4522 1305 4571 τά
1330 4521 1730 4588 προστάγματα

161 4609 249 4664 τοῦ
276 4606 546 4678 βασιλέως
579 4608 671 4660 διὰ
703 4607 803 4676 τῆς
833 4609 1119 4678 παρακοῆς
1153 4610 1395 4672 καὶτοὺς
1423 4611 1732 4664 ύπακούονυ

159 4721 255 4767 τας
286 4699 658 4770 άνατρίπειςς
684 4699 907 4754 Πλάτων
942 4701 1184 4766 γελάσας
1214 4698 1369 4756 εἶπεν
1390 4719 1404 4735 ·
1439 4704 1654 4772 Ἐγνως
1676 4705 1736 4757 τὸ

161 4791 496 4860 πρόσταγμα
522 4786 615 4838 τοῦ
653 4784 790 4838 Θεοῦ
829 4803 956 4852 μου,
992 4786 1067 4848 ὡς
1094 4788 1377 4840 κελεύουσὶ
1407 4806 1498 4858 μοι
1531 4789 1743 4860 ἄκραν-ι’

158 4899 237 4934 τοι
264 4875 435 4931 αὐτοῦ
468 4877 644 4944 νόμοι,
688 4875 1020 4944 ἀνατρέπειν
1066 4878 1166 4940 τὰς
1199 4877 1307 4930 τῶν
1337 4878 1611 4947 δαιμόνων
1650 4895 1738 4931 τε-

160 4969 316 5031 λετάς
375 4967 469 5020 καὶ
522 4964 674 5035 αὐτῷ
738 4966 884 5037 μόνῳ
939 4966 1244 5037 λατρεύειν,
1297 4968 1423 5022 οῦτε
1464 4985 1548 5030 σοι
1584 4969 1736 5034 ξένον

159 5060 308 5112 εστὶν
350 5055 588 5109 επινοετν
633 5055 925 5122 βασάνους,
973 5056 1099 5109 οῦτε
1145 5055 1203 5110 δὲ
1238 5059 1338 5127 ἐμὲ
1387 5057 1736 5127 αἰκιζόμενον

164 5150 303 5217 ὑπὲρ
338 5146 439 5216 τῆς
471 5145 751 5208 εὐσεϐείας
793 5145 1181 5217 ἀποθνήσκειν.
1224 5149 1296 5200 Σὺ
1329 5149 1435 5219 γὰρ
1467 5149 1567 5218 ῆδη
1610 5149 1736 5202 πολ-

161 5242 284 5301 λοὺς
316 5240 413 5291 επὶ
443 5244 509 5310 τῇ
539 5239 761 5310 τοιαύτῃ
795 5241 1048 5294 ὑποθέσει
1079 5243 1311 5305 ἀνεῖλες,
1347 5247 1545 5305 οἵτινες
1581 5244 1735 5312 νική-

163 5351 354 5397 σαντες
399 5335 487 5386 τὺν
521 5336 752 5388 θάνατον
798 5337 1126 5407 άνεδήσαντο
1171 5338 1310 5391 κατὰ
1358 5336 1453 5389 τοῦ
1485 5335 1734 5390 διαϐόλου

162 5431 251 5482 τὸν
279 5427 379 5496 τῆς
405 5427 758 5496 δικαιοσύνης
799 5429 1084 5497 στέφανον.

230 5526 307 5574 Δ’.
342 5520 452 5572 Καὶ
483 5524 510 5573 ὁ
546 5521 906 5592 Ἀγριππζνος
935 5522 1111 5576 ταῦτα
1148 5523 1390 5586 ἀκούσας
1421 5523 1735 5593 αἱρεσίτροο

165 5619 260 5682 πός
290 5630 347 5668 τε
392 5615 657 5685 ὑπάρχων
705 5615 963 5668 καὶκατὰ
1004 5617 1110 5669 τῶν
1149 5617 1396 5685 ἀθλητῶν
1442 5617 1541 5686 τῆς
1581 5619 1734 5670 εὐσε-

163 5708 309 5770 ϐείας
340 5707 797 5778 ὑπερϐαλλόντως
833 5708 1176 5778 ἠγριωμένος
1202 5709 1451 5778 καθάπερ
1491 5713 1610 5763 τινὰ
1639 5711 1728 5763 ἐπὶ

164 5801 301 5870 φόνῳ
342 5802 537 5856 ἁλόντα
577 5800 612 5870 ἢ
648 5799 739 5852 ἐπε
767 5815 867 5853 τινι
897 5800 1064 5871 ἑτέρῳ
1092 5801 1543 5873 πλημμελήματι.
1574 5803 1728 5858 Μετὰ

1842 4535 2109 4589 evertere,
2129 4538 2183 4581 et
2201 4543 2295 4596 per
2312 4529 2734 4594 inobedientiam
2755 4548 2848 4585 eos
2866 4535 3052 4596 etiam,
3073 4538 3162 4608 qui
3182 4538 3274 4588 tibi
3313 4551 3410 4603 pa-

1840 4625 1981 4681 rent,
2019 4618 2257 4670 evertis?
2301 4618 2444 4672 Dixit
2482 4630 2704 4676 sanctus
2759 4619 2908 4676 Plato
2943 4641 2958 4676 :
2990 4621 3224 4694 COgnovi
3254 4627 3408 4695 jussa

1841 4707 1933 4761 Dei
2005 4709 2136 4771 mei,
2209 4711 2352 4764 sicut
2411 4712 2608 4780 jubent
2666 4716 2786 4784 ejus
2860 4716 3200 4771 intemerata:
3266 4722 3412 4789 leges

1837 4811 1892 4854 et
1931 4801 2141 4855 vivifica
2199 4815 2488 4873 praecepta,
2540 4822 2738 4875 nempe
2791 4809 3101 4862 daunonum
3156 4815 3410 4880 mysteria

1837 4904 2108 4958 evertere,
2140 4904 2195 4949 et
2241 4897 2286 4948 ei
2318 4898 2414 4949 soli
2459 4903 2683 4953 servire.
2744 4903 2926 4966 Neque
2960 4903 3104 4954 enim
3173 4915 3254 4956 est
3314 4903 3413 4959 tibi

1837 5003 2040 5043 novum
2084 5001 2138 5044 et
2190 4992 2452 5056 alienum,
2525 4996 2835 5066 excogitare
2878 5009 3147 5053 tormenta
3185 5018 3196 5054 :
3233 5015 3411 5069 neque

1839 5095 2028 5134 rursus
2053 5081 2207 5144 mihi,
2240 5083 2374 5136 mori
2412 5099 2508 5152 pro
2539 5087 2757 5155 pietate.
2794 5088 2873 5141 Tu
2895 5092 3038 5143 enim
3071 5092 3179 5156 jam
3208 5095 3409 5149 multos

1838 5173 2102 5226 sustulisti
2142 5173 2208 5226 de
2237 5175 2414 5227 medio
2461 5188 2682 5244 propter
2751 5178 2891 5232 hanc
2955 5182 3355 5238 confessionem
3394 5224 3408 5248 ,

1836 5264 1953 5330 qui,
1986 5274 2159 5317 morte
2227 5265 2462 5331 devicta,
2495 5269 2718 5335 justitiue
2779 5285 3108 5340 acceperunt
3147 5289 3404 5332 coronam

1837 5357 2102 5410 adversus
2133 5357 2430 5413 diabolum.

1908 5535 1997 5590 IV.
2032 5534 2359 5604 Agrippinus
2382 5545 2562 5592 autem
2606 5557 2726 5595 cum
2763 5542 2873 5595 haec
2902 5544 3181 5606 auiliisset,
3221 5557 3275 5598 ut
3315 5550 3404 5614 qui

1839 5636 1982 5680 esset
2017 5643 2189 5681 saevus
2212 5641 2265 5682 et
2296 5631 2551 5686 bclluinis
2584 5635 2847 5697 moribus,
2880 5645 2933 5688 et
2963 5638 3407 5693 adversusathlo-

1842 5728 1922 5771 tas
1953 5717 2171 5787 pietatis
2205 5737 2368 5788 supra
2408 5725 2623 5776 modum
2671 5725 2947 5789 efferatus,
2990 5728 3150 5779 veluti
3207 5745 3402 5796 quem-

1840 5808 1962 5864 dam
1992 5811 2154 5867 caedis
2188 5824 2358 5881 reum,
2392 5825 2482 5869 aut
2537 5818 2763 5887 alicujus
2800 5821 3021 5875 alterius
3057 5824 3265 5891 unguis
3301 5824 3390 5876 cri-
