3972 6442
571 336 674 396 607

1879 344 2164 405 MENSIS
2197 345 2490 412 IULIUS.

3718 356 3826 419 408

569 449 736 504 minis
766 447 1102 519 convictum,
1141 462 1430 526 postquam
1475 456 1593 527 ipse
1648 457 1715 511 ab
1742 455 1896 511 initio
1925 456 2147 512 didicis-

2256 461 2314 513 τὸ
2348 463 2540 530 μαθεῖν
2575 465 2738 519 αύοτδν
2769 467 2832 519 ἐκ
2869 468 3175 536 προοιμίων
3218 468 3318 537 τὴν
3346 469 3533 522 τούτου
3570 469 3705 538 πρὸς
3734 471 3825 523 τὸν

571 553 650 595 εει
685 543 808 610 ejus
866 544 918 596 in
978 543 1268 601 Dominum
1337 556 1586 602 nostrum
1637 547 1818 602 Iesum
1870 548 2145 604 Christum

569 637 822 690 virtutem
864 645 917 691 et
949 637 1105 692 ﬁdem
1140 639 1348 692 ﬁrmam
1381 649 1431 694 et
1475 640 1829 707 immobilem,
1863 641 2020 711 jubet
2052 656 2145 694 ex-

568 737 784 780 tensum
822 744 964 783 saeve
1003 731 1136 784 cazdi
1163 732 1350 785 ncrvis
1383 732 1619 788 bubulis.
1652 730 1806 798 Quod
1838 749 1960 787 cum
1983 749 2144 801 quam

566 819 805 887 primum
838 820 1042 874 factum
1071 830 1238 884 esset,
1270 832 1324 876 et
1357 833 1592 892 quatuor
1644 825 1846 878 milites
1893 836 2143 880 sanctum

567 912 920 965 verberarent
965 914 1166 969 multas
1223 914 1406 979 horas,
1437 926 1492 970 et
1546 916 1746 971 defessi
1804 927 2006 982 essent,
2055 917 2144 970 alii

566 1013 748 1056 autem
794 1004 1083 1058 duodecim
1149 1007 1350 1060 milites
1376 1009 1441 1061 ad
1475 1009 1524 1062 id
1574 1009 1765 1062 mutati
1820 1019 2017 1072 essent,
2075 1023 2146 1063 ue

568 1094 676 1146 ulla
711 1095 929 1162 quidem
967 1097 1190 1150 inventa
1221 1107 1303 1151 est
1338 1101 1548 1153 macula
1584 1101 1638 1153 in
1687 1115 1914 1170 corpore
1968 1102 2142 1155 sancti

567 1181 812 1239 Platonis
857 1203 870 1237 :
937 1187 1075 1239 adeo
1112 1197 1172 1241 ut
1227 1203 1422 1242 omnes
1476 1191 1695 1258 quidem
1759 1192 2141 1262 obstupefacti,

569 1291 736 1343 supra
776 1275 1000 1330 modum
1029 1277 1286 1336 admirati
1327 1279 1553 1346 fuerint,
1597 1293 1651 1336 et
1689 1299 1717 1337 a
1769 1299 1828 1338 se
1877 1284 2146 1338 discesse-

567 1371 710 1434 rint;
741 1369 855 1439 ipse
883 1380 1074 1424 autem
1103 1371 1343 1426 alacrius
1373 1383 1428 1428 et
1490 1374 1829 1428 constantius
1889 1389 2146 1443 perseve~

565 1464 769 1516 raverit
815 1464 872 1520 in
913 1463 1262 1519 confessione
1293 1465 1520 1532 Christi,
1553 1475 1606 1519 et
1631 1483 1731 1536 per
1789 1468 1990 1522 multas
2025 1468 2143 1521 alli-

565 1553 779 1606 ctiones
813 1553 1389 1623 contenderitingredi
1421 1555 1475 1608 in
1503 1571 1728 1626 regnum
1770 1554 1888 1621 Dei,
1919 1556 1972 1609 in
1999 1556 2144 1625 quod

568 1659 678 1697 non
707 1644 854 1698 cadit
877 1643 1154 1699 interitus.
1940 1661 1942 1664 '

637 1733 703 1788 V.
746 1735 886 1789 Dixit
919 1737 1253 1806 Agrippinus
1279 1756 1290 1791 :
1317 1737 1428 1807 Ego
1461 1737 1556 1792 tibi
1593 1740 1820 1795 consulo
1858 1749 1918 1793 ut
1969 1741 2143 1795 amico

567 1833 628 1879 ut
656 1837 887 1880 mortem
923 1828 1142 1897 quidem
1177 1828 1442 1898 declines,
1491 1833 1556 1884 ad
1591 1831 1752 1885 vitam
1817 1841 2000 1887 autem
2051 1846 2145 1887 ac-

566 1912 747 1966 cedas.
795 1913 942 1968 Dixit
1000 1923 1222 1968 sauctus
1277 1915 1485 1970 Plato:
1547 1917 1712 1972 Recte
1767 1919 2051 1984 admones,
2109 1936 2143 1975 ο

564 2004 890 2074 Agrippine.
923 2005 1096 2074 Fugio
1127 2007 1272 2059 enim
1309 2017 1544 2061 mortem
1597 2020 1880 2073 aeternam,
1950 2021 2008 2065 et
2075 2012 2144 2066 ad

564 2095 734 2151 vitam
765 2111 852 2150 me
891 2095 1113 2151 confero
1147 2096 1557 2166 sempiternam.
1587 2098 1731 2153 Dixit
1761 2100 2089 2170 Agrippinus
2125 2119 2138 2155 :

566 2187 686 2254 Dic,
721 2187 1091 2251 cacodzzmon,
1124 2198 1258 2257 quot
1281 2198 1410 2243 sunt
1442 2189 1683 2244 mortes?
1743 2190 1886 2245 Dixit
1921 2200 2144 2248 sanctus

573 2279 731 2332 Plato
766 2295 780 2331 :
815 2279 943 2332 Duas
982 2293 1139 2332 :.una
1179 2280 1400 2348 quidem
1436 2281 1501 2333 ad
1529 2291 1786 2349 tempus;
1824 2282 1991 2334 altera
2016 2297 2145 2335 vcro

566 2379 797 2425 aeterna.
828 2369 905 2424 lta
947 2371 1132 2434 etiam,
1163 2371 1284 2426 duae
1315 2371 1440 2426 vitae
1473 2390 1487 2426 :
1514 2387 1621 2428 una
1673 2373 1894 2442 quidem
1925 2373 2142 2439 brevis;

567 2457 734 2512 altera
770 2472 901 2512 vero
951 2459 1301 2529 sempiterna.
1366 2461 1513 2516 Dixit
1563 2461 1896 2532 Agrippinus
1953 2482 1970 2520 :
2030 2463 2147 2519 Diis

568 2551 836 2616 sacriﬁca,
865 2561 920 2606 et
954 2553 1165 2606 declina
1213 2554 1503 2608 cruciatus.
1530 2554 1668 2608 Dixit
1706 2568 1927 2610 sanctus
1958 2555 2144 2611 Plato:

567 2641 675 2696 Fac
705 2644 833 2704 cito,
867 2657 900 2696 ο
963 2644 1283 2714 Agrippine,
1317 2645 1372 2700 id
1411 2645 1556 2714 quod
1608 2645 1705 2700 tibi
1740 2647 1974 2702 videtur.
2033 2647 2148 2716 Ego

569 2734 714 2787 cnim
745 2749 1029 2803 nunquam
1065 2737 1335 2791 sacriﬁco.
1364 2735 1550 2806 Neque
1590 2737 1739 2790 enim
1770 2737 1934 2807 ignis,
1966 2753 2147 2806 neque

567 2842 722 2894 crux,
758 2843 936 2896 neque
975 2827 1054 2881 ira
1084 2827 1405 2890 bestiarum,
1440 2843 1617 2896 neque
1647 2829 1845 2882 ablatio
1873 2829 2148 2884 membro-

570 2933 690 2970 rum
726 2919 885 2973 nohis
917 2921 1252 2987 persuadent
1294 2935 1324 2972 a
1357 2919 1466 2974 Deo
1503 2921 1626 2974 vivo
1658 2920 1908 2976 deﬁcere.
1963 2919 2148 2988 Neque

569 3007 716 3061 enim
746 3008 1021 3080 diligimus
1071 3009 1216 3079 quod
1274 3025 1419 3065 nunc
1448 3020 1529 3065 est
1560 3010 1818 3066 saaculutn
1857 3029 1872 3065 :
1917 3011 2016 3066 sed
2055 3013 2145 3079 qui

567 3115 667 3169 pro
706 3117 792 3156 me
826 3111 909 3156 est
938 3112 1186 3156 mortuus
1215 3113 1272 3156 et
1305 3105 1630 3165 resurrexit,
1667 3104 1970 3158 Christum.

651 3187 747 3244 νι.
785 3189 881 3244 llis
922 3191 1146 3256 auditis,
1178 3192 1688 3262 Agrippinusjussit
1713 3208 1835 3248 eum
1869 3192 2054 3249 reduci
2088 3192 2141 3247 in

572 3297 873 3338 carcerem.
925 3283 1274 3351 Sequebatur
1321 3294 1505 3339 autem
1555 3285 1723 3342 multa
1772 3287 1929 3340 turba
1982 3286 2144 3340 Chri-

574 3375 896 3442 stianorum,
923 3386 1146 3446 pr0pter
1179 3378 1300 3446 ejus
1326 3388 1571 3432 sanctam
1612 3384 1664 3432 et
1688 3379 1975 3448 gloriosam
2011 3394 2144 3433 con-

574 3467 892 3522 fessionem.
959 3466 1136 3522 Fortis
1166 3479 1348 3522 autem
1387 3478 1441 3524 et
1505 3467 1882 3540 magnanimus
1944 3471 2145 3526 Christi

578 3567 778 3629 martyr
825 3558 980 3614 Plato
1031 3560 1192 3630 jussit
1226 3563 1328 3616 sibi
1375 3561 1489 3615 ﬁeri
1554 3562 1858 3618 silentium.
1890 3564 1955 3618 Et
1991 3574 2145 3634 post-

577 3664 740 3716 quam
827 3651 929 3719 ipsi
997 3641 1300 3705 cessarunt'
1354 3667 1382 3704 a
1440 3655 1695 3716 tumultu,
1747 3671 1880 3708 voce
1937 3657 2147 3709 sublata

579 3741 716 3795 dixit
774 3741 905 3796 eis:
981 3740 1095 3798 Viri
1159 3743 1249 3813 qui
1280 3742 1575 3810 Christum,
1617 3745 1862 3817 diligitis,
1906 3757 1960 3802 et
2016 3749 2148 3803 estis

578 3843 853 3891 amatores
913 3837 1181 3902 veritatis,
1233 3853 1340 3892 non
1389 3837 1494 3892 levi
1526 3839 1592 3893 de
1642 3855 1803 3895 causa
1858 3843 1994 3897 adeo
2044 3843 2148 3897 hoc

581 3934 862 3979 certamen
892 3943 906 3980 :
935 3927 1030 3982 sed
1067 3937 1292 3997 propter
1320 3928 1631 3983 effectorem
1667 3926 1782 3990 calli
1812 3942 1866 3986 et
1899 3943 2056 3987 terrae
2096 3942 2152 4000 et

579 4013 824 4067 omnium
868 4029 988 4085 qua:
1023 4024 1152 4070 sunt
1177 4015 1234 4069 in
1263 4015 1363 4070 eis.
1398 4011 1476 4070 No
1516 4031 1611 4072 vos
1640 4032 1769 4089 ergo
1797 4019 2148 4087 conturbent,

580 4121 736 4176 rogo,
781 4121 844 4160 ea
885 4121 1005 4176 qua:
1055 4107 1214 4163 ﬁunt.
1252 4108 1434 4162 Multa:
1489 4111 1635 4164 enim
1687 4122 1816 4166 sunt
1851 4114 2150 4181 aﬂlicliones

571 4199 862 4266 justarum,
905 4209 953 4252 et
985 4215 1050 4254 ea:
1075 4202 1148 4254 eis
1193 4202 1427 4254 omnibus
1485 4202 1722 4255 liberabit
1773 4205 1911 4266 ipsos
1971 4203 2156 4256 Domi-

583 4307 680 4344 nus
701 4293 738 4346 ί.
769 4291 966 4348 Adeste
991 4293 1058 4348 de
1098 4303 1318 4359 extero,
1352 4304 1405 4349 et
1425 4295 1803 4366 confugiamus
1856 4311 2047 4353 omnes
2079 4298 2152 4352 si-

583 4377 693 4430 mul
721 4379 786 4432 ad
815 4389 1054 4448 portum,
1089 4382 1182 4449 qui
1239 4382 1398 4434 nullis
1432 4383 1664 4451 agitatur
1714 4385 2153 4451 tempestatibus,

2174 3115 2222 3176 C

2254 553 2457 622 Κύριον
2489 557 2646 625 ἡμῶν
2689 558 2893 628 Ἰησοῦν
2937 560 3170 627 Χριστὸν
3216 563 3421 630 ἀρετήν
3444 577 3502 612 τε
3544 564 3637 614 καὶ
3687 563 3824 615 άσά-

2251 645 2440 700 λευτον
2490 650 2710 714 πίστιν,
2761 653 3233 722 παρεκελεύσατο.
3280 654 3469 707 τοῦτον
3522 656 3824 708 ἐκταθέντα

2247 736 2514 807 δέρμασιν
2552 741 2723 812 ὠμοῖς
2771 746 2861 794 καὶ
2915 742 3078 812 βοῒοις
3111 744 3441 808 αἰκίζεσθαι,
3488 747 3598 798 Καὶ
3629 748 3821 797 τούτου

2248 829 2555 897 γενομένου
2577 833 2673 884 καὶ
2695 835 2980 902 τεσσάρων
3012 835 3358 903 στρατιωτῶν
3388 837 3707 888 τυπτόντων
3736 841 3826 888 τὸν

2249 916 2406 985 ἅγιον
2439 921 2530 971 ἐπὶ
2565 922 2789 984 πολλαῖς
2834 923 3005 991 ῶραις
3058 926 3152 976 καὶ
3202 927 3568 978 άτονισὰντων
3621 927 3825 994 ἑτέρων

2252 1009 2598 1076 στρατιωτῶν
2615 1010 2825 1066 δώδεκα
2853 1013 3218 1080 άλλαγέντων,
3244 1015 3364 1067 ούδὶ
3391 1018 3418 1067 ὁ
3445 1017 3608 1086 τυχὸν
3637 1017 3825 1078 σπίλος

2249 1099 2448 1169 εὑρέθη
2490 1102 2548 1153 ιν
2597 1102 2677 1170 τῷ
2737 1103 2954 1172 σώματι
2993 1104 3088 1156 τοῦ
3134 1104 3290 1172 ἁγίου
3341 1104 3652 1170 Πλάτωνος,
3686 1105 3825 1159 ῶστε

2249 1193 2456 1255 πάντας
2489 1192 2865 1260 ἐκπλαγέντας
2898 1195 3199 1262 θαυμάσαι,
3233 1195 3396 1248 αὑτὸν
3439 1196 3496 1249 δὲ
3547 1197 3829 1266 προθυμόο

2247 1296 2406 1349 τερον
2436 1281 2692 1348 ιμμεῐναι
2741 1285 2807 1350 τῇ
2843 1282 2936 1334 τοῦ
2990 1283 3226 1352 Χριστοῦ
3273 1284 3567 1353 ὁμολογίᾳ,
3609 1285 3702 1336 καὶ
3741 1286 3827 1337 δια

2249 1369 2460 1423 πολλῶν
2514 1370 2749 1440 θλίψεων
2783 1373 3085 1426 σπεύδοντα
3132 1375 3393 1429 εἰσελθεῖν
3443 1381 3521 1439 είς
3577 1378 3679 1449 τὴν
3729 1380 3828 1432 τοῦ

2247 1461 2386 1515 Θεοῦ
2419 1463 2696 1533 ἄφθαρτον
2731 1463 3034 1534 βασιλείαν.

2320 1725 2396 1780 E'.
2441 1727 2796 1796 ’Δγριππῖνος
2829 1724 2982 1779 εἶπεν
3003 1745 3016 1758 ο
3058 1725 3200 1796 Ἐγώ
3231 1745 3312 1781 σοι
3335 1729 3604 1798 ,παραινῶ
3639 1731 3831 1782 ἐκκλί-

2248 1834 2336 1870 ναι
2363 1817 2456 1870 τὸν
2505 1817 2736 1870 θάνατον
2769 1821 2861 1871 καὶ
2907 1821 3279 1888 προσδραμεῖν
3308 1825 3374 1891 τῇ
3423 1821 3558 1891 ζωῇ.
3597 1822 3832 1875 Πλάτων

2245 1905 2388 1964 εἷπε·
2431 1911 2628 1974 Καλῶς
2672 1915 2981 1980 παραινεῖς,
3016 1906 3062 1964 ῶ
3104 1913 3454 1982 Ἀγριππῐνε·
3494 1914 3683 1982 φεύγω
3715 1914 3831 1985 γάρ

2244 2002 2338 2055 τὸν
2385 2003 2602 2056 αίῶνιον
2641 2005 2870 2058 θάνατον
2895 2007 2989 2057 καὶ
3017 2005 3355 2076 προσφεύγω
3391 2009 3455 2077 τῇ
3489 2008 3648 2074 ἀϊδίῳ
3684 2007 3826 2076 ζωῇ.

2258 2092 2615 2162 Ἀγριππῖνος
2663 2087 2852 2147 εἶπενο
2889 2095 3057 2157 Eius,
3107 2095 3461 2163 κακόδαιμον,
3513 2095 3668 2151 πόσοι
3716 2099 3830 2148 εισι

2249 2181 2506 2248 θάνατοι;
2561 2183 2785 2238 Πλάτων
2821 2181 2976 2238 εἴπεο
3029 2187 3166 2237 Δύοο
3229 2188 3257 2237 ὀ
3321 2183 3422 2254 μὲν
3460 2185 3836 2255 πρόσκαιρος,

2246 2275 2276 2325 ὀ
2347 2274 2404 2326 δι
2461 2276 2712 2338 αἰώνιοςο
2771 2277 2941 2338 οὕτως
2983 2277 3038 2328 et
3100 2277 3194 2330 xci
3255 2273 3394 2340 ζωαὶ
3447 2277 3569 2330 δύο·
3619 2279 3653 2345 η
3725 2278 3835 2344 μιν

2250 2366 2646 2438 ὀλιγοχρόνιος,
2720 2370 2752 2438 ἡ
2807 2367 2865 2420 δι
2921 2367 3173 2432 άείζωος.
3212 2368 3568 2438 ’Δγριππῖνος
3629 2364 3824 2422 εἶπεν·

2247 2458 2422 2512 Θύσον
2494 2462 2607 2522 τοῖς
2660 2461 2823 2524 θεοῖς,
2899 2461 2992 2513 καὶ
3054 2461 3154 2522 τὰς
3209 2460 3481 2530 τιμωρίαις
3547 2460 3825 2515 ἔκκλινον.

2247 2550 2475 2604 Πλάτων
2553 2549 2742 2604 εἶπεν·
2797 2552 2950 2605 Ποίει
3027 2553 3086 2606 τὸ
3146 2553 3339 2606 δοκοῦν
3418 2558 3502 2605 σοι
3576 2554 3824 2624 άπηνιςο

2247 2643 2358 2710 ὶγὼ
2386 2645 2492 2712 γὰρ
2519 2645 2579 2694 ού
2611 2643 2723 2695 θύω
2742 2659 2754 2674 ο
2781 2643 2905 2697 οὔτε
2943 2645 3050 2712 γὰρ
3070 2647 3258 2712 πυρὸς,
3285 2643 3409 2696 οὔτε
3436 2645 3664 2714 θηρίων,
3695 2646 3827 2699 οὔτε

2251 2733 2424 2803 θυμοῦ
2480 2737 2638 2806 μερὶς
2691 2736 3010 2806 ποιήσουσίν
3059 2753 3127 2806 με
3182 2737 3485 2805 ἀποστῆναι
3530 2739 3638 2790 ἀπὸ
3685 2737 3832 2791 Θεοῦ

2251 2825 2448 2892 ζῶντος
2469 2844 2482 2858 ·
2504 2829 2566 2880 ού
2594 2828 2699 2896 γάρ
2721 2829 2812 2880 τὸν
2846 2829 2938 2881 νῦν
2960 2827 3156 2897 άγαπῶ
3191 2828 3383 2893 αἰῶνα,
3411 2829 3551 2882 ἀλλὰ
3577 2830 3666 2882 τὸν
3697 2829 3833 2899 μέλ-

2249 2920 2409 2972 λοντα
2441 2920 2534 2971 καὶ
2577 2919 2669 2972 τὸν
2702 2921 2840 2990 ὑπὲρ
2889 2920 3024 2989 εμοῦ
3077 2921 3424 2975 ἀποθανόντα
3458 2922 3694 2991 Χριστὸν
3728 2925 3831 2976 καὶ

2249 3011 2347 3066 ἀνα
2358 3011 2577 3064 στάντα.

2321 3187 2410 3255 q’.
2447 3189 2558 3240 Καὶ
2607 3189 2634 3240 δ
2677 3188 3032 3256 Ἀγριππίνος
3069 3188 3208 3240 αὐτὰ
3258 3188 3500 3251 ἀκούσας
3531 3191 3834 3244 ἐκέλευσεν

2246 3281 2410 3334 αὑτὸν
2441 3278 2821 3347 ἀναληφθῆναι
2860 3281 2919 3332 ιν
2972 3279 3049 3348 τῷ
3101 3279 3500 3350 δεσμωτηρίῳ·
3557 3281 3709 3348 ὄχλος
3766 3284 3836 3340 δι

2247 3371 2413 3435 πολὺς
2441 3369 2729 3440 ἠκολούθει
2757 3371 2867 3423 τῶν
2893 3371 3236 3440 Χριστιανῶν
3273 3371 3366 3423 ἐπὶ
3395 3374 3460 3441 τῇ
3492 3373 3623 3443 άγία
3654 3374 3830 3427 αὑτοῦ

2247 3462 2344 3516 καὶ
2376 3463 2572 3532 ἐνδόξῳ
2622 3462 2901 3533 ὁμολογίᾳ.
2971 3462 3028 3514 '0
3074 3462 3130 3514 δδ
3181 3462 3541 3532 μεγαλόφρων
3580 3467 3676 3518 καὶ
3729 3467 3834 3520 dv-

2246 3556 2423 3624 δρεϊος
2446 3555 2538 3607 τοῦ
2567 3555 2806 3622 Χριστοῦ
2842 3556 3053 3624 μάρτυς
3090 3555 3378 3606 ἐκέλευσεν
3409 3556 3558 3624 αύτῷ
3590 3558 3835 3626 ἡσυχίαν

2249 3647 2504 3714 γενέσθαι
2535 3646 2631 3699 καὶ·
2668 3647 2810 3713 μετὰ
2833 3646 2928 3697 τοῦ
2962 3646 3279 3698 παύσασθαι
3301 3648 3502 3708 αὐτοὺς
3533 3646 3625 3700 τοῦ
3658 3647 3834 3718 θορύ-

2244 3735 2370 3801 ὗου,
2407 3738 2620 3808 ἐπάρας
2653 3738 2751 3806 τὴν
2795 3735 2934 3789 ίδίαν
2959 3738 3142 3807 φωνὴν
3187 3732 3372 3790 εἶπεν·
3409 3737 3638 3808 ’Δινδρες
3677 3739 3838 3805 φιλό-

2250 3848 2461 3900 κριστοι
2499 3832 2591 3884 καὶ
2631 3831 2728 3897 τῆς
2762 3829 3023 3900 ἀληθείας
3059 3830 3312 3900 ἐρασταὶ,
3353 3829 3414 3882 ού
3464 3822 3677 3897 φαύλης
3710 3829 3839 3882 ἓνε-

2252 3939 2345 3974 κεν
2379 3923 2556 3980 αἰτίας
2598 3923 2690 3972 ἐπὶ
2719 3922 2867 3973 τόνδε
2899 3923 3358 3991 πάρειμιάγῶνα,
3388 3923 3502 3973 ἁλλ’
3523 3923 3710 3974 ἕνεκεν
3733 3923 3837 3976 τοῦ

2253 4011 2485 4081 Ποιητοῦ
2519 4010 2752 4083 ούρανοῦ
2786 4014 2878 4064 καὶ
2899 4014 3001 4081 γῆς
3034 4011 3126 4064 καὶ
3151 4011 3367 4064 πάντων
3391 4011 3499 4062 τῶν
3530 4011 3587 4061 ὲν
3615 4013 3834 4074 αὐτοῖς.

2252 4107 2343 4176 Μὴ
2362 4079 2541 4158 τοίνυν
2733 4079 3055 4172 θορυθείτω,
3079 4103 3484 4173 παρακαλῶ,τδ
3508 4103 3833 4171 γενόμενονο

2252 4195 2483 4250 Πολλοί
2508 4197 2616 4266 γὰρ
2635 4199 2694 4249 al
2712 4198 2948 4264 θλίψεις
2975 4194 3093 4247 τῶν
3119 4196 3384 4258 δικαίων,
3407 4195 3506 4247 καί
3526 4196 3594 4247 ἐκ
3613 4197 3839 4249 πασῶν

2248 4289 2500 4354 ῥύσεται
2553 4287 2776 4352 αὐτοὺς
2811 4290 2842 4338 ό
2880 4286 3118 4352 Κύριος.
3170 4286 3334 4338 Ἀλλὰ
3378 4285 3530 4338 δεῦτε
3578 4286 3788 4349 πάντες
3822 4306 3833 4317 ·

2257 4380 2392 4447 ὁμοῦ
2461 4381 2874 4448 καταφύγωμεν
2946 4380 3039 4432 ἐπὶ
3110 4381 3200 4432 τὸν
3243 4381 3579 4449 άχείμαστον
3626 4379 3835 4449 λιμένα

584 4486 781 4539 nempe
802 4441 1186 4537 Christum-ct
1217 4473 1286 4528 ad
1318 4441 1552 4543 petram,
1579 4489 1740 4542 quam
1775 4441 2000 4544 magnus
2020 4441 2148 4528 dixii

2259 4441 2499 4541 έριστοῦ
2549 4441 2644 4526 καλ.
2840 4474 3066 4542 πέτραν,
3125 4475 3190 4539 ἣν
3226 4475 3253 4525 ὁ
3283 4441 3476 4541 ’μέγας
3507 4441 3840 4536 Ἀπὸστολος

589 4562 879 4630 Apostolus
912 4577 926 4616 :
959 4562 1119 4616 Petra
1138 4575 1316 4618 autem
1346 4576 1460 4618 erat
1488 4562 1723 4618 Christus
1748 4567 1788 4619 '.
1818 4565 1894 4619 Ne
1913 4580 2040 4637 ergo
2062 4580 2151 4620 ce-

586 4655 800 4718 damus,
829 4670 862 4709 o
909 4654 1114 4719 dilecti,
1161 4654 1438 4723 periculis,
1463 4670 1581 4724 qua:
1635 4655 2008 4723 suscipiuntur
2059 4671 2158 4726 pro

589 4750 792 4819 pietate
823 4767 834 4802 :
883 4765 1006 4805 cum
1037 4751 1293 4812 sciamus,
1322 4750 1467 4819 quod
1492 4751 1776 4820 passiones
1811 4750 1971 4817 hujus
2024 4761 2160 4805 tem-

591 4844 742 4909 poris
776 4857 882 4895 non
910 4852 1041 4896 sunt
1071 4841 1268 4912 dignae.
1299 4857 1420 4911 qua:
1459 4843 1811 4895 conferantur
1831 4857 1954 4896 cum
1994 4842 2161 4910 gloria

591 4949 712 5004 qua:
728 4943 820 5009 gst
859 4934 912 4986 in
947 4933 1103 4986 nobis
1132 4933 1423 4987 revelanda
1448 4933 1487 4986 ⁸.
1510 4931 1634 4986 Haec
1663 4948 1790 5002 ergo
1835 4949 1958 4993 cum
1987 4933 2162 4988 dixis-

592 5035 675 5079 set
699 5023 901 5080 Christi
928 5033 1128 5094 martyr
1154 5022 1328 5092 Plato,
1377 5033 1433 5077 et
1507 5021 1699 5086 turbis,
1751 5039 1872 5092 qua:
1913 5024 2160 5092 aderant,

596 5116 1174 5177 addidissetaninuuu,
1208 5124 1264 5167 et
1284 5125 1520 5168 mentem
1544 5130 1734 5169 eorum
1763 5117 2163 5182 conﬁrmasset,

595 5210 874 5277 ingressus
905 5217 990 5260 est
1018 5222 1290 5261 carcerem
1320 5207 1471 5260 lmtus
1510 5216 1564 5260 et
1616 5209 1782 5261 Deum
1837 5209 2162 5274 gloriﬁcans.

598 5303 882 5371 Ingressus
951 5311 1154 5363 autem,
1198 5304 1344 5352 humi
1412 5298 1532 5352 ﬁxis
1565 5299 1812 5366 genibus,
1879 5299 2163 5355 Dominum

597 5408 850 5464 precatus
913 5403 1015 5456 est,
1062 5396 1147 5449 sic
1178 5393 1365 5448 dicens
1412 5411 1428 5447 :
1474 5392 1700 5444 Domine
1750 5391 1877 5445 Jesu
1917 5392 2153 5458 Christe,

600 5489 841 5545 omnium
879 5495 1093 5540 creator
1129 5485 1402 5556 et0pifex,
1451 5496 1502 5540 et
1557 5485 1650 5553 qui
1691 5494 1777 5536 tua
1824 5483 2160 5553 providentia

605 5594 790 5634 curam
816 5579 956 5649 geris
1009 5579 1408 5639 universorum,
1467 5579 1556 5644 qui
1617 5577 1872 5630 omnibus
1931 5575 2037 5631 tuis
2089 5575 2166 5627 fa-

720 5765 735 5795 ¹
767 5763 910 5820 Psal.
943 5778 1131 5829 xxxiii,
1164 5763 1251 5822 20.
1363 5763 1381 5790 ‘
1416 5763 1431 5816 l
1465 5761 1588 5817 Cor.
1621 5779 1673 5827 x,
1740 5765 1791 5815 4.

2258 4561 2440 4618 εἶπεν·
2483 4563 2552 4620 Ἡ
2578 4564 2645 4617 δὲ
2670 4565 2855 4632 πέτρα
2881 4561 2960 4630 ἦν
2989 4567 3020 4617 ὀ
3058 4565 3291 4629 Κύριος.
3321 4563 3412 4628 Μὴ
3445 4561 3686 4628 ἐνδῶμεν
3719 4567 3840 4626 τοῖς

2262 4657 2403 4724 ὑπὲρ
2450 4655 2734 4717 εὐσεϐείας
2785 4654 3070 4717 κινδύνοις,
3119 4653 3321 4715 ειδότες
3369 4654 3449 4705 ὅτι
3479 4652 3576 4704 ούκ
3605 4652 3735 4716 ἀξια
3768 4658 3840 4709 τά

2262 4751 2569 4820 παθήματα
2589 4748 2682 4802 τοῦ
2707 4746 2800 4802 νῦν
2825 4747 3017 4819 καιροῦ
3051 4745 3187 4816 πρὸς
3216 4745 3317 4817 τὴν
3350 4743 3650 4814 μέλλουσαν
3673 4745 3842 4812 δόξαν

2265 4842 2723 4912 ἀποκαλυφθῆναι
2757 4844 2835 4904 είς
2871 4841 3041 4910 ἡμᾶς.
3089 4837 3276 4892 Ταῦτα
3322 4836 3494 4890 είπῶν
3531 4837 3622 4888 καὶ
3656 4855 3844 4906 παρα-

2264 4936 2543 5007 θαρσύνας
2572 4935 2698 4995 τοὺς
2743 4930 3114 5002 περιεστῶτας
3138 4929 3351 4998 δχλους,
3402 4927 3498 4981 καὶ
3538 4927 3844 5010 πληρώσας

2265 5027 2363 5097 τὴν
2397 5025 2745 5079 διδασκαλίαν
2781 5021 3034 5090 είσῆλθεν
3061 5023 3140 5084 είς
3185 5018 3247 5073 τὺ
3289 5018 3701 5088 δεσμωτήριον
3743 5020 3845 5072 καὶ

2267 5115 2549 5177 εἰσελθὼν,
2573 5116 2686 5176 θεὶς
2715 5113 2784 5168 τὰ
2822 5113 3022 5179 γόνατα
3054 5104 3243 5172 αὑτοῦ,
3268 5109 3327 5176 ἐξ
3362 5110 3491 5177 ὅλης
3528 5109 3629 5176 τῆς
3655 5107 3842 5179 ψυχῆς

2269 5207 2552 5270 στενάξας,
2587 5201 2792 5273 ηῦξατο
2838 5204 2975 5273 πρὸς
3019 5202 3110 5253 τὸν
3160 5200 3364 5270 Κύριον
3397 5198 3572 5264 λέγων
3621 5196 3841 5258 οὕτως·

2280 5301 2341 5356 Ὀ
2373 5299 2591 5354 πάντων
2623 5296 2849 5364 κτίστης
2900 5295 2995 5346 καὶ
3054 5292 3425 5363 δημιουργδςν
3463 5291 3493 5344 ι
3538 5289 3647 5342 τῶν
3700 5291 3850 5344 ὅλων

2277 5392 2429 5454 Θεὸς,
2463 5392 2490 5441 ὀ
2527 5388 2690 5440 πᾶσιν
2721 5389 2832 5448 τοῖς
2866 5384 3073 5443 δούλοις
3109 5398 3200 5433 σου
3245 5380 3341 5451 τὴν
3370 5380 3651 5449 ὑπομονὴν
3687 5397 3843 5450 χαρι-

2277 5486 2523 5553 ζόμενος,
2549 5479 2769 5550 χάρισαι
2791 5479 2884 5530 καὶ
2913 5477 3060 5545 ἐμοὶ,
3091 5473 3168 5546 τῷ
3205 5475 3376 5545 δούλῳ
3405 5489 3498 5525 σου
3531 5474 3843 5541 ὑπομονὴν,

2284 5576 2378 5629 καὶ
2414 5572 2791 5639 ὲξαπόστειλον
2821 5567 3058 5640 Μιχαὴλ,
3094 5567 3186 5619 τὸν
3215 5563 3556 5635 άρχάγγελὸν
3594 5581 3714 5626 σου,
3759 5563 3851 5614 ἴνα

1907 5761 1922 5790 ³
1977 5759 2130 5813 Rom.
2169 5773 2283 5821 vui,
2324 5757 2409 5811 l8.
