3972 6480
187 377 286 440 409

1469 379 1642 437 νιΤΑ
1692 377 1752 438 S.
1799 377 2198 440 PLATONIS.

3327 375 3430 436 410

190 495 418 562 ρύσηταε
449 511 514 561 με
547 494 612 547 ἐκ
644 492 740 548 τοῦ
776 495 1108 564 κακοτέχνου
1139 494 1232 547 καὶ
1263 493 1544 562 ἀπατηλοῦ
1581 495 1759 564 ὄφεως

1872 496 2024 550 mulis
2048 495 2391 550 tolerantiam
2424 496 2637 568 largiris
2670 505 2720 551 et
2753 495 3062 558 victoriam,
3121 494 3252 548 mihi
3294 510 3430 563 quo-

184 585 572 652 Ἀγριππίνου,
606 584 694 638 ἵνα
726 585 931 653 γνῶσιν
973 587 1198 647 πάντες,
1231 586 1312 637 ὅτι
1352 584 1400 637 οἱ
1435 585 1521 637 διά
1557 586 1759 656 χειρῶν

181 675 486 742 ἀνθρώπων
516 675 799 742 γενόμενοι
818 676 929 728 θεοὶ
954 675 1106 729 οὖδέν
1134 677 1293 737 εἰσιν,
1316 675 1452 727 ἀλλὰ
1495 677 1557 728 σὺ
1604 675 1762 742 μόνος

183 759 230 818 εἴ
251 765 645 834 δεδοξασμένος
669 770 747 830 είς
782 768 901 828 τοὺς
931 767 1136 829 αίὼνας
1166 767 1274 819 τῶν
1302 765 1536 818 αἰώνων.
1567 766 1759 835 Ἀμήν.

1867 605 1969 658 que
1999 589 2190 643 humili
2217 598 2272 644 et
2307 590 2520 659 abjecto
2548 590 2742 660 largire
2767 589 2834 644 ad
2877 588 3038 644 finem
3082 602 3252 655 usque
3297 587 3434 640 tole-

1870 675 2125 739 rantiam,
2164 685 2220 730 ct
2252 679 2446 735 emitte
2465 677 2856 746 archangelum
2895 684 3051 729 tuum
3088 672 3433 733 Michaelem,

1869 776 1926 821 ut
1957 783 2044 821 me
2076 769 2270 823 liberet
2293 784 2322 822 a
2350 767 2522 822 fallaci
2555 777 2610 822 et
2643 767 2912 821 malitiosa
2941 773 3196 836 serpente
3237 764 3436 835 Agrip-

186 860 332 925 pino,
375 869 433 912 ut
464 870 795 929 engnosrant
826 875 1016 913 omnes
1057 877 1165 913 non
1201 875 1319 915 esse
1366 860 1514 922 deos,
1549 861 1637 928 qui
1671 862 1806 913 fiunt
1849 875 1945 929 per
1981 877 2174 916 manus
2210 861 2514 926 hominum,
2549 862 2643 915 sed
2676 873 2726 915 te
2755 861 2928 914 solum
2958 873 3079 915 esse
3116 859 3307 922 Deum,
3341 856 3434 927 qui

185 968 239 1006 es
271 952 490 1019 patiens
522 961 577 1004 et
607 955 788 1004 multm
820 951 1228 1016 misericordia),
1270 961 1323 1004 et
1361 950 1694 1020 glorificatus
1728 951 1779 1002 in
1804 951 2024 1005 sarcula.
2060 952 2256 1007 Amen.

249 1046 324 1098 Z'.
358 1043 518 1097 Μετὰ
555 1044 610 1094 δὲ
653 1042 870 1111 ἡμέρας
918 1044 1056 1095 ἑπτά
1106 1043 1502 1114 προκαθεσοεὶς
1537 1047 1564 1094 ὁ
1596 1042 1753 1110 βικά-

188 1152 296 1205 μσς
331 1135 694 1203 ’Λγριππτνος
725 1137 782 1184 ἐν
811 1138 871 1202 τῇ
904 1133 1159 1205 βασιλικῇ
1185 1137 1443 1204 ἄντικρυς
1475 1134 1567 1186 τοῦ
1594 1133 1749 1197 Θεοῦ,

184 1227 469 1278 ἐκέλευσεν
522 1227 872 1294 παραστῆναι
909 1226 1000 1276 τὸν
1044 1227 1318 1296 μάρτυρα.
1382 1226 1442 1278 '0
1473 1226 1528 1279 δὲ
1560 1225 1751 1294 βοηθὸς

189 1317 495 1380 Βικεντίνος
528 1318 634 1386 ἔφη
658 1334 671 1348 '
718 1319 776 1371 '0
807 1323 918 1382 τοῖς
951 1323 1134 1389 νόμοις
1162 1322 1272 1374 τῶν
1300 1321 1563 1391 βασιλέων
1594 1322 1753 1375 ἀπει-

186 1410 292 1463 θῶν
353 1413 448 1464 καὶ
493 1410 796 1476 ἀντιλέγων
844 1412 956 1470 τοῖς
1017 1412 1308 1478 ⁴ἡμετέροις
1370 1413 1756 1480 προστάγμασι

185 1504 431 1566 Πλάτων,
473 1502 502 1554 ὁ
532 1505 628 1571 τῆς
665 1501 968 1570 θρησκείας
992 1500 1100 1552 τῶν
1127 1500 1474 1570 Χριστιανῶν
1506 1501 1760 1568 ὑπέρμα-

183 1613 271 1666 χος
296 1597 536 1664 ἐστηκεν
582 1595 689 1663 πρὸ
728 1593 823 1646 τοῦ
880 1593 1126 1661 βήματος
1181 1608 1299 1656 σου,
1358 1592 1538 1661 κύριε.
1584 1592 1691 1643 Καὶ
1729 1594 1758 1644 ὁ

196 1690 560 1757 ’Δγριππῖνος
587 1685 919 1758 προσέταξεν
970 1683 1304 1754 προτεθῆναι
1329 1683 1550 1736 ποικίλα
1586 1683 1758 1753 βασα-

187 1784 467 1851 νιστήρια,
507 1779 711 1849 λέϐητα
743 1778 996 1847 χαλκοῦν,
1035 1779 1128 1829 καὶ
1162 1777 1382 1845 τίγανα,
1438 1778 1532 1830 καὶ
1570 1781 1759 1848 χεῖρας

186 1872 432 1941 σιδηρᾶς,
481 1868 576 1923 καὶ
628 1867 998 1930 ἀνακλάστας,
1035 1867 1131 1918 καὶ
1187 1867 1552 1929 καταπέλτας,
1590 1866 1764 1919 ὀϐελί-

189 1980 350 2024 σκους
381 1962 524 2025 ὀξεῖ,
560 1960 655 2011 καὶ
679 1957 954 2024 όγκίνους,
1002 1957 1097 2008 καὶ
1139 1954 1305 2026 ἔτερα
1352 1955 1547 2018 πολλὰ,
1586 1954 1766 2023 οίόμε-

185 2072 268 2115 νος
318 2052 412 2106 διά
447 2050 655 2103 τούτων
706 2047 1112 2117 καταπλήττειν
1144 2047 1236 2100 τὸν
1287 2046 1574 2117 μάρτυρα,
1615 2046 1762 2109 ὅπως

185 2151 335 2203 θύσει
361 2151 475 2209 τοῖς
526 2145 690 2210 θεοῖς,
746 2145 1044 2216 ἐξαιρέτως
1089 2146 1146 2200 δέ
1200 2145 1278 2217 τῷ
1329 2145 1626 2200 ’Δπόλλωνι
1667 2145 1763 2198 καί

185 2256 314 2310 φησι
348 2239 488 2308 πρὸς
520 2237 718 2292 αὐτόν·
752 2238 893 2304 Ἐγὼ
939 2239 1224 2308 θεωρήσας
1261 2254 1353 2290 σου
1401 2238 1498 2308 τῆς
1548 2237 1763 2306 ἡλικίας

184 2334 241 2384 τδ
304 2330 458 2391 νέον,
520 2328 614 2382 καὶ
672 2327 988 2398 φειδόμενός
1053 2345 1146 2380 σου
1208 2329 1305 2398 τῆς
1359 2329 1452 2380 τοῦ
1514 2327 1766 2396 σώματος

185 2421 396 2492 ἀκμῆς,
434 2419 534 2488 τῆς
565 2435 625 2471 τε
648 2419 756 2473 τῶν
788 2419 1046 2488 πατέρων
1078 2417 1358 2486 εὐγενείας
1384 2417 1765 2486 ἐπιγινώσκων

188 2530 246 2568 σε
278 2513 434 2577 άξιον
473 2512 626 2575 ὄντα,
660 2511 792 2580 πρὶν
827 2509 991 2561 πάλιν
1030 2509 1304 2578 ἄρξασθαι
1337 2509 1446 2560 τῶν
1487 2507 1760 2575 βασάνων,

189 2603 553 2672 συμϐουλεύω
590 2616 699 2666 σοι,
739 2598 882 2652 ὥστε
917 2600 1026 2652 τῶν
1057 2598 1262 2653 θυσιῶν
1307 2599 1763 2668 ἀπογευσάμενον

189 2687 463 2751 σώζεσθαι
497 2685 619 2755 μεθ’
651 2685 834 2754 ἡμῶν,
879 2685 1060 2740 εἰδότα
1097 2687 1256 2741 τοῦτο
1301 2689 1383 2742 ὅτι
1434 2687 1611 2757 οὐθεὶς
1651 2686 1764 2740 τῶν

188 2779 556 2833 ἀντειπόντων
602 2796 693 2848 μοι
723 2779 954 2849 ἐζησεν·
1006 2780 1196 2851 ῶσπερ
1245 2782 1409 2836 πάλιν
1452 2782 1628 2844 οὐδεὶς
1656 2781 1764 2834 τῶν

190 2872 550 2926 ἀκουσάντων
595 2869 948 2940 ἀπεστερήθη
987 2871 1098 2922 τῶν
1155 2870 1285 2940 παρ’
1317 2872 1454 2941 ἐμοῦ
1494 2872 1763 2939 ἐπαγγελ-

189 2963 392 3018 θέντων
425 2959 578 3029 αὺτῷ
603 2977 616 2991 ·
665 2961 731 3013 σὺ
762 2963 969 3027 τοίνυν,
999 2965 1048 3014 εί
1080 2960 1254 3024 θέλεις
1289 2978 1391 3032 μου
1421 2959 1652 3015 άκοῦσαι
1686 2961 1761 3024 ὡς

192 3053 322 3105 ίδίου
357 3051 570 3118 πατρὸς
619 3050 804 3112 καλῶς
837 3067 923 3104 σοι
957 3052 1444 3120 συμϐουλεύοντος,
1496 3053 1760 3123 μονογενῆ

1942 1043 2033 1097 Vl-I
2046 1083 2061 1099 .
2088 1045 2306 1116 Septem
2320 1055 2502 1100 autem
2521 1056 2644 1114 post
2660 1046 2852 1100 diebus
2867 1043 3168 1114 praesidens
3184 1040 3438 1112 Agrippi-

1859 1149 1962 1188 nus
1996 1137 2229 1189 vicarius
2260 1137 2316 1190 in
2341 1137 2557 1192 basilica
2587 1152 2654 1191 ex
2679 1137 2905 1190 adverso
2931 1133 3100 1197 Jovis,
3130 1133 3289 1202 jussit
3318 1130 3436 1185 sisti

1860 1237 2172 1297 martyrem.
2207 1227 2347 1282 Dixit
2371 1243 2498 1282 vero
2523 1228 2798 1298 apparitor
2819 1225 3136 1280 Vincentius
3164 1242 3176 1278 :
3206 1223 3308 1288 Qui
3328 1238 3438 1276 non

1860 1332 2016 1390 paret
2043 1322 2426 1389 imperatorum
2463 1320 2704 1390 legibus,
2765 1329 2821 1375 et
2851 1318 3045 1374 vestris
3068 1317 3238 1387 jussis
3277 1333 3440 1385 repu-

1860 1419 2012 1482 gnat,
2045 1411 2217 1476 Plato,
2245 1413 2336 1482 qui
2369 1421 2453 1466 est
2471 1412 2731 1466 defensor
2784 1412 2968 1481 impiae
3004 1411 3439 1465 Christianorum

1861 1503 2156 1572 religionis,
2182 1511 2287 1558 stat
2311 1513 2435 1557 ante
2457 1514 2606 1557 tuum
2632 1503 2888 1568 tribunal,
2914 1505 3151 1558 domine.
3181 1499 3333 1554 Tunc
3368 1503 3441 1553 A-

1860 1596 2143 1663 grlppinus
2161 1596 2328 1664 jussit
2345 1595 2555 1650 diversa
2579 1603 2631 1648 et
2651 1595 2800 1648 varia
2821 1601 3218 1648 tormentorum
3239 1607 3439 1662 genera

1865 1696 1990 1740 ante
2042 1687 2218 1755 ipsum
2268 1687 2433 1740 statui
2485 1705 2496 1740 :
2555 1687 2786 1741 lebetcm
2865 1699 3100 1750 aeneum,
3144 1686 3444 1755 sartagines

1875 1780 2107 1842 ferreas,
2149 1777 2446 1831 candentes
2471 1788 2671 1842 crates,
2691 1791 2886 1832 manus
2931 1776 3160 1841 ferreas,
3199 1776 3445 1847 catapul-

1870 1879 1970 1931 tas,
2003 1877 2192 1922 acutos
2217 1867 2502 1932 obeliscos,
2544 1882 2734 1931 uncos,
2802 1876 2969 1932 rotas,
3024 1876 3078 1922 et
3124 1868 3288 1920 multa
3337 1867 3442 1920 alia

1869 1961 2159 2024 terribilia,
2224 1960 2547 2014 existimans
2594 1959 2805 2023 infelix,
2861 1974 2921 2014 se
2977 1973 3074 2028 per
3145 1957 3262 2013 haec
3320 1973 3444 2013 esse

1867 2051 2185 2106 territurum
2237 2061 2554 2121 martyrem,
2621 2061 2682 2106 ut
2731 2049 2837 2106 diis
2891 2051 3012 2120 ejus
3065 2050 3438 2114 sacriﬁcaret,

1865 2142 2140 2212 praecipue
2168 2151 2353 2195 autem
2384 2141 2645 2210 Apollini,
2681 2143 2775 2210 qui
2839 2142 2991 2211 pellit
3024 2140 3090 2194 ad
3135 2141 3441 2206 interitum,

1865 2234 2070 2290 etdicit
2092 2234 2142 2288 ei
2177 2251 2191 2288 :
2225 2233 2338 2303 Ego
2353 2232 2598 2305 quidem,
2629 2231 2957 2286 charissima
2987 2231 3161 2294 Plato,
3192 2239 3443 2286 contem-

1868 2327 2028 2398 plans
2063 2334 2210 2380 tuam
2236 2323 2539 2396 juvenilem
2563 2333 2802 2386 aetatem,
2843 2333 2899 2377 et
2921 2337 3156 2393 parcens
3187 2321 3306 2377 flori
3364 2321 3445 2377 tui

1867 2419 2136 2488 corporis,
2161 2429 2217 2472 et
2248 2417 2430 2472 sciens
2460 2426 2750 2486 parentum
2812 2426 3033 2470 tuorum
3077 2415 3443 2477 nobilitatem,

1871 2511 1967 2565 tibi
1995 2509 2224 2564 consulo
2245 2507 2565 2577 priusquam
2601 2520 2794 2559 rursus
2822 2504 3077 2573 incipiam
3097 2512 3147 2560 te
3168 2513 3444 2572 torquere.

1866 2609 1924 2653 ut
1988 2597 2216 2668 gustatis
2270 2595 2551 2650 sacrificiis
2615 2595 2874 2656 serveris,
2915 2605 2970 2647 et
3008 2596 3084 2650 sis
3109 2596 3394 2650 nobiscum
3427 2609 3441 2647 :

1865 2691 1970 2746 hoc
2007 2702 2226 2759 quoque
2244 2687 2450 2752 sciens,
2483 2687 2627 2756 quod
2683 2685 2868 2742 nullus
2901 2701 3142 2756 unquam
3187 2687 3323 2741 vixit
3377 2701 3443 2740 ex

1869 2785 1935 2842 iis
1960 2784 2051 2854 qui
2077 2782 2211 2837 mihi
2245 2796 2355 2835 non
2384 2790 2682 2850 paruerunt
2709 2795 2724 2832 :
2757 2780 3033 2849 quomodo
3058 2794 3246 2834 rursus
3265 2780 3448 2834 nullus

1867 2892 1933 2932 ex
1963 2875 2028 2930 iis
2049 2876 2139 2943 qui
2160 2872 2291 2927 mihi
2324 2872 2709 2940 paruerunt,ei
2734 2886 2862 2924 ante
2879 2871 3160 2939 promissis
3175 2870 3331 2926 bonis
3349 2871 3451 2924 fuit

1865 2967 2131 3037 privatus.
2170 2965 2308 3032 Ergo
2329 2974 2386 3017 tu
2405 2978 2643 3030 quoque,
2677 2977 2710 3014 ο
2745 2963 2953 3030 Optime
2976 2959 3150 3027 Plato,
3183 2962 3226 3016 si
3257 2961 3445 3016 volue-

1868 3056 1944 3112 ris
1967 3068 2052 3110 me
2083 3054 2293 3118 audire,
2329 3062 2589 3122 tanquam
2629 3061 2839 3120 patrem
2882 3055 3195 3121 proprium,
3239 3052 3442 3105 bonum

189 3144 468 3212 θυγατέρα
485 3139 718 3209 ἀδελφοῦ
739 3159 839 3206 μου
859 3142 989 3212 ἔχω·
1013 3142 1218 3212 ταύτην
1236 3143 1493 3214 ἐκδίδωμί
1521 3162 1604 3198 σοι
1630 3144 1763 3214 πρὸς

1873 3150 1970 3204 tibi
2003 3149 2224 3203 dantem
2284 3145 2600 3208 consilium,
2659 3143 2834 3199 habeo
2861 3144 3082 3198 unicam
3120 3142 3304 3199 fratris
3337 3143 3444 3198 mei

187 3237 366 3308 γάμον
409 3234 635 3299 ἐπιδοὺς
670 3236 808 3306 αὐτῇ
840 3237 1046 3306 προῖκα
1093 3236 1361 3305 πολυτελῆ
1407 3237 1502 3288 καὶ
1535 3236 1665 3290 ίδιόν
1700 3253 1760 3288 σε

1872 3239 2030 3291 filiam
2073 3257 2086 3293 :
2123 3251 2241 3289 eam
2274 3235 2368 3288 tibi
2399 3235 2541 3289 dabo
2573 3235 2629 3289 in
2654 3236 3086 3299 matrimonium,
3140 3235 3296 3290 valde
3333 3250 3448 3289 ma-

189 3327 548 3398 ἀναγορεύαω
576 3329 787 3382 τέκνον.
835 3327 894 3380 '0
923 3327 980 3382 δέ
1011 3333 1282 3398 μακάριος
1339 3327 1634 3400 ἀθλοφόρος
1669 3327 1763 3380 καὶ

1872 3340 2028 3398 gnam
2048 3325 2096 3379 ei
2115 3325 2333 3378 tradens
2351 3325 2557 3388 dotem,
2577 3333 2632 3378 et
2660 3335 2709 3379 te
2728 3340 2909 3379 meum
2938 3327 3216 3394 proprium
3240 3326 3448 3380 vocabo

195 3421 410 3491 μάρτυς
442 3417 538 3472 τοῦ
570 3418 810 3487 Χριστοῦ
836 3419 1059 3472 Πλάτων
1089 3420 1328 3488 γελάσας
1356 3417 1510 3472 εἶπεν
1531 3435 1545 3451 ο
1581 3418 1762 3473 Ἀθλιε

1872 3421 2058 3474 lilium.
2091 3416 2286 3474 Beatus
2318 3425 2500 3473 autem
2529 3423 2585 3472 et
2607 3431 2794 3473 revera
2818 3415 2972 3473 fortis
2997 3418 3196 3472 athleta
3241 3417 3445 3472 Christi

192 3514 282 3567 καὶ
317 3510 702 3580 μισάνθρωπε,
729 3507 824 3561 καὶ
854 3509 1036 3574 πάσης
1065 3509 1416 3577 δικαιοσύνης
1449 3510 1632 3580 ἐχθρὲ,
1662 3494 1763 3563 ῦπ-

1872 3511 2022 3566 Plato
2085 3511 2268 3566 ridens
2314 3510 2451 3566 dixit
2493 3509 2705 3565 :Miser
2751 3519 2807 3564 et
2862 3509 3147 3563 hominum
3206 3509 3444 3574 inimice,

189 3604 366 3672 ηρέτα
415 3599 514 3652 τοῦ
565 3599 819 3654 διαϐόλου
866 3604 962 3653 καὶ
1011 3600 1254 3670 ὑπουργέ
1290 3599 1386 3653 τοῦ
1436 3601 1674 3664 Σατανᾶ,
1717 3604 1763 3654 εί

1872 3602 1942 3654 fili
1985 3601 2206 3664 diaboli,
2241 3610 2295 3654 et
2333 3600 2657 3654 administer
2683 3602 2921 3663 Satanae,
2955 3601 3000 3653 si
3040 3602 3233 3653 vellem
3292 3601 3444 3672 jungi

188 3695 321 3755 ὅλως
361 3691 670 3763 ἐϐουλόμην
710 3694 791 3756 είς
847 3693 1027 3762 γάμον
1091 3692 1268 3746 ἐλθεῖν
1313 3694 1410 3750 καὶ
1458 3691 1763 3762 ἀγαγέσθαι

1872 3693 2236 3757 matrimonio,
2276 3702 2328 3745 et
2356 3693 2556 3747 ducere
2585 3706 2832 3756 uxorem,
2853 3701 2907 3746 et
2933 3692 3132 3763 degere
3167 3693 3219 3745 in
3282 3693 3448 3747 dece-

189 3787 432 3853 γυναῐκα
476 3785 572 3836 καὶ⁸
616 3783 826 3850 διάγειν
869 3787 926 3836 ἐν
962 3784 1338 3852 περισπασμῷ
1376 3784 1470 3836 τοῦ
1509 3785 1763 3854 βιωτικοῦ

1872 3788 2073 3858 ptione,
2101 3786 2412 3856 implicatus
2437 3788 2586 3839 fumo
2615 3784 2781 3852 hujus
2857 3786 3149 3839 mundanae
3183 3786 3327 3847 vita.
3358 3786 3448 3840 di-

189 3879 384 3931 τούτου
421 3875 656 3940 καπνοῦ,
709 3876 769 3927 οὐ
826 3875 1149 3942 κατηξίωκα
1185 3874 1250 3928 άν
1288 3874 1366 3945 τῷ
1416 3876 1762 3945 φροντίζοντι

189 3970 296 4021 τῶν
324 3968 678 4037 πραγμάτων
723 3983 826 4036 μου
861 3966 1050 4020 λαϐεῖν
1082 3969 1316 4035 γυναῖκα
1354 3968 1452 4038 τὴν
1494 3966 1767 4038 θυγατέρα

193 4060 286 4114 τοῦ
342 4058 583 4126 ἀδελφοῦ
637 4075 754 4121 σου,
806 4059 898 4110 καὶ
927 4057 1178 4127 βελτίονα
1218 4058 1274 4112 δὲ
1319 4059 1488 4129 άλλην
1532 4060 1563 4129 ᾗ
1599 4059 1768 4130 αὐτὴν

192 4154 407 4223 ἠγόμην
442 4151 525 4213 ιις
554 4151 753 4220 γάμον.
787 4149 917 4202 Τότε
951 4153 978 4202 ό
1018 4149 1284 4218 σύσχολος
1306 4151 1402 4206 τοῦ
1429 4153 1644 4205 Σατανᾶ
1674 4156 1770 4206 καὶ

193 4248 467 4316 ὑπουργὸς
498 4243 592 4297 τοῦ
646 4244 850 4312 πατρδς
903 4241 1072 4296 αὑτοῦ
1134 4244 1230 4296 τοῦ
1291 4243 1537 4296 διαϐόλου
1585 4246 1767 4312 πάσης

193 4340 392 4401 κακίας
425 4338 616 4406 γέμων
651 4336 748 4387 καὶ
778 4336 979 4398 παντὸς
1027 4336 1106 4389 ἰοῦ
1137 4335 1230 4388 καὶ
1261 4335 1413 4389 δόλου
1484 4350 1769 4407 μεμεστω-

199 4435 380 4502 μένος,
408 4430 662 4497 καθάπερ
677 4445 762 4490 τις
779 4429 917 4481 λέων
944 4430 1104 4498 φόνον
1131 4431 1519 4500 ἐρευγόμενος,
1547 4427 1768 4481 ἐκέλευ-

1870 3893 2139 3951 gnarerne
2175 3877 2259 3930 vel
2289 3877 2343 3930 in
2379 3891 2563 3931 rerum
2595 3891 2841 3930 mearum
2871 3876 3245 3932 sollicitudine
3296 3880 3449 3933 acci-

1871 3983 2000 4039 pere
2057 3983 2280 4022 uxorem
2314 3969 2499 4022 fratris
2551 3969 2627 4022 tui
2668 3969 2855 4031 filiam.
2889 3978 2982 4024 aut
3042 3968 3179 4023 tales
3249 3969 3450 4024 habere

1871 4062 2115 4123 ancillas,
2176 4059 2352 4128 qualis
2407 4068 2490 4112 est
2549 4059 2658 4113 filia
2685 4059 2868 4114 fratris
2897 4063 2999 4126 tui,
3034 4070 3128 4114 aut
3180 4076 3243 4114 ea
3283 4062 3447 4114 etiam

1873 4153 2338 4221 meliores,utego
2365 4167 2482 4206 eam
2512 4152 2704 4206 ducam
2753 4167 2979 4206 uxorem
3007 4152 3205 4207 ‘lTunc
3233 4149 3448 4207 Salaria

1870 4245 2232 4299 scholasticus
2307 4255 2362 4296 et
2423 4245 2746 4298 administer
2822 4246 2993 4313 patris
3048 4247 3167 4312 ejus
3224 4245 3446 4310 diaboli,

1871 4337 2071 4408 plenus
2104 4336 2254 4390 omni
2295 4335 2423 4389 vitio
2449 4345 2503 4389 et
2532 4336 2776 4404 repletus
2799 4334 2944 4389 omni
2981 4350 3181 4406 genere
3241 4335 3448 4405 impro-

1873 4429 2081 4490 bitatis.
2114 4443 2224 4483 non
2239 4443 2399 4482 secus
2417 4445 2481 4482 ac
2513 4428 2679 4482 draco
2711 4427 2981 4496 quispiam
3013 4437 3106 4482 aut
3140 4427 3226 4482 leo
3243 4427 3446 4481 eadem

197 4540 285 4576 σιν
317 4520 611 4592 ἐνεχθῆναι
641 4519 957 4592 κράϐϐατον
995 4519 1231 4588 χαλκοῦν
1271 4520 1367 4571 καὶ
1399 4519 1763 4587 κατατεθῆναι

1875 4529 2153 4580 eructans,
2185 4519 2464 4588 grabatum
2496 4519 2658 4586 jussit
2689 4518 2869 4569 aflerri
2897 4532 3132 4579 aeneum,
3165 4528 3218 4570 et
3246 4520 3298 4570 in
3331 4520 3449 4585 ipso

197 4617 271 4679 είς
304 4615 475 4670 αὑτὸν
505 4615 596 4668 τὸν
645 4615 902 4685 μάρτυρα
936 4613 1032 4665 καὶ
1074 4611 1458 4681 ὐποκαυθῆναι
1506 4610 1640 4683 πῦρ,
1677 4612 1772 4668 καὶ

199 4707 453 4774 γενέσθαι
501 4704 811 4773 ἀνθρακιὰν
843 4703 1108 4774 μεγάλην,
1165 4703 1260 4755 καὶ
1311 4691 1774 4773 ρένεσθαιαύτὴν

200 4800 385 4866 ἐλαίῳ,
411 4796 509 4847 καὶ
531 4793 744 4863 ῥητίνη,
783 4795 880 4846 καὶ
909 4795 1190 4862 ἀσφάλτῳ,
1228 4797 1321 4846 καὶ
1351 4793 1528 4864 κηρῷ,
1557 4796 1652 4847 καὶ
1670 4796 1770 4862 ῥα-

199 4887 440 4952 ϐδίζεθαι
458 4885 623 4938 αὐτὸν
641 4883 986 4957 λεπτοτέροις
1011 4883 1246 4953 ῥάϐδοις,
1269 4883 1354 4936 ἵνα
1373 4883 1476 4937 ὑπὸ
1491 4883 1583 4936 τοῦ
1604 4885 1773 4951 πυρὸς

200 4983 427 5036 καὶτῶν
475 4982 700 5050 πληγῶν
722 4983 755 5050 ἡ
781 4982 1059 5050 οίκονομία
1100 4983 1208 5034 τῶν
1244 4982 1567 5052 σπλάγχνων
1607 4978 1772 5034 αὑτοῦ

199 5072 548 5144 γυμνωθεῐσα
575 5073 846 5142 ἀφόρητον
871 5073 1018 5139 αὕτῷ
1042 5075 1376 5144 περιποιήσει
1397 5074 1492 5143 τὴν
1513 5072 1766 5143 βάσανον.

267 5165 350 5221 H'.
406 5162 766 5232 λίκιζομένου
811 5164 866 5216 δέ
904 5165 1093 5229 αὑτοῦ,
1152 5165 1460 5236 Σωφρόνιος
1489 5182 1763 5235 κομενταο

203 5262 389 5327 plgatoc
423 5257 569 5325 έοη·
604 5255 898 5320 Πανάθλιε,
959 5257 1216 5326 πείσθητι
1269 5257 1346 5328 τῷ
1391 5257 1626 5327 βικαρίῳ
1676 5259 1770 5310 καὶ

202 5348 362 5401 eam
393 5352 509 5411 τοῖς
546 5347 715 5408 θεοῖς,
743 5349 838 5399 καὶ
862 5348 922 5400 τὸ
941 5348 1127 5412 κακῶς
1159 5349 1456 5401 ἀποθανεῖν
1477 5350 1766 5419 κέρδησον.

205 5438 264 5492 Τί
304 5441 635 5504 ἀντιλέγεις,
675 5437 822 5491 άθλιε
852 5455 865 5503 ;
911 5441 1019 5509 Οὐχ
1047 5442 1179 5511 ὁρᾷς
1208 5442 1274 5493 τά
1299 5443 1635 5511 προκείμενα
1675 5442 1772 5509 βα-

209 5535 531 5602 σανιστήρια
563 5534 652 5586 διά
681 5533 778 5599 et;
819 5533 1046 5586 Πλάτων
1091 5532 1243 5587 εἶπεν
1271 5551 1283 5565 ·
1339 5535 1478 5601 Ἐγὼ
1510 5537 1568 5587 τὸ
1608 5535 1770 5604 σῶμά

210 5643 305 5693 μου
339 5625 425 5680 διὰ
458 5625 702 5694 Χριστὸν
750 5624 870 5676 ὅλον
927 5624 1241 5693 παρέδωκα.
1276 5625 1340 5676 Τί
1376 5625 1468 5678 οὖν
1520 5643 1618 5693 μου
1670 5627 1769 5678 οὐκ

211 5720 522 5784 ἀφίστασαι,
558 5717 876 5786 σκρινιάριε
921 5718 1010 5768 τοῦ
1063 5717 1281 5769 Σατανᾶ
1339 5720 1434 5768 καὶ
1483 5719 1640 5788 ἐχθρὲ
1675 5723 1767 5788 τῆς

210 5811 490 5878 amona.“
548 5809 790 5863 Σιαυτὶν
836 5808 1153 5879 νουθέτησον
1199 5813 1294 5881 τῆς
1350 5811 1557 5880 πλάνης
1614 5813 1770 5875 ἐκτὸς

1876 4610 2074 4678 deponi
2107 4620 2397 4678 martyrem
2429 4624 2440 4659 :
2480 4616 2535 4661 et
2567 4608 2645 4661 sic
2671 4607 2850 4678 ignem
2900 4607 3145 4669 accendi,
3199 4618 3255 4661 et
3330 4607 3446 4662 fieri

1877 4719 2131 4774 magnum
2153 4717 2408 4756 acervum
2432 4715 2753 4769 prunarum,
2785 4715 3023 4768 eumque
3069 4701 3282 4770 aspergi
3321 4701 3442 4753 oleo

1875 4805 1929 4848 et
1969 4794 2149 4846 resina
2183 4802 2235 4848 et
2270 4791 2537 4844 bitumine
2593 4799 2648 4842 et
2693 4805 2840 4851 cera,
2886 4799 2942 4842 et
2971 4806 3094 4843 eum
3119 4790 3251 4843 caedi
3283 4791 3449 4862 virgis

1879 4883 2272 4945 subtilissimis,
2310 4891 2368 4936 ut
2407 4898 2434 4935 ο
2469 4883 2638 4952 plagis
2662 4891 2710 4934 et
2744 4882 2865 4951 igne
2897 4881 3098 4935 nudata
3125 4883 3241 4951 ejus
3270 4882 3447 4935 visce-

1875 4992 1994 5031 rum
2019 4985 2294 5031 structura
2323 4977 2371 5030 ei
2411 4972 2754 5028 intolerabile
2787 4983 3120 5028 tormentum
3156 4971 3373 5028 eﬂlciat.

1947 5173 2085 5229 νιιι.
2118 5173 2256 5228 Cum
2292 5171 2386 5226 diu
2412 5181 2596 5225 autem
2655 5168 2960 5224 caederetur
3021 5181 3249 5241 martyr,
3310 5170 3447 5224 dixit

1876 5265 2217 5336 Sophronius
2235 5263 2769 5317 commentaricnsis:
2791 5259 3188 5322 Infelicissime.
3216 5276 3346 5329 pare
3369 5262 3446 5312 vi-

1874 5358 2044 5421 cario,
2071 5367 2124 5412 et
2150 5355 2252 5410 diis
2279 5352 2546 5415 sacrifica,
2572 5361 2625 5405 et
2645 5367 2711 5406 ne
2737 5351 2873 5405 male
2904 5352 3174 5412 moriaris.
3196 5351 3441 5405 lucrifac.

1874 5450 2013 5515 Quid
2074 5446 2451 5503 contradicis‘.’
2512 5443 2628 5496 Non
2687 5443 2838 5496 vidcs
2865 5451 3050 5512 parata
3110 5451 3330 5509 propter
3393 5452 3444 5496 te

1877 5539 2193 5594 tormenta?
2229 5539 2371 5591 Dixit
2404 5545 2625 5590 sanctus
2653 5534 2800 5588 Plato
2837 5551 2848 5584 :
2903 5536 3013 5604 Ego
3047 5545 3215 5586 totum
3263 5549 3443 5586 meum

1879 5647 2074 5699 corpus
2128 5641 2348 5700 propter
2411 5628 2688 5681 Christum
2749 5626 2961 5678 tradidi.
3021 5623 3128 5677 Cur
3153 5639 3279 5692 ergo
3331 5639 3445 5675 non

1877 5724 2116 5786 desistis,
2154 5738 2184 5776 ο
2209 5724 2422 5775 Satanzc
2447 5719 2750 5779 scriniarie,
2777 5727 2830 5770 et
2887 5717 3109 5793 inimice
3145 5714 3438 5767 veritatis?

1878 5814 2132 5880 'l'eipsum
2166 5818 2414 5880 admone,
2442 5826 2495 5866 ut
2531 5814 2596 5865 ab
2634 5825 2817 5865 errore
2845 5810 3097 5864 desistas.
3145 5806 3251 5878 Ego
3295 5806 3437 5860 enim
