3972 6468
546 357 644 419 611

1837 358 2119 418 MENSIS
2159 359 2450 420 IULIUS.

3689 364 3794 428 “2

549 475 683 534 scio,
708 471 837 539 quid
873 471 1383 541 mihiexpediat,ct
1435 487 1716 540 nunquam
1766 481 1986 525 avertar
2049 473 2109 525 ab

2219 475 2506 542 γενέσθαι·
2545 475 2656 542 ἐγὼ
2710 476 2814 546 γὰρ
2860 477 2916 530 τὸ
2971 477 3249 547 συμφέρον
3277 476 3500 545 ἐμαυτῷ
3537 480 3796 544 γινώσκω

548 562 649 616 hac
671 563 1039 618 confessione.
1067 562 1210 617 Dixit
1233 564 1570 632 Agrippinus
1603 581 1616 618 :
1647 563 1778 628 Quis
1830 573 1911 616 est
1961 563 2118 617 Chri-

547 666 682 716 stus,
720 671 877 723 quem
919 656 1086 710 dicis?
1111 655 1248 710 Num
1285 662 1462 724 potest
1514 665 1564 708 te
1610 656 1790 708 vivum
1822 656 2034 724 eripere
2085 670 2116 709 e

547 747 681 798 meis
705 747 953 799 manibus
973 763 1076 800 non
1097 746 1486 800 sacriﬁcantem
1505 747 1525 796 ?
1543 744 1697 800 Nunc
1720 762 1842 816 ergo
1877 748 1959 800 vis
1975 746 2114 800 male

543 841 703 890 mori.
738 837 887 891 Scias
907 850 1109 901 autem,
1130 837 1376 907 quodqui
1397 839 1497 892 fuit
1522 838 1812 892 crucifixus
1831 855 1859 890 a
1888 837 2110 901 Iudaeis,

547 942 652 978 non
685 938 861 994 potest
891 937 940 979 te
977 943 1215 988 scrvare,
1258 930 1467 980 etiamsi
1509 928 1791 996 praestigiis
1816 927 1922 980 tuis
1957 927 2114 981 valde

541 1017 801 1072 Conﬁdas.
835 1017 1120 1072 Sinautem
1150 1035 1339 1088 magno
1363 1021 1462 1072 deo
1485 1019 1717 1087 Apollini
1773 1018 2112 1081 sacriﬁcaris,

541 1119 596 1161 et
633 1120 724 1161 tuo
762 1110 1026 1162 sacriﬁcio
1058 1125 1181 1162 eum
1211 1110 1300 1162 tibi
1334 1111 1582 1176 placaris,
1609 1117 1786 1176 potest
1819 1119 1869 1160 te
1892 1109 1958 1159 ab
1986 1106 2110 1170 hoc,

541 1201 633 1268 qui
662 1211 711 1254 te
730 1201 957 1275 detinet,
999 1201 1284 1255 candentis
1307 1201 1444 1269 ignis
1470 1201 1691 1270 grabato
1719 1209 1771 1253 et
1793 1199 1982 1253 dolore
2007 1200 2110 1252 eri-

542 1307 692 1361 pere.
724 1288 957 1346 Sanctus
990 1302 1170 1346 autem
1210 1291 1362 1344 Plato
1403 1291 1537 1344 dixit
1568 1307 1580 1340 :
1609 1289 1893 1359 Nunquam
1944 1289 2111 1343 sacri-

545 1381 742 1444 ﬁcabo,
787 1399 887 1436 nec
919 1382 1178 1450 Apollini,
1243 1397 1344 1437 nec
1390 1382 1616 1449 reliquis
1679 1381 1784 1434 diis
1813 1382 1940 1434 tuis.
1972 1379 2102 1434 Nam

539 1474 630 1541 qui
665 1473 856 1541 Apollo
889 1473 1117 1533 dicitur.
1159 1475 1312 1544 pellit
1351 1473 1418 1528 ad
1451 1473 1731 1527 interitum
1766 1480 1862 1524 :et
1894 1485 2107 1534 omnes,

539 1564 628 1631 qui
666 1563 718 1617 in
751 1577 874 1617 eum
909 1563 1161 1624 credunt.
1206 1564 1398 1617 eodem
1426 1562 1683 1631 peribunt
1733 1561 1975 1614 interitu.
2017 1560 2109 1614 Vis

537 1662 718 1706 autem
747 1654 910 1715 scire,
936 1669 968 1706 o
991 1655 1155 1706 stulte
1171 1662 1224 1707 et
1249 1653 1394 1722 gravi
1428 1651 1611 1716 corde,
1645 1651 1814 1704 delirc
1845 1659 1898 1704 et
1927 1659 2108 1704 mente

536 1754 711 1809 capte,
748 1744 892 1812 quod
920 1759 1033 1798 non
1098 1754 1222 1798 sunt
1274 1745 1366 1806 dii,
1409 1744 1501 1811 qui
1563 1743 1696 1796 ﬁunt
1749 1759 1845 1812 per
1916 1759 2109 1797 manus

536 1835 839 1901 hominum,
890 1837 985 1892 sed
1031 1851 1221 1889 aurum
1276 1845 1327 1889 et
1379 1844 1686 1903 argentum,
1748 1837 1803 1886 et
1861 1829 2026 1901 ligna,
2058 1843 2111 1887 et

538 1925 751 1994 lapides
777 1925 994 1980 formati
1033 1927 1200 1980 variis
1258 1935 1313 1978 et
1365 1925 1600 1978 diversis
1658 1923 1977 1977 coloribus?
2009 1925 2107 1988 Qui

534 2019 721 2072 oculos
751 2019 974 2093 habent,
1005 2029 1058 2074 et
1089 2034 1195 2070 non
1251 2016 1433 2070 vident
1465 2035 1476 2068 :
1537 2031 1733 2070 manus
1781 2015 2002 2079 habent,
2057 2025 2110 2071 ct

535 2126 644 2163 non
671 2111 893 2179 palpant
925 2127 936 2160 :
966 2111 1131 2178 pedes
1158 2109 1379 2172 habent,
1407 2119 1460 2162 et
1489 2124 1595 2163 non
1621 2109 1920 2172 ambulant,
1951 2124 2109 2164 aures

535 2201 758 2266 habent,
825 2211 876 2256 et
919 2216 1029 2256 non
1102 2201 1374 2255 audiunt:
1425 2215 1583 2254 nares
1637 2200 1854 2264 habent,
1898 2211 1951 2256 et
1998 2216 2105 2255 non

535 2294 914 2358 odorantur‘;
962 2302 1038 2363 et,
1107 2303 1166 2347 ut
1245 2294 1416 2350 semel
1477 2292 1671 2355 dicam,
1743 2302 1870 2346 sunt
1942 2307 2108 2360 opera

533 2383 835 2437 fabrorum.
874 2393 928 2436 et
951 2383 1260 2443 auriﬁcum,
1309 2392 1363 2435 et
1412 2390 1770 2444 tornatorum,
1819 2389 1871 2433 et
1923 2381 2111 2450 lapici-

533 2475 749 2533 darum.
786 2475 1068 2544 lstienim,
1120 2489 1257 2544 quos
1291 2482 1347 2528 tu
1398 2475 1528 2530 deos
1581 2487 1704 2529 esse
1761 2471 1914 2539 dicis,
1974 2489 2109 2542 quo-

531 2565 694 2622 modo
748 2581 856 2619 non
912 2575 1139 2634 possunt
1208 2565 1372 2619 alicui
1447 2565 1788 2626 benefacere,
1864 2567 1935 2618 ita
2007 2581 2107 2621 nec

535 2666 765 2725 possunt
792 2672 1029 2726 unquam
1061 2657 1258 2710 laedere
1289 2671 1384 2710 eos
1431 2656 1520 2724 qui
1558 2655 1747 2709 timent
1796 2656 2105 2713 Dominum.

533 2747 672 2802 Sunt
727 2749 874 2802 enim
914 2749 1066 2802 nullo
1105 2763 1270 2803 sensu
1302 2747 1536 2817 praediti.
1582 2749 1735 2806 vobis
1767 2748 2016 2804 similes:
2051 2757 2108 2803 et

535 2857 643 2896 non
669 2842 935 2905 sentiunt,
978 2858 1078 2896 nec
1103 2858 1227 2896 cum
1257 2842 1337 2894 eis
1359 2841 1584 2897 oﬁertur
1614 2840 1963 2903 sacriﬁcium.
2003 2854 2106 2897 nec

537 2949 658 2989 cum
694 2934 1074 2996 libamen.nec
1132 2949 1254 2988 cum
1293 2934 1372 2991 eis
1431 2933 1575 2988 ullus
1619 2932 1760 2986 alius
1815 2933 2106 2989 exhibetur

535 3028 737 3082 cultus.
785 3027 930 3080 Deus
986 3035 1168 3080 autem
1199 3065 1212 3090 ,
1258 3026 1549 3095 quiomnia
1606 3025 1756 3088 fecit,
1811 3033 1865 3078 et
1904 3025 2102 3080 coelum

2222 567 2314 618 καὶ
2343 568 2401 618 ού
2430 567 2845 636 μετατρέπομαι
2873 571 2980 622 ἀπὸ
3014 569 3114 636 τῆς
3145 571 3437 637 ὁμολογίας
3459 571 3684 640 ταύτης.
3732 573 3792 625 Ὀ

2214 653 2269 706 δὲ
2312 656 2665 725 Ἀγριππῖνος
2689 659 2794 727 ἔφη
2816 676 2828 689 ·
2865 661 2959 721 Τίς
2986 662 3134 712 ἐστιν
3162 665 3187 713 6
3226 662 3460 730 Χριστὸς
3494 662 3552 713 ὃν
3605 667 3671 715 σὺ
3705 664 3794 722 λέ-

2216 765 2365 814 γεις;
2401 750 2490 818 Μὴ
2522 750 2751 802 δύναταί
2785 767 2842 802 σε
2871 752 3144 818 ῥύσασθαι
3187 755 3251 806 ἐκ
3294 754 3402 805 τῶν
3435 755 3664 822 χειρῶν,
3714 756 3790 825 μὴ

2215 841 2410 894 θύοντα
2436 859 2450 906 ;
2480 842 2574 894 νῦν
2613 839 2704 896 οὖν
2750 844 2932 917 βούλει
2969 847 3154 908 κακῶς
3192 847 3507 901 ἀποθανεῖν.
3545 848 3791 902 Γίνωσκε

2214 933 2328 994 οὖν,
2360 935 2440 986 ὅτι
2470 935 2496 985 6
2529 936 2868 1004 σταυρωθεὶς
2900 937 3050 1005 παρὰ
3074 938 3182 988 τῶν
3242 939 3516 990 Ἰουδαίων
3549 939 3611 990 οὐ
3635 940 3792 991 δύνα-

2213 1022 2302 1075 ταί
2331 1039 2388 1074 σε
2419 1023 2614 1082 σῶσαι.
2639 1026 2684 1074 εί
2718 1025 2811 1076 καὶ
2843 1025 3052 1094 σφόδρα
3085 1025 3310 1094 θαρρεῖς
3343 1029 3464 1088 ταῖς
3505 1030 3793 1094 γοητείαις

2215 1129 2329 1164 σου.
2367 1111 2490 1164 Ἐὰν
2526 1112 2579 1164 δὲ
2607 1113 2779 1183 θύσῃς
2811 1114 2886 1182 τῷ
2935 1115 3156 1182 μεγάλῳ
3193 1115 3299 1184 θεῷ
3352 1115 3655 1168 Ἀπόλλωνι
3695 1117 3793 1167 καὶ

2212 1202 2557 1273 θεραπεύσῃς
2588 1203 2750 1255 αὑτὸν
2782 1204 2870 1256 διὰ
2894 1205 2994 1274 τῆς
3024 1204 3213 1266 θυσίας
3239 1221 3355 1269 σου,
3387 1205 3612 1268 δυνατός
3640 1208 3794 1258 ἐστιν

2210 1291 2318 1344 ἀπὸ
2338 1293 2432 1360 τῆς
2457 1293 2799 1360 κατεχούσης
2827 1311 2885 1346 σε
2917 1294 3119 1364 ταύτης
3149 1295 3342 1362 ὀδύνης
3366 1297 3460 1347 καὶ
3483 1295 3794 1363 κραεόατο-

2212 1383 2409 1450 πυρίας
2435 1385 2733 1448 ἐξελέσθαι.
2775 1385 3003 1438 Πλάτων
3031 1384 3184 1439 εἶπεν
3205 1403 3218 1416 ·
3252 1387 3326 1439 Οὺ
3357 1387 3472 1439 θύω
3507 1386 3634 1438 οὕτε
3669 1389 3786 1448 τοῖς

2215 1473 2421 1537 λοιποῖς
2466 1474 2628 1539 Θεοῖς,
2667 1473 2791 1528 οὕτε
2826 1475 3195 1529 ’Ἁπόλλωνυ
3248 1480 3276 1529 6
3325 1477 3435 1545 γὰρ
3483 1476 3788 1545 λεγόμενος

2224 1565 2495 1618 Ἀπόλλων
2523 1567 2771 1619 ἀπώλεια
2796 1569 2965 1629 ἐστιν,
2999 1568 3093 1620 καὶ
3126 1568 3327 1628 πάντες
3350 1567 3407 1618 δὲ
3435 1569 3485 1620 οί
3511 1570 3593 1628 είς
3617 1569 3789 1619 αὑτὸν

2211 1656 2586 1719 πιστεύοντες,
2636 1660 2700 1726 τῇ
2763 1659 2899 1727 αὐτῇ
2927 1657 3174 1728 ἀπωλείᾳ
3213 1656 3563 1710 ἀπολοῦνται.
3592 1656 3788 1720 Θέλεις

2211 1749 2266 1800 δὲ
2298 1748 2521 1815 γνῶναι,
2551 1750 2746 1817 ἀνόητε
2788 1751 2883 1801 καὶ
2923 1748 3284 1818 βαρυκάρδιε,
3321 1751 3414 1802 καὶ
3459 1750 3792 1817 φρεναπάτα

2214 1841 2309 1894 καὶ
2342 1841 2575 1909 λυμεὼν.
2613 1841 2693 1892 ὅτι
2745 1842 2845 1893 οὐκ
2871 1843 2981 1893 alat
3020 1841 3132 1894 θεοὶ
3156 1844 3204 1894 οί
3227 1843 3315 1894 διὰ
3341 1842 3540 1911 χειρῶν
3571 1841 3789 1913 ἀνθρώ-

2212 1945 2328 1982 πων
2357 1931 2658 1999 γενόμενοι,
2689 1930 2822 1982 ἀλλὰ
2845 1931 3065 1999 χρυσὸς,
3088 1931 3181 1983 καὶ
3200 1931 3462 2001 ἄργυρος,
3493 1931 3586 1984 καὶ
3621 1930 3782 1996 ξύλα,

2211 2021 2306 2071 καὶ
2358 2019 2516 2086 λίθοι,
2569 2021 2994 2089 μεμορφωμένοι
3044 2020 3311 2082 ποικίλοις
3360 2021 3455 2073 καὶ
3493 2020 3784 2089 διαφόροις

2211 2107 2530 2178 χρώμασιν
2594 2108 2643 2162 οἳ
2672 2111 2988 2178 ὀφθαλμοὺς
3026 2111 3209 2180 ἔχουσι
3242 2112 3337 2163 καὶ
3369 2112 3430 2163 ού
3467 2112 3787 2180 βλέπουσιν,

2209 2195 2321 2252 ὦτα
2381 2218 2564 2271 εχουσι
2611 2202 2705 2253 καὶ
2762 2202 2863 2253 οὐκ
2911 2202 3192 2265 ἀκούουσι,
3253 2203 3404 2271 ῥίνας
3453 2201 3634 2271 ἔχουσι
3694 2204 3789 2254 καὶ

2209 2294 2309 2346 οὐκ
2363 2292 2850 2362 όσφρανθήσονται,
2899 2295 3089 2365 χεῖρας
3149 2293 3332 2362 ἔχουσι
3388 2295 3482 2348 καὶ
3559 2293 3619 2345 οὐ
3670 2293 3787 2362 ψη-

2209 2385 2530 2457 λαφήσουσι,
2597 2384 2763 2449 πόδας
2815 2385 2997 2456 ἔχουσι
3059 2386 3155 2438 καὶ
3214 2385 3274 2437 οὐ
3365 2387 3786 2454 περιπατήσου-

2211 2493 2262 2528 σι
2291 2492 2304 2505 ·
2368 2475 2462 2528 καὶ
2493 2473 2681 2537 ἁπλῶς
2736 2476 2927 2538 εἰπεῖν,
2973 2475 3109 2544 ἔργα
3144 2475 3342 2546 χειρῶν
3373 2474 3638 2544 τεχνιτῶν
3675 2477 3779 2528 καὶ

2217 2569 2529 2640 χρυσοχόων
2606 2569 2703 2622 καὶ
2763 2567 3066 2639 τορνευτῶν
3145 2569 3239 2620 καὶ
3296 2566 3554 2631 λιθοξόων
3614 2566 3784 2620 εἰσίν.

2209 2653 2366 2712 Οὗτοι
2397 2658 2526 2727 γὰρ,
2561 2657 2655 2719 οὓς
2681 2659 2858 2726 λέγεις
2886 2655 3025 2710 εἶναι
3058 2658 3238 2723 θεοὺς,
3263 2657 3454 2726 ὥσπερ
3474 2657 3682 2724 ἀγαθὸν
3718 2657 3789 2709 οὐ

2207 2749 2462 2803 δύνανται
2501 2751 2753 2818 ποιῆσαι,
2785 2749 2963 2815 οὕτως
3010 2749 3133 2812 οὐδὲ
3167 2749 3368 2818 βλάψαι
3408 2748 3535 2811 τοὺς
3579 2747 3788 2814 φοϐουο

2209 2851 2404 2911 μενους
2434 2842 2525 2895 τὸν
2578 2843 2710 2896 Θεὸν
2752 2841 3035 2906 δύνανται,
3078 2841 3214 2895 ἀλλὰ
3263 2839 3588 2906 ἀναίσθητοί
3635 2841 3785 2893 εἰσιν

2203 2933 2378 3003 ὅμοιοι
2414 2933 2568 3002 ὑμῶν
2593 2934 2689 2986 καὶ
2724 2934 2824 2986 οὐκ
2855 2933 3206 3009 αἰσθάνονται
3229 2930 3352 2984 οὕτε
3388 2931 3578 2991 θυσίας
3604 2947 3787 2998 προσ-

2205 3021 2514 3089 φερομένης
2543 3020 2668 3072 ούτε
2705 3025 2813 3090 μὴν
2853 3022 3049 3092 ἐτέρας
3082 3021 3227 3084 τινὸς
3268 3020 3589 3089 θεραπείας.
3635 3019 3695 3072 Ὀ
3723 3020 3783 3072 δὲ

533 3120 778 3174 extendit
808 3131 1065 3190 tanquam
1102 3121 1322 3188 pellem,
1354 3126 1408 3171 et
1442 3126 1641 3172 terram
1671 3116 2103 3185 fundavitsuper

2212 3111 2386 3166 πάντα
2414 3114 2645 3182 ποιήσας
2666 3152 2682 3182 ,
2714 3115 2809 3165 καὶ
2837 3113 2927 3165 τὸν
2957 3112 3190 3183 οὐρανὸν
3217 3111 3457 3177 τανύσας
3493 3111 3628 3165 ὡσεὶ
3649 3111 3784 3179 δέρ-

532 3226 701 3281 aquas
740 3214 782 3274 ⁸,
830 3212 922 3279 qui
951 3221 1130 3281 potest
1202 3211 1439 3264 animam
1471 3219 1527 3263 et
1567 3223 1766 3278 corpus
1797 3208 2100 3279 perdereiu

530 3304 780 3373 gehenna
809 3304 829 3334 ⁸
871 3319 886 3357 :
929 3303 1045 3372 ipse
1085 3303 1139 3357 in
1193 3317 1385 3358 omnes
1432 3302 1772 3358 dominatum
1825 3300 2101 3366 obtinens,

530 3397 816 3452 rationalia
840 3406 893 3450 et
933 3396 1220 3450 incruenta
1271 3395 1498 3464 suscipit
1540 3394 1832 3458 sacriﬁcia,
1866 3408 1987 3463 quae
2028 3408 2097 3447 ex

529 3503 670 3560 puro
692 3488 859 3543 corde
890 3488 938 3541 ei
963 3488 1307 3541 oﬁ'eruntur:
1336 3495 1391 3540 et
1425 3486 1697 3554 quomodo
1724 3500 1832 3542 non
1880 3495 1964 3540 cst
2005 3484 2105 3537 ab-

531 3580 779 3644 surdum,
811 3587 869 3632 ut
895 3593 997 3632 nos
1031 3577 1226 3632 relicto
1247 3576 1503 3632 eﬂ'ectore
1558 3575 1965 3640 universorum,
2011 3588 2101 3628 sa-

530 3667 838 3723 criﬁcemus
857 3668 1017 3738 lignis
1041 3676 1096 3721 et
1120 3666 1390 3735 lapidibus
1416 3665 1625 3720 ratione
1656 3665 1992 3729 carentibus,
2010 3663 2102 3735 qui

529 3757 700 3813 creati
732 3771 924 3812 sumus
958 3756 1022 3810 ad
1057 3756 1151 3809 Dei
1190 3753 1518 3826 imaginem?

600 3931 693 3986 1x.
733 3931 870 3988 Dicit
916 3931 1241 4000 Agrippinus
1271 3944 1285 3984 :
1315 3927 1567 3984 Miserere
1594 3928 1671 3981 tui
1710 3928 1778 3983 de
1816 3938 2035 3994 caetero,
2070 3944 2103 3985 ο
2152 3937 2157 3940 ‘

530 4024 726 4089 miser;
756 4031 809 4077 et
837 4023 881 4077 si
907 4022 1044 4076 nolis
1064 4020 1391 4088 sacriﬁcare,
1417 4020 1507 4075 dic
1539 4020 1711 4075 solum
1743 4039 1757 4076 :
1783 4021 2002 4093 Magnus
2025 4031 2107 4077 est

2207 3205 2292 3272 ριν
2325 3203 2417 3256 καὶ
2455 3203 2553 3273 τὴν
2601 3205 2707 3273 γῆν
2739 3203 3076 3274 θεμελιώσας
3114 3204 3208 3256 έπὶ
3256 3203 3366 3255 τῶν
3416 3203 3650 3263 ὑδάτων,
3687 3202 3783 3254 δυ-

2205 3296 2437 3365 νάμενος
2470 3295 2564 3347 καὶ
2604 3296 2702 3360 τὴν
2756 3295 2934 3364 ψυχὴν
2983 3296 3077 3346 καὶ
3104 3293 3165 3346 τὸ
3209 3292 3371 3360 σῶμα
3403 3292 3668 3344 ἀπολέσαι
3719 3293 3782 3342 έν

2203 3387 2270 3456 τῇ
2301 3384 2515 3456 γεέννῃ,
2554 3382 2713 3445 αὐτὸς
2773 3383 3059 3446 δεσπόζων
3109 3381 3351 3448 πάντων,
3411 3377 3782 3450 προσδέχεται

2206 3479 2303 3538 τὰς
2334 3476 2556 3544 λογικὰς
2582 3473 2772 3536 θυσίας
2796 3475 2891 3526 καὶ
2919 3472 3313 3544 ἀναιμάκτους,
3344 3470 3441 3533 τὰς
3465 3468 3571 3522 ἀπὸ
3604 3468 3783 3522 καθαο

2208 3570 2307 3642 ρᾶς
2361 3556 2583 3638 καρδίας
2631 3566 3083 3638 προσφερομένας
3128 3564 3222 3619 καὶ
3256 3563 3371 3623 πῶς
3422 3561 3522 3614 οὐκ
3568 3561 3780 3616 ἄτοπόν

2205 3661 2354 3713 ἔστιν
2397 3659 2829 3725 καταλείψαντας
2863 3657 3008 3725 ἡμᾶς
3045 3654 3135 3708 τὸν
3175 3655 3283 3706 τῶν
3336 3653 3473 3706 ὅλων
3509 3651 3776 3720 ποιητὴν,

2208 3749 2384 3819 ξύλοις
2413 3749 2504 3802 καὶ
2530 3747 2699 3810 λίθοις
2725 3745 2940 3813 ἀλόγοις
2972 3743 3122 3798 θύειν
3149 3743 3181 3816 ἢ
3205 3741 3454 3796 σπένδειν
3488 3741 3618 3802 τοὺς
3651 3739 3778 3792 κατ’

2205 3843 2391 3896 εἰκόνα
2421 3839 2739 3902 κτισθέντας
2782 3837 2915 3892 Θεοῦ
2940 3854 2955 3904 ;

2278 3934 2356 3989 0'.
2402 3934 2462 3988 '0
2510 3934 2567 3987 δὲ
2630 3933 2986 4003 Ἀγριππῖνος
3033 3929 3166 4001 ἔφη·
3198 3929 3481 3996 Οίκτειρον
3538 3924 3773 3980 σεαυτὸν

2204 4029 2413 4093 λοιπὸν,
2480 4024 2780 4094 τρισάθλιε,
2818 4024 2933 4088 καὶ,
2970 4023 3020 4073 εί
3083 4019 3158 4089 μὴ
3199 4018 3373 4080 θέλεις
3411 4016 3597 4080 θύσαι,
3653 4016 3780 4069 είπὶ

528 4116 743 4187 Apollo,
775 4123 830 4169 et
854 4114 1058 4183 jubebo
1093 4122 1144 4167 te
1160 4113 1362 4166 auferri
1397 4113 1463 4166 ab
1498 4114 1600 4166 hoc
1623 4113 1773 4180 gravi
1801 4113 1964 4183 ignis.
1997 4130 2106 4184 quo

2212 4119 2370 4190 μόνον
2398 4135 2411 4149 ο
2444 4119 2640 4186 Μέγας
2687 4116 2714 4166 6
2767 4113 3073 4177 Ἀπόλλων,
3109 4111 3202 4166 καὶ
3248 4108 3492 4164 κελεύσω
3548 4107 3605 4160 σε
3635 4124 3778 4160 κατ-

530 4206 769 4272 vexaris,
796 4205 1064 4269 cruciatu,
1104 4202 1303 4272 abique
1335 4215 1531 4275 sospes
1562 4212 1618 4256 et
1651 4211 1840 4256 noster
1869 4203 2102 4262 amicus.

2212 4208 2498 4282 ενεχθῆναι
2526 4206 2636 4261 ἀπὸ
2667 4206 2766 4274 τῆς
2796 4203 3139 4275 κατεχούσης
3171 4219 3230 4257 σε
3263 4200 3444 4269 δεινῆς
3475 4198 3568 4251 τοῦ
3603 4197 3779 4269 πυρὸς

532 4297 769 4353 Sanctus
797 4305 977 4349 autem
1005 4292 1142 4348 dixit
1170 4294 1320 4347 Plato
1349 4311 1362 4348 :
1397 4294 1575 4358 Absit,
1625 4303 1684 4349 ut
1709 4309 1806 4364 ego
1859 4295 1934 4351 ita
1996 4295 2104 4351 mei

2212 4301 2507 4364 κολάσεως,
2552 4296 2874 4353 καὶ.ᾱπελθε
2904 4295 3166 4361 ὑγιαίνων
3211 4291 3302 4344 καὶ
3324 4289 3478 4357 φίλος
3513 4288 3780 4355 ὑπάρχων

531 4392 812 4452 miserear,
831 4397 1024 4444 utmeo
1035 4399 1261 4454 parcens
1273 4387 1508 4453 corpori,
1531 4393 1760 4451 etparva
1780 4385 2019 4452 accepta,
2047 4393 2108 4439 ut

2212 4391 2500 4460 ἡμέτερος.
2543 4389 2769 4441 Πλάτων
2810 4381 2963 4438 εἶπεν
2990 4400 3003 4412 ·
3063 4383 3154 4453 Μὴ
3204 4380 3415 4450 γένοιτό
3455 4395 3547 4449 μοι
3600 4377 3777 4439 οὕτως

531 4489 590 4534 ιιι
614 4493 824 4541 censes,
843 4476 1199 4540 relaxatione,
1232 4490 1352 4529 cum
1371 4475 1549 4528 anitna
1579 4475 1767 4529 vadam
1796 4474 1863 4529 ad
1888 4476 2104 4547 gehen-

2212 4481 2404 4536 ἑαυτὸν
2457 4479 2707 4550 ἐλεῆσαι,
2751 4477 2839 4531 ἵνα
2884 4473 3203 4546 φειδόμενός
3248 4488 3349 4542 μου
3391 4468 3488 4524 τοῦ
3519 4468 3778 4539 σώματος

530 4585 657 4624 nam
697 4569 856 4638 ignis.
896 4568 1032 4624 Dixit
1060 4566 1417 4636 Agrippinus:
1455 4565 1622 4621 Recte
1653 4565 1810 4633 facis,
1839 4568 2106 4623 infelicis-

2212 4575 2303 4627 καὶ
2350 4571 2554 4638 ὀλίγον,
2590 4570 2665 4631 ὡς
2716 4569 2778 4623 σὺ
2824 4566 3088 4637 νομίζεις,
3128 4566 3314 4621 ἄνεσιν
3343 4561 3522 4615 λαϐὼν
3569 4562 3665 4613 σὺν
3709 4562 3783 4631 τῇ

531 4661 686 4723 sime,
709 4659 805 4713 tibi
834 4668 1061 4712 mortem
1093 4658 1347 4723 aﬂ‘erens,
1373 4665 1425 4710 te
1456 4657 1555 4710 hac
1577 4657 1896 4712 suavissima
1922 4658 2109 4716 volens

2212 4664 2348 4733 ψυχῇ
2378 4661 2605 4730 ἐμπέσω
2634 4663 2715 4721 είς
2765 4658 3135 4733 τὴνγέενναν.
3191 4656 3253 4715 Ὀ¹
3303 4654 3359 4705 δὲ
3419 4653 3776 4720 Ἀγριππῖνος

532 4747 652 4801 luce
683 4746 918 4815 privare.
950 4746 1094 4798 Dixit
1127 4744 1316 4800 Plato:
1373 4743 1477 4800 Pro
1536 4745 1752 4800 Christo
1778 4747 1936 4811 mori,
1975 4762 2107 4802 conv

2212 4755 2348 4826 ἔφη’
2383 4753 2601 4816 Καλῶς,
2661 4750 3100 4821 δυστυχέστατε,
3150 4745 3382 4800 θάνατον
3441 4742 3625 4814 ἑαυτῷ
3681 4743 3772 4794 ὲπο

529 4839 684 4894 ciliat
732 4837 865 4891 mihi
935 4853 1162 4908 regnum
1231 4838 1490 4894 cmlorum
1523 4855 1537 4905 ;
1574 4854 1680 4893 non
1756 4840 1887 4896 mihi
1924 4849 2106 4894 autem

2212 4846 2382 4914 άγεις,
2415 4845 2736 4915 βουλόμενος
2763 4841 2956 4896 ἑαυτὸν
2995 4841 3241 4910 στερίσαι
3264 4837 3357 4892 τοῦ
3394 4836 3616 4906 ἡδίστου
3659 4851 3777 4900 φω-

530 4929 731 4994 solum,
760 4929 856 4983 sed
897 4930 1060 4982 etiam
1091 4930 1370 4990 omnibus,
1405 4931 1499 5000 qui
1533 4932 1710 5000 ipsum
1745 4932 1960 4985 timent.
1994 4934 2100 5002 Ego

2212 4935 2306 4995 τός.
2355 4933 2411 4984 'U
2436 4931 2594 4999 ἅγιος
2622 4931 2844 4983 Πλάτων
2872 4927 3026 4982 εἶπεν
3055 4946 3068 4959 ·
3105 4927 3177 4979 Τὸ
3211 4926 3353 4995 ὑπὲρ
3381 4921 3620 4993 Χριστοῦ
3644 4923 3775 4975 ἀπο·

533 5031 666 5072 vero
692 5017 786 5070 tibi
819 5017 963 5081 dico,
993 5017 1135 5086 quod
1173 5032 1281 5071 non
1309 5027 1540 5087 possunt
1569 5020 1805 5084 vincere,
1849 5025 1942 5089 qui
1976 5035 2098 5074 cum

2212 5019 2377 5073 )astv
2419 5020 2706 5090 βασιλείαν
2757 5017 3008 5089 οὐρανῶν
3042 5018 3298 5089 προξενεί
3351 5031 3468 5085 μοι,
3516 5013 3616 5066 οὑκ
3641 5003 3776 5082 ὶμοὶ

533 5108 645 5163 Deo
668 5117 937 5162 conantur
976 5108 1176 5162 bellum
1237 5124 1443 5178 gerere,
1506 5119 1561 5164 et
1587 5111 1806 5178 pietatis
1866 5112 2099 5165 athletas

2212 5112 2381 5178 μόνον,
2411 5111 2546 5165 ἀλλὰ
2567 5112 2659 5164 καὶ
2691 5113 2856 5164 πᾶσιν
2883 5113 2996 5173 τοῖς
3018 5107 3383 5178 φοϐουμένοις
3431 5104 3613 5158 αὐτόν.
3635 5102 3790 5168 Ἐγὼ

533 5200 766 5268 diversis
790 5200 1076 5254 tormentis
1099 5201 1398 5269 subjiciunt
1434 5219 1445 5254 :
1474 5203 1745 5269 quomodo
1786 5218 1975 5256 rursus
1999 5219 2102 5258 nec

2212 5205 2262 5257 δέ
2297 5222 2378 5256 σοι
2432 5204 2575 5269 λέγω
2600 5205 2681 5256 ὅτι
2729 5203 2788 5254 ού
2829 5203 3085 5255 δύνανται
3137 5198 3359 5268 νικῆσαι
3395 5197 3588 5257 οἵτινες
3623 5192 3776 5266 μάχῃ

532 5291 623 5361 qui
646 5290 923 5344 Christum
947 5291 1148 5344 habent
1177 5307 1332 5360 opem
1355 5292 1650 5359 ferentem,
1677 5305 1901 5362 possunt
1933 5296 2101 5350 malos

2212 5295 2499 5365 πειρῶνται
2529 5295 2690 5364 νικᾷν
2728 5294 2855 5356 τοὺς
2888 5295 2986 5361 τῆς
3041 5290 3324 5353 εύσεὸείας
3369 5286 3627 5356 ἀθλητὰς,
3672 5285 3775 5337 κᾶν

533 5382 786 5438 homines
820 5391 874 5434 et
901 5382 1009 5435 Deo
1062 5381 1266 5437 invisos
1292 5385 1508 5437 vincere
1561 5394 1782 5454 propter
1835 5386 2097 5456 insignem

2212 5386 2456 5444 Βασάνοις
2495 5386 2777 5456 διαφόροις
2820 5384 3222 5450 ὑποῦἁλλωσιν,
3277 5382 3468 5450 ὥσπερ
3519 5380 3684 5432 πάλιν
3727 5380 3786 5431 of

533 5489 720 5527 eorum
749 5472 1033 5525 malitiam.
1088 5471 1449 5537 Quamobrem
1504 5476 1626 5529 dico
1691 5478 1807 5544 t'ibi,
1849 5488 2097 5548 tyranne,

2212 5478 2431 5547 Κριστὸν
2462 5479 2810 5548 ἐπαμύνοντα
2837 5477 3054 5547 ἔχοντες
3082 5476 3339 5530 νικᾶσθαι
3373 5476 3483 5539 τοῖς
3510 5475 3773 5549 πονηροῖς

534 5566 678 5635 quod
707 5579 879 5635 neque
910 5565 1042 5631 vita,
1068 5580 1240 5636 neque
1271 5582 1434 5633 mors,
1461 5584 1636 5636 neque
1660 5570 1891 5638 gladius,
1923 5587 2097 5642 neque

2212 5557 2425 5640 λνδράσι
2475 5572 2569 5623 καὶ
2610 5571 2883 5640 μισοθέοις
2918 5574 2976 5626 ού
3031 5571 3306 5627 δύνανται.
3363 5571 3450 5624 Διδ
3503 5572 3650 5639 λέγω
3685 5588 3777 5628 σοι

642 5744 661 5777 ⁸
698 5745 836 5805 Psal.
876 5763 1022 5818 cxttt,
1065 5751 1175 5805 5-7.

1290 5754 1308 5784 '
1345 5752 1482 5810 Psal.
1510 5765 1617 5819 stlt,
1650 5756 1702 5819 3,
1740 5753 1790 5808 5.
1905 5758 1921 5786 ⁶
1953 5757 2138 5813 Matth.
2179 5775 2229 5824 Χ,
2259 5758 2345 5813 ‘28.
