3972 6462
225 385 335 448 413

1506 388 1681 449 VlTA
1724 389 1783 448 S.
1827 388 2210 452 PLATONIS.

3367 389 3469 452 ιιι

216 497 338 551 οὔτε
375 497 516 568 ζωὴ,
550 497 672 551 οὔτε
705 497 955 567 θάνατος,
989 499 1110 553 οὔτε
1155 502 1420 572 μάχαιρα,
1457 501 1580 554 οὗτε
1611 502 1785 572 λιμὸς,

1896 503 2081 567 fames,
2141 518 2317 573 neque
2348 504 2669 573 periculum,
2727 519 2906 574 neque
2967 503 3218 565 altitudo,
3292 520 3467 572 neque

215 590 338 642 οὒτε
359 590 629 654 κίνδυνος,
661 591 784 644 οῦτε
812 593 1038 662 ὕψωμα,
1064 593 1187 646 οῦτε
1210 593 1396 663 βάθος,
1429 593 1553 647 οὕτε
1577 612 1661 656 τις
1683 597 1791 652 κτί-

217 697 300 743 σις
332 682 500 750 ἑτέρα
533 683 758 752 χωρίσει
791 701 858 752 με
883 685 991 738 ἀπὸ
1021 685 1116 754 τῆς
1143 686 1365 755 ἀγάπης
1391 685 1485 739 τοῦ
1525 688 1662 740 Θεοῦ
1693 687 1792 756 τῆς

215 774 268 823 ιν
297 772 523 842 Χριστῷ
552 775 632 841 τῷ
662 777 848 845 Κυρίῳ
875 778 1050 846 ἡμῶν.
1081 778 1287 830 Τούτου
1307 779 1468 849 χάριν
1503 779 1791 848 πεισθῆναί

217 878 305 930 μοι
340 863 580 929 ὀφείλεις
616 868 1080 937 ἐπαγγελλομένῳ
1107 885 1190 922 σοι
1229 871 1291 922 ού
1325 870 1584 938 φθαρτῶν
1616 889 1786 924 τινων

213 953 565 1020 πραγμάτων
599 957 689 1008 καὶ
724 956 939 1025 σαθρῶν
972 959 1296 1022 ἀπόλαυσιν,
1333 960 1468 1012 ἀλλὰ
1512 960 1790 1028 βασιλείαν

212 1043 484 1112 οὐρανῶν,
521 1047 585 1115 ην
607 1047 654 1097 οί
677 1050 756 1108 είς
782 1049 872 1099 τὸν
904 1050 1144 1119 Χριστὸν
1173 1052 1600 1121 ἐπιστρέφοντες
1634 1052 1790 1123 ἔχου-

215 1149 319 1195 σιν,
369 1133 496 1186 ὅθεν
537 1136 749 1205 ἀπέδρα
788 1138 946 1208 ὀδύνη
995 1143 1090 1192 καὶ
1135 1141 1279 1211 λύπη
1317 1143 1413 1194 καὶ
1454 1145 1786 1212 στεναγμός.

214 1220 550 1274 Ματαίωσον
600 1226 782 1278 τοίνυν
845 1231 944 1295 τὴν
1000 1229 1189 1283 ἐλπίδα
1246 1232 1340 1283 τοῦ
1394 1231 1667 1299 διαϐόλου,
1722 1235 1788 1306 ἢν

214 1312 354 1378 ίχεις
390 1313 484 1365 ἐπὶ
513 1315 618 1379 σοὶ,
651 1317 744 1369 καὶ
770 1319 1038 1390 άπόστηθι
1061 1323 1168 1375 άπὸ
1197 1323 1298 1392 τῆς
1320 1324 1517 1392 μανίας
1540 1327 1748 1396 ταύτης
1771 1344 1784 1358 ⁸

211 1403 308 1453 καὶ
330 1403 629 1458 ἀναλαϐὼν
661 1409 720 1459 τὸ
754 1409 972 1477 λογικὸν
1016 1413 1260 1484 ἀξίωμα,
1294 1414 1465 1482 γνῶθι
1507 1418 1593 1481 τίς
1630 1416 1790 1472 ’ἐστιν

211 1499 238 1546 ὁ
268 1496 422 1568 πάσῃ
448 1501 614 1569 σαρκὶ
656 1501 801 1573 ζωὴν
844 1505 1234 1576 χαριζόμενος.
1283 1507 1442 1561 Οὖτω
1481 1510 1592 1581 γὰρ
1633 1511 1788 1565 ἔσται

213 1588 538 1657 θαυμαστὸς
582 1595 904 1663 μετατεθεὶς
956 1597 1065 1650 ἀπὸ
1118 1601 1214 1668 τῆς
1263 1601 1532 1671 πονηρίας
1587 1603 1790 1673 ταύτης

213 1682 301 1732 καὶ
336 1681 731 1752 ψυχοφθάρτου
756 1687 988 1758 πλάνης.
1019 1688 1250 1758 Δέχεται
1283 1692 1394 1760 γὰρ
1441 1693 1570 1754 τοὺς
1617 1709 1787 1762 μετα-

214 1770 476 1834 νοοῦντας
507 1775 536 1824 ό
583 1773 792 1842 Κύριος
818 1777 852 1827 ὀ
891 1776 1125 1842 πάντας
1164 1777 1355 1831 θέλων
1387 1779 1654 1847 σωθῆναι
1690 1781 1786 1834 καὶ

213 1861 294 1924 εις
325 1860 656 1926 ἐπίγνωσιν
692 1863 978 1930 ἀληθείας
999 1867 1217 1933 ἐλθεῖν,
1243 1871 1276 1922 ό
1303 1869 1388 1937 μὴ
1404 1871 1789 1939 βουλόμενος

214 1951 316 2002 τὸν
337 1949 604 2004 θάνατον
628 1953 735 2006 τοῦ
784 1950 1137 2024 ἀμαρτώλοῦ
1181 1960 1262 2023 ὡς
1304 1960 1371 2012 τό
1431 1961 1789 2032 ἐπιστρέψαι

213 2045 305 2099 καί
331 2043 440 2122 ζῇν
466 2048 672 2100 αὐτόν.

284 2221 340 2272 1⁸.
397 2218 457 2274 Ὀ
484 2220 540 2273 δὲ
583 2222 942 2292 Ἀγριππῐνος
970 2225 1148 2281 ταῦτα
1174 2228 1416 2293 ἀκούσας
1447 2230 1551 2299 εφη
1571 2247 1583 2262 ³
1624 2232 1785 2284 Ἀπο-

216 2312 532 2381 νενοημένε,
572 2316 669 2366 καὶ
704 2316 812 2368 τῶν
851 2318 989 2371 θεῶν
1031 2320 1313 2390 ἀλλότρια,
1346 2323 1440 2374 καὶ
1474 2322 1581 2374 τῶν
1630 2324 1785 2376 αύτοο

214 2405 495 2472 κρατύμυν
519 2404 697 2475 ἐχθρὲ,
723 2408 945 2462 καὶτῶν
986 2412 1164 2478 νόμων
1196 2415 1304 2468 τῶν
1325 2413 1621 2483 βασιλικῶν
1653 2415 1786 2470 καθ-

211 2495 442 2563 αιρέτα,
513 2499 594 2560 είς
653 2501 928 2571 τοσαύτην
987 2506 1190 2572 μανίαν
1239 2504 1426 2578 ἦλθες,
1497 2509 1639 2563 ὥστε
1693 2513 1788 2564 καὶ

215 2587 406 2657 μέχρις
428 2588 565 2659 ἐμοῦ
594 2591 835 2646 ἐκτεῖναι
867 2596 963 2666 τὴν
991 2597 1202 2668 πλάνην
1225 2617 1320 2652 σου
1352 2601 1450 2655 καὶ
1481 2603 1783 2672 πειρᾶσθαι

211 2681 317 2732 ἀπὸ
353 2680 456 2750 τῆς
504 2680 615 2736 τῶν
660 2683 801 2738 θεῶν
859 2688 1148 2757 εὐμενείας
1209 2693 1523 2762 άποστῆσαί
1582 2711 1649 2764 με
1693 2695 1786 2748 καὶ

215 2773 556 2836 μεταγαγεῖν
579 2775 662 2836 είς
695 2775 792 2844 τὴν
829 2779 923 2830 τοῦ
985 2782 1410 2852 ἐσταυρωμένου
1443 2785 1780 2855 θρησκείανς

214 2859 437 2914 Πλάτων
465 2857 619 2915 εἶπεν
643 2881 657 2894 ’
711 2866 842 2929 Ταῖς
882 2870 1047 2938 ιμαίς
1072 2872 1132 2923 οὐ
1175 2874 1337 2944 πείθῃ
1369 2877 1782 2944 παραινέσεσιν,

210 2949 342 3003 ἀλλὰ
371 2952 674 3017 ἀποκαλεῖς
723 2972 788 3025 με
828 2956 1005 3011 ταῦτα
1040 2961 1358 3030 τυγχάνειν,
1405 2964 1596 3036 ἐπειδὴ
1629 2967 1784 3019 ἐνου·

211 3040 414 3109 θιτησά
442 3061 500 3096 σε
537 3048 633 3098 καὶ
664 3049 726 3099 τὸ
762 3050 1043 3121 συμφέρον
1071 3069 1153 3105 σοι
1180 3052 1603 3113 συνεϐούλευσα.
1634 3057 1784 3128 Πλὴν

1893 593 2244 662 profundum.
2302 611 2479 664 neque
2546 597 2650 652 ulla
2715 597 2815 648 alia
2883 613 2969 650 res
3033 606 3216 650 creata
3292 606 3470 664 potest

1893 703 1990 741 nos
2037 679 2286 756 separai-c
2335 703 2364 741 a
2403 688 2667 741 cliaritate
2725 687 2837 752 Dei,
2898 703 3016 756 quze
3057 698 3140 741 est
3195 687 3249 740 in
3305 689 3468 741 Clari-

1893 787 1979 834 sto
2038 777 2166 833 Jesu
2230 779 2460 833 Domino
2525 780 2761 833 nostro'
2903 778 2974 830 Ea
3053 778 3118 832 de
3193 794 3352 831 causa
3410 787 3466 832 tu

1891 872 2060 941 magis
2091 872 2256 925 debes
2287 872 2416 924 milii
2442 885 2652 939 parere,
2687 871 2961 938 pollicenti
3003 868 3138 929 fore.
3179 879 3238 921 ut
3266 867 3465 921 iruaris

1893 977 2000 1014 non
2067 961 2229 1015 rebus
2273 962 2544 1030 aliquibus
2592 960 2834 1021 caducis,
2912 968 2965 1012 et
3019 960 3071 1012 in
3129 975 3265 1026 quas
3319 959 3466 1011 cadit

1891 1053 2162 1117 interitus,
2218 1053 2310 1106 sed
2364 1067 2531 1121 regno
2595 1052 2860 1105 caelorum
2925 1060 2979 1104 et
3039 1051 3147 1102 vita
3207 1060 3465 1103 mterna:

1890 1160 2052 1214 quam
2088 1145 2311 1207 habent,
2371 1145 2462 1211 qui
2515 1144 2580 1197 ad
2629 1143 2803 1212 ipsum
2850 1149 3277 1203 convertuntur;
3322 1140 3466 1194 unde

1888 1236 2097 1305 aufugit
2154 1236 2326 1299 dolor,
2381 1235 2600 1289 tristitia
2677 1245 2730 1288 et
2814 1234 3055 1304 gemitus
3079 1234 3121 1287 ⁸.
3173 1233 3280 1286 Fac
3334 1248 3461 1302 ergo

1889 1331 1950 1375 ut
1982 1338 2116 1375 vana
2155 1323 2224 1376 sit
2254 1338 2585 1390 spes,quam
2633 1323 2688 1376 in
2750 1333 2801 1377 te
2865 1323 3028 1376 habet
3074 1322 3343 1384 diabolus,
3411 1331 3466 1376 et

1891 1413 2110 1467 discede
2144 1413 2212 1466 ab
2245 1413 2346 1466 hac
2386 1415 2618 1478 insania,
2647 1424 2701 1468 et
2729 1414 2978 1468 rationali
3005 1424 3222 1480 accepta
3282 1414 3468 1482 digni-

1895 1513 2019 1565 tate.
2049 1518 2316 1574 cognosce
2338 1503 2585 1571 quisnam
2646 1505 2715 1558 sit
2781 1505 2871 1572 qui
2906 1505 3054 1558 omni
3108 1505 3257 1558 carni
3301 1505 3461 1558 vitam

1893 1596 2137 1666 largitur.
2171 1594 2261 1649 Sic
2283 1597 2428 1649 enim
2455 1596 2564 1649 eris
2582 1595 2940 1658 admirabilis,
2977 1596 3260 1650 traductus
3279 1597 3346 1649 ab
3365 1597 3468 1650 hac

1890 1688 2240 1756 improbitate
2270 1695 2324 1742 et
2356 1687 2425 1741 ab
2457 1687 2776 1757 errore,qui
2809 1685 2969 1740 aﬂert
3004 1687 3198 1742 anima:
3215 1687 3466 1740 exitium.

1892 1779 1999 1833 Eos
2059 1778 2202 1831 enim
2284 1777 2507 1846 excipit,
2590 1776 2683 1845 qui
2767 1788 3057 1831 moventur
3127 1777 3466 1847 paenitentia,

1891 1869 2152 1926 Dominus
2196 1878 2384 1922 noster
2443 1867 2599 1923 Jesus
2653 1866 2920 1931 Christus,
2985 1871 3072 1938 qui
3116 1868 3225 1920 vult
3291 1883 3470 1920 omnes

1865 1963 2122 2022 _homiues
2150 1961 2324 2013 salvos
2352 1961 2490 2028 ﬁeri,
2535 1969 2584 2013 et
2617 1961 2789 2013 venire
2818 1962 2886 2012 ad
2917 1961 3240 2027 agnitionem
3275 1960 3468 2012 verita-

1891 2055 1956 2106 tis
1985 2055 2042 2117 ’;
2081 2054 2169 2118 qui
2195 2068 2296 2104 non
2323 2052 2431 2104 vult
2470 2060 2692 2104 mortem
2724 2053 3009 2114 peccatoris
3043 2060 3090 2104 et
3145 2051 3315 2119 impii,
3376 2048 3466 2102 sed

1889 2154 1944 2196 ut
1979 2150 2315 2196 convertatur
2345 2152 2390 2194 et
2417 2144 2549 2194 vivat
2579 2142 2644 2202 ‘°,
2679 2143 2873 2195 ductus
2903 2142 3247 2211 paenitentia.

1957 2234 2023 2290 Χ.
2061 2234 2388 2302 Agrippinus
2410 2241 2613 2297 autem,
2645 2232 2729 2288 his
2753 2233 2976 2297 auditis,
3002 2232 3186 2286 furore
3228 2234 3468 2302 percitus

1887 2319 2067 2373 dixit:
2131 2320 2544 2383 Amentissime,
2604 2329 2660 2374 et
2689 2336 2718 2372 a
2761 2321 2866 2373 diis
2904 2320 3100 2382 aliene,
3151 2330 3208 2373 et
3248 2321 3466 2376 inimice

1887 2411 2302 2478 imperatorum,
2333 2418 2387 2463 et
2438 2410 2617 2477 legum
2681 2425 2905 2463 eversor
2966 2411 3468 2478 imperatoriarum,

1886 2500 2126 2572 eousque
2156 2502 2470 2570 processisti
2505 2501 2728 2556 insania:
2784 2511 2838 2554 et
2867 2502 3144 2566 amentiae,
3185 2511 3242 2556 ut
3271 2503 3336 2557 ad
3377 2517 3465 2558 me

1884 2608 2056 2661 usque
2090 2603 2238 2646 tuum
2270 2608 2512 2647 errorem
2540 2596 2886 2660 extenderes,
2922 2599 2976 2650 et
3028 2611 3114 2650 me
3175 2611 3204 2650 α
3233 2597 3460 2650 deorum

1886 2683 2260 2739 benevolentia
2285 2686 2567 2740 conareris
2604 2685 2902 2752 abducere,
2963 2697 3019 2742 et
3043 2688 3108 2743 ad
3137 2687 3461 2759 religionem

1883 2774 2140 2829 Cruciﬁsi
2176 2776 2458 2829 traducere
2492 2779 2512 2829 ?
2541 2776 2683 2830 Dixit
2717 2789 2940 2832 sanctus
2974 2778 3126 2833 Plato
3159 2799 3170 2834 :
3203 2781 3325 2835 Scio
3344 2795 3463 2849 ego,

1890 2881 1923 2920 o
1962 2875 2209 2936 tyranne,
2235 2866 2377 2936 quod
2410 2876 2468 2920 tu
2500 2881 2612 2921 non
2670 2883 2828 2936 pares
2866 2870 3003 2922 meis
3072 2870 3464 2925 admonitioni-

1888 2959 1986 3013 bus
2035 2975 2048 3012 :
2119 2959 2212 3012 sed
2241 2974 2325 3012 me
2384 2974 2545 3014 vocas
2601 2959 2824 3030 planum
2871 2967 2927 3014 et
2993 2962 3463 3033 praestigiatorem,

1885 3049 2030 3118 quod
2059 3049 2276 3117 quidem
2311 3061 2368 3103 tu
2396 3065 2454 3104 es
2483 3068 2495 3102 :
2529 3053 2784 3117 quoniam
2834 3063 2885 3106 te
2921 3053 3178 3107 admonui
3237 3063 3294 3108 et
3334 3070 3466 3108 con-

209 3133 300 3183 καὶ
327 3133 506 3196 οὕτως
549 3137 802 3205 μέμνησό
833 3157 957 3207 μου,
982 3143 1070 3195 ὅτε
1091 3145 1231 3212 ἡξει,
1262 3147 1479 3215 καιρὸς,
1509 3148 1599 3200 ὅτε
1643 3148 1784 3218 μετὰ

1890 3141 2029 3194 sului
2060 3141 2109 3193 id
2144 3141 2286 3206 quod
2310 3149 2394 3195 est
2426 3140 2521 3195 tibi
2557 3143 2708 3197 utile.
2743 3144 3012 3197 (laterum
3042 3145 3120 3198 sic
3162 3146 3268 3198 mei
3322 3161 3462 3212 quo-

206 3223 460 3294 δακρύων
491 3226 890 3299 ἀναμνησθήσῃ
917 3248 1020 3299 μου
1045 3233 1144 3300 τῆς
1175 3236 1462 3301 νουθεσίας
1509 3242 1604 3294 καὶ
1632 3242 1784 3296 οὐδὲν

208 3317 544 3388 ὠφελήσεις,
618 3320 755 3373 ἀλλὰ
835 3321 1018 3394 βυθοῖς
1071 3327 1373 3398 Ταρτάρων
1429 3331 1780 3400 παραδοθεὶς,

208 3406 488 3480 άπελεύσῃ
520 3409 602 3471 είς
654 3413 880 3465 αἰωνίαν
940 3414 1183 3471 κόλασιν.
1218 3417 1368 3471 Ποίει
1396 3417 1490 3474 οῦν
1515 3419 1542 3472 ὃ
1572 3421 1742 3486 θέλεις
1766 3438 1780 3457 ³

208 3498 467 3566 τοὺςγαρ
512 3500 611 3565 τῆς
675 3502 907 3573 καρδίας
951 3522 1046 3559 σου
1083 3507 1398 3578 ὀφθαλμοὺς
1438 3511 1611 3574 οὕτως
1649 3513 1785 3567 ὲτύ-

210 3587 425 3678 φλωσεν
449 3589 476 3639 ὁ
505 3588 777 3678 διάϐολος.
811 3592 952 3646 ὥστε
1001 3597 1074 3664 μὴ
1132 3596 1421 3668 διαϐλέψαι
1465 3617 1523 3652 σε
1554 3602 1690 3670 πρὸς
1723 3602 1784 3655 τδ

209 3678 304 3746 τῆς
339 3677 682 3745 θεογνωσίαίς
716 3684 852 3750 φῶς,
905 3685 1041 3736 ἀλλά
1094 3689 1230 3755 πρὸς
1269 3691 1332 3742 τὸ
1389 3694 1581 3756 σκότος
1628 3695 1781 3762 όρᾷν,

209 3771 336 3828 ἔνθα
377 3775 716 3844 ἡτοίμασται
759 3776 820 3828 τὸ
864 3774 976 3850 πῦρ
1021 3778 1081 3830 τὸ
1123 3779 1342 3832 αίὼνιόν
1369 3782 1449 3832 σοί
1499 3799 1556 3834 τε
1583 3785 1678 3835 καὶ
1707 3785 1784 3852 τῷ

208 3868 380 3937 πατρί
417 3884 538 3934 σου,
568 3868 648 3938 τῷ
679 3870 916 3941 Σατανᾷ.
961 3870 1133 3941 Ὡρῶν
1177 3872 1236 3926 δι
1269 3872 1439 3944 τριῶν
1466 3873 1786 3944 διαγενομέ-

175 3958 313 4011 ’νων
343 3960 438 4011 καὶ
474 3960 904 4028 κατενεχθέντος
939 3963 1106 4016 αὑτοῦ
1159 3965 1269 4017 άπὸ
1315 3965 1410 4017 τοῦ
1447 3967 1782 4036 κραϐϐάτου,

206 4049 378 4110 οὕτως
429 4049 679 4118 ιλαμπεν
721 4053 781 4103 τὸ
822 4054 983 4122 σῶμα
1024 4054 1119 4105 τοῦ
1165 4059 1440 4125 μακαρίου
1499 4058 1784 4122 Πλάτωνος

206 4139 279 4200 ὡς
306 4139 416 4192 ἀπὸ
452 4139 681 4210 λουτροῦ
709 4140 1016 4204 ἐξελθόντος
1041 4142 1227 4208 αὐτοῦ,
1259 4145 1353 4195 καὶ
1378 4145 1576 4199 εὐωδία
1609 4147 1782 4216 μύρου

208 4229 534 4294 πολυτελοῦς
595 4232 956 4300 εεεπορεύετο
998 4233 1057 4298 ιξ
1109 4232 1271 4286 αὑτοῦ
1298 4249 1310 4264 ·
1355 4230 1500 4305 εἶχεν
1549 4237 1655 4306 γὰρ
1689 4237 1782 4290 τοῦ

205 4322 448 4394 Χριστοῦ
497 4324 559 4376 τὸ
607 4323 865 4396 ἀληθινὸν
937 4325 1163 4399 λουτρὸν
1215 4325 1310 4379 καὶ
1369 4329 1469 4396 τὴν
1521 4327 1785 4400 ἀληθινὴν

205 4417 432 4482 γνῶσιν,
465 4418 532 4470 δι’
563 4412 630 4489 ἦς
662 4418 757 4470 καὶ
788 4418 1016 4483 εὐωδίας
1054 4421 1179 4482 τοὺς
1210 4422 1571 4491 παρεστῶτας
1618 4423 1784 4492 ἐπλή-

1888 3246 1994 3301 que
2024 3232 2360 3294 memineris,
2383 3231 2601 3301 quando
2635 3234 2846 3288 venerit
2878 3244 3095 3304 tempus
3137 3253 3152 3289 ι
3188 3250 3298 3306 quo
3331 3245 3466 3291 tcm-

1887 3337 2018 3391 pore
2042 3338 2164 3376 cum
2192 3322 2446 3392 lacrymis
2468 3324 2844 3382 recordaberis
2877 3341 3010 3379 mea:
3042 3326 3460 3393 admonitionis,

1886 3425 1989 3464 nec
2015 3425 2076 3465 ea
2127 3412 2220 3464 tibi
2285 3412 2575 3480 quidquam
2629 3414 2893 3482 proderit,
2946 3415 3212 3479 oinfcb'x,
3249 3417 3343 3470 sed
3411 3418 3464 3472 in

1888 3499 2106 3555 Tartari
2129 3501 2397 3572 profundo
2435 3503 2537 3556 ibis
2573 3503 2638 3557 ad
2671 3504 2999 3574 supplicium
3022 3517 3310 3560 aeternum.
3357 3507 3463 3564 Fac

1887 3609 2013 3663 ergo
2040 3594 2148 3646 cito
2171 3593 2221 3646 id
2284 3593 2426 3662 quod
2455 3594 2552 3648 vis.
2622 3593 2816 3649 Cordis
2843 3597 2987 3650 enim
3026 3598 3104 3650 tui
3150 3599 3336 3652 oculos
3395 3601 3466 3652 ita

1886 3685 2473 3748 exczecavitdiabolus,
2500 3694 2558 3738 ut
2585 3701 2692 3739 non
2721 3687 2954 3756 aspicias
3002 3689 3066 3740 ad
3140 3689 3314 3742 lucem
3374 3690 3464 3744 Dei

1886 3778 2253 3846 c0gnitionis:
2307 3778 2402 3831 sed
2448 3779 2716 3833 lntucaris
2787 3780 2852 3834 ad
2912 3782 3189 3844 tenebras,
3250 3784 3336 3834 ubi
3382 3793 3466 3837 est

1885 3876 2110 3936 paratus
2152 3867 2292 3936 ignis
2323 3876 2565 3921 aeternus
2614 3870 2708 3922 tibi
2758 3879 2812 3922 et
2871 3871 3012 3938 patri
3066 3880 3159 3924 tuo
3224 3871 3464 3926 Satanan

1887 3957 2022 4010 Cum
2054 3965 2167 4012 tres
2195 3967 2376 4011 autem
2403 3958 2549 4012 liora:
2607 3957 3070 4024 intercessissent,
3105 3969 3157 4015 et
3209 3961 3325 4032 ipse
3372 3961 3465 4015 de-

1888 4050 2097 4116 positus
2127 4047 2318 4102 fuisset
2346 4064 2410 4101 ex
2435 4050 2680 4117 grabato.
2720 4066 2919 4118 corpus
2946 4052 3019 4104 ita
3074 4053 3466 4120 resplendebat

1887 4137 2059 4187 sancti
2081 4143 2134 4186 et
2165 4136 2306 4188 beati
2334 4135 2594 4199 Platonis,
2617 4138 2840 4204 perinde
2873 4146 3036 4206 atque
3069 4139 3112 4192 si
3141 4139 3256 4208 ipse
3286 4142 3468 4197 exiis-

1890 4236 1974 4283 εει
2000 4227 2267 4292 ebalneo,
2297 4238 2352 4282 et
2379 4229 2565 4282 suavis
2605 4229 2825 4296 quidam
2859 4231 2994 4284 odor
3048 4239 3307 4299 tanquam
3360 4248 3464 4286 un-

1887 4320 2072 4392 guenti
2103 4320 2322 4388 pretiosi
2384 4334 2448 4371 ex
2485 4335 2551 4372 eo
2577 4320 2983 4388 egrediebatur.
3019 4319 3261 4375 Habebat
3319 4325 3463 4377 enim

1890 4411 2090 4467 Christi
2133 4425 2321 4465 verum
2378 4408 2677 4475 lavacrum,
2741 4420 2796 4466 et
2847 4412 3140 4480 pretiosam
3186 4422 3242 4466 et
3283 4428 3464 4468 veram

208 4524 326 4575 ρου,
359 4511 455 4561 καὶ
501 4511 610 4572 πᾶς
655 4509 684 4561 ό
737 4511 1013 4579 παριστὰς
1059 4511 1215 4581 ὄχλος
1257 4513 1475 4577 ἐδόξαζε
1525 4515 1618 4565 τὸν
1650 4513 1783 4566 Θεὸν

1890 4503 2281 4574 cognitionem,
2325 4517 2423 4572 per
2452 4519 2613 4570 quam
2645 4502 2789 4556 bono
2821 4503 2992 4557 odore
3052 4504 3311 4573 implebat
3373 4520 3465 4560 eos

204 4601 295 4652 ιπι
325 4602 393 4668 τῇ
436 4600 684 4670 ὑπομονῇ
720 4600 816 4652 τοῦ
862 4605 1135 4672 μακαρίου
1188 4606 1494 4669 Πλάτωνος.
1524 4607 1665 4660 ὥστε
1695 4608 1786 4659 λέ-

205 4708 323 4755 γειν
366 4692 471 4755 ὄτι,
507 4690 748 4764 Ἀληθῶς
793 4694 966 4762 μέγας
1010 4696 1038 4746 δ
1085 4696 1216 4759 Θεὸς
1254 4697 1363 4748 τῶν
1403 4697 1782 4765 Χριστιανῶνο

208 4783 485 4846 τοσαύτας
511 4787 621 4854 γὰρ
654 4784 924 4853 βασάνους
962 4787 1297 4858 ὑποϐληθεὶς
1359 4788 1511 4858 παρὰ
1548 4787 1640 4840 τοῦ
1695 4789 1788 4841 ἀν·

211 4875 393 4940 ελεοῦς
430 4875 690 4929 δικαστοῦ
717 4917 732 4940 ,
767 4878 866 4930 οὐκ
897 4880 1178 4950 ἠρνήσατο
1207 4884 1268 4934 τὸ
1303 4882 1538 4952 φοϐερὸν
1590 4883 1784 4953 ὖνομα,

208 4971 340 5022 ἀλλὰ
361 4970 440 5039 τῷ
477 4970 708 5040 γενναίῳ
741 4971 984 5044 λογισμῷ
1019 4960 1274 5044 ἐνίκησεν
1315 4975 1416 5043 τὴν
1453 4975 1654 5044 μανίαν
1684 4974 1781 5028 τοῦ

209 5061 494 5133 ἃρχοντος.
571 5115 581 5130 ,

286 5331 394 5385 lA'.
439 5333 500 5385 '0
531 5330 590 5386 δὲ
635 5331 993 5399 ’Λγριππῖνος
1028 5334 1166 5402 μετὰ
1206 5333 1266 5386 τὸ
1297 5333 1574 5403 ἀφόρητον
1628 5331 1780 5400 αύτῷ

218 5420 306 5473 καὶ
352 5422 614 5489 τοιαύτην
671 5420 904 5488 βάσανον
972 5427 1349 5492 προσαγαγεῖν
1423 5418 1608 5475 εἶπενο
1667 5424 1783 5475 Ούκ

218 5508 487 5580 ιπείσθης,
525 5509 776 5576 Πλάτων,
811 5510 874 5563 εκ
907 5511 1005 5579 τῆς
1040 5513 1498 5586 προσενεχθείσης
1554 5528 1634 5564 σοι
1666 5512 1782 5578 ,δει-

220 5601 309 5672 γῆς
337 5601 577 5674 βασάνου
626 5601 793 5683 θῦσαι
822 5605 932 5666 τοῖς
989 5602 1163 5669 Orate;
1202 5605 1338 5674 πλὴν
1391 5606 1439 5658 εί
1491 5605 1563 5676 μὴ
1605 5603 1782 5673 βούλει

323 5783 341 5812 ν
375 5779 537 5839 Rom.
562 5797 679 5847 vm,
711 5781 798 5843 58.
835 5783 920 5838 39.
1034 5785 1052 5814 ⁸
1081 5784 1162 5837 Isa
1221 5802 1379 5849 xxxv,
1418 5788 1499 5838 lt).

1615 5787 1632 5815 '
1667 5785 1678 5834 Ι
1709 5782 1846 5836 Tim.
1888 5798 1943 5842 tt,
1978 5782 2026 5833 4.

1882 4595 1973 4664 qui
2019 4596 2282 4650 aderant:
2320 4603 2373 4647 et
2417 4602 2523 4648 tota
2618 4608 2737 4661 quae
2799 4594 3234 4648 circumsistehat
3308 4596 3462 4652 turba

1885 4685 2055 4739 Deum
2120 4686 2455 4754 gloriticabat
2519 4695 2741 4755 propter
2788 4685 3167 4740 fortitudinem
3216 4696 3270 4742 et
3325 4689 3462 4743 tole-

1884 4779 2113 4832 rantiam
2147 4777 2287 4830 beati
2321 4774 2581 4840 Platonis.
2603 4776 2739 4830 adeo
2775 4787 2834 4830 ut
2867 4777 2967 4849 ipsi
2988 4777 3232 4833 dicerent
3265 4798 3279 4834 :
3326 4781 3464 4839 Vere

1886 4879 1970 4924 est
1997 4883 2224 4940 magnus
2256 4869 2400 4923 Deus
2435 4869 2892 4926 Christianorum.
2929 4869 3063 4924 Tam
3097 4873 3285 4928 multis
3313 4874 3462 4929 enim

1887 4962 2170 5015 tormentis
2187 4961 2458 5031 subjectus
2476 4975 2502 5011 a
2526 4961 2729 5013 crudeli
2752 4969 2805 5012 et
2821 4960 3234 5016 immisericordi
3255 4966 3462 5030 judice,

1888 5065 1999 5106 non
2023 5051 2247 5122 negavit
2301 5059 2552 5107 sanctum
2581 5059 2634 5105 et
2695 5052 2940 5106 terribile
2975 5068 3178 5108 nomen
3209 5055 3414 5114 Christi
3447 5075 3460 5111 :

1890 5143 1982 5198 sed
2017 5145 2068 5196 in
2094 5143 2354 5212 prmclaro
2405 5160 2766 5216 perseverans
2822 5146 2990 5202 animi
3032 5147 3304 5214 instituto,
3330 5152 3460 5207 vicit

1891 5236 2157 5290 insaniam
2187 5236 2456 5306 praesidis.

1963 5328 2049 5381 Χῐ.
2088 5329 2416 5398 Agrippinus
2467 5337 2648 5381 autem
2697 5341 2981 5399 postquam
3013 5332 3061 5388 ei
3119 5334 3461 5390 intolerabile

1891 5429 1945 5473 et
1973 5420 2075 5473 tale
2108 5429 2434 5473 tormentum
2469 5421 2757 5483 attulisset,
2818 5423 2954 5477 dixit
2984 5443 2995 5477 :
3052 5422 3170 5478 Non
3207 5424 3300 5478 tibi
3329 5440 3455 5494 per-

1893 5513 2082 5569 suasit.
2111 5527 2142 5565 o
2165 5511 2338 5575 Plato,
2367 5513 2745 5582 gravissimum
2778 5524 3130 5585 tormentum,
3194 5519 3334 5586 quod
3363 5509 3456 5571 tibi

1895 5603 1995 5656 fuit
2031 5604 2254 5667 illatum,
2285 5614 2340 5658 ut
2371 5604 2474 5660 diis
2505 5606 2841 5662 sacrilicares
2869 5624 2883 5671 ;
2910 5608 3005 5663 sed
3041 5609 3084 5664 si
3109 5609 3249 5665 nolis
3283 5607 3455 5662 sacri.

2167 5782 2207 5812 ¹⁶
2239 5781 2436 5833 Ezech.
2485 5795 2634 5843 mit,
2665 5781 2753 5835 23.
