3972 6436
520 359 629 425 415

1812 355 2097 417 MENSIS
2134 351 2429 415 IULIUS.

3659 352 3771 415 “6

522 472 709 535 litare,
766 470 942 525 solum
1013 484 1149 541 nega
1188 469 1543 529 Crucitlxum,
1594 476 1651 521 et
1704 475 1757 521 te
1796 464 2089 520 dimittam.

2198 461 2382 525 θῦσαι,
2428 462 2661 534 άρνησαι
2693 464 2783 515 τδν
2811 462 3251 533 ἐσταυρωμένον,
3294 461 3388 516 καὶ
3427 461 3651 516 ἀπολύω
3682 481 3765 517 σε.

523 561 667 615 Dixit
716 568 941 615 sanctus
973 558 1128 613 Plato
1162 558 1251 613 :0
1297 574 1393 619 cor
1449 572 1788 626 perversum,
1834 562 1890 608 et
1936 567 2092 607 mens

517 650 806 715 exstincta,
834 651 1089 705 etanima
1132 650 1288 703 malis
1315 650 1535 712 tradita,
1567 658 1621 701 et
1649 663 1770 717 qua:
1798 645 1940 700 nihil
1997 660 2091 699 co-

517 745 652 813 gitat
705 743 850 811 quod
901 741 1071 796 Deum
1140 742 1356 795 deceat.
1414 740 1552 806 Quid
1578 750 1680 803 est,
1713 739 1858 809 quod
1908 738 2093 793 dicis?

517 836 623 899 Qui
658 834 789 887 mihi
828 843 907 887 tot
931 832 1192 886 beneﬁcia
1213 831 1911 895 conciliavit,Servatorem
1935 830 2093 885 Chri-

519 937 661 979 stum
694 925 905 995 negabo
928 933 1156 993 propter
1176 933 1250 983 te,
1283 939 1315 976 o
1355 924 1647 977 crudivore
1684 934 1739 977 et
1790 924 1985 979 vindex
2019 922 2094 975 si-

521 1017 914 1077 mulacrorum,
939 1029 1226 1083 rerumque
1247 1015 1609 1069 inanimarum
1628 1026 1680 1068 et
1704 1024 1971 1068 mutarum
1996 1014 2089 1069 de-

518 1108 725 1171 fensor,
756 1116 808 1159 et
837 1117 1067 1176 patrone
1126 1107 1353 1167 erroris,
1416 1118 1472 1160 ut
1533 1109 1727 1159 reddar
1776 1106 1961 1168 miser,
1993 1105 2089 1158 libi

518 1200 707 1252 similis
757 1207 811 1251 et
838 1197 1110 1265 iniquus?
1154 1205 1341 1251 etnon
1372 1196 1568 1251 suﬂicit
1632 1192 1723 1250 tibi
1759 1198 1930 1250 solum
1974 1211 2093 1249 esse

519 1292 703 1351 talem,
758 1288 854 1343 sed
922 1302 1019 1342 eos
1058 1288 1225 1341 etiam
1314 1287 1405 1353 qui
1465 1289 1572 1356 jam
1643 1287 1793 1340 relati
1866 1295 1994 1341 sunt
2038 1287 2091 1339 in

515 1394 803 1436 numerum
858 1380 1087 1431 militum
1160 1378 1384 1439 Christi.
1494 1378 1575 1431 vis
1660 1390 1783 1431 esse
1917 1378 2094 1431 socios

515 1482 623 1526 tua:
708 1470 1023 1540 impietatis,
1122 1471 1175 1522 in
1242 1469 1428 1522 eadem
1492 1470 1577 1522 via
1663 1468 1921 1520 interitus
1974 1476 2088 1520 stu-

516 1563 657 1617 dens
683 1576 779 1615 eos
808 1561 1182 1631 supplantare,
1221 1560 1313 1629 qui
1349 1570 1494 1614 recta
1536 1559 1618 1611 via
1674 1557 2093 1627 ingrediuntur?

517 1655 748 1710 Discede
780 1670 806 1707 ο
842 1670 949 1717 me,
975 1655 1068 1723 qui
1121 1656 1374 1723 operaris
1436 1652 1808 1720 iniquitatem.
1844 1648 2091 1703 Statuisti

516 1748 663 1803 enim
692 1747 829 1800 alios
863 1761 1081 1815 quoque
1114 1745 1177 1798 ad
1214 1744 1599 1797 eamtrahere.
1631 1742 1864 1798 Confido
1902 1753 2089 1798 autem

516 1840 572 1893 in
616 1838 724 1893 Deo
755 1854 897 1901 meo,
931 1838 1075 1906 quod
1106 1851 1214 1890 non
1239 1835 1404 1890 faciet
1443 1845 1691 1889 sanctum
1712 1852 1870 1889 suum
1908 1837 2094 1892 videre

516 1930 820 1984 interitum.
885 1928 1029 1982 Dixit
1084 1928 1453 2000 Agrippinus:
1519 1928 1789 1992 Quoniam
1854 1929 1929 1982 tui
1971 1944 2091 1983 sum

514 2022 823 2085 misertus,
893 2021 1119 2075 evasisti
1202 2021 1446 2073 insolens
1512 2032 1576 2073 ac
1642 2019 2090 2085 contumeliosus,

516 2111 684 2166 stulta
712 2111 943 2180 loquens
971 2120 1028 2164 et
1052 2121 1248 2164 emotae
1306 2111 1532 2175 mentis;
1567 2124 1669 2178 ego
1700 2120 1881 2163 autem
1908 2120 1957 2164 te
1987 2110 2096 2166 cito

515 2215 626 2261 tam
652 2206 910 2279 gravibus
927 2204 1154 2260 alliciam
1188 2205 1491 2274 suppliciis,
1527 2214 1583 2259 ut
1621 2220 1686 2259 ex
1756 2206 1932 2275 teipso
1961 2206 2091 2260 mihi

514 2300 704 2354 dicas:
772 2298 847 2352 Da
924 2299 1079 2362 mihi,
1133 2305 1193 2351 ut
1245 2296 1857 2367 sacriﬁcem.Egregius
1911 2306 2093 2352 autem

515 2390 721 2447 Christi
761 2390 969 2443 athleta
1007 2389 1161 2441 Plato
1186 2389 1366 2441 dixit:
1398 2387 1653 2440 Christus
1684 2397 1767 2440 est
1829 2387 1993 2451 Deus,
2032 2397 2089 2441 et

516 2496 629 2538 non
654 2492 738 2537 est
760 2490 1007 2536 sanctum
1066 2479 1187 2550 ejus
1247 2494 1447 2534 nomen
1475 2481 1808 2550 negandum.
1840 2477 1958 2534 Non
2008 2487 2093 2534 est

516 2589 754 2645 aquam,
786 2582 848 2628 ut
887 2588 988 2644 ego
1032 2560 1349 2641 relinquens
1380 2571 1580 2626 fontem
1618 2572 1761 2633 vitae,
1782 2572 1954 2627 colam
1984 2573 2093 2626 da:-

516 2664 703 2721 monia
732 2672 788 2719 et
814 2665 979 2718 libem
1016 2663 1310 2732 lapidibus,
1361 2678 1593 2732 quorum
1651 2664 1869 2732 quidem
1918 2672 2092 2717 mater

519 2765 604 2811 est
637 2770 746 2810 ars.
780 2754 834 2809 Si
870 2753 1014 2807 enim
1044 2770 1152 2807 non
1187 2754 1422 2808 fuissent
1445 2764 1589 2808 artes
1616 2755 1851 2812 inventa:
1905 2756 1972 2808 ab
1997 2755 2095 2809 ho—

520 2848 781 2919 rninibus,
816 2862 928 2902 non
961 2845 1129 2900 eratis
1155 2844 1289 2899 deos
1322 2844 1581 2905 habituri,
1610 2843 1706 2896 sed
1744 2844 1900 2910 plane
1928 2846 2097 2898 eratis

522 2938 696 2992 futuri
725 2938 844 2991 sine
877 2936 1006 2990 diis.
1034 2932 1190 2988 Tunc
1225 2934 1581 3005 Agrippinus,
1612 2934 1779 2988 multa
1809 2935 1887 2989 ira
1922 2936 2097 3005 reple-

520 3040 608 3084 tus
635 3037 856 3099 propter
883 3027 1134 3082 fiduciam
1168 3036 1221 3081 et
1263 3026 1475 3081 dicendi
1530 3026 1835 3081 libertatem
1886 3038 2093 3097 marty-

519 3124 616 3187 ris,
649 3121 887 3176 surrexit
929 3136 961 3176 e
994 3122 1193 3175 throno
1211 3134 1353 3173 suo:
1390 3127 1447 3173 et
1469 3134 1633 3187 quam
1688 3119 1957 3172 citissime
2007 3120 2093 3172 in-

518 3213 683 3266 dotus
743 3211 1050 3264 fibulatorio
1072 3211 1228 3279 jubet
1261 3210 1501 3277 sphaerae
1535 3209 1756 3262 accendi
1787 3208 2011 3274 ferreas,
2041 3219 2097 3265 et

518 3304 648 3376 poni
720 3303 775 3357 in
808 3301 929 3373 ejus
992 3300 1325 3355 mammillis.
1374 3297 1606 3355 Ministri
1662 3310 1845 3355 autem
1884 3300 2097 3357 Satanae

518 3400 631 3453 cito
663 3396 915 3451 fecerunt
946 3410 1009 3450 ea
1032 3409 1152 3463 qua:
1175 3394 1529 3465 jubebantur.
1585 3390 1937 3463 Sphzerarum
1993 3409 2094 3447 au-

521 3499 629 3544 tem
671 3488 814 3560 ignis
876 3486 978 3541 luit
1042 3495 1191 3538 tanta
1254 3484 1620 3544 vehementia,
1656 3493 1715 3534 ut
1764 3499 1877 3536 non
1920 3484 2094 3536 solum

521 3584 852 3647 apparerent
881 3575 1003 3644 ejus
1024 3575 1219 3639 latera,
1272 3574 1368 3628 sed
1428 3574 1592 3627 etiam
1654 3582 2098 3643 corrumperetur

523 3669 739 3719 interna
770 3666 891 3735 ejus
960 3666 1234 3719 viscerum
1303 3674 1605 3727 structura,
1662 3673 1721 3718 ut
1773 3678 1871 3735 per
1935 3678 2097 3718 nares

518 3760 639 3827 ejus
673 3767 727 3811 et
764 3758 1049 3809 cerebrum
1068 3754 1489 3809 cmissusluerit
1531 3755 1716 3811 furnus
1739 3771 1805 3812 ex
1842 3758 2021 3813 calore
2044 3756 2093 3811 ei

522 3864 620 3918 per
653 3847 895 3915 sphreras
929 3859 1180 3899 accenso.

596 3937 713 3991 ΧΠ.
744 3936 938 3991 Beatus
970 3946 1150 3991 autem
1185 3936 1362 3997 Plato,
1396 3936 1490 4003 qui
1514 3936 1624 4004 jam
1661 3951 1689 3987 a
1724 3936 1911 3990 multis
1937 3949 2099 4005 repu-

522 4041 671 4085 tatus
708 4029 885 4083 fuerat
915 4043 1037 4083 esse
1060 4036 1334 4089 mortuus,
1369 4025 1508 4079 dixit
1563 4026 1898 4097 Agrippino:
1924 4026 2097 4081 Parva

522 4126 653 4172 sunt
712 4126 802 4171 tua
864 4122 1157 4180 tormenta,
1191 4130 1224 4169 o
1254 4118 1412 4184 potor
1473 4119 1860 4187 sanguinis,et
1906 4117 2098 4173 bestiis

523 4207 764 4263 moribus
791 4204 1008 4266 similis,
1038 4215 1092 4259 et
1120 4220 1262 4259 saeve
1293 4206 1471 4270 canis,
1522 4206 1566 4259 si
1601 4206 1981 4260 consideretur
2015 4207 2094 4260 ira

522 4307 615 4358 tua
645 4311 698 4357 et
751 4300 1088 4355 immanitas.
1163 4298 1248 4352 lra
1292 4308 1382 4351 tua
1432 4300 1537 4350 erit
1587 4312 1777 4366 parva,
1827 4308 2094 4351 tormenta

521 4402 708 4444 autem
743 4398 833 4441 tua
880 4389 990 4440 sint
1040 4401 1255 4455 magna.
1305 4384 1439 4439 Nam
1491 4401 1587 4455 per
1632 4392 1922 4446 tormenta,
1976 4398 2095 4454 qua:

2196 554 2421 607 Πλάτων
2448 549 2601 606 εἶπεν
2622 570 2635 584 ·
2656 549 2725 606 Ὦ
2748 555 2947 623 καρδία
2979 555 3413 625 διεστραμμένη,
3439 555 3532 609 καὶ
3554 554 3769 609 διάνοια

2194 645 2520 714 ισδεσμένη,
2545 646 2635 698 καὶ
2657 646 2800 716 ψυχὴ
2823 648 3015 709 κακοῖς
3036 648 3315 715 δεδομένη,
3340 650 3431 701 καὶ
3455 648 3607 700 οὐδὲν
3632 649 3769 717 πρέ-

2194 751 2295 787 πον
2328 735 2404 803 τῷ
2456 736 2576 803 Θεῷ
2602 736 2977 806 διανοουμένη,
3013 738 3065 789 τί
3118 739 3266 790 ἐστιν
3294 738 3322 790 δ
3371 737 3583 806 λέγεις;
3643 739 3769 791 Τῶν

2192 826 2459 881 τοσούτων
2492 829 2822 897 εὐεργεσιῶν
2855 828 3116 898 πρόξενόν
3160 846 3253 898 μοι
3305 830 3602 899 γενόμενον
3651 831 3768 882 Σω-

2192 921 2335 989 τῆρα
2360 920 2594 987 Χριστὸν
2627 920 2933 1000 ἀρνήσομαι
2968 921 3055 973 διά
3095 923 3178 985 σέ,
3218 921 3505 989 αἱμοδὸρε,
3540 924 3632 974 καὶ
3659 922 3771 973 τῶν

2193 1013 2425 1065 εἰδώλων
2456 1012 2663 1075 ἐκδικε,
2705 1012 2799 1065 καὶ
2828 1012 2937 1063 τῶν
2970 1012 3193 1081 ἀψύχων
3246 1017 3341 1066 καὶ
3378 1014 3608 1082 ἀφώνων
3634 1032 3773 1085 προ-

2195 1104 2387 1169 στάτα,
2424 1106 2518 1155 καὶ
2577 1104 2677 1171 τῆς
2738 1103 2953 1173 πλάνης
3027 1109 3316 1176 συνήγυρε,
3385 1107 3472 1160 ἵνα
3519 1109 3771 1175 γένωμαι

2191 1195 2378 1263 ὅμοιός
2432 1211 2546 1253 σου.
2613 1194 2933 1264 παράνομος
2977 1196 3072 1248 καὶ
3108 1197 3208 1248 οὐκ
3268 1198 3434 1267 ἀρκεῖ
3464 1214 3543 1251 σοι
3601 1199 3772 1267 μόνος

2192 1282 2330 1336 εἶναι
2364 1284 2625 1349 τοιοῦτος,
2658 1285 2792 1336 άλλά
2826 1286 2919 1337 καὶ
2943 1287 3071 1348 τοὺς
3091 1286 3193 1355 ἠδη
3229 1288 3773 1357 στρατολογηοὲντας

2193 1373 2268 1442 τῷ
2307 1374 2529 1441 Χριστῷ
2558 1375 2849 1436 κοινωνοὺς
2905 1375 3003 1443 τῆς
3036 1374 3293 1438 ἀσεϐεἰας
3326 1392 3419 1429 σου
3453 1376 3631 1441 θέλεις
3690 1376 3770 1431 εἷ-

2193 1482 2300 1528 ναι,
2336 1466 2416 1527 εἰς
2446 1464 2543 1534 τὴν
2576 1466 2747 1534 αὐτὴν
2776 1466 3059 1528 ἀπωλείας
3090 1466 3208 1520 ὁδὸν
3235 1466 3484 1521 σκελίσαι
3517 1470 3771 1523 σπεύδων

2193 1556 2315 1617 τοὺς
2351 1555 2636 1617 ὁδεύοντας
2668 1557 2763 1624 τὴν
2789 1556 3009 1608 εὐθεῖαν
3035 1556 3192 1622 ὀδόν;
3232 1558 3471 1611 Ἀπὸστα
3505 1561 3602 1612 ἀπ’
3628 1561 3769 1628 ἐμοῦ

2194 1648 2222 1699 δ
2256 1645 2352 1717 τὴν
2400 1646 2631 1713 ἀνομίαν
2684 1647 3053 1715 ἐργαζόμενος
3082 1663 3097 1678 ·
3155 1649 3469 1719 προῄρησαι
3505 1654 3617 1721 γὰρ
3674 1655 3771 1702 καὶ

2194 1736 2387 1789 ἄλλους
2417 1736 2497 1798 είς
2532 1736 2704 1803 αὐτὴν
2734 1737 2984 1801 ἑλκύσαι,
3013 1737 3105 1789 καὶ
3140 1738 3327 1808 θαρρῶ
3356 1740 3435 1808 τῷ
3466 1741 3587 1809 Θεῷ
3640 1758 3767 1809 μου,

2193 1829 2275 1881 ὅτι
2309 1827 2370 1880 ού
2405 1828 2481 1897 μὴ
2508 1828 2724 1897 ποιήσει
2750 1830 2840 1880 τὸν
2870 1829 3019 1881 ὅσιον
3046 1828 3214 1882 αὑτοῦ
3268 1832 3396 1882 ἰδεῖν
3439 1832 3767 1899 διαφθοράν.

2206 1919 2563 1990 Ἀγριππῖνος
2593 1920 2736 1989 ἔφη’
2808 1920 3027 1989 Ἐπειδὴ
3086 1919 3331 1991 ᾧκτειρά
3371 1938 3451 1987 σε,
3502 1923 3772 1994 ὑϐριστὴς

2192 2010 2285 2063 καὶ
2312 2010 2623 2079 μωρολόγος
2656 2011 2747 2063 καὶ
2781 2011 3153 2082 φρενοδλαῦὴς
3180 2012 3431 2079 γέγονας,
3474 2013 3584 2081 ἐγώ
3614 2031 3675 2065 σε
3711 2019 3772 2066 ὲν

2193 2100 2347 2167 τάχει
2376 2102 2669 2172 τιμωρίαις
2701 2102 2965 2171 χαλεπαῖς
3016 2104 3348 2172 παραδώσω,
3387 2106 3474 2158 ῖνα
3526 2123 3617 2175 μοι
3670 2108 3769 2175 ἀφ’

2193 2190 2389 2243 ἑαυτοῦ
2425 2194 2627 2260 είπῇςο
2670 2194 2769 2254 Δός
2802 2208 2891 2259 μοι
2950 2193 3036 2244 ἵνα
3079 2192 3251 2247 θύσω.
3313 2192 3371 2245 '0
3402 2193 3459 2246 δὲ
3517 2198 3773 2262 γενναῖος

2190 2282 2286 2333 τοῦ
2326 2282 2569 2349 Χριστοῦ
2612 2280 2853 2351 ἀθλητὴς
2888 2277 3044 2334 εἶπεν
3073 2295 3087 2310 ·
3162 2284 3355 2338 Ἔστιν
3407 2286 3435 2338 ὁ
3470 2284 3606 2348 Θεός
3662 2305 3770 2356 μου

2194 2374 2291 2425 καὶ
2326 2371 2696 2443 άνεξάρνητνιν
2731 2372 2888 2425 ἔσται
2917 2376 2981 2425 τὸ
3008 2374 3181 2445 δνομα
3225 2375 3286 2427 τὸ
3338 2375 3497 2444 άγιον
3548 2378 3718 2431 αὑτοῦ
3747 2395 3765 2409 ·

2192 2468 2290 2521 οὒκ
2318 2466 2467 2519 ἐστιν
2520 2466 2613 2519 οὖν
2668 2467 2765 2538 τὴν
2801 2469 2987 2539 πηγὴν
3036 2470 3135 2541 τῆς
3186 2468 3332 2539 ζωῆς
3386 2471 3768 2525 καταλιπόντα

2194 2556 2487 2625 προσέχειν
2513 2554 2817 2623 δαιμονίοις
2850 2559 2942 2611 καὶ
2981 2558 3234 2611 σπένδειν
3260 2558 3454 2622 λίθοις,
3491 2553 3567 2613 ὧν
3594 2560 3773 2629 μητι-

2197 2661 2288 2714 ρες
2324 2647 2515 2714 τέχναι
2538 2660 2553 2675 ·
2589 2647 2680 2698 καὶ
2718 2646 2826 2715 γὰρ
2853 2652 3044 2715 τέχναι
3098 2648 3248 2717 παρὰ
3269 2647 3379 2699 τῶν
3431 2648 3772 2718 ἀνθρώπιον,

2195 2738 2243 2786 εἰ
2273 2735 2347 2803 μὴ
2384 2731 2524 2803 ἦσαν
2557 2737 2951 2805 ἑφευρημέναι,
2985 2737 3086 2790 οὐκ
3122 2737 3377 2807 ιμέλλετε
3406 2739 3561 2801 θεοὺς
3596 2740 3771 2809 ἔχειν,

2197 2825 2334 2882 ἀλλά
2358 2826 2623 2895 ὑπάρχειν
2653 2826 2821 2880 άθεοι.
2864 2827 2922 2880 '0
2951 2828 3010 2880 δὲ
3050 2828 3407 2897 Ἀγριππῖνος
3434 2829 3608 2900 θυμοῦ
3629 2832 3775 2903 πλη-

2198 2916 2344 2978 σθεὶς
2372 2916 2458 2968 διά
2513 2916 2612 2986 τὴν
2661 2917 2976 2989 παρρησίαν
3009 2916 3106 2971 τοῦ
3156 2918 3458 2990 μάρτυρος,
3502 2919 3774 2991 ἐξανέστη

2195 3008 2290 3062 τοῦ
2336 3008 2528 3079 θρόνου
2597 3010 2691 3061 καὶ
2758 3009 2818 3061 τὸ
2881 3009 3237 3080 φιδλατόριον
3293 3015 3772 3083 περισχισάμενος

2198 3102 2404 3169 σπουδῇ
2438 3100 2606 3168 πολλῇ
2636 3100 2853 3153 κελεύει
2901 3103 3142 3173 σφαίρας
3168 3104 3395 3177 σιδηρᾶς
3439 3109 3773 3178 πυρωθῆναι

2199 3190 2292 3244 καὶ
2316 3190 2539 3261 τεθῆναι
2574 3194 2654 3253 είς
2686 3193 2783 3256 τάς
2816 3194 3103 3264 μασχάλας
3132 3194 3323 3250 αὐτοῦ.
3370 3199 3431 3248 0i
3464 3196 3519 3249 δὲ
3556 3199 3774 3265 ὑπηρέ-

2194 3300 2286 3337 ται
2314 3283 2408 3337 τοῦ
2438 3285 2657 3339 Σατανᾶ
2687 3280 2886 3341 θᾶττον
2948 3290 3017 3342 τά
3053 3288 3417 3341 κελευσθέντα
3467 3290 3651 3351 αὐτοῖς
3689 3290 3776 3342 ζι-

2196 3376 2531 3445 επρέιττοντο
2551 3391 2565 3405 ·
2586 3376 2828 3449 βοσαύτη
2850 3380 2960 3446 γὰρ
2985 3377 3285 3447 σφοδρότης
3309 3378 3372 3429 ὲκ
3396 3376 3503 3442 τῶν
3521 3381 3776 3451 σφαιρῶν

2194 3467 2414 3533 ὶγένετο
2439 3466 2531 3518 τοῦ
2567 3469 2763 3537 πυρὸς,
2795 3466 2934 3519 ὥστε
2964 3468 3038 3537 μὴ
3073 3468 3237 3536 μόνον
3286 3470 3633 3540 ἀναφανῆναι
3666 3472 3775 3537 τάς

2196 3555 2439 3627 πλευράς
2490 3558 2680 3624 αὐτοῦ,
2714 3559 2851 3611 ἀλλά
2888 3559 2981 3611 καὶ
3043 3559 3142 3631 τὴν
3188 3559 3401 3637 Ινδοεθεν
3454 3562 3778 3631 οἰκονομίαν

2193 3650 2301 3704 τῶν
2336 3650 2660 3720 σπλάγχνων
2689 3651 2852 3704 αὑτοῦ
2898 3650 3197 3723 φθαρῆναι,
3236 3653 3342 3718 ἕως
3370 3653 3460 3707 διά
3489 3654 3599 3707 τῶν
3657 3672 3770 3725 μυ-

2194 3744 2414 3813 κτήρων
2432 3744 2593 3797 αὐτοῦ
2624 3745 2717 3797 καὶ
2741 3745 2835 3797 τοῦ
2856 3745 3164 3812 ἐγκεφάλου
3190 3747 3217 3798 δ
3248 3746 3452 3808 καπνὸς
3472 3748 3779 3817 ἀνεφέρετο

2196 3836 2261 3884 ιχ
2281 3834 2377 3901 τῆς
2395 3835 2722 3902 ὑπαφθήσης
2736 3836 2914 3886 αὐτῶν
2927 3836 3012 3885 διά
3026 3835 3131 3886 τῶν
3146 3836 3391 3902 σφαιρῶν
3412 3838 3773 3906 θερμότητος.

2268 3919 2372 3974 ΙΒ’.
2409 3919 2471 3973 Ὀ
2497 3920 2552 3972 δὲ
2584 3922 2855 3992 μακάριος
2883 3922 3109 3975 Πλάτων
3142 3923 3241 3993 ήδη
3271 3924 3548 3993 νομισθεὶς
3578 3928 3779 3980 τεθνά-

2197 4029 2305 4077 ναι,
2337 4007 2491 4065 εἷπεν
2529 4013 2665 4083 πρὸς
2691 4014 2781 4067 τὸν
2824 4016 3214 4085 Ἀγριππῖνον·
3249 4016 3462 4089 Μικραί
3498 4016 3592 4070 σού
3629 4020 3780 4074 είσιν

2197 4108 2254 4160 αἱ
2282 4104 2530 4176 βάσανοι,
2560 4107 2835 4177 αἱμοπότα
2865 4108 2959 4160 καὶ
2998 4108 3330 4179 θηριότροπε
3378 4112 3472 4164 καὶ
3523 4112 3699 4182 άνήμε
3713 4130 3779 4183 ρε

2197 4198 2346 4250 κύων
2370 4198 2508 4268 πρὸς
2554 4200 2646 4251 τὸν
2696 4199 2867 4269 θυμόν
2902 4217 2995 4252 σου
3044 4200 3139 4251 καὶ
3199 4202 3537 4269 ἀγριότητα·
3596 4203 3717 4256 ἀλλ’
3749 4208 3780 4258 ὁ

2199 4291 2369 4357 θυμός
2403 4306 2498 4342 σου
2528 4291 2669 4342 ἔστω
2703 4290 2921 4359 μικρὸς,
2954 4290 3012 4341 αἱ
3042 4289 3099 4341 δὲ
3133 4289 3359 4357 βάσανοι
3391 4306 3485 4343 σου
3521 4290 3779 4347 ἔστωσαν

2202 4375 2436 4445 μεγάλαι
2464 4392 2477 4406 ·
2510 4377 2693 4446 γνώσῃ
2730 4378 2838 4447 γάρ
2860 4378 2949 4429 διά
2980 4378 3087 4430 τῶν
3120 4379 3393 4447 βασάνων,
3422 4373 3499 4432 ὧν
3542 4382 3779 4447 ἐπάγεις

521 4481 660 4536 mihi
687 4480 951 4542 intentas,
1001 4491 1298 4549 cognosces
1361 4478 1665 4547 potentiam
1724 4477 1951 4543 Christi,
2002 4478 2094 4547 qui

2203 4480 2292 4533 μοι
2323 4462 2423 4533 τὴν
2471 4462 2700 4534 δύναμιν
2758 4465 2853 4518 τοῦ
2906 4465 3104 4538 βοηθοῦ
3151 4484 3252 4539 μου
3308 4469 3571 4524 Χριστοῦ.
3614 4471 3674 4524 '0
3715 4470 3778 4525 δὲ

521 4577 661 4634 mihi
696 4576 801 4631 fert
833 4576 1122 4629 auxilium.
1169 4574 1462 4643 Apparitor
1482 4588 1662 4628 autem
1681 4573 1907 4628 veniens
1932 4589 2098 4644 prope

522 4678 773 4725 sanctum
788 4667 1092 4729 Platonem,
1118 4665 1255 4717 dixit
1275 4667 1321 4717 ei
1346 4683 1359 4718 :
1381 4664 1538 4727 Pare,
1560 4681 1593 4718 ο
1617 4664 1980 4732 homo,jussis
2002 4666 2104 4719 itu-

522 4758 795 4832 peratoris
808 4765 863 4811 et
891 4756 997 4811 diis
1027 4755 1292 4824 sacriﬁca,
1314 4755 1631 4822 etlucrifac,
1656 4771 1724 4811 ne
1744 4756 1883 4811 male
1907 4757 2102 4811 moria-

524 4848 622 4903 ris.
644 4849 766 4901 Nou
798 4857 955 4916 potes
986 4848 1132 4900 enim
1161 4855 1393 4901 mortem
1423 4846 1689 4918 en‘ugere,
1731 4849 1836 4903 nisi
1868 4864 1931 4902 ea
1956 4848 2099 4904 lece-

526 4938 627 5006 ris,
661 4952 783 5008 qua
812 4952 844 4991 a
875 4952 962 4991 me
999 4937 1097 4992 tibi
1130 4937 1276 4991 dicta
1298 4946 1446 4991 sunt.
1474 4938 1576 5003 Qui
1615 4948 1800 4992 autem
1825 4951 1950 4993 erat
1972 4955 2099 4994 vere

526 5047 726 5103 magno
765 5041 819 5085 et
883 5032 1103 5086 excelso
1153 5033 1340 5087 animo
1379 5040 1435 5087 et
1480 5048 1609 5088 vere
1664 5032 1871 5088 Christi
1926 5034 2098 5101 Plato,

528 5123 894 5195 apparitorem
926 5120 1145 5190 quidem
1169 5137 1277 5176 non
1334 5123 1520 5193 parvis
1572 5123 1855 5179 incessens
1909 5136 2102 5179 contu-

530 5214 725 5275 meliis,
753 5213 803 5265 ei
840 5228 901 5267 os
929 5214 1203 5267 obstruxit
1251 5222 1507 5281 tanquam
1565 5214 1703 5266 malo
1732 5216 2056 5271 consiliario
2083 5232 2097 5271 :

530 5304 782 5357 interrito
799 5311 978 5355 autem
1011 5303 1210 5372 spiritu
1229 5312 1283 5357 ct
1303 5307 1489 5355 animo
1521 5304 1805 5371 immobili,
1835 5316 1887 5359 et
1921 5316 2100 5361 mente

530 5409 642 5448 non
675 5395 1015 5463 perturbata,
1040 5394 1229 5447 oculos
1251 5394 1305 5447 in
1335 5394 1537 5450 coelum
1582 5397 1873 5461 extollens,
1926 5398 2100 5451 dixit:

534 5487 765 5541 Dorsum
810 5500 981 5537 meum
1030 5485 1151 5539 dedi
1187 5487 1255 5537 ad
1306 5485 1612 5557 ﬂagella,”
1654 5503 1813 5556 genas
1859 5505 2001 5542 meas
2032 5494 2102 5543 ad

536 5578 721 5643 alapas
749 5592 767 5630 :
809 5575 999 5643 [aciem
1029 5586 1205 5630 autem
1255 5592 1424 5631 meam
1450 5593 1551 5631 non
1601 5581 1764 5631 averti
1792 5598 1823 5633 a
1855 5581 2101 5634 dedecore

2205 4556 2394 4626 βοηθὸς
2420 4557 2732 4627 προσελθὼν
2756 4560 2983 4631 πλησίον
3006 4561 3101 4615 τοῦ
3129 4564 3287 4631 ἁγίου
3314 4562 3596 4626 Πλάτωνος
3617 4559 3781 4620 εἶπεν

2200 4648 2370 4717 αὐτῷ·
2404 4650 2667 4721 Πείσθητι
2686 4656 2797 4716 τοῖς
2825 4657 3219 4723 προστάγμασι
3248 4656 3341 4707 τοῦ
3366 4655 3780 4728 αὐτοκράτορος

2202 4745 2300 4795 καί
2335 4740 2498 4793 θῦσον
2520 4746 2631 4805 τοῖς
2661 4744 2823 4807 θεοῖς,
2859 4747 2952 4798 καὶ
2982 4747 3042 4797 τὸ
3069 4748 3256 4811 κακῶς
3299 4746 3599 4802 ἀποθανεῖν
3639 4751 3778 4820 κέρ-

2206 4830 2392 4899 δησον.
2429 4832 2503 4883 Ού
2528 4834 2638 4902 γάρ
2690 4833 2916 4889 δύνασαι
2945 4840 3251 4906 ἀποφυγεῖν
3275 4840 3366 4892 τὸν
3400 4840 3650 4907 θάνατον,
3678 4842 3781 4896 δάν

2204 4924 2278 4992 μὴ
2309 4923 2517 4995 ἀνάσχῃ
2547 4926 2652 4977 τῶν
2676 4928 2974 4997 λεχθέντων
3004 4946 3087 4981 σοι
3129 4932 3259 5000 παρ’
3286 4932 3443 5001 ιμοῦ.
3487 4933 3546 4987 '0
3579 4933 3637 4987 δὲ
3677 4951 3780 5004 με·

2200 5014 2491 5084 γαλόφρων
2528 5016 2619 5066 καὶ
2645 5019 2872 5087 εὐγενὴς
2897 5022 2962 5089 τῇ
2998 5020 3145 5091 ψυχῇ
3194 5022 3288 5073 καὶ
3327 5023 3547 5093 ἀληθῶς
3584 5024 3780 5089 δοῦλος

2199 5104 2294 5157 τοῦ
2318 5105 2557 5175 Χριστοῦ
2585 5106 2813 5161 Πλάτων
2839 5111 2931 5163 τὸν
2986 5111 3089 5179 μὲν
3119 5111 3313 5182 βοηθὸν
3342 5115 3403 5167 οὐ
3440 5114 3655 5186 μικρῶς
3684 5116 3779 5168 δν-

2201 5194 2450 5265 υ6ρίσας,
2474 5196 2835 5267 ἐπεστόμισεν
2866 5201 2941 5264 ὡς
2988 5204 3465 5275 κακοσύμδουλον,
3517 5207 3781 5280 ἀτρέπτῳ

2199 5283 2255 5339 δὲ
2295 5289 2609 5358 φρονήματι
2635 5292 2727 5343 καὶ
2767 5293 3155 5365 ἀμετακινήτῳ
3186 5300 3253 5365 τῇ
3297 5297 3443 5367 ψυχῇ
3490 5297 3586 5350 καὶ
3637 5299 3760 5353 άταο

2168 5428 2170 5433 .
2206 5383 2355 5452 ράχῳ
2390 5384 2454 5453 τῇ
2482 5382 2687 5453 διανοίςι
2716 5385 3001 5449 ἀνατείνας
3027 5388 3154 5449 τοὺς
3196 5386 3511 5458 ὀφθαλμοὺς
3560 5393 3642 5451 είς
3675 5393 3778 5445 τὸν

2200 5474 2429 5545 οὐρανὸν
2463 5470 2616 5527 εἶπεν
2644 5493 2656 5505 ³
2692 5477 2803 5529 Τὸν
2830 5477 3025 5531 νῶτόν
3050 5498 3168 5548 μευ
3207 5481 3401 5536 ἔδωκα
3437 5485 3523 5548 εις
3551 5482 3775 5553 μάστι-

2200 5585 2328 5638 γας,
2358 5573 2464 5635 τὰς
2493 5570 2561 5623 δὲ
2588 5573 2875 5642 σιαγόνας
2914 5578 3002 5640 εἰς
3012 5576 3381 5646 ῥαπίσματα·
3415 5576 3481 5631 τὸ
3499 5578 3568 5632 δὲ
3584 5582 3776 5645 πρόσ-

530 5680 803 5738 sputorum
834 5670 897 5725 “.
922 5670 1001 5726 Ne
1025 5671 1319 5726 discesseris
1344 5686 1375 5725 a
1407 5686 1507 5739 me,
1573 5672 1806 5743 Domine,
1841 5678 2084 5745 quoniam

2197 5666 2495 5732 ωπόιομου
2534 5667 2644 5720 οὐκ
2688 5668 2994 5737 ἀπέτρεψα
3047 5672 3164 5725 ἀπὸ
3218 5673 3516 5742 αἰσχύνης
3544 5674 3775 5739 ἐμπτυ·

642 5794 687 5827 ³¹
719 5794 822 5852 lsa.
860 5810 908 5854 ι.
936 5795 988 5850 6.
