  <div class='ocr_page' id='page_1' title='image "/cluster/home/n/w/nwhite01/storage/ocr_20150623/115/ien.35556001659887/218.png"; bbox 0 0 3972 6468; ppageno 0'>
   <div class='ocr_carea' id='block_1_1' title="bbox 193 400 282 460">
    <p class='ocr_par' dir='ltr' id='par_1_1' title="bbox 193 400 282 460">
     <span class='ocr_line' id='line_1_1' title="bbox 193 400 282 460; baseline 0.022 -2"><span class='ocrx_word' id='word_1_1' title='bbox 193 400 282 460; x_wconf 75' lang='lat' dir='ltr'><strong>MT</strong></span> 
     </span>
    </p>
   </div>
   <div class='ocr_carea' id='block_1_2' title="bbox 1453 386 2183 453">
    <p class='ocr_par' dir='ltr' id='par_1_2' title="bbox 1453 386 2183 453">
     <span class='ocr_line' id='line_1_2' title="bbox 1453 386 2183 453; baseline -0.008 0"><span class='ocrx_word' id='word_1_2' title='bbox 1453 393 1625 453; x_wconf 82' lang='lat' dir='ltr'><strong>VlTA</strong></span> <span class='ocrx_word' id='word_1_3' title='bbox 1682 391 1744 450; x_wconf 90' lang='lat' dir='ltr'><strong>S.</strong></span> <span class='ocrx_word' id='word_1_4' title='bbox 1790 386 2183 449; x_wconf 76' lang='lat' dir='ltr'><strong>PLATONIS.</strong></span> 
     </span>
    </p>
   </div>
   <div class='ocr_carea' id='block_1_3' title="bbox 3336 384 3442 452">
    <p class='ocr_par' dir='ltr' id='par_1_3' title="bbox 3336 384 3442 452">
     <span class='ocr_line' id='line_1_3' title="bbox 3336 384 3442 452; baseline 0.047 -5"><span class='ocrx_word' id='word_1_5' title='bbox 3336 384 3442 452; x_wconf 63' lang='lat' dir='ltr'><strong>L18</strong></span> 
     </span>
    </p>
   </div>
   <div class='ocr_carea' id='block_1_4' title="bbox 191 498 1778 582">
    <p class='ocr_par' dir='ltr' id='par_1_4' title="bbox 191 503 1767 582">
     <span class='ocr_line' id='line_1_4' title="bbox 191 503 1767 582; baseline -0.01 -14"><span class='ocrx_word' id='word_1_6' title='bbox 191 512 429 582; x_wconf 73' lang='grc' dir='ltr'>σμὰτων</span> <span class='ocrx_word' id='word_1_7' title='bbox 469 511 567 579; x_wconf 64' lang='grc' dir='ltr'>μὴ</span> <span class='ocrx_word' id='word_1_8' title='bbox 582 504 863 575; x_wconf 73' lang='grc' dir='ltr'>ἀποστῇς</span> <span class='ocrx_word' id='word_1_9' title='bbox 883 508 983 561; x_wconf 75' lang='grc' dir='ltr'>ἀπ’</span> <span class='ocrx_word' id='word_1_10' title='bbox 1006 506 1175 576; x_wconf 74' lang='grc' dir='ltr'>ἐμοῦ,</span> <span class='ocrx_word' id='word_1_11' title='bbox 1197 504 1400 573; x_wconf 81' lang='grc' dir='ltr'>Κύριε,</span> <span class='ocrx_word' id='word_1_12' title='bbox 1431 506 1520 559; x_wconf 81' lang='grc' dir='ltr'>ὅτι</span> <span class='ocrx_word' id='word_1_13' title='bbox 1560 503 1767 573; x_wconf 68' lang='grc' dir='ltr'>θλῒψις</span> 
     </span>
    </p>
   </div>
   <div class='ocr_carea' id='block_1_5' title="bbox 1884 498 3443 582">
    <p class='ocr_par' dir='ltr' id='par_1_5' title="bbox 1884 498 3443 570">
     <span class='ocr_line' id='line_1_5' title="bbox 1884 498 3443 570; baseline 0.001 -16"><span class='ocrx_word' id='word_1_14' title='bbox 1884 500 2171 570; x_wconf 70' lang='lat' dir='ltr'><strong>iﬁlictiones</strong></span> <span class='ocrx_word' id='word_1_15' title='bbox 2204 514 2361 567; x_wconf 81' lang='lat' dir='ltr'><strong>prope</strong></span> <span class='ocrx_word' id='word_1_16' title='bbox 2388 500 2429 529; x_wconf 83' lang='lat'>&quot;</span> <span class='ocrx_word' id='word_1_17' title='bbox 2455 518 2469 565; x_wconf 80' lang='lat'><strong>;</strong></span> <span class='ocrx_word' id='word_1_18' title='bbox 2502 515 2563 552; x_wconf 79' lang='lat' dir='ltr'><strong>ne</strong></span> <span class='ocrx_word' id='word_1_19' title='bbox 2592 500 2724 569; x_wconf 80' lang='lat' dir='ltr'><strong>{om</strong></span> <span class='ocrx_word' id='word_1_20' title='bbox 2751 499 2929 553; x_wconf 76' lang='lat' dir='ltr'><strong>dicant</strong></span> <span class='ocrx_word' id='word_1_21' title='bbox 2993 508 3202 569; x_wconf 80' lang='lat' dir='ltr'><strong>gentes:</strong></span> <span class='ocrx_word' id='word_1_22' title='bbox 3226 498 3324 555; x_wconf 80' lang='lat' dir='ltr'><strong>Ubi</strong></span> <span class='ocrx_word' id='word_1_23' title='bbox 3369 512 3443 557; x_wconf 78' lang='lat' dir='ltr'><strong>est</strong></span> 
     </span>
    </p>
   </div>
   <div class='ocr_carea' id='block_1_6' title="bbox 191 595 1762 673">
    <p class='ocr_par' dir='ltr' id='par_1_6' title="bbox 191 595 1762 673">
     <span class='ocr_line' id='line_1_6' title="bbox 191 595 1762 673; baseline -0.006 -16"><span class='ocrx_word' id='word_1_24' title='bbox 191 606 382 673; x_wconf 69' lang='grc' dir='ltr'>ἐγγὺς,</span> <span class='ocrx_word' id='word_1_25' title='bbox 417 603 505 671; x_wconf 80' lang='grc' dir='ltr'>μή</span> <span class='ocrx_word' id='word_1_26' title='bbox 555 617 702 655; x_wconf 82' lang='grc' dir='ltr'>ποτε</span> <span class='ocrx_word' id='word_1_27' title='bbox 752 600 1004 653; x_wconf 73' lang='grc' dir='ltr'>εἴπωσιν</span> <span class='ocrx_word' id='word_1_28' title='bbox 1055 598 1127 651; x_wconf 80' lang='grc' dir='ltr'>τὰ</span> <span class='ocrx_word' id='word_1_29' title='bbox 1165 598 1340 666; x_wconf 81' lang='grc' dir='ltr'>ἔθνη,</span> <span class='ocrx_word' id='word_1_30' title='bbox 1372 596 1498 650; x_wconf 83' lang='grc' dir='ltr'>Ποῦ</span> <span class='ocrx_word' id='word_1_31' title='bbox 1530 595 1699 649; x_wconf 82' lang='grc' dir='ltr'>ἔστιν</span> <span class='ocrx_word' id='word_1_32' title='bbox 1731 597 1762 647; x_wconf 87' lang='grc' dir='ltr'><em>ὀ</em></span> 
     </span>
    </p>
   </div>
   <div class='ocr_carea' id='block_1_7' title="bbox 193 687 1761 761">
    <p class='ocr_par' dir='ltr' id='par_1_7' title="bbox 193 687 1761 761">
     <span class='ocr_line' id='line_1_7' title="bbox 193 687 1761 761; baseline -0.009 -10"><span class='ocrx_word' id='word_1_33' title='bbox 193 698 321 761; x_wconf 69' lang='grc' dir='ltr'>Θεὸς</span> <span class='ocrx_word' id='word_1_34' title='bbox 344 693 780 759; x_wconf 80' lang='grc' dir='ltr'>αὐτοῦ;Αὑτδς</span> <span class='ocrx_word' id='word_1_35' title='bbox 813 688 927 752; x_wconf 71' lang='grc' dir='ltr'>οὖν,</span> <span class='ocrx_word' id='word_1_36' title='bbox 964 690 1163 759; x_wconf 80' lang='grc' dir='ltr'>Κύριε,</span> <span class='ocrx_word' id='word_1_37' title='bbox 1204 690 1382 760; x_wconf 77' lang='grc' dir='ltr'>Ἰησοῦ</span> <span class='ocrx_word' id='word_1_38' title='bbox 1410 688 1633 757; x_wconf 82' lang='grc' dir='ltr'>Χριστὲ,</span> <span class='ocrx_word' id='word_1_39' title='bbox 1670 687 1761 738; x_wconf 84' lang='grc' dir='ltr'>εὐ-</span> 
     </span>
    </p>
   </div>
   <div class='ocr_carea' id='block_1_8' title="bbox 194 776 1766 856">
    <p class='ocr_par' dir='ltr' id='par_1_8' title="bbox 194 776 1766 856">
     <span class='ocr_line' id='line_1_8' title="bbox 194 776 1766 856; baseline -0.007 -15"><span class='ocrx_word' id='word_1_40' title='bbox 194 790 419 856; x_wconf 80' lang='grc' dir='ltr'>δόκησον</span> <span class='ocrx_word' id='word_1_41' title='bbox 445 788 525 847; x_wconf 82' lang='grc' dir='ltr'><strong>είς</strong></span> <span class='ocrx_word' id='word_1_42' title='bbox 557 785 679 854; x_wconf 74' lang='grc' dir='ltr'>ἐμὲ,</span> <span class='ocrx_word' id='word_1_43' title='bbox 712 784 798 835; x_wconf 80' lang='grc' dir='ltr'>ἵνα</span> <span class='ocrx_word' id='word_1_44' title='bbox 824 781 1048 842; x_wconf 75' lang='grc' dir='ltr'><strong>τελείως</strong></span> <span class='ocrx_word' id='word_1_45' title='bbox 1069 780 1169 849; x_wconf 76' lang='grc' dir='ltr'>τὴν</span> <span class='ocrx_word' id='word_1_46' title='bbox 1201 778 1498 849; x_wconf 70' lang='grc' dir='ltr'>τυραννίδα</span> <span class='ocrx_word' id='word_1_47' title='bbox 1528 776 1621 830; x_wconf 79' lang='grc' dir='ltr'>τοῦ</span> <span class='ocrx_word' id='word_1_48' title='bbox 1647 776 1766 830; x_wconf 77' lang='grc' dir='ltr'>δια·</span> 
     </span>
    </p>
   </div>
   <div class='ocr_carea' id='block_1_9' title="bbox 192 867 1761 944">
    <p class='ocr_par' dir='ltr' id='par_1_9' title="bbox 192 867 1761 944">
     <span class='ocr_line' id='line_1_9' title="bbox 192 867 1761 944; baseline -0.01 -13"><span class='ocrx_word' id='word_1_49' title='bbox 192 878 344 931; x_wconf 74' lang='grc' dir='ltr'>δόλου</span> <span class='ocrx_word' id='word_1_50' title='bbox 371 876 661 944; x_wconf 76' lang='grc' dir='ltr'>διαφυγὼν</span> <span class='ocrx_word' id='word_1_51' title='bbox 702 871 971 942; x_wconf 86' lang='grc' dir='ltr'>παραστῶ</span> <span class='ocrx_word' id='word_1_52' title='bbox 1034 868 1371 940; x_wconf 83' lang='grc' dir='ltr'>τῷ,βήματί</span> <span class='ocrx_word' id='word_1_53' title='bbox 1432 884 1525 920; x_wconf 89' lang='grc' dir='ltr'><strong>σου</strong></span> <span class='ocrx_word' id='word_1_54' title='bbox 1557 867 1633 934; x_wconf 79' lang='grc' dir='ltr'>τῷ</span> <span class='ocrx_word' id='word_1_55' title='bbox 1668 883 1761 933; x_wconf 69' lang='grc' dir='ltr'><strong>φοι</strong></span> 
     </span>
    </p>
   </div>
   <div class='ocr_carea' id='block_1_10' title="bbox 191 956 1766 1040">
    <p class='ocr_par' dir='ltr' id='par_1_10' title="bbox 191 956 1766 1040">
     <span class='ocr_line' id='line_1_10' title="bbox 191 956 1766 1040; baseline -0.01 -17"><span class='ocrx_word' id='word_1_56' title='bbox 191 971 353 1040; x_wconf 77' lang='grc' dir='ltr'>δερῷ,</span> <span class='ocrx_word' id='word_1_57' title='bbox 409 970 504 1021; x_wconf 61' lang='grc' dir='ltr'>τὶν</span> <span class='ocrx_word' id='word_1_58' title='bbox 555 965 721 1019; x_wconf 73' lang='grc' dir='ltr'>καλὸν</span> <span class='ocrx_word' id='word_1_59' title='bbox 775 962 967 1031; x_wconf 85' lang='grc' dir='ltr'>ἀγῶνα</span> <span class='ocrx_word' id='word_1_60' title='bbox 1023 960 1475 1030; x_wconf 78' lang='grc' dir='ltr'><strong>ἀγωνισάμενος·</strong></span> <span class='ocrx_word' id='word_1_61' title='bbox 1519 959 1603 1011; x_wconf 72' lang='grc' dir='ltr'><strong>σοὶ</strong></span> <span class='ocrx_word' id='word_1_62' title='bbox 1660 956 1766 1027; x_wconf 84' lang='grc' dir='ltr'>γὰρ</span> 
     </span>
    </p>
   </div>
   <div class='ocr_carea' id='block_1_11' title="bbox 193 1050 1768 1132">
    <p class='ocr_par' dir='ltr' id='par_1_11' title="bbox 193 1050 1768 1132">
     <span class='ocr_line' id='line_1_11' title="bbox 193 1050 1768 1132; baseline -0.01 -17"><span class='ocrx_word' id='word_1_63' title='bbox 193 1064 391 1132; x_wconf 76' lang='grc' dir='ltr'>πρέπει</span> <span class='ocrx_word' id='word_1_64' title='bbox 420 1060 517 1112; x_wconf 79' lang='grc' dir='ltr'>καὶ</span> <span class='ocrx_word' id='word_1_65' title='bbox 546 1060 605 1111; x_wconf 69' lang='grc' dir='ltr'>ιν</span> <span class='ocrx_word' id='word_1_66' title='bbox 651 1054 976 1123; x_wconf 69' lang='grc' dir='ltr'><strong>ἐκκλησίαις</strong></span> <span class='ocrx_word' id='word_1_67' title='bbox 1031 1053 1124 1106; x_wconf 56' lang='grc' dir='ltr'><strong>καὶ⁵</strong></span> <span class='ocrx_word' id='word_1_68' title='bbox 1171 1052 1230 1103; x_wconf 76' lang='grc' dir='ltr'>ἐν</span> <span class='ocrx_word' id='word_1_69' title='bbox 1268 1052 1435 1103; x_wconf 79' lang='grc' dir='ltr'>παντὶ</span> <span class='ocrx_word' id='word_1_70' title='bbox 1483 1050 1636 1119; x_wconf 72' lang='grc' dir='ltr'>τόπῳ</span> <span class='ocrx_word' id='word_1_71' title='bbox 1670 1050 1768 1117; x_wconf 72' lang='grc' dir='ltr'>τῆς</span> 
     </span>
    </p>
   </div>
   <div class='ocr_carea' id='block_1_12' title="bbox 192 1140 1768 1218">
    <p class='ocr_par' dir='ltr' id='par_1_12' title="bbox 192 1140 1768 1218">
     <span class='ocr_line' id='line_1_12' title="bbox 192 1140 1768 1218; baseline -0.01 -9"><span class='ocrx_word' id='word_1_72' title='bbox 192 1153 508 1213; x_wconf 78' lang='grc' dir='ltr'>δεσποτείας</span> <span class='ocrx_word' id='word_1_73' title='bbox 539 1166 635 1201; x_wconf 90' lang='grc' dir='ltr'><strong>σου</strong></span> <span class='ocrx_word' id='word_1_74' title='bbox 663 1147 823 1218; x_wconf 77' lang='grc' dir='ltr'>τιμὴ,</span> <span class='ocrx_word' id='word_1_75' title='bbox 858 1146 1085 1216; x_wconf 88' lang='grc' dir='ltr'>κράτος,</span> <span class='ocrx_word' id='word_1_76' title='bbox 1125 1143 1511 1213; x_wconf 75' lang='grc' dir='ltr'><strong>μεγαλωσύνη,</strong></span> <span class='ocrx_word' id='word_1_77' title='bbox 1549 1142 1643 1194; x_wconf 83' lang='grc' dir='ltr'>νῦν</span> <span class='ocrx_word' id='word_1_78' title='bbox 1672 1140 1768 1194; x_wconf 76' lang='grc' dir='ltr'>καὶ</span> 
     </span>
    </p>
   </div>
   <div class='ocr_carea' id='block_1_13' title="bbox 196 1233 1768 1303">
    <p class='ocr_par' dir='ltr' id='par_1_13' title="bbox 196 1233 1768 1303">
     <span class='ocr_line' id='line_1_13' title="bbox 196 1233 1768 1303; baseline -0.009 -5"><span class='ocrx_word' id='word_1_79' title='bbox 196 1247 283 1299; x_wconf 64' lang='grc' dir='ltr'><strong>ἀεὶ</strong></span> <span class='ocrx_word' id='word_1_80' title='bbox 316 1246 417 1296; x_wconf 76' lang='grc' dir='ltr'><strong>καὶ</strong></span> <span class='ocrx_word' id='word_1_81' title='bbox 448 1243 530 1303; x_wconf 88' lang='grc' dir='ltr'><strong>είς</strong></span> <span class='ocrx_word' id='word_1_82' title='bbox 559 1239 686 1302; x_wconf 68' lang='grc' dir='ltr'>τοὺς</span> <span class='ocrx_word' id='word_1_83' title='bbox 710 1240 932 1300; x_wconf 75' lang='grc' dir='ltr'>αἰῶνας.</span> <span class='ocrx_word' id='word_1_84' title='bbox 972 1237 1081 1289; x_wconf 79' lang='grc' dir='ltr'><strong>Καὶ</strong></span> <span class='ocrx_word' id='word_1_85' title='bbox 1104 1235 1313 1295; x_wconf 82' lang='grc' dir='ltr'>πολλῶν</span> <span class='ocrx_word' id='word_1_86' title='bbox 1341 1233 1768 1286; x_wconf 80' lang='grc' dir='ltr'>ἐπακουσάντων</span> 
     </span>
    </p>
   </div>
   <div class='ocr_carea' id='block_1_14' title="bbox 191 1326 1768 1405">
    <p class='ocr_par' dir='ltr' id='par_1_14' title="bbox 191 1326 1768 1405">
     <span class='ocr_line' id='line_1_14' title="bbox 191 1326 1768 1405; baseline -0.008 -14"><span class='ocrx_word' id='word_1_87' title='bbox 191 1340 249 1391; x_wconf 77' lang='grc' dir='ltr'>τὸ</span> <span class='ocrx_word' id='word_1_88' title='bbox 290 1335 489 1405; x_wconf 76' lang='grc' dir='ltr'>Ἀμὴν,</span> <span class='ocrx_word' id='word_1_89' title='bbox 529 1334 753 1401; x_wconf 69' lang='grc' dir='ltr'>ἐσείσθη</span> <span class='ocrx_word' id='word_1_90' title='bbox 787 1334 815 1385; x_wconf 83' lang='grc' dir='ltr'>ὁ</span> <span class='ocrx_word' id='word_1_91' title='bbox 843 1332 1009 1394; x_wconf 81' lang='grc' dir='ltr'>τόπος</span> <span class='ocrx_word' id='word_1_92' title='bbox 1048 1331 1153 1400; x_wconf 82' lang='grc' dir='ltr'><strong>τῆς</strong></span> <span class='ocrx_word' id='word_1_93' title='bbox 1203 1329 1492 1400; x_wconf 75' lang='grc' dir='ltr'>βασιλικῆς</span> <span class='ocrx_word' id='word_1_94' title='bbox 1525 1334 1618 1380; x_wconf 69' lang='grc' dir='ltr'><strong>καὶ</strong></span> <span class='ocrx_word' id='word_1_95' title='bbox 1648 1326 1768 1380; x_wconf 75' lang='grc' dir='ltr'>οὐδὲ</span> 
     </span>
    </p>
   </div>
   <div class='ocr_carea' id='block_1_15' title="bbox 192 1416 1769 1496">
    <p class='ocr_par' dir='ltr' id='par_1_15' title="bbox 192 1416 1769 1496">
     <span class='ocr_line' id='line_1_15' title="bbox 192 1416 1769 1496; baseline -0.009 -11"><span class='ocrx_word' id='word_1_96' title='bbox 192 1432 355 1491; x_wconf 73' lang='grc' dir='ltr'>οὕτως</span> <span class='ocrx_word' id='word_1_97' title='bbox 385 1429 625 1496; x_wconf 76' lang='grc' dir='ltr'><strong>συνῆκεν</strong></span> <span class='ocrx_word' id='word_1_98' title='bbox 670 1428 697 1478; x_wconf 83' lang='grc' dir='ltr'><strong>ὁ</strong></span> <span class='ocrx_word' id='word_1_99' title='bbox 743 1427 1125 1495; x_wconf 77' lang='grc' dir='ltr'>Ἀγριππῖνος,</span> <span class='ocrx_word' id='word_1_100' title='bbox 1161 1425 1245 1477; x_wconf 83' lang='grc' dir='ltr'>ὅτι</span> <span class='ocrx_word' id='word_1_101' title='bbox 1295 1422 1662 1494; x_wconf 71' lang='grc' dir='ltr'>βοηθούμενος</span> <span class='ocrx_word' id='word_1_102' title='bbox 1700 1416 1769 1492; x_wconf 83' lang='grc' dir='ltr'>ἦν</span> 
     </span>
    </p>
   </div>
   <div class='ocr_carea' id='block_1_16' title="bbox 191 1513 1767 1589">
    <p class='ocr_par' dir='ltr' id='par_1_16' title="bbox 191 1513 1767 1589">
     <span class='ocr_line' id='line_1_16' title="bbox 191 1513 1767 1589; baseline -0.006 -14"><span class='ocrx_word' id='word_1_103' title='bbox 191 1523 333 1586; x_wconf 74' lang='grc' dir='ltr'>παρὰ</span> <span class='ocrx_word' id='word_1_104' title='bbox 361 1520 461 1573; x_wconf 82' lang='grc' dir='ltr'><strong>τοῦ</strong></span> <span class='ocrx_word' id='word_1_105' title='bbox 493 1518 761 1589; x_wconf 77' lang='grc' dir='ltr'>Χριστοῦ,</span> <span class='ocrx_word' id='word_1_106' title='bbox 794 1517 911 1571; x_wconf 84' lang='grc' dir='ltr'>ἀλλ’</span> <span class='ocrx_word' id='word_1_107' title='bbox 941 1513 1062 1569; x_wconf 80' lang='grc' dir='ltr'>εἷπε</span> <span class='ocrx_word' id='word_1_108' title='bbox 1114 1517 1251 1588; x_wconf 83' lang='grc' dir='ltr'>πρὸς</span> <span class='ocrx_word' id='word_1_109' title='bbox 1289 1518 1453 1571; x_wconf 76' lang='grc' dir='ltr'>αὐτόν</span> <span class='ocrx_word' id='word_1_110' title='bbox 1482 1531 1494 1545; x_wconf 99' lang='grc'><strong>⁸</strong></span> <span class='ocrx_word' id='word_1_111' title='bbox 1543 1516 1767 1580; x_wconf 78' lang='grc' dir='ltr'>Ἀνόσιε,</span> 
     </span>
    </p>
   </div>
   <div class='ocr_carea' id='block_1_17' title="bbox 189 1606 1768 1677">
    <p class='ocr_par' dir='ltr' id='par_1_17' title="bbox 189 1606 1768 1677">
     <span class='ocr_line' id='line_1_17' title="bbox 189 1606 1768 1677; baseline -0.004 -12"><span class='ocrx_word' id='word_1_112' title='bbox 189 1613 273 1666; x_wconf 80' lang='grc' dir='ltr'>διὰ</span> <span class='ocrx_word' id='word_1_113' title='bbox 310 1611 362 1663; x_wconf 88' lang='grc' dir='ltr'><strong>τί</strong></span> <span class='ocrx_word' id='word_1_114' title='bbox 396 1609 544 1663; x_wconf 78' lang='grc' dir='ltr'>οὕτω</span> <span class='ocrx_word' id='word_1_115' title='bbox 592 1610 959 1675; x_wconf 70' lang='grc' dir='ltr'>ἀπονενόησαι</span> <span class='ocrx_word' id='word_1_116' title='bbox 1019 1608 1116 1661; x_wconf 77' lang='grc' dir='ltr'>καὶ</span> <span class='ocrx_word' id='word_1_117' title='bbox 1170 1608 1230 1659; x_wconf 72' lang='grc' dir='ltr'>οὗ</span> <span class='ocrx_word' id='word_1_118' title='bbox 1282 1607 1440 1677; x_wconf 79' lang='grc' dir='ltr'>φείδῃ</span> <span class='ocrx_word' id='word_1_119' title='bbox 1492 1606 1586 1659; x_wconf 75' lang='grc' dir='ltr'>τοῦ</span> <span class='ocrx_word' id='word_1_120' title='bbox 1637 1606 1768 1659; x_wconf 81' lang='grc' dir='ltr'>ίδίου</span> 
     </span>
    </p>
   </div>
   <div class='ocr_carea' id='block_1_18' title="bbox 195 1697 1771 1772">
    <p class='ocr_par' dir='ltr' id='par_1_18' title="bbox 195 1697 1771 1772">
     <span class='ocr_line' id='line_1_18' title="bbox 195 1697 1771 1772; baseline -0.004 -16"><span class='ocrx_word' id='word_1_121' title='bbox 195 1704 469 1772; x_wconf 86' lang='grc' dir='ltr'>σώματος,</span> <span class='ocrx_word' id='word_1_122' title='bbox 505 1702 647 1771; x_wconf 77' lang='grc' dir='ltr'>δρῶν</span> <span class='ocrx_word' id='word_1_123' title='bbox 685 1702 844 1753; x_wconf 70' lang='grc' dir='ltr'>αὐτὸν</span> <span class='ocrx_word' id='word_1_124' title='bbox 871 1701 1046 1761; x_wconf 69' lang='grc' dir='ltr'>οὕτως</span> <span class='ocrx_word' id='word_1_125' title='bbox 1098 1698 1375 1771; x_wconf 52' lang='grc' dir='ltr'>διαφόρως</span> <span class='ocrx_word' id='word_1_126' title='bbox 1416 1697 1771 1768; x_wconf 78' lang='grc' dir='ltr'>τιμωρούμεο</span> 
     </span>
    </p>
   </div>
   <div class='ocr_carea' id='block_1_19' title="bbox 192 1789 1770 1861">
    <p class='ocr_par' dir='ltr' id='par_1_19' title="bbox 192 1789 1770 1861">
     <span class='ocr_line' id='line_1_19' title="bbox 192 1789 1770 1861; baseline -0.003 -13"><span class='ocrx_word' id='word_1_127' title='bbox 192 1812 307 1848; x_wconf 81' lang='grc' dir='ltr'>νον·</span> <span class='ocrx_word' id='word_1_128' title='bbox 346 1793 605 1861; x_wconf 76' lang='grc' dir='ltr'>πείσθητι</span> <span class='ocrx_word' id='word_1_129' title='bbox 636 1792 730 1845; x_wconf 81' lang='grc' dir='ltr'><strong>οὖν</strong></span> <span class='ocrx_word' id='word_1_130' title='bbox 758 1809 849 1861; x_wconf 88' lang='grc' dir='ltr'><strong>μοι</strong></span> <span class='ocrx_word' id='word_1_131' title='bbox 880 1794 974 1843; x_wconf 79' lang='grc' dir='ltr'><strong>καὶ</strong></span> <span class='ocrx_word' id='word_1_132' title='bbox 1022 1792 1186 1843; x_wconf 84' lang='grc' dir='ltr'>θῦσον</span> <span class='ocrx_word' id='word_1_133' title='bbox 1211 1794 1323 1852; x_wconf 89' lang='grc' dir='ltr'>τοῖς</span> <span class='ocrx_word' id='word_1_134' title='bbox 1371 1789 1535 1852; x_wconf 86' lang='grc' dir='ltr'>θεοῖς,</span> <span class='ocrx_word' id='word_1_135' title='bbox 1573 1790 1660 1843; x_wconf 80' lang='grc' dir='ltr'>ἵνα</span> <span class='ocrx_word' id='word_1_136' title='bbox 1694 1790 1770 1860; x_wconf 83' lang='grc' dir='ltr'>μὴ</span> 
     </span>
    </p>
   </div>
   <div class='ocr_carea' id='block_1_20' title="bbox 194 1876 1770 1952">
    <p class='ocr_par' dir='ltr' id='par_1_20' title="bbox 194 1876 1770 1952">
     <span class='ocr_line' id='line_1_20' title="bbox 194 1876 1770 1952; baseline -0.003 -15"><span class='ocrx_word' id='word_1_137' title='bbox 194 1885 379 1945; x_wconf 82' lang='grc' dir='ltr'>κακῶς</span> <span class='ocrx_word' id='word_1_138' title='bbox 422 1882 732 1951; x_wconf 73' lang='grc' dir='ltr'><strong>ἀποθάνῃς.</strong></span> <span class='ocrx_word' id='word_1_139' title='bbox 780 1883 1005 1935; x_wconf 85' lang='grc' dir='ltr'>Πλάτων</span> <span class='ocrx_word' id='word_1_140' title='bbox 1052 1878 1207 1933; x_wconf 83' lang='grc' dir='ltr'>εἶπεν</span> <span class='ocrx_word' id='word_1_141' title='bbox 1236 1897 1248 1910; x_wconf 91' lang='grc'><strong>·</strong></span> <span class='ocrx_word' id='word_1_142' title='bbox 1291 1876 1458 1932; x_wconf 68' lang='grc' dir='ltr'>Εῐπτὶν</span> <span class='ocrx_word' id='word_1_143' title='bbox 1492 1897 1575 1932; x_wconf 84' lang='grc' dir='ltr'><strong>σοι</strong></span> <span class='ocrx_word' id='word_1_144' title='bbox 1636 1881 1770 1952; x_wconf 75' lang='grc' dir='ltr'>πολ-</span> 
     </span>
    </p>
   </div>
   <div class='ocr_carea' id='block_1_21' title="bbox 192 1969 1769 2039">
    <p class='ocr_par' dir='ltr' id='par_1_21' title="bbox 192 1969 1769 2039">
     <span class='ocr_line' id='line_1_21' title="bbox 192 1969 1769 2039; baseline -0.003 -14"><span class='ocrx_word' id='word_1_145' title='bbox 192 1973 370 2039; x_wconf 80' lang='grc' dir='ltr'>λάκις,</span> <span class='ocrx_word' id='word_1_146' title='bbox 404 1975 503 2024; x_wconf 84' lang='grc' dir='ltr'>καὶ</span> <span class='ocrx_word' id='word_1_147' title='bbox 534 1972 630 2024; x_wconf 79' lang='grc' dir='ltr'>νῦν</span> <span class='ocrx_word' id='word_1_148' title='bbox 664 1988 748 2023; x_wconf 90' lang='grc' dir='ltr'><strong>σοι</strong></span> <span class='ocrx_word' id='word_1_149' title='bbox 802 1971 969 2038; x_wconf 81' lang='grc' dir='ltr'>λέγω,</span> <span class='ocrx_word' id='word_1_150' title='bbox 1023 1970 1107 2023; x_wconf 76' lang='grc' dir='ltr'><strong>ὅτι</strong></span> <span class='ocrx_word' id='word_1_151' title='bbox 1137 1969 1273 2023; x_wconf 78' lang='grc' dir='ltr'>θεοῦ</span> <span class='ocrx_word' id='word_1_152' title='bbox 1307 1969 1510 2034; x_wconf 79' lang='grc' dir='ltr'>ζῶντος</span> <span class='ocrx_word' id='word_1_153' title='bbox 1559 1969 1769 2039; x_wconf 86' lang='grc' dir='ltr'>λάτρης</span> 
     </span>
    </p>
   </div>
   <div class='ocr_carea' id='block_1_22' title="bbox 194 2062 1769 2134">
    <p class='ocr_par' dir='ltr' id='par_1_22' title="bbox 194 2062 1769 2134">
     <span class='ocr_line' id='line_1_22' title="bbox 194 2062 1769 2134; baseline -0.002 -16"><span class='ocrx_word' id='word_1_154' title='bbox 194 2066 305 2134; x_wconf 70' lang='grc' dir='ltr'>εἰμὶ</span> <span class='ocrx_word' id='word_1_155' title='bbox 338 2064 435 2118; x_wconf 72' lang='grc' dir='ltr'><strong>καὶ</strong></span> <span class='ocrx_word' id='word_1_156' title='bbox 466 2063 663 2115; x_wconf 77' lang='grc' dir='ltr'>τούτου</span> <span class='ocrx_word' id='word_1_157' title='bbox 697 2063 764 2114; x_wconf 76' lang='grc' dir='ltr'><strong>τὰ</strong></span> <span class='ocrx_word' id='word_1_158' title='bbox 801 2062 1055 2132; x_wconf 83' lang='grc' dir='ltr'>δόγματα</span> <span class='ocrx_word' id='word_1_159' title='bbox 1080 2062 1411 2131; x_wconf 71' lang='grc' dir='ltr'>καταλείψει</span> <span class='ocrx_word' id='word_1_160' title='bbox 1435 2062 1495 2113; x_wconf 78' lang='grc' dir='ltr'><strong>οὐ</strong></span> <span class='ocrx_word' id='word_1_161' title='bbox 1527 2062 1769 2130; x_wconf 76' lang='grc' dir='ltr'>δύναμαι</span> 
     </span>
    </p>
   </div>
   <div class='ocr_carea' id='block_1_23' title="bbox 195 2151 1768 2223">
    <p class='ocr_par' dir='ltr' id='par_1_23' title="bbox 195 2151 1768 2223">
     <span class='ocr_line' id='line_1_23' title="bbox 195 2151 1768 2223; baseline -0.003 -14"><span class='ocrx_word' id='word_1_162' title='bbox 195 2157 423 2215; x_wconf 78' lang='grc' dir='ltr'>καὶτοῖς</span> <span class='ocrx_word' id='word_1_163' title='bbox 459 2154 719 2223; x_wconf 76' lang='grc' dir='ltr'><strong>ματαίοις</strong></span> <span class='ocrx_word' id='word_1_164' title='bbox 754 2153 812 2205; x_wconf 81' lang='grc' dir='ltr'><strong>τὸ</strong></span> <span class='ocrx_word' id='word_1_165' title='bbox 858 2153 1033 2222; x_wconf 77' lang='grc' dir='ltr'>ὄνομα</span> <span class='ocrx_word' id='word_1_166' title='bbox 1075 2153 1261 2222; x_wconf 76' lang='grc' dir='ltr'>ἔχουσι</span> <span class='ocrx_word' id='word_1_167' title='bbox 1308 2152 1449 2215; x_wconf 82' lang='grc' dir='ltr'>θεοῖς</span> <span class='ocrx_word' id='word_1_168' title='bbox 1499 2154 1613 2214; x_wconf 78' lang='grc' dir='ltr'>τοῖς</span> <span class='ocrx_word' id='word_1_169' title='bbox 1649 2151 1768 2205; x_wconf 74' lang='grc' dir='ltr'>κίδ-</span> 
     </span>
    </p>
   </div>
   <div class='ocr_carea' id='block_1_24' title="bbox 192 2244 1773 2316">
    <p class='ocr_par' dir='ltr' id='par_1_24' title="bbox 192 2244 1773 2316">
     <span class='ocr_line' id='line_1_24' title="bbox 192 2244 1773 2316; baseline -0.001 -17"><span class='ocrx_word' id='word_1_170' title='bbox 192 2247 371 2316; x_wconf 84' lang='grc' dir='ltr'>δηλοις</span> <span class='ocrx_word' id='word_1_171' title='bbox 401 2246 615 2309; x_wconf 74' lang='grc' dir='ltr'>τούτοις</span> <span class='ocrx_word' id='word_1_172' title='bbox 639 2245 1033 2315; x_wconf 80' lang='grc' dir='ltr'>προσκυνῆσαι</span> <span class='ocrx_word' id='word_1_173' title='bbox 1072 2246 1165 2299; x_wconf 83' lang='grc' dir='ltr'>καὶ</span> <span class='ocrx_word' id='word_1_174' title='bbox 1219 2247 1484 2315; x_wconf 82' lang='grc' dir='ltr'>μυσαροῖς</span> <span class='ocrx_word' id='word_1_175' title='bbox 1534 2244 1773 2308; x_wconf 73' lang='grc' dir='ltr'>εἰδώλοις</span> 
     </span>
    </p>
   </div>
   <div class='ocr_carea' id='block_1_25' title="bbox 192 2328 1775 2404">
    <p class='ocr_par' dir='ltr' id='par_1_25' title="bbox 192 2328 1775 2404">
     <span class='ocr_line' id='line_1_25' title="bbox 192 2328 1775 2404; baseline -0.003 -16"><span class='ocrx_word' id='word_1_176' title='bbox 192 2336 289 2388; x_wconf 80' lang='grc' dir='ltr'><strong>οὐκ</strong></span> <span class='ocrx_word' id='word_1_177' title='bbox 311 2334 611 2404; x_wconf 78' lang='grc' dir='ltr'>ἀνέχομαι.</span> <span class='ocrx_word' id='word_1_178' title='bbox 666 2332 826 2387; x_wconf 81' lang='grc' dir='ltr'>Ἀλλά</span> <span class='ocrx_word' id='word_1_179' title='bbox 852 2332 977 2386; x_wconf 83' lang='grc' dir='ltr'>καθ’</span> <span class='ocrx_word' id='word_1_180' title='bbox 1004 2332 1220 2402; x_wconf 68' lang='grc' dir='ltr'>ἡμέραν</span> <span class='ocrx_word' id='word_1_181' title='bbox 1266 2332 1326 2383; x_wconf 74' lang='grc' dir='ltr'><strong>οὐ</strong></span> <span class='ocrx_word' id='word_1_182' title='bbox 1371 2330 1661 2400; x_wconf 86' lang='grc' dir='ltr'>παύσομαι</span> <span class='ocrx_word' id='word_1_183' title='bbox 1696 2328 1775 2400; x_wconf 85' lang='grc' dir='ltr'>τῷ</span> 
     </span>
    </p>
   </div>
   <div class='ocr_carea' id='block_1_26' title="bbox 193 2421 1775 2496">
    <p class='ocr_par' dir='ltr' id='par_1_26' title="bbox 193 2421 1775 2496">
     <span class='ocr_line' id='line_1_26' title="bbox 193 2421 1775 2496; baseline -0.003 -18"><span class='ocrx_word' id='word_1_184' title='bbox 193 2425 310 2495; x_wconf 80' lang='grc' dir='ltr'>Θεῴ</span> <span class='ocrx_word' id='word_1_185' title='bbox 339 2425 808 2496; x_wconf 70' lang='grc' dir='ltr'>προσευχόμενος,</span> <span class='ocrx_word' id='word_1_186' title='bbox 840 2424 1208 2493; x_wconf 81' lang='grc' dir='ltr'>προσπίπτων</span> <span class='ocrx_word' id='word_1_187' title='bbox 1250 2423 1348 2475; x_wconf 78' lang='grc' dir='ltr'>καὶ</span> <span class='ocrx_word' id='word_1_188' title='bbox 1389 2421 1646 2490; x_wconf 79' lang='grc' dir='ltr'>δεόμενος</span> <span class='ocrx_word' id='word_1_189' title='bbox 1676 2421 1775 2489; x_wconf 79' lang='grc' dir='ltr'><strong>τῆς</strong></span> 
     </span>
    </p>
   </div>
   <div class='ocr_carea' id='block_1_27' title="bbox 194 2511 1775 2587">
    <p class='ocr_par' dir='ltr' id='par_1_27' title="bbox 194 2511 1775 2587">
     <span class='ocr_line' id='line_1_27' title="bbox 194 2511 1775 2587; baseline -0.006 -16"><span class='ocrx_word' id='word_1_190' title='bbox 194 2517 324 2587; x_wconf 70' lang='grc' dir='ltr'>παρ’</span> <span class='ocrx_word' id='word_1_191' title='bbox 384 2514 554 2570; x_wconf 80' lang='grc' dir='ltr'>αὑτοῦ</span> <span class='ocrx_word' id='word_1_192' title='bbox 616 2513 878 2581; x_wconf 79' lang='grc' dir='ltr'>ἀληθινῆς</span> <span class='ocrx_word' id='word_1_193' title='bbox 926 2512 1206 2579; x_wconf 77' lang='grc' dir='ltr'>σωτηρίας</span> <span class='ocrx_word' id='word_1_194' title='bbox 1271 2512 1478 2579; x_wconf 84' lang='grc' dir='ltr'>τυχεῖν.</span> <span class='ocrx_word' id='word_1_195' title='bbox 1533 2512 1604 2580; x_wconf 80' lang='grc' dir='ltr'><strong>Σὺ</strong></span> <span class='ocrx_word' id='word_1_196' title='bbox 1674 2511 1775 2576; x_wconf 72' lang='grc' dir='ltr'>δὲ,</span> 
     </span>
    </p>
   </div>
   <div class='ocr_carea' id='block_1_28' title="bbox 206 2601 1774 2675">
    <p class='ocr_par' dir='ltr' id='par_1_28' title="bbox 206 2601 1774 2675">
     <span class='ocr_line' id='line_1_28' title="bbox 206 2601 1774 2675; baseline -0.004 -15"><span class='ocrx_word' id='word_1_197' title='bbox 206 2608 555 2675; x_wconf 80' lang='grc' dir='ltr'>’Δγριππῖνε,</span> <span class='ocrx_word' id='word_1_198' title='bbox 583 2604 835 2675; x_wconf 82' lang='grc' dir='ltr'>ματαίοις</span> <span class='ocrx_word' id='word_1_199' title='bbox 866 2602 1111 2665; x_wconf 76' lang='grc' dir='ltr'><strong>εἰδώλοις</strong></span> <span class='ocrx_word' id='word_1_200' title='bbox 1135 2601 1534 2673; x_wconf 79' lang='grc' dir='ltr'>προστετηκὼς</span> <span class='ocrx_word' id='word_1_201' title='bbox 1560 2601 1654 2654; x_wconf 73' lang='grc' dir='ltr'>καὶ</span> <span class='ocrx_word' id='word_1_202' title='bbox 1681 2601 1774 2654; x_wconf 78' lang='grc' dir='ltr'>τὸν</span> 
     </span>
    </p>
   </div>
   <div class='ocr_carea' id='block_1_29' title="bbox 195 2693 1776 2767">
    <p class='ocr_par' dir='ltr' id='par_1_29' title="bbox 195 2693 1776 2767">
     <span class='ocr_line' id='line_1_29' title="bbox 195 2693 1776 2767; baseline -0.003 -15"><span class='ocrx_word' id='word_1_203' title='bbox 195 2697 317 2752; x_wconf 81' lang='grc' dir='ltr'>νοῦν</span> <span class='ocrx_word' id='word_1_204' title='bbox 356 2696 735 2767; x_wconf 74' lang='grc' dir='ltr'>σεσυλημένος</span> <span class='ocrx_word' id='word_1_205' title='bbox 773 2696 867 2752; x_wconf 75' lang='grc' dir='ltr'><strong>τὸν</strong></span> <span class='ocrx_word' id='word_1_206' title='bbox 919 2698 1003 2760; x_wconf 83' lang='grc' dir='ltr'><strong>είς</strong></span> <span class='ocrx_word' id='word_1_207' title='bbox 1054 2694 1389 2764; x_wconf 87' lang='grc' dir='ltr'>θεογνωσίαν</span> <span class='ocrx_word' id='word_1_208' title='bbox 1430 2711 1489 2748; x_wconf 90' lang='grc' dir='ltr'><strong>σε</strong></span> <span class='ocrx_word' id='word_1_209' title='bbox 1547 2693 1776 2747; x_wconf 76' lang='grc' dir='ltr'>ἕλκοντα</span> 
     </span>
    </p>
   </div>
   <div class='ocr_carea' id='block_1_30' title="bbox 196 2784 1777 2860">
    <p class='ocr_par' dir='ltr' id='par_1_30' title="bbox 196 2784 1777 2860">
     <span class='ocr_line' id='line_1_30' title="bbox 196 2784 1777 2860; baseline 0 -20"><span class='ocrx_word' id='word_1_210' title='bbox 196 2790 345 2859; x_wconf 63' lang='grc' dir='ltr'>παρὰ</span> <span class='ocrx_word' id='word_1_211' title='bbox 396 2787 495 2841; x_wconf 81' lang='grc' dir='ltr'>τοῦ</span> <span class='ocrx_word' id='word_1_212' title='bbox 528 2790 738 2860; x_wconf 82' lang='grc' dir='ltr'>πατρός</span> <span class='ocrx_word' id='word_1_213' title='bbox 784 2806 879 2842; x_wconf 86' lang='grc' dir='ltr'><strong>σου</strong></span> <span class='ocrx_word' id='word_1_214' title='bbox 913 2788 1010 2842; x_wconf 85' lang='grc' dir='ltr'>τοῦ</span> <span class='ocrx_word' id='word_1_215' title='bbox 1040 2788 1279 2854; x_wconf 84' lang='grc' dir='ltr'>Σατανᾶ,</span> <span class='ocrx_word' id='word_1_216' title='bbox 1320 2788 1414 2840; x_wconf 75' lang='grc' dir='ltr'><strong>καὶ</strong></span> <span class='ocrx_word' id='word_1_217' title='bbox 1443 2787 1579 2851; x_wconf 79' lang='grc' dir='ltr'>ὅλως</span> <span class='ocrx_word' id='word_1_218' title='bbox 1610 2784 1777 2840; x_wconf 82' lang='grc' dir='ltr'>αὐτοῦ</span> 
     </span>
    </p>
   </div>
   <div class='ocr_carea' id='block_1_31' title="bbox 196 2877 1779 2950">
    <p class='ocr_par' dir='ltr' id='par_1_31' title="bbox 196 2877 1779 2950">
     <span class='ocr_line' id='line_1_31' title="bbox 196 2877 1779 2950; baseline 0 -18"><span class='ocrx_word' id='word_1_219' title='bbox 196 2881 513 2950; x_wconf 73' lang='grc' dir='ltr'>γενόμενος,</span> <span class='ocrx_word' id='word_1_220' title='bbox 572 2882 670 2933; x_wconf 77' lang='grc' dir='ltr'><strong>καὶ</strong></span> <span class='ocrx_word' id='word_1_221' title='bbox 708 2882 790 2936; x_wconf 81' lang='grc' dir='ltr'><strong>είς</strong></span> <span class='ocrx_word' id='word_1_222' title='bbox 823 2878 924 2950; x_wconf 77' lang='grc' dir='ltr'>τὴν</span> <span class='ocrx_word' id='word_1_223' title='bbox 962 2880 1083 2932; x_wconf 75' lang='grc' dir='ltr'>ὁδὸν</span> <span class='ocrx_word' id='word_1_224' title='bbox 1130 2880 1229 2949; x_wconf 83' lang='grc' dir='ltr'><strong>τῆς</strong></span> <span class='ocrx_word' id='word_1_225' title='bbox 1284 2878 1429 2949; x_wconf 78' lang='grc' dir='ltr'>ζωῆς</span> <span class='ocrx_word' id='word_1_226' title='bbox 1473 2878 1653 2932; x_wconf 70' lang='grc' dir='ltr'>ἐλθεῖν</span> <span class='ocrx_word' id='word_1_227' title='bbox 1704 2877 1779 2949; x_wconf 76' lang='grc' dir='ltr'>μὴ</span> 
     </span>
    </p>
   </div>
   <div class='ocr_carea' id='block_1_32' title="bbox 198 2968 1778 3041">
    <p class='ocr_par' dir='ltr' id='par_1_32' title="bbox 198 2968 1778 3041">
     <span class='ocr_line' id='line_1_32' title="bbox 198 2968 1778 3041; baseline -0.003 -17"><span class='ocrx_word' id='word_1_228' title='bbox 198 2971 524 3041; x_wconf 76' lang='grc' dir='ltr'>βουλόμενος</span> <span class='ocrx_word' id='word_1_229' title='bbox 551 2974 631 3031; x_wconf 79' lang='grc' dir='ltr'><strong>είς</strong></span> <span class='ocrx_word' id='word_1_230' title='bbox 664 2969 834 3022; x_wconf 82' lang='grc' dir='ltr'>αἰῶνα</span> <span class='ocrx_word' id='word_1_231' title='bbox 864 2970 1012 3038; x_wconf 79' lang='grc' dir='ltr'>παρὰ</span> <span class='ocrx_word' id='word_1_232' title='bbox 1041 2968 1135 3020; x_wconf 85' lang='grc' dir='ltr'>τοῦ</span> <span class='ocrx_word' id='word_1_233' title='bbox 1160 2969 1295 3021; x_wconf 77' lang='grc' dir='ltr'>Θεοῦ</span> <span class='ocrx_word' id='word_1_234' title='bbox 1321 2969 1414 3021; x_wconf 84' lang='grc' dir='ltr'>τοῦ</span> <span class='ocrx_word' id='word_1_235' title='bbox 1450 2968 1778 3038; x_wconf 79' lang='grc' dir='ltr'>βοηθοῦντος</span> 
     </span>
    </p>
   </div>
   <div class='ocr_carea' id='block_1_33' title="bbox 200 3056 1775 3133">
    <p class='ocr_par' dir='ltr' id='par_1_33' title="bbox 200 3056 1775 3133">
     <span class='ocr_line' id='line_1_33' title="bbox 200 3056 1775 3133; baseline -0.004 -17"><span class='ocrx_word' id='word_1_236' title='bbox 200 3081 297 3132; x_wconf 86' lang='grc' dir='ltr'><strong>μου</strong></span> <span class='ocrx_word' id='word_1_237' title='bbox 322 3060 697 3133; x_wconf 79' lang='grc' dir='ltr'>τιμωρηθήσῃ</span> <span class='ocrx_word' id='word_1_238' title='bbox 731 3060 805 3123; x_wconf 83' lang='grc' dir='ltr'><strong>ὡς</strong></span> <span class='ocrx_word' id='word_1_239' title='bbox 836 3058 1140 3128; x_wconf 73' lang='grc' dir='ltr'>ινυϐρίξων</span> <span class='ocrx_word' id='word_1_240' title='bbox 1169 3060 1298 3122; x_wconf 77' lang='grc' dir='ltr'>τοὺς</span> <span class='ocrx_word' id='word_1_241' title='bbox 1332 3058 1555 3120; x_wconf 74' lang='grc' dir='ltr'>δούλους</span> <span class='ocrx_word' id='word_1_242' title='bbox 1585 3056 1775 3124; x_wconf 74' lang='grc' dir='ltr'>αὑτοῦ,</span> 
     </span>
    </p>
   </div>
   <div class='ocr_carea' id='block_1_34' title="bbox 206 3148 1779 3221">
    <p class='ocr_par' dir='ltr' id='par_1_34' title="bbox 206 3148 1779 3221">
     <span class='ocr_line' id='line_1_34' title="bbox 206 3148 1779 3221; baseline -0.002 -17"><span class='ocrx_word' id='word_1_243' title='bbox 206 3153 459 3221; x_wconf 73' lang='grc' dir='ltr'>οἰόμενος</span> <span class='ocrx_word' id='word_1_244' title='bbox 485 3151 813 3220; x_wconf 80' lang='grc' dir='ltr'>μεταδαλεῖν</span> <span class='ocrx_word' id='word_1_245' title='bbox 858 3150 1037 3202; x_wconf 83' lang='grc' dir='ltr'>αὐτῶν</span> <span class='ocrx_word' id='word_1_246' title='bbox 1098 3150 1197 3221; x_wconf 77' lang='grc' dir='ltr'>τὴν</span> <span class='ocrx_word' id='word_1_247' title='bbox 1244 3151 1323 3213; x_wconf 85' lang='grc' dir='ltr'><strong>είς</strong></span> <span class='ocrx_word' id='word_1_248' title='bbox 1379 3148 1512 3204; x_wconf 81' lang='grc' dir='ltr'>Θεὸν</span> <span class='ocrx_word' id='word_1_249' title='bbox 1566 3149 1779 3221; x_wconf 81' lang='grc' dir='ltr'>ἀγαθὴν</span> 
     </span>
    </p>
   </div>
   <div class='ocr_carea' id='block_1_35' title="bbox 201 3245 552 3315">
    <p class='ocr_par' dir='ltr' id='par_1_35' title="bbox 201 3245 552 3315">
     <span class='ocr_line' id='line_1_35' title="bbox 201 3245 552 3315; baseline 0 -20"><span class='ocrx_word' id='word_1_250' title='bbox 201 3245 552 3315; x_wconf 82' lang='grc' dir='ltr'>προαίρεσιν.</span> 
     </span>
    </p>
   </div>
   <div class='ocr_carea' id='block_1_36' title="bbox 266 3332 1781 3408">
    <p class='ocr_par' dir='ltr' id='par_1_36' title="bbox 266 3332 1781 3408">
     <span class='ocr_line' id='line_1_36' title="bbox 266 3332 1781 3408; baseline -0.002 -17"><span class='ocrx_word' id='word_1_251' title='bbox 266 3338 368 3391; x_wconf 79' lang='lat' dir='ltr'><strong>ll“.</strong></span> <span class='ocrx_word' id='word_1_252' title='bbox 421 3338 785 3408; x_wconf 78' lang='grc' dir='ltr'>’Δγριππῖνος</span> <span class='ocrx_word' id='word_1_253' title='bbox 817 3335 947 3406; x_wconf 71' lang='grc' dir='ltr'><strong>ἔφη’</strong></span> <span class='ocrx_word' id='word_1_254' title='bbox 974 3336 1101 3401; x_wconf 80' lang='grc' dir='ltr'>Ἴδε,</span> <span class='ocrx_word' id='word_1_255' title='bbox 1128 3335 1375 3399; x_wconf 77' lang='grc' dir='ltr'>Πλάτων,</span> <span class='ocrx_word' id='word_1_256' title='bbox 1410 3336 1511 3388; x_wconf 80' lang='grc' dir='ltr'>ὅσα</span> <span class='ocrx_word' id='word_1_257' title='bbox 1536 3352 1594 3387; x_wconf 88' lang='grc' dir='ltr'><strong>σε</strong></span> <span class='ocrx_word' id='word_1_258' title='bbox 1619 3332 1781 3388; x_wconf 73' lang='grc' dir='ltr'>εἴασα</span> 
     </span>
    </p>
   </div>
   <div class='ocr_carea' id='block_1_37' title="bbox 199 3424 1784 3501">
    <p class='ocr_par' dir='ltr' id='par_1_37' title="bbox 199 3424 1784 3501">
     <span class='ocr_line' id='line_1_37' title="bbox 199 3424 1784 3501; baseline -0.005 -18"><span class='ocrx_word' id='word_1_259' title='bbox 199 3432 580 3501; x_wconf 72' lang='grc' dir='ltr'>φλυαρίσαντα</span> <span class='ocrx_word' id='word_1_260' title='bbox 638 3429 1058 3499; x_wconf 82' lang='grc' dir='ltr'>μωρολογῆσαι⁸</span> <span class='ocrx_word' id='word_1_261' title='bbox 1127 3426 1269 3494; x_wconf 85' lang='grc' dir='ltr'>πλὴν</span> <span class='ocrx_word' id='word_1_262' title='bbox 1308 3427 1357 3477; x_wconf 85' lang='grc' dir='ltr'><strong>εί</strong></span> <span class='ocrx_word' id='word_1_263' title='bbox 1408 3425 1504 3479; x_wconf 74' lang='grc' dir='ltr'>καὶ</span> <span class='ocrx_word' id='word_1_264' title='bbox 1559 3424 1784 3488; x_wconf 79' lang='grc' dir='ltr'>ἀνάξιος</span> 
     </span>
    </p>
   </div>
   <div class='ocr_carea' id='block_1_38' title="bbox 199 3516 1784 3594">
    <p class='ocr_par' dir='ltr' id='par_1_38' title="bbox 199 3516 1784 3594">
     <span class='ocr_line' id='line_1_38' title="bbox 199 3516 1784 3594; baseline -0.004 -16"><span class='ocrx_word' id='word_1_265' title='bbox 199 3524 473 3594; x_wconf 74' lang='grc' dir='ltr'>ὖπάρχεις</span> <span class='ocrx_word' id='word_1_266' title='bbox 507 3522 616 3573; x_wconf 90' lang='grc' dir='ltr'><strong>τῶν</strong></span> <span class='ocrx_word' id='word_1_267' title='bbox 647 3518 781 3588; x_wconf 88' lang='grc' dir='ltr'>παρ’</span> <span class='ocrx_word' id='word_1_268' title='bbox 813 3518 969 3587; x_wconf 76' lang='grc' dir='ltr'>ἡμῶν</span> <span class='ocrx_word' id='word_1_269' title='bbox 990 3517 1165 3586; x_wconf 88' lang='grc' dir='ltr'>λόγων</span> <span class='ocrx_word' id='word_1_270' title='bbox 1191 3517 1283 3571; x_wconf 85' lang='grc' dir='ltr'><strong>διά</strong></span> <span class='ocrx_word' id='word_1_271' title='bbox 1329 3518 1432 3589; x_wconf 73' lang='grc' dir='ltr'>τὴν</span> <span class='ocrx_word' id='word_1_272' title='bbox 1459 3516 1784 3589; x_wconf 78' lang='grc' dir='ltr'>θρασύτητά</span> 
     </span>
    </p>
   </div>
   <div class='ocr_carea' id='block_1_39' title="bbox 199 3609 1781 3682">
    <p class='ocr_par' dir='ltr' id='par_1_39' title="bbox 199 3609 1781 3682">
     <span class='ocr_line' id='line_1_39' title="bbox 199 3609 1781 3682; baseline -0.004 -14"><span class='ocrx_word' id='word_1_273' title='bbox 199 3632 291 3668; x_wconf 71' lang='grc' dir='ltr'><strong>σου</strong></span> <span class='ocrx_word' id='word_1_274' title='bbox 327 3615 426 3667; x_wconf 73' lang='grc' dir='ltr'><strong>καὶ</strong></span> <span class='ocrx_word' id='word_1_275' title='bbox 462 3610 847 3679; x_wconf 79' lang='grc' dir='ltr'>ἀμετάσλητον</span> <span class='ocrx_word' id='word_1_276' title='bbox 898 3609 1129 3682; x_wconf 85' lang='grc' dir='ltr'>καρδίαν</span> <span class='ocrx_word' id='word_1_277' title='bbox 1152 3626 1167 3641; x_wconf 86' lang='grc'><strong>⁸</strong></span> <span class='ocrx_word' id='word_1_278' title='bbox 1194 3611 1426 3665; x_wconf 72' lang='grc' dir='ltr'>ἄκουσον</span> <span class='ocrx_word' id='word_1_279' title='bbox 1456 3612 1593 3681; x_wconf 83' lang='grc' dir='ltr'>ὅπερ</span> <span class='ocrx_word' id='word_1_280' title='bbox 1635 3610 1781 3677; x_wconf 76' lang='grc' dir='ltr'>λέγω</span> 
     </span>
    </p>
   </div>
   <div class='ocr_carea' id='block_1_40' title="bbox 200 3692 1781 3771">
    <p class='ocr_par' dir='ltr' id='par_1_40' title="bbox 200 3692 1781 3771">
     <span class='ocr_line' id='line_1_40' title="bbox 200 3692 1781 3771; baseline -0.004 -14"><span class='ocrx_word' id='word_1_281' title='bbox 200 3722 278 3757; x_wconf 84' lang='grc' dir='ltr'><strong>σοι</strong></span> <span class='ocrx_word' id='word_1_282' title='bbox 303 3744 318 3757; x_wconf 92' lang='grc'><strong>.</strong></span> <span class='ocrx_word' id='word_1_283' title='bbox 347 3702 622 3765; x_wconf 76' lang='grc' dir='ltr'>Πολλάκις</span> <span class='ocrx_word' id='word_1_284' title='bbox 679 3700 853 3754; x_wconf 85' lang='grc' dir='ltr'>πολλά</span> <span class='ocrx_word' id='word_1_285' title='bbox 885 3702 1104 3769; x_wconf 80' lang='grc' dir='ltr'>ἀκήκοα</span> <span class='ocrx_word' id='word_1_286' title='bbox 1158 3701 1388 3754; x_wconf 79' lang='grc' dir='ltr'>τοιαῦτα</span> <span class='ocrx_word' id='word_1_287' title='bbox 1446 3702 1553 3754; x_wconf 88' lang='grc' dir='ltr'><strong>τῶν</strong></span> <span class='ocrx_word' id='word_1_288' title='bbox 1588 3692 1781 3771; x_wconf 75' lang='grc' dir='ltr'>δμολο·</span> 
     </span>
    </p>
   </div>
   <div class='ocr_carea' id='block_1_41' title="bbox 198 3792 1785 3864">
    <p class='ocr_par' dir='ltr' id='par_1_41' title="bbox 198 3792 1785 3864">
     <span class='ocr_line' id='line_1_41' title="bbox 198 3792 1785 3864; baseline -0.003 -17"><span class='ocrx_word' id='word_1_289' title='bbox 198 3794 446 3864; x_wconf 80' lang='grc' dir='ltr'>γούντων</span> <span class='ocrx_word' id='word_1_290' title='bbox 475 3793 566 3847; x_wconf 74' lang='grc' dir='ltr'>τὸν</span> <span class='ocrx_word' id='word_1_291' title='bbox 598 3792 907 3855; x_wconf 83' lang='grc' dir='ltr'>Γαλιλαῖον,</span> <span class='ocrx_word' id='word_1_292' title='bbox 948 3796 1044 3846; x_wconf 75' lang='grc' dir='ltr'>καὶ</span> <span class='ocrx_word' id='word_1_293' title='bbox 1068 3792 1244 3855; x_wconf 75' lang='grc' dir='ltr'>οὐδεὶς</span> <span class='ocrx_word' id='word_1_294' title='bbox 1280 3792 1541 3848; x_wconf 80' lang='grc' dir='ltr'>ἀνέλυσεν</span> <span class='ocrx_word' id='word_1_295' title='bbox 1574 3794 1637 3844; x_wconf 82' lang='grc' dir='ltr'>ὲκ</span> <span class='ocrx_word' id='word_1_296' title='bbox 1678 3792 1785 3844; x_wconf 88' lang='grc' dir='ltr'><strong>τῶν</strong></span> 
     </span>
    </p>
   </div>
   <div class='ocr_carea' id='block_1_42' title="bbox 198 3876 1785 3955">
    <p class='ocr_par' dir='ltr' id='par_1_42' title="bbox 198 3876 1785 3955">
     <span class='ocr_line' id='line_1_42' title="bbox 198 3876 1785 3955; baseline -0.001 -22"><span class='ocrx_word' id='word_1_297' title='bbox 198 3884 347 3955; x_wconf 67' lang='grc' dir='ltr'>ἱμῶν</span> <span class='ocrx_word' id='word_1_298' title='bbox 370 3882 581 3954; x_wconf 85' lang='grc' dir='ltr'>χειρῶν</span> <span class='ocrx_word' id='word_1_299' title='bbox 614 3882 749 3945; x_wconf 77' lang='grc' dir='ltr'>ζῶν,</span> <span class='ocrx_word' id='word_1_300' title='bbox 776 3884 825 3933; x_wconf 88' lang='grc' dir='ltr'>εἰ</span> <span class='ocrx_word' id='word_1_301' title='bbox 856 3881 933 3951; x_wconf 75' lang='grc' dir='ltr'>μὴ</span> <span class='ocrx_word' id='word_1_302' title='bbox 962 3881 1195 3951; x_wconf 71' lang='grc' dir='ltr'>ὶπείσθη</span> <span class='ocrx_word' id='word_1_303' title='bbox 1217 3881 1312 3935; x_wconf 74' lang='grc' dir='ltr'>καὶ</span> <span class='ocrx_word' id='word_1_304' title='bbox 1333 3880 1558 3937; x_wconf 73' lang='grc' dir='ltr'>ἔθυσεν.</span> <span class='ocrx_word' id='word_1_305' title='bbox 1593 3881 1657 3935; x_wconf 75' lang='lat' dir='ltr'><strong>Ei</strong></span> <span class='ocrx_word' id='word_1_306' title='bbox 1691 3876 1785 3933; x_wconf 76' lang='grc' dir='ltr'><strong>οὖν</strong></span> 
     </span>
    </p>
   </div>
   <div class='ocr_carea' id='block_1_43' title="bbox 202 3973 1783 4045">
    <p class='ocr_par' dir='ltr' id='par_1_43' title="bbox 202 3973 1783 4045">
     <span class='ocr_line' id='line_1_43' title="bbox 202 3973 1783 4045; baseline 0 -19"><span class='ocrx_word' id='word_1_307' title='bbox 202 3979 277 4045; x_wconf 75' lang='grc' dir='ltr'>μὴ</span> <span class='ocrx_word' id='word_1_308' title='bbox 304 3977 488 4037; x_wconf 70' lang='grc' dir='ltr'>θέλεις</span> <span class='ocrx_word' id='word_1_309' title='bbox 538 3974 875 4045; x_wconf 82' lang='grc' dir='ltr'>ἀνασχέσθαι</span> <span class='ocrx_word' id='word_1_310' title='bbox 922 3992 1022 4045; x_wconf 86' lang='grc' dir='ltr'><strong>μου</strong></span> <span class='ocrx_word' id='word_1_311' title='bbox 1082 3975 1176 4027; x_wconf 73' lang='grc' dir='ltr'>καὶ</span> <span class='ocrx_word' id='word_1_312' title='bbox 1227 3973 1389 4027; x_wconf 81' lang='grc' dir='ltr'>θῦσαι</span> <span class='ocrx_word' id='word_1_313' title='bbox 1420 3976 1559 4035; x_wconf 81' lang='grc' dir='ltr'>.τοῖ;</span> <span class='ocrx_word' id='word_1_314' title='bbox 1618 3973 1783 4041; x_wconf 81' lang='grc' dir='ltr'>θεοῖς,</span> 
     </span>
    </p>
   </div>
   <div class='ocr_carea' id='block_1_44' title="bbox 202 4065 1787 4139">
    <p class='ocr_par' dir='ltr' id='par_1_44' title="bbox 202 4065 1787 4139">
     <span class='ocr_line' id='line_1_44' title="bbox 202 4065 1787 4139; baseline -0.003 -19"><span class='ocrx_word' id='word_1_315' title='bbox 202 4071 365 4139; x_wconf 76' lang='grc' dir='ltr'>βλέπε</span> <span class='ocrx_word' id='word_1_316' title='bbox 400 4068 451 4127; x_wconf 79' lang='grc' dir='ltr'><strong>τί</strong></span> <span class='ocrx_word' id='word_1_317' title='bbox 490 4068 711 4137; x_wconf 72' lang='grc' dir='ltr'>μέλλεις</span> <span class='ocrx_word' id='word_1_318' title='bbox 742 4068 972 4135; x_wconf 83' lang='grc' dir='ltr'>πάσχειν</span> <span class='ocrx_word' id='word_1_319' title='bbox 997 4082 1012 4097; x_wconf 94' lang='grc'><strong>⁸</strong></span> <span class='ocrx_word' id='word_1_320' title='bbox 1047 4067 1143 4118; x_wconf 77' lang='grc' dir='ltr'><strong>καὶ</strong></span> <span class='ocrx_word' id='word_1_321' title='bbox 1172 4066 1281 4136; x_wconf 82' lang='grc' dir='ltr'><strong>γὰρ</strong></span> <span class='ocrx_word' id='word_1_322' title='bbox 1339 4066 1513 4119; x_wconf 84' lang='grc' dir='ltr'>πολλά</span> <span class='ocrx_word' id='word_1_323' title='bbox 1559 4065 1787 4134; x_wconf 83' lang='grc' dir='ltr'>βασανι-</span> 
     </span>
    </p>
   </div>
   <div class='ocr_carea' id='block_1_45' title="bbox 203 4156 1787 4235">
    <p class='ocr_par' dir='ltr' id='par_1_45' title="bbox 203 4156 1787 4235">
     <span class='ocr_line' id='line_1_45' title="bbox 203 4156 1787 4235; baseline -0.004 -21"><span class='ocrx_word' id='word_1_324' title='bbox 203 4164 406 4235; x_wconf 78' lang='grc' dir='ltr'>στήρια</span> <span class='ocrx_word' id='word_1_325' title='bbox 460 4159 720 4231; x_wconf 80' lang='grc' dir='ltr'>μένουσίν</span> <span class='ocrx_word' id='word_1_326' title='bbox 780 4174 865 4211; x_wconf 87' lang='grc' dir='ltr'>σε.</span> <span class='ocrx_word' id='word_1_327' title='bbox 912 4157 974 4210; x_wconf 90' lang='lat'><strong>&#39;0</strong></span> <span class='ocrx_word' id='word_1_328' title='bbox 1035 4157 1189 4224; x_wconf 80' lang='grc' dir='ltr'>ἆγιος</span> <span class='ocrx_word' id='word_1_329' title='bbox 1224 4156 1320 4209; x_wconf 83' lang='grc' dir='ltr'>τοῦ</span> <span class='ocrx_word' id='word_1_330' title='bbox 1377 4157 1515 4209; x_wconf 78' lang='grc' dir='ltr'>Θεοῦ</span> <span class='ocrx_word' id='word_1_331' title='bbox 1572 4159 1787 4227; x_wconf 83' lang='grc' dir='ltr'>μάρτυς</span> 
     </span>
    </p>
   </div>
   <div class='ocr_carea' id='block_1_46' title="bbox 204 4246 1789 4321">
    <p class='ocr_par' dir='ltr' id='par_1_46' title="bbox 204 4246 1789 4321">
     <span class='ocr_line' id='line_1_46' title="bbox 204 4246 1789 4321; baseline -0.003 -13"><span class='ocrx_word' id='word_1_332' title='bbox 204 4257 433 4310; x_wconf 76' lang='grc' dir='ltr'>Πλάτων</span> <span class='ocrx_word' id='word_1_333' title='bbox 468 4252 709 4321; x_wconf 78' lang='grc' dir='ltr'>γελάσας</span> <span class='ocrx_word' id='word_1_334' title='bbox 740 4246 894 4303; x_wconf 83' lang='grc' dir='ltr'>εἶπεν</span> <span class='ocrx_word' id='word_1_335' title='bbox 921 4263 934 4277; x_wconf 87' lang='grc'><strong>⁸</strong></span> <span class='ocrx_word' id='word_1_336' title='bbox 975 4248 1186 4316; x_wconf 82' lang='grc' dir='ltr'>Ἀθλιε,</span> <span class='ocrx_word' id='word_1_337' title='bbox 1214 4250 1307 4302; x_wconf 80' lang='grc' dir='ltr'>καὶ</span> <span class='ocrx_word' id='word_1_338' title='bbox 1328 4247 1669 4320; x_wconf 76' lang='grc' dir='ltr'>ταλαίπωρε,</span> <span class='ocrx_word' id='word_1_339' title='bbox 1693 4252 1789 4304; x_wconf 76' lang='grc' dir='ltr'><strong>καὶ</strong></span> 
     </span>
    </p>
   </div>
   <div class='ocr_carea' id='block_1_47' title="bbox 205 4340 1788 4413">
    <p class='ocr_par' dir='ltr' id='par_1_47' title="bbox 205 4340 1788 4413">
     <span class='ocr_line' id='line_1_47' title="bbox 205 4340 1788 4413; baseline -0.002 -17"><span class='ocrx_word' id='word_1_340' title='bbox 205 4344 591 4413; x_wconf 85' lang='grc' dir='ltr'>μισάνθρωπε,</span> <span class='ocrx_word' id='word_1_341' title='bbox 630 4342 725 4393; x_wconf 74' lang='grc' dir='ltr'>καὶ</span> <span class='ocrx_word' id='word_1_342' title='bbox 756 4340 1026 4409; x_wconf 85' lang='grc' dir='ltr'>άνήμερε,</span> <span class='ocrx_word' id='word_1_343' title='bbox 1062 4340 1159 4407; x_wconf 56' lang='grc' dir='ltr'><strong>καὶ</strong></span> <span class='ocrx_word' id='word_1_344' title='bbox 1209 4340 1389 4409; x_wconf 78' lang='grc' dir='ltr'>πάσης</span> <span class='ocrx_word' id='word_1_345' title='bbox 1440 4341 1788 4409; x_wconf 75' lang='grc' dir='ltr'>παρανομίας</span> 
     </span>
    </p>
   </div>
   <div class='ocr_carea' id='block_1_48' title="bbox 204 4429 1786 4503">
    <p class='ocr_par' dir='ltr' id='par_1_48' title="bbox 204 4429 1786 4503">
     <span class='ocr_line' id='line_1_48' title="bbox 204 4429 1786 4503; baseline -0.003 -18"><span class='ocrx_word' id='word_1_346' title='bbox 204 4433 441 4503; x_wconf 74' lang='grc' dir='ltr'>ἀρχηγὶ,</span> <span class='ocrx_word' id='word_1_347' title='bbox 466 4432 718 4499; x_wconf 80' lang='grc' dir='ltr'>ἀλλότριε</span> <span class='ocrx_word' id='word_1_348' title='bbox 744 4430 837 4483; x_wconf 77' lang='grc' dir='ltr'>τοῦ</span> <span class='ocrx_word' id='word_1_349' title='bbox 862 4430 1020 4494; x_wconf 75' lang='grc' dir='ltr'>Θεοῦ,</span> <span class='ocrx_word' id='word_1_350' title='bbox 1042 4430 1137 4483; x_wconf 79' lang='grc' dir='ltr'>καὶ</span> <span class='ocrx_word' id='word_1_351' title='bbox 1168 4430 1418 4499; x_wconf 75' lang='grc' dir='ltr'>ὑπηρέτα</span> <span class='ocrx_word' id='word_1_352' title='bbox 1435 4429 1530 4480; x_wconf 81' lang='grc' dir='ltr'>τοῦ</span> <span class='ocrx_word' id='word_1_353' title='bbox 1554 4430 1786 4495; x_wconf 72' lang='grc' dir='ltr'>Σατανᾶ,</span> 
     </span>
    </p>
   </div>
   <div class='ocr_carea' id='block_1_49' title="bbox 1870 590 3443 662">
    <p class='ocr_par' dir='ltr' id='par_1_49' title="bbox 1870 590 3443 662">
     <span class='ocr_line' id='line_1_49' title="bbox 1870 590 3443 662; baseline 0.001 -15"><span class='ocrx_word' id='word_1_354' title='bbox 1870 593 2003 647; x_wconf 81' lang='lat' dir='ltr'><strong>Deus</strong></span> <span class='ocrx_word' id='word_1_355' title='bbox 2031 608 2213 646; x_wconf 81' lang='lat' dir='ltr'><strong>eorum</strong></span> <span class='ocrx_word' id='word_1_356' title='bbox 2252 594 2290 623; x_wconf 83' lang='lat'>“</span> <span class='ocrx_word' id='word_1_357' title='bbox 2317 592 2339 645; x_wconf 88' lang='lat'><strong>?</strong></span> <span class='ocrx_word' id='word_1_358' title='bbox 2369 590 2488 645; x_wconf 79' lang='lat' dir='ltr'><strong>Tibi</strong></span> <span class='ocrx_word' id='word_1_359' title='bbox 2518 608 2650 662; x_wconf 83' lang='lat' dir='ltr'><strong>ergo</strong></span> <span class='ocrx_word' id='word_1_360' title='bbox 2675 592 2904 658; x_wconf 78' lang='lat' dir='ltr'><strong>placeat,</strong></span> <span class='ocrx_word' id='word_1_361' title='bbox 2937 607 2969 645; x_wconf 89' lang='grc' dir='ltr'><strong>ο</strong></span> <span class='ocrx_word' id='word_1_362' title='bbox 3038 592 3266 647; x_wconf 72' lang='lat' dir='ltr'><strong>Domine</strong></span> <span class='ocrx_word' id='word_1_363' title='bbox 3314 595 3443 649; x_wconf 73' lang='lat' dir='ltr'><strong>Jesu</strong></span> 
     </span>
    </p>
   </div>
   <div class='ocr_carea' id='block_1_50' title="bbox 1864 682 3445 755">
    <p class='ocr_par' dir='ltr' id='par_1_50' title="bbox 1864 682 3445 755">
     <span class='ocr_line' id='line_1_50' title="bbox 1864 682 3445 755; baseline 0.001 -16"><span class='ocrx_word' id='word_1_364' title='bbox 1864 682 2119 744; x_wconf 84' lang='lat' dir='ltr'><strong>Christe,</strong></span> <span class='ocrx_word' id='word_1_365' title='bbox 2151 694 2208 737; x_wconf 90' lang='lat' dir='ltr'><strong>ut</strong></span> <span class='ocrx_word' id='word_1_366' title='bbox 2231 699 2330 755; x_wconf 86' lang='lat' dir='ltr'><strong>ego</strong></span> <span class='ocrx_word' id='word_1_367' title='bbox 2368 684 2603 739; x_wconf 82' lang='lat' dir='ltr'><strong>famulus</strong></span> <span class='ocrx_word' id='word_1_368' title='bbox 2634 693 2781 748; x_wconf 88' lang='lat' dir='ltr'><strong>tuus,</strong></span> <span class='ocrx_word' id='word_1_369' title='bbox 2844 683 3083 753; x_wconf 79' lang='lat' dir='ltr'><strong>perfecte</strong></span> <span class='ocrx_word' id='word_1_370' title='bbox 3141 686 3445 741; x_wconf 71' lang='lat' dir='ltr'><strong>adversarii</strong></span> 
     </span>
    </p>
   </div>
   <div class='ocr_carea' id='block_1_51' title="bbox 1865 775 3447 847">
    <p class='ocr_par' dir='ltr' id='par_1_51' title="bbox 1865 775 3447 847">
     <span class='ocr_line' id='line_1_51' title="bbox 1865 775 3447 847; baseline 0.002 -17"><span class='ocrx_word' id='word_1_371' title='bbox 1865 775 2135 845; x_wconf 80' lang='lat' dir='ltr'><strong>eﬁugiens</strong></span> <span class='ocrx_word' id='word_1_372' title='bbox 2172 776 2539 847; x_wconf 80' lang='lat' dir='ltr'><strong>tyrannidem,</strong></span> <span class='ocrx_word' id='word_1_373' title='bbox 2570 791 2697 829; x_wconf 88' lang='lat' dir='ltr'><strong>cum</strong></span> <span class='ocrx_word' id='word_1_374' title='bbox 2724 776 2948 829; x_wconf 77' lang='lat' dir='ltr'><strong>audacia</strong></span> <span class='ocrx_word' id='word_1_375' title='bbox 2970 783 3021 829; x_wconf 85' lang='lat' dir='ltr'><strong>et</strong></span> <span class='ocrx_word' id='word_1_376' title='bbox 3057 776 3249 829; x_wconf 88' lang='lat' dir='ltr'><strong>ﬁducia</strong></span> <span class='ocrx_word' id='word_1_377' title='bbox 3282 779 3447 833; x_wconf 67' lang='grc' dir='ltr'>εἱειει-</span> 
     </span>
    </p>
   </div>
   <div class='ocr_carea' id='block_1_52' title="bbox 1868 868 3446 937">
    <p class='ocr_par' dir='ltr' id='par_1_52' title="bbox 1868 868 3446 937">
     <span class='ocr_line' id='line_1_52' title="bbox 1868 868 3446 937; baseline 0.001 -14"><span class='ocrx_word' id='word_1_378' title='bbox 1868 880 1995 924; x_wconf 88' lang='lat' dir='ltr'><strong>ante</strong></span> <span class='ocrx_word' id='word_1_379' title='bbox 2020 880 2173 923; x_wconf 89' lang='lat' dir='ltr'><strong>tuum</strong></span> <span class='ocrx_word' id='word_1_380' title='bbox 2220 868 2461 923; x_wconf 88' lang='lat' dir='ltr'><strong>tribunal</strong></span> <span class='ocrx_word' id='word_1_381' title='bbox 2499 868 2770 933; x_wconf 76' lang='lat' dir='ltr'><strong>terribile,</strong></span> <span class='ocrx_word' id='word_1_382' title='bbox 2799 869 2901 923; x_wconf 90' lang='lat' dir='ltr'><strong>hoc</strong></span> <span class='ocrx_word' id='word_1_383' title='bbox 2936 872 3167 937; x_wconf 84' lang='lat' dir='ltr'><strong>pulchro</strong></span> <span class='ocrx_word' id='word_1_384' title='bbox 3190 870 3446 925; x_wconf 82' lang='lat' dir='ltr'><strong>confecto</strong></span> 
     </span>
    </p>
   </div>
   <div class='ocr_carea' id='block_1_53' title="bbox 1869 957 3447 1017">
    <p class='ocr_par' dir='ltr' id='par_1_53' title="bbox 1869 957 3447 1017">
     <span class='ocr_line' id='line_1_53' title="bbox 1869 957 3447 1017; baseline 0.002 -3"><span class='ocrx_word' id='word_1_385' title='bbox 1869 960 2195 1014; x_wconf 73' lang='lat' dir='ltr'><strong>certamine.</strong></span> <span class='ocrx_word' id='word_1_386' title='bbox 2229 957 2307 1014; x_wconf 88' lang='lat' dir='ltr'><strong>Te</strong></span> <span class='ocrx_word' id='word_1_387' title='bbox 2339 960 2482 1013; x_wconf 90' lang='lat' dir='ltr'><strong>enim</strong></span> <span class='ocrx_word' id='word_1_388' title='bbox 2515 960 2673 1015; x_wconf 85' lang='lat' dir='ltr'><strong>decet</strong></span> <span class='ocrx_word' id='word_1_389' title='bbox 2701 969 2757 1014; x_wconf 89' lang='lat' dir='ltr'><strong>et</strong></span> <span class='ocrx_word' id='word_1_390' title='bbox 2786 960 2837 1013; x_wconf 92' lang='lat' dir='ltr'><strong>in</strong></span> <span class='ocrx_word' id='word_1_391' title='bbox 2890 958 3149 1014; x_wconf 84' lang='lat' dir='ltr'><strong>Ecelesiis</strong></span> <span class='ocrx_word' id='word_1_392' title='bbox 3193 970 3248 1015; x_wconf 91' lang='lat' dir='ltr'><strong>et</strong></span> <span class='ocrx_word' id='word_1_393' title='bbox 3296 962 3447 1017; x_wconf 88' lang='lat' dir='ltr'><strong>omni</strong></span> 
     </span>
    </p>
   </div>
   <div class='ocr_carea' id='block_1_54' title="bbox 1869 1050 3450 1121">
    <p class='ocr_par' dir='ltr' id='par_1_54' title="bbox 1869 1050 3450 1121">
     <span class='ocr_line' id='line_1_54' title="bbox 1869 1050 3450 1121; baseline 0.002 -18"><span class='ocrx_word' id='word_1_394' title='bbox 1869 1050 1990 1107; x_wconf 90' lang='lat' dir='ltr'><strong>loco</strong></span> <span class='ocrx_word' id='word_1_395' title='bbox 2021 1059 2127 1106; x_wconf 68' lang='lat' dir='ltr'><strong>tua:</strong></span> <span class='ocrx_word' id='word_1_396' title='bbox 2158 1051 2552 1105; x_wconf 80' lang='lat' dir='ltr'><strong>dominationis</strong></span> <span class='ocrx_word' id='word_1_397' title='bbox 2602 1050 2799 1121; x_wconf 84' lang='lat' dir='ltr'><strong>gloria,</strong></span> <span class='ocrx_word' id='word_1_398' title='bbox 2857 1051 3053 1112; x_wconf 88' lang='lat' dir='ltr'><strong>honor,</strong></span> <span class='ocrx_word' id='word_1_399' title='bbox 3110 1052 3351 1120; x_wconf 85' lang='lat' dir='ltr'><strong>potentia</strong></span> <span class='ocrx_word' id='word_1_400' title='bbox 3393 1061 3450 1106; x_wconf 82' lang='lat' dir='ltr'><strong>et</strong></span> 
     </span>
    </p>
   </div>
   <div class='ocr_carea' id='block_1_55' title="bbox 1873 1140 3452 1213">
    <p class='ocr_par' dir='ltr' id='par_1_55' title="bbox 1873 1140 3452 1213">
     <span class='ocr_line' id='line_1_55' title="bbox 1873 1140 3452 1213; baseline 0.001 -19"><span class='ocrx_word' id='word_1_401' title='bbox 1873 1142 2152 1210; x_wconf 66' lang='lat' dir='ltr'><strong>maiestas,</strong></span> <span class='ocrx_word' id='word_1_402' title='bbox 2190 1156 2337 1213; x_wconf 65' lang='lat' dir='ltr'><strong>nunc</strong></span> <span class='ocrx_word' id='word_1_403' title='bbox 2374 1149 2427 1195; x_wconf 87' lang='lat' dir='ltr'><strong>et</strong></span> <span class='ocrx_word' id='word_1_404' title='bbox 2452 1155 2694 1210; x_wconf 87' lang='lat' dir='ltr'><strong>semper,</strong></span> <span class='ocrx_word' id='word_1_405' title='bbox 2730 1149 2785 1195; x_wconf 90' lang='lat' dir='ltr'><strong>et</strong></span> <span class='ocrx_word' id='word_1_406' title='bbox 2844 1140 2898 1195; x_wconf 92' lang='lat' dir='ltr'><strong>in</strong></span> <span class='ocrx_word' id='word_1_407' title='bbox 2963 1141 3160 1195; x_wconf 77' lang='lat' dir='ltr'><strong>saecula</strong></span> <span class='ocrx_word' id='word_1_408' title='bbox 3226 1144 3452 1196; x_wconf 62' lang='lat' dir='ltr'><strong>saculo-</strong></span> 
     </span>
    </p>
   </div>
   <div class='ocr_carea' id='block_1_56' title="bbox 1872 1231 3451 1298">
    <p class='ocr_par' dir='ltr' id='par_1_56' title="bbox 1872 1231 3451 1298">
     <span class='ocr_line' id='line_1_56' title="bbox 1872 1231 3451 1298; baseline 0.003 -13"><span class='ocrx_word' id='word_1_409' title='bbox 1872 1248 2014 1286; x_wconf 91' lang='lat' dir='ltr'><strong>rum.</strong></span> <span class='ocrx_word' id='word_1_410' title='bbox 2066 1232 2287 1286; x_wconf 88' lang='lat' dir='ltr'><strong>Etcum</strong></span> <span class='ocrx_word' id='word_1_411' title='bbox 2346 1231 2499 1286; x_wconf 84' lang='lat' dir='ltr'><strong>inulti</strong></span> <span class='ocrx_word' id='word_1_412' title='bbox 2526 1232 2833 1287; x_wconf 81' lang='lat' dir='ltr'><strong>audiissent</strong></span> <span class='ocrx_word' id='word_1_413' title='bbox 2864 1274 2877 1298; x_wconf 93' lang='lat'><strong>,</strong></span> <span class='ocrx_word' id='word_1_414' title='bbox 2927 1232 3119 1294; x_wconf 79' lang='lat' dir='ltr'><strong>Amen.</strong></span> <span class='ocrx_word' id='word_1_415' title='bbox 3159 1244 3341 1288; x_wconf 90' lang='lat' dir='ltr'><strong>motus</strong></span> <span class='ocrx_word' id='word_1_416' title='bbox 3368 1245 3451 1289; x_wconf 83' lang='lat' dir='ltr'><strong>est</strong></span> 
     </span>
    </p>
   </div>
   <div class='ocr_carea' id='block_1_57' title="bbox 1870 1322 3452 1393">
    <p class='ocr_par' dir='ltr' id='par_1_57' title="bbox 1870 1322 3452 1393">
     <span class='ocr_line' id='line_1_57' title="bbox 1870 1322 3452 1393; baseline 0.002 -18"><span class='ocrx_word' id='word_1_417' title='bbox 1870 1322 2023 1377; x_wconf 92' lang='lat' dir='ltr'><strong>locus</strong></span> <span class='ocrx_word' id='word_1_418' title='bbox 2065 1323 2305 1389; x_wconf 75' lang='lat' dir='ltr'><strong>basilica:</strong></span> <span class='ocrx_word' id='word_1_419' title='bbox 2335 1339 2351 1377; x_wconf 91' lang='lat'><strong>:</strong></span> <span class='ocrx_word' id='word_1_420' title='bbox 2386 1333 2442 1377; x_wconf 90' lang='lat' dir='ltr'><strong>et</strong></span> <span class='ocrx_word' id='word_1_421' title='bbox 2470 1338 2537 1377; x_wconf 88' lang='lat' dir='ltr'><strong>ne</strong></span> <span class='ocrx_word' id='word_1_422' title='bbox 2579 1324 2657 1378; x_wconf 88' lang='lat' dir='ltr'><strong>sic</strong></span> <span class='ocrx_word' id='word_1_423' title='bbox 2702 1324 2924 1393; x_wconf 86' lang='lat' dir='ltr'><strong>quidem</strong></span> <span class='ocrx_word' id='word_1_424' title='bbox 2980 1325 3249 1380; x_wconf 73' lang='lat' dir='ltr'><strong>intellexit</strong></span> <span class='ocrx_word' id='word_1_425' title='bbox 3287 1327 3452 1381; x_wconf 85' lang='lat' dir='ltr'><strong>miser</strong></span> 
     </span>
    </p>
   </div>
   <div class='ocr_carea' id='block_1_58' title="bbox 1870 1420 3454 1490">
    <p class='ocr_par' dir='ltr' id='par_1_58' title="bbox 1870 1420 3454 1490">
     <span class='ocr_line' id='line_1_58' title="bbox 1870 1420 3454 1490; baseline 0.003 -17"><span class='ocrx_word' id='word_1_426' title='bbox 1870 1420 2222 1490; x_wconf 83' lang='lat' dir='ltr'><strong>Agrippinus,</strong></span> <span class='ocrx_word' id='word_1_427' title='bbox 2257 1420 2401 1488; x_wconf 92' lang='lat' dir='ltr'><strong>quod</strong></span> <span class='ocrx_word' id='word_1_428' title='bbox 2430 1420 2690 1475; x_wconf 79' lang='lat' dir='ltr'><strong>Christus</strong></span> <span class='ocrx_word' id='word_1_429' title='bbox 2719 1421 2768 1474; x_wconf 92' lang='lat' dir='ltr'><strong>ei</strong></span> <span class='ocrx_word' id='word_1_430' title='bbox 2802 1421 2976 1475; x_wconf 79' lang='lat' dir='ltr'><strong>ferret</strong></span> <span class='ocrx_word' id='word_1_431' title='bbox 3038 1423 3324 1485; x_wconf 78' lang='lat' dir='ltr'><strong>auxilium.</strong></span> <span class='ocrx_word' id='word_1_432' title='bbox 3356 1424 3454 1477; x_wconf 88' lang='lat' dir='ltr'><strong>sed</strong></span> 
     </span>
    </p>
   </div>
   <div class='ocr_carea' id='block_1_59' title="bbox 1870 1491 3449 1577">
    <p class='ocr_par' dir='ltr' id='par_1_59' title="bbox 1870 1491 3449 1577">
     <span class='ocr_line' id='line_1_59' title="bbox 1870 1491 3449 1577; baseline 0.001 -16"><span class='ocrx_word' id='word_1_433' title='bbox 1870 1508 2009 1561; x_wconf 76' lang='lat' dir='ltr'><strong>dixit</strong></span> <span class='ocrx_word' id='word_1_434' title='bbox 2043 1509 2092 1561; x_wconf 90' lang='lat' dir='ltr'><strong>ei</strong></span> <span class='ocrx_word' id='word_1_435' title='bbox 2122 1526 2134 1561; x_wconf 91' lang='lat'><strong>:</strong></span> <span class='ocrx_word' id='word_1_436' title='bbox 2171 1507 2363 1577; x_wconf 81' lang='lat' dir='ltr'><strong>impie,</strong></span> <span class='ocrx_word' id='word_1_437' title='bbox 2389 1524 2487 1561; x_wconf 89' lang='lat' dir='ltr'><strong>cur</strong></span> <span class='ocrx_word' id='word_1_438' title='bbox 2510 1523 2570 1562; x_wconf 91' lang='lat' dir='ltr'><strong>es</strong></span> <span class='ocrx_word' id='word_1_439' title='bbox 2599 1508 2737 1562; x_wconf 86' lang='lat' dir='ltr'><strong>adeo</strong></span> <span class='ocrx_word' id='word_1_440' title='bbox 2770 1521 2967 1563; x_wconf 68' lang='lat' dir='ltr'><strong>emotae</strong></span> <span class='ocrx_word' id='word_1_441' title='bbox 3007 1513 3227 1573; x_wconf 83' lang='lat' dir='ltr'><strong>mentis,</strong></span> <span class='ocrx_word' id='word_1_442' title='bbox 3266 1491 3321 1564; x_wconf 83' lang='lat' dir='ltr'><strong>et</strong></span> <span class='ocrx_word' id='word_1_443' title='bbox 3344 1526 3449 1565; x_wconf 92' lang='lat' dir='ltr'><strong>non</strong></span> 
     </span>
    </p>
   </div>
   <div class='ocr_carea' id='block_1_60' title="bbox 1872 1598 3438 1669">
    <p class='ocr_par' dir='ltr' id='par_1_60' title="bbox 1872 1598 3438 1669">
     <span class='ocr_line' id='line_1_60' title="bbox 1872 1598 3438 1669; baseline 0.001 -17"><span class='ocrx_word' id='word_1_444' title='bbox 1872 1598 2048 1669; x_wconf 84' lang='lat' dir='ltr'><strong>parcis</strong></span> <span class='ocrx_word' id='word_1_445' title='bbox 2086 1606 2178 1652; x_wconf 90' lang='lat' dir='ltr'><strong>tuo</strong></span> <span class='ocrx_word' id='word_1_446' title='bbox 2202 1598 2445 1667; x_wconf 84' lang='lat' dir='ltr'><strong>corpori,</strong></span> <span class='ocrx_word' id='word_1_447' title='bbox 2480 1613 2605 1653; x_wconf 89' lang='lat' dir='ltr'><strong>cum</strong></span> <span class='ocrx_word' id='word_1_448' title='bbox 2638 1599 2691 1653; x_wconf 88' lang='lat' dir='ltr'><strong>id</strong></span> <span class='ocrx_word' id='word_1_449' title='bbox 2725 1600 2905 1654; x_wconf 84' lang='lat' dir='ltr'><strong>videas</strong></span> <span class='ocrx_word' id='word_1_450' title='bbox 2933 1600 3098 1652; x_wconf 88' lang='lat' dir='ltr'><strong>variis</strong></span> <span class='ocrx_word' id='word_1_451' title='bbox 3128 1600 3305 1654; x_wconf 89' lang='lat' dir='ltr'><strong>modis</strong></span> <span class='ocrx_word' id='word_1_452' title='bbox 3327 1609 3438 1653; x_wconf 90' lang='lat' dir='ltr'><strong>tam</strong></span> 
     </span>
    </p>
   </div>
   <div class='ocr_carea' id='block_1_61' title="bbox 1872 1690 3454 1761">
    <p class='ocr_par' dir='ltr' id='par_1_61' title="bbox 1872 1690 3454 1761">
     <span class='ocr_line' id='line_1_61' title="bbox 1872 1690 3454 1761; baseline 0.003 -17"><span class='ocrx_word' id='word_1_453' title='bbox 1872 1692 2070 1746; x_wconf 80' lang='lat' dir='ltr'><strong>acerbe</strong></span> <span class='ocrx_word' id='word_1_454' title='bbox 2100 1690 2385 1745; x_wconf 63' lang='lat' dir='ltr'><strong>cruciarii</strong></span> <span class='ocrx_word' id='word_1_455' title='bbox 2411 1690 2549 1745; x_wconf 85' lang='lat' dir='ltr'><strong>Pare</strong></span> <span class='ocrx_word' id='word_1_456' title='bbox 2577 1705 2707 1761; x_wconf 90' lang='lat' dir='ltr'><strong>ergo</strong></span> <span class='ocrx_word' id='word_1_457' title='bbox 2754 1692 2913 1757; x_wconf 85' lang='lat' dir='ltr'><strong>mihi,</strong></span> <span class='ocrx_word' id='word_1_458' title='bbox 2952 1700 3008 1747; x_wconf 88' lang='lat' dir='ltr'><strong>et</strong></span> <span class='ocrx_word' id='word_1_459' title='bbox 3033 1692 3282 1747; x_wconf 89' lang='lat' dir='ltr'><strong>sacriﬁca</strong></span> <span class='ocrx_word' id='word_1_460' title='bbox 3348 1692 3454 1748; x_wconf 87' lang='lat' dir='ltr'><strong>diis</strong></span> 
     </span>
    </p>
   </div>
   <div class='ocr_carea' id='block_1_62' title="bbox 1877 1784 3449 1847">
    <p class='ocr_par' dir='ltr' id='par_1_62' title="bbox 1877 1784 3449 1847">
     <span class='ocr_line' id='line_1_62' title="bbox 1877 1784 3449 1847; baseline 0.001 -10"><span class='ocrx_word' id='word_1_461' title='bbox 1877 1784 2234 1847; x_wconf 83' lang='lat' dir='ltr'><strong>intemeratis,</strong></span> <span class='ocrx_word' id='word_1_462' title='bbox 2252 1800 2321 1838; x_wconf 89' lang='lat' dir='ltr'><strong>ne</strong></span> <span class='ocrx_word' id='word_1_463' title='bbox 2351 1784 2491 1837; x_wconf 90' lang='lat' dir='ltr'><strong>male</strong></span> <span class='ocrx_word' id='word_1_464' title='bbox 2521 1784 2797 1838; x_wconf 85' lang='lat' dir='ltr'><strong>moriaris.</strong></span> <span class='ocrx_word' id='word_1_465' title='bbox 2834 1786 3074 1839; x_wconf 84' lang='lat' dir='ltr'><strong>Sanctus</strong></span> <span class='ocrx_word' id='word_1_466' title='bbox 3096 1784 3249 1840; x_wconf 81' lang='lat' dir='ltr'><strong>Plato</strong></span> <span class='ocrx_word' id='word_1_467' title='bbox 3279 1786 3449 1841; x_wconf 76' lang='lat' dir='ltr'><strong>dixit:</strong></span> 
     </span>
    </p>
   </div>
   <div class='ocr_carea' id='block_1_63' title="bbox 1802 1846 3454 1945">
    <p class='ocr_par' dir='ltr' id='par_1_63' title="bbox 1802 1846 3454 1945">
     <span class='ocr_line' id='line_1_63' title="bbox 1802 1846 3454 1945; baseline 0.003 -18"><span class='ocrx_word' id='word_1_468' title='bbox 1802 1846 1846 1906; x_wconf 73' lang='grc' dir='ltr'><strong><em>Β</em></strong></span> <span class='ocrx_word' id='word_1_469' title='bbox 1878 1875 1989 1929; x_wconf 82' lang='lat' dir='ltr'><strong>Dixi</strong></span> <span class='ocrx_word' id='word_1_470' title='bbox 2018 1873 2114 1930; x_wconf 85' lang='lat' dir='ltr'><strong>tibi</strong></span> <span class='ocrx_word' id='word_1_471' title='bbox 2147 1890 2313 1945; x_wconf 62' lang='lat' dir='ltr'><strong>sape,</strong></span> <span class='ocrx_word' id='word_1_472' title='bbox 2346 1875 2480 1944; x_wconf 91' lang='lat' dir='ltr'><strong>quin</strong></span> <span class='ocrx_word' id='word_1_473' title='bbox 2517 1875 2682 1929; x_wconf 88' lang='lat' dir='ltr'><strong>etiam</strong></span> <span class='ocrx_word' id='word_1_474' title='bbox 2716 1889 2866 1930; x_wconf 90' lang='lat' dir='ltr'><strong>nunc</strong></span> <span class='ocrx_word' id='word_1_475' title='bbox 2902 1875 2998 1929; x_wconf 89' lang='lat' dir='ltr'><strong>tibi</strong></span> <span class='ocrx_word' id='word_1_476' title='bbox 3034 1877 3180 1943; x_wconf 87' lang='lat' dir='ltr'><strong>dico,</strong></span> <span class='ocrx_word' id='word_1_477' title='bbox 3216 1893 3303 1931; x_wconf 91' lang='lat' dir='ltr'><strong>me</strong></span> <span class='ocrx_word' id='word_1_478' title='bbox 3334 1892 3454 1932; x_wconf 86' lang='lat' dir='ltr'><strong>esse</strong></span> 
     </span>
    </p>
   </div>
   <div class='ocr_carea' id='block_1_64' title="bbox 1875 1967 3456 2037">
    <p class='ocr_par' dir='ltr' id='par_1_64' title="bbox 1875 1967 3456 2037">
     <span class='ocr_line' id='line_1_64' title="bbox 1875 1967 3456 2037; baseline 0.004 -19"><span class='ocrx_word' id='word_1_479' title='bbox 1875 1967 1966 2020; x_wconf 91' lang='lat' dir='ltr'><strong>Dei</strong></span> <span class='ocrx_word' id='word_1_480' title='bbox 2000 1968 2290 2032; x_wconf 86' lang='lat' dir='ltr'><strong>cultorem,</strong></span> <span class='ocrx_word' id='word_1_481' title='bbox 2333 1983 2433 2021; x_wconf 90' lang='lat' dir='ltr'><strong>nec</strong></span> <span class='ocrx_word' id='word_1_482' title='bbox 2468 1977 2527 2022; x_wconf 92' lang='lat' dir='ltr'><strong>ut</strong></span> <span class='ocrx_word' id='word_1_483' title='bbox 2591 1968 2716 2037; x_wconf 81' lang='lat' dir='ltr'><strong>ejus</strong></span> <span class='ocrx_word' id='word_1_484' title='bbox 2769 1968 2990 2023; x_wconf 89' lang='lat' dir='ltr'><strong>decreta</strong></span> <span class='ocrx_word' id='word_1_485' title='bbox 3047 1969 3313 2032; x_wconf 80' lang='lat' dir='ltr'><strong>deseram,</strong></span> <span class='ocrx_word' id='word_1_486' title='bbox 3369 1985 3456 2024; x_wconf 88' lang='lat' dir='ltr'><strong>me</strong></span> 
     </span>
    </p>
   </div>
   <div class='ocr_carea' id='block_1_65' title="bbox 1872 2058 3455 2126">
    <p class='ocr_par' dir='ltr' id='par_1_65' title="bbox 1872 2058 3455 2126">
     <span class='ocr_line' id='line_1_65' title="bbox 1872 2058 3455 2126; baseline 0.001 -16"><span class='ocrx_word' id='word_1_487' title='bbox 1872 2071 2030 2124; x_wconf 86' lang='lat' dir='ltr'><strong>posse</strong></span> <span class='ocrx_word' id='word_1_488' title='bbox 2060 2058 2114 2110; x_wconf 88' lang='lat' dir='ltr'><strong>in</strong></span> <span class='ocrx_word' id='word_1_489' title='bbox 2169 2060 2418 2111; x_wconf 87' lang='lat' dir='ltr'><strong>animum</strong></span> <span class='ocrx_word' id='word_1_490' title='bbox 2452 2060 2736 2124; x_wconf 79' lang='lat' dir='ltr'><strong>inducere,</strong></span> <span class='ocrx_word' id='word_1_491' title='bbox 2792 2075 2894 2115; x_wconf 92' lang='lat' dir='ltr'><strong>nec</strong></span> <span class='ocrx_word' id='word_1_492' title='bbox 2952 2068 3011 2113; x_wconf 90' lang='lat' dir='ltr'><strong>ut</strong></span> <span class='ocrx_word' id='word_1_493' title='bbox 3059 2076 3156 2115; x_wconf 90' lang='lat' dir='ltr'><strong>eos</strong></span> <span class='ocrx_word' id='word_1_494' title='bbox 3207 2061 3455 2126; x_wconf 85' lang='lat' dir='ltr'><strong>adorem,</strong></span> 
     </span>
    </p>
   </div>
   <div class='ocr_carea' id='block_1_66' title="bbox 1871 2148 3457 2217">
    <p class='ocr_par' dir='ltr' id='par_1_66' title="bbox 1871 2148 3457 2217">
     <span class='ocr_line' id='line_1_66' title="bbox 1871 2148 3457 2217; baseline 0.003 -16"><span class='ocrx_word' id='word_1_495' title='bbox 1871 2148 1964 2217; x_wconf 91' lang='lat' dir='ltr'><strong>qui</strong></span> <span class='ocrx_word' id='word_1_496' title='bbox 2023 2156 2228 2202; x_wconf 85' lang='lat' dir='ltr'><strong>temere</strong></span> <span class='ocrx_word' id='word_1_497' title='bbox 2296 2163 2495 2209; x_wconf 78' lang='lat' dir='ltr'><strong>nomen</strong></span> <span class='ocrx_word' id='word_1_498' title='bbox 2562 2150 2766 2203; x_wconf 86' lang='lat' dir='ltr'><strong>habent</strong></span> <span class='ocrx_word' id='word_1_499' title='bbox 2830 2152 3080 2215; x_wconf 87' lang='lat' dir='ltr'><strong>deorum,</strong></span> <span class='ocrx_word' id='word_1_500' title='bbox 3125 2162 3457 2206; x_wconf 78' lang='lat' dir='ltr'><strong>suntautem</strong></span> 
     </span>
    </p>
   </div>
   <div class='ocr_carea' id='block_1_67' title="bbox 1873 2238 3459 2303">
    <p class='ocr_par' dir='ltr' id='par_1_67' title="bbox 1873 2238 3459 2303">
     <span class='ocr_line' id='line_1_67' title="bbox 1873 2238 3459 2303; baseline 0.003 -12"><span class='ocrx_word' id='word_1_501' title='bbox 1873 2238 2178 2292; x_wconf 87' lang='lat' dir='ltr'><strong>adulterina</strong></span> <span class='ocrx_word' id='word_1_502' title='bbox 2202 2248 2257 2292; x_wconf 88' lang='lat' dir='ltr'><strong>et</strong></span> <span class='ocrx_word' id='word_1_503' title='bbox 2274 2239 2609 2293; x_wconf 80' lang='lat' dir='ltr'><strong>exsecranda</strong></span> <span class='ocrx_word' id='word_1_504' title='bbox 2627 2240 2942 2295; x_wconf 86' lang='lat' dir='ltr'><strong>simulacra.</strong></span> <span class='ocrx_word' id='word_1_505' title='bbox 2967 2241 3077 2303; x_wconf 72' lang='lat' dir='ltr'><strong>Sed</strong></span> <span class='ocrx_word' id='word_1_506' title='bbox 3104 2257 3210 2295; x_wconf 91' lang='lat' dir='ltr'><strong>non</strong></span> <span class='ocrx_word' id='word_1_507' title='bbox 3229 2244 3459 2297; x_wconf 86' lang='lat' dir='ltr'><strong>cessabo</strong></span> 
     </span>
    </p>
   </div>
   <div class='ocr_carea' id='block_1_68' title="bbox 1876 2330 3459 2402">
    <p class='ocr_par' dir='ltr' id='par_1_68' title="bbox 1876 2330 3459 2402">
     <span class='ocr_line' id='line_1_68' title="bbox 1876 2330 3459 2402; baseline 0.004 -17"><span class='ocrx_word' id='word_1_508' title='bbox 1876 2331 1931 2385; x_wconf 89' lang='lat' dir='ltr'><strong>in</strong></span> <span class='ocrx_word' id='word_1_509' title='bbox 1958 2331 2075 2387; x_wconf 85' lang='lat' dir='ltr'><strong>dies</strong></span> <span class='ocrx_word' id='word_1_510' title='bbox 2101 2330 2319 2386; x_wconf 82' lang='lat' dir='ltr'><strong>assidue</strong></span> <span class='ocrx_word' id='word_1_511' title='bbox 2382 2330 2492 2387; x_wconf 87' lang='lat' dir='ltr'><strong>Deo</strong></span> <span class='ocrx_word' id='word_1_512' title='bbox 2526 2347 2648 2387; x_wconf 90' lang='lat' dir='ltr'><strong>meo</strong></span> <span class='ocrx_word' id='word_1_513' title='bbox 2688 2334 2975 2401; x_wconf 75' lang='lat' dir='ltr'><strong>procidere</strong></span> <span class='ocrx_word' id='word_1_514' title='bbox 3028 2344 3082 2389; x_wconf 87' lang='lat' dir='ltr'><strong>et</strong></span> <span class='ocrx_word' id='word_1_515' title='bbox 3123 2350 3247 2390; x_wconf 87' lang='lat' dir='ltr'><strong>eum</strong></span> <span class='ocrx_word' id='word_1_516' title='bbox 3279 2350 3459 2402; x_wconf 86' lang='lat' dir='ltr'><strong>orare,</strong></span> 
     </span>
    </p>
   </div>
   <div class='ocr_carea' id='block_1_69' title="bbox 1878 2424 3462 2498">
    <p class='ocr_par' dir='ltr' id='par_1_69' title="bbox 1878 2424 3462 2498">
     <span class='ocr_line' id='line_1_69' title="bbox 1878 2424 3462 2498; baseline 0.003 -20"><span class='ocrx_word' id='word_1_517' title='bbox 1878 2433 1939 2479; x_wconf 90' lang='lat' dir='ltr'><strong>ut</strong></span> <span class='ocrx_word' id='word_1_518' title='bbox 1969 2424 2203 2478; x_wconf 82' lang='lat' dir='ltr'><strong>salutem</strong></span> <span class='ocrx_word' id='word_1_519' title='bbox 2220 2428 2289 2479; x_wconf 86' lang='lat' dir='ltr'><strong>ab</strong></span> <span class='ocrx_word' id='word_1_520' title='bbox 2322 2439 2389 2478; x_wconf 89' lang='lat' dir='ltr'><strong>eo</strong></span> <span class='ocrx_word' id='word_1_521' title='bbox 2421 2439 2751 2494; x_wconf 80' lang='lat' dir='ltr'><strong>consequar.</strong></span> <span class='ocrx_word' id='word_1_522' title='bbox 2788 2424 2871 2480; x_wconf 87' lang='lat' dir='ltr'><strong>Tu</strong></span> <span class='ocrx_word' id='word_1_523' title='bbox 2905 2436 3118 2493; x_wconf 86' lang='lat' dir='ltr'><strong>autem,</strong></span> <span class='ocrx_word' id='word_1_524' title='bbox 3160 2429 3462 2498; x_wconf 77' lang='lat' dir='ltr'><strong>Agrippino</strong></span> 
     </span>
    </p>
   </div>
   <div class='ocr_carea' id='block_1_70' title="bbox 1879 2516 3462 2589">
    <p class='ocr_par' dir='ltr' id='par_1_70' title="bbox 1879 2516 3462 2589">
     <span class='ocr_line' id='line_1_70' title="bbox 1879 2516 3462 2589; baseline 0.003 -19"><span class='ocrx_word' id='word_1_525' title='bbox 1879 2525 2136 2586; x_wconf 86' lang='lat' dir='ltr'><strong>tyranne,</strong></span> <span class='ocrx_word' id='word_1_526' title='bbox 2163 2517 2316 2570; x_wconf 73' lang='lat' dir='ltr'><strong>vanis</strong></span> <span class='ocrx_word' id='word_1_527' title='bbox 2343 2516 2536 2570; x_wconf 78' lang='lat' dir='ltr'><strong>atﬁxus</strong></span> <span class='ocrx_word' id='word_1_528' title='bbox 2595 2518 2925 2580; x_wconf 81' lang='lat' dir='ltr'><strong>simulacris,</strong></span> <span class='ocrx_word' id='word_1_529' title='bbox 2956 2527 3013 2571; x_wconf 85' lang='lat' dir='ltr'><strong>et</strong></span> <span class='ocrx_word' id='word_1_530' title='bbox 3064 2535 3097 2574; x_wconf 85' lang='lat' dir='ltr'><strong>a</strong></span> <span class='ocrx_word' id='word_1_531' title='bbox 3166 2530 3322 2589; x_wconf 88' lang='lat' dir='ltr'><strong>patre</strong></span> <span class='ocrx_word' id='word_1_532' title='bbox 3368 2532 3462 2575; x_wconf 87' lang='lat' dir='ltr'><strong>tuo</strong></span> 
     </span>
    </p>
   </div>
   <div class='ocr_carea' id='block_1_71' title="bbox 1876 2605 3464 2683">
    <p class='ocr_par' dir='ltr' id='par_1_71' title="bbox 1876 2605 3464 2683">
     <span class='ocr_line' id='line_1_71' title="bbox 1876 2605 3464 2683; baseline 0.004 -23"><span class='ocrx_word' id='word_1_533' title='bbox 1876 2605 2072 2661; x_wconf 86' lang='lat' dir='ltr'><strong>Satana</strong></span> <span class='ocrx_word' id='word_1_534' title='bbox 2090 2608 2332 2675; x_wconf 88' lang='lat' dir='ltr'><strong>privatus</strong></span> <span class='ocrx_word' id='word_1_535' title='bbox 2346 2615 2548 2669; x_wconf 87' lang='lat' dir='ltr'><strong>mente.</strong></span> <span class='ocrx_word' id='word_1_536' title='bbox 2569 2623 2689 2676; x_wconf 78' lang='lat' dir='ltr'><strong>quae</strong></span> <span class='ocrx_word' id='word_1_537' title='bbox 2719 2618 2771 2663; x_wconf 84' lang='lat' dir='ltr'><strong>te</strong></span> <span class='ocrx_word' id='word_1_538' title='bbox 2800 2610 3051 2664; x_wconf 82' lang='lat' dir='ltr'><strong>trahebat</strong></span> <span class='ocrx_word' id='word_1_539' title='bbox 3068 2611 3134 2665; x_wconf 89' lang='lat' dir='ltr'><strong>ad</strong></span> <span class='ocrx_word' id='word_1_540' title='bbox 3164 2613 3253 2664; x_wconf 88' lang='lat' dir='ltr'><strong>Dei</strong></span> <span class='ocrx_word' id='word_1_541' title='bbox 3277 2613 3464 2683; x_wconf 85' lang='lat' dir='ltr'><strong>cogni-</strong></span> 
     </span>
    </p>
   </div>
   <div class='ocr_carea' id='block_1_72' title="bbox 1878 2697 3462 2773">
    <p class='ocr_par' dir='ltr' id='par_1_72' title="bbox 1878 2697 3462 2773">
     <span class='ocr_line' id='line_1_72' title="bbox 1878 2697 3462 2773; baseline 0.006 -23"><span class='ocrx_word' id='word_1_542' title='bbox 1878 2697 2108 2762; x_wconf 90' lang='lat' dir='ltr'><strong>tionem,</strong></span> <span class='ocrx_word' id='word_1_543' title='bbox 2141 2706 2197 2753; x_wconf 88' lang='lat' dir='ltr'><strong>et</strong></span> <span class='ocrx_word' id='word_1_544' title='bbox 2225 2707 2373 2753; x_wconf 87' lang='lat' dir='ltr'><strong>totus</strong></span> <span class='ocrx_word' id='word_1_545' title='bbox 2404 2698 2658 2753; x_wconf 87' lang='lat' dir='ltr'><strong>redactus</strong></span> <span class='ocrx_word' id='word_1_546' title='bbox 2692 2700 2747 2755; x_wconf 90' lang='lat' dir='ltr'><strong>in</strong></span> <span class='ocrx_word' id='word_1_547' title='bbox 2778 2702 2897 2772; x_wconf 76' lang='lat' dir='ltr'><strong>ejus</strong></span> <span class='ocrx_word' id='word_1_548' title='bbox 2933 2712 3283 2773; x_wconf 86' lang='lat' dir='ltr'><strong>potestatem,</strong></span> <span class='ocrx_word' id='word_1_549' title='bbox 3310 2714 3365 2758; x_wconf 89' lang='lat' dir='ltr'><strong>et</strong></span> <span class='ocrx_word' id='word_1_550' title='bbox 3395 2704 3462 2759; x_wconf 83' lang='lat' dir='ltr'><strong>ad</strong></span> 
     </span>
    </p>
   </div>
   <div class='ocr_carea' id='block_1_73' title="bbox 1878 2788 3463 2865">
    <p class='ocr_par' dir='ltr' id='par_1_73' title="bbox 1878 2788 3463 2865">
     <span class='ocr_line' id='line_1_73' title="bbox 1878 2788 3463 2865; baseline 0.004 -20"><span class='ocrx_word' id='word_1_551' title='bbox 1878 2788 2022 2845; x_wconf 78' lang='lat' dir='ltr'><strong>viam</strong></span> <span class='ocrx_word' id='word_1_552' title='bbox 2055 2791 2180 2845; x_wconf 73' lang='lat' dir='ltr'><strong>vita:</strong></span> <span class='ocrx_word' id='word_1_553' title='bbox 2216 2790 2409 2846; x_wconf 88' lang='lat' dir='ltr'><strong>nolens</strong></span> <span class='ocrx_word' id='word_1_554' title='bbox 2442 2792 2763 2857; x_wconf 82' lang='lat' dir='ltr'><strong>ascendere,</strong></span> <span class='ocrx_word' id='word_1_555' title='bbox 2801 2795 2855 2848; x_wconf 88' lang='lat' dir='ltr'><strong>in</strong></span> <span class='ocrx_word' id='word_1_556' title='bbox 2882 2804 3148 2850; x_wconf 74' lang='lat' dir='ltr'><strong>aeternum</strong></span> <span class='ocrx_word' id='word_1_557' title='bbox 3212 2796 3463 2865; x_wconf 87' lang='lat' dir='ltr'><strong>punieris</strong></span> 
     </span>
    </p>
   </div>
   <div class='ocr_carea' id='block_1_74' title="bbox 1880 2880 3469 2953">
    <p class='ocr_par' dir='ltr' id='par_1_74' title="bbox 1880 2880 3469 2953">
     <span class='ocr_line' id='line_1_74' title="bbox 1880 2880 3469 2953; baseline 0.004 -17"><span class='ocrx_word' id='word_1_558' title='bbox 1880 2895 1910 2936; x_wconf 82' lang='lat' dir='ltr'><strong>a</strong></span> <span class='ocrx_word' id='word_1_559' title='bbox 1937 2880 2182 2951; x_wconf 85' lang='lat' dir='ltr'><strong>Deo,&#39;qui</strong></span> <span class='ocrx_word' id='word_1_560' title='bbox 2209 2883 2341 2936; x_wconf 89' lang='lat' dir='ltr'><strong>mihi</strong></span> <span class='ocrx_word' id='word_1_561' title='bbox 2368 2883 2476 2938; x_wconf 90' lang='lat' dir='ltr'><strong>l‘ert</strong></span> <span class='ocrx_word' id='word_1_562' title='bbox 2504 2899 2684 2953; x_wconf 86' lang='lat' dir='ltr'><strong>opem.</strong></span> <span class='ocrx_word' id='word_1_563' title='bbox 2740 2884 2914 2950; x_wconf 88' lang='lat' dir='ltr'><strong>Quem</strong></span> <span class='ocrx_word' id='word_1_564' title='bbox 2972 2889 3306 2942; x_wconf 85' lang='lat' dir='ltr'><strong>contumelia</strong></span> <span class='ocrx_word' id='word_1_565' title='bbox 3351 2888 3469 2942; x_wconf 85' lang='lat' dir='ltr'><strong>am-</strong></span> 
     </span>
    </p>
   </div>
   <div class='ocr_carea' id='block_1_75' title="bbox 1879 2971 3469 3046">
    <p class='ocr_par' dir='ltr' id='par_1_75' title="bbox 1879 2971 3469 3046">
     <span class='ocr_line' id='line_1_75' title="bbox 1879 2971 3469 3046; baseline 0.006 -21"><span class='ocrx_word' id='word_1_566' title='bbox 1879 2971 2049 3036; x_wconf 89' lang='lat' dir='ltr'><strong>ciens,</strong></span> <span class='ocrx_word' id='word_1_567' title='bbox 2081 2975 2200 3043; x_wconf 86' lang='lat' dir='ltr'><strong>ejus</strong></span> <span class='ocrx_word' id='word_1_568' title='bbox 2228 2990 2418 3029; x_wconf 79' lang='lat' dir='ltr'><strong>servos</strong></span> <span class='ocrx_word' id='word_1_569' title='bbox 2446 2976 2611 3030; x_wconf 83' lang='lat' dir='ltr'><strong>variis</strong></span> <span class='ocrx_word' id='word_1_570' title='bbox 2681 2978 2969 3033; x_wconf 89' lang='lat' dir='ltr'><strong>tormentis</strong></span> <span class='ocrx_word' id='word_1_571' title='bbox 3004 2979 3244 3046; x_wconf 85' lang='lat' dir='ltr'><strong>subjicis,</strong></span> <span class='ocrx_word' id='word_1_572' title='bbox 3279 2981 3469 3035; x_wconf 59' lang='lat' dir='ltr'><strong>existi.</strong></span> 
     </span>
    </p>
   </div>
   <div class='ocr_carea' id='block_1_76' title="bbox 1878 3070 3469 3143">
    <p class='ocr_par' dir='ltr' id='par_1_76' title="bbox 1878 3070 3469 3143">
     <span class='ocr_line' id='line_1_76' title="bbox 1878 3070 3469 3143; baseline 0.007 -28"><span class='ocrx_word' id='word_1_573' title='bbox 1878 3077 2039 3116; x_wconf 86' lang='lat' dir='ltr'><strong>mans</strong></span> <span class='ocrx_word' id='word_1_574' title='bbox 2071 3072 2122 3118; x_wconf 90' lang='lat' dir='ltr'><strong>te</strong></span> <span class='ocrx_word' id='word_1_575' title='bbox 2155 3074 2491 3119; x_wconf 86' lang='lat' dir='ltr'><strong>mutaturum</strong></span> <span class='ocrx_word' id='word_1_576' title='bbox 2525 3083 2713 3120; x_wconf 87' lang='lat' dir='ltr'><strong>eorum</strong></span> <span class='ocrx_word' id='word_1_577' title='bbox 2743 3070 2946 3123; x_wconf 86' lang='lat' dir='ltr'><strong>bonum</strong></span> <span class='ocrx_word' id='word_1_578' title='bbox 2984 3071 3035 3125; x_wconf 92' lang='lat' dir='ltr'><strong>in</strong></span> <span class='ocrx_word' id='word_1_579' title='bbox 3070 3071 3237 3127; x_wconf 88' lang='lat' dir='ltr'><strong>Deum</strong></span> <span class='ocrx_word' id='word_1_580' title='bbox 3268 3087 3469 3143; x_wconf 83' lang='lat' dir='ltr'><strong>prepo-</strong></span> 
     </span>
    </p>
   </div>
   <div class='ocr_carea' id='block_1_77' title="bbox 1806 3154 2073 3238">
    <p class='ocr_par' dir='ltr' id='par_1_77' title="bbox 1806 3154 2073 3238">
     <span class='ocr_line' id='line_1_77' title="bbox 1806 3154 2073 3238; baseline 0 -29"><span class='ocrx_word' id='word_1_581' title='bbox 1806 3179 1851 3238; x_wconf 74' lang='lat' dir='ltr'>c</span> <span class='ocrx_word' id='word_1_582' title='bbox 1883 3154 2073 3211; x_wconf 88' lang='lat' dir='ltr'><strong>situm.</strong></span> 
     </span>
    </p>
   </div>
   <div class='ocr_carea' id='block_1_78' title="bbox 1954 3330 3470 3407">
    <p class='ocr_par' dir='ltr' id='par_1_78' title="bbox 1954 3330 3470 3407">
     <span class='ocr_line' id='line_1_78' title="bbox 1954 3330 3470 3407; baseline 0.006 -23"><span class='ocrx_word' id='word_1_583' title='bbox 1954 3330 2094 3385; x_wconf 76' lang='lat' dir='ltr'><strong>XIII.</strong></span> <span class='ocrx_word' id='word_1_584' title='bbox 2116 3331 2454 3402; x_wconf 81' lang='lat' dir='ltr'><strong>Agrippinus</strong></span> <span class='ocrx_word' id='word_1_585' title='bbox 2488 3334 2625 3389; x_wconf 80' lang='lat' dir='ltr'><strong>dixit</strong></span> <span class='ocrx_word' id='word_1_586' title='bbox 2653 3352 2667 3389; x_wconf 86' lang='lat'>:</span> <span class='ocrx_word' id='word_1_587' title='bbox 2698 3335 2856 3403; x_wconf 75' lang='lat' dir='ltr'><strong>Vide,</strong></span> <span class='ocrx_word' id='word_1_588' title='bbox 2898 3336 3077 3399; x_wconf 77' lang='lat' dir='ltr'><strong>Plato.</strong></span> <span class='ocrx_word' id='word_1_589' title='bbox 3111 3353 3274 3407; x_wconf 89' lang='lat' dir='ltr'><strong>quam</strong></span> <span class='ocrx_word' id='word_1_590' title='bbox 3292 3337 3470 3395; x_wconf 81' lang='lat' dir='ltr'><strong>multa</strong></span> 
     </span>
    </p>
   </div>
   <div class='ocr_carea' id='block_1_79' title="bbox 1882 3423 3473 3500">
    <p class='ocr_par' dir='ltr' id='par_1_79' title="bbox 1882 3423 3473 3500">
     <span class='ocr_line' id='line_1_79' title="bbox 1882 3423 3473 3500; baseline 0.003 -21"><span class='ocrx_word' id='word_1_591' title='bbox 1882 3423 1982 3479; x_wconf 88' lang='lat' dir='ltr'><strong>sivi</strong></span> <span class='ocrx_word' id='word_1_592' title='bbox 2013 3432 2065 3479; x_wconf 89' lang='lat' dir='ltr'><strong>te</strong></span> <span class='ocrx_word' id='word_1_593' title='bbox 2092 3433 2389 3497; x_wconf 76' lang='lat' dir='ltr'><strong>negantem</strong></span> <span class='ocrx_word' id='word_1_594' title='bbox 2418 3424 2585 3480; x_wconf 87' lang='lat' dir='ltr'><strong>stulta</strong></span> <span class='ocrx_word' id='word_1_595' title='bbox 2612 3425 2816 3482; x_wconf 88' lang='lat' dir='ltr'><strong>dicere.</strong></span> <span class='ocrx_word' id='word_1_596' title='bbox 2853 3425 2958 3491; x_wconf 81' lang='lat' dir='ltr'><strong>Sed</strong></span> <span class='ocrx_word' id='word_1_597' title='bbox 2987 3428 3091 3483; x_wconf 83' lang='lat' dir='ltr'><strong>etsi</strong></span> <span class='ocrx_word' id='word_1_598' title='bbox 3118 3428 3194 3483; x_wconf 87' lang='lat' dir='ltr'><strong>sis</strong></span> <span class='ocrx_word' id='word_1_599' title='bbox 3216 3429 3473 3500; x_wconf 84' lang='lat' dir='ltr'><strong>indignus</strong></span> 
     </span>
    </p>
   </div>
   <div class='ocr_carea' id='block_1_80' title="bbox 1883 3516 3472 3589">
    <p class='ocr_par' dir='ltr' id='par_1_80' title="bbox 1883 3516 3472 3589">
     <span class='ocr_line' id='line_1_80' title="bbox 1883 3516 3472 3589; baseline 0.003 -19"><span class='ocrx_word' id='word_1_600' title='bbox 1883 3516 2087 3571; x_wconf 86' lang='lat' dir='ltr'><strong>nostris</strong></span> <span class='ocrx_word' id='word_1_601' title='bbox 2120 3517 2471 3572; x_wconf 84' lang='lat' dir='ltr'><strong>sermonibus</strong></span> <span class='ocrx_word' id='word_1_602' title='bbox 2502 3528 2725 3589; x_wconf 81' lang='lat' dir='ltr'><strong>prepter</strong></span> <span class='ocrx_word' id='word_1_603' title='bbox 2757 3528 2905 3574; x_wconf 88' lang='lat' dir='ltr'><strong>tuam</strong></span> <span class='ocrx_word' id='word_1_604' title='bbox 2944 3519 3231 3574; x_wconf 86' lang='lat' dir='ltr'><strong>audaciam</strong></span> <span class='ocrx_word' id='word_1_605' title='bbox 3289 3530 3345 3575; x_wconf 89' lang='lat' dir='ltr'><strong>et</strong></span> <span class='ocrx_word' id='word_1_606' title='bbox 3374 3537 3472 3575; x_wconf 84' lang='lat' dir='ltr'><strong>cur</strong></span> 
     </span>
    </p>
   </div>
   <div class='ocr_carea' id='block_1_81' title="bbox 1884 3607 3472 3679">
    <p class='ocr_par' dir='ltr' id='par_1_81' title="bbox 1884 3607 3472 3679">
     <span class='ocr_line' id='line_1_81' title="bbox 1884 3607 3472 3679; baseline 0.004 -18"><span class='ocrx_word' id='word_1_607' title='bbox 1884 3607 2242 3673; x_wconf 86' lang='lat' dir='ltr'><strong>immutabile,</strong></span> <span class='ocrx_word' id='word_1_608' title='bbox 2298 3610 2425 3664; x_wconf 87' lang='lat' dir='ltr'><strong>audi</strong></span> <span class='ocrx_word' id='word_1_609' title='bbox 2483 3610 2628 3679; x_wconf 89' lang='lat' dir='ltr'><strong>quod</strong></span> <span class='ocrx_word' id='word_1_610' title='bbox 2739 3610 2837 3663; x_wconf 89' lang='lat' dir='ltr'><strong>tibi</strong></span> <span class='ocrx_word' id='word_1_611' title='bbox 2894 3610 3057 3664; x_wconf 88' lang='lat' dir='ltr'><strong>dico:</strong></span> <span class='ocrx_word' id='word_1_612' title='bbox 3102 3610 3256 3679; x_wconf 63' lang='lat' dir='ltr'><strong>Saepe</strong></span> <span class='ocrx_word' id='word_1_613' title='bbox 3288 3613 3472 3670; x_wconf 77' lang='lat' dir='ltr'><strong>audivi</strong></span> 
     </span>
    </p>
   </div>
   <div class='ocr_carea' id='block_1_82' title="bbox 1885 3699 3470 3772">
    <p class='ocr_par' dir='ltr' id='par_1_82' title="bbox 1885 3699 3470 3772">
     <span class='ocr_line' id='line_1_82' title="bbox 1885 3699 3470 3772; baseline 0.003 -20"><span class='ocrx_word' id='word_1_614' title='bbox 1885 3699 2051 3752; x_wconf 81' lang='lat' dir='ltr'><strong>multa</strong></span> <span class='ocrx_word' id='word_1_615' title='bbox 2097 3701 2368 3769; x_wconf 81' lang='lat' dir='ltr'><strong>ejusmodi</strong></span> <span class='ocrx_word' id='word_1_616' title='bbox 2423 3704 2490 3755; x_wconf 80' lang='lat' dir='ltr'><strong>ab</strong></span> <span class='ocrx_word' id='word_1_617' title='bbox 2527 3701 2594 3755; x_wconf 91' lang='lat' dir='ltr'><strong>iis</strong></span> <span class='ocrx_word' id='word_1_618' title='bbox 2636 3703 2728 3772; x_wconf 83' lang='lat' dir='ltr'><strong>qui</strong></span> <span class='ocrx_word' id='word_1_619' title='bbox 2795 3703 3131 3763; x_wconf 73' lang='lat' dir='ltr'><strong>conﬁtentur</strong></span> <span class='ocrx_word' id='word_1_620' title='bbox 3159 3702 3470 3769; x_wconf 85' lang='lat' dir='ltr'><strong>Galtl:eum,</strong></span> 
     </span>
    </p>
   </div>
   <div class='ocr_carea' id='block_1_83' title="bbox 1886 3791 3473 3873">
    <p class='ocr_par' dir='ltr' id='par_1_83' title="bbox 1886 3791 3473 3873">
     <span class='ocr_line' id='line_1_83' title="bbox 1886 3791 3473 3873; baseline 0.003 -30"><span class='ocrx_word' id='word_1_621' title='bbox 1886 3805 1987 3844; x_wconf 90' lang='lat' dir='ltr'><strong>nec</strong></span> <span class='ocrx_word' id='word_1_622' title='bbox 2022 3791 2165 3846; x_wconf 88' lang='lat' dir='ltr'><strong>ullus</strong></span> <span class='ocrx_word' id='word_1_623' title='bbox 2200 3793 2429 3847; x_wconf 87' lang='lat' dir='ltr'><strong>recessit</strong></span> <span class='ocrx_word' id='word_1_624' title='bbox 2454 3792 2611 3873; x_wconf 72' lang='lat' dir='ltr'><strong>vivus</strong></span> <span class='ocrx_word' id='word_1_625' title='bbox 2651 3810 2680 3847; x_wconf 88' lang='lat' dir='ltr'><strong>a</strong></span> <span class='ocrx_word' id='word_1_626' title='bbox 2721 3796 2859 3851; x_wconf 84' lang='lat' dir='ltr'><strong>meis</strong></span> <span class='ocrx_word' id='word_1_627' title='bbox 2906 3797 3183 3859; x_wconf 83' lang='lat' dir='ltr'><strong>manibus,</strong></span> <span class='ocrx_word' id='word_1_628' title='bbox 3214 3796 3318 3849; x_wconf 68' lang='lat' dir='ltr'><strong>nisi</strong></span> <span class='ocrx_word' id='word_1_629' title='bbox 3351 3812 3473 3864; x_wconf 62' lang='grc' dir='ltr'>ρυε-</span> 
     </span>
    </p>
   </div>
   <div class='ocr_carea' id='block_1_84' title="bbox 1886 3883 3473 3957">
    <p class='ocr_par' dir='ltr' id='par_1_84' title="bbox 1886 3883 3473 3957">
     <span class='ocr_line' id='line_1_84' title="bbox 1886 3883 3473 3957; baseline 0.005 -24"><span class='ocrx_word' id='word_1_630' title='bbox 1886 3894 2085 3936; x_wconf 84' lang='lat' dir='ltr'><strong>suasus</strong></span> <span class='ocrx_word' id='word_1_631' title='bbox 2132 3883 2205 3937; x_wconf 86' lang='lat' dir='ltr'><strong>sit</strong></span> <span class='ocrx_word' id='word_1_632' title='bbox 2246 3890 2305 3938; x_wconf 92' lang='lat' dir='ltr'><strong>et</strong></span> <span class='ocrx_word' id='word_1_633' title='bbox 2361 3883 2707 3940; x_wconf 81' lang='lat' dir='ltr'><strong>saeriﬁoarit.</strong></span> <span class='ocrx_word' id='word_1_634' title='bbox 2764 3884 2822 3939; x_wconf 89' lang='lat' dir='ltr'><strong>Si</strong></span> <span class='ocrx_word' id='word_1_635' title='bbox 2876 3899 3007 3957; x_wconf 82' lang='lat' dir='ltr'><strong>ergo</strong></span> <span class='ocrx_word' id='word_1_636' title='bbox 3054 3901 3165 3940; x_wconf 90' lang='lat' dir='ltr'><strong>non</strong></span> <span class='ocrx_word' id='word_1_637' title='bbox 3200 3887 3281 3941; x_wconf 73' lang='lat' dir='ltr'><strong>vis</strong></span> <span class='ocrx_word' id='word_1_638' title='bbox 3337 3888 3473 3942; x_wconf 89' lang='lat' dir='ltr'><strong>mihi</strong></span> 
     </span>
    </p>
   </div>
   <div class='ocr_carea' id='block_1_85' title="bbox 1890 3975 3478 4048">
    <p class='ocr_par' dir='ltr' id='par_1_85' title="bbox 1890 3975 3478 4048">
     <span class='ocr_line' id='line_1_85' title="bbox 1890 3975 3478 4048; baseline 0.005 -22"><span class='ocrx_word' id='word_1_639' title='bbox 1890 3989 2095 4027; x_wconf 85' lang='lat' dir='ltr'><strong>morem</strong></span> <span class='ocrx_word' id='word_1_640' title='bbox 2129 3989 2344 4045; x_wconf 88' lang='lat' dir='ltr'><strong>gerere,</strong></span> <span class='ocrx_word' id='word_1_641' title='bbox 2400 3985 2454 4029; x_wconf 90' lang='lat' dir='ltr'><strong>et</strong></span> <span class='ocrx_word' id='word_1_642' title='bbox 2506 3975 2611 4029; x_wconf 90' lang='lat' dir='ltr'><strong>diis</strong></span> <span class='ocrx_word' id='word_1_643' title='bbox 2656 3977 2989 4041; x_wconf 89' lang='lat' dir='ltr'><strong>sacriﬁcare,</strong></span> <span class='ocrx_word' id='word_1_644' title='bbox 3042 3979 3164 4033; x_wconf 86' lang='lat' dir='ltr'><strong>vide</strong></span> <span class='ocrx_word' id='word_1_645' title='bbox 3213 3979 3343 4048; x_wconf 88' lang='lat' dir='ltr'><strong>quid</strong></span> <span class='ocrx_word' id='word_1_646' title='bbox 3400 3978 3478 4034; x_wconf 84' lang='lat' dir='ltr'><strong>sis</strong></span> 
     </span>
    </p>
   </div>
   <div class='ocr_carea' id='block_1_86' title="bbox 1888 4064 3474 4139">
    <p class='ocr_par' dir='ltr' id='par_1_86' title="bbox 1888 4064 3474 4139">
     <span class='ocr_line' id='line_1_86' title="bbox 1888 4064 3474 4139; baseline 0.007 -23"><span class='ocrx_word' id='word_1_647' title='bbox 1888 4080 2177 4133; x_wconf 87' lang='lat' dir='ltr'><strong>passurus.</strong></span> <span class='ocrx_word' id='word_1_648' title='bbox 2207 4064 2285 4120; x_wconf 86' lang='lat' dir='ltr'><strong>Te</strong></span> <span class='ocrx_word' id='word_1_649' title='bbox 2316 4066 2461 4121; x_wconf 92' lang='lat' dir='ltr'><strong>enim</strong></span> <span class='ocrx_word' id='word_1_650' title='bbox 2486 4068 2655 4139; x_wconf 88' lang='lat' dir='ltr'><strong>multa</strong></span> <span class='ocrx_word' id='word_1_651' title='bbox 2692 4080 2915 4123; x_wconf 83' lang='lat' dir='ltr'><strong>manent</strong></span> <span class='ocrx_word' id='word_1_652' title='bbox 2952 4071 3331 4136; x_wconf 82' lang='lat' dir='ltr'><strong>tormenta,,si</strong></span> <span class='ocrx_word' id='word_1_653' title='bbox 3363 4087 3474 4126; x_wconf 92' lang='lat' dir='ltr'><strong>non</strong></span> 
     </span>
    </p>
   </div>
   <div class='ocr_carea' id='block_1_87' title="bbox 1887 4153 3474 4217">
    <p class='ocr_par' dir='ltr' id='par_1_87' title="bbox 1887 4153 3474 4217">
     <span class='ocr_line' id='line_1_87' title="bbox 1887 4153 3474 4217; baseline 0.006 -11"><span class='ocrx_word' id='word_1_654' title='bbox 1887 4154 2164 4209; x_wconf 76' lang='lat' dir='ltr'><strong>audiveris</strong></span> <span class='ocrx_word' id='word_1_655' title='bbox 2183 4172 2268 4209; x_wconf 88' lang='lat' dir='ltr'><strong>me</strong></span> <span class='ocrx_word' id='word_1_656' title='bbox 2290 4153 2382 4209; x_wconf 87' lang='lat' dir='ltr'><strong>tibi</strong></span> <span class='ocrx_word' id='word_1_657' title='bbox 2404 4158 2803 4213; x_wconf 79' lang='lat' dir='ltr'><strong>consulentem.</strong></span> <span class='ocrx_word' id='word_1_658' title='bbox 2827 4158 3062 4214; x_wconf 87' lang='lat' dir='ltr'><strong>Sanctus</strong></span> <span class='ocrx_word' id='word_1_659' title='bbox 3079 4171 3260 4215; x_wconf 88' lang='lat' dir='ltr'><strong>autem</strong></span> <span class='ocrx_word' id='word_1_660' title='bbox 3275 4162 3474 4217; x_wconf 88' lang='lat' dir='ltr'><strong>Christi</strong></span> 
     </span>
    </p>
   </div>
   <div class='ocr_carea' id='block_1_88' title="bbox 1889 4244 3477 4315">
    <p class='ocr_par' dir='ltr' id='par_1_88' title="bbox 1889 4244 3477 4315">
     <span class='ocr_line' id='line_1_88' title="bbox 1889 4244 3477 4315; baseline 0.006 -16"><span class='ocrx_word' id='word_1_661' title='bbox 1889 4255 2088 4315; x_wconf 73' lang='lat' dir='ltr'><strong>martyr</strong></span> <span class='ocrx_word' id='word_1_662' title='bbox 2109 4245 2409 4300; x_wconf 56' lang='lat' dir='ltr'><strong>Platoditit</strong></span> <span class='ocrx_word' id='word_1_663' title='bbox 2434 4266 2446 4299; x_wconf 86' lang='lat'>:</span> <span class='ocrx_word' id='word_1_664' title='bbox 2474 4244 2664 4300; x_wconf 70' lang='lat' dir='ltr'><strong>Infelix</strong></span> <span class='ocrx_word' id='word_1_665' title='bbox 2699 4250 3092 4311; x_wconf 74' lang='lat' dir='ltr'><strong>etinlwmane,</strong></span> <span class='ocrx_word' id='word_1_666' title='bbox 3131 4260 3185 4303; x_wconf 84' lang='lat' dir='ltr'><strong>et</strong></span> <span class='ocrx_word' id='word_1_667' title='bbox 3227 4253 3477 4309; x_wconf 81' lang='lat' dir='ltr'><strong>homines</strong></span> 
     </span>
    </p>
   </div>
   <div class='ocr_carea' id='block_1_89' title="bbox 1893 4338 3477 4412">
    <p class='ocr_par' dir='ltr' id='par_1_89' title="bbox 1893 4338 3477 4412">
     <span class='ocr_line' id='line_1_89' title="bbox 1893 4338 3477 4412; baseline 0.005 -21"><span class='ocrx_word' id='word_1_668' title='bbox 1893 4339 2102 4392; x_wconf 88' lang='lat' dir='ltr'><strong>habens</strong></span> <span class='ocrx_word' id='word_1_669' title='bbox 2123 4338 2269 4399; x_wconf 86' lang='lat' dir='ltr'><strong>odio.</strong></span> <span class='ocrx_word' id='word_1_670' title='bbox 2286 4349 2543 4393; x_wconf 85' lang='lat' dir='ltr'><strong>etauctor</strong></span> <span class='ocrx_word' id='word_1_671' title='bbox 2560 4355 2619 4391; x_wconf 82' lang='lat' dir='ltr'><strong>ac</strong></span> <span class='ocrx_word' id='word_1_672' title='bbox 2636 4340 2889 4409; x_wconf 76' lang='lat' dir='ltr'><strong>princeps</strong></span> <span class='ocrx_word' id='word_1_673' title='bbox 2906 4342 3084 4396; x_wconf 82' lang='lat' dir='ltr'><strong>omnis</strong></span> <span class='ocrx_word' id='word_1_674' title='bbox 3102 4341 3424 4412; x_wconf 82' lang='lat' dir='ltr'><strong>iniquitatis,</strong></span> <span class='ocrx_word' id='word_1_675' title='bbox 3446 4360 3477 4399; x_wconf 87' lang='lat' dir='ltr'><strong>a</strong></span> 
     </span>
    </p>
   </div>
   <div class='ocr_carea' id='block_1_90' title="bbox 1893 4428 3477 4505">
    <p class='ocr_par' dir='ltr' id='par_1_90' title="bbox 1893 4428 3477 4505">
     <span class='ocr_line' id='line_1_90' title="bbox 1893 4428 3477 4505; baseline 0.006 -25"><span class='ocrx_word' id='word_1_676' title='bbox 1893 4428 2001 4481; x_wconf 82' lang='lat' dir='ltr'><strong>Deo</strong></span> <span class='ocrx_word' id='word_1_677' title='bbox 2032 4430 2210 4482; x_wconf 86' lang='lat' dir='ltr'><strong>aliene</strong></span> <span class='ocrx_word' id='word_1_678' title='bbox 2237 4440 2288 4481; x_wconf 89' lang='lat' dir='ltr'><strong>et</strong></span> <span class='ocrx_word' id='word_1_679' title='bbox 2326 4430 2577 4483; x_wconf 82' lang='lat' dir='ltr'><strong>minister</strong></span> <span class='ocrx_word' id='word_1_680' title='bbox 2602 4429 2836 4491; x_wconf 69' lang='lat' dir='ltr'><strong>Satanae,</strong></span> <span class='ocrx_word' id='word_1_681' title='bbox 2895 4442 2950 4484; x_wconf 84' lang='lat' dir='ltr'><strong>et</strong></span> <span class='ocrx_word' id='word_1_682' title='bbox 3010 4434 3181 4487; x_wconf 63' lang='lat' dir='ltr'><strong>haeres</strong></span> <span class='ocrx_word' id='word_1_683' title='bbox 3222 4435 3359 4503; x_wconf 85' lang='lat' dir='ltr'><strong>ignis</strong></span> <span class='ocrx_word' id='word_1_684' title='bbox 3384 4454 3477 4505; x_wconf 78' lang='lat' dir='ltr'><strong>ge-</strong></span> 
     </span>
    </p>
   </div>
   <div class='ocr_carea' id='block_1_91' title="bbox 207 4518 1778 4593">
    <p class='ocr_par' dir='ltr' id='par_1_91' title="bbox 207 4518 1778 4593">
     <span class='ocr_line' id='line_1_91' title="bbox 207 4518 1778 4593; baseline -0.003 -17"><span class='ocrx_word' id='word_1_685' title='bbox 207 4526 301 4576; x_wconf 73' lang='lat' dir='ltr'><strong>xa‘t</strong></span> <span class='ocrx_word' id='word_1_686' title='bbox 330 4526 429 4593; x_wconf 77' lang='grc' dir='ltr'><strong>τῆς</strong></span> <span class='ocrx_word' id='word_1_687' title='bbox 467 4523 697 4590; x_wconf 83' lang='grc' dir='ltr'>γεέννης</span> <span class='ocrx_word' id='word_1_688' title='bbox 723 4520 819 4571; x_wconf 81' lang='grc' dir='ltr'>τοῦ</span> <span class='ocrx_word' id='word_1_689' title='bbox 879 4521 1050 4589; x_wconf 88' lang='grc' dir='ltr'>πυρὸς</span> <span class='ocrx_word' id='word_1_690' title='bbox 1082 4518 1415 4587; x_wconf 77' lang='grc' dir='ltr'>κληρονόμε,</span> <span class='ocrx_word' id='word_1_691' title='bbox 1471 4520 1566 4570; x_wconf 75' lang='grc' dir='ltr'><strong>καὶ</strong></span> <span class='ocrx_word' id='word_1_692' title='bbox 1601 4520 1778 4592; x_wconf 79' lang='grc' dir='ltr'>πάσης</span> 
     </span>
    </p>
   </div>
   <div class='ocr_carea' id='block_1_92' title="bbox 1884 4518 3477 4593">
    <p class='ocr_par' dir='ltr' id='par_1_92' title="bbox 1897 4519 3477 4592">
     <span class='ocr_line' id='line_1_92' title="bbox 1897 4519 3477 4592; baseline 0.004 -19"><span class='ocrx_word' id='word_1_693' title='bbox 1897 4519 2113 4585; x_wconf 66' lang='grc' dir='ltr'>ιιεηηαξ,</span> <span class='ocrx_word' id='word_1_694' title='bbox 2140 4532 2193 4575; x_wconf 90' lang='lat' dir='ltr'><strong>et</strong></span> <span class='ocrx_word' id='word_1_695' title='bbox 2225 4521 2388 4592; x_wconf 80' lang='lat' dir='ltr'><strong>digne</strong></span> <span class='ocrx_word' id='word_1_696' title='bbox 2438 4522 2586 4575; x_wconf 85' lang='lat' dir='ltr'><strong>omni</strong></span> <span class='ocrx_word' id='word_1_697' title='bbox 2612 4523 2861 4592; x_wconf 83' lang='lat' dir='ltr'><strong>suplicio,</strong></span> <span class='ocrx_word' id='word_1_698' title='bbox 2891 4538 3000 4575; x_wconf 88' lang='lat' dir='ltr'><strong>non</strong></span> <span class='ocrx_word' id='word_1_699' title='bbox 3030 4540 3113 4577; x_wconf 88' lang='lat' dir='ltr'><strong>me</strong></span> <span class='ocrx_word' id='word_1_700' title='bbox 3157 4535 3362 4579; x_wconf 83' lang='lat' dir='ltr'><strong>terrent</strong></span> <span class='ocrx_word' id='word_1_701' title='bbox 3390 4536 3477 4588; x_wconf 80' lang='lat' dir='ltr'><strong>tua</strong></span> 
     </span>
    </p>
   </div>
   <div class='ocr_carea' id='block_1_93' title="bbox 203 4611 1781 4686">
    <p class='ocr_par' dir='ltr' id='par_1_93' title="bbox 203 4611 1781 4686">
     <span class='ocr_line' id='line_1_93' title="bbox 203 4611 1781 4686; baseline -0.001 -18"><span class='ocrx_word' id='word_1_702' title='bbox 203 4620 385 4686; x_wconf 77' lang='grc' dir='ltr'>δεινῆς</span> <span class='ocrx_word' id='word_1_703' title='bbox 416 4615 694 4676; x_wconf 72' lang='grc' dir='ltr'>κολάσεως</span> <span class='ocrx_word' id='word_1_704' title='bbox 750 4613 891 4678; x_wconf 75' lang='grc' dir='ltr'>ἄξιε,</span> <span class='ocrx_word' id='word_1_705' title='bbox 920 4613 980 4664; x_wconf 77' lang='grc' dir='ltr'><strong>οὐ</strong></span> <span class='ocrx_word' id='word_1_706' title='bbox 1016 4611 1266 4664; x_wconf 83' lang='grc' dir='ltr'>πείθουσί</span> <span class='ocrx_word' id='word_1_707' title='bbox 1300 4628 1366 4681; x_wconf 86' lang='grc' dir='ltr'><strong>με</strong></span> <span class='ocrx_word' id='word_1_708' title='bbox 1403 4614 1451 4664; x_wconf 88' lang='grc' dir='ltr'><strong>οί</strong></span> <span class='ocrx_word' id='word_1_709' title='bbox 1484 4612 1631 4681; x_wconf 86' lang='grc' dir='ltr'>λόγοι</span> <span class='ocrx_word' id='word_1_710' title='bbox 1664 4628 1781 4666; x_wconf 87' lang='grc' dir='ltr'>σου⁸</span> 
     </span>
    </p>
   </div>
   <div class='ocr_carea' id='block_1_94' title="bbox 204 4702 1790 4777">
    <p class='ocr_par' dir='ltr' id='par_1_94' title="bbox 204 4702 1790 4777">
     <span class='ocr_line' id='line_1_94' title="bbox 204 4702 1790 4777; baseline -0.002 -16"><span class='ocrx_word' id='word_1_711' title='bbox 204 4712 251 4761; x_wconf 82' lang='grc' dir='ltr'><strong>εί</strong></span> <span class='ocrx_word' id='word_1_712' title='bbox 284 4707 455 4777; x_wconf 81' lang='grc' dir='ltr'>γαρό</span> <span class='ocrx_word' id='word_1_713' title='bbox 486 4706 618 4775; x_wconf 78' lang='grc' dir='ltr'>ὲμδς</span> <span class='ocrx_word' id='word_1_714' title='bbox 669 4705 948 4773; x_wconf 83' lang='grc' dir='ltr'>Δεσπότης</span> <span class='ocrx_word' id='word_1_715' title='bbox 995 4704 1231 4775; x_wconf 82' lang='grc' dir='ltr'>Χριστὸς</span> <span class='ocrx_word' id='word_1_716' title='bbox 1282 4706 1346 4756; x_wconf 85' lang='grc' dir='ltr'>τὸ</span> <span class='ocrx_word' id='word_1_717' title='bbox 1398 4704 1596 4757; x_wconf 73' lang='grc' dir='ltr'>ἑαυτοῦ</span> <span class='ocrx_word' id='word_1_718' title='bbox 1650 4702 1790 4775; x_wconf 82' lang='grc' dir='ltr'>αἷμα</span> 
     </span>
    </p>
   </div>
   <div class='ocr_carea' id='block_1_95' title="bbox 204 4797 1793 4871">
    <p class='ocr_par' dir='ltr' id='par_1_95' title="bbox 204 4797 1793 4871">
     <span class='ocr_line' id='line_1_95' title="bbox 204 4797 1793 4871; baseline -0.003 -16"><span class='ocrx_word' id='word_1_719' title='bbox 204 4800 424 4871; x_wconf 64' lang='grc' dir='ltr'>ἐξέχεεν</span> <span class='ocrx_word' id='word_1_720' title='bbox 490 4800 633 4871; x_wconf 77' lang='grc' dir='ltr'>ὑπὲρ</span> <span class='ocrx_word' id='word_1_721' title='bbox 676 4798 834 4867; x_wconf 70' lang='grc' dir='ltr'><strong>ιμοῦ,</strong></span> <span class='ocrx_word' id='word_1_722' title='bbox 870 4799 956 4849; x_wconf 77' lang='grc' dir='ltr'>ἵνα</span> <span class='ocrx_word' id='word_1_723' title='bbox 991 4797 1101 4848; x_wconf 80' lang='grc' dir='ltr'><strong>ἀπὸ</strong></span> <span class='ocrx_word' id='word_1_724' title='bbox 1174 4798 1354 4865; x_wconf 83' lang='grc' dir='ltr'>πάσης</span> <span class='ocrx_word' id='word_1_725' title='bbox 1407 4798 1639 4867; x_wconf 80' lang='grc' dir='ltr'>ἀνομίας</span> <span class='ocrx_word' id='word_1_726' title='bbox 1699 4800 1793 4851; x_wconf 76' lang='grc' dir='ltr'><strong>τὸν</strong></span> 
     </span>
    </p>
   </div>
   <div class='ocr_carea' id='block_1_96' title="bbox 205 4888 1791 4962">
    <p class='ocr_par' dir='ltr' id='par_1_96' title="bbox 205 4888 1791 4962">
     <span class='ocr_line' id='line_1_96' title="bbox 205 4888 1791 4962; baseline -0.006 -17"><span class='ocrx_word' id='word_1_727' title='bbox 205 4894 414 4962; x_wconf 75' lang='grc' dir='ltr'>κόσμον</span> <span class='ocrx_word' id='word_1_728' title='bbox 444 4889 615 4942; x_wconf 82' lang='grc' dir='ltr'>αὑτοῦ</span> <span class='ocrx_word' id='word_1_729' title='bbox 644 4888 1019 4959; x_wconf 81' lang='grc' dir='ltr'>λυτρώσηται,</span> <span class='ocrx_word' id='word_1_730' title='bbox 1073 4889 1229 4957; x_wconf 79' lang='grc' dir='ltr'>πόσῳ</span> <span class='ocrx_word' id='word_1_731' title='bbox 1284 4888 1492 4958; x_wconf 83' lang='grc' dir='ltr'>μᾶλλον</span> <span class='ocrx_word' id='word_1_732' title='bbox 1545 4890 1708 4958; x_wconf 77' lang='grc' dir='ltr'>ἡμεῖς</span> <span class='ocrx_word' id='word_1_733' title='bbox 1743 4891 1791 4941; x_wconf 79' lang='grc' dir='ltr'><strong>οι</strong></span> 
     </span>
    </p>
   </div>
   <div class='ocr_carea' id='block_1_97' title="bbox 206 4978 1790 5054">
    <p class='ocr_par' dir='ltr' id='par_1_97' title="bbox 206 4978 1790 5054">
     <span class='ocr_line' id='line_1_97' title="bbox 206 4978 1790 5054; baseline -0.002 -17"><span class='ocrx_word' id='word_1_734' title='bbox 206 4981 528 5054; x_wconf 79' lang='grc' dir='ltr'>ἁμαρτωλοὶ</span> <span class='ocrx_word' id='word_1_735' title='bbox 551 4978 845 5050; x_wconf 71' lang='grc' dir='ltr'>ὀφείλομεν</span> <span class='ocrx_word' id='word_1_736' title='bbox 874 4980 1245 5051; x_wconf 83' lang='grc' dir='ltr'>ἀποθνήσκειν</span> <span class='ocrx_word' id='word_1_737' title='bbox 1281 4983 1423 5054; x_wconf 83' lang='grc' dir='ltr'>ὑπὲρ</span> <span class='ocrx_word' id='word_1_738' title='bbox 1476 4983 1663 5048; x_wconf 77' lang='grc' dir='ltr'>αὑτοῦ,</span> <span class='ocrx_word' id='word_1_739' title='bbox 1704 4983 1790 5035; x_wconf 83' lang='grc' dir='ltr'><strong>ἵνα</strong></span> 
     </span>
    </p>
   </div>
   <div class='ocr_carea' id='block_1_98' title="bbox 211 5074 1793 5147">
    <p class='ocr_par' dir='ltr' id='par_1_98' title="bbox 211 5074 1793 5147">
     <span class='ocr_line' id='line_1_98' title="bbox 211 5074 1793 5147; baseline -0.002 -19"><span class='ocrx_word' id='word_1_740' title='bbox 211 5078 311 5130; x_wconf 71' lang='grc' dir='ltr'>κᾶν</span> <span class='ocrx_word' id='word_1_741' title='bbox 334 5077 427 5129; x_wconf 72' lang='grc' dir='ltr'>διὰ</span> <span class='ocrx_word' id='word_1_742' title='bbox 460 5075 653 5127; x_wconf 75' lang='grc' dir='ltr'>τούτου</span> <span class='ocrx_word' id='word_1_743' title='bbox 678 5074 1028 5144; x_wconf 73' lang='grc' dir='ltr'>εὐγνώμονες</span> <span class='ocrx_word' id='word_1_744' title='bbox 1112 5076 1372 5145; x_wconf 71' lang='grc' dir='ltr'>ὀφθῶμεν</span> <span class='ocrx_word' id='word_1_745' title='bbox 1403 5075 1479 5146; x_wconf 82' lang='grc' dir='ltr'>τῷ</span> <span class='ocrx_word' id='word_1_746' title='bbox 1538 5078 1793 5147; x_wconf 80' lang='grc' dir='ltr'>ὑμετέρῳ</span> 
     </span>
    </p>
   </div>
   <div class='ocr_carea' id='block_1_99' title="bbox 211 5170 485 5240">
    <p class='ocr_par' dir='ltr' id='par_1_99' title="bbox 211 5170 485 5240">
     <span class='ocr_line' id='line_1_99' title="bbox 211 5170 485 5240; baseline 0.011 -20"><span class='ocrx_word' id='word_1_747' title='bbox 211 5170 485 5240; x_wconf 63' lang='grc' dir='ltr'>Δεσπὸτῃ.</span> 
     </span>
    </p>
   </div>
   <div class='ocr_carea' id='block_1_100' title="bbox 285 5260 1795 5334">
    <p class='ocr_par' dir='ltr' id='par_1_100' title="bbox 285 5260 1795 5334">
     <span class='ocr_line' id='line_1_100' title="bbox 285 5260 1795 5334; baseline 0 -21"><span class='ocrx_word' id='word_1_748' title='bbox 285 5263 382 5317; x_wconf 79' lang='grc' dir='ltr'><strong>1Δ’.</strong></span> <span class='ocrx_word' id='word_1_749' title='bbox 437 5262 499 5315; x_wconf 89' lang='grc'><strong>’0</strong></span> <span class='ocrx_word' id='word_1_750' title='bbox 522 5263 577 5315; x_wconf 79' lang='grc' dir='ltr'><strong>δὲ</strong></span> <span class='ocrx_word' id='word_1_751' title='bbox 619 5262 984 5334; x_wconf 74' lang='grc' dir='ltr'>Ἀγριππῖνος</span> <span class='ocrx_word' id='word_1_752' title='bbox 1018 5260 1359 5331; x_wconf 76' lang='grc' dir='ltr'>προσέταξεν</span> <span class='ocrx_word' id='word_1_753' title='bbox 1397 5261 1795 5331; x_wconf 66' lang='grc' dir='ltr'>λωροτομηθῆς</span> 
     </span>
    </p>
   </div>
   <div class='ocr_carea' id='block_1_101' title="bbox 215 5353 1794 5425">
    <p class='ocr_par' dir='ltr' id='par_1_101' title="bbox 215 5353 1794 5425">
     <span class='ocr_line' id='line_1_101' title="bbox 215 5353 1794 5425; baseline 0.001 -20"><span class='ocrx_word' id='word_1_754' title='bbox 215 5370 303 5405; x_wconf 77' lang='grc' dir='ltr'><strong>ναι</strong></span> <span class='ocrx_word' id='word_1_755' title='bbox 335 5356 498 5408; x_wconf 73' lang='grc' dir='ltr'>αὑτὸν</span> <span class='ocrx_word' id='word_1_756' title='bbox 521 5356 696 5407; x_wconf 86' lang='grc' dir='ltr'>είπών</span> <span class='ocrx_word' id='word_1_757' title='bbox 723 5370 737 5383; x_wconf 87' lang='grc'><strong>⁸</strong></span> <span class='ocrx_word' id='word_1_758' title='bbox 796 5354 858 5406; x_wconf 76' lang='lat' dir='ltr'><strong>Ei</strong></span> <span class='ocrx_word' id='word_1_759' title='bbox 888 5355 998 5425; x_wconf 75' lang='grc' dir='ltr'>ἄρα</span> <span class='ocrx_word' id='word_1_760' title='bbox 1058 5353 1322 5424; x_wconf 80' lang='grc' dir='ltr'>βοηθήσει</span> <span class='ocrx_word' id='word_1_761' title='bbox 1375 5354 1540 5407; x_wconf 81' lang='grc' dir='ltr'>αὑτὸν</span> <span class='ocrx_word' id='word_1_762' title='bbox 1572 5354 1599 5405; x_wconf 87' lang='grc' dir='ltr'>ὁ</span> <span class='ocrx_word' id='word_1_763' title='bbox 1660 5355 1794 5419; x_wconf 79' lang='grc' dir='ltr'>Θεὸς</span> 
     </span>
    </p>
   </div>
   <div class='ocr_carea' id='block_1_102' title="bbox 215 5438 1795 5514">
    <p class='ocr_par' dir='ltr' id='par_1_102' title="bbox 215 5438 1795 5514">
     <span class='ocr_line' id='line_1_102' title="bbox 215 5438 1795 5514; baseline 0.001 -17"><span class='ocrx_word' id='word_1_764' title='bbox 215 5444 301 5513; x_wconf 72' lang='grc' dir='ltr'><strong>ἐφ’</strong></span> <span class='ocrx_word' id='word_1_765' title='bbox 336 5438 380 5512; x_wconf 82' lang='grc' dir='ltr'>ᾧ</span> <span class='ocrx_word' id='word_1_766' title='bbox 410 5447 643 5511; x_wconf 68' lang='grc' dir='ltr'>ἐλπίζει,</span> <span class='ocrx_word' id='word_1_767' title='bbox 678 5444 790 5497; x_wconf 84' lang='grc' dir='ltr'><strong>τῶν</strong></span> <span class='ocrx_word' id='word_1_768' title='bbox 829 5446 885 5497; x_wconf 80' lang='grc' dir='ltr'>δὲ</span> <span class='ocrx_word' id='word_1_769' title='bbox 912 5444 1211 5514; x_wconf 82' lang='grc' dir='ltr'>βασιλικῶν</span> <span class='ocrx_word' id='word_1_770' title='bbox 1239 5446 1538 5512; x_wconf 77' lang='grc' dir='ltr'>διατάξεων</span> <span class='ocrx_word' id='word_1_771' title='bbox 1574 5447 1795 5499; x_wconf 80' lang='grc' dir='ltr'>καὶτῶν</span> 
     </span>
    </p>
   </div>
   <div class='ocr_carea' id='block_1_103' title="bbox 218 5536 1794 5607">
    <p class='ocr_par' dir='ltr' id='par_1_103' title="bbox 218 5536 1794 5607">
     <span class='ocr_line' id='line_1_103' title="bbox 218 5536 1794 5607; baseline -0.001 -19"><span class='ocrx_word' id='word_1_772' title='bbox 218 5538 497 5607; x_wconf 68' lang='grc' dir='ltr'>ἡμετέρων</span> <span class='ocrx_word' id='word_1_773' title='bbox 536 5537 983 5606; x_wconf 72' lang='grc' dir='ltr'>προσταγμάτων</span> <span class='ocrx_word' id='word_1_774' title='bbox 1018 5536 1411 5606; x_wconf 78' lang='grc' dir='ltr'>καταφρονῶν.</span> <span class='ocrx_word' id='word_1_775' title='bbox 1452 5537 1611 5589; x_wconf 75' lang='grc' dir='ltr'><strong>Καὶό</strong></span> <span class='ocrx_word' id='word_1_776' title='bbox 1636 5536 1794 5603; x_wconf 74' lang='grc' dir='ltr'>ἅγιος</span> 
     </span>
    </p>
   </div>
   <div class='ocr_carea' id='block_1_104' title="bbox 222 5621 1797 5690">
    <p class='ocr_par' dir='ltr' id='par_1_104' title="bbox 222 5621 1797 5690">
     <span class='ocr_line' id='line_1_104' title="bbox 222 5621 1797 5690; baseline -0.001 -11"><span class='ocrx_word' id='word_1_777' title='bbox 222 5629 444 5683; x_wconf 68' lang='grc' dir='ltr'>Πλάτων</span> <span class='ocrx_word' id='word_1_778' title='bbox 500 5627 750 5690; x_wconf 79' lang='grc' dir='ltr'>ἀκούσας</span> <span class='ocrx_word' id='word_1_779' title='bbox 791 5626 964 5680; x_wconf 77' lang='grc' dir='ltr'>ταῦτα</span> <span class='ocrx_word' id='word_1_780' title='bbox 1016 5621 1212 5679; x_wconf 75' lang='grc' dir='ltr'>εἶπεν·</span> <span class='ocrx_word' id='word_1_781' title='bbox 1274 5626 1651 5680; x_wconf 72' lang='grc' dir='ltr'>Ἀναιδέετατε</span> <span class='ocrx_word' id='word_1_782' title='bbox 1705 5626 1797 5678; x_wconf 69' lang='grc' dir='ltr'>καὶ</span> 
     </span>
    </p>
   </div>
   <div class='ocr_carea' id='block_1_105' title="bbox 319 5804 1669 5874">
    <p class='ocr_par' dir='ltr' id='par_1_105' title="bbox 319 5804 1669 5874">
     <span class='ocr_line' id='line_1_105' title="bbox 319 5804 1669 5874; baseline -0.005 -8"><span class='ocrx_word' id='word_1_783' title='bbox 319 5811 359 5843; x_wconf 79' lang='grc'><strong><em>³⁸</em></strong></span> <span class='ocrx_word' id='word_1_784' title='bbox 395 5808 537 5865; x_wconf 82' lang='lat' dir='ltr'><strong>Psal.</strong></span> <span class='ocrx_word' id='word_1_785' title='bbox 572 5823 688 5874; x_wconf 67' lang='grc' dir='ltr'>λιιι,</span> <span class='ocrx_word' id='word_1_786' title='bbox 727 5804 817 5872; x_wconf 77' lang='grc' dir='ltr'>Η,</span> <span class='ocrx_word' id='word_1_787' title='bbox 858 5804 937 5859; x_wconf 71' lang='grc'><strong>12.</strong></span> <span class='ocrx_word' id='word_1_788' title='bbox 1084 5804 1127 5835; x_wconf 75' lang='grc'><strong>’³</strong></span> <span class='ocrx_word' id='word_1_789' title='bbox 1152 5806 1296 5859; x_wconf 81' lang='lat' dir='ltr'><strong>Psal.</strong></span> <span class='ocrx_word' id='word_1_790' title='bbox 1330 5820 1556 5870; x_wconf 66' lang='lat' dir='ltr'><strong>LXXVI”,</strong></span> <span class='ocrx_word' id='word_1_791' title='bbox 1589 5804 1669 5859; x_wconf 91' lang='grc' dir='ltr'><strong>ΙΟ.</strong></span> 
     </span>
    </p>
   </div>
   <div class='ocr_carea' id='block_1_106' title="bbox 1896 4614 3483 4683">
    <p class='ocr_par' dir='ltr' id='par_1_106' title="bbox 1896 4614 3483 4683">
     <span class='ocr_line' id='line_1_106' title="bbox 1896 4614 3483 4683; baseline 0.004 -18"><span class='ocrx_word' id='word_1_792' title='bbox 1896 4614 2084 4678; x_wconf 79' lang='lat' dir='ltr'><strong>verba,</strong></span> <span class='ocrx_word' id='word_1_793' title='bbox 2120 4630 2221 4667; x_wconf 89' lang='lat' dir='ltr'><strong>nec</strong></span> <span class='ocrx_word' id='word_1_794' title='bbox 2246 4614 2407 4668; x_wconf 71' lang='lat' dir='ltr'><strong>niinze</strong></span> <span class='ocrx_word' id='word_1_795' title='bbox 2433 4616 2563 4668; x_wconf 89' lang='lat' dir='ltr'><strong>mihi</strong></span> <span class='ocrx_word' id='word_1_796' title='bbox 2594 4616 2951 4683; x_wconf 84' lang='lat' dir='ltr'><strong>persuadent.</strong></span> <span class='ocrx_word' id='word_1_797' title='bbox 2988 4615 3136 4669; x_wconf 77' lang='lat' dir='ltr'><strong>Meus</strong></span> <span class='ocrx_word' id='word_1_798' title='bbox 3172 4619 3319 4671; x_wconf 88' lang='lat' dir='ltr'><strong>enim</strong></span> <span class='ocrx_word' id='word_1_799' title='bbox 3379 4618 3483 4671; x_wconf 83' lang='lat' dir='ltr'><strong>Do-</strong></span> 
     </span>
    </p>
   </div>
   <div class='ocr_carea' id='block_1_107' title="bbox 1896 4705 3478 4775">
    <p class='ocr_par' dir='ltr' id='par_1_107' title="bbox 1896 4705 3478 4775">
     <span class='ocr_line' id='line_1_107' title="bbox 1896 4705 3478 4775; baseline 0.003 -16"><span class='ocrx_word' id='word_1_800' title='bbox 1896 4705 2080 4759; x_wconf 87' lang='lat' dir='ltr'><strong>minus</strong></span> <span class='ocrx_word' id='word_1_801' title='bbox 2110 4720 2207 4772; x_wconf 88' lang='lat' dir='ltr'><strong>pro</strong></span> <span class='ocrx_word' id='word_1_802' title='bbox 2237 4720 2322 4757; x_wconf 86' lang='lat' dir='ltr'><strong>me</strong></span> <span class='ocrx_word' id='word_1_803' title='bbox 2341 4722 2498 4758; x_wconf 89' lang='lat' dir='ltr'><strong>suum</strong></span> <span class='ocrx_word' id='word_1_804' title='bbox 2525 4706 2716 4758; x_wconf 78' lang='lat' dir='ltr'><strong>elTudit</strong></span> <span class='ocrx_word' id='word_1_805' title='bbox 2756 4709 3100 4775; x_wconf 84' lang='lat' dir='ltr'><strong>sanguinem,</strong></span> <span class='ocrx_word' id='word_1_806' title='bbox 3128 4718 3186 4761; x_wconf 87' lang='lat' dir='ltr'><strong>ut</strong></span> <span class='ocrx_word' id='word_1_807' title='bbox 3218 4711 3478 4764; x_wconf 86' lang='lat' dir='ltr'><strong>mundum</strong></span> 
     </span>
    </p>
   </div>
   <div class='ocr_carea' id='block_1_108' title="bbox 1897 4795 3482 4869">
    <p class='ocr_par' dir='ltr' id='par_1_108' title="bbox 1897 4795 3482 4869">
     <span class='ocr_line' id='line_1_108' title="bbox 1897 4795 3482 4869; baseline 0.004 -20"><span class='ocrx_word' id='word_1_808' title='bbox 1897 4795 2193 4849; x_wconf 88' lang='lat' dir='ltr'><strong>redimeret</strong></span> <span class='ocrx_word' id='word_1_809' title='bbox 2226 4795 2295 4848; x_wconf 90' lang='lat' dir='ltr'><strong>ab</strong></span> <span class='ocrx_word' id='word_1_810' title='bbox 2318 4796 2812 4865; x_wconf 80' lang='lat' dir='ltr'><strong>omniiniquilale:</strong></span> <span class='ocrx_word' id='word_1_811' title='bbox 2852 4808 3059 4867; x_wconf 76' lang='lat' dir='ltr'><strong>quanto</strong></span> <span class='ocrx_word' id='word_1_812' title='bbox 3126 4802 3303 4869; x_wconf 75' lang='lat' dir='ltr'><strong>magis</strong></span> <span class='ocrx_word' id='word_1_813' title='bbox 3378 4818 3482 4856; x_wconf 83' lang='lat' dir='ltr'><strong>nos</strong></span> 
     </span>
    </p>
   </div>
   <div class='ocr_carea' id='block_1_109' title="bbox 1898 4887 3479 4958">
    <p class='ocr_par' dir='ltr' id='par_1_109' title="bbox 1898 4887 3479 4958">
     <span class='ocr_line' id='line_1_109' title="bbox 1898 4887 3479 4958; baseline 0.004 -19"><span class='ocrx_word' id='word_1_814' title='bbox 1898 4895 2216 4955; x_wconf 84' lang='lat' dir='ltr'><strong>peccatores</strong></span> <span class='ocrx_word' id='word_1_815' title='bbox 2248 4887 2515 4940; x_wconf 84' lang='lat' dir='ltr'><strong>debemus</strong></span> <span class='ocrx_word' id='word_1_816' title='bbox 2538 4903 2634 4956; x_wconf 88' lang='lat' dir='ltr'><strong>pro</strong></span> <span class='ocrx_word' id='word_1_817' title='bbox 2655 4889 2770 4956; x_wconf 80' lang='lat' dir='ltr'><strong>ipso</strong></span> <span class='ocrx_word' id='word_1_818' title='bbox 2800 4890 2958 4949; x_wconf 85' lang='lat' dir='ltr'><strong>mori,</strong></span> <span class='ocrx_word' id='word_1_819' title='bbox 3023 4900 3079 4943; x_wconf 90' lang='lat' dir='ltr'><strong>ut</strong></span> <span class='ocrx_word' id='word_1_820' title='bbox 3110 4893 3189 4943; x_wconf 76' lang='lat' dir='ltr'><strong>vel</strong></span> <span class='ocrx_word' id='word_1_821' title='bbox 3227 4907 3323 4958; x_wconf 82' lang='lat' dir='ltr'><strong>per</strong></span> <span class='ocrx_word' id='word_1_822' title='bbox 3376 4891 3479 4947; x_wconf 87' lang='lat' dir='ltr'><strong>hoc</strong></span> 
     </span>
    </p>
   </div>
   <div class='ocr_carea' id='block_1_110' title="bbox 1896 4976 3483 5047">
    <p class='ocr_par' dir='ltr' id='par_1_110' title="bbox 1896 4976 3483 5047">
     <span class='ocr_line' id='line_1_110' title="bbox 1896 4976 3483 5047; baseline 0.004 -18"><span class='ocrx_word' id='word_1_823' title='bbox 1896 4976 2033 5047; x_wconf 80' lang='lat' dir='ltr'><strong>grati</strong></span> <span class='ocrx_word' id='word_1_824' title='bbox 2058 4986 2113 5032; x_wconf 86' lang='lat' dir='ltr'><strong>et</strong></span> <span class='ocrx_word' id='word_1_825' title='bbox 2175 4977 2427 5033; x_wconf 77' lang='lat' dir='ltr'><strong>beneﬁcii</strong></span> <span class='ocrx_word' id='word_1_826' title='bbox 2482 4994 2752 5033; x_wconf 70' lang='lat' dir='ltr'><strong>memores</strong></span> <span class='ocrx_word' id='word_1_827' title='bbox 2785 4980 3185 5047; x_wconf 81' lang='lat' dir='ltr'><strong>conspiciamur</strong></span> <span class='ocrx_word' id='word_1_828' title='bbox 3257 4986 3483 5036; x_wconf 84' lang='lat' dir='ltr'><strong>Domino</strong></span> 
     </span>
    </p>
   </div>
   <div class='ocr_carea' id='block_1_111' title="bbox 1898 5068 2504 5131">
    <p class='ocr_par' dir='ltr' id='par_1_111' title="bbox 1898 5068 2504 5131">
     <span class='ocr_line' id='line_1_111' title="bbox 1898 5068 2504 5131; baseline 0 -9"><span class='ocrx_word' id='word_1_829' title='bbox 1898 5078 2085 5131; x_wconf 86' lang='lat' dir='ltr'><strong>nostro</strong></span> <span class='ocrx_word' id='word_1_830' title='bbox 2113 5068 2240 5121; x_wconf 86' lang='lat' dir='ltr'><strong>Jesu</strong></span> <span class='ocrx_word' id='word_1_831' title='bbox 2263 5068 2504 5123; x_wconf 82' lang='lat' dir='ltr'><strong>Christo.</strong></span> 
     </span>
    </p>
   </div>
   <div class='ocr_carea' id='block_1_112' title="bbox 1970 5259 3481 5333">
    <p class='ocr_par' dir='ltr' id='par_1_112' title="bbox 1970 5259 3481 5333">
     <span class='ocr_line' id='line_1_112' title="bbox 1970 5259 3481 5333; baseline -0.001 -18"><span class='ocrx_word' id='word_1_832' title='bbox 1970 5260 2113 5315; x_wconf 72' lang='lat' dir='ltr'><strong>XIV.</strong></span> <span class='ocrx_word' id='word_1_833' title='bbox 2148 5259 2396 5317; x_wconf 74' lang='lat' dir='ltr'><strong>Vicarius</strong></span> <span class='ocrx_word' id='word_1_834' title='bbox 2432 5270 2611 5315; x_wconf 85' lang='lat' dir='ltr'><strong>autem</strong></span> <span class='ocrx_word' id='word_1_835' title='bbox 2650 5262 2986 5333; x_wconf 82' lang='lat' dir='ltr'><strong>Agrippinus</strong></span> <span class='ocrx_word' id='word_1_836' title='bbox 3016 5276 3139 5314; x_wconf 91' lang='lat' dir='ltr'><strong>cum</strong></span> <span class='ocrx_word' id='word_1_837' title='bbox 3181 5260 3294 5313; x_wconf 64' lang='lat' dir='ltr'><strong>haec</strong></span> <span class='ocrx_word' id='word_1_838' title='bbox 3325 5261 3481 5314; x_wconf 84' lang='lat' dir='ltr'><strong>audi-</strong></span> 
     </span>
    </p>
   </div>
   <div class='ocr_carea' id='block_1_113' title="bbox 1900 5351 3487 5424">
    <p class='ocr_par' dir='ltr' id='par_1_113' title="bbox 1900 5351 3487 5424">
     <span class='ocr_line' id='line_1_113' title="bbox 1900 5351 3487 5424; baseline -0.002 -16"><span class='ocrx_word' id='word_1_839' title='bbox 1900 5354 2089 5419; x_wconf 78' lang='lat' dir='ltr'><strong>visset,</strong></span> <span class='ocrx_word' id='word_1_840' title='bbox 2177 5362 2231 5406; x_wconf 85' lang='lat' dir='ltr'><strong>et</strong></span> <span class='ocrx_word' id='word_1_841' title='bbox 2284 5368 2481 5424; x_wconf 86' lang='lat' dir='ltr'><strong>magno</strong></span> <span class='ocrx_word' id='word_1_842' title='bbox 2556 5356 2737 5407; x_wconf 82' lang='lat' dir='ltr'><strong>lurore</strong></span> <span class='ocrx_word' id='word_1_843' title='bbox 2804 5362 2950 5407; x_wconf 69' lang='lat' dir='ltr'><strong>esset</strong></span> <span class='ocrx_word' id='word_1_844' title='bbox 3022 5351 3487 5421; x_wconf 81' lang='lat' dir='ltr'><strong>pereitus,jussit</strong></span> 
     </span>
    </p>
   </div>
   <div class='ocr_carea' id='block_1_114' title="bbox 1899 5442 3487 5508">
    <p class='ocr_par' dir='ltr' id='par_1_114' title="bbox 1899 5442 3487 5508">
     <span class='ocr_line' id='line_1_114' title="bbox 1899 5442 3487 5508; baseline -0.001 -10"><span class='ocrx_word' id='word_1_845' title='bbox 1899 5460 2023 5498; x_wconf 87' lang='lat' dir='ltr'><strong>eum</strong></span> <span class='ocrx_word' id='word_1_846' title='bbox 2090 5443 2221 5497; x_wconf 74' lang='lat' dir='ltr'><strong>caedi</strong></span> <span class='ocrx_word' id='word_1_847' title='bbox 2296 5444 2448 5508; x_wconf 89' lang='lat' dir='ltr'><strong>loris,</strong></span> <span class='ocrx_word' id='word_1_848' title='bbox 2508 5446 2737 5498; x_wconf 87' lang='lat' dir='ltr'><strong>dicens:</strong></span> <span class='ocrx_word' id='word_1_849' title='bbox 2774 5442 3065 5502; x_wconf 77' lang='lat' dir='ltr'><strong>Videamus</strong></span> <span class='ocrx_word' id='word_1_850' title='bbox 3119 5458 3188 5496; x_wconf 88' lang='lat' dir='ltr'><strong>an</strong></span> <span class='ocrx_word' id='word_1_851' title='bbox 3239 5443 3379 5497; x_wconf 88' lang='lat' dir='ltr'><strong>Deus</strong></span> <span class='ocrx_word' id='word_1_852' title='bbox 3417 5443 3487 5497; x_wconf 87' lang='lat' dir='ltr'><strong>sit</strong></span> 
     </span>
    </p>
   </div>
   <div class='ocr_carea' id='block_1_115' title="bbox 1902 5534 3487 5605">
    <p class='ocr_par' dir='ltr' id='par_1_115' title="bbox 1902 5534 3487 5605">
     <span class='ocr_line' id='line_1_115' title="bbox 1902 5534 3487 5605; baseline -0.001 -15"><span class='ocrx_word' id='word_1_853' title='bbox 1902 5538 1952 5590; x_wconf 88' lang='lat' dir='ltr'><strong>ei</strong></span> <span class='ocrx_word' id='word_1_854' title='bbox 2010 5551 2167 5604; x_wconf 84' lang='lat' dir='ltr'><strong>Opem</strong></span> <span class='ocrx_word' id='word_1_855' title='bbox 2225 5535 2456 5599; x_wconf 76' lang='lat' dir='ltr'><strong>laturus,</strong></span> <span class='ocrx_word' id='word_1_856' title='bbox 2526 5538 2580 5591; x_wconf 88' lang='lat' dir='ltr'><strong>in</strong></span> <span class='ocrx_word' id='word_1_857' title='bbox 2612 5552 2720 5605; x_wconf 86' lang='lat' dir='ltr'><strong>quo</strong></span> <span class='ocrx_word' id='word_1_858' title='bbox 2779 5550 3013 5605; x_wconf 84' lang='lat' dir='ltr'><strong>sperans</strong></span> <span class='ocrx_word' id='word_1_859' title='bbox 3110 5534 3487 5605; x_wconf 87' lang='lat' dir='ltr'><strong>imperatorias</strong></span> 
     </span>
    </p>
   </div>
   <div class='ocr_carea' id='block_1_116' title="bbox 1904 5624 3487 5696">
    <p class='ocr_par' dir='ltr' id='par_1_116' title="bbox 1904 5624 3487 5696">
     <span class='ocr_line' id='line_1_116' title="bbox 1904 5624 3487 5696; baseline -0.001 -14"><span class='ocrx_word' id='word_1_860' title='bbox 1904 5628 2327 5683; x_wconf 83' lang='lat' dir='ltr'><strong>constitutiones</strong></span> <span class='ocrx_word' id='word_1_861' title='bbox 2356 5630 2731 5683; x_wconf 83' lang='lat' dir='ltr'><strong>contemnitet</strong></span> <span class='ocrx_word' id='word_1_862' title='bbox 2762 5638 2946 5682; x_wconf 82' lang='lat' dir='ltr'><strong>nostra</strong></span> <span class='ocrx_word' id='word_1_863' title='bbox 2995 5628 3168 5696; x_wconf 74' lang='lat' dir='ltr'><strong>iussa.</strong></span> <span class='ocrx_word' id='word_1_864' title='bbox 3252 5624 3487 5681; x_wconf 85' lang='lat' dir='ltr'><strong>Sanctus</strong></span> 
     </span>
    </p>
   </div>
  </div>
