3972 6438
524 383 629 449 419

1851 373 2131 435 MENSIS
2168 371 2459 433 IULIUS.

3669 368 3777 433 420

519 513 700 557 autem
737 501 904 563 Plato,
928 501 1014 555 his
1040 496 1261 559 auditis,
1289 495 1428 551 dixit
1465 510 1478 546 :
1509 491 1993 563 lmpudentissime
2040 501 2093 545 et

2203 488 2512 557 μιαρώτατε
2549 486 2698 538 κύων
2742 485 2834 538 καὶ
2865 481 3119 553 βασάνων
3168 483 3473 555 κακουργὶ,
3501 486 3775 553 ἐπινοητά

528 593 953 649 sceleratissime
977 590 1148 655 canis,
1178 602 1443 642 novorum
1474 594 1866 641 tormentorum
1901 583 2093 637 inven-

521 696 608 742 tor
645 697 700 740 et
728 686 1065 754 excogitator
1100 682 1397 752 Agrippine
1442 698 1454 733 :
1502 678 1894 732 convenienter
1946 676 2093 729 enim

519 788 615 833 tuo
635 778 801 831 animi
822 778 1001 833 studio
1025 786 1079 831 et
1103 775 1356 827 instituto
1376 774 1476 826 fuit
1495 772 1562 825 ab
1593 769 1858 824 initiotibi
1897 783 2093 821 nomen

520 871 857 940 impositum.
896 870 965 921 Es
983 867 1126 920 enim
1150 865 1377 937 agrestis
1403 863 1621 931 quidam
1644 862 1822 931 lupus,
1849 868 1902 913 et
1933 858 2096 911 etfre-

519 970 680 1015 natus
703 970 960 1027 tanquam
984 972 1158 1026 equus
1187 956 1503 1017 indomitus,
1570 969 1665 1007 eos
1751 950 2097 1021 prmcipitans

519 1052 613 1122 qui
670 1060 975 1119 sequuntur
1027 1048 1401 1119 impudentem
1450 1055 1505 1099 et
1554 1046 1872 1099 sceleratam
1952 1053 2094 1095 tuam

521 1152 780 1199 mentem.
826 1142 987 1195 Miser
1016 1150 1071 1194 et
1138 1140 1348 1197 infelix,
1394 1150 1529 1190 esne
1584 1136 1719 1189 adeo
1788 1133 1987 1189 stultus
2044 1141 2097 1185 et

520 1236 807 1305 insipiens,
838 1241 894 1288 et
922 1240 1233 1287 excaecatus
1288 1244 1315 1280 a
1350 1240 1503 1297 patre
1546 1237 1639 1281 tno
1684 1225 1931 1280 Satana?
1976 1221 2095 1275 Non

520 1329 693 1387 vides,
719 1322 1179 1393 quemadmodum
1234 1318 1486 1373 Christus
1543 1317 1671 1369 mihi
1711 1318 1762 1368 in
1818 1313 2097 1383 prioribus

516 1418 690 1471 adfuit
726 1413 1143 1475 tentationibus,
1169 1420 1227 1466 et
1258 1425 1401 1463 nunc
1440 1424 1655 1477 quoque
1696 1408 1874 1469 δόρει,
1911 1407 2098 1457 levans

516 1524 670 1564 meos
727 1507 959 1570 labores,
1015 1516 1071 1559 et
1136 1518 1334 1557 curans
1401 1502 1675 1570 plagarum
1730 1508 1908 1561 notas,
1976 1510 2099 1566 qua:

508 1598 546 1655 'a
578 1611 629 1654 te
661 1601 793 1653 mihi
827 1598 1248 1665 imprimuntur;
1294 1604 1370 1656 et,
1403 1603 1479 1675 utl
1514 1592 1677 1646 semel
1716 1591 1912 1651 dicam,
1953 1604 2097 1642 nun-

515 1707 677 1761 quam
709 1689 928 1757 reliquit
950 1702 1045 1741 eos
1077 1686 1167 1755 qui
1197 1686 1300 1753 ipsi
1333 1683 1617 1761 serviunt?
1652 1681 1757 1735 Fac
1776 1696 1904 1750 ergo
1934 1694 2097 1748 quam

516 1782 805 1837 celerrime
854 1794 915 1833 ea
954 1793 1075 1848 quae
1128 1787 1220 1830 tuo
1265 1757 1459 1830 sedent
1502 1775 1705 1835 animo,
1757 1782 1813 1827 ut
1862 1787 1957 1842 per
1989 1782 2101 1824 tor-

2211 581 2533 647 Ἀγριππῖνε
2563 580 2573 628 !
2605 576 2739 644 πρὸς
2765 576 2874 645 γὰρ
2908 575 3007 645 τὴν
3034 576 3359 644 προαίρεσιν
3383 577 3481 644 τὴν
3506 574 3565 640 ἑξ
3595 577 3780 646 ἀρχῆς

2198 668 2429 738 ἐπετέθη
2461 685 2542 721 σοι
2566 669 2662 721 καὶ
2699 668 2757 719 τὸ
2792 668 2963 736 δνομα
2985 681 2998 697 ⁸
3034 668 3227 737 ἄγριος
3265 667 3377 738 γάρ
3410 685 3494 730 τις
3518 665 3779 737 καθάπερ

2198 763 2363 822 ἵππος
2393 762 2680 829 ὑπάρχεις,
2719 761 3052 829 ἀχαλίνωτος
3087 759 3402 829 κρεμνίζων
3429 762 3555 821 τοὺς
3577 760 3778 824 ἑξακο-

2198 852 2526 914 λουοοῦντας
2548 854 2613 921 τῇ
2647 852 2917 921 μιαιφόνῳ
2943 868 3035 904 σου
3064 851 3281 921 γνώμῃ.
3303 850 3572 904 Τοσοῦτον
3597 853 3780 922 ὑπάρ-

2199 961 2314 1013 χεις
2350 944 2539 1012 ἄφρων
2568 943 2660 995 καὶ
2693 942 3013 1011 ἑτυφλὼθης
3040 942 3191 1012 παρὰ
3234 943 3328 996 τοῦ
3380 944 3597 1012 πατρός
3654 960 3778 1007 σου,

2199 1036 2293 1089 τοῦ
2318 1038 2551 1097 Σατανᾶ,
2578 1038 2674 1089 καὶ
2695 1037 2791 1104 οὐχ
2818 1037 2949 1106 ὁρᾷς
2975 1035 3089 1096 πῶς
3126 1036 3221 1087 καὶ
3253 1038 3309 1088 ὲν
3339 1038 3453 1099 τοῖς
3485 1036 3781 1105 προτέροις

2199 1130 2445 1198 παρέστη
2488 1144 2613 1198 μοι·
2652 1128 2747 1180 καὶ
2782 1130 2839 1179 ὲν
2868 1130 2981 1189 τοῖς
3012 1127 3297 1196 δευτέροις
3324 1127 3380 1180 δὲ
3421 1129 3781 1197 παρέστηκεν

2196 1223 2224 1273 ό
2251 1221 2506 1290 Χριστὸς,
2539 1219 2911 1286 ἐπικουφίζων
2939 1220 3067 1282 τοὺς
3100 1221 3300 1277 πόνους
3328 1222 3421 1271 καὶ
3446 1219 3778 1288 θεραπεύων

2197 1313 2323 1373 τοὺς
2358 1311 2509 1380 παρὰ
2542 1312 2625 1363 σοί
2655 1326 2745 1379 μοι
2776 1312 3113 1377 γενομένους
3144 1314 3252 1363 τῶν
3278 1312 3507 1380 πληγῶν
3534 1312 3739 1373 τόπους
3763 1325 3777 1340 '

2200 1405 2293 1457 καὶ
2328 1404 2516 1467 ἁπλῶς
2544 1403 2675 1471 ἐρῶ,
2707 1403 2971 1455 οὐδέποτε
3000 1403 3413 1472 καταλιμπάνει
3442 1406 3572 1465 τοὺς
3604 1401 3780 1457 αὐτοῦ

2197 1496 2437 1557 δούλους.
2464 1496 2613 1548 Ποίει
2639 1494 2732 1547 οὖν
2781 1495 2849 1547 τά
2882 1495 3274 1564 παριστάμενά
3323 1511 3407 1548 σοι
3436 1498 3493 1547 ἰν
3537 1496 3780 1559 τούτοις,

2202 1590 2287 1641 ἵνα
2322 1588 2414 1639 καὶ
2445 1587 2532 1640 διὰ
2561 1587 2669 1640 τῶν
2699 1586 2956 1655 βασάνων
3006 1588 3117 1639 τῶν
3164 1588 3637 1656 προσφερομένων
3686 1603 3782 1655 μοι

2201 1684 2293 1735 καὶ
2319 1682 2427 1735 τῶν
2462 1682 2741 1749 αἰκισμῶν
2777 1679 2968 1751 γνώσῃ
3003 1680 3097 1733 τδν
3158 1678 3461 1748 βοηθοῦντα
3513 1678 3779 1747 Χριστὸν,

2201 1774 2292 1827 τὸν
2322 1774 2475 1842 παρᾶ
2503 1775 2602 1842 τῆς
2640 1773 2737 1842 σῆς
2763 1772 3046 1842 Θεομάχου
3071 1770 3323 1845 γλώττης
3350 1770 3443 1824 νῦν
3479 1770 3783 1841 ὑϐριζόμεο

518 1883 722 1939 menta,
758 1888 879 1942 qua;
936 1871 1065 1923 mihi
1115 1867 1445 1930 inferuntur,
1500 1876 1555 1921 et
1605 1866 1855 1935 indignas
1891 1864 2095 1933 plagas,

2203 1881 2312 1918 vov.
2357 1865 2497 1928 Ἐγὼ
2528 1864 2637 1933 γάρ
2673 1864 2781 1932 ἔχω
2806 1864 2904 1933 τὴν
2930 1863 3096 1916 αὑτοῦ
3122 1862 3373 1931 βοήθειαν
3401 1860 3783 1931 συνεργοῦσαν

516 1976 809 2032 cognoscas
846 1960 1126 2014 Christum
1177 1958 1307 2010 mihi
1338 1972 1497 2025 opem
1548 1956 1709 2017 ferre,
1762 1955 1854 2024 qui
1893 1970 1923 2008 ο
1972 1964 2088 2019 tua,

516 2066 636 2122 qua
661 2068 783 2106 cum
816 2052 925 2105 Deo
951 2056 1176 2120 pugnat,
1220 2049 1400 2117 lingua
1440 2061 1587 2100 nunc
1620 2046 1853 2100 afﬁcitur
1899 2056 2092 2100 contu-

2202 1972 2319 2026 μοι,
2360 1956 2455 2007 καὶ
2490 1953 2551 2007 οὐ
2579 1953 2968 2025 φοϐηθήσομαι
3022 1970 3125 2006 σου
3148 1954 3249 2017 τὰς
3284 1953 3520 2016 ἀπειλὰς
3554 1954 3649 2007 καὶ
3682 1952 3783 2015 τὰς

2196 2046 2489 2118 τιμωρίας.

516 2148 698 2203 melia.
726 2144 837 2217 Ego
866 2145 1013 2199 enim
1045 2158 1261 2214 semper
1296 2144 1506 2199 habens
1538 2157 1717 2213 opem,
1751 2157 1869 2211 qua:
1899 2143 1965 2198 ab
1989 2158 2053 2198 eo
2077 2143 2209 2196 mihi
2236 2143 2429 2210 fertur,
2460 2158 2567 2199 non
2594 2143 2797 2198 timebo
2838 2152 2959 2197 tuas
2994 2141 3191 2205 minas,
3232 2156 3413 2210 neque
3446 2140 3628 2195 varios
3655 2148 3783 2193 tuos

520 2249 817 2293 ετυςισιυε.

589 2328 706 2384 XV.
744 2329 977 2383 Ministri
1004 2337 1186 2383 autem
1216 2329 1435 2382 Satanae
1482 2328 1590 2382 cito
1618 2328 1868 2380 fecerunt
1922 2328 2094 2396 impe-

521 2430 662 2483 rata,
727 2430 783 2475 et
832 2420 1237 2489 quamprimum
1316 2427 1570 2486 tanquam
1629 2418 1924 2470 inanimam
1967 2432 2093 2471 eum

526 2520 815 2581 tangentes
859 2519 1113 2573 statuam,
1161 2509 1333 2563 sancti
1377 2510 1620 2563 membra
1664 2509 2095 2563 conscindebant

523 2601 1416 2669 lmmisericorditer,incipientes
1438 2602 1506 2655 ab
1539 2602 1801 2654 humeris.
1861 2601 2097 2654 Sanctus

521 2706 706 2748 antem
734 2694 884 2747 Plato
911 2693 1125 2747 dicebat
1163 2710 1175 2746 :
1210 2692 1536 2759 Exspectant
1566 2696 1862 2759 exspectavi
1914 2694 2095 2744 Domi-

523 2798 666 2845 num,
720 2791 767 2835 et
812 2784 1034 2835 intendit
1084 2782 1211 2833 mihi
1271 2790 1318 2833 et
1368 2782 1630 2833 exaudivit
1675 2782 2096 2845 deprecationem

524 2892 695 2929 meam
756 2876 817 2928 ¹⁵.
892 2875 1094 2928 Omnes
1153 2885 1333 2928 autem
1407 2874 1499 2943 qui
1575 2889 1697 2928 eum
1762 2873 2099 2943 aspirigbant

525 2984 667 3039 agre
713 2969 1207 3038 ferebantproptcr
1242 2969 1290 3021 ei
1344 2968 1551 3021 illatum
1596 2968 1922 3025 cruciatum.
1970 2967 2098 3022 Erat

527 3060 673 3113 enim
733 3059 1063 3128 Agrippinus
1137 3074 1298 3128 supra
1374 3060 1593 3113 modum
1666 3060 2002 3115 inhumanus
2042 3066 2099 3113 et

2272 2327 2371 2379 IE'.
2410 2326 2473 2379 Οί
2505 2324 2561 2377 δὲ
2600 2326 2872 2393 ὑπηρέται
2903 2325 3101 2379 θᾶττον
3150 2326 3373 2379 ιποίουν
3424 2326 3493 2380 τὰ
3537 2341 3785 2396 προστα-

2198 2417 2398 2489 χθέντα
2452 2419 2638 2480 αὐτοῖς
2684 2420 2780 2470 καὶ
2837 2419 2977 2487 μετά
3034 2418 3233 2471 πολλοῦ
3293 2418 3388 2471 τοῦ
3444 2417 3782 2486 τάχους,ὼς

2197 2511 2407 2581 ἀψύχου
2441 2511 2755 2580 ἀνδριάντος
2782 2511 3102 2578 ἁπτόμενοι,
3126 2502 3370 2579 ἀνηλεῶς
3396 2510 3461 2562 τὰ
3489 2509 3582 2562 τοῦ
3615 2510 3782 2574 ἁγίου

2198 2604 2539 2669 κατέτεμνον
2570 2602 2703 2671 μέλη
2746 2603 2855 2654 ἀπὸ
2890 2602 2997 2653 τῶν
3028 2601 3197 2669 ὤμων
3254 2602 3581 2672 ἀρξάμενοι.
3634 2602 3694 2656 '0
3720 2603 3781 2656 δι

2202 2694 2359 2760 ἅγιος
2408 2694 2633 2746 Πλάτων
2686 2692 2904 2763 ἔλεγεν·
2966 2694 3299 2763 ’Υπομένων
3351 2694 3646 2761 ὑπέμεινα
3672 2697 3783 2745 τὸν

2204 2786 2442 2853 Κύριον,
2476 2785 2573 2838 καὶ
2618 2788 2967 2854 προσέσχεν
2995 2802 3094 2854 μοι
3125 2785 3219 2839 καὶ
3255 2784 3624 2854 είσήκουσεν
3669 2783 3783 2851 τῆς

2204 2876 2469 2943 δεήσεως
2505 2894 2645 2946 μου.
2682 2878 2789 2931 Καὶ
2843 2877 3090 2939 ἅπαντες
3138 2882 3185 2931 ol
3221 2878 3556 2947 θεωροῦντες
3611 2878 3781 2931 αὑτὸν

2204 2966 2609 3018 ἀπεδυσπέτονν
2638 2966 2725 3017 διὰ
2748 2967 2844 3035 τὴν
2870 2968 3146 3036 τιμωρίαν
3176 2967 3276 3036 τὴν
3309 2967 3781 3038 προσενεχθεῖσαν

2206 3053 2355 3124 αύτῷ
2383 3070 2394 3081 ·
2424 3048 2499 3123 ἦν
2530 3054 2634 3124 γὰρ
2665 3054 2692 3105 ὁ
2738 3055 3093 3123 ’Δγριππτνος
3119 3055 3569 3128 ὑπερόαλλόντως
3604 3057 3783 3110 ἀπάνο

526 3146 691 3216 plane
734 3147 901 3200 ferus.
958 3146 1219 3217 Egregius
1261 3162 1389 3201 vero
1427 3149 1631 3202 Christi
1677 3150 1879 3201 athleta
1925 3148 2097 3212 Plato,

2208 3147 2446 3216 θρωπος.
2491 3147 2549 3198 Ὀ
2569 3146 2622 3199 δὲ
2655 3149 2900 3213 γενναῖος
2924 3148 3164 3219 ἀθλητὴς
3186 3151 3279 3202 τοῦ
3311 3150 3548 3219 Χριστοῦ
3581 3149 3779 3219 ῶσπερ

528 3251 784 3308 tanquam
814 3240 979 3293 turris
1008 3242 1251 3308 qua-dam
1299 3256 1419 3308 qua:
1448 3241 1713 3308 pulsatur,
1742 3240 2098 3294 inconcussus

527 3347 758 3385 manens
780 3341 835 3385 et
851 3331 1107 3385 immotus
1129 3341 1355 3402 propter
1372 3346 1525 3386 suam
1546 3331 1703 3387 fidem
1722 3332 1773 3385 in
1796 3331 2095 3397 Christum,

529 3424 804 3479 insomnis
822 3426 1222 3493 quodammodo
1241 3425 1480 3493 torqueri
1499 3426 1803 3479 videbatur.
1827 3425 1936 3479 Hoc
1952 3428 2098 3478 enim

528 3524 859 3568 tormentum
890 3530 1001 3566 non
1029 3513 1347 3577 formidans,
1397 3530 1573 3583 neque
1608 3516 1676 3569 ab
1711 3530 1776 3569 eo
1837 3515 2097 3583 obstupe-

530 3604 730 3667 factus,
755 3620 863 3659 non
900 3606 1070 3660 solum
1097 3607 1291 3675 pusillo
1328 3615 1383 3663 et
1410 3606 1620 3675 abjecto
1654 3608 1835 3660 animo
1859 3621 1963 3659 non
1984 3619 2100 3659 ces-

528 3700 641 3752 sit:
682 3700 775 3752 sed
809 3713 866 3751 se
921 3700 1215 3751 ostendens
1243 3700 1668 3765 magnanimum,
1703 3700 1875 3751 lorum
1929 3713 2095 3752 unum

530 3801 562 3841 e
597 3801 699 3840 suo
731 3787 901 3842 latere
938 3789 1183 3843 evulsum
1217 3804 1279 3843 ex
1333 3790 1396 3845 iis
1429 3805 1548 3858 quae
1604 3790 1823 3844 lictores
1874 3804 1940 3843 ex
1980 3790 2099 3857 ejus

528 3891 765 3947 corpore
822 3878 1240 3938 abscindebant,
1295 3880 1523 3946 projecit
1573 3889 1699 3931 ante
1748 3880 1986 3933 tribunal
2012 3880 2101 3948 ju-

530 3968 690 4030 dicis,
755 3968 943 4023 dicens
1003 3984 1017 4023 :
1079 3967 1535 4023 lnhumanissime
1588 3977 1641 4023 et
1684 3970 1938 4024 omnibus
1970 3970 2099 4025 feris

529 4058 748 4122 saevior,
775 4068 914 4123 esto,
936 4074 1033 4113 cor
1081 4067 1233 4111 tuum
1293 4069 1375 4113 est
1429 4059 1565 4113 adeo
1621 4067 1973 4125 excaecatum,
2039 4064 2099 4113 ut

529 4150 702 4206 Deum
731 4165 839 4204 non
858 4164 1142 4219 agnoscas,
1165 4151 1255 4217 qui
1290 4150 1359 4203 ad
1420 4164 1573 4203 suam
1635 4165 1743 4207 nos,
1795 4151 1922 4204 fecit
1968 4152 2101 4204 ima-

529 4242 709 4313 ginem
755 4263 769 4296 :
830 4242 1101 4311 quomodo
1131 4256 1238 4294 non
1286 4242 1563 4296 misereris
1590 4242 1850 4311 corporis,
1903 4243 2097 4297 iisdem

531 4335 731 4404 quibus
759 4343 838 4396 tu,
865 4334 1085 4388 obnoxii
1127 4336 1595 4403 perpessionibus,
1632 4336 1774 4402 quod
1829 4339 2099 4389 membra-

533 4426 628 4479 tim
664 4425 1077 4480 conscinditur:
1113 4427 1205 4479 sed
1221 4426 1311 4478 tibi
1336 4436 1417 4480 est
1440 4426 1700 4494 voluptati
1731 4429 2097 4481 membrorum

2201 3254 2283 3299 τις
2317 3237 2522 3304 πύργος
2571 3236 2900 3305 βαλλόμενος
2954 3240 3048 3290 καὶ
3092 3240 3391 3302 ἀσάλευτος
3448 3243 3630 3307 μένων
3676 3244 3780 3292 καὶ

2202 3327 2623 3397 ἀμετακίνητος,
2674 3328 2732 3380 ιν
2758 3327 2991 3395 ὀνείροις
3024 3328 3199 3381 ἐδόκει
3229 3329 3621 3399 βασανίζεσθαι
3652 3347 3662 3358 ·
3702 3330 3781 3399 μὴ

2199 3420 2475 3482 δειλιάσας
2508 3420 2615 3489 γὰρ
2642 3421 2741 3487 τὴν
2775 3420 3010 3490 βάσανον
3051 3406 3257 3489 ταύτην
3307 3422 3444 3491 μηδὲ
3485 3422 3782 3476 καταπλαο

2201 3516 2318 3583 γείς
2350 3516 2439 3568 ὑπ’
2469 3518 2660 3585 αὐτῆς,
2690 3519 2749 3570 οὺ
2790 3520 2953 3587 μόνον
2976 3519 3075 3571 οὐκ
3104 3519 3369 3575 ἐνέδωκεν
3398 3523 3777 3595 ὀλιγωρήσας,

2201 3609 2336 3661 ἀλλά
2372 3611 2479 3678 γὰρ
2516 3612 2608 3660 καὶ
2643 3610 3129 3678 μεγαλοψυχήσας,
3159 3611 3337 3681 λῶρον
3370 3614 3466 3664 ἕνα
3510 3616 3776 3667 ἀποσπά-

2202 3717 2301 3763 σας
2336 3700 2399 3751 sx
2434 3701 2532 3769 τῆς
2584 3700 2751 3753 αὐτοῦ
2810 3701 3053 3771 πλευρᾶς
3104 3700 3163 3754 δν
3219 3702 3267 3755 ol
3319 3702 3506 3774 δήμιοι
3543 3704 3781 3773 ἔτεμνον

2202 3789 2309 3841 ἀπὸ
2340 3788 2436 3841 τοῦ
2479 3789 2734 3858 σώματος
2763 3790 2951 3855 αὑτοῦ,
2980 3790 3206 3861 ἔρριψεν
3251 3792 3357 3861 προ
3398 3791 3490 3845 τοῦ
3523 3791 3781 3862 βήματος

2200 3879 2293 3930 τοῦ
2320 3879 2578 3932 δικαστοῦ
2604 3880 2779 3946 λέγων
2803 3894 2817 3909 °
2874 3881 3364 3949 Ἀσυμπαθέστατε
3420 3884 3516 3936 καὶ
3552 3886 3781 3939 πάντων

2202 3970 2405 4042 θηρίων
2451 3969 2778 4041 ἀγριώτατε,
2803 3972 3060 4043 ή,κσρδία
3091 3990 3182 4026 σου
3208 3973 3381 4036 οὕτως
3414 3975 3779 4045 πεπώρωται,

2201 4065 2405 4117 καὶτὸν
2438 4063 2570 4116 Θεὸν
2595 4064 2693 4117 οὐκ
2723 4066 3132 4133 ἐπιγινώσκεις,
3166 4065 3259 4118 τὸν
3290 4064 3384 4118 καὶ
3418 4066 3603 4119 εἰκόνα
3634 4067 3780 4119 ίδίαν

2199 4157 2348 4225 ἡμᾶς
2381 4159 2724 4228 πεποιηκότα
2782 4158 2901 4223 πῶς
2950 4159 3074 4211 οὐδὲ
3129 4158 3189 4211 τὸ
3235 4158 3572 4227 ὁμοιοπαθὲς
3614 4158 3785 4227 σῶμα

2199 4250 2488 4318 οἰκτείρεις
2523 4251 2664 4303 κατὰ
2698 4251 2862 4320 μέρος
2892 4250 3091 4319 τέμνον
3112 4264 3126 4280 ⁸
3156 4249 3349 4317 τέρπει
3386 4265 3445 4299 σε
3474 4249 3641 4318 ήτῶν
3678 4265 3785 4317 με-

2200 4342 2309 4394 λῶν
2339 4360 2439 4412 μου
2477 4343 2798 4408 κατακοπὴς
2829 4341 3015 4393 Ταῦτα
3052 4341 3105 4392 δὲ
3125 4339 3293 4407 λέγω,
3325 4340 3421 4409 οὐχ
3445 4338 3519 4401 ὡς
3552 4339 3781 4406 φεύγων

2202 4433 2261 4486 τὸ
2291 4435 2429 4505 ὑπὲρ
2477 4432 2765 4496 εὐσεϐείας
2806 4432 3123 4498 ἀποθανεῖν,
3158 4430 3296 4487 ἀλλά
3330 4430 3428 4501 τὴν
3485 4429 3584 4501 σὴν
3625 4430 3784 4500 ὠμό-

537 4532 779 4571 meorum
803 4515 1117 4570 dissectio?
1161 4515 1286 4569 Haec
1338 4525 1519 4570 autem
1577 4517 1718 4581 dico,
1781 4532 1888 4570 non
1915 4526 1973 4571 ut
2009 4518 2098 4585 qui

2208 4542 2344 4593 τητα
2374 4528 2539 4578 πᾶσιν
2575 4526 2745 4579 ποιῶν
2776 4525 3083 4595 κατάδηλον
3108 4542 3123 4555 ·
3155 4526 3276 4576 ἐπεὶ
3308 4522 3426 4585 πῶς
3483 4522 3652 4589 ἡδέως
3684 4523 3784 4576 διὰ

536 4613 738 4684 fugiam
781 4614 917 4667 mori
968 4628 1066 4682 pro
1116 4613 1455 4681 pietatc,sed
1508 4612 1884 4665 crudelitatem
1953 4616 2100 4661 tuam

532 4716 593 4760 et
629 4705 1083 4759 inbumanitatem
1135 4704 1354 4757 reddam
1412 4703 1668 4757 omnibus
1732 4699 2097 4754 manifestam.

536 4794 647 4866 Ego
680 4797 822 4850 enim
858 4807 1080 4865 propter
1108 4796 1385 4849 Clu-istum
1416 4810 1596 4847 meum
1645 4794 1877 4847 libenter
1928 4794 2102 4861 patior

538 4887 723 4939 omnia
750 4886 907 4948 mala,
947 4902 1064 4952 qum
1102 4886 1232 4937 mihi
1262 4902 1289 4937 a
1326 4894 1375 4937 te
1429 4882 1835 4942 inferuntur,et
1871 4881 2104 4933 libenter

537 4977 1047 5033 sustineodolorum
1069 4976 1446 5037 acerbitatem,
1484 4984 1542 5028 ut
1576 4975 1628 5027 in
1676 4973 1857 5026 futuro
1906 4972 2104 5024 smculo

535 5074 797 5121 aeternam
844 5067 1117 5119 inveniam
1160 5066 1423 5135 requiem.
1470 5064 1547 5118 Tu
1589 5074 1791 5125 autem,
1844 5078 1875 5115 ο
1910 5062 2105 5115 crude-

539 5157 745 5211 lissime
786 5167 841 5210 et
887 5157 1277 5209 immanissimc
1327 5158 1511 5221 homo,
1562 5162 1783 5222 accepta
1831 5153 1970 5221 pelle
1998 5153 2103 5204 mei

537 5251 811 5317 corporis,
857 5264 975 5303 eam
1030 5250 1171 5303 habe
1231 5256 1421 5301 testem
1463 5260 1569 5303 tua:
1624 5243 1948 5315 impietatis,
1987 5258 2104 5310 qua:

540 5349 595 5395 te
622 5341 785 5394 mittit
822 5340 887 5393 ad
940 5350 1303 5401 atternum,et
1327 5341 1469 5409 quod
1543 5353 1823 5407 nunquam
1882 5335 2102 5396 desinit,

540 5434 891 5504 supplicium,
937 5447 1059 5486 cum
1117 5434 1423 5488 simulacris
1474 5434 1580 5487 tuis
1628 5440 1682 5484 et
1740 5428 2101 5485 daemonibus.

542 5528 688 5583 Dixit
720 5526 1055 5597 Agrippinus
1090 5544 1102 5579 :
1144 5528 1344 5581 Curcs
1374 5526 1660 5597 insipiens,
1688 5534 1743 5579 et
1772 5526 1899 5580 odio
1936 5525 2104 5578 habes

540 5632 694 5684 tuum
720 5632 993 5691 corpus,o
1024 5618 1198 5684 Plato,
1224 5629 1279 5674 et
1304 5634 1415 5676 non
1445 5634 1623 5687 curas,
1659 5620 1806 5688 quod
1842 5619 2106 5675 intestina

652 5792 693 5823 "
724 5788 862 5844 Psal.
899 5804 1024 5855 cxx,
1056 5790 1105 5855 l,
1132 5788 1188 5844 2.

2205 4621 2295 4669 τὸν
2350 4617 2584 4686 Χριστὸν
2618 4618 2812 4686 πάσχω
2862 4618 2957 4667 καὶ
3010 4618 3077 4667 τὰ
3114 4614 3267 4684 παρά
3320 4613 3414 4664 σοῦ
3465 4615 3784 4682 ὲναγόμενα

2207 4706 2465 4776 ὑπομένω
2497 4704 2595 4776 τὴν
2644 4705 2753 4757 τῶν
2808 4703 2988 4757 πόνων
3027 4702 3314 4769 δεινότητα
3342 4700 3402 4753 οὐ
3430 4698 3641 4767 φεύγω,
3688 4700 3785 4753 ἵνα

2205 4790 2261 4851 ὲν
2295 4799 2372 4867 τῷ
2406 4798 2656 4866 μέλλοντι
2707 4796 2862 4850 αἰῶνι
2903 4796 3003 4866 τὴν
3028 4794 3213 4848 ἄνεσιν
3248 4794 3429 4861 εῦρω*
3467 4792 3531 4845 σὺ
3564 4791 3622 4844 δὶ
3664 4792 3787 4844 ἀπ-

2206 4892 2492 4961 ηνέσταιε,
2524 4889 2819 4960 δεξάμενος
2867 4890 2967 4958 τὴν
3016 4889 3111 4940 τοῦ
3149 4888 3399 4958 σώματός
3446 4903 3547 4956 μου
3589 4884 3783 4961 δορὰν,

2210 4984 2463 5052 μάρτυρα
2525 4984 2624 5050 τῆς
2679 4980 2933 5043 ἀσεϐείας
2976 4980 3141 5049 ἔχεις,
3191 4978 3519 5047 πέμπουσαν
3567 4964 3635 5026 σε
3699 4976 3784 5041 εἰς

2206 5075 2433 5127 αἰωνίαν
2461 5074 2558 5124 καὶ
2593 5072 2956 5143 ἀτελεύτητον
2986 5072 3212 5125 κόλασιν
3243 5071 3381 5141 μετά
3400 5070 3511 5123 τῶν
3535 5068 3783 5122 εἰδώλων

2207 5184 2321 5220 σου.
2366 5168 2722 5235 Ἀγριππῖνος
2755 5168 2891 5236 ἔφη’
2933 5166 3092 5219 ἰνατί
3122 5165 3381 5226 ἀσύνετος
3412 5160 3483 5228 εἶ,
3518 5162 3612 5216 καὶ
3644 5161 3778 5230 ἑμί-

2208 5276 2377 5325 σησας
2409 5260 2467 5311 τὸ
2518 5261 2713 5311 ἑαυτοῦ
2751 5259 2932 5329 σῶμα,
2984 5259 3081 5311 ιιιαλ⁵
3131 5258 3190 5310 οὐ
3234 5255 3543 5327 φροντίζεις
3594 5252 3677 5306 ὅτι
3711 5253 3781 5307 τά

2208 5352 2415 5417 ἔγκατὰ
2470 5367 2561 5406 σου
2596 5352 2681 5404 διὰ
2714 5352 2820 5404 τῶν
2873 5351 3125 5421 πλευρῶν
3161 5367 3256 5402 σου
3303 5350 3399 5402 σὺν
3456 5350 3521 5415 τῇ
3584 5348 3779 5417 κόπρῳ

2209 5444 2452 5512 φέρεται,
2508 5446 2622 5497 ἀλλ’
2679 5444 2759 5496 ἔτι
2804 5446 2897 5496 καὶ
2948 5443 3042 5495 νῦν
3089 5443 3444 5510 ἀναισθητεῖς
3474 5454 3487 5469 ’
3547 5440 3683 5508 πρδῖ
3717 5441 3779 5489 δὲ

2207 5525 2438 5601 τούτοις,
2503 5537 2600 5589 οὐκ
2650 5536 2938 5606 ἀρκεσθεὶς
2990 5536 3101 5596 τοῖς
3156 5535 3470 5603 εἰρημένοις
3529 5548 3648 5594 σου,
3679 5528 3778 5585 νῦν

2208 5626 2309 5679 οὐκ
2336 5628 2555 5681 ἐπαύσω
2577 5627 2699 5693 sub;
2724 5626 2874 5689 θεοὺς
2902 5623 3202 5695 ἐνυϐρίζων
3241 5626 3330 5678 καὶ
3366 5620 3683 5693 παροξύνων
3712 5622 3772 5674 τὸ
