  <div class='ocr_page' id='page_1' title='image "/cluster/home/n/w/nwhite01/storage/ocr_20150623/115/ien.35556001659887/220.png"; bbox 0 0 3972 6474; ppageno 0'>
   <div class='ocr_carea' id='block_1_1' title="bbox 218 414 311 478">
    <p class='ocr_par' dir='ltr' id='par_1_1' title="bbox 218 414 311 478">
     <span class='ocr_line' id='line_1_1' title="bbox 218 414 311 478; baseline 0 0"><span class='ocrx_word' id='word_1_1' title='bbox 218 414 311 478; x_wconf 69' lang='grc' dir='ltr'><strong>ιιι</strong></span> 
     </span>
    </p>
   </div>
   <div class='ocr_carea' id='block_1_2' title="bbox 1483 404 2207 482">
    <p class='ocr_par' dir='ltr' id='par_1_2' title="bbox 1483 404 2207 482">
     <span class='ocr_line' id='line_1_2' title="bbox 1483 404 2207 482; baseline 0.006 -5"><span class='ocrx_word' id='word_1_2' title='bbox 1483 421 1657 479; x_wconf 83' lang='lat' dir='ltr'><strong>VlTA</strong></span> <span class='ocrx_word' id='word_1_3' title='bbox 1704 421 1765 481; x_wconf 88' lang='lat' dir='ltr'><strong>s.</strong></span> <span class='ocrx_word' id='word_1_4' title='bbox 1812 404 2207 482; x_wconf 84' lang='lat' dir='ltr'><strong>PLATONIS.</strong></span> 
     </span>
    </p>
   </div>
   <div class='ocr_carea' id='block_1_3' title="bbox 3363 418 3468 482">
    <p class='ocr_par' dir='ltr' id='par_1_3' title="bbox 3363 418 3468 482">
     <span class='ocr_line' id='line_1_3' title="bbox 3363 418 3468 482; baseline 0.01 -1"><span class='ocrx_word' id='word_1_5' title='bbox 3363 418 3468 482; x_wconf 65' lang='lat'><strong>£22</strong></span> 
     </span>
    </p>
   </div>
   <div class='ocr_carea' id='block_1_4' title="bbox 216 528 1784 605">
    <p class='ocr_par' dir='ltr' id='par_1_4' title="bbox 216 528 1784 602">
     <span class='ocr_line' id='line_1_4' title="bbox 216 528 1784 602; baseline 0.003 -20"><span class='ocrx_word' id='word_1_6' title='bbox 216 531 404 598; x_wconf 69' lang='grc' dir='ltr'>σεμνὸν</span> <span class='ocrx_word' id='word_1_7' title='bbox 450 530 830 602; x_wconf 76' lang='grc' dir='ltr'>δικαστήριον.</span> <span class='ocrx_word' id='word_1_8' title='bbox 882 534 940 585; x_wconf 82' lang='grc'><strong>’0</strong></span> <span class='ocrx_word' id='word_1_9' title='bbox 998 535 1153 600; x_wconf 65' lang='grc' dir='ltr'>ἆιίιος</span> <span class='ocrx_word' id='word_1_10' title='bbox 1215 533 1441 587; x_wconf 82' lang='grc' dir='ltr'>Πλάτων</span> <span class='ocrx_word' id='word_1_11' title='bbox 1494 528 1687 585; x_wconf 73' lang='grc' dir='ltr'>εἶπεν·</span> <span class='ocrx_word' id='word_1_12' title='bbox 1726 534 1784 592; x_wconf 79' lang='lat' dir='ltr'><strong>El</strong></span> 
     </span>
    </p>
   </div>
   <div class='ocr_carea' id='block_1_5' title="bbox 1894 528 3472 605">
    <p class='ocr_par' dir='ltr' id='par_1_5' title="bbox 1896 532 3472 605">
     <span class='ocr_line' id='line_1_5' title="bbox 1896 532 3472 605; baseline -0.001 -16"><span class='ocrx_word' id='word_1_13' title='bbox 1896 544 1985 589; x_wconf 86' lang='lat' dir='ltr'><strong>tua</strong></span> <span class='ocrx_word' id='word_1_14' title='bbox 2009 551 2108 605; x_wconf 87' lang='lat' dir='ltr'><strong>per</strong></span> <span class='ocrx_word' id='word_1_15' title='bbox 2132 538 2221 589; x_wconf 77' lang='lat' dir='ltr'><strong>tua</strong></span> <span class='ocrx_word' id='word_1_16' title='bbox 2241 536 2407 589; x_wconf 85' lang='lat' dir='ltr'><strong>latera</strong></span> <span class='ocrx_word' id='word_1_17' title='bbox 2438 534 2685 593; x_wconf 81' lang='lat' dir='ltr'><strong>feruntur</strong></span> <span class='ocrx_word' id='word_1_18' title='bbox 2702 548 2825 588; x_wconf 90' lang='lat' dir='ltr'><strong>cum</strong></span> <span class='ocrx_word' id='word_1_19' title='bbox 2861 542 3102 587; x_wconf 76' lang='lat' dir='ltr'><strong>stercore</strong></span> <span class='ocrx_word' id='word_1_20' title='bbox 3132 547 3147 586; x_wconf 89' lang='lat'><strong>:</strong></span> <span class='ocrx_word' id='word_1_21' title='bbox 3174 532 3267 587; x_wconf 77' lang='lat' dir='ltr'><strong>sed</strong></span> <span class='ocrx_word' id='word_1_22' title='bbox 3295 532 3472 588; x_wconf 84' lang='lat' dir='ltr'><strong>adhuc</strong></span> 
     </span>
    </p>
   </div>
   <div class='ocr_carea' id='block_1_6' title="bbox 212 621 1782 694">
    <p class='ocr_par' dir='ltr' id='par_1_6' title="bbox 212 621 1782 694">
     <span class='ocr_line' id='line_1_6' title="bbox 212 621 1782 694; baseline 0.004 -21"><span class='ocrx_word' id='word_1_23' title='bbox 212 624 313 688; x_wconf 67' lang='grc' dir='ltr'><strong>ἐγὼ</strong></span> <span class='ocrx_word' id='word_1_24' title='bbox 340 621 517 684; x_wconf 75' lang='grc' dir='ltr'>οὕτως</span> <span class='ocrx_word' id='word_1_25' title='bbox 545 624 811 686; x_wconf 77' lang='grc' dir='ltr'>τοιαύτας</span> <span class='ocrx_word' id='word_1_26' title='bbox 842 625 947 677; x_wconf 57' lang='grc' dir='ltr'><strong>ὑπο</strong></span> <span class='ocrx_word' id='word_1_27' title='bbox 998 625 1092 678; x_wconf 85' lang='grc' dir='ltr'><strong>σοῦ</strong></span> <span class='ocrx_word' id='word_1_28' title='bbox 1130 625 1309 687; x_wconf 73' lang='grc' dir='ltr'>δεινὰς</span> <span class='ocrx_word' id='word_1_29' title='bbox 1355 625 1628 694; x_wconf 71' lang='grc' dir='ltr'><strong>τιμωρίαις</strong></span> <span class='ocrx_word' id='word_1_30' title='bbox 1678 644 1782 679; x_wconf 86' lang='grc' dir='ltr'>πα-</span> 
     </span>
    </p>
   </div>
   <div class='ocr_carea' id='block_1_7' title="bbox 212 700 1785 786">
    <p class='ocr_par' dir='ltr' id='par_1_7' title="bbox 212 713 1785 786">
     <span class='ocr_line' id='line_1_7' title="bbox 212 713 1785 786; baseline 0.003 -21"><span class='ocrx_word' id='word_1_31' title='bbox 212 714 310 765; x_wconf 86' lang='grc' dir='ltr'>θὼν</span> <span class='ocrx_word' id='word_1_32' title='bbox 342 713 617 783; x_wconf 78' lang='grc' dir='ltr'>ὑϐριστὴς</span> <span class='ocrx_word' id='word_1_33' title='bbox 653 716 928 785; x_wconf 72' lang='grc' dir='ltr'><strong>καλοῦμαι</strong></span> <span class='ocrx_word' id='word_1_34' title='bbox 959 719 1053 769; x_wconf 65' lang='grc' dir='ltr'>καὶ</span> <span class='ocrx_word' id='word_1_35' title='bbox 1105 716 1452 786; x_wconf 69' lang='grc' dir='ltr'>βλάσφημος,</span> <span class='ocrx_word' id='word_1_36' title='bbox 1504 716 1568 767; x_wconf 78' lang='grc' dir='ltr'>σὺ</span> <span class='ocrx_word' id='word_1_37' title='bbox 1616 717 1643 768; x_wconf 91' lang='grc' dir='ltr'><strong>ὀ</strong></span> <span class='ocrx_word' id='word_1_38' title='bbox 1687 717 1785 769; x_wconf 81' lang='grc' dir='ltr'><strong>ὲπ-</strong></span> 
     </span>
    </p>
   </div>
   <div class='ocr_carea' id='block_1_8' title="bbox 213 805 1783 876">
    <p class='ocr_par' dir='ltr' id='par_1_8' title="bbox 213 805 1783 876">
     <span class='ocr_line' id='line_1_8' title="bbox 213 805 1783 876; baseline 0.001 -19"><span class='ocrx_word' id='word_1_39' title='bbox 213 806 357 871; x_wconf 82' lang='grc' dir='ltr'>άγων</span> <span class='ocrx_word' id='word_1_40' title='bbox 378 805 643 869; x_wconf 79' lang='grc' dir='ltr'><strong>τοιαύτας</strong></span> <span class='ocrx_word' id='word_1_41' title='bbox 678 807 945 876; x_wconf 73' lang='grc' dir='ltr'><strong>βασάνους</strong></span> <span class='ocrx_word' id='word_1_42' title='bbox 980 807 1220 875; x_wconf 74' lang='grc' dir='ltr'><strong>ὀφείλεις</strong></span> <span class='ocrx_word' id='word_1_43' title='bbox 1252 808 1443 875; x_wconf 68' lang='grc' dir='ltr'>φονεὺς</span> <span class='ocrx_word' id='word_1_44' title='bbox 1474 808 1533 858; x_wconf 81' lang='grc' dir='ltr'>ἐν</span> <span class='ocrx_word' id='word_1_45' title='bbox 1556 810 1667 870; x_wconf 78' lang='grc' dir='ltr'>τοῖς</span> <span class='ocrx_word' id='word_1_46' title='bbox 1692 808 1783 875; x_wconf 67' lang='grc' dir='ltr'><strong>ἔρα</strong></span> 
     </span>
    </p>
   </div>
   <div class='ocr_carea' id='block_1_9' title="bbox 206 896 1772 965">
    <p class='ocr_par' dir='ltr' id='par_1_9' title="bbox 206 896 1772 965">
     <span class='ocr_line' id='line_1_9' title="bbox 206 896 1772 965; baseline 0.003 -18"><span class='ocrx_word' id='word_1_47' title='bbox 206 912 315 963; x_wconf 85' lang='grc' dir='ltr'>γοις</span> <span class='ocrx_word' id='word_1_48' title='bbox 342 896 628 965; x_wconf 74' lang='grc' dir='ltr'>δειχθῆναι</span> <span class='ocrx_word' id='word_1_49' title='bbox 664 901 760 951; x_wconf 76' lang='grc' dir='ltr'><strong>καὶ</strong></span> <span class='ocrx_word' id='word_1_50' title='bbox 790 898 1112 965; x_wconf 79' lang='grc' dir='ltr'>βλάσφημος</span> <span class='ocrx_word' id='word_1_51' title='bbox 1146 901 1203 949; x_wconf 84' lang='grc' dir='ltr'>ὲν</span> <span class='ocrx_word' id='word_1_52' title='bbox 1227 900 1340 960; x_wconf 78' lang='grc' dir='ltr'>τοῖς</span> <span class='ocrx_word' id='word_1_53' title='bbox 1373 898 1580 963; x_wconf 83' lang='grc' dir='ltr'>λόγοις.</span> <span class='ocrx_word' id='word_1_54' title='bbox 1623 898 1681 951; x_wconf 87' lang='lat'><strong>&#39;0</strong></span> <span class='ocrx_word' id='word_1_55' title='bbox 1713 898 1772 951; x_wconf 74' lang='grc' dir='ltr'><strong>δὲ</strong></span> 
     </span>
    </p>
   </div>
   <div class='ocr_carea' id='block_1_10' title="bbox 218 989 1780 1061">
    <p class='ocr_par' dir='ltr' id='par_1_10' title="bbox 218 989 1780 1061">
     <span class='ocr_line' id='line_1_10' title="bbox 218 989 1780 1061; baseline 0.004 -24"><span class='ocrx_word' id='word_1_56' title='bbox 218 989 575 1057; x_wconf 77' lang='grc' dir='ltr'>Ἀγριππῖνος</span> <span class='ocrx_word' id='word_1_57' title='bbox 613 989 717 1056; x_wconf 79' lang='grc' dir='ltr'><strong>ἔφη</strong></span> <span class='ocrx_word' id='word_1_58' title='bbox 742 1004 758 1019; x_wconf 79' lang='grc' dir='ltr'><strong>ο</strong></span> <span class='ocrx_word' id='word_1_59' title='bbox 782 989 919 1050; x_wconf 78' lang='grc' dir='ltr'>Τοὺς</span> <span class='ocrx_word' id='word_1_60' title='bbox 948 989 1105 1052; x_wconf 81' lang='grc' dir='ltr'>θεοὺς</span> <span class='ocrx_word' id='word_1_61' title='bbox 1130 990 1224 1043; x_wconf 79' lang='grc' dir='ltr'><strong>καὶ</strong></span> <span class='ocrx_word' id='word_1_62' title='bbox 1272 991 1398 1053; x_wconf 76' lang='grc' dir='ltr'>τοὺς</span> <span class='ocrx_word' id='word_1_63' title='bbox 1445 991 1780 1061; x_wconf 75' lang='grc' dir='ltr'>αὐτοκράτοο</span> 
     </span>
    </p>
   </div>
   <div class='ocr_carea' id='block_1_11' title="bbox 205 1080 1774 1151">
    <p class='ocr_par' dir='ltr' id='par_1_11' title="bbox 205 1080 1774 1151">
     <span class='ocr_line' id='line_1_11' title="bbox 205 1080 1774 1151; baseline 0 -18"><span class='ocrx_word' id='word_1_64' title='bbox 205 1098 297 1150; x_wconf 81' lang='grc' dir='ltr'><strong>ρας</strong></span> <span class='ocrx_word' id='word_1_65' title='bbox 321 1080 495 1134; x_wconf 79' lang='grc' dir='ltr'>πο).λά</span> <span class='ocrx_word' id='word_1_66' title='bbox 521 1080 814 1149; x_wconf 70' lang='grc' dir='ltr'>ἐνυϐρίσας</span> <span class='ocrx_word' id='word_1_67' title='bbox 831 1081 926 1132; x_wconf 72' lang='grc' dir='ltr'><strong>καὶ</strong></span> <span class='ocrx_word' id='word_1_68' title='bbox 955 1081 1053 1149; x_wconf 75' lang='grc' dir='ltr'><strong>ἐμὲ</strong></span> <span class='ocrx_word' id='word_1_69' title='bbox 1074 1081 1134 1133; x_wconf 78' lang='grc' dir='ltr'>οὗ</span> <span class='ocrx_word' id='word_1_70' title='bbox 1162 1082 1373 1151; x_wconf 81' lang='grc' dir='ltr'>μικρῶς</span> <span class='ocrx_word' id='word_1_71' title='bbox 1395 1084 1774 1151; x_wconf 79' lang='grc' dir='ltr'>παροργίζεις·</span> 
     </span>
    </p>
   </div>
   <div class='ocr_carea' id='block_1_12' title="bbox 201 1168 1774 1243">
    <p class='ocr_par' dir='ltr' id='par_1_12' title="bbox 201 1168 1774 1243">
     <span class='ocr_line' id='line_1_12' title="bbox 201 1168 1774 1243; baseline 0.003 -20"><span class='ocrx_word' id='word_1_72' title='bbox 201 1168 311 1225; x_wconf 68' lang='grc' dir='ltr'>οἶδα</span> <span class='ocrx_word' id='word_1_73' title='bbox 341 1174 425 1225; x_wconf 85' lang='grc' dir='ltr'><strong>ὅτι</strong></span> <span class='ocrx_word' id='word_1_74' title='bbox 453 1172 613 1224; x_wconf 81' lang='grc' dir='ltr'>τοῦτο</span> <span class='ocrx_word' id='word_1_75' title='bbox 653 1175 843 1236; x_wconf 78' lang='grc' dir='ltr'>ποιεῖς,</span> <span class='ocrx_word' id='word_1_76' title='bbox 880 1174 966 1225; x_wconf 73' lang='grc' dir='ltr'>ἵνα</span> <span class='ocrx_word' id='word_1_77' title='bbox 990 1173 1078 1226; x_wconf 77' lang='grc' dir='ltr'><strong>διά</strong></span> <span class='ocrx_word' id='word_1_78' title='bbox 1113 1174 1314 1243; x_wconf 82' lang='grc' dir='ltr'>τάχους</span> <span class='ocrx_word' id='word_1_79' title='bbox 1343 1191 1401 1227; x_wconf 83' lang='grc' dir='ltr'><strong>σε</strong></span> <span class='ocrx_word' id='word_1_80' title='bbox 1431 1175 1774 1229; x_wconf 72' lang='grc' dir='ltr'>ἀποκτείνωο</span> 
     </span>
    </p>
   </div>
   <div class='ocr_carea' id='block_1_13' title="bbox 202 1264 1777 1335">
    <p class='ocr_par' dir='ltr' id='par_1_13' title="bbox 202 1264 1777 1335">
     <span class='ocr_line' id='line_1_13' title="bbox 202 1264 1777 1335; baseline 0.002 -20"><span class='ocrx_word' id='word_1_81' title='bbox 202 1264 304 1331; x_wconf 69' lang='grc' dir='ltr'><strong>ἐγὼ</strong></span> <span class='ocrx_word' id='word_1_82' title='bbox 331 1264 391 1316; x_wconf 70' lang='grc' dir='ltr'>δὲ</span> <span class='ocrx_word' id='word_1_83' title='bbox 422 1264 749 1333; x_wconf 82' lang='grc' dir='ltr'>χειροτέρας</span> <span class='ocrx_word' id='word_1_84' title='bbox 778 1264 1048 1333; x_wconf 85' lang='grc' dir='ltr'>βασάνους</span> <span class='ocrx_word' id='word_1_85' title='bbox 1098 1266 1455 1335; x_wconf 76' lang='grc' dir='ltr'><strong>προσενέγκω</strong></span> <span class='ocrx_word' id='word_1_86' title='bbox 1504 1266 1598 1317; x_wconf 65' lang='grc' dir='ltr'>καὶ</span> <span class='ocrx_word' id='word_1_87' title='bbox 1634 1264 1777 1318; x_wconf 73' lang='grc' dir='ltr'>κατὰ</span> 
     </span>
    </p>
   </div>
   <div class='ocr_carea' id='block_1_14' title="bbox 203 1342 1776 1429">
    <p class='ocr_par' dir='ltr' id='par_1_14' title="bbox 203 1342 1776 1429">
     <span class='ocr_line' id='line_1_14' title="bbox 203 1342 1776 1429; baseline 0.001 -21"><span class='ocrx_word' id='word_1_88' title='bbox 203 1358 363 1423; x_wconf 81' lang='grc' dir='ltr'>μέρος</span> <span class='ocrx_word' id='word_1_89' title='bbox 396 1357 667 1410; x_wconf 83' lang='grc' dir='ltr'>άναλὼσω</span> <span class='ocrx_word' id='word_1_90' title='bbox 704 1375 783 1416; x_wconf 85' lang='grc' dir='ltr'>σε.</span> <span class='ocrx_word' id='word_1_91' title='bbox 814 1359 908 1411; x_wconf 67' lang='grc' dir='ltr'><strong>ἐὰν</strong></span> <span class='ocrx_word' id='word_1_92' title='bbox 948 1359 1021 1427; x_wconf 83' lang='grc' dir='ltr'>μὴ</span> <span class='ocrx_word' id='word_1_93' title='bbox 1054 1358 1287 1427; x_wconf 78' lang='grc' dir='ltr'><strong>πεισθῇς</strong></span> <span class='ocrx_word' id='word_1_94' title='bbox 1335 1342 1428 1410; x_wconf 71' lang='grc' dir='ltr'><strong>καὶ</strong></span> <span class='ocrx_word' id='word_1_95' title='bbox 1462 1357 1634 1429; x_wconf 83' lang='grc' dir='ltr'>θύσῃς</span> <span class='ocrx_word' id='word_1_96' title='bbox 1661 1361 1776 1422; x_wconf 81' lang='grc' dir='ltr'>τοῖς</span> 
     </span>
    </p>
   </div>
   <div class='ocr_carea' id='block_1_15' title="bbox 199 1445 1773 1519">
    <p class='ocr_par' dir='ltr' id='par_1_15' title="bbox 199 1445 1773 1519">
     <span class='ocr_line' id='line_1_15' title="bbox 199 1445 1773 1519; baseline 0.003 -21"><span class='ocrx_word' id='word_1_97' title='bbox 199 1447 495 1514; x_wconf 71' lang='grc' dir='ltr'>ἀκράντοις</span> <span class='ocrx_word' id='word_1_98' title='bbox 530 1448 691 1508; x_wconf 75' lang='grc' dir='ltr'>θεοῖς.</span> <span class='ocrx_word' id='word_1_99' title='bbox 738 1448 797 1501; x_wconf 87' lang='grc'><strong>’0</strong></span> <span class='ocrx_word' id='word_1_100' title='bbox 830 1448 987 1515; x_wconf 83' lang='grc' dir='ltr'>ἆγιος</span> <span class='ocrx_word' id='word_1_101' title='bbox 1018 1447 1113 1501; x_wconf 88' lang='grc' dir='ltr'>τοῦ</span> <span class='ocrx_word' id='word_1_102' title='bbox 1145 1447 1283 1501; x_wconf 85' lang='grc' dir='ltr'>Θεοῦ</span> <span class='ocrx_word' id='word_1_103' title='bbox 1318 1449 1529 1519; x_wconf 82' lang='grc' dir='ltr'>μάρτυς</span> <span class='ocrx_word' id='word_1_104' title='bbox 1580 1445 1734 1503; x_wconf 74' lang='grc' dir='ltr'>εἶπεν</span> <span class='ocrx_word' id='word_1_105' title='bbox 1757 1464 1773 1480; x_wconf 90' lang='grc'><strong>·</strong></span> 
     </span>
    </p>
   </div>
   <div class='ocr_carea' id='block_1_16' title="bbox 202 1535 1773 1610">
    <p class='ocr_par' dir='ltr' id='par_1_16' title="bbox 202 1535 1773 1610">
     <span class='ocr_line' id='line_1_16' title="bbox 202 1535 1773 1610; baseline 0.004 -23"><span class='ocrx_word' id='word_1_106' title='bbox 202 1535 467 1598; x_wconf 72' lang='grc' dir='ltr'>Πολλάκις</span> <span class='ocrx_word' id='word_1_107' title='bbox 506 1553 588 1588; x_wconf 88' lang='grc' dir='ltr'>σοι</span> <span class='ocrx_word' id='word_1_108' title='bbox 620 1535 774 1589; x_wconf 80' lang='grc' dir='ltr'>εἷπον</span> <span class='ocrx_word' id='word_1_109' title='bbox 796 1538 890 1590; x_wconf 82' lang='grc' dir='ltr'><strong>καὶ</strong></span> <span class='ocrx_word' id='word_1_110' title='bbox 921 1538 1015 1591; x_wconf 81' lang='grc' dir='ltr'><strong>νῦν</strong></span> <span class='ocrx_word' id='word_1_111' title='bbox 1040 1539 1217 1606; x_wconf 81' lang='grc' dir='ltr'>λέγων</span> <span class='ocrx_word' id='word_1_112' title='bbox 1251 1541 1312 1591; x_wconf 85' lang='grc' dir='ltr'>οὺ</span> <span class='ocrx_word' id='word_1_113' title='bbox 1348 1540 1650 1609; x_wconf 83' lang='grc' dir='ltr'>παύσομαι,</span> <span class='ocrx_word' id='word_1_114' title='bbox 1683 1541 1773 1610; x_wconf 78' lang='grc' dir='ltr'><strong>Μὴ</strong></span> 
     </span>
    </p>
   </div>
   <div class='ocr_carea' id='block_1_17' title="bbox 200 1628 1775 1702">
    <p class='ocr_par' dir='ltr' id='par_1_17' title="bbox 200 1628 1775 1702">
     <span class='ocr_line' id='line_1_17' title="bbox 200 1628 1775 1702; baseline 0.005 -24"><span class='ocrx_word' id='word_1_115' title='bbox 200 1628 399 1698; x_wconf 57' lang='lat' dir='ltr'><strong>ansam</strong></span> <span class='ocrx_word' id='word_1_116' title='bbox 434 1647 527 1697; x_wconf 87' lang='grc' dir='ltr'><strong>μοι</strong></span> <span class='ocrx_word' id='word_1_117' title='bbox 563 1629 767 1696; x_wconf 81' lang='grc' dir='ltr'><strong>λόγοις,</strong></span> <span class='ocrx_word' id='word_1_118' title='bbox 814 1632 929 1684; x_wconf 65' lang='grc' dir='ltr'>ἀλλ’</span> <span class='ocrx_word' id='word_1_119' title='bbox 984 1631 1169 1699; x_wconf 76' lang='grc' dir='ltr'>ἔργοις</span> <span class='ocrx_word' id='word_1_120' title='bbox 1195 1632 1369 1698; x_wconf 77' lang='grc' dir='ltr'>δεῖξον</span> <span class='ocrx_word' id='word_1_121' title='bbox 1421 1636 1503 1696; x_wconf 86' lang='grc' dir='ltr'><strong>είς</strong></span> <span class='ocrx_word' id='word_1_122' title='bbox 1533 1634 1633 1702; x_wconf 75' lang='grc' dir='ltr'><strong>ἐμὲ</strong></span> <span class='ocrx_word' id='word_1_123' title='bbox 1671 1636 1775 1697; x_wconf 88' lang='grc' dir='ltr'><strong>τάς</strong></span> 
     </span>
    </p>
   </div>
   <div class='ocr_carea' id='block_1_18' title="bbox 198 1718 1771 1793">
    <p class='ocr_par' dir='ltr' id='par_1_18' title="bbox 198 1718 1771 1793">
     <span class='ocr_line' id='line_1_18' title="bbox 198 1718 1771 1793; baseline 0.004 -22"><span class='ocrx_word' id='word_1_124' title='bbox 198 1718 487 1786; x_wconf 82' lang='grc' dir='ltr'>βασάνους,</span> <span class='ocrx_word' id='word_1_125' title='bbox 512 1721 599 1773; x_wconf 74' lang='grc' dir='ltr'>ἵνα</span> <span class='ocrx_word' id='word_1_126' title='bbox 630 1723 874 1793; x_wconf 80' lang='grc' dir='ltr'>γνωσθῇς</span> <span class='ocrx_word' id='word_1_127' title='bbox 910 1725 1080 1776; x_wconf 85' lang='grc' dir='ltr'>ποιῶν</span> <span class='ocrx_word' id='word_1_128' title='bbox 1106 1724 1165 1776; x_wconf 77' lang='grc' dir='ltr'>τὸ</span> <span class='ocrx_word' id='word_1_129' title='bbox 1192 1725 1408 1792; x_wconf 79' lang='grc' dir='ltr'>θέλημα</span> <span class='ocrx_word' id='word_1_130' title='bbox 1440 1724 1532 1776; x_wconf 86' lang='grc' dir='ltr'>τοῦ</span> <span class='ocrx_word' id='word_1_131' title='bbox 1562 1725 1771 1793; x_wconf 81' lang='grc' dir='ltr'>πατρός</span> 
     </span>
    </p>
   </div>
   <div class='ocr_carea' id='block_1_19' title="bbox 198 1814 1771 1885">
    <p class='ocr_par' dir='ltr' id='par_1_19' title="bbox 198 1814 1771 1885">
     <span class='ocr_line' id='line_1_19' title="bbox 198 1814 1771 1885; baseline 0.005 -23"><span class='ocrx_word' id='word_1_132' title='bbox 198 1814 419 1874; x_wconf 55' lang='lat' dir='ltr'><strong>onagro-3</strong></span> <span class='ocrx_word' id='word_1_133' title='bbox 451 1816 670 1867; x_wconf 73' lang='grc' dir='ltr'>Σατανᾶ</span> <span class='ocrx_word' id='word_1_134' title='bbox 699 1816 789 1867; x_wconf 75' lang='grc' dir='ltr'>καί</span> <span class='ocrx_word' id='word_1_135' title='bbox 818 1815 911 1867; x_wconf 85' lang='grc' dir='ltr'><strong>τοῦ</strong></span> <span class='ocrx_word' id='word_1_136' title='bbox 946 1816 1351 1885; x_wconf 77' lang='grc' dir='ltr'>αὑτοκράτορός</span> <span class='ocrx_word' id='word_1_137' title='bbox 1376 1832 1491 1869; x_wconf 83' lang='grc' dir='ltr'>σου’</span> <span class='ocrx_word' id='word_1_138' title='bbox 1518 1816 1771 1882; x_wconf 76' lang='grc' dir='ltr'>ἐξουσίαν</span> 
     </span>
    </p>
   </div>
   <div class='ocr_carea' id='block_1_20' title="bbox 1893 626 3471 697">
    <p class='ocr_par' dir='ltr' id='par_1_20' title="bbox 1893 626 3471 697">
     <span class='ocr_line' id='line_1_20' title="bbox 1893 626 3471 697; baseline -0.003 -16"><span class='ocrx_word' id='word_1_139' title='bbox 1893 644 2036 681; x_wconf 90' lang='lat' dir='ltr'><strong>nunc</strong></span> <span class='ocrx_word' id='word_1_140' title='bbox 2058 644 2274 697; x_wconf 87' lang='lat' dir='ltr'><strong>quoque</strong></span> <span class='ocrx_word' id='word_1_141' title='bbox 2304 644 2363 681; x_wconf 90' lang='lat' dir='ltr'><strong>es</strong></span> <span class='ocrx_word' id='word_1_142' title='bbox 2394 628 2550 682; x_wconf 87' lang='lat' dir='ltr'><strong>nullo</strong></span> <span class='ocrx_word' id='word_1_143' title='bbox 2609 642 2773 682; x_wconf 87' lang='lat' dir='ltr'><strong>sensu</strong></span> <span class='ocrx_word' id='word_1_144' title='bbox 2797 626 3055 695; x_wconf 57' lang='lat' dir='ltr'><strong>pra&#39;ditus</strong></span> <span class='ocrx_word' id='word_1_145' title='bbox 3082 643 3096 684; x_wconf 86' lang='lat'><strong>:</strong></span> <span class='ocrx_word' id='word_1_146' title='bbox 3130 634 3325 693; x_wconf 71' lang='lat' dir='ltr'><strong>praeter</strong></span> <span class='ocrx_word' id='word_1_147' title='bbox 3356 628 3471 678; x_wconf 71' lang='lat' dir='ltr'><strong>lure</strong></span> 
     </span>
    </p>
   </div>
   <div class='ocr_carea' id='block_1_21' title="bbox 1890 719 3468 788">
    <p class='ocr_par' dir='ltr' id='par_1_21' title="bbox 1890 719 3468 788">
     <span class='ocr_line' id='line_1_21' title="bbox 1890 719 3468 788; baseline -0.003 -14"><span class='ocrx_word' id='word_1_148' title='bbox 1890 730 2075 774; x_wconf 82' lang='lat' dir='ltr'><strong>autem</strong></span> <span class='ocrx_word' id='word_1_149' title='bbox 2106 736 2215 775; x_wconf 90' lang='lat' dir='ltr'><strong>non</strong></span> <span class='ocrx_word' id='word_1_150' title='bbox 2247 728 2540 774; x_wconf 89' lang='lat' dir='ltr'><strong>contentus</strong></span> <span class='ocrx_word' id='word_1_151' title='bbox 2568 720 2634 773; x_wconf 92' lang='lat' dir='ltr'><strong>iis</strong></span> <span class='ocrx_word' id='word_1_152' title='bbox 2661 735 2781 788; x_wconf 76' lang='lat' dir='ltr'><strong>quae</strong></span> <span class='ocrx_word' id='word_1_153' title='bbox 2819 719 2965 773; x_wconf 88' lang='lat' dir='ltr'><strong>dicta</strong></span> <span class='ocrx_word' id='word_1_154' title='bbox 2992 726 3141 781; x_wconf 87' lang='lat' dir='ltr'><strong>sunt,</strong></span> <span class='ocrx_word' id='word_1_155' title='bbox 3168 733 3276 770; x_wconf 89' lang='lat' dir='ltr'><strong>non</strong></span> <span class='ocrx_word' id='word_1_156' title='bbox 3343 732 3468 772; x_wconf 86' lang='lat' dir='ltr'><strong>ces-</strong></span> 
     </span>
    </p>
   </div>
   <div class='ocr_carea' id='block_1_22' title="bbox 1892 809 3465 870">
    <p class='ocr_par' dir='ltr' id='par_1_22' title="bbox 1892 809 3465 870">
     <span class='ocr_line' id='line_1_22' title="bbox 1892 809 3465 870; baseline -0.004 -5"><span class='ocrx_word' id='word_1_157' title='bbox 1892 814 2021 866; x_wconf 81' lang='lat' dir='ltr'><strong>sasti</strong></span> <span class='ocrx_word' id='word_1_158' title='bbox 2054 826 2201 865; x_wconf 89' lang='lat' dir='ltr'><strong>nunc</strong></span> <span class='ocrx_word' id='word_1_159' title='bbox 2225 812 2358 866; x_wconf 88' lang='lat' dir='ltr'><strong>deos</strong></span> <span class='ocrx_word' id='word_1_160' title='bbox 2381 810 2655 865; x_wconf 75' lang='lat' dir='ltr'><strong>incessere</strong></span> <span class='ocrx_word' id='word_1_161' title='bbox 2686 809 3053 870; x_wconf 78' lang='lat' dir='ltr'><strong>contumeliis,</strong></span> <span class='ocrx_word' id='word_1_162' title='bbox 3086 816 3141 863; x_wconf 88' lang='lat' dir='ltr'><strong>et</strong></span> <span class='ocrx_word' id='word_1_163' title='bbox 3192 822 3465 862; x_wconf 83' lang='lat' dir='ltr'><strong>veneran-</strong></span> 
     </span>
    </p>
   </div>
   <div class='ocr_carea' id='block_1_23' title="bbox 1891 900 3471 971">
    <p class='ocr_par' dir='ltr' id='par_1_23' title="bbox 1891 900 3471 971">
     <span class='ocr_line' id='line_1_23' title="bbox 1891 900 3471 971; baseline -0.003 -16"><span class='ocrx_word' id='word_1_164' title='bbox 1891 903 2019 955; x_wconf 88' lang='lat' dir='ltr'><strong>dum</strong></span> <span class='ocrx_word' id='word_1_165' title='bbox 2055 918 2236 956; x_wconf 87' lang='lat' dir='ltr'><strong>meum</strong></span> <span class='ocrx_word' id='word_1_166' title='bbox 2268 902 2481 956; x_wconf 88' lang='lat' dir='ltr'><strong>irritare</strong></span> <span class='ocrx_word' id='word_1_167' title='bbox 2527 901 2814 971; x_wconf 83' lang='lat' dir='ltr'><strong>judicium.</strong></span> <span class='ocrx_word' id='word_1_168' title='bbox 2870 900 3104 954; x_wconf 84' lang='lat' dir='ltr'><strong>Sanctus</strong></span> <span class='ocrx_word' id='word_1_169' title='bbox 3136 900 3287 953; x_wconf 73' lang='lat' dir='ltr'><strong>Plato</strong></span> <span class='ocrx_word' id='word_1_170' title='bbox 3336 900 3471 952; x_wconf 90' lang='lat' dir='ltr'><strong>dixit</strong></span> 
     </span>
    </p>
   </div>
   <div class='ocr_carea' id='block_1_24' title="bbox 1888 990 3466 1063">
    <p class='ocr_par' dir='ltr' id='par_1_24' title="bbox 1888 990 3466 1063">
     <span class='ocr_line' id='line_1_24' title="bbox 1888 990 3466 1063; baseline -0.005 -15"><span class='ocrx_word' id='word_1_171' title='bbox 1888 993 2181 1048; x_wconf 84' lang='lat' dir='ltr'><strong>subridens</strong></span> <span class='ocrx_word' id='word_1_172' title='bbox 2218 1011 2231 1046; x_wconf 91' lang='lat'><strong>:</strong></span> <span class='ocrx_word' id='word_1_173' title='bbox 2291 992 2345 1047; x_wconf 89' lang='lat' dir='ltr'><strong>Si</strong></span> <span class='ocrx_word' id='word_1_174' title='bbox 2398 1008 2522 1063; x_wconf 75' lang='lat' dir='ltr'><strong>ego,</strong></span> <span class='ocrx_word' id='word_1_175' title='bbox 2559 993 2652 1061; x_wconf 88' lang='lat' dir='ltr'><strong>qui</strong></span> <span class='ocrx_word' id='word_1_176' title='bbox 2696 1000 2773 1046; x_wconf 87' lang='lat' dir='ltr'><strong>tot</strong></span> <span class='ocrx_word' id='word_1_177' title='bbox 2809 992 3081 1045; x_wconf 78' lang='lat' dir='ltr'><strong>cruciatus</strong></span> <span class='ocrx_word' id='word_1_178' title='bbox 3116 999 3168 1045; x_wconf 87' lang='lat' dir='ltr'><strong>et</strong></span> <span class='ocrx_word' id='word_1_179' title='bbox 3201 990 3466 1059; x_wconf 81' lang='lat' dir='ltr'><strong>supplicia</strong></span> 
     </span>
    </p>
   </div>
   <div class='ocr_carea' id='block_1_25' title="bbox 1885 1080 3464 1155">
    <p class='ocr_par' dir='ltr' id='par_1_25' title="bbox 1885 1080 3464 1155">
     <span class='ocr_line' id='line_1_25' title="bbox 1885 1080 3464 1155; baseline -0.006 -14"><span class='ocrx_word' id='word_1_180' title='bbox 1885 1102 2005 1141; x_wconf 91' lang='lat' dir='ltr'><strong>sum</strong></span> <span class='ocrx_word' id='word_1_181' title='bbox 2046 1103 2075 1141; x_wconf 91' lang='lat' dir='ltr'><strong>a</strong></span> <span class='ocrx_word' id='word_1_182' title='bbox 2109 1096 2159 1140; x_wconf 90' lang='lat' dir='ltr'><strong>te</strong></span> <span class='ocrx_word' id='word_1_183' title='bbox 2185 1101 2403 1155; x_wconf 88' lang='lat' dir='ltr'><strong>passus,</strong></span> <span class='ocrx_word' id='word_1_184' title='bbox 2469 1085 2905 1139; x_wconf 90' lang='lat' dir='ltr'><strong>contumeliosus</strong></span> <span class='ocrx_word' id='word_1_185' title='bbox 2957 1097 3121 1136; x_wconf 78' lang='lat' dir='ltr'><strong>vocor</strong></span> <span class='ocrx_word' id='word_1_186' title='bbox 3151 1093 3207 1136; x_wconf 88' lang='lat' dir='ltr'><strong>et</strong></span> <span class='ocrx_word' id='word_1_187' title='bbox 3242 1080 3464 1136; x_wconf 85' lang='lat' dir='ltr'><strong>maledi-</strong></span> 
     </span>
    </p>
   </div>
   <div class='ocr_carea' id='block_1_26' title="bbox 1884 1174 3465 1248">
    <p class='ocr_par' dir='ltr' id='par_1_26' title="bbox 1884 1174 3465 1248">
     <span class='ocr_line' id='line_1_26' title="bbox 1884 1174 3465 1248; baseline -0.003 -16"><span class='ocrx_word' id='word_1_188' title='bbox 1884 1193 2025 1233; x_wconf 90' lang='lat' dir='ltr'><strong>cus:</strong></span> <span class='ocrx_word' id='word_1_189' title='bbox 2064 1187 2117 1231; x_wconf 92' lang='lat' dir='ltr'><strong>tu</strong></span> <span class='ocrx_word' id='word_1_190' title='bbox 2158 1180 2250 1248; x_wconf 90' lang='lat' dir='ltr'><strong>qui</strong></span> <span class='ocrx_word' id='word_1_191' title='bbox 2280 1194 2341 1233; x_wconf 89' lang='lat' dir='ltr'><strong>ea</strong></span> <span class='ocrx_word' id='word_1_192' title='bbox 2392 1178 2525 1233; x_wconf 82' lang='lat' dir='ltr'><strong>mihi</strong></span> <span class='ocrx_word' id='word_1_193' title='bbox 2578 1177 2767 1238; x_wconf 85' lang='lat' dir='ltr'><strong>infers,</strong></span> <span class='ocrx_word' id='word_1_194' title='bbox 2804 1192 2991 1231; x_wconf 80' lang='lat' dir='ltr'><strong>revera</strong></span> <span class='ocrx_word' id='word_1_195' title='bbox 3020 1185 3075 1229; x_wconf 85' lang='lat' dir='ltr'><strong>et</strong></span> <span class='ocrx_word' id='word_1_196' title='bbox 3109 1176 3267 1230; x_wconf 82' lang='lat' dir='ltr'><strong>factis</strong></span> <span class='ocrx_word' id='word_1_197' title='bbox 3299 1174 3465 1228; x_wconf 88' lang='lat' dir='ltr'><strong>debes</strong></span> 
     </span>
    </p>
   </div>
   <div class='ocr_carea' id='block_1_27' title="bbox 1884 1264 3471 1341">
    <p class='ocr_par' dir='ltr' id='par_1_27' title="bbox 1884 1264 3471 1341">
     <span class='ocr_line' id='line_1_27' title="bbox 1884 1264 3471 1341; baseline -0.004 -18"><span class='ocrx_word' id='word_1_198' title='bbox 1884 1270 1991 1325; x_wconf 90' lang='lat' dir='ltr'><strong>dici</strong></span> <span class='ocrx_word' id='word_1_199' title='bbox 2015 1270 2306 1341; x_wconf 87' lang='lat' dir='ltr'><strong>parricida,</strong></span> <span class='ocrx_word' id='word_1_200' title='bbox 2348 1277 2404 1325; x_wconf 81' lang='lat' dir='ltr'><strong>et</strong></span> <span class='ocrx_word' id='word_1_201' title='bbox 2454 1269 2638 1324; x_wconf 81' lang='lat' dir='ltr'><strong>verbis</strong></span> <span class='ocrx_word' id='word_1_202' title='bbox 2670 1266 2985 1323; x_wconf 85' lang='lat' dir='ltr'><strong>maledicus.</strong></span> <span class='ocrx_word' id='word_1_203' title='bbox 3026 1267 3168 1320; x_wconf 76' lang='lat' dir='ltr'><strong>Dixit</strong></span> <span class='ocrx_word' id='word_1_204' title='bbox 3213 1264 3471 1335; x_wconf 77' lang='lat' dir='ltr'><strong>Agrippi-</strong></span> 
     </span>
    </p>
   </div>
   <div class='ocr_carea' id='block_1_28' title="bbox 1881 1354 3465 1432">
    <p class='ocr_par' dir='ltr' id='par_1_28' title="bbox 1881 1354 3465 1432">
     <span class='ocr_line' id='line_1_28' title="bbox 1881 1354 3465 1432; baseline -0.005 -17"><span class='ocrx_word' id='word_1_205' title='bbox 1881 1378 1991 1417; x_wconf 88' lang='lat' dir='ltr'><strong>nus</strong></span> <span class='ocrx_word' id='word_1_206' title='bbox 2021 1378 2033 1412; x_wconf 92' lang='lat'>:</span> <span class='ocrx_word' id='word_1_207' title='bbox 2062 1362 2194 1417; x_wconf 85' lang='lat' dir='ltr'><strong>deos</strong></span> <span class='ocrx_word' id='word_1_208' title='bbox 2224 1371 2279 1415; x_wconf 89' lang='lat' dir='ltr'><strong>et</strong></span> <span class='ocrx_word' id='word_1_209' title='bbox 2310 1364 2671 1432; x_wconf 78' lang='lat' dir='ltr'><strong>imperatores</strong></span> <span class='ocrx_word' id='word_1_210' title='bbox 2700 1361 2810 1430; x_wconf 89' lang='lat' dir='ltr'><strong>jam</strong></span> <span class='ocrx_word' id='word_1_211' title='bbox 2845 1374 2989 1429; x_wconf 62' lang='lat' dir='ltr'><strong>smpe</strong></span> <span class='ocrx_word' id='word_1_212' title='bbox 3022 1358 3207 1411; x_wconf 90' lang='lat' dir='ltr'><strong>multis</strong></span> <span class='ocrx_word' id='word_1_213' title='bbox 3235 1354 3465 1410; x_wconf 75' lang='lat' dir='ltr'><strong>aﬂ‘ecisti</strong></span> 
     </span>
    </p>
   </div>
   <div class='ocr_carea' id='block_1_29' title="bbox 1885 1453 3466 1520">
    <p class='ocr_par' dir='ltr' id='par_1_29' title="bbox 1885 1453 3466 1520">
     <span class='ocr_line' id='line_1_29' title="bbox 1885 1453 3466 1520; baseline -0.004 -13"><span class='ocrx_word' id='word_1_214' title='bbox 1885 1453 2260 1516; x_wconf 86' lang='lat' dir='ltr'><strong>contumeliis,</strong></span> <span class='ocrx_word' id='word_1_215' title='bbox 2282 1463 2337 1507; x_wconf 80' lang='lat' dir='ltr'><strong>et</strong></span> <span class='ocrx_word' id='word_1_216' title='bbox 2359 1454 2426 1507; x_wconf 83' lang='lat' dir='ltr'><strong>ad</strong></span> <span class='ocrx_word' id='word_1_217' title='bbox 2485 1453 2620 1507; x_wconf 90' lang='lat' dir='ltr'><strong>iram</strong></span> <span class='ocrx_word' id='word_1_218' title='bbox 2671 1467 2757 1506; x_wconf 87' lang='lat' dir='ltr'><strong>me</strong></span> <span class='ocrx_word' id='word_1_219' title='bbox 2791 1467 2899 1505; x_wconf 92' lang='lat' dir='ltr'><strong>non</strong></span> <span class='ocrx_word' id='word_1_220' title='bbox 2957 1465 3149 1520; x_wconf 86' lang='lat' dir='ltr'><strong>parum</strong></span> <span class='ocrx_word' id='word_1_221' title='bbox 3178 1461 3466 1518; x_wconf 78' lang='lat' dir='ltr'><strong>provocas.</strong></span> 
     </span>
    </p>
   </div>
   <div class='ocr_carea' id='block_1_30' title="bbox 1880 1536 3487 1611">
    <p class='ocr_par' dir='ltr' id='par_1_30' title="bbox 1880 1536 3487 1611">
     <span class='ocr_line' id='line_1_30' title="bbox 1880 1536 3487 1611; baseline -0.006 -12"><span class='ocrx_word' id='word_1_222' title='bbox 1880 1544 2006 1601; x_wconf 89' lang='lat' dir='ltr'><strong>Scio</strong></span> <span class='ocrx_word' id='word_1_223' title='bbox 2033 1555 2216 1599; x_wconf 89' lang='lat' dir='ltr'><strong>autem</strong></span> <span class='ocrx_word' id='word_1_224' title='bbox 2248 1555 2299 1600; x_wconf 84' lang='lat' dir='ltr'><strong>te</strong></span> <span class='ocrx_word' id='word_1_225' title='bbox 2319 1544 2423 1599; x_wconf 84' lang='lat' dir='ltr'><strong>hoc</strong></span> <span class='ocrx_word' id='word_1_226' title='bbox 2451 1544 2652 1607; x_wconf 80' lang='lat' dir='ltr'><strong>facere,</strong></span> <span class='ocrx_word' id='word_1_227' title='bbox 2675 1552 2735 1598; x_wconf 90' lang='lat' dir='ltr'><strong>ut</strong></span> <span class='ocrx_word' id='word_1_228' title='bbox 2768 1552 2820 1597; x_wconf 87' lang='lat' dir='ltr'><strong>te</strong></span> <span class='ocrx_word' id='word_1_229' title='bbox 2853 1558 3014 1611; x_wconf 88' lang='lat' dir='ltr'><strong>quam</strong></span> <span class='ocrx_word' id='word_1_230' title='bbox 3040 1542 3273 1610; x_wconf 90' lang='lat' dir='ltr'><strong>primum</strong></span> <span class='ocrx_word' id='word_1_231' title='bbox 3311 1536 3487 1590; x_wconf 67' lang='lat' dir='ltr'><strong>acciv-</strong></span> 
     </span>
    </p>
   </div>
   <div class='ocr_carea' id='block_1_31' title="bbox 1878 1630 3466 1710">
    <p class='ocr_par' dir='ltr' id='par_1_31' title="bbox 1878 1630 3466 1710">
     <span class='ocr_line' id='line_1_31' title="bbox 1878 1630 3466 1710; baseline -0.009 -16"><span class='ocrx_word' id='word_1_232' title='bbox 1878 1640 2039 1706; x_wconf 86' lang='lat' dir='ltr'><strong>dam;</strong></span> <span class='ocrx_word' id='word_1_233' title='bbox 2090 1647 2188 1710; x_wconf 81' lang='lat' dir='ltr'><strong>ego</strong></span> <span class='ocrx_word' id='word_1_234' title='bbox 2214 1649 2394 1693; x_wconf 88' lang='lat' dir='ltr'><strong>autem</strong></span> <span class='ocrx_word' id='word_1_235' title='bbox 2429 1638 2525 1691; x_wconf 86' lang='lat' dir='ltr'><strong>tibi</strong></span> <span class='ocrx_word' id='word_1_236' title='bbox 2581 1645 2850 1691; x_wconf 87' lang='lat' dir='ltr'><strong>tormenta</strong></span> <span class='ocrx_word' id='word_1_237' title='bbox 2893 1634 3123 1689; x_wconf 79' lang='lat' dir='ltr'><strong>inferam</strong></span> <span class='ocrx_word' id='word_1_238' title='bbox 3159 1630 3466 1687; x_wconf 86' lang='lat' dir='ltr'><strong>acerbiora,</strong></span> 
     </span>
    </p>
   </div>
   <div class='ocr_carea' id='block_1_32' title="bbox 1876 1721 3471 1801">
    <p class='ocr_par' dir='ltr' id='par_1_32' title="bbox 1876 1721 3471 1801">
     <span class='ocr_line' id='line_1_32' title="bbox 1876 1721 3471 1801; baseline -0.009 -13"><span class='ocrx_word' id='word_1_239' title='bbox 1876 1743 1931 1788; x_wconf 89' lang='lat' dir='ltr'><strong>et</strong></span> <span class='ocrx_word' id='word_1_240' title='bbox 1955 1742 2005 1787; x_wconf 91' lang='lat' dir='ltr'><strong>te</strong></span> <span class='ocrx_word' id='word_1_241' title='bbox 2030 1749 2124 1801; x_wconf 87' lang='lat' dir='ltr'><strong>per</strong></span> <span class='ocrx_word' id='word_1_242' title='bbox 2141 1744 2322 1801; x_wconf 87' lang='lat' dir='ltr'><strong>partes</strong></span> <span class='ocrx_word' id='word_1_243' title='bbox 2344 1744 2685 1795; x_wconf 83' lang='lat' dir='ltr'><strong>consumam,</strong></span> <span class='ocrx_word' id='word_1_244' title='bbox 2706 1729 2813 1783; x_wconf 85' lang='lat' dir='ltr'><strong>nisi</strong></span> <span class='ocrx_word' id='word_1_245' title='bbox 2839 1728 2971 1781; x_wconf 86' lang='lat' dir='ltr'><strong>mihi</strong></span> <span class='ocrx_word' id='word_1_246' title='bbox 2992 1726 3261 1795; x_wconf 81' lang='lat' dir='ltr'><strong>parueris.</strong></span> <span class='ocrx_word' id='word_1_247' title='bbox 3287 1731 3339 1776; x_wconf 91' lang='lat' dir='ltr'><strong>et</strong></span> <span class='ocrx_word' id='word_1_248' title='bbox 3382 1721 3471 1775; x_wconf 82' lang='lat' dir='ltr'><strong>in-</strong></span> 
     </span>
    </p>
   </div>
   <div class='ocr_carea' id='block_1_33' title="bbox 1879 1809 3466 1884">
    <p class='ocr_par' dir='ltr' id='par_1_33' title="bbox 1879 1809 3466 1884">
     <span class='ocr_line' id='line_1_33' title="bbox 1879 1809 3466 1884; baseline -0.011 -4"><span class='ocrx_word' id='word_1_249' title='bbox 1879 1824 2160 1880; x_wconf 86' lang='lat' dir='ltr'><strong>temeratis</strong></span> <span class='ocrx_word' id='word_1_250' title='bbox 2184 1823 2288 1877; x_wconf 89' lang='lat' dir='ltr'><strong>diis</strong></span> <span class='ocrx_word' id='word_1_251' title='bbox 2332 1821 2747 1877; x_wconf 84' lang='lat' dir='ltr'><strong>sacrificaveris.</strong></span> <span class='ocrx_word' id='word_1_252' title='bbox 2787 1820 3019 1872; x_wconf 84' lang='lat' dir='ltr'><strong>Sanctus</strong></span> <span class='ocrx_word' id='word_1_253' title='bbox 3044 1809 3466 1884; x_wconf 80' lang='lat' dir='ltr'><strong>marterhristi</strong></span> 
     </span>
    </p>
   </div>
   <div class='ocr_carea' id='block_1_34' title="bbox 198 1889 1784 1983">
    <p class='ocr_par' dir='ltr' id='par_1_34' title="bbox 198 1906 1767 1978">
     <span class='ocr_line' id='line_1_34' title="bbox 198 1906 1767 1978; baseline 0.002 -21"><span class='ocrx_word' id='word_1_254' title='bbox 198 1908 299 1975; x_wconf 80' lang='grc' dir='ltr'><strong>γάρ</strong></span> <span class='ocrx_word' id='word_1_255' title='bbox 338 1907 489 1975; x_wconf 80' lang='grc' dir='ltr'>ἔχεις</span> <span class='ocrx_word' id='word_1_256' title='bbox 517 1906 614 1959; x_wconf 82' lang='grc' dir='ltr'><strong>τοῦ</strong></span> <span class='ocrx_word' id='word_1_257' title='bbox 647 1906 901 1975; x_wconf 77' lang='grc' dir='ltr'>σώματός</span> <span class='ocrx_word' id='word_1_258' title='bbox 945 1924 1071 1975; x_wconf 82' lang='grc' dir='ltr'>μου,</span> <span class='ocrx_word' id='word_1_259' title='bbox 1102 1907 1199 1976; x_wconf 84' lang='grc' dir='ltr'>τῆς</span> <span class='ocrx_word' id='word_1_260' title='bbox 1248 1907 1305 1959; x_wconf 81' lang='grc' dir='ltr'><strong>δὲ</strong></span> <span class='ocrx_word' id='word_1_261' title='bbox 1341 1907 1524 1978; x_wconf 73' lang='grc' dir='ltr'>ψυχῆς</span> <span class='ocrx_word' id='word_1_262' title='bbox 1555 1911 1582 1960; x_wconf 90' lang='grc' dir='ltr'><strong>ὀ</strong></span> <span class='ocrx_word' id='word_1_263' title='bbox 1612 1909 1767 1972; x_wconf 77' lang='grc' dir='ltr'>Θεός,</span> 
     </span>
    </p>
   </div>
   <div class='ocr_carea' id='block_1_35' title="bbox 1894 1889 3471 1983">
    <p class='ocr_par' dir='ltr' id='par_1_35' title="bbox 1894 1907 3471 1983">
     <span class='ocr_line' id='line_1_35' title="bbox 1894 1907 3471 1983; baseline -0.008 -18"><span class='ocrx_word' id='word_1_264' title='bbox 1894 1913 2016 1967; x_wconf 87' lang='lat' dir='ltr'><strong>lixit</strong></span> <span class='ocrx_word' id='word_1_265' title='bbox 2056 1914 2248 1969; x_wconf 85' lang='lat' dir='ltr'><strong>Plato:</strong></span> <span class='ocrx_word' id='word_1_266' title='bbox 2280 1913 2435 1983; x_wconf 62' lang='lat' dir='ltr'><strong>Saepe</strong></span> <span class='ocrx_word' id='word_1_267' title='bbox 2485 1910 2582 1966; x_wconf 87' lang='lat' dir='ltr'><strong>tibi</strong></span> <span class='ocrx_word' id='word_1_268' title='bbox 2620 1911 2755 1976; x_wconf 90' lang='lat' dir='ltr'><strong>dixi,</strong></span> <span class='ocrx_word' id='word_1_269' title='bbox 2804 1919 2859 1963; x_wconf 86' lang='lat' dir='ltr'><strong>et</strong></span> <span class='ocrx_word' id='word_1_270' title='bbox 2892 1922 3081 1962; x_wconf 87' lang='lat' dir='ltr'><strong>rursus</strong></span> <span class='ocrx_word' id='word_1_271' title='bbox 3106 1907 3250 1962; x_wconf 87' lang='lat' dir='ltr'><strong>dico.</strong></span> <span class='ocrx_word' id='word_1_272' title='bbox 3283 1912 3337 1958; x_wconf 81' lang='lat' dir='ltr'><strong>et</strong></span> <span class='ocrx_word' id='word_1_273' title='bbox 3361 1916 3471 1955; x_wconf 91' lang='lat' dir='ltr'><strong>non</strong></span> 
     </span>
    </p>
   </div>
   <div class='ocr_carea' id='block_1_36' title="bbox 198 1998 3472 2073">
    <p class='ocr_par' dir='ltr' id='par_1_36' title="bbox 198 1998 3472 2073">
     <span class='ocr_line' id='line_1_36' title="bbox 198 1998 3472 2073; baseline -0.002 -18"><span class='ocrx_word' id='word_1_274' title='bbox 198 2000 427 2055; x_wconf 67' lang='lat' dir='ltr'><strong>cessabo</strong></span> <span class='ocrx_word' id='word_1_275' title='bbox 464 1998 649 2052; x_wconf 80' lang='lat' dir='ltr'><strong>dicere</strong></span> <span class='ocrx_word' id='word_1_276' title='bbox 688 2015 701 2050; x_wconf 92' lang='lat'><strong>:</strong></span> <span class='ocrx_word' id='word_1_277' title='bbox 734 1998 809 2052; x_wconf 74' lang='lat' dir='ltr'><strong>Ne</strong></span> <span class='ocrx_word' id='word_1_278' title='bbox 851 1998 1060 2051; x_wconf 87' lang='lat' dir='ltr'><strong>minare</strong></span> <span class='ocrx_word' id='word_1_279' title='bbox 1101 1998 1304 2063; x_wconf 82' lang='lat' dir='ltr'><strong>verbis,</strong></span> <span class='ocrx_word' id='word_1_280' title='bbox 1340 2001 1433 2053; x_wconf 90' lang='lat' dir='ltr'><strong>sed</strong></span> <span class='ocrx_word' id='word_1_281' title='bbox 1466 2001 1643 2069; x_wconf 87' lang='lat' dir='ltr'><strong>reipsa</strong></span> <span class='ocrx_word' id='word_1_282' title='bbox 1678 2002 1728 2054; x_wconf 87' lang='lat' dir='ltr'><strong>in</strong></span> <span class='ocrx_word' id='word_1_283' title='bbox 1769 2018 1855 2056; x_wconf 90' lang='lat' dir='ltr'><strong>me</strong></span> <span class='ocrx_word' id='word_1_284' title='bbox 1876 2006 2105 2059; x_wconf 83' lang='lat' dir='ltr'><strong>ostende</strong></span> <span class='ocrx_word' id='word_1_285' title='bbox 2129 2014 2421 2068; x_wconf 87' lang='lat' dir='ltr'><strong>tormenta,</strong></span> <span class='ocrx_word' id='word_1_286' title='bbox 2456 2001 2882 2073; x_wconf 77' lang='lat' dir='ltr'><strong>utcognoscaris</strong></span> <span class='ocrx_word' id='word_1_287' title='bbox 2908 2000 3113 2055; x_wconf 82' lang='lat' dir='ltr'><strong>faciens</strong></span> <span class='ocrx_word' id='word_1_288' title='bbox 3139 1998 3472 2051; x_wconf 68' lang='lat' dir='ltr'><strong>voluntatem</strong></span> 
     </span>
    </p>
   </div>
   <div class='ocr_carea' id='block_1_37' title="bbox 198 2088 3464 2168">
    <p class='ocr_par' dir='ltr' id='par_1_37' title="bbox 198 2088 3464 2168">
     <span class='ocr_line' id='line_1_37' title="bbox 198 2088 3464 2168; baseline -0.002 -20"><span class='ocrx_word' id='word_1_289' title='bbox 198 2093 362 2164; x_wconf 80' lang='lat' dir='ltr'><strong>patris</strong></span> <span class='ocrx_word' id='word_1_290' title='bbox 390 2093 469 2149; x_wconf 90' lang='lat' dir='ltr'><strong>tui</strong></span> <span class='ocrx_word' id='word_1_291' title='bbox 500 2092 713 2146; x_wconf 74' lang='lat' dir='ltr'><strong>Satanae</strong></span> <span class='ocrx_word' id='word_1_292' title='bbox 735 2101 788 2145; x_wconf 90' lang='lat' dir='ltr'><strong>et</strong></span> <span class='ocrx_word' id='word_1_293' title='bbox 808 2090 881 2145; x_wconf 93' lang='lat' dir='ltr'><strong>tui</strong></span> <span class='ocrx_word' id='word_1_294' title='bbox 908 2092 1255 2161; x_wconf 84' lang='lat' dir='ltr'><strong>imperatoris</strong></span> <span class='ocrx_word' id='word_1_295' title='bbox 1278 2108 1291 2156; x_wconf 91' lang='lat'><strong>;</strong></span> <span class='ocrx_word' id='word_1_296' title='bbox 1314 2092 1480 2147; x_wconf 79' lang='lat' dir='ltr'><strong>habes</strong></span> <span class='ocrx_word' id='word_1_297' title='bbox 1503 2093 1671 2157; x_wconf 86' lang='lat' dir='ltr'><strong>enim,</strong></span> <span class='ocrx_word' id='word_1_298' title='bbox 1694 2104 1751 2149; x_wconf 92' lang='lat' dir='ltr'><strong>ut</strong></span> <span class='ocrx_word' id='word_1_299' title='bbox 1779 2097 1929 2164; x_wconf 90' lang='lat' dir='ltr'><strong>prius</strong></span> <span class='ocrx_word' id='word_1_300' title='bbox 1948 2098 2081 2162; x_wconf 83' lang='lat' dir='ltr'><strong>dixi,</strong></span> <span class='ocrx_word' id='word_1_301' title='bbox 2110 2106 2431 2168; x_wconf 82' lang='lat' dir='ltr'><strong>potestatem</strong></span> <span class='ocrx_word' id='word_1_302' title='bbox 2459 2097 2562 2151; x_wconf 89' lang='lat' dir='ltr'><strong>mei</strong></span> <span class='ocrx_word' id='word_1_303' title='bbox 2587 2097 2855 2165; x_wconf 89' lang='lat' dir='ltr'><strong>corporis,</strong></span> <span class='ocrx_word' id='word_1_304' title='bbox 2879 2093 3076 2148; x_wconf 71' lang='lat' dir='ltr'><strong>animae</strong></span> <span class='ocrx_word' id='word_1_305' title='bbox 3103 2105 3279 2145; x_wconf 84' lang='lat' dir='ltr'><strong>autem</strong></span> <span class='ocrx_word' id='word_1_306' title='bbox 3306 2088 3464 2145; x_wconf 85' lang='lat' dir='ltr'><strong>Deus.</strong></span> 
     </span>
    </p>
   </div>
   <div class='ocr_carea' id='block_1_38' title="bbox 255 2182 1787 2259">
    <p class='ocr_par' dir='ltr' id='par_1_38' title="bbox 255 2182 1787 2259">
     <span class='ocr_line' id='line_1_38' title="bbox 255 2182 1787 2259; baseline -0.003 -17"><span class='ocrx_word' id='word_1_307' title='bbox 255 2187 370 2255; x_wconf 72' lang='lat' dir='ltr'><strong>tq&#39;.</strong></span> <span class='ocrx_word' id='word_1_308' title='bbox 404 2187 465 2239; x_wconf 84' lang='grc' dir='ltr'>Ὀ</span> <span class='ocrx_word' id='word_1_309' title='bbox 482 2187 539 2238; x_wconf 73' lang='grc' dir='ltr'><strong>δὲ</strong></span> <span class='ocrx_word' id='word_1_310' title='bbox 559 2185 915 2253; x_wconf 72' lang='grc' dir='ltr'>’Λγριππῖνος</span> <span class='ocrx_word' id='word_1_311' title='bbox 930 2184 1102 2237; x_wconf 86' lang='grc' dir='ltr'>ταῦτα</span> <span class='ocrx_word' id='word_1_312' title='bbox 1122 2185 1359 2248; x_wconf 76' lang='grc' dir='ltr'>ἀκούσας</span> <span class='ocrx_word' id='word_1_313' title='bbox 1376 2182 1552 2259; x_wconf 33' lang='grc' dir='ltr'>εἳκπενο</span> <span class='ocrx_word' id='word_1_314' title='bbox 1576 2188 1787 2251; x_wconf 83' lang='grc' dir='ltr'>Ἐγνως</span> 
     </span>
    </p>
   </div>
   <div class='ocr_carea' id='block_1_39' title="bbox 198 2274 1787 2350">
    <p class='ocr_par' dir='ltr' id='par_1_39' title="bbox 198 2274 1787 2350">
     <span class='ocr_line' id='line_1_39' title="bbox 198 2274 1787 2350; baseline -0.003 -17"><span class='ocrx_word' id='word_1_315' title='bbox 198 2282 291 2350; x_wconf 65' lang='grc' dir='ltr'><strong>ἤδη</strong></span> <span class='ocrx_word' id='word_1_316' title='bbox 325 2283 393 2349; x_wconf 74' lang='grc' dir='ltr'><strong>τῇ</strong></span> <span class='ocrx_word' id='word_1_317' title='bbox 429 2279 598 2347; x_wconf 76' lang='grc' dir='ltr'>πείρα</span> <span class='ocrx_word' id='word_1_318' title='bbox 621 2277 707 2329; x_wconf 76' lang='grc' dir='ltr'>διά</span> <span class='ocrx_word' id='word_1_319' title='bbox 737 2276 846 2327; x_wconf 83' lang='grc' dir='ltr'><strong>τῶν</strong></span> <span class='ocrx_word' id='word_1_320' title='bbox 877 2276 1125 2344; x_wconf 78' lang='grc' dir='ltr'>βασάνων</span> <span class='ocrx_word' id='word_1_321' title='bbox 1149 2274 1225 2346; x_wconf 85' lang='grc' dir='ltr'>(α)</span> <span class='ocrx_word' id='word_1_322' title='bbox 1257 2276 1363 2328; x_wconf 84' lang='grc' dir='ltr'>τῶν</span> <span class='ocrx_word' id='word_1_323' title='bbox 1390 2277 1787 2347; x_wconf 72' lang='grc' dir='ltr'><strong>ἐπενεχθέντων</strong></span> 
     </span>
    </p>
   </div>
   <div class='ocr_carea' id='block_1_40' title="bbox 200 2366 1785 2441">
    <p class='ocr_par' dir='ltr' id='par_1_40' title="bbox 200 2366 1785 2441">
     <span class='ocr_line' id='line_1_40' title="bbox 200 2366 1785 2441; baseline 0 -19"><span class='ocrx_word' id='word_1_324' title='bbox 200 2390 287 2441; x_wconf 79' lang='grc' dir='ltr'><strong>μοι</strong></span> <span class='ocrx_word' id='word_1_325' title='bbox 324 2369 484 2438; x_wconf 79' lang='grc' dir='ltr'>παρά</span> <span class='ocrx_word' id='word_1_326' title='bbox 526 2367 620 2420; x_wconf 88' lang='grc' dir='ltr'><strong>σοῦ</strong></span> <span class='ocrx_word' id='word_1_327' title='bbox 644 2408 660 2432; x_wconf 87' lang='grc'>,</span> <span class='ocrx_word' id='word_1_328' title='bbox 698 2368 778 2418; x_wconf 84' lang='grc' dir='ltr'>ὅτι</span> <span class='ocrx_word' id='word_1_329' title='bbox 813 2366 937 2419; x_wconf 74' lang='grc' dir='ltr'>οὔτε</span> <span class='ocrx_word' id='word_1_330' title='bbox 970 2366 1063 2418; x_wconf 90' lang='grc' dir='ltr'>τοῦ</span> <span class='ocrx_word' id='word_1_331' title='bbox 1102 2366 1352 2434; x_wconf 78' lang='grc' dir='ltr'>σώματός</span> <span class='ocrx_word' id='word_1_332' title='bbox 1392 2386 1493 2440; x_wconf 83' lang='grc' dir='ltr'><strong>μου</strong></span> <span class='ocrx_word' id='word_1_333' title='bbox 1532 2370 1785 2438; x_wconf 78' lang='grc' dir='ltr'>φείδομαι</span> 
     </span>
    </p>
   </div>
   <div class='ocr_carea' id='block_1_41' title="bbox 198 2457 1784 2530">
    <p class='ocr_par' dir='ltr' id='par_1_41' title="bbox 198 2457 1784 2530">
     <span class='ocr_line' id='line_1_41' title="bbox 198 2457 1784 2530; baseline 0.001 -16"><span class='ocrx_word' id='word_1_334' title='bbox 198 2464 280 2514; x_wconf 73' lang='grc' dir='ltr'><strong>διά</strong></span> <span class='ocrx_word' id='word_1_335' title='bbox 317 2462 417 2529; x_wconf 76' lang='grc' dir='ltr'>τὴν</span> <span class='ocrx_word' id='word_1_336' title='bbox 450 2458 591 2529; x_wconf 69' lang='grc' dir='ltr'>πρὸς</span> <span class='ocrx_word' id='word_1_337' title='bbox 622 2458 713 2509; x_wconf 68' lang='grc' dir='ltr'><strong>τὸν</strong></span> <span class='ocrx_word' id='word_1_338' title='bbox 738 2457 870 2509; x_wconf 77' lang='grc' dir='ltr'>Θεόν</span> <span class='ocrx_word' id='word_1_339' title='bbox 905 2474 1007 2525; x_wconf 91' lang='grc' dir='ltr'><strong>μου</strong></span> <span class='ocrx_word' id='word_1_340' title='bbox 1043 2458 1326 2510; x_wconf 73' lang='grc' dir='ltr'>εὐσέϐειαν</span> <span class='ocrx_word' id='word_1_341' title='bbox 1350 2500 1363 2524; x_wconf 87' lang='grc'>,</span> <span class='ocrx_word' id='word_1_342' title='bbox 1402 2460 1659 2530; x_wconf 65' lang='grc' dir='ltr'>φοϐηθεὶς</span> <span class='ocrx_word' id='word_1_343' title='bbox 1690 2463 1784 2515; x_wconf 87' lang='grc' dir='ltr'>τοῦ</span> 
     </span>
    </p>
   </div>
   <div class='ocr_carea' id='block_1_42' title="bbox 196 2549 1789 2623">
    <p class='ocr_par' dir='ltr' id='par_1_42' title="bbox 196 2549 1789 2623">
     <span class='ocr_line' id='line_1_42' title="bbox 196 2549 1789 2623; baseline -0.002 -17"><span class='ocrx_word' id='word_1_344' title='bbox 196 2550 523 2623; x_wconf 73' lang='grc' dir='ltr'>ιπουρανίου</span> <span class='ocrx_word' id='word_1_345' title='bbox 551 2549 815 2619; x_wconf 80' lang='grc' dir='ltr'>βασιλέως</span> <span class='ocrx_word' id='word_1_346' title='bbox 850 2549 910 2602; x_wconf 71' lang='grc' dir='ltr'>τὸ</span> <span class='ocrx_word' id='word_1_347' title='bbox 953 2549 1316 2619; x_wconf 75' lang='grc' dir='ltr'>πρόσταγμα’</span> <span class='ocrx_word' id='word_1_348' title='bbox 1340 2552 1460 2603; x_wconf 72' lang='grc' dir='ltr'>τότε</span> <span class='ocrx_word' id='word_1_349' title='bbox 1498 2551 1789 2620; x_wconf 75' lang='grc' dir='ltr'>Ἀγριππίο</span> 
     </span>
    </p>
   </div>
   <div class='ocr_carea' id='block_1_43' title="bbox 196 2640 1785 2711">
    <p class='ocr_par' dir='ltr' id='par_1_43' title="bbox 196 2640 1785 2711">
     <span class='ocr_line' id='line_1_43' title="bbox 196 2640 1785 2711; baseline -0.001 -14"><span class='ocrx_word' id='word_1_350' title='bbox 196 2664 280 2707; x_wconf 87' lang='grc' dir='ltr'><strong>νος</strong></span> <span class='ocrx_word' id='word_1_351' title='bbox 327 2644 621 2695; x_wconf 69' lang='grc' dir='ltr'>ἐκέλευσεν</span> <span class='ocrx_word' id='word_1_352' title='bbox 665 2642 827 2694; x_wconf 63' lang='grc' dir='ltr'>αὑτὸν</span> <span class='ocrx_word' id='word_1_353' title='bbox 859 2640 1361 2711; x_wconf 79' lang='grc' dir='ltr'>ἀναρτηθένταέίς</span> <span class='ocrx_word' id='word_1_354' title='bbox 1389 2641 1449 2694; x_wconf 82' lang='grc' dir='ltr'>τὸ</span> <span class='ocrx_word' id='word_1_355' title='bbox 1494 2640 1648 2706; x_wconf 77' lang='grc' dir='ltr'>ξύλον</span> <span class='ocrx_word' id='word_1_356' title='bbox 1690 2644 1785 2695; x_wconf 79' lang='grc' dir='ltr'><strong>ἐπὶ</strong></span> 
     </span>
    </p>
   </div>
   <div class='ocr_carea' id='block_1_44' title="bbox 196 2725 1786 2801">
    <p class='ocr_par' dir='ltr' id='par_1_44' title="bbox 196 2725 1786 2801">
     <span class='ocr_line' id='line_1_44' title="bbox 196 2725 1786 2801; baseline -0.001 -14"><span class='ocrx_word' id='word_1_357' title='bbox 196 2735 450 2789; x_wconf 82' lang='grc' dir='ltr'>τοσοῦτον</span> <span class='ocrx_word' id='word_1_358' title='bbox 486 2733 743 2797; x_wconf 62' lang='lat' dir='ltr'><strong>amem,</strong></span> <span class='ocrx_word' id='word_1_359' title='bbox 780 2731 919 2783; x_wconf 83' lang='grc' dir='ltr'>ὥστε</span> <span class='ocrx_word' id='word_1_360' title='bbox 953 2732 1013 2783; x_wconf 76' lang='grc' dir='ltr'>τὸ</span> <span class='ocrx_word' id='word_1_361' title='bbox 1048 2725 1187 2801; x_wconf 84' lang='grc' dir='ltr'>αἷμα</span> <span class='ocrx_word' id='word_1_362' title='bbox 1222 2731 1388 2785; x_wconf 77' lang='grc' dir='ltr'>αὑτοῦ</span> <span class='ocrx_word' id='word_1_363' title='bbox 1426 2733 1517 2784; x_wconf 71' lang='grc' dir='ltr'><strong>ἐπὶ</strong></span> <span class='ocrx_word' id='word_1_364' title='bbox 1551 2733 1651 2798; x_wconf 75' lang='grc' dir='ltr'>τὴν</span> <span class='ocrx_word' id='word_1_365' title='bbox 1683 2736 1786 2801; x_wconf 80' lang='grc' dir='ltr'>γῆν</span> 
     </span>
    </p>
   </div>
   <div class='ocr_carea' id='block_1_45' title="bbox 195 2822 1764 2895">
    <p class='ocr_par' dir='ltr' id='par_1_45' title="bbox 195 2822 1764 2895">
     <span class='ocr_line' id='line_1_45' title="bbox 195 2822 1764 2895; baseline -0.002 -16"><span class='ocrx_word' id='word_1_366' title='bbox 195 2826 477 2895; x_wconf 63' lang='grc' dir='ltr'>ἐκκεῖσθαι</span> <span class='ocrx_word' id='word_1_367' title='bbox 506 2843 519 2855; x_wconf 90' lang='grc'><strong>·</strong></span> <span class='ocrx_word' id='word_1_368' title='bbox 550 2824 644 2875; x_wconf 71' lang='grc' dir='ltr'>καὶ</span> <span class='ocrx_word' id='word_1_369' title='bbox 678 2827 705 2876; x_wconf 87' lang='grc' dir='ltr'><strong>ὀ</strong></span> <span class='ocrx_word' id='word_1_370' title='bbox 734 2822 909 2892; x_wconf 72' lang='grc' dir='ltr'>κῆρυξ</span> <span class='ocrx_word' id='word_1_371' title='bbox 953 2824 1083 2876; x_wconf 65' lang='grc' dir='ltr'><strong>ἐϐόα</strong></span> <span class='ocrx_word' id='word_1_372' title='bbox 1108 2826 1254 2892; x_wconf 79' lang='grc' dir='ltr'>φωνῇ</span> <span class='ocrx_word' id='word_1_373' title='bbox 1283 2826 1496 2895; x_wconf 77' lang='grc' dir='ltr'><strong>μεγάλῃ</strong></span> <span class='ocrx_word' id='word_1_374' title='bbox 1520 2842 1535 2856; x_wconf 77' lang='grc' dir='ltr'><strong>ο</strong></span> <span class='ocrx_word' id='word_1_375' title='bbox 1566 2825 1764 2885; x_wconf 87' lang='grc' dir='ltr'>Θῦσον,</span> 
     </span>
    </p>
   </div>
   <div class='ocr_carea' id='block_1_46' title="bbox 197 2913 1779 2985">
    <p class='ocr_par' dir='ltr' id='par_1_46' title="bbox 197 2913 1779 2985">
     <span class='ocr_line' id='line_1_46' title="bbox 197 2913 1779 2985; baseline -0.003 -14"><span class='ocrx_word' id='word_1_376' title='bbox 197 2921 445 2981; x_wconf 80' lang='grc' dir='ltr'><strong>Πλάτων,</strong></span> <span class='ocrx_word' id='word_1_377' title='bbox 481 2917 575 2969; x_wconf 72' lang='grc' dir='ltr'><strong>καὶ</strong></span> <span class='ocrx_word' id='word_1_378' title='bbox 599 2913 827 2985; x_wconf 71' lang='grc' dir='ltr'>ἀπολύῃ.</span> <span class='ocrx_word' id='word_1_379' title='bbox 858 2914 963 2967; x_wconf 90' lang='grc' dir='ltr'>Τοῦ</span> <span class='ocrx_word' id='word_1_380' title='bbox 994 2914 1049 2966; x_wconf 76' lang='grc' dir='ltr'><strong>δὲ</strong></span> <span class='ocrx_word' id='word_1_381' title='bbox 1083 2914 1238 2981; x_wconf 83' lang='grc' dir='ltr'>ἁγίου</span> <span class='ocrx_word' id='word_1_382' title='bbox 1274 2913 1558 2976; x_wconf 85' lang='grc' dir='ltr'>Πλάτωνος</span> <span class='ocrx_word' id='word_1_383' title='bbox 1583 2914 1779 2982; x_wconf 79' lang='grc' dir='ltr'>ἀρνου-</span> 
     </span>
    </p>
   </div>
   <div class='ocr_carea' id='block_1_47' title="bbox 199 3006 1784 3079">
    <p class='ocr_par' dir='ltr' id='par_1_47' title="bbox 199 3006 1784 3079">
     <span class='ocr_line' id='line_1_47' title="bbox 199 3006 1784 3079; baseline -0.003 -16"><span class='ocrx_word' id='word_1_384' title='bbox 199 3013 360 3079; x_wconf 73' lang='grc' dir='ltr'>μένου</span> <span class='ocrx_word' id='word_1_385' title='bbox 394 3011 492 3061; x_wconf 74' lang='grc' dir='ltr'><strong>καὶ</strong></span> <span class='ocrx_word' id='word_1_386' title='bbox 524 3011 597 3077; x_wconf 78' lang='grc' dir='ltr'>μὴ</span> <span class='ocrx_word' id='word_1_387' title='bbox 636 3007 963 3077; x_wconf 78' lang='grc' dir='ltr'>βουλομένου</span> <span class='ocrx_word' id='word_1_388' title='bbox 993 3006 1189 3071; x_wconf 86' lang='grc' dir='ltr'>θῦσαι,</span> <span class='ocrx_word' id='word_1_389' title='bbox 1224 3006 1512 3059; x_wconf 79' lang='grc' dir='ltr'>ἐκέλευσεν</span> <span class='ocrx_word' id='word_1_390' title='bbox 1545 3007 1784 3072; x_wconf 63' lang='grc' dir='ltr'>ὀγκίειοις</span> 
     </span>
    </p>
   </div>
   <div class='ocr_carea' id='block_1_48' title="bbox 195 3099 1782 3170">
    <p class='ocr_par' dir='ltr' id='par_1_48' title="bbox 195 3099 1782 3170">
     <span class='ocr_line' id='line_1_48' title="bbox 195 3099 1782 3170; baseline -0.001 -17"><span class='ocrx_word' id='word_1_391' title='bbox 195 3104 289 3164; x_wconf 74' lang='grc' dir='ltr'><strong>τάς</strong></span> <span class='ocrx_word' id='word_1_392' title='bbox 339 3102 580 3169; x_wconf 71' lang='grc' dir='ltr'>παρειάς</span> <span class='ocrx_word' id='word_1_393' title='bbox 623 3101 789 3152; x_wconf 78' lang='grc' dir='ltr'>αὐτοῦ</span> <span class='ocrx_word' id='word_1_394' title='bbox 833 3100 1071 3164; x_wconf 75' lang='grc' dir='ltr'>ξῖεσθαι,</span> <span class='ocrx_word' id='word_1_395' title='bbox 1117 3100 1255 3152; x_wconf 79' lang='grc' dir='ltr'>ὥστε</span> <span class='ocrx_word' id='word_1_396' title='bbox 1301 3099 1496 3170; x_wconf 81' lang='grc' dir='ltr'><strong>μηκέτι</strong></span> <span class='ocrx_word' id='word_1_397' title='bbox 1556 3100 1782 3168; x_wconf 78' lang='grc' dir='ltr'>ὁρᾶσθαι</span> 
     </span>
    </p>
   </div>
   <div class='ocr_carea' id='block_1_49' title="bbox 194 3189 1788 3261">
    <p class='ocr_par' dir='ltr' id='par_1_49' title="bbox 194 3189 1788 3261">
     <span class='ocr_line' id='line_1_49' title="bbox 194 3189 1788 3261; baseline 0 -17"><span class='ocrx_word' id='word_1_398' title='bbox 194 3192 494 3259; x_wconf 68' lang='grc' dir='ltr'>πρόσωπον</span> <span class='ocrx_word' id='word_1_399' title='bbox 537 3190 913 3259; x_wconf 76' lang='grc' dir='ltr'>ἀνθρώπινον,</span> <span class='ocrx_word' id='word_1_400' title='bbox 951 3191 1037 3243; x_wconf 71' lang='grc' dir='ltr'><strong>διὰ</strong></span> <span class='ocrx_word' id='word_1_401' title='bbox 1074 3189 1137 3241; x_wconf 83' lang='grc' dir='ltr'>τὸ</span> <span class='ocrx_word' id='word_1_402' title='bbox 1172 3192 1528 3260; x_wconf 78' lang='grc' dir='ltr'>γυμνωθῆναι</span> <span class='ocrx_word' id='word_1_403' title='bbox 1559 3190 1626 3244; x_wconf 79' lang='grc' dir='ltr'><strong>τά</strong></span> <span class='ocrx_word' id='word_1_404' title='bbox 1654 3190 1788 3261; x_wconf 80' lang='grc' dir='ltr'>ὀστᾶ</span> 
     </span>
    </p>
   </div>
   <div class='ocr_carea' id='block_1_50' title="bbox 199 3283 392 3338">
    <p class='ocr_par' dir='ltr' id='par_1_50' title="bbox 199 3283 392 3338">
     <span class='ocr_line' id='line_1_50' title="bbox 199 3283 392 3338; baseline 0.005 -1"><span class='ocrx_word' id='word_1_405' title='bbox 199 3283 392 3338; x_wconf 81' lang='grc' dir='ltr'>αὐτοῦ.</span> 
     </span>
    </p>
   </div>
   <div class='ocr_carea' id='block_1_51' title="bbox 1977 2182 3474 2258">
    <p class='ocr_par' dir='ltr' id='par_1_51' title="bbox 1977 2182 3474 2258">
     <span class='ocr_line' id='line_1_51' title="bbox 1977 2182 3474 2258; baseline -0.007 -13"><span class='ocrx_word' id='word_1_406' title='bbox 1977 2190 2119 2245; x_wconf 72' lang='lat' dir='ltr'><strong>XVI.</strong></span> <span class='ocrx_word' id='word_1_407' title='bbox 2149 2191 2244 2245; x_wconf 87' lang='lat' dir='ltr'><strong>llis</strong></span> <span class='ocrx_word' id='word_1_408' title='bbox 2269 2190 2488 2254; x_wconf 88' lang='lat' dir='ltr'><strong>auditis,</strong></span> <span class='ocrx_word' id='word_1_409' title='bbox 2515 2189 2653 2243; x_wconf 81' lang='lat' dir='ltr'><strong>dixit</strong></span> <span class='ocrx_word' id='word_1_410' title='bbox 2705 2186 3035 2258; x_wconf 81' lang='lat' dir='ltr'><strong>Agrippinus</strong></span> <span class='ocrx_word' id='word_1_411' title='bbox 3075 2201 3089 2239; x_wconf 91' lang='lat'><strong>:</strong></span> <span class='ocrx_word' id='word_1_412' title='bbox 3125 2182 3243 2239; x_wconf 80' lang='lat' dir='ltr'><strong>Jam</strong></span> <span class='ocrx_word' id='word_1_413' title='bbox 3297 2197 3474 2251; x_wconf 85' lang='lat' dir='ltr'><strong>expe-</strong></span> 
     </span>
    </p>
   </div>
   <div class='ocr_carea' id='block_1_52' title="bbox 1890 2276 3472 2350">
    <p class='ocr_par' dir='ltr' id='par_1_52' title="bbox 1890 2276 3472 2350">
     <span class='ocr_line' id='line_1_52' title="bbox 1890 2276 3472 2350; baseline -0.004 -17"><span class='ocrx_word' id='word_1_414' title='bbox 1890 2282 2088 2336; x_wconf 86' lang='lat' dir='ltr'><strong>rientia</strong></span> <span class='ocrx_word' id='word_1_415' title='bbox 2121 2282 2423 2350; x_wconf 80' lang='lat' dir='ltr'><strong>cognovisti</strong></span> <span class='ocrx_word' id='word_1_416' title='bbox 2461 2288 2867 2349; x_wconf 86' lang='lat' dir='ltr'><strong>pertormcnta.</strong></span> <span class='ocrx_word' id='word_1_417' title='bbox 2909 2278 3051 2347; x_wconf 86' lang='lat' dir='ltr'><strong>quod</strong></span> <span class='ocrx_word' id='word_1_418' title='bbox 3087 2291 3189 2329; x_wconf 85' lang='lat' dir='ltr'><strong>nec</strong></span> <span class='ocrx_word' id='word_1_419' title='bbox 3230 2276 3472 2342; x_wconf 85' lang='lat' dir='ltr'><strong>philoso-</strong></span> 
     </span>
    </p>
   </div>
   <div class='ocr_carea' id='block_1_53' title="bbox 1889 2365 3463 2441">
    <p class='ocr_par' dir='ltr' id='par_1_53' title="bbox 1889 2365 3463 2441">
     <span class='ocr_line' id='line_1_53' title="bbox 1889 2365 3463 2441; baseline -0.004 -15"><span class='ocrx_word' id='word_1_420' title='bbox 1889 2372 1999 2441; x_wconf 89' lang='lat' dir='ltr'><strong>pbo</strong></span> <span class='ocrx_word' id='word_1_421' title='bbox 2046 2371 2263 2439; x_wconf 85' lang='lat' dir='ltr'><strong>quidem</strong></span> <span class='ocrx_word' id='word_1_422' title='bbox 2295 2369 2506 2424; x_wconf 84' lang='lat' dir='ltr'><strong>Platoni</strong></span> <span class='ocrx_word' id='word_1_423' title='bbox 2559 2369 2922 2439; x_wconf 84' lang='lat' dir='ltr'><strong>pepercissent</strong></span> <span class='ocrx_word' id='word_1_424' title='bbox 2962 2375 3184 2436; x_wconf 88' lang='lat' dir='ltr'><strong>propter</strong></span> <span class='ocrx_word' id='word_1_425' title='bbox 3237 2365 3463 2420; x_wconf 87' lang='lat' dir='ltr'><strong>deorum</strong></span> 
     </span>
    </p>
   </div>
   <div class='ocr_carea' id='block_1_54' title="bbox 1889 2458 3460 2532">
    <p class='ocr_par' dir='ltr' id='par_1_54' title="bbox 1889 2458 3460 2532">
     <span class='ocr_line' id='line_1_54' title="bbox 1889 2458 3460 2532; baseline -0.006 -12"><span class='ocrx_word' id='word_1_426' title='bbox 1889 2464 2347 2526; x_wconf 82' lang='lat' dir='ltr'><strong>benevolentiam,</strong></span> <span class='ocrx_word' id='word_1_427' title='bbox 2368 2465 2565 2517; x_wconf 87' lang='lat' dir='ltr'><strong>timens</strong></span> <span class='ocrx_word' id='word_1_428' title='bbox 2590 2463 2802 2532; x_wconf 87' lang='lat' dir='ltr'><strong>jussum</strong></span> <span class='ocrx_word' id='word_1_429' title='bbox 2835 2459 3203 2529; x_wconf 85' lang='lat' dir='ltr'><strong>imperatoris.</strong></span> <span class='ocrx_word' id='word_1_430' title='bbox 3228 2458 3460 2513; x_wconf 83' lang='lat' dir='ltr'><strong>Sanctus</strong></span> 
     </span>
    </p>
   </div>
   <div class='ocr_carea' id='block_1_55' title="bbox 1894 2553 3468 2624">
    <p class='ocr_par' dir='ltr' id='par_1_55' title="bbox 1894 2553 3468 2624">
     <span class='ocr_line' id='line_1_55' title="bbox 1894 2553 3468 2624; baseline -0.006 -14"><span class='ocrx_word' id='word_1_431' title='bbox 1894 2556 1983 2611; x_wconf 90' lang='lat' dir='ltr'><strong>Dci</strong></span> <span class='ocrx_word' id='word_1_432' title='bbox 2020 2564 2222 2624; x_wconf 80' lang='lat' dir='ltr'><strong>martyr</strong></span> <span class='ocrx_word' id='word_1_433' title='bbox 2258 2554 2408 2606; x_wconf 84' lang='lat' dir='ltr'><strong>Plato</strong></span> <span class='ocrx_word' id='word_1_434' title='bbox 2442 2554 2576 2607; x_wconf 90' lang='lat' dir='ltr'><strong>dicit</strong></span> <span class='ocrx_word' id='word_1_435' title='bbox 2606 2572 2618 2605; x_wconf 86' lang='lat'><strong>:</strong></span> <span class='ocrx_word' id='word_1_436' title='bbox 2649 2554 2962 2622; x_wconf 72' lang='lat' dir='ltr'><strong>Cognovisti</strong></span> <span class='ocrx_word' id='word_1_437' title='bbox 2992 2553 3103 2619; x_wconf 80' lang='lat' dir='ltr'><strong>jam</strong></span> <span class='ocrx_word' id='word_1_438' title='bbox 3138 2562 3195 2604; x_wconf 91' lang='lat' dir='ltr'><strong>tu</strong></span> <span class='ocrx_word' id='word_1_439' title='bbox 3230 2563 3468 2618; x_wconf 87' lang='lat' dir='ltr'><strong>quoque,</strong></span> 
     </span>
    </p>
   </div>
   <div class='ocr_carea' id='block_1_56' title="bbox 1889 2642 3471 2716">
    <p class='ocr_par' dir='ltr' id='par_1_56' title="bbox 1889 2642 3471 2716">
     <span class='ocr_line' id='line_1_56' title="bbox 1889 2642 3471 2716; baseline -0.006 -14"><span class='ocrx_word' id='word_1_440' title='bbox 1889 2661 1922 2702; x_wconf 89' lang='grc' dir='ltr'><strong>ο</strong></span> <span class='ocrx_word' id='word_1_441' title='bbox 1953 2656 2199 2716; x_wconf 82' lang='lat' dir='ltr'><strong>tyranne,</strong></span> <span class='ocrx_word' id='word_1_442' title='bbox 2233 2645 2567 2715; x_wconf 79' lang='lat' dir='ltr'><strong>experientia</strong></span> <span class='ocrx_word' id='word_1_443' title='bbox 2598 2659 2695 2713; x_wconf 88' lang='lat' dir='ltr'><strong>per</strong></span> <span class='ocrx_word' id='word_1_444' title='bbox 2728 2652 3002 2697; x_wconf 88' lang='lat' dir='ltr'><strong>tormenta</strong></span> <span class='ocrx_word' id='word_1_445' title='bbox 3054 2657 3175 2711; x_wconf 63' lang='lat' dir='ltr'><strong>quae</strong></span> <span class='ocrx_word' id='word_1_446' title='bbox 3204 2642 3332 2694; x_wconf 88' lang='lat' dir='ltr'><strong>mihi</strong></span> <span class='ocrx_word' id='word_1_447' title='bbox 3358 2655 3387 2694; x_wconf 73' lang='grc' dir='ltr'><strong>ι</strong></span> <span class='ocrx_word' id='word_1_448' title='bbox 3418 2649 3471 2694; x_wconf 87' lang='lat' dir='ltr'><strong>te</strong></span> 
     </span>
    </p>
   </div>
   <div class='ocr_carea' id='block_1_57' title="bbox 1891 2736 3470 2807">
    <p class='ocr_par' dir='ltr' id='par_1_57' title="bbox 1891 2736 3470 2807">
     <span class='ocr_line' id='line_1_57' title="bbox 1891 2736 3470 2807; baseline -0.005 -14"><span class='ocrx_word' id='word_1_449' title='bbox 1891 2745 2020 2793; x_wconf 88' lang='lat' dir='ltr'><strong>sunt</strong></span> <span class='ocrx_word' id='word_1_450' title='bbox 2046 2737 2216 2798; x_wconf 87' lang='lat' dir='ltr'><strong>illata,</strong></span> <span class='ocrx_word' id='word_1_451' title='bbox 2259 2736 2403 2807; x_wconf 91' lang='lat' dir='ltr'><strong>quod</strong></span> <span class='ocrx_word' id='word_1_452' title='bbox 2446 2736 2665 2805; x_wconf 89' lang='lat' dir='ltr'><strong>corpori</strong></span> <span class='ocrx_word' id='word_1_453' title='bbox 2711 2750 2832 2789; x_wconf 86' lang='lat' dir='ltr'><strong>meo</strong></span> <span class='ocrx_word' id='word_1_454' title='bbox 2854 2749 2964 2787; x_wconf 91' lang='lat' dir='ltr'><strong>non</strong></span> <span class='ocrx_word' id='word_1_455' title='bbox 3017 2748 3186 2803; x_wconf 87' lang='lat' dir='ltr'><strong>parco</strong></span> <span class='ocrx_word' id='word_1_456' title='bbox 3242 2741 3470 2801; x_wconf 85' lang='lat' dir='ltr'><strong>propter</strong></span> 
     </span>
    </p>
   </div>
   <div class='ocr_carea' id='block_1_58' title="bbox 1891 2825 3473 2900">
    <p class='ocr_par' dir='ltr' id='par_1_58' title="bbox 1891 2825 3473 2900">
     <span class='ocr_line' id='line_1_58' title="bbox 1891 2825 3473 2900; baseline -0.003 -16"><span class='ocrx_word' id='word_1_457' title='bbox 1891 2832 2149 2900; x_wconf 89' lang='lat' dir='ltr'><strong>pietatem</strong></span> <span class='ocrx_word' id='word_1_458' title='bbox 2218 2831 2273 2883; x_wconf 87' lang='lat' dir='ltr'><strong>in</strong></span> <span class='ocrx_word' id='word_1_459' title='bbox 2335 2830 2505 2883; x_wconf 88' lang='lat' dir='ltr'><strong>Deum</strong></span> <span class='ocrx_word' id='word_1_460' title='bbox 2548 2844 2753 2893; x_wconf 87' lang='lat' dir='ltr'><strong>meum,</strong></span> <span class='ocrx_word' id='word_1_461' title='bbox 2813 2830 3012 2882; x_wconf 89' lang='lat' dir='ltr'><strong>timens</strong></span> <span class='ocrx_word' id='word_1_462' title='bbox 3051 2828 3265 2896; x_wconf 89' lang='lat' dir='ltr'><strong>jussum</strong></span> <span class='ocrx_word' id='word_1_463' title='bbox 3308 2825 3473 2895; x_wconf 77' lang='lat' dir='ltr'><strong>Regis</strong></span> 
     </span>
    </p>
   </div>
   <div class='ocr_carea' id='block_1_59' title="bbox 1889 2917 3470 2988">
    <p class='ocr_par' dir='ltr' id='par_1_59' title="bbox 1889 2917 3470 2988">
     <span class='ocr_line' id='line_1_59' title="bbox 1889 2917 3470 2988; baseline -0.004 -14"><span class='ocrx_word' id='word_1_464' title='bbox 1889 2920 2146 2975; x_wconf 68' lang='lat' dir='ltr'><strong>caelestis.</strong></span> <span class='ocrx_word' id='word_1_465' title='bbox 2176 2917 2507 2988; x_wconf 75' lang='lat' dir='ltr'><strong>Agrippinus</strong></span> <span class='ocrx_word' id='word_1_466' title='bbox 2538 2930 2718 2973; x_wconf 87' lang='lat' dir='ltr'><strong>autem</strong></span> <span class='ocrx_word' id='word_1_467' title='bbox 2750 2934 2873 2971; x_wconf 89' lang='lat' dir='ltr'><strong>cum</strong></span> <span class='ocrx_word' id='word_1_468' title='bbox 2907 2918 3021 2972; x_wconf 62' lang='lat' dir='ltr'><strong>hmo</strong></span> <span class='ocrx_word' id='word_1_469' title='bbox 3052 2917 3371 2975; x_wconf 84' lang='lat' dir='ltr'><strong>audivisset,</strong></span> <span class='ocrx_word' id='word_1_470' title='bbox 3414 2922 3470 2968; x_wconf 79' lang='lat' dir='ltr'><strong>et</strong></span> 
     </span>
    </p>
   </div>
   <div class='ocr_carea' id='block_1_60' title="bbox 1894 3006 3477 3082">
    <p class='ocr_par' dir='ltr' id='par_1_60' title="bbox 1894 3006 3477 3082">
     <span class='ocr_line' id='line_1_60' title="bbox 1894 3006 3477 3082; baseline -0.006 -16"><span class='ocrx_word' id='word_1_471' title='bbox 1894 3011 2083 3067; x_wconf 86' lang='lat' dir='ltr'><strong>fuisset</strong></span> <span class='ocrx_word' id='word_1_472' title='bbox 2114 3026 2313 3082; x_wconf 77' lang='lat' dir='ltr'><strong>magno</strong></span> <span class='ocrx_word' id='word_1_473' title='bbox 2345 3010 2531 3064; x_wconf 85' lang='lat' dir='ltr'><strong>furore</strong></span> <span class='ocrx_word' id='word_1_474' title='bbox 2568 3011 2832 3080; x_wconf 87' lang='lat' dir='ltr'><strong>percitus,</strong></span> <span class='ocrx_word' id='word_1_475' title='bbox 2863 3008 3025 3079; x_wconf 87' lang='lat' dir='ltr'><strong>jussit</strong></span> <span class='ocrx_word' id='word_1_476' title='bbox 3056 3024 3179 3062; x_wconf 89' lang='lat' dir='ltr'><strong>eum</strong></span> <span class='ocrx_word' id='word_1_477' title='bbox 3215 3009 3267 3060; x_wconf 92' lang='lat' dir='ltr'><strong>in</strong></span> <span class='ocrx_word' id='word_1_478' title='bbox 3325 3006 3477 3074; x_wconf 81' lang='lat' dir='ltr'><strong>ligno</strong></span> 
     </span>
    </p>
   </div>
   <div class='ocr_carea' id='block_1_61' title="bbox 1894 3100 3469 3173">
    <p class='ocr_par' dir='ltr' id='par_1_61' title="bbox 1894 3100 3469 3173">
     <span class='ocr_line' id='line_1_61' title="bbox 1894 3100 3469 3173; baseline -0.007 -15"><span class='ocrx_word' id='word_1_479' title='bbox 1894 3119 2222 3173; x_wconf 82' lang='lat' dir='ltr'><strong>suspensum</strong></span> <span class='ocrx_word' id='word_1_480' title='bbox 2266 3102 2474 3157; x_wconf 89' lang='lat' dir='ltr'><strong>tamdiu</strong></span> <span class='ocrx_word' id='word_1_481' title='bbox 2502 3102 2658 3164; x_wconf 70' lang='lat' dir='ltr'><strong>caedi,</strong></span> <span class='ocrx_word' id='word_1_482' title='bbox 2697 3100 2873 3155; x_wconf 89' lang='lat' dir='ltr'><strong>donec</strong></span> <span class='ocrx_word' id='word_1_483' title='bbox 2909 3114 3101 3153; x_wconf 86' lang='lat' dir='ltr'><strong>omnes</strong></span> <span class='ocrx_word' id='word_1_484' title='bbox 3128 3100 3247 3167; x_wconf 85' lang='lat' dir='ltr'><strong>ejus</strong></span> <span class='ocrx_word' id='word_1_485' title='bbox 3274 3110 3469 3151; x_wconf 85' lang='lat' dir='ltr'><strong>carnes</strong></span> 
     </span>
    </p>
   </div>
   <div class='ocr_carea' id='block_1_62' title="bbox 1895 3187 3470 3265">
    <p class='ocr_par' dir='ltr' id='par_1_62' title="bbox 1895 3187 3470 3265">
     <span class='ocr_line' id='line_1_62' title="bbox 1895 3187 3470 3265; baseline -0.008 -13"><span class='ocrx_word' id='word_1_486' title='bbox 1895 3196 2059 3253; x_wconf 89' lang='lat' dir='ltr'><strong>simul</strong></span> <span class='ocrx_word' id='word_1_487' title='bbox 2084 3211 2207 3251; x_wconf 88' lang='lat' dir='ltr'><strong>cum</strong></span> <span class='ocrx_word' id='word_1_488' title='bbox 2230 3196 2495 3265; x_wconf 78' lang='lat' dir='ltr'><strong>sanguine</strong></span> <span class='ocrx_word' id='word_1_489' title='bbox 2521 3194 2576 3247; x_wconf 89' lang='lat' dir='ltr'><strong>in</strong></span> <span class='ocrx_word' id='word_1_490' title='bbox 2608 3202 2807 3246; x_wconf 88' lang='lat' dir='ltr'><strong>terram</strong></span> <span class='ocrx_word' id='word_1_491' title='bbox 2826 3192 3264 3246; x_wconf 82' lang='lat' dir='ltr'><strong>effunderentur.</strong></span> <span class='ocrx_word' id='word_1_492' title='bbox 3284 3187 3470 3243; x_wconf 62' lang='lat' dir='ltr'><strong>Prisco</strong></span> 
     </span>
    </p>
   </div>
   <div class='ocr_carea' id='block_1_63' title="bbox 1820 3278 3476 3355">
    <p class='ocr_par' dir='ltr' id='par_1_63' title="bbox 1820 3278 3476 3355">
     <span class='ocr_line' id='line_1_63' title="bbox 1820 3278 3476 3355; baseline -0.007 -16"><span class='ocrx_word' id='word_1_493' title='bbox 1820 3282 1862 3339; x_wconf 77' lang='grc' dir='ltr'>ϐ</span> <span class='ocrx_word' id='word_1_494' title='bbox 1896 3294 2079 3339; x_wconf 85' lang='lat' dir='ltr'><strong>autem</strong></span> <span class='ocrx_word' id='word_1_495' title='bbox 2118 3301 2309 3355; x_wconf 77' lang='lat' dir='ltr'><strong>magna</strong></span> <span class='ocrx_word' id='word_1_496' title='bbox 2343 3300 2474 3339; x_wconf 86' lang='lat' dir='ltr'><strong>voce</strong></span> <span class='ocrx_word' id='word_1_497' title='bbox 2516 3284 2787 3336; x_wconf 79' lang='lat' dir='ltr'><strong>clamabat</strong></span> <span class='ocrx_word' id='word_1_498' title='bbox 2825 3298 2840 3335; x_wconf 91' lang='lat'><strong>:</strong></span> <span class='ocrx_word' id='word_1_499' title='bbox 2879 3279 3163 3343; x_wconf 82' lang='lat' dir='ltr'><strong>Sacriﬁca,</strong></span> <span class='ocrx_word' id='word_1_500' title='bbox 3204 3278 3377 3339; x_wconf 80' lang='lat' dir='ltr'><strong>Plato,</strong></span> <span class='ocrx_word' id='word_1_501' title='bbox 3414 3282 3476 3328; x_wconf 77' lang='grc' dir='ltr'><strong>οι</strong></span> 
     </span>
    </p>
   </div>
   <div class='ocr_carea' id='block_1_64' title="bbox 194 3368 3472 3444">
    <p class='ocr_par' dir='ltr' id='par_1_64' title="bbox 194 3368 3472 3444">
     <span class='ocr_line' id='line_1_64' title="bbox 194 3368 3472 3444; baseline -0.003 -14"><span class='ocrx_word' id='word_1_502' title='bbox 194 3376 433 3430; x_wconf 83' lang='lat' dir='ltr'><strong>solveris</strong></span> <span class='ocrx_word' id='word_1_503' title='bbox 474 3389 503 3428; x_wconf 88' lang='lat' dir='ltr'><strong>a</strong></span> <span class='ocrx_word' id='word_1_504' title='bbox 534 3374 786 3430; x_wconf 79' lang='lat' dir='ltr'><strong>vinculis.</strong></span> <span class='ocrx_word' id='word_1_505' title='bbox 813 3373 948 3429; x_wconf 89' lang='lat' dir='ltr'><strong>Cum</strong></span> <span class='ocrx_word' id='word_1_506' title='bbox 982 3388 1111 3429; x_wconf 82' lang='lat' dir='ltr'><strong>vero</strong></span> <span class='ocrx_word' id='word_1_507' title='bbox 1140 3383 1366 3428; x_wconf 87' lang='lat' dir='ltr'><strong>sanctus</strong></span> <span class='ocrx_word' id='word_1_508' title='bbox 1406 3372 1558 3431; x_wconf 84' lang='lat' dir='ltr'><strong>Plato</strong></span> <span class='ocrx_word' id='word_1_509' title='bbox 1590 3384 1817 3444; x_wconf 80' lang='lat' dir='ltr'><strong>negaret</strong></span> <span class='ocrx_word' id='word_1_510' title='bbox 1858 3390 1917 3429; x_wconf 88' lang='lat' dir='ltr'><strong>se</strong></span> <span class='ocrx_word' id='word_1_511' title='bbox 1948 3376 2403 3437; x_wconf 81' lang='lat' dir='ltr'><strong>sacrificaturum,</strong></span> <span class='ocrx_word' id='word_1_512' title='bbox 2435 3375 2601 3444; x_wconf 85' lang='lat' dir='ltr'><strong>jussit</strong></span> <span class='ocrx_word' id='word_1_513' title='bbox 2635 3384 2898 3443; x_wconf 82' lang='lat' dir='ltr'><strong>tyrannus</strong></span> <span class='ocrx_word' id='word_1_514' title='bbox 2939 3372 3094 3425; x_wconf 78' lang='lat' dir='ltr'><strong>uncis</strong></span> <span class='ocrx_word' id='word_1_515' title='bbox 3129 3368 3321 3423; x_wconf 83' lang='lat' dir='ltr'><strong>ferreis</strong></span> <span class='ocrx_word' id='word_1_516' title='bbox 3348 3369 3472 3437; x_wconf 66' lang='lat' dir='ltr'><strong>ejus</strong></span> 
     </span>
    </p>
   </div>
   <div class='ocr_carea' id='block_1_65' title="bbox 195 3463 3463 3539">
    <p class='ocr_par' dir='ltr' id='par_1_65' title="bbox 195 3463 3463 3539">
     <span class='ocr_line' id='line_1_65' title="bbox 195 3463 3463 3539; baseline -0.002 -18"><span class='ocrx_word' id='word_1_517' title='bbox 195 3485 364 3539; x_wconf 75' lang='lat' dir='ltr'><strong>genas</strong></span> <span class='ocrx_word' id='word_1_518' title='bbox 396 3470 633 3536; x_wconf 77' lang='lat' dir='ltr'><strong>discerpi</strong></span> <span class='ocrx_word' id='word_1_519' title='bbox 670 3484 732 3523; x_wconf 88' lang='lat' dir='ltr'><strong>ac</strong></span> <span class='ocrx_word' id='word_1_520' title='bbox 761 3467 977 3522; x_wconf 89' lang='lat' dir='ltr'><strong>laniari.</strong></span> <span class='ocrx_word' id='word_1_521' title='bbox 1010 3468 1157 3522; x_wconf 80' lang='lat' dir='ltr'><strong>Adeo</strong></span> <span class='ocrx_word' id='word_1_522' title='bbox 1188 3478 1369 3522; x_wconf 86' lang='lat' dir='ltr'><strong>autem</strong></span> <span class='ocrx_word' id='word_1_523' title='bbox 1403 3478 1530 3522; x_wconf 89' lang='lat' dir='ltr'><strong>sunt</strong></span> <span class='ocrx_word' id='word_1_524' title='bbox 1570 3467 1807 3536; x_wconf 64' lang='lat' dir='ltr'><strong>laniate,</strong></span> <span class='ocrx_word' id='word_1_525' title='bbox 1840 3478 1900 3524; x_wconf 88' lang='lat' dir='ltr'><strong>ut</strong></span> <span class='ocrx_word' id='word_1_526' title='bbox 1936 3467 2103 3524; x_wconf 88' lang='lat' dir='ltr'><strong>facies</strong></span> <span class='ocrx_word' id='word_1_527' title='bbox 2131 3468 2368 3523; x_wconf 86' lang='lat' dir='ltr'><strong>hominis</strong></span> <span class='ocrx_word' id='word_1_528' title='bbox 2391 3482 2498 3521; x_wconf 89' lang='lat' dir='ltr'><strong>non</strong></span> <span class='ocrx_word' id='word_1_529' title='bbox 2532 3474 2853 3521; x_wconf 87' lang='lat' dir='ltr'><strong>cerneretur</strong></span> <span class='ocrx_word' id='word_1_530' title='bbox 2880 3463 3135 3533; x_wconf 84' lang='lat' dir='ltr'><strong>amplius,</strong></span> <span class='ocrx_word' id='word_1_531' title='bbox 3173 3470 3463 3532; x_wconf 77' lang='lat' dir='ltr'><strong>propterea</strong></span> 
     </span>
    </p>
   </div>
   <div class='ocr_carea' id='block_1_66' title="bbox 194 3562 1337 3636">
    <p class='ocr_par' dir='ltr' id='par_1_66' title="bbox 194 3562 1337 3636">
     <span class='ocr_line' id='line_1_66' title="bbox 194 3562 1337 3636; baseline -0.004 -17"><span class='ocrx_word' id='word_1_532' title='bbox 194 3562 337 3636; x_wconf 89' lang='lat' dir='ltr'><strong>quod</strong></span> <span class='ocrx_word' id='word_1_533' title='bbox 373 3573 559 3617; x_wconf 89' lang='lat' dir='ltr'><strong>essent</strong></span> <span class='ocrx_word' id='word_1_534' title='bbox 588 3564 709 3631; x_wconf 84' lang='lat' dir='ltr'><strong>ejus</strong></span> <span class='ocrx_word' id='word_1_535' title='bbox 743 3578 864 3615; x_wconf 87' lang='lat' dir='ltr'><strong>ossa</strong></span> <span class='ocrx_word' id='word_1_536' title='bbox 903 3563 1061 3631; x_wconf 85' lang='lat' dir='ltr'><strong>plane</strong></span> <span class='ocrx_word' id='word_1_537' title='bbox 1091 3562 1337 3615; x_wconf 86' lang='lat' dir='ltr'><strong>nudata.-</strong></span> 
     </span>
    </p>
   </div>
   <div class='ocr_carea' id='block_1_67' title="bbox 262 3655 1789 3723">
    <p class='ocr_par' dir='ltr' id='par_1_67' title="bbox 262 3655 1789 3723">
     <span class='ocr_line' id='line_1_67' title="bbox 262 3655 1789 3723; baseline 0.001 -14"><span class='ocrx_word' id='word_1_538' title='bbox 262 3659 367 3715; x_wconf 77' lang='lat' dir='ltr'><strong>IZ&#39;.</strong></span> <span class='ocrx_word' id='word_1_539' title='bbox 426 3658 486 3709; x_wconf 90' lang='lat'><strong>&#39;0</strong></span> <span class='ocrx_word' id='word_1_540' title='bbox 525 3656 581 3709; x_wconf 75' lang='grc' dir='ltr'><strong>δὲ</strong></span> <span class='ocrx_word' id='word_1_541' title='bbox 636 3656 991 3723; x_wconf 82' lang='grc' dir='ltr'>’Λγριππῖνος</span> <span class='ocrx_word' id='word_1_542' title='bbox 1026 3655 1312 3707; x_wconf 76' lang='grc' dir='ltr'>ἐκέλευσεν</span> <span class='ocrx_word' id='word_1_543' title='bbox 1358 3656 1519 3710; x_wconf 70' lang='grc' dir='ltr'>αὑτὸν</span> <span class='ocrx_word' id='word_1_544' title='bbox 1557 3658 1664 3710; x_wconf 70' lang='grc' dir='ltr'><strong>ἀπὸ</strong></span> <span class='ocrx_word' id='word_1_545' title='bbox 1693 3656 1789 3710; x_wconf 89' lang='grc' dir='ltr'><strong>τοῦ</strong></span> 
     </span>
    </p>
   </div>
   <div class='ocr_carea' id='block_1_68' title="bbox 196 3745 1789 3819">
    <p class='ocr_par' dir='ltr' id='par_1_68' title="bbox 196 3745 1789 3819">
     <span class='ocr_line' id='line_1_68' title="bbox 196 3745 1789 3819; baseline -0.003 -13"><span class='ocrx_word' id='word_1_546' title='bbox 196 3752 356 3819; x_wconf 68' lang='grc' dir='ltr'>ξύλου</span> <span class='ocrx_word' id='word_1_547' title='bbox 409 3748 829 3819; x_wconf 77' lang='grc' dir='ltr'>κατενεχθῆναι,</span> <span class='ocrx_word' id='word_1_548' title='bbox 884 3748 975 3802; x_wconf 74' lang='grc' dir='ltr'><strong>καὶ</strong></span> <span class='ocrx_word' id='word_1_549' title='bbox 1033 3750 1169 3819; x_wconf 76' lang='grc' dir='ltr'>πρὸς</span> <span class='ocrx_word' id='word_1_550' title='bbox 1199 3748 1364 3803; x_wconf 75' lang='grc' dir='ltr'>αὐτὸν</span> <span class='ocrx_word' id='word_1_551' title='bbox 1420 3745 1608 3803; x_wconf 60' lang='grc' dir='ltr'>εἶπεν</span> <span class='ocrx_word' id='word_1_552' title='bbox 1644 3750 1789 3802; x_wconf 87' lang='grc' dir='ltr'>Παν-</span> 
     </span>
    </p>
   </div>
   <div class='ocr_carea' id='block_1_69' title="bbox 194 3841 1791 3914">
    <p class='ocr_par' dir='ltr' id='par_1_69' title="bbox 194 3841 1791 3914">
     <span class='ocr_line' id='line_1_69' title="bbox 194 3841 1791 3914; baseline -0.003 -14"><span class='ocrx_word' id='word_1_553' title='bbox 194 3847 375 3909; x_wconf 82' lang='grc' dir='ltr'>άθλιε,</span> <span class='ocrx_word' id='word_1_554' title='bbox 411 3843 467 3896; x_wconf 86' lang='grc' dir='ltr'><strong>τί</strong></span> <span class='ocrx_word' id='word_1_555' title='bbox 506 3842 816 3913; x_wconf 75' lang='grc' dir='ltr'>προσδοκᾷς</span> <span class='ocrx_word' id='word_1_556' title='bbox 848 3841 1072 3901; x_wconf 81' lang='grc' dir='ltr'>λοιπόν;</span> <span class='ocrx_word' id='word_1_557' title='bbox 1139 3842 1320 3910; x_wconf 81' lang='grc' dir='ltr'>πάσης</span> <span class='ocrx_word' id='word_1_558' title='bbox 1352 3843 1462 3914; x_wconf 76' lang='grc' dir='ltr'><strong>γάρ</strong></span> <span class='ocrx_word' id='word_1_559' title='bbox 1500 3845 1598 3913; x_wconf 82' lang='grc' dir='ltr'><strong>τῆς</strong></span> <span class='ocrx_word' id='word_1_560' title='bbox 1626 3842 1791 3913; x_wconf 79' lang='grc' dir='ltr'>δορᾶς</span> 
     </span>
    </p>
   </div>
   <div class='ocr_carea' id='block_1_70' title="bbox 196 3933 1791 4004">
    <p class='ocr_par' dir='ltr' id='par_1_70' title="bbox 196 3933 1791 4004">
     <span class='ocr_line' id='line_1_70' title="bbox 196 3933 1791 4004; baseline -0.003 -13"><span class='ocrx_word' id='word_1_561' title='bbox 196 3956 293 3991; x_wconf 84' lang='grc' dir='ltr'><strong>σου</strong></span> <span class='ocrx_word' id='word_1_562' title='bbox 357 3934 732 4003; x_wconf 80' lang='grc' dir='ltr'>ἀποδαρείσης</span> <span class='ocrx_word' id='word_1_563' title='bbox 793 3935 886 3986; x_wconf 74' lang='grc' dir='ltr'><strong>καὶ</strong></span> <span class='ocrx_word' id='word_1_564' title='bbox 944 3933 1053 3985; x_wconf 83' lang='grc' dir='ltr'>τῶν</span> <span class='ocrx_word' id='word_1_565' title='bbox 1108 3934 1309 3988; x_wconf 80' lang='grc' dir='ltr'>ὀστέων</span> <span class='ocrx_word' id='word_1_566' title='bbox 1367 3936 1791 4004; x_wconf 83' lang='grc' dir='ltr'>γυμνωθέντων,</span> 
     </span>
    </p>
   </div>
   <div class='ocr_carea' id='block_1_71' title="bbox 196 4023 1792 4096">
    <p class='ocr_par' dir='ltr' id='par_1_71' title="bbox 196 4023 1792 4096">
     <span class='ocr_line' id='line_1_71' title="bbox 196 4023 1792 4096; baseline -0.003 -13"><span class='ocrx_word' id='word_1_567' title='bbox 196 4028 441 4096; x_wconf 59' lang='grc' dir='ltr'>ἀνάσχου</span> <span class='ocrx_word' id='word_1_568' title='bbox 465 4042 579 4093; x_wconf 86' lang='grc' dir='ltr'>μοι,</span> <span class='ocrx_word' id='word_1_569' title='bbox 602 4023 696 4074; x_wconf 68' lang='grc' dir='ltr'><strong>καὶ</strong></span> <span class='ocrx_word' id='word_1_570' title='bbox 716 4023 921 4077; x_wconf 87' lang='grc' dir='ltr'>παῦσαι</span> <span class='ocrx_word' id='word_1_571' title='bbox 947 4024 1044 4092; x_wconf 75' lang='grc' dir='ltr'>τῆς</span> <span class='ocrx_word' id='word_1_572' title='bbox 1070 4023 1329 4094; x_wconf 80' lang='grc' dir='ltr'>τοιαύτης</span> <span class='ocrx_word' id='word_1_573' title='bbox 1351 4026 1676 4094; x_wconf 71' lang='grc' dir='ltr'>φιλοσοφίας</span> <span class='ocrx_word' id='word_1_574' title='bbox 1701 4028 1792 4080; x_wconf 64' lang='grc' dir='ltr'><strong>καλ⁸</strong></span> 
     </span>
    </p>
   </div>
   <div class='ocr_carea' id='block_1_72' title="bbox 199 4113 1791 4184">
    <p class='ocr_par' dir='ltr' id='par_1_72' title="bbox 199 4113 1791 4184">
     <span class='ocr_line' id='line_1_72' title="bbox 199 4113 1791 4184; baseline -0.003 -11"><span class='ocrx_word' id='word_1_575' title='bbox 199 4121 365 4173; x_wconf 88' lang='grc' dir='ltr'>θῦσον</span> <span class='ocrx_word' id='word_1_576' title='bbox 406 4118 522 4179; x_wconf 78' lang='grc' dir='ltr'>τοῖς</span> <span class='ocrx_word' id='word_1_577' title='bbox 560 4113 726 4179; x_wconf 82' lang='grc' dir='ltr'>θεοῖς,</span> <span class='ocrx_word' id='word_1_578' title='bbox 753 4115 848 4166; x_wconf 69' lang='grc' dir='ltr'><strong>καὶ</strong></span> <span class='ocrx_word' id='word_1_579' title='bbox 890 4114 964 4184; x_wconf 82' lang='grc' dir='ltr'>μὴ</span> <span class='ocrx_word' id='word_1_580' title='bbox 1006 4115 1233 4181; x_wconf 73' lang='grc' dir='ltr'>ἐπίμενε</span> <span class='ocrx_word' id='word_1_581' title='bbox 1272 4119 1336 4184; x_wconf 82' lang='grc' dir='ltr'>τῇ</span> <span class='ocrx_word' id='word_1_582' title='bbox 1381 4117 1647 4183; x_wconf 74' lang='grc' dir='ltr'>ἀντιθέσει</span> <span class='ocrx_word' id='word_1_583' title='bbox 1681 4117 1791 4169; x_wconf 78' lang='grc' dir='ltr'><strong>τῶν</strong></span> 
     </span>
    </p>
   </div>
   <div class='ocr_carea' id='block_1_73' title="bbox 198 4200 1791 4276">
    <p class='ocr_par' dir='ltr' id='par_1_73' title="bbox 198 4200 1791 4276">
     <span class='ocr_line' id='line_1_73' title="bbox 198 4200 1791 4276; baseline -0.001 -16"><span class='ocrx_word' id='word_1_584' title='bbox 198 4208 379 4276; x_wconf 82' lang='grc' dir='ltr'>λόγων</span> <span class='ocrx_word' id='word_1_585' title='bbox 437 4201 671 4265; x_wconf 76' lang='grc' dir='ltr'>τούτων,</span> <span class='ocrx_word' id='word_1_586' title='bbox 741 4200 827 4253; x_wconf 83' lang='grc' dir='ltr'>ἵνα</span> <span class='ocrx_word' id='word_1_587' title='bbox 887 4200 961 4271; x_wconf 83' lang='grc' dir='ltr'>μὴ</span> <span class='ocrx_word' id='word_1_588' title='bbox 1021 4201 1191 4264; x_wconf 72' lang='grc' dir='ltr'>κακὸς</span> <span class='ocrx_word' id='word_1_589' title='bbox 1248 4202 1434 4265; x_wconf 83' lang='grc' dir='ltr'>κακῶς</span> <span class='ocrx_word' id='word_1_590' title='bbox 1489 4203 1791 4276; x_wconf 75' lang='grc' dir='ltr'>ἀποθάνῃς.</span> 
     </span>
    </p>
   </div>
   <div class='ocr_carea' id='block_1_74' title="bbox 211 4291 1794 4370">
    <p class='ocr_par' dir='ltr' id='par_1_74' title="bbox 211 4291 1794 4370">
     <span class='ocr_line' id='line_1_74' title="bbox 211 4291 1794 4370; baseline -0.001 -18"><span class='ocrx_word' id='word_1_591' title='bbox 211 4302 271 4365; x_wconf 85' lang='lat' dir='ltr'><strong>’Q</strong></span> <span class='ocrx_word' id='word_1_592' title='bbox 303 4300 521 4370; x_wconf 81' lang='grc' dir='ltr'>μάρτυς</span> <span class='ocrx_word' id='word_1_593' title='bbox 550 4291 736 4349; x_wconf 73' lang='grc' dir='ltr'>εἶπενο</span> <span class='ocrx_word' id='word_1_594' title='bbox 760 4293 826 4346; x_wconf 86' lang='grc' dir='ltr'>Τί</span> <span class='ocrx_word' id='word_1_595' title='bbox 857 4293 1159 4365; x_wconf 79' lang='grc' dir='ltr'>προσδοκᾷς</span> <span class='ocrx_word' id='word_1_596' title='bbox 1182 4293 1369 4364; x_wconf 78' lang='grc' dir='ltr'>ἕτερον</span> <span class='ocrx_word' id='word_1_597' title='bbox 1395 4295 1615 4349; x_wconf 78' lang='grc' dir='ltr'>ἀκούειν</span> <span class='ocrx_word' id='word_1_598' title='bbox 1637 4298 1669 4367; x_wconf 77' lang='grc' dir='ltr'>ἢ</span> <span class='ocrx_word' id='word_1_599' title='bbox 1696 4298 1794 4367; x_wconf 83' lang='grc' dir='ltr'><strong>τὴν</strong></span> 
     </span>
    </p>
   </div>
   <div class='ocr_carea' id='block_1_75' title="bbox 200 4385 1795 4460">
    <p class='ocr_par' dir='ltr' id='par_1_75' title="bbox 200 4385 1795 4460">
     <span class='ocr_line' id='line_1_75' title="bbox 200 4385 1795 4460; baseline -0.004 -14"><span class='ocrx_word' id='word_1_600' title='bbox 200 4393 393 4446; x_wconf 75' lang='grc' dir='ltr'>πίστιν</span> <span class='ocrx_word' id='word_1_601' title='bbox 421 4389 517 4445; x_wconf 90' lang='grc' dir='ltr'>τοῦ</span> <span class='ocrx_word' id='word_1_602' title='bbox 541 4388 750 4458; x_wconf 82' lang='grc' dir='ltr'>Κυρίου</span> <span class='ocrx_word' id='word_1_603' title='bbox 786 4405 887 4457; x_wconf 88' lang='grc' dir='ltr'><strong>μου</strong></span> <span class='ocrx_word' id='word_1_604' title='bbox 925 4386 1099 4457; x_wconf 81' lang='grc' dir='ltr'><strong>Ἰησοῦ</strong></span> <span class='ocrx_word' id='word_1_605' title='bbox 1135 4385 1411 4458; x_wconf 85' lang='grc' dir='ltr'>Χριστοῦ;</span> <span class='ocrx_word' id='word_1_606' title='bbox 1441 4390 1540 4459; x_wconf 84' lang='grc' dir='ltr'><strong>τῆς</strong></span> <span class='ocrx_word' id='word_1_607' title='bbox 1565 4390 1674 4460; x_wconf 73' lang='grc' dir='ltr'><strong>γάρ</strong></span> <span class='ocrx_word' id='word_1_608' title='bbox 1711 4390 1795 4442; x_wconf 82' lang='grc' dir='ltr'><strong>δο-</strong></span> 
     </span>
    </p>
   </div>
   <div class='ocr_carea' id='block_1_76' title="bbox 205 4478 1790 4555">
    <p class='ocr_par' dir='ltr' id='par_1_76' title="bbox 205 4478 1790 4555">
     <span class='ocr_line' id='line_1_76' title="bbox 205 4478 1790 4555; baseline 0 -21"><span class='ocrx_word' id='word_1_609' title='bbox 205 4486 303 4555; x_wconf 73' lang='grc' dir='ltr'><strong>ρᾶς</strong></span> <span class='ocrx_word' id='word_1_610' title='bbox 348 4500 453 4551; x_wconf 78' lang='grc' dir='ltr'><strong>μου</strong></span> <span class='ocrx_word' id='word_1_611' title='bbox 491 4479 859 4548; x_wconf 69' lang='grc' dir='ltr'>ἀποδαρείσης</span> <span class='ocrx_word' id='word_1_612' title='bbox 901 4479 995 4532; x_wconf 77' lang='grc' dir='ltr'><strong>καὶ</strong></span> <span class='ocrx_word' id='word_1_613' title='bbox 1035 4478 1142 4532; x_wconf 81' lang='grc' dir='ltr'><strong>τῶν</strong></span> <span class='ocrx_word' id='word_1_614' title='bbox 1178 4478 1381 4533; x_wconf 84' lang='grc' dir='ltr'>ὀστέων</span> <span class='ocrx_word' id='word_1_615' title='bbox 1426 4497 1530 4551; x_wconf 89' lang='grc' dir='ltr'><strong>μου</strong></span> <span class='ocrx_word' id='word_1_616' title='bbox 1568 4497 1790 4550; x_wconf 83' lang='grc' dir='ltr'>γυμνω-</span> 
     </span>
    </p>
   </div>
   <div class='ocr_carea' id='block_1_77' title="bbox 1968 3657 3470 3729">
    <p class='ocr_par' dir='ltr' id='par_1_77' title="bbox 1968 3657 3470 3729">
     <span class='ocr_line' id='line_1_77' title="bbox 1968 3657 3470 3729; baseline -0.002 -15"><span class='ocrx_word' id='word_1_617' title='bbox 1968 3659 2134 3715; x_wconf 79' lang='lat' dir='ltr'><strong>XVll.</strong></span> <span class='ocrx_word' id='word_1_618' title='bbox 2173 3660 2466 3729; x_wconf 84' lang='lat' dir='ltr'><strong>Postquam</strong></span> <span class='ocrx_word' id='word_1_619' title='bbox 2499 3668 2678 3714; x_wconf 86' lang='lat' dir='ltr'><strong>autem</strong></span> <span class='ocrx_word' id='word_1_620' title='bbox 2706 3658 2870 3726; x_wconf 52' lang='lat' dir='ltr'><strong>jusxit</strong></span> <span class='ocrx_word' id='word_1_621' title='bbox 2895 3657 3223 3727; x_wconf 79' lang='lat' dir='ltr'><strong>Agrippinus</strong></span> <span class='ocrx_word' id='word_1_622' title='bbox 3245 3672 3368 3710; x_wconf 89' lang='lat' dir='ltr'><strong>eum</strong></span> <span class='ocrx_word' id='word_1_623' title='bbox 3401 3657 3470 3712; x_wconf 81' lang='lat' dir='ltr'><strong>de</strong></span> 
     </span>
    </p>
   </div>
   <div class='ocr_carea' id='block_1_78' title="bbox 1894 3746 3469 3818">
    <p class='ocr_par' dir='ltr' id='par_1_78' title="bbox 1894 3746 3469 3818">
     <span class='ocr_line' id='line_1_78' title="bbox 1894 3746 3469 3818; baseline 0.001 -18"><span class='ocrx_word' id='word_1_624' title='bbox 1894 3748 2042 3818; x_wconf 79' lang='lat' dir='ltr'><strong>ligno</strong></span> <span class='ocrx_word' id='word_1_625' title='bbox 2070 3750 2289 3818; x_wconf 84' lang='lat' dir='ltr'><strong>deponi,</strong></span> <span class='ocrx_word' id='word_1_626' title='bbox 2328 3750 2462 3801; x_wconf 78' lang='lat' dir='ltr'><strong>dixit</strong></span> <span class='ocrx_word' id='word_1_627' title='bbox 2488 3750 2539 3800; x_wconf 91' lang='lat' dir='ltr'><strong>ei</strong></span> <span class='ocrx_word' id='word_1_628' title='bbox 2577 3767 2590 3800; x_wconf 87' lang='lat'><strong>:</strong></span> <span class='ocrx_word' id='word_1_629' title='bbox 2628 3746 3021 3811; x_wconf 81' lang='lat' dir='ltr'><strong>Infelicissime,</strong></span> <span class='ocrx_word' id='word_1_630' title='bbox 3062 3747 3195 3815; x_wconf 87' lang='lat' dir='ltr'><strong>quid</strong></span> <span class='ocrx_word' id='word_1_631' title='bbox 3252 3748 3321 3802; x_wconf 88' lang='lat' dir='ltr'><strong>de</strong></span> <span class='ocrx_word' id='word_1_632' title='bbox 3360 3763 3469 3802; x_wconf 28' lang='lat' dir='ltr'><strong>case</strong></span> 
     </span>
    </p>
   </div>
   <div class='ocr_carea' id='block_1_79' title="bbox 1896 3840 3463 3908">
    <p class='ocr_par' dir='ltr' id='par_1_79' title="bbox 1896 3840 3463 3908">
     <span class='ocr_line' id='line_1_79' title="bbox 1896 3840 3463 3908; baseline -0.001 -13"><span class='ocrx_word' id='word_1_633' title='bbox 1896 3848 2013 3896; x_wconf 88' lang='lat' dir='ltr'><strong>tero</strong></span> <span class='ocrx_word' id='word_1_634' title='bbox 2042 3851 2347 3908; x_wconf 83' lang='lat' dir='ltr'><strong>exspectas,</strong></span> <span class='ocrx_word' id='word_1_635' title='bbox 2374 3854 2497 3894; x_wconf 89' lang='lat' dir='ltr'><strong>cum</strong></span> <span class='ocrx_word' id='word_1_636' title='bbox 2537 3840 2605 3893; x_wconf 88' lang='lat' dir='ltr'><strong>sit</strong></span> <span class='ocrx_word' id='word_1_637' title='bbox 2640 3850 2752 3893; x_wconf 89' lang='lat' dir='ltr'><strong>tota</strong></span> <span class='ocrx_word' id='word_1_638' title='bbox 2786 3848 2874 3893; x_wconf 89' lang='lat' dir='ltr'><strong>tua</strong></span> <span class='ocrx_word' id='word_1_639' title='bbox 2917 3854 3044 3893; x_wconf 86' lang='lat' dir='ltr'><strong>caro</strong></span> <span class='ocrx_word' id='word_1_640' title='bbox 3072 3842 3372 3901; x_wconf 83' lang='lat' dir='ltr'><strong>excoriata,</strong></span> <span class='ocrx_word' id='word_1_641' title='bbox 3408 3848 3463 3893; x_wconf 81' lang='lat' dir='ltr'><strong>ct</strong></span> 
     </span>
    </p>
   </div>
   <div class='ocr_carea' id='block_1_80' title="bbox 1896 3929 3469 3999">
    <p class='ocr_par' dir='ltr' id='par_1_80' title="bbox 1896 3929 3469 3999">
     <span class='ocr_line' id='line_1_80' title="bbox 1896 3929 3469 3999; baseline -0.002 -12"><span class='ocrx_word' id='word_1_642' title='bbox 1896 3933 2097 3987; x_wconf 88' lang='lat' dir='ltr'><strong>nudata</strong></span> <span class='ocrx_word' id='word_1_643' title='bbox 2126 3940 2251 3985; x_wconf 86' lang='lat' dir='ltr'><strong>sunt</strong></span> <span class='ocrx_word' id='word_1_644' title='bbox 2302 3931 2475 3986; x_wconf 73' lang='lat' dir='ltr'><strong>ossa?</strong></span> <span class='ocrx_word' id='word_1_645' title='bbox 2534 3929 2735 3986; x_wconf 79' lang='lat' dir='ltr'><strong>Morem</strong></span> <span class='ocrx_word' id='word_1_646' title='bbox 2769 3930 2900 3984; x_wconf 78' lang='lat' dir='ltr'><strong>milii</strong></span> <span class='ocrx_word' id='word_1_647' title='bbox 2934 3945 3080 3999; x_wconf 71' lang='lat' dir='ltr'><strong>gere,</strong></span> <span class='ocrx_word' id='word_1_648' title='bbox 3130 3939 3185 3984; x_wconf 90' lang='lat' dir='ltr'><strong>et</strong></span> <span class='ocrx_word' id='word_1_649' title='bbox 3217 3944 3369 3985; x_wconf 87' lang='lat' dir='ltr'><strong>cessa</strong></span> <span class='ocrx_word' id='word_1_650' title='bbox 3401 3931 3469 3984; x_wconf 86' lang='lat' dir='ltr'><strong>ab</strong></span> 
     </span>
    </p>
   </div>
   <div class='ocr_carea' id='block_1_81' title="bbox 1896 4020 3460 4094">
    <p class='ocr_par' dir='ltr' id='par_1_81' title="bbox 1896 4020 3460 4094">
     <span class='ocr_line' id='line_1_81' title="bbox 1896 4020 3460 4094; baseline -0.003 -15"><span class='ocrx_word' id='word_1_651' title='bbox 1896 4025 1999 4079; x_wconf 89' lang='lat' dir='ltr'><strong>hac</strong></span> <span class='ocrx_word' id='word_1_652' title='bbox 2030 4039 2167 4078; x_wconf 84' lang='lat' dir='ltr'><strong>vana</strong></span> <span class='ocrx_word' id='word_1_653' title='bbox 2202 4023 2562 4094; x_wconf 82' lang='lat' dir='ltr'><strong>phil050pbia,</strong></span> <span class='ocrx_word' id='word_1_654' title='bbox 2590 4032 2645 4079; x_wconf 87' lang='lat' dir='ltr'><strong>et</strong></span> <span class='ocrx_word' id='word_1_655' title='bbox 2672 4023 2778 4079; x_wconf 86' lang='lat' dir='ltr'><strong>diis</strong></span> <span class='ocrx_word' id='word_1_656' title='bbox 2801 4022 3069 4086; x_wconf 81' lang='lat' dir='ltr'><strong>sacriﬁca.</strong></span> <span class='ocrx_word' id='word_1_657' title='bbox 3104 4031 3159 4077; x_wconf 86' lang='lat' dir='ltr'><strong>et</strong></span> <span class='ocrx_word' id='word_1_658' title='bbox 3187 4038 3254 4076; x_wconf 89' lang='lat' dir='ltr'><strong>ne</strong></span> <span class='ocrx_word' id='word_1_659' title='bbox 3284 4020 3460 4091; x_wconf 83' lang='lat' dir='ltr'><strong>persi-</strong></span> 
     </span>
    </p>
   </div>
   <div class='ocr_carea' id='block_1_82' title="bbox 1896 4112 3466 4177">
    <p class='ocr_par' dir='ltr' id='par_1_82' title="bbox 1896 4112 3466 4177">
     <span class='ocr_line' id='line_1_82' title="bbox 1896 4112 3466 4177; baseline -0.001 -8"><span class='ocrx_word' id='word_1_660' title='bbox 1896 4125 2006 4171; x_wconf 88' lang='lat' dir='ltr'><strong>stas</strong></span> <span class='ocrx_word' id='word_1_661' title='bbox 2038 4118 2090 4169; x_wconf 93' lang='lat' dir='ltr'><strong>in</strong></span> <span class='ocrx_word' id='word_1_662' title='bbox 2124 4117 2225 4169; x_wconf 90' lang='lat' dir='ltr'><strong>hac</strong></span> <span class='ocrx_word' id='word_1_663' title='bbox 2268 4118 2557 4169; x_wconf 74' lang='lat' dir='ltr'><strong>verborum</strong></span> <span class='ocrx_word' id='word_1_664' title='bbox 2595 4116 2968 4177; x_wconf 87' lang='lat' dir='ltr'><strong>contentione,</strong></span> <span class='ocrx_word' id='word_1_665' title='bbox 3016 4130 3086 4167; x_wconf 87' lang='lat' dir='ltr'><strong>ne</strong></span> <span class='ocrx_word' id='word_1_666' title='bbox 3123 4115 3299 4167; x_wconf 86' lang='lat' dir='ltr'><strong>malus</strong></span> <span class='ocrx_word' id='word_1_667' title='bbox 3329 4112 3466 4167; x_wconf 86' lang='lat' dir='ltr'><strong>malo</strong></span> 
     </span>
    </p>
   </div>
   <div class='ocr_carea' id='block_1_83' title="bbox 1898 4205 3468 4279">
    <p class='ocr_par' dir='ltr' id='par_1_83' title="bbox 1898 4205 3468 4279">
     <span class='ocr_line' id='line_1_83' title="bbox 1898 4205 3468 4279; baseline -0.001 -19"><span class='ocrx_word' id='word_1_668' title='bbox 1898 4222 2107 4277; x_wconf 85' lang='lat' dir='ltr'><strong>pereas.</strong></span> <span class='ocrx_word' id='word_1_669' title='bbox 2150 4206 2292 4261; x_wconf 86' lang='lat' dir='ltr'><strong>Dixit</strong></span> <span class='ocrx_word' id='word_1_670' title='bbox 2322 4214 2572 4279; x_wconf 78' lang='lat' dir='ltr'><strong>martyr:</strong></span> <span class='ocrx_word' id='word_1_671' title='bbox 2620 4205 2763 4273; x_wconf 86' lang='lat' dir='ltr'><strong>Quid</strong></span> <span class='ocrx_word' id='word_1_672' title='bbox 2806 4214 3175 4276; x_wconf 80' lang='lat' dir='ltr'><strong>exspectas,o</strong></span> <span class='ocrx_word' id='word_1_673' title='bbox 3220 4216 3468 4277; x_wconf 76' lang='lat' dir='ltr'><strong>tyranne,</strong></span> 
     </span>
    </p>
   </div>
   <div class='ocr_carea' id='block_1_84' title="bbox 1897 4297 3468 4363">
    <p class='ocr_par' dir='ltr' id='par_1_84' title="bbox 1897 4297 3468 4363">
     <span class='ocr_line' id='line_1_84' title="bbox 1897 4297 3468 4363; baseline -0.001 -10"><span class='ocrx_word' id='word_1_674' title='bbox 1897 4314 1926 4353; x_wconf 89' lang='lat' dir='ltr'><strong>a</strong></span> <span class='ocrx_word' id='word_1_675' title='bbox 1956 4314 2044 4354; x_wconf 86' lang='lat' dir='ltr'><strong>me</strong></span> <span class='ocrx_word' id='word_1_676' title='bbox 2076 4300 2222 4353; x_wconf 90' lang='lat' dir='ltr'><strong>aliud</strong></span> <span class='ocrx_word' id='word_1_677' title='bbox 2260 4302 2471 4363; x_wconf 86' lang='lat' dir='ltr'><strong>audire,</strong></span> <span class='ocrx_word' id='word_1_678' title='bbox 2521 4300 2624 4353; x_wconf 89' lang='lat' dir='ltr'><strong>nisi</strong></span> <span class='ocrx_word' id='word_1_679' title='bbox 2659 4300 2818 4353; x_wconf 84' lang='lat' dir='ltr'><strong>fidem</strong></span> <span class='ocrx_word' id='word_1_680' title='bbox 2879 4300 3090 4351; x_wconf 89' lang='lat' dir='ltr'><strong>Domini</strong></span> <span class='ocrx_word' id='word_1_681' title='bbox 3133 4300 3305 4351; x_wconf 86' lang='lat' dir='ltr'><strong>nostri</strong></span> <span class='ocrx_word' id='word_1_682' title='bbox 3335 4297 3468 4351; x_wconf 73' lang='lat' dir='ltr'><strong>Jesu</strong></span> 
     </span>
    </p>
   </div>
   <div class='ocr_carea' id='block_1_85' title="bbox 1898 4390 3469 4450">
    <p class='ocr_par' dir='ltr' id='par_1_85' title="bbox 1898 4390 3469 4450">
     <span class='ocr_line' id='line_1_85' title="bbox 1898 4390 3469 4450; baseline -0.004 0"><span class='ocrx_word' id='word_1_683' title='bbox 1898 4393 2104 4450; x_wconf 84' lang='lat' dir='ltr'><strong>Christi</strong></span> <span class='ocrx_word' id='word_1_684' title='bbox 2136 4391 2159 4444; x_wconf 69' lang='grc' dir='ltr'>ἲ</span> <span class='ocrx_word' id='word_1_685' title='bbox 2184 4392 2363 4446; x_wconf 88' lang='lat' dir='ltr'><strong>Carne</strong></span> <span class='ocrx_word' id='word_1_686' title='bbox 2389 4390 2539 4445; x_wconf 89' lang='lat' dir='ltr'><strong>enim</strong></span> <span class='ocrx_word' id='word_1_687' title='bbox 2571 4405 2695 4445; x_wconf 83' lang='lat' dir='ltr'><strong>mea</strong></span> <span class='ocrx_word' id='word_1_688' title='bbox 2724 4392 3000 4446; x_wconf 80' lang='lat' dir='ltr'><strong>cxcoriata</strong></span> <span class='ocrx_word' id='word_1_689' title='bbox 3030 4400 3086 4446; x_wconf 87' lang='lat' dir='ltr'><strong>ct</strong></span> <span class='ocrx_word' id='word_1_690' title='bbox 3117 4392 3339 4445; x_wconf 87' lang='lat' dir='ltr'><strong>nudatis</strong></span> <span class='ocrx_word' id='word_1_691' title='bbox 3376 4403 3469 4444; x_wconf 79' lang='lat' dir='ltr'><strong>os-</strong></span> 
     </span>
    </p>
   </div>
   <div class='ocr_carea' id='block_1_86' title="bbox 1899 4481 3467 4554">
    <p class='ocr_par' dir='ltr' id='par_1_86' title="bbox 1899 4481 3467 4554">
     <span class='ocr_line' id='line_1_86' title="bbox 1899 4481 3467 4554; baseline -0.004 -11"><span class='ocrx_word' id='word_1_692' title='bbox 1899 4488 2073 4548; x_wconf 85' lang='lat' dir='ltr'><strong>sibus,</strong></span> <span class='ocrx_word' id='word_1_693' title='bbox 2111 4484 2326 4549; x_wconf 85' lang='lat' dir='ltr'><strong>adsum,</strong></span> <span class='ocrx_word' id='word_1_694' title='bbox 2384 4493 2445 4539; x_wconf 92' lang='lat' dir='ltr'><strong>ut</strong></span> <span class='ocrx_word' id='word_1_695' title='bbox 2480 4483 2654 4544; x_wconf 87' lang='lat' dir='ltr'><strong>vides.</strong></span> <span class='ocrx_word' id='word_1_696' title='bbox 2691 4498 2816 4538; x_wconf 91' lang='lat' dir='ltr'><strong>cum</strong></span> <span class='ocrx_word' id='word_1_697' title='bbox 2866 4485 3073 4554; x_wconf 85' lang='lat' dir='ltr'><strong>majore</strong></span> <span class='ocrx_word' id='word_1_698' title='bbox 3108 4483 3356 4537; x_wconf 84' lang='lat' dir='ltr'><strong>audacia.</strong></span> <span class='ocrx_word' id='word_1_699' title='bbox 3409 4481 3467 4537; x_wconf 80' lang='lat' dir='ltr'><strong>Si</strong></span> 
     </span>
    </p>
   </div>
   <div class='ocr_carea' id='block_1_87' title="bbox 204 4568 1784 4651">
    <p class='ocr_par' dir='ltr' id='par_1_87' title="bbox 204 4568 1784 4642">
     <span class='ocr_line' id='line_1_87' title="bbox 204 4568 1784 4642; baseline -0.003 -13"><span class='ocrx_word' id='word_1_700' title='bbox 204 4576 448 4634; x_wconf 78' lang='grc' dir='ltr'>θέντων,</span> <span class='ocrx_word' id='word_1_701' title='bbox 493 4569 967 4641; x_wconf 77' lang='grc' dir='ltr'>θαρσαλεώτερος,</span> <span class='ocrx_word' id='word_1_702' title='bbox 1001 4568 1078 4631; x_wconf 83' lang='grc' dir='ltr'>ὡς</span> <span class='ocrx_word' id='word_1_703' title='bbox 1123 4572 1284 4640; x_wconf 73' lang='grc' dir='ltr'>ὁρᾷς,</span> <span class='ocrx_word' id='word_1_704' title='bbox 1324 4572 1407 4624; x_wconf 57' lang='grc' dir='ltr'><strong>σον⁵</strong></span> <span class='ocrx_word' id='word_1_705' title='bbox 1441 4573 1784 4642; x_wconf 78' lang='grc' dir='ltr'>παρέστηκα.</span> 
     </span>
    </p>
   </div>
   <div class='ocr_carea' id='block_1_88' title="bbox 1894 4568 3467 4651">
    <p class='ocr_par' dir='ltr' id='par_1_88' title="bbox 1898 4574 3467 4651">
     <span class='ocr_line' id='line_1_88' title="bbox 1898 4574 3467 4651; baseline -0.004 -15"><span class='ocrx_word' id='word_1_706' title='bbox 1898 4596 2028 4651; x_wconf 78' lang='lat' dir='ltr'><strong>ergo</strong></span> <span class='ocrx_word' id='word_1_707' title='bbox 2062 4578 2157 4633; x_wconf 91' lang='lat' dir='ltr'><strong>tibi</strong></span> <span class='ocrx_word' id='word_1_708' title='bbox 2195 4584 2362 4631; x_wconf 87' lang='lat' dir='ltr'><strong>restat</strong></span> <span class='ocrx_word' id='word_1_709' title='bbox 2386 4576 2587 4646; x_wconf 89' lang='lat' dir='ltr'><strong>aliquid</strong></span> <span class='ocrx_word' id='word_1_710' title='bbox 2614 4577 2784 4638; x_wconf 87' lang='lat' dir='ltr'><strong>aliud,</strong></span> <span class='ocrx_word' id='word_1_711' title='bbox 2813 4576 2957 4644; x_wconf 89' lang='lat' dir='ltr'><strong>quod</strong></span> <span class='ocrx_word' id='word_1_712' title='bbox 2984 4574 3112 4627; x_wconf 85' lang='lat' dir='ltr'><strong>mihi</strong></span> <span class='ocrx_word' id='word_1_713' title='bbox 3146 4576 3304 4629; x_wconf 89' lang='lat' dir='ltr'><strong>debet</strong></span> <span class='ocrx_word' id='word_1_714' title='bbox 3328 4575 3467 4635; x_wconf 84' lang='lat' dir='ltr'><strong>fieri.</strong></span> 
     </span>
    </p>
   </div>
   <div class='ocr_carea' id='block_1_89' title="bbox 206 4660 1794 4733">
    <p class='ocr_par' dir='ltr' id='par_1_89' title="bbox 206 4660 1794 4733">
     <span class='ocr_line' id='line_1_89' title="bbox 206 4660 1794 4733; baseline -0.003 -13"><span class='ocrx_word' id='word_1_715' title='bbox 206 4669 269 4720; x_wconf 75' lang='grc' dir='ltr'><strong>ΕΞ</strong></span> <span class='ocrx_word' id='word_1_716' title='bbox 318 4665 507 4718; x_wconf 81' lang='grc' dir='ltr'>τοίνυν</span> <span class='ocrx_word' id='word_1_717' title='bbox 556 4660 912 4713; x_wconf 84' lang='grc' dir='ltr'>ὑπολείπεται</span> <span class='ocrx_word' id='word_1_718' title='bbox 941 4660 1131 4731; x_wconf 69' lang='grc' dir='ltr'>ἔτερόν</span> <span class='ocrx_word' id='word_1_719' title='bbox 1172 4676 1253 4713; x_wconf 89' lang='grc' dir='ltr'>σοι</span> <span class='ocrx_word' id='word_1_720' title='bbox 1304 4661 1541 4730; x_wconf 81' lang='grc' dir='ltr'>ὀφείλειν</span> <span class='ocrx_word' id='word_1_721' title='bbox 1571 4664 1652 4725; x_wconf 88' lang='grc' dir='ltr'><strong>είς</strong></span> <span class='ocrx_word' id='word_1_722' title='bbox 1694 4664 1794 4733; x_wconf 72' lang='grc' dir='ltr'><strong>ἐμὲ</strong></span> 
     </span>
    </p>
   </div>
   <div class='ocr_carea' id='block_1_90' title="bbox 206 4749 1795 4827">
    <p class='ocr_par' dir='ltr' id='par_1_90' title="bbox 206 4749 1795 4827">
     <span class='ocr_line' id='line_1_90' title="bbox 206 4749 1795 4827; baseline -0.004 -16"><span class='ocrx_word' id='word_1_723' title='bbox 206 4754 587 4827; x_wconf 82' lang='grc' dir='ltr'>παραχθῆναι,</span> <span class='ocrx_word' id='word_1_724' title='bbox 622 4752 769 4805; x_wconf 85' lang='grc' dir='ltr'>ποίει</span> <span class='ocrx_word' id='word_1_725' title='bbox 803 4753 861 4803; x_wconf 79' lang='grc' dir='ltr'>ἐν</span> <span class='ocrx_word' id='word_1_726' title='bbox 891 4751 1046 4821; x_wconf 84' lang='grc' dir='ltr'>τάχει</span> <span class='ocrx_word' id='word_1_727' title='bbox 1078 4749 1107 4802; x_wconf 76' lang='grc' dir='ltr'><strong>ὃ</strong></span> <span class='ocrx_word' id='word_1_728' title='bbox 1141 4749 1343 4820; x_wconf 71' lang='grc' dir='ltr'>βούλει.</span> <span class='ocrx_word' id='word_1_729' title='bbox 1385 4751 1442 4804; x_wconf 83' lang='grc' dir='ltr'>Ὀ</span> <span class='ocrx_word' id='word_1_730' title='bbox 1470 4751 1526 4804; x_wconf 63' lang='grc' dir='ltr'><strong>δὲ</strong></span> <span class='ocrx_word' id='word_1_731' title='bbox 1569 4752 1795 4823; x_wconf 81' lang='grc' dir='ltr'>’Λγριπ-</span> 
     </span>
    </p>
   </div>
   <div class='ocr_carea' id='block_1_91' title="bbox 206 4842 1789 4914">
    <p class='ocr_par' dir='ltr' id='par_1_91' title="bbox 206 4842 1789 4914">
     <span class='ocr_line' id='line_1_91' title="bbox 206 4842 1789 4914; baseline -0.003 -12"><span class='ocrx_word' id='word_1_732' title='bbox 206 4852 365 4912; x_wconf 64' lang='lat' dir='ltr'><strong>tivo;</strong></span> <span class='ocrx_word' id='word_1_733' title='bbox 402 4846 693 4914; x_wconf 78' lang='grc' dir='ltr'>θαυμάσας</span> <span class='ocrx_word' id='word_1_734' title='bbox 728 4842 828 4911; x_wconf 77' lang='grc' dir='ltr'>τὴν</span> <span class='ocrx_word' id='word_1_735' title='bbox 862 4842 1303 4913; x_wconf 68' lang='grc' dir='ltr'>καρτεροψυχίαν</span> <span class='ocrx_word' id='word_1_736' title='bbox 1341 4843 1432 4896; x_wconf 88' lang='grc' dir='ltr'><strong>τοῦ</strong></span> <span class='ocrx_word' id='word_1_737' title='bbox 1471 4844 1749 4914; x_wconf 89' lang='grc' dir='ltr'>μάρτυρος</span> <span class='ocrx_word' id='word_1_738' title='bbox 1776 4885 1789 4912; x_wconf 88' lang='grc'><em>,</em></span> 
     </span>
    </p>
   </div>
   <div class='ocr_carea' id='block_1_92' title="bbox 207 4932 1795 5003">
    <p class='ocr_par' dir='ltr' id='par_1_92' title="bbox 207 4932 1795 5003">
     <span class='ocr_line' id='line_1_92' title="bbox 207 4932 1795 5003; baseline -0.002 -10"><span class='ocrx_word' id='word_1_739' title='bbox 207 4932 505 4993; x_wconf 71' lang='grc' dir='ltr'>ἱκέλευσεν</span> <span class='ocrx_word' id='word_1_740' title='bbox 536 4935 702 4989; x_wconf 82' lang='grc' dir='ltr'>πάλιν</span> <span class='ocrx_word' id='word_1_741' title='bbox 736 4933 898 4988; x_wconf 71' lang='grc' dir='ltr'>αὑτὸν</span> <span class='ocrx_word' id='word_1_742' title='bbox 932 4934 1306 5001; x_wconf 78' lang='grc' dir='ltr'>ἀναρτηθῆναι</span> <span class='ocrx_word' id='word_1_743' title='bbox 1340 4936 1433 4986; x_wconf 77' lang='grc' dir='ltr'>καὶ</span> <span class='ocrx_word' id='word_1_744' title='bbox 1459 4936 1676 4999; x_wconf 80' lang='grc' dir='ltr'>ξέεσθαι</span> <span class='ocrx_word' id='word_1_745' title='bbox 1715 4938 1795 5003; x_wconf 84' lang='grc' dir='ltr'><strong>είς</strong></span> 
     </span>
    </p>
   </div>
   <div class='ocr_carea' id='block_1_93' title="bbox 205 5025 1792 5098">
    <p class='ocr_par' dir='ltr' id='par_1_93' title="bbox 205 5025 1792 5098">
     <span class='ocr_line' id='line_1_93' title="bbox 205 5025 1792 5098; baseline 0.001 -19"><span class='ocrx_word' id='word_1_746' title='bbox 205 5035 308 5095; x_wconf 76' lang='grc' dir='ltr'><strong>τὰς</strong></span> <span class='ocrx_word' id='word_1_747' title='bbox 342 5029 596 5098; x_wconf 78' lang='grc' dir='ltr'>ἀγκάλας</span> <span class='ocrx_word' id='word_1_748' title='bbox 641 5026 738 5081; x_wconf 79' lang='grc' dir='ltr'><strong>καὶ</strong></span> <span class='ocrx_word' id='word_1_749' title='bbox 769 5027 847 5089; x_wconf 85' lang='grc' dir='ltr'><strong>είς</strong></span> <span class='ocrx_word' id='word_1_750' title='bbox 878 5025 945 5078; x_wconf 88' lang='grc' dir='ltr'><strong>τά</strong></span> <span class='ocrx_word' id='word_1_751' title='bbox 978 5026 1284 5095; x_wconf 78' lang='grc' dir='ltr'>σπλάγχνα.</span> <span class='ocrx_word' id='word_1_752' title='bbox 1323 5026 1381 5078; x_wconf 86' lang='grc' dir='ltr'>Ὀ</span> <span class='ocrx_word' id='word_1_753' title='bbox 1413 5026 1469 5079; x_wconf 81' lang='grc' dir='ltr'><strong>δὲ</strong></span> <span class='ocrx_word' id='word_1_754' title='bbox 1512 5026 1668 5095; x_wconf 77' lang='grc' dir='ltr'>ἅγιος</span> <span class='ocrx_word' id='word_1_755' title='bbox 1698 5028 1792 5080; x_wconf 90' lang='grc' dir='ltr'>τοῦ</span> 
     </span>
    </p>
   </div>
   <div class='ocr_carea' id='block_1_94' title="bbox 206 5113 1788 5192">
    <p class='ocr_par' dir='ltr' id='par_1_94' title="bbox 206 5113 1788 5192">
     <span class='ocr_line' id='line_1_94' title="bbox 206 5113 1788 5192; baseline -0.004 -13"><span class='ocrx_word' id='word_1_756' title='bbox 206 5125 351 5179; x_wconf 82' lang='grc' dir='ltr'>Θεοῦ</span> <span class='ocrx_word' id='word_1_757' title='bbox 387 5123 599 5192; x_wconf 83' lang='grc' dir='ltr'>μάρτυς</span> <span class='ocrx_word' id='word_1_758' title='bbox 625 5115 780 5172; x_wconf 73' lang='grc' dir='ltr'>εἴπεν</span> <span class='ocrx_word' id='word_1_759' title='bbox 798 5136 812 5153; x_wconf 73' lang='grc' dir='ltr'><strong>ο</strong></span> <span class='ocrx_word' id='word_1_760' title='bbox 841 5113 998 5187; x_wconf 77' lang='lat' dir='ltr'><strong>&#39;Hpa</strong></span> <span class='ocrx_word' id='word_1_761' title='bbox 1024 5119 1167 5184; x_wconf 82' lang='grc' dir='ltr'>τοὺς</span> <span class='ocrx_word' id='word_1_762' title='bbox 1188 5120 1535 5189; x_wconf 69' lang='grc' dir='ltr'>ὀφλαλμούς</span> <span class='ocrx_word' id='word_1_763' title='bbox 1559 5138 1677 5188; x_wconf 86' lang='grc' dir='ltr'><strong>μου</strong></span> <span class='ocrx_word' id='word_1_764' title='bbox 1708 5123 1788 5185; x_wconf 73' lang='grc' dir='ltr'>εἰς</span> 
     </span>
    </p>
   </div>
   <div class='ocr_carea' id='block_1_95' title="bbox 206 5211 1795 5285">
    <p class='ocr_par' dir='ltr' id='par_1_95' title="bbox 206 5211 1795 5285">
     <span class='ocr_line' id='line_1_95' title="bbox 206 5211 1795 5285; baseline -0.004 -14"><span class='ocrx_word' id='word_1_765' title='bbox 206 5220 282 5271; x_wconf 79' lang='grc' dir='ltr'>τὰ</span> <span class='ocrx_word' id='word_1_766' title='bbox 314 5218 449 5285; x_wconf 78' lang='grc' dir='ltr'>ὄρη,</span> <span class='ocrx_word' id='word_1_767' title='bbox 476 5214 617 5269; x_wconf 81' lang='grc' dir='ltr'>ὅθεν</span> <span class='ocrx_word' id='word_1_768' title='bbox 646 5213 779 5278; x_wconf 79' lang='grc' dir='ltr'>ἣξει</span> <span class='ocrx_word' id='word_1_769' title='bbox 812 5213 850 5279; x_wconf 78' lang='grc' dir='ltr'>ἡ</span> <span class='ocrx_word' id='word_1_770' title='bbox 870 5211 1128 5277; x_wconf 77' lang='grc' dir='ltr'>βοήθειά</span> <span class='ocrx_word' id='word_1_771' title='bbox 1155 5228 1298 5280; x_wconf 82' lang='grc' dir='ltr'>μου,</span> <span class='ocrx_word' id='word_1_772' title='bbox 1326 5214 1419 5266; x_wconf 75' lang='grc' dir='ltr'><strong>καὶ</strong></span> <span class='ocrx_word' id='word_1_773' title='bbox 1451 5212 1521 5264; x_wconf 87' lang='grc' dir='ltr'><strong>τά</strong></span> <span class='ocrx_word' id='word_1_774' title='bbox 1545 5212 1691 5283; x_wconf 78' lang='grc' dir='ltr'><strong>ἑξῆς.</strong></span> <span class='ocrx_word' id='word_1_775' title='bbox 1735 5214 1795 5264; x_wconf 89' lang='grc' dir='ltr'><strong>Ὀ</strong></span> 
     </span>
    </p>
   </div>
   <div class='ocr_carea' id='block_1_96' title="bbox 206 5304 1796 5378">
    <p class='ocr_par' dir='ltr' id='par_1_96' title="bbox 206 5304 1796 5378">
     <span class='ocr_line' id='line_1_96' title="bbox 206 5304 1796 5378; baseline -0.004 -16"><span class='ocrx_word' id='word_1_776' title='bbox 206 5310 267 5362; x_wconf 74' lang='grc' dir='ltr'><strong>δὶ</strong></span> <span class='ocrx_word' id='word_1_777' title='bbox 306 5309 671 5378; x_wconf 77' lang='grc' dir='ltr'>’Δγριπττϊνος</span> <span class='ocrx_word' id='word_1_778' title='bbox 695 5304 798 5371; x_wconf 70' lang='grc' dir='ltr'><strong>ἔφη</strong></span> <span class='ocrx_word' id='word_1_779' title='bbox 824 5321 836 5335; x_wconf 89' lang='grc'><strong>·</strong></span> <span class='ocrx_word' id='word_1_780' title='bbox 877 5304 1084 5357; x_wconf 75' lang='grc' dir='ltr'>’Δνόσιε</span> <span class='ocrx_word' id='word_1_781' title='bbox 1119 5307 1214 5357; x_wconf 70' lang='grc' dir='ltr'><strong>καὶ</strong></span> <span class='ocrx_word' id='word_1_782' title='bbox 1255 5304 1356 5373; x_wconf 82' lang='grc' dir='ltr'><strong>τῆς</strong></span> <span class='ocrx_word' id='word_1_783' title='bbox 1394 5304 1502 5357; x_wconf 87' lang='grc' dir='ltr'><strong>τῶν</strong></span> <span class='ocrx_word' id='word_1_784' title='bbox 1534 5305 1673 5358; x_wconf 83' lang='grc' dir='ltr'>θεῶν</span> <span class='ocrx_word' id='word_1_785' title='bbox 1707 5305 1796 5356; x_wconf 83' lang='grc' dir='ltr'><strong>εὐ-</strong></span> 
     </span>
    </p>
   </div>
   <div class='ocr_carea' id='block_1_97' title="bbox 1895 4666 3469 4737">
    <p class='ocr_par' dir='ltr' id='par_1_97' title="bbox 1895 4666 3469 4737">
     <span class='ocr_line' id='line_1_97' title="bbox 1895 4666 3469 4737; baseline -0.002 -14"><span class='ocrx_word' id='word_1_786' title='bbox 1895 4671 1981 4723; x_wconf 86' lang='lat' dir='ltr'><strong>fac</strong></span> <span class='ocrx_word' id='word_1_787' title='bbox 2015 4669 2125 4723; x_wconf 89' lang='lat' dir='ltr'><strong>cito</strong></span> <span class='ocrx_word' id='word_1_788' title='bbox 2159 4667 2305 4736; x_wconf 84' lang='lat' dir='ltr'><strong>quod</strong></span> <span class='ocrx_word' id='word_1_789' title='bbox 2346 4667 2450 4721; x_wconf 77' lang='lat' dir='ltr'><strong>vis.</strong></span> <span class='ocrx_word' id='word_1_790' title='bbox 2484 4668 2641 4721; x_wconf 89' lang='lat' dir='ltr'><strong>Tunc</strong></span> <span class='ocrx_word' id='word_1_791' title='bbox 2695 4666 2897 4737; x_wconf 90' lang='lat' dir='ltr'><strong>impius</strong></span> <span class='ocrx_word' id='word_1_792' title='bbox 2941 4666 3276 4736; x_wconf 76' lang='lat' dir='ltr'><strong>Agrippinus</strong></span> <span class='ocrx_word' id='word_1_793' title='bbox 3319 4681 3469 4720; x_wconf 84' lang='lat' dir='ltr'><strong>mar-</strong></span> 
     </span>
    </p>
   </div>
   <div class='ocr_carea' id='block_1_98' title="bbox 1894 4756 3471 4830">
    <p class='ocr_par' dir='ltr' id='par_1_98' title="bbox 1894 4756 3471 4830">
     <span class='ocr_line' id='line_1_98' title="bbox 1894 4756 3471 4830; baseline 0.001 -18"><span class='ocrx_word' id='word_1_794' title='bbox 1894 4759 2027 4830; x_wconf 83' lang='lat' dir='ltr'><strong>tyris</strong></span> <span class='ocrx_word' id='word_1_795' title='bbox 2052 4757 2332 4813; x_wconf 88' lang='lat' dir='ltr'><strong>admirans</strong></span> <span class='ocrx_word' id='word_1_796' title='bbox 2358 4756 2759 4821; x_wconf 86' lang='lat' dir='ltr'><strong>fortitudinem,</strong></span> <span class='ocrx_word' id='word_1_797' title='bbox 2780 4757 2945 4825; x_wconf 90' lang='lat' dir='ltr'><strong>jussit</strong></span> <span class='ocrx_word' id='word_1_798' title='bbox 2978 4771 3103 4811; x_wconf 87' lang='lat' dir='ltr'><strong>eum</strong></span> <span class='ocrx_word' id='word_1_799' title='bbox 3141 4772 3330 4810; x_wconf 91' lang='lat' dir='ltr'><strong>rursus</strong></span> <span class='ocrx_word' id='word_1_800' title='bbox 3350 4772 3471 4813; x_wconf 86' lang='lat' dir='ltr'><strong>sus—</strong></span> 
     </span>
    </p>
   </div>
   <div class='ocr_carea' id='block_1_99' title="bbox 1892 4846 3469 4920">
    <p class='ocr_par' dir='ltr' id='par_1_99' title="bbox 1892 4846 3469 4920">
     <span class='ocr_line' id='line_1_99' title="bbox 1892 4846 3469 4920; baseline -0.001 -17"><span class='ocrx_word' id='word_1_801' title='bbox 1892 4849 2054 4920; x_wconf 90' lang='lat' dir='ltr'><strong>pendi</strong></span> <span class='ocrx_word' id='word_1_802' title='bbox 2090 4849 2143 4902; x_wconf 92' lang='lat' dir='ltr'><strong>iu</strong></span> <span class='ocrx_word' id='word_1_803' title='bbox 2176 4849 2343 4919; x_wconf 75' lang='lat' dir='ltr'><strong>ligno,</strong></span> <span class='ocrx_word' id='word_1_804' title='bbox 2374 4857 2429 4902; x_wconf 88' lang='lat' dir='ltr'><strong>et</strong></span> <span class='ocrx_word' id='word_1_805' title='bbox 2462 4846 2828 4902; x_wconf 81' lang='lat' dir='ltr'><strong>vehementer</strong></span> <span class='ocrx_word' id='word_1_806' title='bbox 2871 4846 2990 4914; x_wconf 84' lang='lat' dir='ltr'><strong>ejus</strong></span> <span class='ocrx_word' id='word_1_807' title='bbox 3043 4847 3174 4901; x_wconf 79' lang='lat' dir='ltr'><strong>ca-di</strong></span> <span class='ocrx_word' id='word_1_808' title='bbox 3227 4848 3382 4900; x_wconf 77' lang='lat' dir='ltr'><strong>ulnas</strong></span> <span class='ocrx_word' id='word_1_809' title='bbox 3413 4857 3469 4901; x_wconf 87' lang='lat' dir='ltr'><strong>et</strong></span> 
     </span>
    </p>
   </div>
   <div class='ocr_carea' id='block_1_100' title="bbox 1896 4938 3466 5009">
    <p class='ocr_par' dir='ltr' id='par_1_100' title="bbox 1896 4938 3466 5009">
     <span class='ocr_line' id='line_1_100' title="bbox 1896 4938 3466 5009; baseline -0.003 -12"><span class='ocrx_word' id='word_1_810' title='bbox 1896 4944 2166 4997; x_wconf 87' lang='lat' dir='ltr'><strong>femorum</strong></span> <span class='ocrx_word' id='word_1_811' title='bbox 2212 4941 2334 5009; x_wconf 86' lang='lat' dir='ltr'><strong>ejus</strong></span> <span class='ocrx_word' id='word_1_812' title='bbox 2383 4940 2751 4993; x_wconf 89' lang='lat' dir='ltr'><strong>latitudinem.</strong></span> <span class='ocrx_word' id='word_1_813' title='bbox 2786 4938 2860 4993; x_wconf 89' lang='lat' dir='ltr'><strong>Ita</strong></span> <span class='ocrx_word' id='word_1_814' title='bbox 2922 4941 3169 4994; x_wconf 84' lang='lat' dir='ltr'><strong>fecerunt</strong></span> <span class='ocrx_word' id='word_1_815' title='bbox 3227 4939 3466 5001; x_wconf 82' lang='lat' dir='ltr'><strong>lictores.</strong></span> 
     </span>
    </p>
   </div>
   <div class='ocr_carea' id='block_1_101' title="bbox 1891 5030 3465 5101">
    <p class='ocr_par' dir='ltr' id='par_1_101' title="bbox 1891 5030 3465 5101">
     <span class='ocr_line' id='line_1_101' title="bbox 1891 5030 3465 5101; baseline -0.003 -12"><span class='ocrx_word' id='word_1_816' title='bbox 1891 5050 2016 5089; x_wconf 91' lang='lat' dir='ltr'><strong>eum</strong></span> <span class='ocrx_word' id='word_1_817' title='bbox 2049 5035 2317 5089; x_wconf 64' lang='lat' dir='ltr'><strong>caedentes</strong></span> <span class='ocrx_word' id='word_1_818' title='bbox 2356 5033 2533 5101; x_wconf 86' lang='lat' dir='ltr'><strong>spatio</strong></span> <span class='ocrx_word' id='word_1_819' title='bbox 2571 5032 2732 5086; x_wconf 87' lang='lat' dir='ltr'><strong>trium</strong></span> <span class='ocrx_word' id='word_1_820' title='bbox 2766 5034 3044 5086; x_wconf 86' lang='lat' dir='ltr'><strong>horarum.</strong></span> <span class='ocrx_word' id='word_1_821' title='bbox 3089 5030 3235 5085; x_wconf 84' lang='lat' dir='ltr'><strong>Dixit</strong></span> <span class='ocrx_word' id='word_1_822' title='bbox 3282 5038 3465 5085; x_wconf 85' lang='lat' dir='ltr'><strong>autem</strong></span> 
     </span>
    </p>
   </div>
   <div class='ocr_carea' id='block_1_102' title="bbox 1892 5123 3469 5195">
    <p class='ocr_par' dir='ltr' id='par_1_102' title="bbox 1892 5123 3469 5195">
     <span class='ocr_line' id='line_1_102' title="bbox 1892 5123 3469 5195; baseline -0.004 -14"><span class='ocrx_word' id='word_1_823' title='bbox 1892 5136 2114 5187; x_wconf 79' lang='lat' dir='ltr'><strong>sanctus</strong></span> <span class='ocrx_word' id='word_1_824' title='bbox 2142 5125 2340 5180; x_wconf 83' lang='lat' dir='ltr'><strong>Christi</strong></span> <span class='ocrx_word' id='word_1_825' title='bbox 2381 5135 2615 5195; x_wconf 86' lang='lat' dir='ltr'><strong>martyr:</strong></span> <span class='ocrx_word' id='word_1_826' title='bbox 2651 5124 2841 5177; x_wconf 82' lang='lat' dir='ltr'><strong>Levavi</strong></span> <span class='ocrx_word' id='word_1_827' title='bbox 2860 5123 3035 5177; x_wconf 79' lang='lat' dir='ltr'><strong>oculos</strong></span> <span class='ocrx_word' id='word_1_828' title='bbox 3067 5140 3202 5177; x_wconf 79' lang='lat' dir='ltr'><strong>meas</strong></span> <span class='ocrx_word' id='word_1_829' title='bbox 3238 5126 3290 5175; x_wconf 86' lang='lat' dir='ltr'><strong>in</strong></span> <span class='ocrx_word' id='word_1_830' title='bbox 3320 5139 3469 5175; x_wconf 82' lang='lat' dir='ltr'><strong>mon-</strong></span> 
     </span>
    </p>
   </div>
   <div class='ocr_carea' id='block_1_103' title="bbox 1896 5215 3464 5282">
    <p class='ocr_par' dir='ltr' id='par_1_103' title="bbox 1896 5215 3464 5282">
     <span class='ocr_line' id='line_1_103' title="bbox 1896 5215 3464 5282; baseline -0.001 -13"><span class='ocrx_word' id='word_1_831' title='bbox 1896 5227 1989 5282; x_wconf 81' lang='lat' dir='ltr'><strong>tes,</strong></span> <span class='ocrx_word' id='word_1_832' title='bbox 2018 5218 2154 5270; x_wconf 76' lang='lat' dir='ltr'><strong>unde</strong></span> <span class='ocrx_word' id='word_1_833' title='bbox 2203 5218 2367 5271; x_wconf 77' lang='lat' dir='ltr'><strong>ueniet</strong></span> <span class='ocrx_word' id='word_1_834' title='bbox 2423 5216 2688 5269; x_wconf 74' lang='lat' dir='ltr'><strong>auzilium</strong></span> <span class='ocrx_word' id='word_1_835' title='bbox 2750 5230 2943 5269; x_wconf 83' lang='lat' dir='ltr'><strong>meum.</strong></span> <span class='ocrx_word' id='word_1_836' title='bbox 2986 5215 3255 5267; x_wconf 70' lang='lat' dir='ltr'><strong>Auxilium</strong></span> <span class='ocrx_word' id='word_1_837' title='bbox 3291 5231 3464 5267; x_wconf 83' lang='lat' dir='ltr'><strong>meum</strong></span> 
     </span>
    </p>
   </div>
   <div class='ocr_carea' id='block_1_104' title="bbox 1896 5306 3467 5377">
    <p class='ocr_par' dir='ltr' id='par_1_104' title="bbox 1896 5306 3467 5377">
     <span class='ocr_line' id='line_1_104' title="bbox 1896 5306 3467 5377; baseline -0.003 -14"><span class='ocrx_word' id='word_1_838' title='bbox 1896 5327 1927 5363; x_wconf 89' lang='lat' dir='ltr'><strong>a</strong></span> <span class='ocrx_word' id='word_1_839' title='bbox 1988 5309 2226 5371; x_wconf 81' lang='lat' dir='ltr'><strong>Domino,</strong></span> <span class='ocrx_word' id='word_1_840' title='bbox 2271 5309 2360 5377; x_wconf 79' lang='lat' dir='ltr'><strong>qui</strong></span> <span class='ocrx_word' id='word_1_841' title='bbox 2425 5310 2546 5377; x_wconf 77' lang='lat' dir='ltr'><strong>fecit</strong></span> <span class='ocrx_word' id='word_1_842' title='bbox 2602 5306 2787 5359; x_wconf 70' lang='lat' dir='ltr'><strong>caelum</strong></span> <span class='ocrx_word' id='word_1_843' title='bbox 2846 5317 2896 5359; x_wconf 80' lang='lat' dir='ltr'><strong>et</strong></span> <span class='ocrx_word' id='word_1_844' title='bbox 2960 5315 3161 5358; x_wconf 83' lang='lat' dir='ltr'><strong>terram</strong></span> <span class='ocrx_word' id='word_1_845' title='bbox 3196 5306 3261 5361; x_wconf 87' lang='grc'><strong>¹⁸.</strong></span> <span class='ocrx_word' id='word_1_846' title='bbox 3323 5306 3467 5359; x_wconf 78' lang='lat' dir='ltr'><strong>Dixit</strong></span> 
     </span>
    </p>
   </div>
   <div class='ocr_carea' id='block_1_105' title="bbox 214 5394 1784 5470">
    <p class='ocr_par' dir='ltr' id='par_1_105' title="bbox 214 5394 1784 5467">
     <span class='ocr_line' id='line_1_105' title="bbox 214 5394 1784 5467; baseline -0.002 -17"><span class='ocrx_word' id='word_1_847' title='bbox 214 5401 442 5467; x_wconf 78' lang='grc' dir='ltr'>μενείας</span> <span class='ocrx_word' id='word_1_848' title='bbox 479 5396 764 5464; x_wconf 69' lang='grc' dir='ltr'>ἀλλότρια,</span> <span class='ocrx_word' id='word_1_849' title='bbox 797 5394 983 5464; x_wconf 69' lang='grc' dir='ltr'>ἑπειδὴ</span> <span class='ocrx_word' id='word_1_850' title='bbox 1024 5395 1203 5448; x_wconf 69' lang='grc' dir='ltr'>ἔδωκά</span> <span class='ocrx_word' id='word_1_851' title='bbox 1234 5412 1317 5447; x_wconf 91' lang='grc' dir='ltr'><strong>σοι</strong></span> <span class='ocrx_word' id='word_1_852' title='bbox 1350 5395 1685 5465; x_wconf 73' lang='grc' dir='ltr'>παρρησίαν,</span> <span class='ocrx_word' id='word_1_853' title='bbox 1725 5395 1784 5464; x_wconf 69' lang='grc' dir='ltr'>μὶ</span> 
     </span>
    </p>
   </div>
   <div class='ocr_carea' id='block_1_106' title="bbox 1894 5394 3462 5470">
    <p class='ocr_par' dir='ltr' id='par_1_106' title="bbox 1898 5396 3462 5470">
     <span class='ocr_line' id='line_1_106' title="bbox 1898 5396 3462 5470; baseline -0.003 -18"><span class='ocrx_word' id='word_1_854' title='bbox 1898 5399 2277 5470; x_wconf 79' lang='lat' dir='ltr'><strong>Agrippiuus:</strong></span> <span class='ocrx_word' id='word_1_855' title='bbox 2345 5398 2515 5465; x_wconf 86' lang='lat' dir='ltr'><strong>lmpie</strong></span> <span class='ocrx_word' id='word_1_856' title='bbox 2577 5406 2630 5451; x_wconf 89' lang='lat' dir='ltr'><strong>et</strong></span> <span class='ocrx_word' id='word_1_857' title='bbox 2687 5413 2716 5450; x_wconf 91' lang='lat' dir='ltr'><strong>a</strong></span> <span class='ocrx_word' id='word_1_858' title='bbox 2780 5396 3162 5451; x_wconf 82' lang='lat' dir='ltr'><strong>benevolentia</strong></span> <span class='ocrx_word' id='word_1_859' title='bbox 3236 5396 3462 5450; x_wconf 90' lang='lat' dir='ltr'><strong>deorum</strong></span> 
     </span>
    </p>
   </div>
   <div class='ocr_carea' id='block_1_107' title="bbox 212 5486 1793 5556">
    <p class='ocr_par' dir='ltr' id='par_1_107' title="bbox 212 5486 1793 5556">
     <span class='ocr_line' id='line_1_107' title="bbox 212 5486 1793 5556; baseline -0.003 -12"><span class='ocrx_word' id='word_1_860' title='bbox 212 5491 455 5553; x_wconf 74' lang='grc' dir='ltr'>κολάσας</span> <span class='ocrx_word' id='word_1_861' title='bbox 490 5505 549 5541; x_wconf 82' lang='grc' dir='ltr'><strong>σε</strong></span> <span class='ocrx_word' id='word_1_862' title='bbox 586 5487 726 5540; x_wconf 78' lang='grc' dir='ltr'>κατὰ</span> <span class='ocrx_word' id='word_1_863' title='bbox 759 5487 917 5556; x_wconf 74' lang='grc' dir='ltr'>λόγον</span> <span class='ocrx_word' id='word_1_864' title='bbox 938 5528 954 5553; x_wconf 83' lang='grc'><strong><em>,</em></strong></span> <span class='ocrx_word' id='word_1_865' title='bbox 986 5486 1317 5556; x_wconf 79' lang='grc' dir='ltr'>φθέγγεσθαι</span> <span class='ocrx_word' id='word_1_866' title='bbox 1352 5487 1556 5556; x_wconf 73' lang='grc' dir='ltr'>τολμᾷς</span> <span class='ocrx_word' id='word_1_867' title='bbox 1586 5488 1793 5542; x_wconf 81' lang='grc' dir='ltr'>ἀθετῶν</span> 
     </span>
    </p>
   </div>
   <div class='ocr_carea' id='block_1_108' title="bbox 323 5601 849 5667">
    <p class='ocr_par' dir='ltr' id='par_1_108' title="bbox 323 5601 849 5667">
     <span class='ocr_line' id='line_1_108' title="bbox 323 5601 849 5667; baseline -0.006 -7"><span class='ocrx_word' id='word_1_868' title='bbox 323 5608 366 5639; x_wconf 77' lang='grc'><strong>³⁸</strong></span> <span class='ocrx_word' id='word_1_869' title='bbox 395 5603 542 5660; x_wconf 90' lang='lat' dir='ltr'><strong>Psal.</strong></span> <span class='ocrx_word' id='word_1_870' title='bbox 564 5618 665 5658; x_wconf 79' lang='lat' dir='ltr'><strong>cxx</strong></span> <span class='ocrx_word' id='word_1_871' title='bbox 718 5601 771 5667; x_wconf 72' lang='grc'><strong>4,</strong></span> <span class='ocrx_word' id='word_1_872' title='bbox 794 5602 849 5657; x_wconf 71' lang='lat'><strong>2.</strong></span> 
     </span>
    </p>
   </div>
   <div class='ocr_carea' id='block_1_109' title="bbox 1901 5486 3463 5559">
    <p class='ocr_par' dir='ltr' id='par_1_109' title="bbox 1901 5486 3463 5559">
     <span class='ocr_line' id='line_1_109' title="bbox 1901 5486 3463 5559; baseline -0.003 -15"><span class='ocrx_word' id='word_1_873' title='bbox 1901 5491 2099 5556; x_wconf 88' lang='lat' dir='ltr'><strong>aliene,</strong></span> <span class='ocrx_word' id='word_1_874' title='bbox 2131 5490 2387 5559; x_wconf 87' lang='lat' dir='ltr'><strong>quoniam</strong></span> <span class='ocrx_word' id='word_1_875' title='bbox 2415 5489 2535 5543; x_wconf 88' lang='lat' dir='ltr'><strong>dedi</strong></span> <span class='ocrx_word' id='word_1_876' title='bbox 2561 5489 2659 5543; x_wconf 81' lang='lat' dir='ltr'><strong>tibi</strong></span> <span class='ocrx_word' id='word_1_877' title='bbox 2688 5488 2960 5553; x_wconf 84' lang='lat' dir='ltr'><strong>fiduciam,</strong></span> <span class='ocrx_word' id='word_1_878' title='bbox 2988 5503 3094 5541; x_wconf 92' lang='lat' dir='ltr'><strong>non</strong></span> <span class='ocrx_word' id='word_1_879' title='bbox 3130 5498 3179 5542; x_wconf 89' lang='lat' dir='ltr'><strong>te</strong></span> <span class='ocrx_word' id='word_1_880' title='bbox 3212 5486 3463 5557; x_wconf 87' lang='lat' dir='ltr'><strong>puniens,</strong></span> 
     </span>
    </p>
   </div>
   <div class='ocr_carea' id='block_1_110' title="bbox 288 5718 1784 5801">
    <p class='ocr_par' dir='ltr' id='par_1_110' title="bbox 288 5718 1784 5801">
     <span class='ocr_line' id='line_1_110' title="bbox 288 5718 1784 5801; baseline 0 -23"><span class='ocrx_word' id='word_1_881' title='bbox 288 5724 610 5801; x_wconf 53' lang='lat' dir='ltr'><strong>(alDesupt</strong></span> <span class='ocrx_word' id='word_1_882' title='bbox 637 5718 885 5801; x_wconf 48' lang='lat' dir='ltr'><strong>quadam</strong></span> <span class='ocrx_word' id='word_1_883' title='bbox 918 5720 1083 5801; x_wconf 58' lang='lat' dir='ltr'><strong>verba</strong></span> <span class='ocrx_word' id='word_1_884' title='bbox 1106 5727 1333 5801; x_wconf 54' lang='lat' dir='ltr'><strong>propter</strong></span> <span class='ocrx_word' id='word_1_885' title='bbox 1374 5721 1784 5801; x_wconf 53' lang='lat' dir='ltr'><strong>homoeoteleuti</strong></span> 
     </span>
    </p>
   </div>
   <div class='ocr_carea' id='block_1_111' title="bbox 1894 5718 3464 5801">
    <p class='ocr_par' dir='ltr' id='par_1_111' title="bbox 1894 5720 3464 5801">
     <span class='ocr_line' id='line_1_111' title="bbox 1894 5720 3464 5801; baseline -0.01 -23"><span class='ocrx_word' id='word_1_886' title='bbox 1894 5741 2015 5801; x_wconf 61' lang='lat' dir='ltr'><strong>juze,</strong></span> <span class='ocrx_word' id='word_1_887' title='bbox 2063 5723 2399 5801; x_wconf 33' lang='lat' dir='ltr'><strong>sic‘restituo</strong></span> <span class='ocrx_word' id='word_1_888' title='bbox 2433 5744 2477 5801; x_wconf 65' lang='grc' dir='ltr'><strong>εΔ</strong></span> <span class='ocrx_word' id='word_1_889' title='bbox 2509 5722 2632 5777; x_wconf 79' lang='grc' dir='ltr'>’Ότι</span> <span class='ocrx_word' id='word_1_890' title='bbox 2660 5722 2784 5801; x_wconf 54' lang='grc' dir='ltr'>οὐδε</span> <span class='ocrx_word' id='word_1_891' title='bbox 2818 5720 3127 5801; x_wconf 58' lang='grc' dir='ltr'><strong>Δφιλοσόφου</strong></span> <span class='ocrx_word' id='word_1_892' title='bbox 3177 5720 3464 5801; x_wconf 30' lang='lat' dir='ltr'><strong>[illd-emo“</strong></span> 
     </span>
    </p>
   </div>
   <div class='ocr_carea' id='block_1_112' title="bbox 214 5788 3465 5863">
    <p class='ocr_par' dir='ltr' id='par_1_112' title="bbox 214 5788 3465 5863">
     <span class='ocr_line' id='line_1_112' title="bbox 214 5788 3465 5863; baseline -0.001 -19"><span class='ocrx_word' id='word_1_893' title='bbox 214 5788 613 5863; x_wconf 33' lang='lat' dir='ltr'><strong>tenesmo»</strong></span> <span class='ocrx_word' id='word_1_894' title='bbox 642 5789 864 5863; x_wconf 51' lang='grc' dir='ltr'>διά-τὴν</span> <span class='ocrx_word' id='word_1_895' title='bbox 892 5788 1011 5863; x_wconf 59' lang='grc' dir='ltr'><strong>τῷν</strong></span> <span class='ocrx_word' id='word_1_896' title='bbox 1033 5788 1171 5863; x_wconf 81' lang='grc' dir='ltr'>θεῶν</span> <span class='ocrx_word' id='word_1_897' title='bbox 1204 5789 1417 5863; x_wconf 67' lang='grc' dir='ltr'>εθνοιαν</span> <span class='ocrx_word' id='word_1_898' title='bbox 1447 5791 1702 5863; x_wconf 67' lang='grc' dir='ltr'>φοῦῃθ;ὶς</span> <span class='ocrx_word' id='word_1_899' title='bbox 1734 5796 1791 5846; x_wconf 80' lang='grc' dir='ltr'>τὸ</span> <span class='ocrx_word' id='word_1_900' title='bbox 1816 5788 1907 5846; x_wconf 75' lang='grc' dir='ltr'><strong>τοῦ</strong></span> <span class='ocrx_word' id='word_1_901' title='bbox 1934 5795 2335 5863; x_wconf 66' lang='grc' dir='ltr'>αὐτοκράτορος</span> <span class='ocrx_word' id='word_1_902' title='bbox 2376 5795 2732 5863; x_wconf 74' lang='grc' dir='ltr'>πρόσταγμα·</span> <span class='ocrx_word' id='word_1_903' title='bbox 2763 5793 2789 5845; x_wconf 90' lang='grc' dir='ltr'><strong>ὀ</strong></span> <span class='ocrx_word' id='word_1_904' title='bbox 2815 5792 2867 5845; x_wconf 80' lang='grc' dir='ltr'><strong>δὲ</strong></span> <span class='ocrx_word' id='word_1_905' title='bbox 2902 5794 3055 5859; x_wconf 79' lang='grc' dir='ltr'>ἆγιος</span> <span class='ocrx_word' id='word_1_906' title='bbox 3082 5788 3218 5843; x_wconf 86' lang='grc' dir='ltr'>Θεοῦ</span> <span class='ocrx_word' id='word_1_907' title='bbox 3244 5791 3465 5862; x_wconf 83' lang='grc' dir='ltr'>μάρτυς</span> 
     </span>
    </p>
   </div>
   <div class='ocr_carea' id='block_1_113' title="bbox 216 5858 2214 5929">
    <p class='ocr_par' dir='ltr' id='par_1_113' title="bbox 216 5858 2214 5929">
     <span class='ocr_line' id='line_1_113' title="bbox 216 5858 2214 5929; baseline -0.001 -10"><span class='ocrx_word' id='word_1_908' title='bbox 216 5858 640 5919; x_wconf 72' lang='grc' dir='ltr'>Πλάτώνέίπεν</span> <span class='ocrx_word' id='word_1_909' title='bbox 662 5876 675 5892; x_wconf 88' lang='grc'><strong>·</strong></span> <span class='ocrx_word' id='word_1_910' title='bbox 709 5860 921 5927; x_wconf 67' lang='grc' dir='ltr'>Ἐγνως</span> <span class='ocrx_word' id='word_1_911' title='bbox 953 5858 1052 5929; x_wconf 70' lang='grc' dir='ltr'><strong>ἤδη</strong></span> <span class='ocrx_word' id='word_1_912' title='bbox 1084 5860 1178 5913; x_wconf 71' lang='grc' dir='ltr'><strong>καὶ</strong></span> <span class='ocrx_word' id='word_1_913' title='bbox 1213 5861 1275 5912; x_wconf 78' lang='grc' dir='ltr'>σὺ</span> <span class='ocrx_word' id='word_1_914' title='bbox 1305 5860 1389 5913; x_wconf 69' lang='grc' dir='ltr'>διὰ</span> <span class='ocrx_word' id='word_1_915' title='bbox 1415 5861 1519 5914; x_wconf 80' lang='grc' dir='ltr'>τῶν</span> <span class='ocrx_word' id='word_1_916' title='bbox 1552 5862 1828 5928; x_wconf 69' lang='grc' dir='ltr'>βασάνων.</span> <span class='ocrx_word' id='word_1_917' title='bbox 1869 5864 2021 5923; x_wconf 70' lang='lat' dir='ltr'><strong>lion.</strong></span> <span class='ocrx_word' id='word_1_918' title='bbox 2051 5858 2214 5921; x_wconf 67' lang='lat' dir='ltr'><strong>Psm.</strong></span> 
     </span>
    </p>
   </div>
  </div>
