3972 6486
540 389 649 452 693

1860 384 2141 446 MENSIS
2173 384 2473 448 IULIUS.

3681 390 3788 451 424

546 510 606 554 ut
666 513 761 567 par
790 506 927 557 erat,
980 497 1147 550 audes
1206 513 1350 550 nunc
1382 499 1555 567 loqui,
1622 499 1834 553 violaus
1894 499 2095 568 jnssun:

2212 497 2275 549 τὰ
2306 499 2706 567 προστάγματα
2735 498 2844 550 τῶν
2866 498 3129 566 βασιλέων
3165 499 3339 554 Θῦσον
3368 502 3479 566 τοῖς
3501 502 3667 566 θεοῖς,
3700 506 3797 557 καὶ

547 586 974 658 imperatorum?
1012 587 1140 641 Liba
1160 602 1289 657 ergo
1316 590 1438 649 diis.
1483 599 1537 644 et
1567 597 1619 644 te
1676 590 1976 644 dimittam.
2017 589 2108 641 Di-

543 684 622 739 xit
653 690 874 739 sanctus
896 682 1048 736 Plato
1082 681 1177 735 :Si
1222 697 1340 745 nos,
1393 685 1484 752 qui
1518 683 1602 751 pie
1649 682 1815 737 Deum
1859 682 2110 742 colimus,

543 776 821 846 punimur,
853 784 912 831 ut
943 774 1037 843 qui
1068 775 1448 828 existimemur
1488 776 1657 843 impii,
1690 791 1786 828 vos
1819 775 1909 844 qui
1942 774 2111 827 Deum

540 869 870 931 abhorretis,
928 878 982 922 et
1026 883 1250 936 corpus,
1307 869 1452 937 quod
1508 879 1593 925 est
1644 870 1860 932 iisdem,
1913 870 2113 937 quibus

538 976 658 1021 vos.
691 961 987 1016 obnoxium
1020 961 1485 1030 perpessionibus,
1522 961 2026 1015 immisericorditer
2058 970 2112 1015 et

538 1046 761 1117 indigne
786 1048 992 1102 creditis
1022 1066 1035 1103 :
1065 1050 1338 1119 quomodo
1394 1050 1787 1104 damnabimini
1844 1051 1897 1104 in
1960 1051 2112 1119 justo

540 1134 634 1189 Dei
657 1137 885 1208 judicio,
919 1138 973 1190 in
1006 1138 1116 1203 die,
1156 1139 1207 1191 in
1244 1154 1348 1207 qua
1387 1140 1652 1209 judicabit
1695 1140 1839 1195 Deus
1894 1140 2107 1194 occulta

537 1227 823 1283 hominum
858 1231 919 1263 ¹¹⁹
946 1231 967 1283 ?
1000 1230 1142 1285 Dixit
1164 1232 1531 1301 Agrippinus:
1556 1231 1692 1287 Fero
1715 1242 1767 1287 te
1798 1233 2107 1302 loquentem

536 1322 799 1375 audacter
851 1331 907 1375 et
964 1324 1325 1379 conﬁdenter.
1391 1324 1672 1387 Miserere,
1718 1340 1750 1378 o
1785 1325 2109 1378 charissime

537 1411 711 1476 Plato,
762 1424 865 1467 tute
924 1415 1167 1469 ﬂorentis
1219 1416 1424 1482 aetatis;
1472 1418 1574 1471 hoc
1608 1419 1751 1471 enim
1808 1416 1905 1470 tibi
1961 1416 2112 1469 dedit

538 1503 777 1567 fortuna,
812 1521 932 1573 qua:
949 1515 1033 1560 est
1057 1507 1302 1563 eiusdem
1329 1509 1568 1562 nominis
1598 1526 1612 1573 ;
1640 1508 1846 1577 aspicio
1875 1507 2021 1561 enim
2058 1515 2110 1562 te

537 1596 695 1649 talem
728 1611 849 1650 esse
899 1597 1163 1662 futurum,
1194 1601 1371 1667 qualis
1418 1601 1508 1654 ille
1542 1600 1644 1653 fuit
1672 1597 2109 1668 sapientissimus

538 1692 710 1746 Plato.
773 1692 906 1745 Nam
968 1709 1091 1748 cum
1156 1696 1350 1746 fuisset
1411 1693 1667 1759 princeps
1730 1688 2105 1757 philosophiae,

2214 588 2433 641 ἀπολύω
2463 606 2542 641 σε.
2584 589 2644 649 ὐ
2672 588 2826 655 ἅγιος
2859 589 3080 642 Πλάτων
3112 586 3264 644 εἶπεν
3285 610 3297 622 ·
3320 594 3393 666 ⁴Εί
3420 596 3582 662 ἡμεῖς
3610 594 3800 651 Occas-

2215 677 2434 743 σοῦντες
2476 681 2678 733 ἀνόσιοι
2721 680 3108 750 ύπονοούμενοι
3152 683 3509 750 κολαζόμεθά,
3545 686 3662 747 πῶς
3709 703 3797 737 σοι

2215 770 2677 840 καταδικασθῆναι
2712 770 2799 844 οἵῃ
2833 774 2888 825 έν
2919 775 2983 841 τῇ
3022 772 3391 845 δικαιοκρισίᾳ
3429 774 3524 826 τοῦ
3555 775 3692 829 Θεοῦ
3733 777 3793 827 έν

2216 866 2277 929 τῇ
2312 863 2515 931 ἡμέρα,
2541 867 2597 935 εν
2697 866 2875 935 κρινεῖ
2900 864 2929 915 ό
2963 864 3094 926 Θεὸς
3119 866 3187 918 τά
3212 869 3429 936 κρυπτᾶ
3453 867 3561 919 τῶν
3584 867 3798 936 ἀνθρώ-

2215 968 2371 1018 πωνς
2420 954 2776 1021 Ἀγριππῖνος
2814 955 2916 1024 ἔφη
2943 970 2957 986 ⁶
3009 956 3299 1025 ’Λνέχομαί
3339 975 3433 1009 σου
3476 960 3794 1028 παρρησια-

2214 1042 2464 1112 ζομένου,
2499 1045 2786 1115 οἰκτείρων
2808 1062 2900 1097 σου
2928 1048 3026 1114 τῆς
3054 1046 3271 1116 ἡλικίας
3303 1050 3445 1108 νέον,
3472 1048 3539 1099 δι’
3573 1051 3639 1118 ἣν
3666 1051 3797 1116 ὲχα-

2225 1136 2410 1205 ρίσατό
2445 1153 2526 1189 σοι
2561 1136 2882 1205 ὁμωνυμίαν
2914 1138 2945 1205 ἡ
2975 1138 3109 1209 τύχη
3135 1152 3148 1168 ο
3180 1141 3273 1191 καὶ
3302 1143 3411 1209 γὰρ
3439 1140 3681 1193 τοιοῦτόν
3736 1157 3793 1193 σε

2213 1228 2431 1281 ἔσεσθαι
2466 1227 2771 1299 προσδοκῶ,
2812 1225 2922 1292 οἷος
2959 1233 3168 1293 ἐκεῖνος
3204 1233 3231 1283 ό
3268 1233 3493 1285 Πλάτων
3518 1248 3531 1259 ·
3578 1231 3795 1299 φιλοσοο

2216 1320 2345 1388 φίας
2364 1321 2470 1390 γὰρ
2496 1321 2737 1389 ἀρχηγὸς
2759 1320 3019 1389 γεγονὼς,
3044 1321 3113 1373 τὰ
3130 1323 3238 1374 τῶν
3264 1322 3399 1376 θεῶν
3425 1325 3797 1389 συνεστήσατο

2213 1412 2457 1480 δόγματα
2482 1451 2498 1477 ,
2530 1413 2610 1465 διὸ
2644 1413 2736 1466 καὶ
2770 1414 2931 1481 λόγου
2972 1413 3169 1467 πολλοῦ
3210 1416 3543 1485 μεταδίδωμί
3578 1432 3663 1469 σοι
3698 1418 3797 1467 καὶ

2214 1505 2421 1557 εὐνοεῖν
2463 1521 2522 1557 σε
2552 1506 2646 1558 ἐπὶ
2680 1508 2790 1568 τοῖς
2820 1508 2962 1570 θεοῖς
2993 1506 3349 1575 συμϐουλεύω
3379 1508 3471 1560 καὶ
3505 1508 3795 1560 ἀνελέσθαι

2215 1610 2274 1646 σε
2301 1593 2393 1656 τὸν
2424 1594 2608 1662 νόμον,
2640 1594 2699 1646 ὃν
2734 1596 2783 1647 οἱ
2817 1596 3220 1667 αὐτοκράτορες
3251 1596 3463 1649 ἔθεντο·
3497 1597 3793 1667 πεισθῆναι

2215 1687 2270 1739 δὲ
2308 1687 2401 1741 καὶ
2431 1690 2550 1751 ταῖς
2582 1690 2742 1757 ἐμαῖς
2775 1690 3181 1758 παραινέσεσιν.
3217 1692 3279 1744 El
3308 1692 3364 1744 δὲ
3405 1689 3480 1760 μὴ
3510 1690 3793 1760 πεισθεὶς,

536 1782 761 1837 deorum
812 1785 1065 1856 dogmata
1097 1785 1405 1839 constituit.
1456 1782 1823 1847 Quamobrem
1865 1780 2095 1849 benigne

2211 1778 2444 1845 γίνωσκε
2481 1779 2562 1832 ὅτι
2596 1781 2904 1847 ἀναγκάσαι
2946 1797 3004 1832 σε
3034 1780 3140 1848 ἔχω
3172 1781 3447 1850 διαφόροις
3485 1784 3581 1835 καὶ
3629 1798 3793 1850 στρε-

537 1882 714 1927 teeum
746 1875 953 1942 loquor.
978 1884 1032 1929 et
1056 1877 1282 1930 consulo
1311 1884 1369 1929 ut
1394 1874 1468 1928 sis
1506 1874 1771 1943 benignus
1804 1870 1857 1923 in
1894 1871 2026 1923 deos
2066 1888 2079 1921 :

533 1965 753 2035 etleges
789 1968 1077 2037 suscipias,
1103 1983 1239 2037 quas
1271 1967 1373 2036 ipsi
1428 1966 1671 2019 tulerunt
1722 1964 2098 2032 imperatores,

531 2065 587 2108 et
614 2058 751 2113 meis
791 2075 985 2127 pareas
1016 2057 1578 2115 admonitionibus.Si
1614 2058 1745 2111 mihi
1782 2066 1959 2110 autem
1994 2070 2101 2107 non

540 2146 814 2210 parueris,
848 2149 989 2202 scias
1010 2158 1218 2217 aperte,
1254 2149 1371 2202 fore
1416 2156 1471 2200 ut
1508 2162 1608 2214 ego
1666 2156 1716 2200 te
1747 2159 1933 2211 cogam
2000 2143 2103 2197 hoc

2222 1868 2527 1938 ϐλωτέραις
2558 1870 2853 1940 τιμωρίαις
2882 1870 3039 1931 τοῦτο
3067 1871 3311 1941 ποιῆσαι,
3340 1871 3414 1933 ὡς
3435 1872 3794 1940 ψευδώνυμον

2212 1961 2446 2029 ὀφθέντα
2517 1962 2799 2025 Πλάτωνος
2865 1963 2957 2016 τοῦ
3020 1963 3285 2033 μεγίστην
3346 1963 3669 2032 φιλοσοφίαν
3734 1965 3795 2013 ἐν

2212 2054 2519 2119 ἀνθρώποις
2550 2055 2933 2125 κτησαμένου,
2982 2055 3294 2126 ἀγνώμονὸς
3340 2073 3435 2110 σου
3484 2056 3794 2127 δειχθέντος

2211 2144 2339 2214 περὶ
2369 2146 2493 2206 τοὺς
2525 2144 2699 2208 θεούς.
3368 2142 3371 2145 ’

533 2232 713 2290 facere
744 2238 977 2293 diversis
1020 2250 1075 2295 et
1104 2241 1313 2295 acerbis
1345 2240 1648 2311 suppliciis,
1683 2248 1740 2293 ut
1776 2238 1866 2308 qui
1904 2237 2040 2291 falso
2073 2236 2147 2290 sis
2186 2237 2489 2306 appellatus
2542 2238 2693 2293 Plato
2727 2256 2740 2292 :
2773 2240 2913 2309 ejus,
2946 2240 3191 2309 inquam,
3243 2242 3465 2296 nomine
3498 2252 3786 2312 suscepto.

534 2329 623 2398 qui
658 2331 801 2386 inter
821 2333 1071 2390 homines
1099 2338 1386 2391 maximam
1420 2337 1519 2391 sibi
1548 2335 1759 2405 paravit
1802 2332 2222 2402 philosOphiam,
2280 2348 2402 2386 cum
2429 2343 2488 2385 tu
2535 2332 2590 2385 in
2624 2335 2755 2388 deos
2786 2335 3028 2405 ingratus
3065 2335 3324 2391 evaseris.

609 2422 795 2479 XVIII.
833 2427 1037 2480 Christi
1070 2440 1251 2483 autem
1305 2445 1480 2485 .verus
1516 2444 1578 2482 ac
1600 2442 1891 2498 germanus
1938 2426 2100 2479 miles

534 2512 683 2568 Plato
707 2514 844 2569 dixit
884 2533 898 2571 :
943 2518 1107 2572 Valde
1139 2535 1391 2591 magnum
1414 2519 1780 2574 soloecismum
1834 2517 2098 2583 admittis,

532 2623 566 2662 ο
597 2608 914 2678 Agrippine,
945 2626 1135 2665 errans
1162 2612 1215 2666 in
1276 2612 1525 2666 veritate.
1581 2612 1714 2665 Nam
1773 2627 1897 2665 cum
1947 2612 2101 2681 pater

534 2708 659 2752 tuus
688 2698 923 2754 Satanas
954 2702 1022 2756 ab
1053 2704 1207 2757 initio
1270 2702 1432 2757 fuerit
1479 2703 1847 2772 perniciosus,
1902 2702 2100 2755 merito

538 2801 594 2843 tu
627 2806 864 2860 quoque,
894 2793 982 2861 qui
1014 2808 1072 2847 es
1108 2795 1224 2864 ejus
1253 2795 1521 2858 minister,
1554 2795 1686 2849 lacis
1718 2794 1767 2847 ei
1820 2793 2095 2853 similiter,

530 2890 587 2933 et
611 2889 664 2933 te
695 2880 749 2933 in
780 2881 900 2949 ejus
931 2898 1154 2937 exerces
1184 2884 1513 2938 actionibus.
1574 2880 1889 2937 Dmmonum
1952 2882 2097 2935 enim

532 2969 806 3025 fortunam
871 2975 1087 3027 invehis
1123 2975 1173 3027 in
1214 2973 1462 3028 homines
1484 2974 1845 3038 Christianos,
1878 2975 1969 3045 qui
2003 2990 2102 3030 nec

531 3061 678 3117 ferre
707 3064 925 3133 quidem
942 3075 1171 3136 possunt
1196 3068 1383 3122 audire
1416 3067 1617 3138 aliquid
1652 3069 1939 3138 ejusmodi.
1961 3067 2093 3122 Sum

528 3167 660 3223 ergo
686 3156 933 3224 ejusdem
971 3160 1189 3229 quidem
1238 3162 1495 3222 nominis,
1545 3162 1704 3228 cujus
1758 3161 1955 3213 Plato:
2001 3160 2094 3213 sed

531 3259 640 3299 non
674 3261 793 3300 sum
834 3249 1025 3302 iisdem
1058 3251 1304 3307 moribus
1325 3251 1610 3320 praeditus.
1641 3251 1787 3316 Quos
1810 3252 1952 3305 enim
1985 3267 2099 3305 mo-

531 3351 619 3391 res
646 3353 754 3393 non
794 3341 1157 3411 eonjungunt,
1196 3357 1263 3395 ne
1319 3358 1518 3397 nemen
1556 3343 1778 3412 quidem
1839 3358 1933 3398 eos
1962 3358 2097 3398 con-

527 3428 700 3491 ciliat,
719 3445 896 3500 neque
916 3432 1065 3486 locus
1088 3434 1322 3503 copulat,
1346 3436 1447 3488 nisi
1469 3436 1641 3489 solum
1673 3436 1868 3505 pietas.
1892 3434 2096 3501 Quam-

529 3520 717 3573 obrem
777 3522 922 3575 nulla
983 3525 1035 3575 in
1073 3525 1146 3577 rei
1171 3524 1217 3577 ei
1263 3526 1454 3578 similis
1484 3540 1601 3577 sum
1657 3526 1832 3589 Plato,
1874 3535 2098 3594 praeter-

528 3627 689 3680 quam
713 3613 766 3667 in
790 3614 905 3669 solo
920 3614 1159 3669 nomine:
1190 3616 1296 3671 hoc
1320 3625 1499 3670 autem
1524 3616 1654 3670 mihi
1685 3618 1827 3685 piam
1855 3625 2093 3670 mentem

528 3721 809 3775 nunquam
839 3709 1035 3785 poterit
1058 3709 1277 3761 laedere.
1338 3706 1402 3761 Et
1459 3723 1558 3779 ego
1605 3708 1823 3778 quidem
1864 3723 2095 3763 exerceo

527 3813 672 3861 eam,
705 3812 823 3865 quae
847 3808 928 3851 est
964 3798 1014 3852 in
1040 3799 1281 3862 Christo,
1318 3801 1715 3870 philosophiam
1756 3818 1769 3854 :
1809 3802 1953 3855 illius
1994 3817 2094 3855 au-

529 3898 634 3941 tem
673 3888 1013 3956 philosophia
1048 3899 1127 3943 est
1182 3890 1323 3956 apud
1369 3888 1534 3940 Deum
1595 3905 1775 3961 meum
1843 3891 2091 3943 stultitia.

530 3977 801 4045 Scriptum
831 3990 915 4031 est
953 3981 1097 4030 enim
1123 3995 1135 4029 :
1170 3978 1401 4031 Perdam
1425 3966 1741 4045 sapientiam
1772 3982 2091 4048 sapientum,

526 4078 576 4123 et
628 4071 956 4141 prudentiam
989 4069 1304 4138 prudentum
1332 4069 1544 4123 abolebo
1575 4070 1637 4125 ".
1689 4069 1824 4125 Nam
1862 4072 2090 4127 deorum

526 4166 798 4232 dogmata,
830 4178 949 4230 qua:
978 4164 1087 4225 ille,
1124 4174 1183 4215 ut
1213 4163 1371 4226 dicis,
1428 4155 1633 4231 posuit,
1669 4174 1794 4217 sunt
1846 4163 1994 4218 falsae
2040 4174 2094 4219 et

526 4252 665 4306 ﬁctae
706 4252 917 4315 fabulae,
971 4266 1089 4321 quae
1114 4252 1508 4305 adumbrantur
1532 4254 1857 4321 deceptione
1885 4255 2090 4308 daemo-

526 4360 679 4409 num,
750 4346 845 4411 qui
897 4344 1096 4398 animis
1146 4343 1385 4398 all'ernnt
1441 4345 1745 4409 interitum,
1789 4354 1843 4400 et
1902 4350 2092 4400 verbo-

525 4450 643 4487 rum
705 4435 902 4488 astutia
940 4448 1144 4489 vestras
1177 4446 1391 4490 mentes
1420 4447 1774 4503 exemeantes,
1810 4439 2091 4494 abducunt

524 4543 552 4580 a
600 4527 947 4596 simplicitate
1007 4528 1154 4594 ﬁdei,
1188 4543 1308 4597 qua:
1337 4538 1421 4581 est
1450 4529 1499 4580 itt
1531 4527 1827 4583 Christum.

594 4618 734 4673 XIX.
769 4620 1057 4689 Postquam
1114 4630 1294 4674 autem
1320 4632 1591 4674 cessasset
1656 4622 1801 4691 loqui
1863 4635 2087 4694 martyr,

523 4713 640 4781 ejus
706 4712 925 4779 quidem
964 4728 1224 4781 responso
1273 4713 1688 4782 obstupefactus
1728 4714 2085 4785 Agrippinus,

523 4802 721 4855 mansit
759 4811 961 4863 mutus,
999 4819 1104 4856 non
1130 4804 1312 4857 valens
1340 4803 1389 4857 ei
1420 4803 1769 4871 respondere.
1831 4807 1965 4858 Cum
1992 4820 2086 4859 au-

528 4906 633 4949 tem
666 4895 825 4963 paulo
854 4902 975 4963 post
1004 4894 1261 4963 jussisset
1284 4910 1406 4947 eum
1440 4895 1505 4948 de
1532 4895 1679 4963 ligno
1714 4896 1938 4964 deponi,
1992 4912 2084 4967 ag-

528 4997 745 5054 gressus
772 4994 851 5037 est
884 4999 1006 5037 eum
1036 5000 1223 5037 rursus
1281 4985 1491 5037 blandis
1529 4986 1710 5041 verbis
1763 4988 2081 5055 admonere,

526 5077 604 5130 sic
652 5074 839 5128 dicens
874 5089 889 5125 :
948 5073 1054 5143 Ego
1085 5076 1149 5127 de
1206 5085 1423 5139 caetero,
1458 5092 1490 5130 o
1540 5077 1712 5141 Plato,
1758 5078 1900 5147 quod
1936 5079 2000 5133 ad
2034 5089 2084 5134 te

521 5167 734 5236 quidem
775 5166 987 5229 attinet,
1022 5182 1138 5219 sum
1178 5166 1332 5235 plane
1376 5168 1755 5225 animidubins
1818 5189 1919 5227 nec
1970 5175 2083 5229 scio

518 5258 645 5326 quid
703 5258 926 5314 debeam
980 5258 1177 5312 facere.
1226 5257 1329 5323 Qui
1366 5259 1547 5328 itaque
1579 5268 1628 5314 te
1688 5265 1872 5318 multis
1924 5265 2078 5319 all‘eei

515 5347 873 5410 cruciatibus,
902 5362 1001 5402 nec
1030 5349 1322 5417 quidquam
1355 5350 1529 5415 eﬂ‘eei,
1555 5361 1608 5404 et
1643 5352 1865 5406 adhibui
1926 5356 2079 5409 blan-

513 5436 697 5500 ditias,
719 5443 775 5491 et
809 5436 913 5491 hoc
934 5435 1334 5505 nihil-profuit,
1369 5452 1515 5490 nunc
1542 5440 1705 5491 statui
1730 5440 1932 5508 aliquot
1963 5443 2079 5497 dies

518 5526 613 5579 tibi
640 5527 958 5582 concedere.
994 5528 1152 5583 Forte
1198 5544 1321 5583 eum
1366 5530 1443 5583 sic
1500 5532 1785 5599 agnoveris
1819 5534 1890 5594 id,
1932 5534 2074 5603 quod

510 5616 715 5672 esttibi
752 5617 904 5683 utile,
939 5618 1079 5673 hanc
1102 5627 1246 5674 tuam
1279 5622 1554 5691 relinques
1590 5624 1970 5691 pervicaciam,
2022 5634 2075 5680 et

620 5793 663 5825 "
693 5793 850 5850 Rom.
880 5811 941 5861 tt.
978 5796 1063 5853 16.
1173 5800 1214 5857 "_
1249 5798 1351 5855 lsa.
1393 5813 1537 5869 χχιι,
1564 5800 1624 5855 14
1653 5817 1667 5870 ;
1700 5819 1712 5857 l
1741 5802 1863 5858 Cor.
1902 5804 1939 5872 l,
1971 5805 2057 5859 .19.

2273 2423 2377 2479 ιη’.
2419 2425 2476 2479 '0
2495 2427 2551 2480 δὲ
2569 2426 2735 2489 ὄντως
2759 2429 2979 2498 γνήσιος
3001 2427 3092 2481 τοῦ
3114 2428 3349 2498 Χριστοῦ
3374 2428 3621 2499 μαθητὴς
3646 2430 3791 2483 Πλά”

2201 2533 2309 2569 των
2340 2511 2491 2569 εἶπεν
2516 2532 2532 2550 ο
2582 2517 2934 2582 Σολοικίζεις,
2985 2517 3328 2588 ’Λγριππῖνε,
3376 2516 3580 2586 σφόδρα
3612 2516 3795 2583 σφαλ-

2200 2607 2424 2677 λόμενος
2454 2625 2518 2661 πε
2531 2611 2580 2675 ρὶ
2611 2610 2709 2677 τὴν
2740 2608 2997 2678 ἀλήθειαν
3016 2626 3031 2641 ·
3058 2607 3155 2675 τού
3180 2608 3287 2676 γὰρ
3328 2607 3533 2675 πατρός
3562 2622 3657 2658 σου
3691 2605 3791 2658 τοῦ

2201 2700 2413 2751 Σατανᾶ
2455 2700 2731 2766 λυμεῶνος
2765 2701 3153 2768 τυγχάνοντος,
3186 2698 3411 2759 είκότως
3442 2697 3534 2748 καὶ
3570 2697 3633 2749 σὺ
3685 2699 3792 2750 αύ-

2206 2786 2299 2837 τοῦ
2338 2787 2597 2855 ὑπάρχων
2634 2788 2942 2856 ὑπουργὸς,
2970 2788 3038 2839 τὰ
3084 2788 3244 2856 ὃμοια
3276 2786 3424 2855 αὐτῷ
3457 2785 3791 2856 διαπράττει

2209 2876 2300 2927 καὶ
2327 2876 2424 2937 τὰς
2478 2876 2702 2947 πράξεις
2760 2875 2925 2931 αὐτοῦ
2982 2878 3250 2949 μελετᾷς·
3284 2878 3453 2947 τύχην
3476 2878 3586 2948 γὰρ
3638 2895 3790 2948 παρ-

2205 2962 2476 3030 εισφέρεις
2533 2964 2805 3034 δαιμόνων
2874 2966 3186 3036 ἀνθρώποις
3241 2968 3588 3037 Χριστιανοίς
3668 2970 3789 3031 τοῖς

2214 3055 2348 3125 μηδὲ
2376 3056 2603 3129 ἀκοῦσαί
2637 3075 2689 3109 τι
2721 3058 2961 3112 τοιοῦτον
3003 3059 3352 3129 ἀνεχομένοις
3387 3061 3535 3113 ποτέ.
3569 3061 3787 3113 Οὐκοῦν

2200 3143 2487 3212 ὁμώνυμός
2517 3148 2630 3215 είμι
2655 3148 2960 3215 Πλάτωνος,
2988 3150 3290 3221 ὁμότροπος
3307 3150 3361 3203 δὲ
3381 3150 3481 3203 ούκ
3506 3151 3621 3219 είμί
3645 3165 3660 3179 ’
3684 3148 3788 3210 οὒς

2203 3235 2308 3304 γὰρ
2351 3235 2413 3288 οὐ
2459 3236 2718 3291 συνάπτει
2746 3240 2966 3310 τρόπος,
3014 3240 3131 3294 οὐδὲ
3175 3240 3343 3310 ὄνομα
3391 3241 3612 3305 τούτους
3652 3259 3790 3297 συν-

2203 3324 2401 3394 ίστησι.
2436 3328 2493 3379 Ὀ
2555 3328 2611 3379 δὲ
2632 3329 2830 3397 τρόπος
2885 3328 3201 3397 συζευγνύει
3222 3367 3236 3391 ,
3266 3329 3415 3397 εἰμὴ
3441 3329 3599 3399 μόνον
3625 3334 3789 3384 εὐσέ-

2200 3418 2342 3484 ϐεια,
2370 3416 2511 3470 ὥστε
2544 3419 2619 3481 είς
2651 3418 2803 3471 οὐδὲν
2830 3407 3021 3480 ἐοικώς
3047 3420 3162 3488 είμι
3184 3420 3454 3485 Πλάτωνι,
3486 3422 3534 3473 εί
3569 3421 3643 3491 μὴ
3677 3427 3788 3491 μό-

2199 3524 2288 3559 νον
2319 3507 2458 3560 κατὰ
2481 3508 2538 3560 τὸ
2567 3508 2736 3577 ὄνομα
2763 3508 2921 3563 τοῦτο
2950 3508 3150 3580 βλάψαι
3184 3527 3288 3579 μου
3318 3510 3409 3563 τὸν
3443 3510 3641 3581 εὐσεϐῆ
3686 3513 3786 3565 λος

2198 3598 2395 3667 γισμὸν
2452 3599 2511 3652 οὐ
2565 3600 2789 3654 δύναται
2848 3600 3105 3656 πώποτε·
3168 3602 3488 3671 φιλοσοφίαν
3548 3602 3659 3671 γὰρ
3721 3605 3788 3655 ὲν

2195 3690 2417 3760 Χριστῷ
2442 3692 2799 3763 μετέρχομαι*
2834 3693 2939 3763 ἡδὲ
2969 3694 3175 3748 ἐκείνου
3205 3694 3492 3763 φιλοσοφία
3520 3693 3674 3763 παρὰ
3700 3695 3786 3764 τῷ

2196 3782 2315 3851 Θεῷ
2348 3784 2526 3852 μωρία
2554 3786 2702 3837 ἐστὶν
2735 3786 2826 3835 καὶ
2864 3785 3139 3847 ἀπωλείας
3166 3786 3423 3854 πρόξενος
3453 3788 3561 3848 τοῖς
3594 3786 3784 3838 πειθο-

2200 3872 2382 3939 μένοις
2441 3874 2577 3939 αύτῇ
2615 3888 2627 3900 ·
2660 3872 2972 3941 γέγραπται
3025 3874 3134 3940 γάρ
3160 3886 3173 3899 ·
3209 3871 3443 3925 ’Δπολῶ
3502 3872 3616 3937 τὴν
3664 3891 3783 3926 σο-

2197 3961 2344 4029 φίαν
2373 3960 2491 4013 τῶν
2518 3960 2745 4030 σοφῶν,
2790 3962 2885 4015 καί
2920 3962 3032 4030 τὴν
3070 3962 3328 4016 σύνεσιν
3354 3961 3471 4015 τῶν
3498 3964 3784 4020 συνετῶν

2195 4052 2490 4120 ἀθετήσω.
2523 4055 2605 4109 Τὰ
2648 4056 2755 4126 γὰρ
2788 4056 3033 4125 δόγματα
3064 4056 3173 4111 τῶν
3207 4056 3344 4109 θεῶν
3373 4055 3408 4111 ἂ
3456 4057 3520 4111 σὺ
3565 4056 3777 4125 λέγεις,

2194 4146 2395 4206 ἐκεῖνος
2426 4144 2577 4197 ἔθετο
2601 4145 2790 4214 μύθοις
2813 4147 3062 4214 ψευδέσιν
3090 4146 3183 4198 καὶ
3208 4147 3646 4216 πεπλανημένοις
3668 4163 3685 4179 ⁸
3709 4152 3778 4219 τῇ

2194 4235 2303 4303 γάρ
2335 4236 2517 4305 ἀπάτῃ
2549 4236 2655 4287 τῶν
2687 4237 2955 4305 δαιμόνων
2987 4238 3094 4289 τῶν
3110 4238 3464 4306 ψυχοφθόρων
3500 4256 3779 4306 στοιχεια-

2195 4326 2438 4395 ζόμενος,
2490 4327 2584 4378 καὶ
2640 4326 2838 4387 πάντες
2880 4328 2927 4379 oi
2974 4329 3095 4379 κατ’
3142 4331 3301 4381 αὐτὸν
3346 4329 3672 4397 τυφλοῦντες
3703 4335 3778 4386 τὰ

2194 4418 2441 4485 νοήματα
2482 4417 2634 4487 ὑμῶν
2672 4417 2757 4470 διὰ
2799 4420 2895 4483 τῆς
2934 4420 3277 4490 πανουργίας
3317 4420 3426 4473 τῶν
3461 4420 3632 4489 λόγων
3660 4424 3778 4477 ἀπὸ

2117 4525 2161 4579 ι)
2194 4508 2289 4577 τῆς
2319 4507 2617 4578 ἁπλότητος
2647 4511 2745 4577 τῆς
2781 4510 2859 4571 είς
2890 4509 2979 4562 τὸν
3016 4510 3249 4581 Χριστὸν
3277 4513 3589 4583 ἀπήγαγον.

2260 4618 2358 4674 ΙΘ’.
2390 4622 2541 4674 Μετὰ
2576 4622 2630 4675 δὲ
2675 4621 2731 4673 τὸ
2754 4621 3063 4676 παύσασθαι
3082 4625 3170 4677 τὸν
3203 4626 3455 4696 μάρτυρα
3478 4625 3772 4689 λαλοῦντα,

2192 4711 2327 4780 πρὸς
2359 4711 2456 4781 μὲν
2486 4714 2663 4779 ὀλίγον
2695 4713 2989 4779 ἐκπλαγεὶς
3028 4711 3058 4765 δ
3096 4713 3450 4783 Ἀγριππϊνος
3491 4718 3591 4786 τὴν
3626 4720 3773 4772 ἁπό-

2190 4820 2367 4867 κρισιρν
2396 4802 2556 4855 αὑτοῦ
2587 4803 2779 4871 ἔμενεν
2806 4803 2937 4864 τέως
2955 4804 3324 4872 ἀποκριθῆναι
3349 4806 3423 4874 μὴ
3441 4806 3770 4875 δυνάμενος,

2188 4892 2369 4961 Βραχί)
2394 4892 2447 4944 δὲ
2468 4892 2725 4955 κελεύσας
2749 4892 2965 4946 ἀπὸτοῦ
2991 4894 3149 4957 ξύλου
3167 4896 3326 4946 αὑτὸν
3351 4897 3768 4969 κατενεχθῆναι,

2184 4985 2507 5054 ἐπεχείρησε
2554 4985 2711 5039 πάλιν
2735 4986 2916 5053 λόγοις
2954 4988 3319 5051 ἐπαινετικοῖς
3361 4990 3567 5043 πείθειν
3598 4994 3768 5048 αὑτὸν

2184 5075 2354 5142 λέγων
2376 5093 2388 5106 '
2453 5076 2591 5141 Ἐγὼ
2630 5076 2837 5141 λοιπὸν,
2871 5078 3115 5140 Πλάτων,
3151 5080 3338 5147 ἁπορῶ
3385 5082 3449 5132 τά
3482 5085 3610 5149 περὶ
3664 5085 3765 5138 σοῦ

2187 5170 2281 5221 καὶ
2322 5167 2419 5220 οὐκ
2452 5163 2566 5220 οἴδα
2597 5168 2647 5221 τί
2676 5170 2874 5237 ὀφείλω
2894 5161 3315 5239 διαπράξασθαι.
3339 5173 3493 5227 Ἐπεὶ
3536 5172 3629 5227 οὖν
3667 5160 3764 5231 καὶ

2181 5256 2447 5325 τιμωρίας
2476 5257 2671 5318 πολλὰς
2698 5261 2997 5328 ἐπήγαγον,
3042 5262 3133 5312 καὶ
3161 5262 3315 5317 οὐδὲν
3355 5263 3516 5315 πλέον
3556 5266 3761 5335 ἠνυσα,

2181 5350 2272 5401 καὶ
2297 5350 2579 5413 κολακείας
2610 5350 2944 5419 προσέθηκα,
2978 5355 3070 5405 καὶ
3108 5355 3227 5406 οὐδὲ
3257 5353 3429 5419 οὕτως
3459 5356 3757 5428 ,ὠφέλησι

2184 5442 2276 5494 νῦν
2306 5442 2623 5510 ἐσκεψάμην
2654 5442 2889 5495 ἐνδοῦναί
2916 5461 2996 5497 σοι
3025 5447 3234 5513 ἡμέρας
3268 5448 3449 5510 τινὰς,
3485 5450 3616 5511 ῐσως
3654 5454 3759 5505 κᾶν

2182 5535 2354 5598 οὕτως
2410 5538 2651 5605 ἐπιγνῳς
2694 5537 2754 5587 τὸ
2798 5538 3217 5607 συμφέρον,καὶ
3264 5539 3603 5609 καταλείψας
3654 5545 3756 5611 τήν

2184 5628 2431 5698 ἔνστασίν
2465 5645 2555 5681 σου
2590 5626 2791 5697 ταύτην
2823 5628 3136 5693 προσέλθοις
3166 5633 3275 5693 τοῖς
3304 5630 3401 5702 τὴν
3424 5632 3753 5706 οἰκουμένην
