3972 6484
165 393 269 457 425

1414 385 1590 446 νιΤΑ
1622 386 1682 449 S.
1721 384 2112 450 PLATONIS.

3312 376 3417 446 416

164 511 479 573 διέπουσιν,
515 506 613 559 καὶ
646 502 969 573 ἀπαλλαγῇς
1000 500 1107 581 τῶν
1148 499 1509 570 περιεχόντων
1545 515 1605 552 σε
1645 516 1746 553 κα-

1867 500 2077 554 icccdes
2098 498 2163 553 ad
2193 498 2343 561 deos,
2380 497 2470 567 qui
2520 500 2837 552 universum
2886 498 3075 554 orbem
3106 508 3261 553 terra:
3318 490 3418 553 ad-

162 603 272 675 ξιῶν
291 616 303 630 ’
331 599 428 653 καὶ
454 597 629 651 ταῦτα
659 594 849 661 εἰπὼν,
882 593 1165 647 ἐκέλευσεν
1187 592 1349 645 αὑτὸν
1379 592 1745 663 ἀπενεχθῆναι

1849 590 2163 645 ministrant
2199 608 2210 642 :
2248 597 2301 643 et
2352 588 2670 646 liberaberis
2704 605 2734 643 a
2768 590 3026 660 gravibus
3106 592 3413 656 tormentis,

160 696 217 746 ὶν
273 695 338 763 τῇ
400 692 645 762 φυλακῇ,
707 686 1083 759 παραγγείλας
1151 687 1230 756 τῷ
1286 685 1744 757 κομενταρησίῳ,

1867 696 1966 749 [uae
1997 691 2048 733 te
2071 678 2485 734 circunsistunt.
2520 678 2647 732 llaec
2668 693 2790 733 cum
2820 678 3069 745 dixisset,
3102 681 3263 751 jussit
3288 699 3416 737 eum

161 786 393 852 οὖγκίαν
440 783 606 850 ἄρτου
644 782 881 835 δίδοσθαι
915 778 1063 848 αὐτῷ
1108 778 1230 831 καθ’
1265 778 1501 846 ἑκάστην
1534 777 1746 857 ἡμέραν

163 881 251 930 καὶ
281 879 514 946 χρασὶον
541 875 730 936 ὓδατος
756 872 849 926 καὶ
874 872 1019 938 παρά
1041 868 1267 940 μηδενὸς
1294 868 1524 937 ὁρᾶσθαι
1550 868 1710 921 αὐτόν
1728 881 1743 898 ·

162 970 380 1028 ὑπενόει
412 969 545 1037 γὰρ,
584 968 657 1035 μή
688 983 768 1029 τις
796 964 902 1017 τῶν
932 961 1299 1031 διαφερόντων
1325 962 1473 1031 αὐτῷ
1506 957 1749 1031 ὲπιδὼσῃ

160 1081 205 1113 τι
239 1060 394 1129 αὖτῴ
430 1061 490 1111 τὸ
546 1056 837 1127 διαθρέψαι
891 1054 1055 1109 αὐτὸν
1105 1053 1422 1122 δυνάμενον,
1481 1050 1691 1119 ἀγνοῶν
1720 1050 1748 1101 ό

159 1152 363 1214 ἄθλιος,
396 1152 480 1202 ὅτι
514 1152 636 1203 Οὐκ
666 1147 756 1201 ἐπ’
773 1146 928 1214 ἄρτῳ
946 1149 1111 1215 μόνῳ
1128 1144 1365 1206 ζήσεται
1411 1144 1744 1209 ἅνθρωπος,

162 1243 299 1296 ἀλλ’
324 1242 422 1295 ἐπὶ
456 1240 637 1294 παντὶ
667 1239 889 1308 ῥήματι
920 1235 1380 1306 ἐκπορευομένῳ
1408 1236 1503 1290 διὰ
1531 1236 1751 1303 στόμα-

164 1355 266 1400 τος
296 1336 471 1390 Θεοῦ.
510 1337 565 1389 Ὀ
589 1336 644 1389 δὶ
663 1335 811 1403 ἆγιος
841 1333 1063 1387 Πλάτων
1086 1333 1338 1401 ἐποίησεν
1363 1333 1419 1383 ὲν
1443 1334 1509 1403 τῇ
1534 1330 1747 1400 φυλακῇ

159 1426 545 1478 ὀκτωκαίδεκα
573 1425 787 1494 ἡμέρας
816 1438 829 1453 ·
863 1423 958 1476 καὶ
990 1422 1076 1475 ἵνα
1108 1422 1367 1495 πληρωθῇ
1401 1422 1460 1473 τὸ
1498 1438 1751 1490 γεγραμ-

162 1520 351 1587 μένον,
403 1520 487 1570 ὅτι
533 1518 597 1570 '0
643 1516 870 1582 δίκαιος
911 1516 980 1570 ἐκ
1029 1516 1287 1580 πίστεως
1337 1513 1601 1582 ζήσεται,
1651 1513 1753 1567 οὐκ

159 1610 431 1677 ἠθέλησεν
468 1605 623 1675 παρὰ
650 1606 742 1658 τοῦ
770 1605 1210 1675 κομενταρησίου
1234 1604 1397 1672 ἄρτον
1422 1603 1455 1674 ἡ
1488 1602 1633 1673 ὕδωρ
1659 1603 1755 1657 λα-

159 1699 296 1751 σιίν.
324 1697 481 1768 ’ῌδει
504 1696 612 1767 γὰρ
634 1700 662 1749 ὁ
682 1696 758 1768 τῷ
788 1695 987 1767 Δανιὴλ
1015 1698 1071 1748 ὲν
1101 1695 1248 1765 μέσῳ
1282 1695 1512 1747 λεόντων
1548 1694 1754 1765 τροφὴν

158 1791 512 1853 ἀποστείλας,
539 1789 700 1852 αὐτὸς
728 1788 820 1841 καὶ
844 1788 1004 1841 αὑτὸν
1028 1789 1084 1840 ἐν
1111 1790 1176 1856 τῇ
1210 1787 1423 1857 φυλακῇ
1453 1786 1752 1857 διαθρέᾁει.

171 1884 257 1942 Ὠς
285 1883 339 1933 δὲ
374 1882 426 1933 oi
455 1880 693 1950 φύλακες
726 1878 1014 1950 ἐθεώρουν,
1050 1878 1277 1948 μηδενὸς
1306 1877 1492 1930 τοῦτον
1521 1881 1754 1947 γευὸμεο

158 1990 266 2033 νον,
290 1970 666 2033 δειλιάεαντες
699 1970 772 2040 μὴ
793 1967 1065 2039 διαφθαρῇ
1110 1967 1214 2019 ὑπὸ
1243 1967 1334 2020 τοῦ
1364 1965 1550 2037 λιμοῦ,
1585 1985 1758 2038 παρε-

160 2063 363 2115 κάλουν
412 2060 578 2114 αὑτὸν
638 2061 931 2128 λέγοντεςσ
983 2062 1151 2128 Φάγε,
1185 2058 1465 2128 ἄνθρωπε,
1526 2060 1601 2130 μή
1642 2078 1761 2123 πως

162 2155 612 2224 κινδυνεύσωμεν
636 2156 794 2224 ἡμεῖς
820 2152 915 2207 σοῦ
938 2152 1167 2224 μηδενὸς
1187 2152 1432 2216 θέλοντος
1454 2152 1758 2219 γεύσασθαι

161 2244 266 2295 τῶν
301 2243 773 2313 προαιρερομένων
806 2258 889 2294 σοι
922 2244 1052 2311 παρ’
1079 2240 1253 2310 ζμῶν.
1302 2241 1362 2294 '0
1388 2240 1441 2293 δὲ
1485 2240 1758 2313 μακάριος

162 2336 391 2388 Πλάτων
454 2330 641 2387 εἶπενο
696 2334 786 2404 Μὴ
839 2333 1123 2405 νομίσητε,
1162 2327 1206 2387 ὦ
1259 2332 1473 2404 ἄνδρες,
1524 2333 1604 2386 ἔτι
1648 2331 1759 2400 ἐγὼ

163 2428 476 2495 τελευτήσω
526 2426 720 2497 τούτου
751 2425 913 2497 χάριν
944 2426 1038 2480 τοῦ
1092 2426 1166 2496 μὴ
1199 2425 1373 2478 θέλειν
1406 2425 1612 2479 ἐσθίειν
1657 2442 1756 2493 με’

165 2523 309 2591 ὑμᾶς
341 2522 455 2591 γάρ
479 2520 671 2591 τρέφει
699 2520 881 2590 ἄρτος,
909 2519 1006 2586 ἐμὲ
1035 2517 1091 2570 δὲ
1122 2517 1279 2585 λόγος
1304 2516 1554 2586 ἀληθινὸς
1579 2516 1761 2587 διαμέ-

162 2633 268 2666 νων
294 2615 375 2673 εἰς
405 2613 580 2667 αἰῶνα
602 2611 795 2671 αἰῶνος
819 2626 832 2639 ·
866 2610 955 2662 καὶ
984 2609 1125 2679 ὑμᾶς
1158 2607 1256 2677 μὲν
1290 2609 1543 2678 χορτάζει
1565 2611 1756 2679 κρέας,

162 2707 261 2773 ἐμὲ
297 2706 352 2757 δὲ
394 2705 551 2775 εὐχή.
591 2703 765 2773 Tui;
799 2700 1081 2772 εὐφραίνει
1116 2694 1392 2768 οἶνος,ἐμὲ
1415 2700 1471 2753 δὲ
1500 2702 1755 2770 Χριστὸς,

162 2797 195 2865 ἡ
236 2796 473 2866 ἀληθινὴ
538 2794 631 2847 τοῦ
678 2794 913 2863 ἀοράτου
983 2792 1192 2863 Πατρός
1248 2791 1510 2861 ἄμπελος.
1572 2792 1758 2862 Ὑμεῖς

167 2888 509 2955 ςτροεδοκᾶτε
552 2884 771 2937 ἔπαινον
816 2882 969 2952 παρά
999 2882 1303 2953 ἀνθρώπων
1334 2881 1608 2948 ἀκοῦσαι,
1650 2882 1760 2951 ἑγὼ

162 2981 214 3032 δὲ
241 2979 432 3047 φωνὴν
463 2977 800 3047 Δεσποτικὴν
832 2976 972 3030 κατὰ
1002 2977 1098 3046 τὴν
1122 2975 1337 3045 ἡμέραν
1372 2977 1471 3045 τῆς
1502 2975 1756 3045 κρίσεως,

164 3070 286 3139 καθ’
321 3069 389 3137 ἣν
421 3069 540 3137 ἐρεῖ
586 3070 613 3121 ὁ
669 3059 965 3137 λυτρωτὴς
1028 3065 1122 3117 τοῦ
1186 3067 1395 3130 κόσμου
1456 3066 1694 3133 Χριστός
1743 3082 1757 3096 ·

1851 771 2116 825 reduciin
2152 770 2481 832 custodiam,
2530 771 2732 836 jubens
2774 775 3253 829 commentariensi
3284 792 3424 845 quo-

1850 864 1979 923 tidie
2012 865 2063 919 ei
2091 865 2217 919 dare
2245 866 2458 920 unciam
2484 867 2641 935 panis
2675 875 2730 921 et
2758 877 2944 937 potum
2973 878 3259 937 aquam,et
3291 885 3421 941 pm.

1852 957 2047 1012 bibens
2065 972 2131 1011 ne
2148 956 2215 1011 ab
2240 958 2347 1009 ullo
2370 956 2675 1010 videretur.
2693 957 2998 1012 Verebatur
3016 958 3185 1019 enim,
3208 974 3274 1012 ne
3293 959 3419 1024 quis

1850 1064 1915 1105 ex
1944 1050 2012 1103 iis
2045 1049 2139 1119 qui
2168 1049 2235 1104 ad
2271 1049 2449 1118 ipsum
2484 1048 2791 1103 attinebant
2818 1049 2867 1103 ei
2910 1050 3064 1103 daret
3101 1049 3359 1103 alimenta
3404 1068 3419 1105 :

1854 1144 2109 1213 ignorans
2138 1141 2521 1211 stultus,quod
2554 1139 2674 1194 Non
2703 1143 2752 1193 in
2780 1141 2893 1194 solo
2921 1156 3056 1208 pane
3097 1141 3217 1194 vivit
3252 1143 3427 1205 homo,

1853 1235 1949 1289 sed
1994 1236 2047 1289 in
2080 1236 2219 1288 omni
2246 1235 2395 1288 verba
2440 1236 2576 1303 quod
2636 1236 2741 1287 exit
2799 1250 2891 1302 per
2941 1250 2998 1286 os
3044 1232 3137 1287 Dei
3167 1233 3227 1286 ¹⁸.
3282 1232 3427 1287 San-

1853 1340 1973 1385 ctus
2001 1339 2185 1385 autem
2235 1329 2388 1383 Plato
2421 1328 2687 1397 transegit
2732 1328 2919 1382 decem
2966 1336 3020 1381 et
3054 1335 3179 1381 octo
3211 1326 3331 1381 dies
3366 1326 3420 1379 in

1853 1422 2122 1485 custodia,
2148 1432 2204 1477 et
2230 1430 2289 1475 ut
2320 1420 2373 1473 in
2411 1420 2530 1489 ipso
2561 1433 2776 1489 quoque
2814 1418 3137 1487 impleretur
3183 1416 3239 1471 id
3279 1416 3427 1487 quod

1856 1515 2120 1584 scriptum
2152 1524 2269 1569 est:
2306 1513 2487 1568 Justus
2513 1527 2577 1565 ea:
2611 1512 2714 1581 ﬁde
2744 1514 2877 1565 vivet
2910 1514 2979 1575 ι’,
3014 1511 3192 1566 noluit
3223 1527 3254 1565 a
3276 1525 3430 1567 com-

1856 1606 2214 1663 mentariensi
2248 1621 2446 1677 panem
2473 1604 2702 1660 omnino
2757 1616 2852 1660 aut
2914 1620 3110 1675 aquam
3158 1606 3429 1674 accipere.

1856 1698 2263 1765 Sciebatenim,
2294 1699 2441 1769 quod
2468 1698 2560 1768 qui
2592 1697 2970 1754 Danielimisit
3000 1698 3429 1761 nutrimentum,

1858 1788 1951 1860 qui
1980 1798 2099 1843 erat
2129 1789 2184 1843 in
2223 1789 2405 1844 medio
2464 1788 2683 1843 leonum
2716 1788 2783 1851 “,
2818 1789 2936 1858 ipse
2977 1789 3154 1860 ipsum
3213 1804 3433 1860 quoque

1861 1881 2064 1935 nutriet
2126 1881 2181 1935 in
2257 1881 2526 1936 custodia.
2584 1878 2877 1949 Postquam
2930 1890 3112 1935 autem
3176 1884 3432 1937 custodes

1860 1987 1985 2027 eum
2037 1970 2292 2029 viderunt
2327 1971 2466 2024 nihil
2529 1985 2772 2035 sumere,
2830 1971 2987 2024 veriti
3013 1986 3081 2024 ne
3125 1970 3434 2026 interircta

1864 2063 2026 2131 fame,
2049 2078 2170 2118 eum
2196 2062 2841 2127 hortabantur,dicentes
2868 2060 3162 2127 :Comede,
3188 2076 3222 2117 ο
3245 2062 3435 2123 homo,

1860 2167 1931 2206 ne
1956 2152 2097 2207 forte
2132 2152 2417 2206 veniamus
2451 2151 2505 2205 in
2552 2150 2879 2218 periculum,
2911 2151 2956 2205 si
2991 2159 3049 2205 tu
3080 2150 3223 2205 nolis
3276 2151 3438 2219 quid-

1861 2259 2024 2316 quam
2080 2253 2298 2316 gustare
2338 2258 2528 2297 eorum
2561 2257 2682 2312 qua:
2731 2242 2826 2297 tibi
2859 2257 2888 2295 a
2922 2242 3079 2296 nobis
3103 2241 3433 2298 olieruntur.

1863 2336 2062 2392 Beatus
2092 2346 2274 2390 autem
2299 2334 2453 2389 Plato
2486 2333 2656 2389 dixit:
2689 2331 2768 2388 Nc
2792 2330 3139 2399 existimetis,
3161 2349 3193 2389 o
3217 2332 3438 2391 fratres.

1864 2442 1951 2481 me
2002 2426 2331 2481 moriturum
2388 2432 2697 2494 pr0pterea,
2764 2424 2909 2492 quod
2976 2439 3084 2479 non
3137 2425 3439 2479 comedam.

1864 2516 1970 2572 Vos
1994 2516 2139 2571 enim
2173 2516 2347 2570 nutrit
2375 2515 2556 2585 panis,
2606 2530 2693 2569 me
2715 2526 2896 2573 autem
2923 2516 3151 2573 verbum
3191 2514 3286 2571 Dei
3310 2533 3439 2587 per-

1863 2622 2093 2662 manens
2126 2606 2181 2662 in
2212 2617 2478 2661 :eternum
2504 2624 2517 2660 :
2544 2614 2598 2660 et
2622 2622 2717 2661 vos
2741 2608 2961 2669 quidem
2994 2608 3196 2661 satiant
3222 2624 3439 2673 carnes,

1864 2714 1950 2755 me
1984 2708 2167 2753 autem
2199 2714 2351 2768 purae
2383 2713 2594 2768 preces.
2642 2699 2750 2753 Vos
2796 2698 3035 2756 laetiﬁcat
3090 2700 3297 2765 vinum,
3354 2715 3441 2757 nte

1864 2798 2047 2843 autem
2080 2788 2357 2853 Christus,
2395 2804 2521 2842 vera
2572 2789 2698 2843 vitis
2741 2788 2939 2856 Patris,
2984 2791 3077 2860 qui
3122 2806 3233 2845 non
3294 2790 3445 2847 cadit

1865 2880 1967 2934 sub
2007 2890 2313 2949 aspectum.
2356 2879 2460 2934 Vos
2502 2881 2840 2950 exspectatis
2875 2883 3069 2938 audire
3125 2882 3345 2941 laudem
3370 2883 3441 2938 ab

1864 2970 2179 3031 hominibus
2215 2989 2227 3024 :
2257 2986 2357 3041 ego
2388 2981 2571 3026 autem
2632 2988 2822 3029 vocem
2874 2973 3213 3030 Dominicam
3253 2975 3307 3030 in
3354 2976 3446 3033 die

1861 3063 2077 3131 judicii,
2104 3078 2211 3134 qua
2236 3064 2378 3117 dicet
2407 3064 2738 3134 Redemptor
2764 3067 2951 3120 mundi
2983 3067 3235 3123 Christus
3272 3087 3285 3123 :
3346 3066 3446 3123 Ve-

166 3159 369 3225 Δεῦτε,
396 3162 450 3212 οι
484 3157 881 3228 εὐλογημένοι
933 3156 1041 3211 τοῦ
1079 3156 1307 3224 Πατρός
1333 3172 1488 3224 μουο
1524 3160 1737 3224 κληρο-

1868 3154 1994 3221 nite,
2045 3155 2299 3208 benedicti
2326 3156 2504 3210 Patris
2548 3153 2668 3215 inci.
2708 3158 2963 3226 possidete
3019 3170 3270 3230 paratum
3304 3160 3447 3216 vobis

168 3256 482 3323 νομήσατε
548 3252 664 3320 τὴν
728 3251 1182 3322 ήτοιμααμενην
1238 3248 1384 3319 ὑμῖν
1424 3248 1755 3314 ,ϐασιλείαν

166 3348 284 3400 ἀπὸ
343 3364 418 3399 κα
428 3345 689 3414 ταΰολῆς
724 3346 979 3415 κόσμου.

237 3439 321 3494 ις’.
341 3440 499 3492 Μετᾶ
530 3438 586 3491 δὲ
613 3436 828 3508 ἡμέρας
857 3431 1008 3502 τινάς
1040 3440 1383 3510 προκαθίσας
1412 3444 1438 3495 ὁ
1473 3443 1761 3513 Ἀγριππῖο

169 3548 252 3592 νος
300 3534 362 3582 ἰν
412 3530 480 3599 τῇ
536 3527 816 3597 βασιλικῇ,
859 3529 1145 3582 ἐκέλευσεν
1194 3533 1429 3602 ἀχθῆναι
1457 3536 1549 3591 τὸν
1600 3535 1756 3601 ἅγιον

173 3623 464 3676 Πλάτωνα.
516 3620 800 3691 Ἀχθέντος
826 3619 886 3673 δὲ
927 3622 1115 3690 αὑτοῦ,
1166 3619 1320 3677 εἶπεν
1366 3627 1501 3696 πρὸς
1552 3627 1716 3680 αὐτόν
1744 3642 1757 3657 ⁶

173 3715 438 3785 Πεξσθητί
485 3732 577 3785 μοι
623 3714 836 3779 λοιπὸν,
888 3718 983 3769 καὶ
1013 3715 1176 3769 θῦσον
1206 3720 1318 3783 τοῖς
1365 3718 1527 3785 θεοῖς,
1578 3722 1672 3774 καὶ
1704 3722 1763 3773 τὸ

174 3812 360 3870 κακῶς
382 3808 684 3863 ἀποθανεῖν
719 3809 1008 3879 κέρδησον.
1053 3810 1111 3863 Ὀ
1145 3812 1298 3880 ἅγιος
1318 3812 1542 3866 Πλάτων
1570 3810 1721 3867 εἶπεν
1745 3828 1759 3844 ⁸

184 3903 338 3973 Ἐμοὶ
363 3903 425 3954 τὸ
456 3901 559 3972 ζῇν
588 3901 823 3971 Χριστὸς
847 3902 1017 3953 καὶτὸ
1044 3904 1341 3956 ἀποθανεῖν
1372 3906 1580 3972 κέρδος.
1613 3907 1763 3959 Ποίει

175 3993 262 4052 οὖν
297 3996 358 4045 ὲν
387 3992 548 4061 τάχει
579 3995 660 4055 εἰς
696 3992 795 4061 ἐμὲ
824 3991 852 4044 ὃ
875 3991 1088 4062 βούλει·
1110 3993 1230 4063 ἐγὼ
1248 3998 1355 4067 γὰρ
1390 3997 1449 4049 οὐ
1478 3996 1590 4051 θύω
1614 3998 1767 4052 εἰδώ-

176 4085 283 4149 λοις
314 4086 578 4155 ἀψύχοις.
603 4084 738 4137 Τότε
780 4084 901 4138 ἰδὼν
924 4086 985 4140 τὸ
1016 4089 1352 4157 ἀμετάθετον
1397 4090 1498 4161 τῆς
1527 4091 1767 4158 πίστεως

179 4178 370 4243 αὑτοῦ,
411 4179 620 4232 ἔδωκεν
652 4177 926 4249 ἀπόφασιν
961 4180 1082 4233 κατ’
1116 4182 1304 4247 αὑτοῦ,
1338 4182 1426 4235 ἵνα
1463 4186 1758 4256 ἀποτμηθῇ

178 4272 386 4342 κειραλὴ
412 4269 607 4325 αὐτοῦ.
634 4269 905 4334 Λαῦόντες
929 4270 984 4323 δὲ
1009 4271 1233 4326 αὖτὸνοὶ
1256 4271 1463 4342 δήμιοι,
1482 4274 1768 4345 ἀπήγαγον

179 4364 277 4428 ἔξω
296 4364 399 4433 τῆς
418 4361 633 4425 πόλεως
653 4364 709 4415 ὲν
732 4362 809 4433 τῷ
827 4363 977 4433 τόπῳ
1001 4363 1375 4437 ἐπιλεγομένῳ
1391 4367 1634 4439 Κάμπῳ.
1659 4367 1770 4422 Καὶ

188 4460 314 4519 στὰς
346 4459 376 4507 ό
409 4455 568 4521 ἅγιος
591 4454 800 4523 μάρτυς
826 4456 1198 4526 παρεκάλεσεν
1223 4458 1314 4511 τδν
1340 4461 1769 4532 σπεκουλάτορα,

1869 3262 2086 3318 regnum
2110 3256 2232 3304 ante
2267 3249 2449 3302 mundi
2478 3250 2901 3303 constitutionem
2924 3252 2989 3305 ¹¹.

1935 3448 2055 3504 XX.
2094 3447 2357 3504 Postdies
2384 3458 2568 3502 autem
2602 3448 2812 3519 aliquot
2848 3448 3152 3518 praesidens
3184 3449 3444 3521 Agrippi-

1867 3560 1969 3600 nus
2001 3544 2053 3598 in
2091 3543 2336 3608 basilica,
2365 3543 2532 3613 jussit
2554 3554 2802 3598 sanctum
2840 3544 3126 3599 Platonem
3162 3543 3233 3597 ad
3263 3544 3444 3612 ipsum

1867 3635 1992 3690 duci
2019 3650 2049 3689 e
2083 3635 2351 3689 custodia.
2379 3634 2517 3690 Cum
2544 3646 2727 3689 autem
2751 3637 2950 3689 ductus
2980 3644 3151 3697 esset,
3183 3634 3318 3689 dicit
3358 3634 3445 3695 ei;

1865 3728 2005 3783 Pare
2033 3727 2163 3781 mihi
2200 3729 2266 3782 de
2295 3735 2516 3793 cetero,
2577 3735 2634 3781 ct
2681 3726 2787 3782 diis
2816 3727 3089 3791 sacriﬁca,
3126 3727 3447 3790 etlucrare,

1869 3838 1937 3877 ne
1964 3823 2103 3877 male
2154 3820 2431 3877 moriaris.
2495 3820 2639 3875 Dixit
2682 3831 2906 3876 sanctus
2953 3821 3107 3876 Plato
3153 3838 3166 3874 :
3209 3819 3337 3874 Mihi
3365 3821 3449 3875 vi-

1870 3930 2019 3979 vere,
2062 3914 2316 3967 Christus
2348 3930 2361 3965 :
2388 3922 2445 3966 et
2472 3928 2572 3982 pro
2607 3916 2734 3982 ipso
2776 3915 2937 3977 mori,
2982 3924 3037 3968 et
3067 3915 3281 3968 lucrum
3314 3914 3359 3945 “
3394 3922 3452 3967 et

1868 4004 2190 4079 gloria.Fac
2214 4018 2346 4076 ergo
2376 4001 2513 4058 mihi
2562 4002 2697 4063 cito.
2735 4002 2882 4071 quod
2935 4003 3096 4066 velis,
3148 4018 3249 4074 ego
3297 4002 3447 4058 enim

1871 4114 2155 4170 nunquam
2215 4096 2539 4153 sacriﬁcabo
2591 4094 2903 4151 simulacris
2933 4093 3219 4152 inanimis.
3291 4095 3449 4149 Tunc

1871 4207 1997 4249 cum
2027 4191 2256 4246 vidisset
2282 4189 2614 4261 Agrippinus
2653 4187 2815 4241 ﬁdem
2860 4189 2982 4257 ejus
3028 4185 3447 4253 immutabilem,

1872 4284 1999 4339 tulit
2024 4282 2083 4337 in
2113 4298 2238 4339 eum
2278 4279 2634 4343 sententiam,
2673 4288 2735 4332 ut
2760 4288 2925 4347 caput
2951 4277 3001 4332 ei
3035 4286 3445 4347 amputaretur.

1873 4376 2009 4433 Cum
2051 4390 2178 4447 ergo
2226 4388 2354 4429 eum
2398 4371 2744 4445 accepissent
2801 4371 3046 4436 lictores,
3101 4370 3453 4430 abduxerunt

1876 4478 2030 4525 extra
2054 4467 2339 4522 civitatem
2376 4465 2429 4518 in
2456 4463 2596 4529 loco,
2624 4463 2718 4532 qui
2753 4475 2979 4518 vocatur
3002 4463 3259 4535 Campus.
3287 4464 3453 4521 Stans

180 4546 315 4601 ὥστε
357 4544 607 4599 ἐνδοῦναι
640 4546 791 4614 αὐτῷ
827 4548 1252 4620 προσεύξασθαι,
1274 4554 1367 4607 καὶ
1397 4552 1608 4621 ἐπάρας
1645 4556 1759 4617 τοὺς

1875 4569 2060 4615 autem
2090 4566 2315 4611 sanctus
2356 4562 2585 4627 martyr,
2608 4556 2819 4626 rogavit
2845 4532 3263 4625 spiculator'em,
3302 4566 3362 4610 ut
3401 4556 3454 4617 ei

180 4639 495 4711 ὀφθαλμοὺς
516 4637 682 4691 αὑτοῦ
708 4639 786 4702 si;
806 4640 898 4694 τὸν
919 4642 1168 4715 οὐρανὸν,
1186 4644 1338 4697 εἶπεν
1354 4660 1369 4676 ο
1398 4644 1566 4715 Κύριε
1590 4646 1768 4717 Ἰησοῦ

182 4734 404 4805 Χριστὲ,
436 4731 732 4802 πρόσδεξαι
756 4732 813 4785 ἐν
838 4734 1032 4807 εἰρήνῃ
1055 4736 1156 4811 τὴν
1175 4736 1353 4808 ψυχήν
1379 4754 1479 4807 μου
1508 4753 1521 4766 ·
1550 4740 1643 4792 καὶ
1673 4742 1768 4792 εκ.

183 4826 363 4889 τείνας
387 4825 481 4879 τὸν
506 4825 705 4879 ἑαυτοῦ
728 4827 1021 4899 τράχηλον,
1054 4823 1207 4882 εἶπεν
1230 4828 1309 4900 τῷ
1336 4831 1733 4902 σπεκουλάτορι
1754 4850 1765 4862 ο

189 4916 333 4967 [lout
356 4915 421 4967 τδ
439 4914 786 4985 προσταχθέν
815 4933 917 4969 σοι.
957 4916 1091 4970 Τότε
1122 4919 1149 4970 ό
1188 4920 1577 4993 σπεκουλάτωρ
1609 4922 1772 4997 κρού-

192 5022 284 5070 σας
311 5006 485 5059 αὐτὺν
508 5005 593 5073 τῷ
612 5004 778 5075 ξίφει,
804 5008 1081 5079 ἀπέτεμεν
1105 5010 1269 5064 αὐτοῦ
1292 5009 1389 5083 τὴν
1413 5013 1654 5084 κεφαλὴν
1678 5015 1774 5068 καὶ

190 5102 511 5171 παρέδωκεν
530 5096 593 5150 τὸ
611 5098 827 5169 πνεῦμα
844 5101 1009 5155 αὑτοῦ
1033 5101 1106 5173 τῷ
1124 5103 1333 5177 Κυρίῳ.
1357 5107 1429 5159 Τὸ
1448 5107 1503 5159 δὲ
1524 5106 1775 5177 λείψανον

189 5192 280 5244 τοῦ
341 5194 507 5261 ἁγίου
566 5192 658 5245 καὶ
709 5194 1343 5263 μακαρίουθῐιλάτωνος
1403 5197 1659 5268 λαῦόντες
1723 5199 1775 5251 oi

194 5285 519 5357 Χριστιανοὶ
551 5283 847 5338 κατέθεντο
870 5288 926 5340 ἐν
952 5286 1029 5376 τῷ
1055 5289 1205 5361 αὐτῷ
1234 5290 1407 5366 τόπῳ.
1454 5290 1773 5363 Ἐτελειώθη

193 5377 247 5430 δὲ
280 5380 308 5429 δ
342 5376 500 5451 ἅγιος
526 5376 755 5451 Πλάτων
789 5376 921 5448 μηνὶ
951 5378 1245 5457 Νοεμϐρίῳ
1279 5389 1367 5452 ιη’,
1396 5381 1773 5451 βασιλεύοντος

195 5471 283 5525 τοῦ
327 5470 539 5542 Κυρίου
579 5469 737 5547 ἡμῶν
800 5472 975 5542 Ἰησοῦ
1019 5473 1283 5545 Χριστοῦ,
1331 5470 1374 5546 ᾧ
1416 5478 1449 5545 ἡ
1504 5476 1633 5542 δόξα
1679 5476 1777 5528 καὶ

196 5563 252 5616 τ’)
293 5562 496 5631 κράτος
543 5557 644 5611 νῦν
696 5560 791 5613 καὶ
836 5564 916 5627 εἰς
966 5563 1091 5628 τοὺς
1141 5566 1345 5630 αἰῶνας
1392 5565 1499 5621 τῶν
1541 5564 1771 5622 αἰώνων.

206 5659 393 5731 Ἀμήν-

297 5778 338 5808 ’⁸
370 5778 659 5836 Dent.vnt,
695 5773 759 5836 5;
793 5769 983 5827 Matth.
1016 5775 1164 5840 tv,4.

198 5847 281 5900 ιι.
388 5851 431 5878 ’⁸
462 5847 703 5913 Philipp.
730 5860 767 5906 ι,
827 5843 922 5895 21.

515 5942 795 5997 ΡΑτκοι..
844 5936 959 5993 Gtt.
1009 5933 1184 5993 CXV.

1276 5777 1318 5808 "
1355 5774 1558 5833 Habac.
1588 5794 1643 5844 ιι,
1691 5779 1755 5841 4,
1788 5776 1951 5832 Hebr.
1984 5794 2035 5836 τι.
2068 5778 2155 5829 38.

1878 4663 2070 4720 parum
2088 4647 2246 4718 spatii
2268 4647 2603 4703 concederet
2628 4647 2695 4702 ad
2725 4648 3017 4702 orandum.
3073 4647 3178 4714 Qui
3222 4648 3453 4704 sublatis

1875 4742 1934 4798 in
1966 4742 2167 4799 caelum
2193 4741 2307 4799 suis
2329 4741 2524 4807 oculis,
2550 4740 2839 4795 Dominum
2862 4741 3058 4805 oravit,
3080 4741 3269 4797 dicens
3297 4760 3309 4795 :
3338 4744 3453 4813 Ago

1878 4834 1976 4890 tibi
2011 4836 2234 4907 gratias,
2269 4833 2499 4888 Domine
2530 4830 2662 4889 Jesu
2678 4829 2922 4896 Christe,
2950 4833 3095 4904 quod
3134 4844 3329 4889 sancto
3356 4842 3451 4886 tuo

1878 4930 2103 4984 nomine
2161 4925 2448 4997 protexisti
2488 4941 2577 4980 me
2639 4940 2863 4979 servum
2909 4934 3086 4989 tuum,
3145 4933 3203 4980 et
3253 4923 3451 4979 dedisti

1877 5015 2013 5075 mihi
2042 5017 2299 5087 gratiam,
2332 5024 2393 5069 ut
2427 5014 2670 5085 perfecte
2717 5028 2940 5069 cursum
2990 5011 3316 5076 conﬁcerem
3354 5029 3453 5083 pro

1878 5118 1931 5164 te
1972 5106 2209 5177 suscepti
2235 5105 2578 5162 certaminis.
2635 5106 2702 5161 Et
2739 5121 2886 5167 nunc
2932 5119 3063 5177 rogo
3099 5092 3175 5171 te,
3234 5106 3453 5177 suscin

1878 5200 1933 5255 in
1962 5216 2093 5271 pace
2148 5201 2386 5255 animam
2414 5215 2593 5256 meam
2621 5216 2634 5252 :
2660 5198 2924 5269 quoniam
2952 5214 3015 5256 es
3040 5198 3370 5256 benedictus
3396 5201 3453 5265 in

1879 5293 2097 5349 secula.
2123 5294 2319 5348 Amen.
2350 5291 2505 5347 Tunc
2535 5306 2658 5345 cum
2686 5290 2890 5348 collum
2928 5306 3089 5345 suum
3113 5291 3457 5357 estendisset

1880 5386 2014 5441 dixit
2068 5384 2387 5457 spiculatori
2421 5402 2434 5436 :
2471 5382 2576 5438 Fat:
2635 5383 2848 5447 amice,
2912 5381 2966 5437 id
3011 5382 3156 5453 quod
3203 5382 3306 5439 fuit
3357 5385 3455 5443 tibi

1884 5480 2231 5550 imperatum.
2248 5476 2557 5549 Spiculator
2577 5485 2760 5530 autem
2780 5489 2905 5530 eum
2925 5474 3105 5547 gladio
3122 5476 3457 5547 percutiens,

1884 5572 2114 5630 abscidit
2163 5571 2282 5641 ejus
2344 5577 2597 5624 sanctum
2632 5578 2797 5638 caput
2840 5582 2856 5623 :
2896 5577 2951 5623 et
2987 5568 3171 5623 statim
3228 5569 3459 5625 tradidit

1886 5665 2117 5720 Domino
2153 5679 2311 5719 suum
2340 5662 2617 5732 spiritum.
2647 5660 2907 5717 Pretiosa:
2951 5672 3133 5717 autem
3162 5671 3215 5716 et
3251 5672 3459 5718 sancta:

2270 5776 2315 5805 ὀ
2352 5774 2486 5827 Dan.
2527 5774 2745 5840 “v.32.
2784 5790 2934 5845 seqq.
3049 5778 3087 5807 ’ί
3117 5774 3308 5834 Matth.
3334 5793 3456 5833 xxv.

3054 5938 3121 5995 Η
