3972 6444
564 348 667 410 427
1888 355 2123 416 MENSI

2229 357 2506 421 lULlUS.
3719 356 3833 419 6'28

564 464 706 520 beati
749 464 990 521 Platonis
1026 467 1270 539 reliquias
1307 478 1543 540 accepta:
1592 486 1622 524 a
1669 469 2027 533 Christianis,
2063 470 2325 542 deposita:
2377 472 2603 529 fuerunt
2641 473 2700 529 in
2732 473 2927 531 eodem
2959 475 3103 540 loco,
3170 476 3266 545 qui
3313 474 3520 532 dicitur
3566 472 3837 542 Campus.

557 563 979 620 Consummatus
1040 574 1225 621 autem
1292 565 1396 621 fuit
1456 577 1678 623 sanctus
1728 577 1785 623 et
1846 568 2121 639 gloriosus
2179 578 2411 641 martyr,
2461 572 2618 628 Plato
2671 556 3044 634 beatissimus,
3102 570 3308 624 mensis
3356 566 3687 622 Novembris
3732 565 3838 617 de-

558 656 702 711 cimo
758 667 974 726 octavo,
1028 667 1295 731 regnante
1354 659 1589 715 Domino
1644 669 1835 715 nostro
1887 658 2021 716 Jcsu
2079 659 2300 719 Christo
2341 662 2477 719 :cui
2508 664 2679 735 gloria
2711 673 2767 720 et
2816 663 3065 734 potentia
3107 663 3165 717 in
3209 659 3411 718 saecula
3474 657 3837 714 seculorum.

557 754 754 810 Amen.
3610 757 3623 773 .

563 875 3794 907 MM

1654 1007 2759 1126 ΥΠΟΜΝΗΜΑΤΑ

956 1217 1185 1303 ΤΩΝ
1260 1216 1599 1304 ΑΓΙΩΝ
1674 1218 1975 1303 ΕΠΤΑ
2040 1214 2467 1304 ΠΑΙΔΩΝ
2542 1215 2768 1302 ΤΩΝ
2844 1214 2987 1299 ΕΝ
3062 1206 3423 1298 ΕΦΕΣΩ

1468 1384 1672 1438 ΠΕΡΙ
1747 1384 1906 1437 ΤΗΣ
1970 1380 2557 1437 ΑΝΔΣΤΑΣΕΩΣ
2634 1380 2942 1435 ΑΥΤΩΝ.

885 1619 1739 1717 COMMENTARII
1861 1621 2324 1711 SEPTEM
2446 1614 3467 1709 ADOLESCENTIUM

1638 1801 1775 1875 QUI
1836 1800 2118 1862 EPHESI
2177 1797 2734 1862 DORMIERUNT.

1105 1957 1303 2021 (Latine
1335 1970 1413 2021 ap.
1446 1955 1645 2007 Surium
1679 1954 1739 2005 ad
1785 1954 1903 2004 Julii
1930 1953 2019 2011 27;
2068 1950 2239 2003 Graece
2269 1962 2330 2001 ex
2360 1952 2468 2001 cod.
2492 1966 2585 2001 ms.
2616 1951 2773 2013 Paris,
2812 1965 2863 2002 n.
2889 1951 3026 2015 1685,
3048 1965 3163 2003 sec.
3187 1954 3277 2016 xi.)

616 2175 657 2230 l.
694 2174 942 2230 Tenente
994 2172 1161 2229 Decio
1202 2171 1436 2226 Romani
1486 2171 1701 2242 imperii
1742 2170 2124 2242 principatum,

2310 2175 2389 2229 A'.
2432 2174 2701 2243 Ἐγένετο,
2730 2173 3115 2244 βασιλεύοντος
3178 2174 3369 2229 Δεκίου
3403 2175 3504 2245 τῆς
3532 2175 3644 2229 τῶν
3690 2176 3832 2229 Ῥω-

545 2266 762 2327 aecidit,
796 2274 857 2320 ut
888 2266 1005 2336 ipse
1034 2280 1101 2320 ex
1126 2264 1466 2336 Cartagenna
1496 2263 1715 2318 civitate
1747 2262 1798 2316 in
1829 2264 2124 2333 Ephesum,

2242 2267 2420 2334 μαίων
2444 2266 2646 2337 ἀρχῆς,
2682 2266 2966 2319 κατελθεῖν
2998 2266 3161 2319 αὐτὸν
3186 2268 3241 2318 ὲν
3260 2266 3499 2337 πρώτοις
3521 2268 3628 2321 άπὸ
3664 2270 3829 2337 Καρ-

545 2360 719 2413 multo
758 2358 944 2413 furore
981 2358 1245 2427 percitus,
1274 2356 1652 2412 descenderet.
1687 2356 1841 2410 Tunc
1869 2356 2050 2411 omnis
2076 2358 2124 2411 li-

2238 2356 2473 2424 θαγένης
2509 2357 2611 2424 τῆς
2667 2357 2872 2419 πόλεως
2925 2358 2983 2409 tv
3045 2358 3259 2428 Ἐφέσῳ
3307 2364 3364 2413 ὲν
3406 2362 3589 2432 πολλῷ
3630 2362 3824 2431 θυμῷ.

546 2452 736 2507 nitima
785 2449 933 2521 regio
982 2450 1036 2504 in
1069 2464 1188 2503 eam
1242 2449 1431 2503 urbem
1472 2449 1756 2512 convenit,
1800 2456 1860 2501 ut
1896 2448 2048 2502 vanis
2081 2459 2124 2503 et

2238 2447 2485 2519 Συνήχθη
2537 2446 2593 2500 δὲ
2636 2448 2785 2501 πᾶσα
2820 2448 2853 2519 ἠ
2888 2448 3197 2518 περίχωρος
3250 2451 3346 2502 τοῦ
3398 2452 3563 2504 τόπου
3601 2454 3824 2505 ἐκείνου

547 2542 697 2596 falsis
719 2541 825 2595 diis
848 2540 1176 2594 immolaret.
1214 2539 1415 2594 Eorum
1439 2554 1589 2602 vero,
1627 2539 1720 2609 qui
1744 2538 1945 2593 Christi
1974 2538 2132 2595 ﬁdem

548 2634 942 2705 sequebantur,
1013 2633 1272 2687 Ecclesiae
1327 2632 1589 2702 dispersae
1632 2641 1781 2687 sunt.
1836 2631 2134 2687 Christiani

547 2730 692 2783 enim
752 2736 862 2781 tant
916 2726 1245 2789 sacerdotes,
1304 2740 1466 2794 quam
1505 2724 1652 2786 laici,
1688 2723 2006 2777 metuebant
2053 2732 2135 2791 ty-

548 2821 701 2875 ranni
737 2829 1038 2889 aspectum.
1064 2817 1168 2884 Qui
1206 2832 1330 2872 cum
1354 2817 1631 2886 ingressus
1663 2825 1807 2869 esset
1832 2814 2131 2883 Ephesum,

546 2915 728 2969 animo
775 2915 919 2968 elato
975 2912 1030 2967 in
1081 2910 1257 2966 media
1296 2910 1432 2965 urbe
1489 2908 1657 2979 coepit
1695 2907 1836 2963 idola
1877 2907 2132 2979 erigere:

545 3020 779 3073 cumque
816 3003 924 3055 illis
972 3010 1118 3056 totus
1152 3010 1297 3056 esset
1359 3001 1627 3063 addictus,
1674 3000 1936 3070 praecepit
1980 2997 2131 3052 urbis

544 3094 919 3165 optimatibus,
959 3101 1020 3145 ut
1051 3092 1206 3145 vanis
1244 3091 1349 3144 illis
1388 3091 1493 3143 diis
1521 3104 1707 3142 secum
1741 3102 1848 3139 una
1882 3087 2133 3141 victimas

544 3186 830 3239 oll‘errcnt.
864 3185 1055 3252 Itaque
1099 3181 1445 3235 victimarum
1476 3178 1738 3250 sanguine
1772 3178 1886 3232 loca
1920 3178 2007 3231 illa
2042 3192 2129 3232 re—

544 3276 854 3347 plebantur,
904 3284 959 3329 et
1004 3287 1197 3328 omnes
1240 3271 1413 3327 turbae
1452 3270 1690 3340 undique
1736 3269 1802 3324 ad
1838 3270 2128 3334 idolorum,

544 3386 665 3439 qua;
695 3378 851 3422 erant
886 3366 1107 3436 Ephesi,
1145 3365 1515 3419 celebritatem
1554 3362 1925 3419 conﬂuebant.
1962 3363 2128 3417 Fama

543 3460 690 3515 enim
734 3475 827 3529 per
860 3459 995 3515 lines
1031 3458 1173 3513 illius
1239 3456 1476 3524 regionis
1518 3455 1921 3525 divulgabatur,
1980 3453 2128 3522 quod

2234 2541 2314 2603 εἰς
2338 2540 2438 2603 τὰς
2468 2539 2657 2603 Θυσίας
2683 2539 2791 2592 τῶν
2841 2540 3089 2610 ματαίων
3131 2539 3289 2595 θεῶν.
3330 2541 3395 2592 Αἰ
3438 2540 3494 2592 δὲ
3522 2542 3823 2609 ἐκκλησίαι

2234 2630 2342 2683 τῶν
2403 2630 2611 2682 πιστῶν
2665 2630 3185 2701 διεσκορπίσθησαν,
3212 2632 3303 2683 καὶ
3332 2632 3382 2682 oi
3424 2632 3588 2700 ἱερεῖς
3641 2635 3737 2683 καὶ
3769 2634 3821 2684 οἰ

2235 2725 2553 2794 Χριστιανοὶ
2580 2727 2671 2777 καὶ
2709 2726 2815 2786 πᾶς
2853 2726 2880 2776 6
2907 2723 3257 2792 φιλόχριστος
3298 2723 3427 2784 λαὸς
3461 2722 3822 2791 ἐφοϐήθησαν

2236 2817 2444 2887 σφόδρα
2496 2818 2603 2869 ἀπὸ
2634 2813 2928 2883 προσώπου
2966 2816 3061 2867 τοῦ
3100 2815 3387 2884 τυράννου.
3418 2815 3547 2868 Ὅτε
3578 2811 3671 2869 οὖν
3700 2818 3823 2868 εἰσ-

2234 2908 2396 2977 ῆλθεν
2432 2909 2621 2968 Δέκιος
2651 2908 2677 2959 6
2714 2906 2963 2975 βασιλεὺς
2996 2909 3073 2969 εἰς
3113 2907 3367 2975 Ἔφεσον,
3395 2907 3584 2982 ὑψώθη
3616 2910 3645 2977 ἠ
3679 2927 3823 2980 καρ-

2232 2998 2321 3050 δία
2346 2996 2534 3057 αὑτοῦ.
2557 2998 2651 3049 καὶ
2682 2998 2882 3067 ἤρξατο
2906 3000 3211 3068 οἰκοδομεῖν
3239 3000 3402 3062 ναοὺς
3430 3002 3542 3062 τοῖς
3569 3001 3821 3067 εἰδώλοις

2235 3092 2293 3143 ἐν
2324 3091 2465 3162 μέσῃ
2494 3095 2558 3163 τῇ
2596 3093 2771 3145 πόλει·
2807 3093 2900 3145 καὶ
2924 3094 3011 3146 ὅτε
3044 3092 3273 3163 ἐξεχύθη
3307 3097 3362 3144 ἐν
3395 3094 3468 3163 τῷ
3502 3095 3822 3165 ἑλληνισμῷ

2232 3185 2355 3237 τότε
2380 3185 2717 3253 παρήγγειλε
2756 3188 2867 3249 τοῖς
2891 3184 3130 3255 πρώτοις
3158 3184 3255 3254 τῆς
3278 3186 3485 3247 πόλεως
3513 3182 3661 3238 θύέιν
3691 3189 3821 3256 μετ’

2232 3275 2395 3329 αὐτοῦ
2426 3278 2535 3336 τοῖς
2571 3277 2820 3343 ματαίοις
2869 3276 3046 3337 θεοῖς’
3105 3278 3198 3327 καὶ
3248 3274 3421 3335 οὕτως
3471 3277 3699 3343 ὲμόλυνε
3745 3280 3823 3331 τά

2235 3364 2464 3433 σώματα
2491 3365 2671 3415 αὐτῶν
2699 3367 2754 3415 έν
2786 3364 2863 3432 τῷ
2885 3365 3077 3432 αἵματι
3108 3365 3214 3416 τῶν
3246 3364 3469 3429 θυσιῶν,
3507 3368 3600 3418 καὶ
3631 3368 3822 3421 πάντα

2230 3456 2300 3508 τὰ
2355 3454 2534 3525 πλήθη
2589 3456 2885 3524 συνήγοντο
2934 3455 3040 3508 ἀπὸ
3082 3455 3311 3510 ἑκάστου
3364 3456 3530 3510 τόπου
3577 3458 3655 3519 εἰς
3682 3460 3823 3523 τοὺς

546 3520 759 3605 scilicet
799 3550 1149 3604 victimarum
1196 3544 1357 3599 nidor
1390 3558 1454 3598 ex
1490 3542 1622 3597 urbe
1656 3541 1833 3597 media
1865 3542 1919 3595 in
1956 3520 2124 3596 altum

2230 3550 2392 3614 ναοὺς
2597 3520 2830 3602 εἰδώλων
2879 3548 3000 3601 τότε
3045 3549 3213 3603 ὄντων
3255 3552 3312 3605 έν
3363 3550 3614 3622 Ἐφέσῳ·
3648 3551 3745 3605 καὶ

548 3635 845 3707 prosiliret.

616 3923 684 3977 ll.
709 3921 847 3976 Cum
888 3918 1055 3988 igitur
1075 3916 1219 3973 diem
1268 3914 1468 3971 festum
1503 3928 1727 3972 suorum
1766 3914 1993 3971 deorum
2021 3914 2126 3972 De-

549 4014 667 4075 cius
696 4021 897 4085 ageret,
932 4022 1091 4081 atque
1132 4010 1303 4078 ipsius
1328 4010 1485 4078 jussu
1532 4012 1786 4062 universa
1829 4008 2125 4064 multitudo

549 4109 616 4165 oh
643 4120 759 4160 eam
787 4104 1156 4157 celebritatem
1191 4100 1257 4153 ad
1282 4099 1479 4169 templa
1513 4098 1780 4153 idolorum
1820 4114 1939 4171 quae
1969 4109 2127 4157 erant

548 4198 770 4266 Ephesi,
802 4211 866 4250 ex
898 4193 1149 4249 omnibus
1178 4192 1311 4248 locis
1336 4194 1560 4264 Impigre
1589 4192 1905 4257 conﬂueret,
1931 4209 1995 4250 ae
2022 4194 2125 4250 diis

546 4291 755 4355 libaret,
786 4303 1017 4357 cumque
1051 4294 1162 4340 tota
1189 4285 1278 4339 illa
1331 4286 1462 4338 urbs
1506 4283 1776 4338 sacriﬁcia
1831 4286 2121 4350 redoleret,

546 4382 731 4439 hdeles
771 4380 1021 4441 homines
1062 4379 1246 4431 tristes
1272 4386 1450 4440 erant,
1486 4375 1646 4429 iidem
1678 4376 1822 4429 etab
1853 4376 2120 4433 idolorum

542 4472 843 4529 cultoribus
868 4468 1333 4540 opprimebantur.
1361 4468 1547 4537 itaque
1571 4467 1763 4536 partim
1792 4482 2122 4539 persequen-

543 4567 674 4620 tinnt
706 4579 798 4619 ora
829 4562 1129 4633 fugiebant.
1163 4575 1232 4613 ne
1263 4559 1647 4628 comprehendi
1692 4571 1952 4629 possent:
1992 4579 2121 4633 par-

543 4658 637 4709 tim
674 4669 793 4709 sese
824 4652 1192 4707 occultabant.
1231 4649 1431 4704 Tribus
1484 4658 1666 4702 autem
1706 4649 1898 4705 diebus
1935 4664 2119 4721 postea

544 4748 842 4816 imperator
883 4744 1119 4800 edictum
1150 4742 1468 4813 praeposuit,
1508 4751 1567 4796 ut
1598 4742 1893 4798 Christiani
1928 4760 2121 4801 omnes

2231 3641 2439 3705 καπνὸς
2464 3640 2572 3694 τῶν
2606 3641 2791 3694 κακῶν
2823 3641 3160 3710 περιέσπασε
3192 3645 3318 3705 τοὺς
3340 3644 3591 3708 πολλοὺς,
3623 3647 3720 3699 καὶ
3750 3646 3821 3699 τὸ

2234 3735 2421 3794 σκότος
2444 3734 2537 3784 καὶ
2558 3734 2591 3801 ἡ
2617 3734 2812 3784 κνίσσα
2838 3733 2948 3784 τῶν
2980 3733 3183 3784 θυσιῶν
3213 3735 3392 3785 αὐτῶν
3419 3730 3491 3785 ὢν
3515 3736 3673 3788 ἔθυον
3696 3742 3821 3803 τοῖς

2233 3826 2485 3895 ματαίοις
2509 3822 2749 3886 εἰδώλοις
2772 3822 3055 3876 ἀνέϐαινεν
3086 3824 3149 3876 ἑκ
3183 3823 3357 3895 μέσης
3391 3825 3487 3893 τῆς
3518 3826 3751 3889 πόλεως.

2299 3914 2377 3972 B’.
2416 3917 2502 3979 Ὦς
2538 3912 2631 3971 οὖν
2672 3915 2873 3987 ἑορτὴν
2928 3915 3178 3968 ἐπετέλει
3212 3918 3240 3969 6
3266 3916 3457 3980 Δέκιος
3491 3918 3604 3979 τοῖς
3664 3919 3820 3984 θεοῖς

2226 4009 2417 4074 αὐτοῦ,
2447 4010 2702 4063 ἐκέλευσε
2742 4011 2853 4063 πᾶν
2886 4009 2947 4062 τδ
2981 4008 3187 4079 πλῆθος
3230 4010 3563 4079 συναχθῆναι
3593 4011 3673 4074 εἰς
3708 4013 3818 4081 τὴν

2228 4103 2420 4172 ἑορτὴν
2457 4102 2566 4155 τῶν
2591 4101 2761 4155 θεῶν·
2798 4104 2921 4156 τότε
2953 4104 3251 4171 συνήγοντο
3284 4104 3458 4156 πολλὰ
3494 4104 3671 4175 πλήθη
3713 4106 3818 4173 ἀφ’

2226 4196 2459 4253 ἑκάστου
2516 4197 2683 4248 τόπου
2742 4197 2822 4258 εἰς
2869 4197 2995 4258 τοὺς
3044 4196 3210 4256 ναοὺς
3260 4197 3368 4248 τῶν
3409 4197 3644 4249 εἰδώλων
3697 4199 3817 4253 τῶν

2222 4288 2397 4342 δντων
2420 4290 2480 4342 ὲν
2514 4288 2666 4358 μέσῳ
2689 4288 2787 4357 τῆς
2826 4288 3058 4352 πόλεως,
3081 4287 3176 4340 καὶ
3217 4286 3443 4341 ἔσπενδε
3467 4291 3579 4351 τοῖς
3622 4290 3770 4355 θεοῖς
3791 4309 3812 4327 ·

2227 4382 2509 4446 ὶπώζεσεν
2539 4382 2596 4435 δὲ
2634 4383 2784 4435 πᾶσα
2815 4381 2847 4451 ὴ
2876 4380 3030 4445 πόλις
3082 4383 3191 4437 ἀπὸ
3227 4382 3335 4437 τῶν
3396 4383 3623 4447 θυσιῶν,
3656 4386 3814 4454 μέγα

2224 4476 2281 4529 δὲ
2317 4476 2512 4538 πένθος
2554 4479 2775 4544 κατεῖχε
2808 4475 2934 4538 τοὺς
2966 4478 3224 4541 πιστοὺς,
3274 4476 3369 4529 καὶ
3416 4474 3813 4531 ἐταπεινοῦντο

2224 4567 2333 4621 ἀπὸ
2366 4568 2474 4619 τῶν
2506 4566 2932 4633 εἰδωλολατρῶν.
2958 4567 3068 4619 Καὶ
3096 4567 3326 4635 ἔφευγον
3366 4570 3460 4621 καὶ
3495 4570 3812 4623 ἐκάλυπτον

2223 4654 2291 4710 τὰ
2322 4657 2589 4725 πρόσωπα
2628 4655 2825 4719 αὐτῶν,
2850 4655 2945 4707 καὶ
2969 4655 3133 4719 πολὺς
3167 4657 3469 4727 στεναγμὸς
3516 4658 3612 4711 καὶ
3640 4658 3812 4729 ὀδυρ-

2228 4751 2325 4820 μὸς
2354 4752 2607 4821 κατεῖχεν
2662 4750 2881 4815 αὐτοὺς,
2912 4752 3022 4803 ἀπὸ
3077 4750 3369 4822 προσώπου
3417 4752 3512 4804 τοῦ
3546 4750 3807 4807 διώκτου.

549 4848 872 4909 caperentur
897 4856 909 4889 :
940 4853 1048 4907 quo
1065 4846 1311 4905 tempore
1330 4835 1559 4906 gentiles
1577 4850 1640 4889 ac
1667 4833 1839 4891 Judaei
1860 4838 2121 4907 urgebant

2229 4845 2337 4897 Καὶ
2366 4846 2432 4914 τῇ
2466 4844 2649 4915 ἡμέρᾳ
2676 4848 2742 4915 τῇ
2778 4846 2939 4915 τρίτῃ
2966 4846 3254 4898 ἐκέλευσεν
3286 4848 3313 4899 6
3350 4844 3606 4915 βασιλεὺς
3657 4845 3813 4912 ἐξαί-

550 4932 770 4987 milites.
793 4929 1000 4985 Possint
1031 4928 1197 5001 igitur
1218 4927 1509 4982 Christiani
1549 4928 1801 4983 homines
1830 4930 2121 4984 traheban-

2229 4953 2359 5006 ιρνης
2393 4937 2721 5006 κατέχεσθαι
2755 4939 2879 4998 τοὺς
2900 4936 3280 5007 Χριστιανούς.
3326 4938 3388 4991 Ol
3425 4937 3480 4990 δὲ
3514 4936 3805 5017 Ἕλληνες,

547 5033 634 5079 tur
666 5024 733 5079 ad
763 5023 968 5085 turbas,
1002 5037 1121 5090 quae
1154 5020 1209 5073 in
1246 5034 1417 5073 unum
1442 5019 1620 5074 locum
1648 5029 2027 5075 convenerant
2065 5031 2124 5075 ut

546 5133 653 5172 una
714 5132 837 5171 cum
905 5114 1235 5184 imperatore
1299 5111 1459 5165 idolis
1518 5112 1911 5168 sacriﬁcarent.
1968 5113 2122 5169 Tunc

542 5207 789 5265 nonnulli
834 5216 1101 5262 tormenta
1150 5205 1527 5271 formidantes,
1562 5204 1883 5263 excidebant
1919 5223 1949 5262 a
1992 5206 2119 5273 (ide,

542 5312 597 5357 et
647 5314 831 5355 coram
884 5298 1038 5353 turba
1086 5296 1173 5351 illa
1211 5297 1397 5352 miseri
1440 5298 1506 5352 ad
1548 5298 1817 5353 idolorum
1849 5301 2113 5357 sacriﬁcia

542 5394 891 5451 decidebant.
932 5394 1000 5448 At
1044 5393 1133 5463 qui
1168 5409 1233 5446 ex
1274 5393 1457 5447 animo
1498 5392 1697 5447 Christi
1734 5392 1892 5449 ﬁdem
1928 5411 2120 5466 seque-

542 5493 762 5554 bantur,
797 5504 918 5542 t-um
947 5487 1197 5542 audirent
1236 5487 1447 5555 aliquos
1481 5486 1661 5555 lapsos
1692 5486 1863 5542 fuisse
1905 5489 2117 5545 illorum

542 5599 730 5639 casum
771 5596 1100 5651 magnopere
1131 5580 1406 5642 dolentes,
1462 5579 1794 5632 miserorum
1834 5580 2115 5635 hominum

542 5683 752 5735 animas
792 5680 1066 5749 lugebant,
1101 5676 1193 5746 qui
1240 5685 1463 5746 propter
1503 5678 1707 5729 metum
1747 5675 1812 5729 ad
1849 5675 2115 5729 idolorum

541 5772 802 5829 sacrificia
823 5770 1030 5840 delapsi
1056 5769 1289 5823 fuerant.
1318 5768 1643 5836 Quicunque
1676 5782 1804 5822 vero
1835 5782 1897 5821 ex
1927 5783 2115 5822 eorum

2221 5031 2317 5082 καὶ
2350 5030 2399 5083 οἱ
2446 5030 2693 5084 Ἰουδαῖοι
2741 5031 3042 5083 ἐκολλῶντο
3093 5034 3207 5095 τοῖς
3273 5031 3654 5102 στρατιώταις,
3707 5036 3809 5085 καὶ

2220 5125 2326 5177 ἀπὸ
2360 5126 2469 5177 τῶν
2493 5124 2678 5177 οἰκιῶν
2710 5125 2803 5177 καὶ
2841 5125 2950 5180 τῶν
2984 5124 3191 5178 πόλεων
3222 5126 3420 5195 ἔσυρον
3450 5127 3544 5178 καὶ
3568 5125 3804 5190 ἐξέεαλ-

2219 5216 2309 5270 λον
2348 5216 2473 5279 τοὺς
2503 5219 2885 5286 Χριστιανοὺς,
2908 5219 3000 5271 καὶ
3030 5217 3204 5272 ὤθουν
3236 5219 3436 5281 αὐτοὺς
3460 5218 3603 5287 μετὰ
3636 5222 3801 5273 ἀπει-

2224 5310 2341 5381 λῆς,
2358 5312 2451 5363 καὶ
2493 5310 2831 5381 προσέφερον
2853 5314 2990 5381 πρὸς
3019 5313 3150 5375 τοὺς
3190 5312 3381 5380 ὄχλους
3420 5311 3804 5383 συνηγμένους

2222 5403 2316 5455 καὶ
2374 5403 2602 5465 θύοντας
2657 5407 2770 5465 τοῖς
2832 5402 3074 5462 εἰδώλοις
3128 5405 3242 5472 ἅμα
3267 5401 3344 5471 τῷ
3380 5403 3613 5473 βασιλεῖ.
3647 5406 3712 5456 Οἱ
3744 5405 3803 5458 δὲ

2223 5492 2614 5563 δειλαινὸμενοι
2633 5496 2729 5556 τὰς
2747 5495 3014 5563 βασάνους
3034 5495 3351 5549 ώλίσθαινον
3371 5498 3464 5550 καὶ
3483 5496 3715 5548 ἔπιπτον
3739 5497 3801 5547 ὲκ

2222 5586 2313 5639 τοῦ
2331 5589 2476 5649 υίοὺς
2496 5583 2635 5640 εῖναι
2654 5588 2751 5658 τῆς
2775 5588 3009 5651 πίστεως
3032 5591 3219 5652 εἰςτὰς
3236 5589 3423 5651 θυσίας
3440 5590 3548 5642 τῶν
3564 5590 3801 5641 εἰδώλων

2223 5677 2534 5749 ἔμπροσθεν
2572 5680 2665 5732 τοῦ
2715 5682 2873 5751 ὄχλου
2903 5699 2916 5713 ο
2954 5682 3002 5732 οἰ
3033 5682 3089 5733 δὲ
3137 5684 3455 5751 Χριστιανοὶ
3498 5682 3801 5745 ἀκούοντες

2221 5772 2399 5824 ταῦτα
2434 5773 2898 5843 ὲστενοχωροῦντο
2926 5777 3017 5827 καὶ
3048 5775 3307 5829 ὲπένθουν
3356 5777 3454 5839 τὰς
3480 5775 3662 5845 ψυχὰς
3694 5780 3803 5831 τῶν
