3972 6464
200 405 311 468 ίῖὓ

1323 416 1419 475 DE
1461 411 1757 474 SEPTEM
1799 411 2390 479 DORMIENTIBUS.

3354 431 3457 489 €30

188 527 612 597 δειλαινομένων
651 531 1119 600 προσχωρούντων
1169 533 1248 595 είς
1287 533 1386 596 τὰς
1425 532 1620 593 θυσίας
1670 529 1764 582 τῶι

1885 547 2112 587 numero
2168 535 2220 587 itt
2284 536 2487 590 Christi
2549 540 2652 593 lide
2708 543 3016 596 stabiliores
3053 545 3253 598 inventi
3309 559 3454 614 sunt,

188 617 448 683 εἰδώλων,
493 621 542 672 οί
577 619 634 671 δὲ
668 621 995 691 εὐρεθέντες
1039 624 1244 694 ἑδραῖοι
1275 625 1332 676 ιν
1375 624 1442 695 τῇ
1483 623 1669 675 πίστει
1713 622 1773 673 ὲν

185 709 262 777 τῷ
298 711 482 782 καιρῴ
527 711 747 781 ἐκείνῳ,
790 714 1085 783 ἑστήκασιν
1129 713 1224 766 ἐπὶ
1263 713 1362 785 τὴν
1413 713 1620 783 πέτραν
1675 713 1774 782 τῆς

189 804 429 866 πίστεως
467 805 666 872 ἀκλινῆ
699 806 791 858 τον
855 805 1116 874 λογισμὸν
1162 804 1403 875 ἔχοντες,
1429 805 1526 860 καὶ
1562 804 1637 875 μὴ
1674 821 1773 874 φο-

186 896 449 963 εοὺμενοι
476 897 573 959 τὰς
605 898 837 960 ἀπειλὰς
859 898 970 950 τῶν
996 899 1300 967 τυράννων,
1326 898 1610 968 δεχόμενοι
1635 897 1692 950 δὲ
1716 899 1774 950 ὲν

183 987 263 1054 τῷ
294 987 513 1056 σώματι
542 988 721 1041 αὐτῶν
744 990 810 1042 τὰ
845 989 972 1060 βέλη
994 990 1092 1043 τοῦ
1117 989 1383 1060 πονηροῦ,
1402 991 1497 1044 καὶ
1516 990 1584 1044 τὰ
1611 989 1773 1043 λοιπὰ

184 1074 591 1145 βασανιστήρια
622 1078 890 1144 γενναίως
922 1080 1222 1150 ὑπέφερον.

258 1168 330 1221 Γ¹.
356 1170 422 1220 Δί
455 1169 514 1220 δὲ
548 1170 754 1238 σάρκες
781 1171 888 1224 τῶν
915 1172 1092 1239 ἁγίων
1113 1171 1502 1226 ἐταπεινοῦντο
1533 1172 1640 1226 ὑπὸ
1661 1173 1771 1226 τῶν

185 1258 464 1328 βασάνων,
490 1263 582 1312 καὶ
601 1261 671 1313 τὰ
692 1263 904 1330 αἵματα
925 1267 989 1316 ὲκ
1012 1263 1120 1316 τῶν
1141 1264 1323 1333 μελῶν
1368 1265 1550 1318 αὐτῶν
1577 1267 1772 1336 ἔρρεεν

183 1350 276 1399 ἐπὶ
294 1350 396 1416 τὴν
419 1350 547 1417 γῆν,
567 1351 661 1404 καὶ
686 1353 774 1404 ἐπ’
795 1351 908 1407 ἄνω
927 1355 1036 1406 τῶν
1057 1355 1286 1426 πύργων
1306 1357 1525 1410 καὶτῶν
1541 1357 1770 1426 τειχέων

181 1440 279 1505 τῆς
303 1439 539 1504 πόλεως,
561 1443 690 1512 ὲκρέ
702 1460 865 1511 μοντο
885 1445 954 1497 τὰ
975 1445 1205 1515 σώματα
1226 1447 1338 1500 τῶν
1360 1448 1534 1516 ἁγίων
1557 1464 1570 1478 ·
1588 1448 1687 1522 τὰς
1714 1448 1770 1502 δὲ

179 1531 430 1596 κεφαλὰς
457 1533 640 1586 αὐτῶν
664 1537 950 1590 ὲκόντευον
991 1541 1086 1592 ἐπὶ
1120 1539 1274 1603 ξύλον
1305 1540 1621 1611 ἔμπροσθεν
1658 1541 1768 1594 τῶν

183 1622 374 1674 πυλῶν
408 1625 509 1694 τῆς
535 1626 764 1692 πόλεως,
786 1631 878 1681 καὶ
900 1631 949 1682 οί
987 1630 1245 1700 κόρακες,
1270 1631 1366 1684 καὶ
1387 1633 1437 1684 οί
1458 1631 1651 1700 γῦπες,
1677 1633 1772 1686 καὶ

179 1715 247 1766 τὰ
273 1716 464 1785 πλήθη
481 1716 589 1770 τῶν
617 1721 878 1773 πετεινῶν
897 1721 1162 1774 ἑκύκλουν
1184 1723 1371 1774 ἐπάνω
1397 1723 1506 1775 τῶν
1524 1724 1770 1794 τειχέων,

181 1808 274 1860 καὶ
299 1809 607 1876 κατήσθιον
627 1811 695 1863 τὰ
726 1811 958 1880 σώματα
993 1813 1104 1864 τῶν
1134 1814 1308 1880 ἁγίων
1337 1816 1656 1884 μαρτύρων,
1677 1816 1770 1868 καὶ

181 1896 381 1959 πένθος
421 1899 565 1966 μέγα
598 1903 814 1970 κατεῖχε
841 1904 966 1964 τοὺς
985 1906 1210 1966 πιστοὺς
1254 1906 1395 1976 ὑπὲρ
1438 1908 1539 1975 τῆς
1564 1908 1768 1976 τόλμης

178 1990 410 2058 ταύτης.
439 1991 629 2054 Οῦτως
675 1989 742 2064 ἦν
773 1998 799 2047 ὁ
820 1997 974 2062 ἁγὼν
1017 1998 1214 2068 μεστὸς
1238 1999 1407 2068 φόϐου
1435 2003 1546 2063 τοῖς
1569 2001 1768 2070 ὁρῶσιν

179 2083 371 2134 αὐτόν.
395 2082 550 2151 Λῦτη
574 2080 640 2154 ἦν
662 2088 694 2155 ἡ
720 2089 921 2160 ἀπειλὴ
952 2091 984 2160 ἡ
1010 2091 1420 2163 πεπληρωμένη
1448 2093 1680 2146 θανάτου
1698 2094 1766 2164 ἢν

177 2173 226 2221 οἱ
253 2173 502 2241 οὐράνιοι
526 2178 621 2230 καὶ
643 2179 692 2231 oi
711 2180 944 2249 ἐπίγειοι
973 2182 1316 2252 ἐθαύμασαν,
1337 2185 1385 2236 οἱ
1423 2185 1559 2238 λίθοι
1603 2188 1762 2238 ἐπέν-

179 2267 310 2317 θουν
333 2265 436 2334 τὴν
463 2267 640 2338 θλίψιν
670 2271 769 2342 τὴν
803 2274 1126 2345 γενομένην.
1159 2277 1266 2329 Καὶ
1317 2276 1374 2328 αἱ
1425 2277 1626 2347 ἀγοραὶ
1665 2281 1766 2351 τῆς

177 2357 388 2420 πόλεως
417 2361 720 2417 ικακοῦντο
745 2367 808 2417 ἐκ
839 2366 948 2419 τῶν
979 2368 1277 2438 συρματων
1304 2369 1413 2423 τῶν
1441 2371 1623 2440 μελῶν
1650 2374 1762 2424 τῶν

180 2450 353 2516 ἁγίων
407 2452 520 2506 τῶν
571 2456 890 2524 συρομένων
941 2461 1130 2513 ἐπάνω
1179 2463 1382 2517 αὐτῶν.
1436 2467 1662 2534 Δακρυα
1707 2468 1764 2521 δὲ

178 2543 355 2611 πικρὰ
383 2545 757 2612 κατεφέροντο
784 2547 893 2599 ἀπὸ
922 2549 1031 2600 τῶν
1059 2550 1358 2619 ὸῳθαλμῶν
1389 2555 1465 2604 τῶ
1529 2557 1761 2620 πιστῶν,

175 2635 261 2686 ὅτε
303 2634 540 2687 ἔσλεπον
567 2637 634 2686 τὰ
665 2635 895 2703 σώματα
921 2637 1031 2689 τῶν
1063 2639 1235 2706 ἁγίων
1266 2642 1553 2712 ὲρῤιμένα,
1579 2649 1672 2698 καὶ
1697 2649 1765 2699 τὰ

176 2727 308 2794 γένη
340 2727 450 2776 τῶν
481 2724 747 2777 πετεινῶν
783 2728 1143 2783 κατεσθίοντα
1173 2732 1334 2788 αὑτά.
1364 2734 1524 2788 Ποῖον
1568 2737 1764 2800 πένθος

176 2816 368 2876 τούτου
411 2819 602 2885 μεῖζον
631 2815 737 2890 ἦν;
773 2822 844 2873 Ἦ
877 2825 1030 2885 ποῖος
1065 2826 1266 2893 τρόπος
1311 2829 1505 2882 τούτου
1532 2830 1769 2902 σκληρό-

173 2921 330 2974 τερος
359 2900 431 2976 ἦν
456 2923 471 2971 ;
501 2907 632 2959 Ὀτε
668 2911 717 2960 οί
767 2912 952 2963 πιστοὶ
997 2911 1234 2980 ἔφευγον
1265 2915 1362 2968 καὶ
1420 2918 1520 2978 τὰς
1573 2900 1766 2992 χεῖρας

177 3001 310 3065 πρὸς
346 3003 442 3052 τὸν
495 3000 630 3051 Θεὸν
678 2998 849 3068 ῦψουν
903 3003 1151 3071 δεόμενοι
1187 3007 1339 3070 ὅπως
1393 3009 1668 3076 ρυσθῶσιν
1701 3017 1764 3066 ἐκ

174 3095 282 3146 τῶν
309 3093 515 3161 χειρῶν
543 3092 638 3146 τοῦ
667 3095 1082 3165 τυραννοῦντος,
1103 3099 1342 3170 πατέρες
1368 3103 1433 3154 τὰ
1464 3103 1568 3156 ῐδια
1597 3107 1765 3175 τέκνα

1877 633 2114 677 mentem
2150 637 2314 696 atque
2353 630 2734 699 cogitationem
2777 634 2982 686 ﬁrmam
3037 649 3453 701 conservantes,

1875 733 2053 786 neque
2104 719 2316 788 tyranni
2349 722 2522 774 minas
2561 723 2999 790 extimescentes,
3050 729 3142 782 sed
3193 733 3462 799 nequissi-

1875 808 1947 862 mi
1989 809 2191 863 diaboli
2235 810 2338 864 tela
2368 812 2483 867 suis
2511 816 2838 880 corporibus
2887 818 3119 872 libenter
3167 825 3454 892 excipien-

1877 910 1978 966 tes,
2029 903 2309 971 cruciatus
2347 920 2540 962 omnes
2575 907 2698 962 farti
2734 911 2918 966 animo
2955 913 3321 982 perferebant.

1948 1161 2040 1218 Ill.
2082 1161 2266 1232 Itaque
2321 1175 2634 1220 sanctorum
2692 1178 2987 1237 martyrum
3040 1182 3235 1225 carnes
3273 1172 3458 1227 multis

1875 1258 2151 1326 variisque
2194 1258 2479 1313 tormentis
2510 1258 2910 1326 lacerabantur,
2948 1261 3019 1316 ita
3053 1271 3112 1316 ut
3147 1277 3208 1316 ex
3243 1264 3454 1320 illorum

1875 1351 2195 1406 vulneribus
2238 1353 2441 1406 multus
2475 1354 2696 1423 sanguis
2724 1353 3008 1408 deﬂueret.
3053 1353 3297 1420 Quorum
3331 1373 3455 1415 cor-

1877 1457 2006 1511 pora
2035 1444 2088 1496 in
2110 1443 2262 1498 urbis
2289 1445 2560 1499 mtrnibus
2589 1462 2652 1500 ac
2682 1447 2925 1502 turribus
2948 1450 3418 1516 suspendebantur
3441 1491 3453 1503 .

1875 1536 2056 1604 capita
2102 1551 2230 1589 vero
2285 1537 2422 1605 palis
2469 1536 2646 1600 afﬁxa,
2694 1539 3047 1609 erigebantur
3091 1552 3217 1596 ante
3248 1553 3455 1612 portas.

1875 1624 2058 1692 Itaque
2106 1625 2276 1690 corvi,
2329 1629 2576 1683 vultures
2626 1639 2681 1683 et
2726 1631 2994 1699 ejusmodi
3056 1647 3209 1694 aves,
3252 1636 3455 1690 muenia

1877 1714 1966 1770 illa
1992 1718 2417 1780 circumdantes.
2455 1730 2768 1774 sanctorum
2803 1731 3102 1792 martyrum
3131 1739 3329 1783 carnes
3365 1727 3453 1780 di-

1877 1811 2173 1867 laniabant.
2219 1813 2350 1878 Qua:
2391 1829 2479 1868 res
2527 1814 2853 1870 Christianis
2901 1818 3215 1874 hominibus
3255 1836 3456 1877 mcero-

1879 1918 1992 1958 rem
2033 1904 2312 1960 aﬂ'erebat.
2368 1905 2496 1960 Tale
2530 1918 2852 1978 tantumque
2881 1920 3158 1966 certamen
3209 1913 3458 1981 proposi-

1878 2005 1993 2050 tum
2047 2005 2164 2050 erat
2209 1997 2334 2060 his,
2394 1999 2484 2066 qui
2543 1997 2743 2053 Christi
2816 2000 2976 2054 ﬁdem
3028 2002 3456 2060 conﬁtebantur.

1878 2089 2037 2143 Tales
2088 2097 2246 2144 erant
2283 2089 2444 2145 mina:
2490 2091 2715 2147 terroris
2759 2093 2953 2162 plenze,
2997 2095 3252 2151 omnibus
3299 2097 3458 2166 plane

1875 2180 2275 2236 formidolosa:
2314 2183 2450 2238 tales
2515 2198 2794 2249 scrutante,
2845 2185 3053 2252 lapides
3130 2186 3244 2241 fere
3311 2189 3459 2257 ipsos

1876 2283 2306 2328 commoventes.
2365 2273 2690 2326 Sanctorum
2745 2284 3044 2344 martyrum
3098 2277 3457 2334 cadaveribus

1875 2366 2024 2420 urbis
2055 2366 2244 2436 platea:
2282 2366 2720 2420 coarctabantur.
2756 2365 2981 2421 Flebant
3027 2378 3209 2423 autem
3250 2370 3457 2430 ﬁdeles.

1876 2458 2019 2526 quod
2051 2466 2237 2511 sancta
2262 2456 2354 2510 illa
2373 2471 2598 2525 corpora
2631 2456 2685 2511 in
2724 2457 2884 2513 terris
2914 2457 3149 2528 dejecta,
3212 2460 3460 2520 viderent

1877 2563 1907 2602 a
1950 2548 2264 2604 volucribus
2329 2548 2579 2602 lacerari.
2647 2546 2865 2613 Quaeso,
2915 2550 3187 2618 quodnam
3249 2553 3460 2608 facinus

1876 2648 2160 2707 tantopere
2201 2639 2528 2692 dolendum?
2578 2638 2710 2704 Quae
2753 2639 2930 2694 caedes
2973 2641 3049 2696 sic
3095 2642 3352 2698 immanis
3404 2656 3460 2698 et

1873 2730 2113 2786 acerba?
2145 2731 2297 2785 Tunc
2327 2729 2628 2783 Christiani
2670 2731 2943 2797 homines,
2981 2733 3233 2790 manibus
3267 2735 3322 2789 in
3348 2751 3460 2792 cm—

1875 2823 1987 2878 lutn
2043 2822 2262 2886 erectis,
2299 2823 2667 2892 precabantur
2713 2821 2908 2887 Deum,
2948 2834 3006 2878 ut
3052 2825 3460 2895 eriperenture

1877 2915 2130 2971 manibus
2167 2915 2402 2988 tyranni.
2435 2913 2623 2970 Patres
2650 2915 2814 2979 ﬁlios.
2870 2915 2964 2970 ﬁlii
3005 2926 3188 2987 patres
3223 2919 3460 2991 abnege-

1874 3007 2027 3063 bant.
2073 3007 2426 3062 Calamitates
2459 3008 2589 3077 ipsze
2628 3009 2996 3063 amicissimos
3043 3010 3189 3065 viros
3223 3025 3252 3064 a
3283 3027 3341 3066 se
3372 3013 3447 3066 vi.

1874 3099 2058 3151 Cissim
2100 3097 2501 3166 disjungehanl.
2536 3099 2602 3150 At
2641 3101 2714 3167 (I)
2750 3099 3150 3154 Maximilianus
3177 3138 3192 3163 ,
3226 3101 3456 3158 Jambli-

176 3185 450 3254 ἠρνοῦντο
476 3199 488 3213 ·
514 3187 720 3255 ὁμοίως
752 3191 845 3241 καὶ
881 3191 1052 3246 τέκνα
1090 3195 1213 3256 τοὺς
1245 3197 1458 3250 ἑαυτῶν
1487 3201 1756 3269 πατέρας,

1874 3207 1990 3254 cus,
2049 3189 2333 3257 Martinus,
2385 3189 2642 3255 Joannes,
2698 3190 3011 3264 Dionysius,
3064 3192 3457 3252 Exacustadius

176 3277 322 3344 φίλοι
355 3277 533 3347 φίλων
563 3279 864 3348 ἐσχίζοντο,
895 3281 997 3333 ὑπὸ
1031 3284 1127 3351 τῆς
1169 3283 1403 3353 θλίψεως
1457 3293 1557 3357 τῆς
1611 3308 1764 3356 γενο-

177 3371 368 3440 μένης.
410 3372 850 3441 Μαξιμιλλιανὺς
881 3374 1062 3429 δὲκαὶ
1110 3377 1441 3448 ’ίάμόλιχος,
1465 3383 1561 3435 καὶ
1606 3384 1762 3452 Μαρ·

173 3466 336 3526 τίνος,
373 3465 471 3514 καὶ
518 3465 794 3534 Ἰωάννης,
828 3468 922 3519 καὶ
964 3467 1268 3534 Διονύσιος,
1300 3473 1391 3524 καὶ
1441 3473 1764 3537 Ἐξακοστο-

174 3555 376 3615 διανὺς,
403 3557 501 3606 καὶ
561 3557 901 3621 ⁹Αντωνίνος,
944 3559 1143 3621 οἵτινες
1178 3565 1270 3613 καὶ
1305 3560 1445 3631 ἦσαν
1476 3568 1679 3635 ἑδραῖοι
1707 3573 1764 3624 ἐν

174 3649 237 3712 τῇ
298 3645 488 3698 πίστει
541 3647 636 3700 τοῦ
671 3648 938 3716 Χριστοῦ.
987 3650 1354 3719 βαστάζοντες
1389 3657 1456 3708 τα
1489 3659 1637 3728 παθη
1667 3663 1762 3714 τοῦ

176 3741 416 3810 Χριστοῦ
455 3744 512 3795 ὲν
539 3745 616 3815 τῷ
645 3747 858 3814 σώματι
883 3748 1084 3801 αὐτῶν
1113 3749 1348 3819 ὁρῶντες
1398 3753 1466 3807 τὰ
1492 3755 1755 3826 γινόμενα

1871 3292 1930 3336 et
1947 3283 2277 3345 Antoninus,
2307 3282 2470 3336 simul
2499 3293 2803 3346 versantes,
2839 3299 3139 3353 omnesque
3166 3287 3368 3354 pariter
3404 3288 3456 3340 in

1867 3375 2073 3429 Christi
2113 3375 2217 3428 lide
2249 3374 2493 3435 stabiles,
2532 3384 2587 3426 et
2615 3373 2819 3427 Christi
2850 3377 3133 3442 passiones
3168 3377 3223 3429 in
3258 3393 3457 3446 corpo-

1868 3466 2020 3520 ribus
2065 3466 2181 3519 suis
2233 3475 2531 3532 gestantes,
2573 3480 2696 3519 cum
2752 3465 2998 3521 viderent
3042 3483 3163 3537 qua:
3209 3470 3457 3538 quotidie

1870 3570 2060 3615 contra
2094 3558 2438 3614 Christianos
2463 3558 2834 3624 eﬁiCerentur,
2861 3560 3013 3625 ﬁetu,
3046 3563 3272 3632 gemitu,
3303 3563 3451 3631 jeju-

1871 3656 1978 3710 niis
2022 3668 2086 3708 ac
2127 3655 2381 3723 precibus
2431 3653 2648 3708 assidue
2681 3667 2738 3708 se
2783 3653 3253 3707 communiebant.
3287 3654 3458 3708 Erant

1869 3758 2048 3801 autem
2092 3748 2387 3802 illustrium
2417 3749 2658 3798 virorum
2703 3754 2756 3798 et
2791 3745 3114 3815 optimatum
3152 3744 3302 3799 urbis
3337 3746 3448 3798 ﬁlii.

177 3843 293 3895 καθ’
335 3844 580 3912 ἑκάστην
615 3843 830 3913 ἡμέραν
879 3845 1094 3897 ἔκλαιον
1131 3847 1226 3899 καλ⁸
1255 3849 1565 3916 ἐστέναζον,
1591 3857 1684 3908 καὶ
1713 3858 1744 3927 ἡ
1774 3857 1961 3924 ὅρασις
1993 3858 2093 3928 τῆς
2130 3857 2306 3927 ὅψεως
2357 3856 2538 3910 αὐτῶν
2569 3853 2869 3920 ἠλλοιοῦτο,
2914 3853 3006 3906 καὶ
3047 3853 3325 3916 νηστείαις
3356 3854 3450 3904 καὶ

176 3942 514 4006 προσευχαῖς
543 3935 682 4006 ἦσαν
713 3941 1256 4009 προσκαρτεροῦντες
1281 3941 1371 3994 διὰ
1401 3948 1620 4012 παντός,
1657 3952 1845 4024 ἐπειδὴ
1889 3957 2000 4009 τῶν
2057 3955 2318 4022 ἐμφανῶν
2373 3951 2466 4006 τοῦ
2505 3951 2796 4014 παλατίου,
2827 3950 2920 4003 καί⁵
2953 3950 3059 4003 τῶν
3093 3950 3323 4022 πρώτων
3349 3955 3448 4024 τῆς

176 4033 377 4093 πόλεως
407 4026 550 4099 ἦσαν
575 4031 765 4085 τέκνα.

241 4125 318 4180 Δ’.
367 4125 460 4178 Ἐν
485 4125 542 4178 δὲ
569 4125 646 4194 τῷ
680 4125 856 4196 καιρῷ
885 4127 942 4178 ἐν
978 4119 1024 4194 ᾧ
1056 4128 1412 4199 συνήθροιζεν
1441 4135 1468 4186 ὁ
1507 4134 1760 4204 βασιλεὺς

173 4220 240 4273 τὰ
268 4220 456 4290 πλήθη
488 4221 568 4282 είς
599 4217 698 4289 τὴν
731 4219 924 4272 θυσίαν
942 4220 1050 4272 τῶν
1085 4221 1332 4288 ματαίων
1355 4223 1614 4290 εἰδώλων,
1639 4227 1762 4281 τότε

175 4316 505 4370 ὑπέστελλον
532 4313 761 4376 ἑαυτοὺς
788 4315 836 4366 οί
861 4312 1007 4381 ἆγιοι
1035 4306 1184 4367 οῦτοι
1207 4321 1299 4368 καὶ
1327 4319 1651 4386 είσήρχοντο
1679 4321 1762 4382 εἰς

174 4406 267 4476 τὴν
311 4405 667 4470 Ἐκκλησίαν,
691 4405 783 4456 καλ⁵
811 4404 1040 4457 ἔπιπτον
1072 4406 1166 4458 ἐπὶ
1198 4408 1298 4475 τὴν
1325 4405 1452 4474 γῆν.
1480 4407 1591 4467 Καὶ
1627 4407 1762 4478 χοῦν

175 4499 406 4550 ιῦαὩον
457 4498 548 4548 ἐπὶ
579 4497 680 4558 τὰς
720 4496 966 4563 κεφαλὰς
1015 4497 1222 4562 αὐτῶν,
1266 4499 1360 4550 καὶ
1398 4497 1615 4552 ἔκλαιον
1667 4501 1761 4552 καὶ

174 4590 469 4650 ἐστέναζον
503 4585 738 4638 ἐνώπιον
762 4586 854 4638 τοῦ
897 4585 1054 4639 Θεοῦ.
1082 4588 1549 4657 Παρετηρήσαντο
1579 4590 1636 4642 δὲ
1661 4591 1761 4645 αὑ-

174 4685 298 4744 τοὺς
330 4681 382 4731 ol
425 4676 853 4746 συμπράκτορες
901 4677 1105 4740 αὐτῶν,
1145 4680 1227 4731 ὅτι
1255 4680 1312 4732 ὲν
1336 4679 1415 4749 τῷ
1452 4681 1633 4751 καιρῷ
1664 4682 1762 4750 τῆς

175 4773 366 4835 θυσίας
397 4769 508 4824 τῶν
542 4768 681 4821 θεῶν
712 4767 1020 4839 ἀνεχώρουν
1043 4772 1123 4837 είς
1149 4769 1246 4842 τὴν
1280 4771 1612 4842 Ἐκκλησίαν
1652 4773 1762 4826 τῶν

175 4865 414 4926 πιστῶν,
443 4865 540 4916 καὶ
571 4862 648 4925 ὡς
671 4862 916 4932 ὲξητεῖτο
947 4860 1177 4923 ἕκαστος
1213 4862 1306 4916 τοῦ
1340 4861 1501 4918 θῦσαι
1527 4863 1762 4918 ἰνώπιον

173 4955 280 5007 τῶν
302 4954 466 5006 θεῶν.
501 4954 778 5016 Ἐλθόντες
801 4955 851 5006 oi
870 4955 1320 5022 παρατηροῦντες
1336 4956 1531 5019 αὐτοὺς
1561 4951 1716 5009 εἷπον
1743 4970 1759 4988 ο

176 5046 433 5106 Βασιλεῖ),
463 5047 541 5108 είς
577 5051 702 5130 τους
736 5048 941 5110 αίῶνας
993 5045 1143 5118 ζῆθι,
1169 5049 1234 5102 σὺ
1268 5051 1394 5111 τοὺς
1427 5052 1507 5112 είς
1543 5050 1764 5119 μακρὰν

175 5142 484 5210 ἀπέχοντας
559 5140 948 5209 προσεγγίζεις
995 5142 1060 5209 τῇ
1090 5139 1253 5210 θυσία
1302 5140 1412 5193 τῶν
1467 5139 1630 5206 θεῶν,
1671 5143 1763 5194 καὶ

179 5233 286 5291 ἰδοὺ
311 5236 363 5286 oi
387 5217 720 5302 ’ᾶγγίζοντές
772 5249 854 5285 σοι
891 5232 1296 5302 καταφρονοῦσι
1325 5233 1429 5302 τῆς
1479 5233 1760 5302 βασιλείας

179 5342 270 5379 σου
287 5337 314 5359 ⁸
341 5330 438 5378 καὶ
472 5328 543 5380 τὰ
573 5325 974 5394 προστάγματα
996 5342 1092 5378 σου
1117 5326 1515 5396 ἀκυροῦσινκαὶ
1541 5327 1759 5396 μακρὰν

177 5422 315 5474 αὐτὰ
343 5415 487 5472 εἷναι
511 5419 805 5491 ἡγοῦνται,
837 5418 934 5470 καὶ
959 5420 1025 5486 τῇ
1060 5417 1330 5489 θρησκείᾳ
1351 5416 1460 5470 τῶν
1490 5418 1756 5488 Χριστια-

177 5511 279 5566 νῶν
300 5511 653 5584 λατρεύουσι.
677 5509 1102 5579 Μαξιμιλλιανδς
1125 5510 1180 5562 δὲ
1207 5506 1274 5580 ἦν
1292 5511 1406 5573 υίὸς
1443 5511 1544 5565 τοῦ
1581 5512 1758 5584 ἐπάρ-

179 5623 290 5675 χου,
329 5611 423 5658 καί
466 5603 689 5676 πρῶτος
737 5603 938 5666 αὑτῶν,
967 5605 1061 5654 καὶ
1089 5602 1140 5653 oi
1174 5603 1384 5669 ἑταῖροι
1418 5603 1586 5654 αὑτοῦ
1617 5598 1758 5674 ἦσαν

180 5700 378 5770 πρῶτοι
408 5701 467 5750 ἑν
499 5701 622 5760 ταῖς
646 5695 956 5762 στρατείαις
973 5695 1080 5746 τῶν
1101 5692 1495 5746 διαῦαλλόντων
1526 5692 1751 5754 αὐτούς.

250 5838 319 5892 (ll
349 5834 906 5892 Maximilianusmtc.
937 5829 1051 5882 Alia
1087 5831 1308 5883 nomina
1364 5828 1529 5881 habet
1555 5825 1761 5896 Grego-

185 5895 700 5964 rin's'Turonettsts,
746 5905 829 5956 cui
857 5903 1132 5957 consentit
1184 5900 1624 5968 Martyrologium
1666 5895 1768 5953 Ru-

1935 4142 2026 4198 IV.
2065 4143 2201 4198 Cum
2253 4158 2387 4198 vero
2430 4143 2730 4212 imperator
2789 4139 2977 4195 turbas
3036 4137 3322 4211 gentilium
3379 4143 3446 4198 ad

1864 4235 2111 4290 inanium
2184 4235 2450 4290 idolorum
2502 4232 2767 4288 sacriﬁcia
2841 4243 3250 4303 congregasset,
3315 4245 3447 4290 tunc

1866 4328 2041 4384 sancti
2101 4327 2223 4391 viri,
2285 4342 2422 4397 quos
2488 4325 2648 4394 paulo
2707 4333 2837 4379 ante
2909 4325 3338 4387 nominavimus.
3391 4328 3447 4382 in

1870 4437 2037 4475 unum
2065 4421 2245 4476 locum
2283 4426 2680 4483 convenerunt,
2717 4417 2992 4488 simulque
3015 4419 3081 4472 ad
3107 4415 3450 4478 Christiano-

1869 4529 1990 4568 rum
2023 4515 2310 4568 ecclesiam
2336 4513 2588 4582 ingressi,
2624 4522 3034 4581 prostraverunt
3059 4529 3117 4567 se
3146 4515 3198 4566 in
3226 4524 3448 4576 terram.

1867 4615 1922 4661 et
1955 4607 2179 4676 pulvere
2237 4604 2415 4674 capita
2460 4619 2558 4656 sua
2606 4611 3060 4672 conspergentes,
3109 4614 3237 4657 ante
3277 4603 3446 4658 Deum

1867 4700 2102 4770 gemitus
2131 4707 2187 4754 et
2213 4699 2482 4770 lacrymas
2525 4694 2906 4750 eﬁ‘undebani.
2940 4693 3093 4761 Quod
3133 4710 3256 4750 cum
3299 4695 3446 4750 iace-

1871 4801 2014 4855 rent,
2061 4790 2337 4845 observati
2379 4797 2509 4843 sunt
2543 4804 2571 4842 a
2605 4789 3044 4858 speculatoribus
3101 4789 3436 4858 quibusdam

1866 4883 2011 4952 quod
2051 4882 2261 4936 scilicet
2289 4891 2532 4951 tempore
2562 4879 2676 4943 illo,
2712 4894 2822 4949 quo
2873 4880 3141 4934 sacriﬁcia
3181 4883 3284 4936 diis
3315 4882 3447 4936 olfe-

1868 4974 2150 5036 rebantur,
2183 4973 2287 5044 ipsi
2316 4973 2384 5027 ad
2417 4971 2858 5027 Christianorum
2890 4972 3180 5026 ecclesiam
3225 4977 3448 5026 secede-

1868 5078 2009 5123 rent.
2061 5067 2310 5134 Cumque
2353 5065 2550 5135 singuli
2591 5065 2882 5134 diligenter
2911 5063 3360 5134 exquirerentur,
3391 5075 3446 5118 ut

1865 5160 1968 5216 diis
1999 5157 2386 5219 sacriﬁcarent,
2415 5165 2769 5212 accesserunt
2795 5157 2887 5226 qui
2915 5157 3167 5210 homines
3195 5157 3317 5212 illos
3349 5158 3447 5212 ob-

1869 5261 2242 5316 servaverant,
2285 5260 2340 5306 et
2370 5250 2686 5320 imperatori
2729 5252 3023 5305 dixerunt:
3066 5249 3241 5308 Vivas.
3278 5251 3447 5320 impe-

1870 5356 2036 5406 rator.
2083 5355 2289 5398 aeterno
2324 5352 2591 5410 tempore.
2623 5339 2707 5396 Tu
2738 5356 2857 5412 eos,
2901 5340 2991 5411 qui
3022 5341 3180 5412 longe
3225 5342 3444 5403 absunt,

1867 5435 2016 5505 cogis
2059 5433 2339 5488 sacriﬁciis
2395 5443 2594 5500 praesto
2643 5449 2784 5494 esse,
2839 5442 2894 5485 et
2941 5431 3032 5504 qui
3088 5449 3254 5503 prope
3297 5445 3444 5491 sunt.

1866 5535 2222 5583 contemnunt
2253 5524 2542 5592 imperium
2576 5535 2750 5589 tuum,
2777 5523 3001 5591 etiussa
3029 5535 3117 5579 tua
3154 5540 3249 5592 pro
3278 5525 3447 5580 nihilo

1867 5619 2094 5680 faciunt,
2170 5614 2609 5668 Christianorum
2680 5615 3035 5668 observantes
3105 5615 3440 5685 religionem.

1867 5710 1995 5763 Erat
2045 5715 2224 5762 autem
2292 5707 2697 5762 Maximilianus
2718 5706 2792 5775 (2)
2813 5707 2930 5778 ipse
2981 5708 3227 5778 prmsidis
3282 5705 3441 5770 titius,

1871 5840 2202 5973 "magalia
2222 5893 2581 5950 Maximianus
2603 5893 2810 5965 primus
2842 5894 2983 5948 inter
3011 5899 3296 5964 martyres.
