3972 6446
529 391 628 455 431

1854 388 2137 450 MENSIS
2171 389 2474 450 IULIUS.

3684 375 3796 441 432

527 512 658 566 item
713 507 804 561 alii
862 505 1183 576 cumprimis
1234 492 1473 563 illustres
1522 508 1576 561 in
1635 508 1896 562 exercitu.
1957 507 2110 562 Tunc

2222 507 2344 561 Τότε
2373 508 2558 568 Δέκιος
2581 506 2607 559 ό
2639 504 2889 575 βασιλεὺς
2927 499 3534 571 όργισθελς,ὲκέλεν.ισεν
3556 485 3801 565 ἇχθῆναι

532 603 724 657 Decius
759 601 1074 669 imperator,
1115 601 1196 655 ira
1242 601 1503 671 percitus,
1541 602 1661 656 illos
1695 601 1761 656 ad
1791 617 1850 656 se
1898 603 2113 656 vinctos

529 692 652 748 duci
705 691 892 761 jussit.
935 690 1145 756 Quibus
1203 691 1426 747 ductis:
1490 691 1686 758 Quare,
1750 693 1947 763 inquit,
2003 709 2111 748 non

538 783 912 853 permansistis
960 782 1269 846 nobiscum,
1309 791 1368 836 ut
1403 782 1507 836 diis
1573 783 1978 850 sacriliearetis,
2021 785 2115 853 qui

530 885 700 932 totum
733 874 924 928 orbem
960 881 1230 926 terrarum
1273 875 1337 928 ad
1383 875 1488 928 sibi
1520 875 1882 930 obediendum
1905 891 2112 929 convo-

530 965 764 1019 carunt?
794 965 1048 1019 Accedite
1080 965 1263 1035 igitur,
1296 975 1348 1019 et
1391 966 1634 1020 debitum
1662 967 1765 1021 diis
1790 967 2115 1024 sacriﬁcium

531 1055 752 1118 olIerte,
816 1055 1272 1124 quemadmodum
1327 1068 1520 1111 omnes
1577 1056 1756 1112 facere
1815 1073 2116 1112 consueve-

530 1155 680 1200 runt.
744 1143 899 1200 Tunc
959 1145 1357 1203 Maximilianus
1412 1151 1693 1219 respondit
1741 1164 1756 1203 :
1812 1150 2114 1211 Habemus.

531 1236 848 1306 imperator.
879 1237 1047 1292 Deum
1083 1237 1132 1289 in
1166 1240 1317 1293 caelis
1349 1238 1710 1304 habitantem,
1757 1241 1913 1310 cujus
1945 1243 2114 1311 gloria

530 1327 727 1382 ccelum
765 1335 817 1381 et
862 1335 1003 1380 terra
1035 1327 1193 1397 plena
1219 1339 1323 1392 est,
1349 1330 1436 1382 cui
1466 1330 1795 1384 sacriﬁcium
1819 1331 2117 1386 confessio-

531 1417 617 1471 nis
654 1424 860 1471 nostrte
907 1417 1104 1472 olIerre
1145 1418 1292 1472 soliti
1339 1435 1552 1486 sumus,
1609 1428 1772 1489 atque
1805 1432 2113 1477 nostrarum

532 1509 841 1562 orationum
891 1508 1150 1564 libamine
1189 1524 1371 1564 coram
1423 1511 1532 1565 Deo
1579 1513 1915 1567 exsultamus
1967 1514 2115 1568 omni

534 1609 800 1669 tempore.
845 1599 956 1654 Nos
983 1600 1399 1656 enim‘nidorem
1443 1617 1507 1656 ac
1560 1602 1768 1656 fumum
1812 1615 2116 1658 vestrorum

533 1690 924 1745 sacriﬁciorum
952 1690 1069 1745 istis
1101 1690 1259 1746 idolis
1290 1708 1398 1746 non
1437 1693 1736 1757 oderimus,
1771 1696 2118 1766 quandoqui-

534 1781 656 1834 dem
701 1789 919 1836 noslras
952 1783 1164 1836 animas
1202 1782 1526 1838 labefactare
1563 1784 1834 1837 nolumus.

606 2085 673 2140 V.
714 2083 814 2138 His
853 2081 1075 2150 auditis,
1097 2081 1292 2138 Decius
1334 2098 1444 2138 non
1479 2082 1716 2154 amplius
1745 2083 1892 2152 loqui
1925 2083 2114 2146 voluit,

537 2177 634 2234 sed
672 2176 838 2248 jussit
866 2175 1134 2230 militares
1169 2188 1336 2229 zonas
1365 2175 1433 2229 ab
1469 2175 1549 2229 eis
1576 2173 1799 2229 auferri.
1832 2174 2002 2247 Cujus
2037 2176 2114 2230 rei

535 2283 756 2326 causam
800 2281 920 2321 esse
968 2266 1125 2332 dixit,
1171 2267 1316 2336 quod
1357 2267 1580 2320 deorum
1624 2267 1878 2336 potentiae
1923 2267 2118 2320 adver-

537 2355 716 2411 sarios
767 2356 915 2424 ipsos
950 2355 1410 2423 deprehenderat.
1463 2355 1732 2410 Praeterea
1759 2357 1879 2411 illos
1917 2371 1946 2409 a
1984 2356 2118 2410 deo-

537 2458 658 2496 rum
722 2440 1097 2496 munificentia
1165 2439 1531 2510 repellendos,
1583 2449 1748 2508 atque
1793 2442 1861 2497 ab
1900 2440 2116 2509 imperii

538 2533 725 2590 militia
761 2532 949 2604 procul
981 2531 1245 2587 arcendos
1277 2547 1401 2587 esse
1429 2531 1697 2596 decrevit,
1719 2531 1894 2602 quoad
1917 2545 2117 2601 oppor-

538 2638 668 2681 tune
715 2624 782 2680 de
831 2625 1048 2679 illorum
1095 2625 1359 2693 religione
1412 2624 1693 2694 inquirere
1736 2631 1945 2694 posset.
1997 2623 2116 2678 Non

535 2718 682 2773 enim
719 2732 932 2786 aequum
968 2717 1140 2771 videri
1174 2717 1277 2772 sibi
1344 2719 1541 2782 aiebat,
1591 2717 1806 2773 illorum
1852 2719 2118 2787 juventu-

538 2824 646 2867 tem
685 2809 974 2864 tormentis
1021 2811 1300 2864 consumi:
1352 2810 1538 2879 itaque
1585 2810 1960 2864 misericordia
2002 2825 2120 2864 mo-

539 2915 650 2957 tum
697 2902 958 2969 temporis
1010 2903 1245 2970 spatium
1281 2916 1339 2956 se
1386 2902 1499 2955 illis
1557 2901 1880 2965 concedere,
1927 2911 1987 2956 ut
2033 2903 2118 2956 in-

539 3007 686 3050 terea
737 2993 1146 3063 resipiscerent,
1187 2992 1254 3047 ad
1295 2995 1424 3049 deos
1471 3003 1900 3060 reverterentur,
1946 3004 2002 3050 et
2043 2995 2122 3049 vi-

539 3095 747 3141 verent.
812 3084 935 3140 Haec
984 3085 1123 3140 dixit
1164 3085 1485 3154 imperator,
1527 3095 1583 3140 et
1635 3088 1891 3156 praecepit
1923 3087 2120 3141 ferreis

2219 601 2437 664 αὐτοὺς,
2467 598 2558 651 καὶ
2603 599 2692 651 ὅτε
2729 595 3181 667 προσηνέχθησαν
3217 592 3448 646 ἐνώπιον
3493 588 3685 652 αὑτοῦ,
3715 587 3801 640 ἔτι

2219 694 2326 745 τῶν
2351 690 2601 760 δακρύων
2630 692 2688 742 ὲν
2714 693 2823 752 τοῖς
2877 688 3181 756 ὀφθαλμοῖς
3219 684 3397 736 αὗτῶν
3427 681 3621 744 ὖντων,
3643 680 3803 749 λέγει

2219 786 2402 847 αὐτοῖς
2441 782 2629 845 Δέκιος
2660 783 2688 833 ό
2722 780 2978 850 βασιλεύς
3013 795 3028 809 ο
3064 777 3214 830 Διατί
3241 777 3340 828 οὐκ
3370 775 3622 844 ὲμείνατε
3674 774 3802 843 μεθ’

2221 877 2378 948 ἡμῶν
2415 878 2496 938 είς
2527 877 2626 944 τὴν
2666 875 2859 927 θυσίαν
2901 871 3010 926 τῶν
3058 869 3222 934 θεῶν,
3251 870 3451 930 οἵτινες
3491 871 3678 920 πᾶσαν
3699 867 3804 934 τὴν

2219 971 2546 1038 οἰκουμένην
2602 963 3040 1037 προσκαλοῦνται
3094 963 3232 1034 πρὸς
3279 961 3508 1022 ἑαυτούς
3537 975 3550 988 ⁸
3579 960 3672 1011 καὶ
3701 958 3806 1010 νῦν

2221 1061 2548 1131 προσέλθετε
2597 1060 2694 1112 καὶ
2725 1059 2929 1111 θύσατε
2980 1059 3077 1126 τὴν
3117 1053 3619 1126 κεχρεωστημένην
3663 1053 3806 1126 ἡμῖν

2220 1156 2409 1208 θυσίαν
2443 1158 2554 1216 τοῖς
2587 1153 2749 1216 θεοῖς,
2778 1151 2962 1213 καθῶς
2986 1151 3249 1218 ἱποίησαν
3269 1150 3469 1208 πάντες
3502 1147 3553 1198 οί
3585 1145 3808 1214 ἄνθρω-

2219 1265 2333 1300 ποι.
2360 1247 2494 1300 Τότε
2550 1244 2984 1314 Μαξιμιλλιανὺς
3019 1241 3366 1311 ἀποκριθεὶς,
3391 1235 3550 1292 εἶπεν
3585 1236 3666 1308 τῷ
3703 1239 3806 1307 βα-

2222 1341 2360 1394 σιλεῖ
2379 1357 2392 1372 ·
2430 1339 2667 1408 Ἔχομεν
2696 1338 2828 1390 Θεὸν
2856 1322 2917 1390 ἓν
2950 1334 3029 1404 τῷ
3062 1332 3305 1404 οὐρανῷ,
3333 1333 3362 1384 ό
3389 1331 3618 1400 οὐρανὸς
3646 1331 3747 1381 καὶ
3772 1330 3808 1397 ἡ

2220 1433 2290 1500 γῆ
2325 1430 2688 1501 πεπλήρωται
2735 1428 2836 1495 τῆς
2873 1423 3034 1494 δόξης
3069 1424 3258 1486 αὑτοῦ,
3303 1423 3398 1475 καὶ
3444 1421 3592 1490 αὐτῷ
3626 1435 3808 1488 προσ-

2222 1526 2464 1594 φέρομεν
2525 1522 2624 1592 τὴν
2677 1519 2928 1591 κρυπτὴν
2979 1516 3174 1570 θυσίαν
3208 1514 3312 1584 τῆς
3355 1513 3808 1582 ιξομολογὴσεως

2221 1617 2397 1688 ἡμῶν,
2420 1617 2514 1669 καὶ
2545 1617 2603 1668 ὲν
2636 1617 2700 1684 τῇ
2731 1613 2936 1682 σπουδῇ
2970 1613 3067 1682 τῆς
3115 1612 3358 1680 δεήσεως
3391 1607 3550 1677 ἡμῶν
3591 1608 3807 1674 ἐμφαι-

2223 1710 2426 1780 νὸμεθα
2456 1708 2687 1761 ἐνώπιον
2734 1705 2903 1758 αὑτοῦ
2950 1703 3269 1764 διαπαντός.
3324 1701 3520 1769 Ἡμεῖς
3545 1699 3658 1769 γὰρ
3697 1701 3806 1767 τὴν

2225 1803 2415 1854 κνίσαν
2451 1800 2544 1853 τοῦ
2583 1798 2795 1852 καπνοῦ
2845 1798 2947 1869 τὴν
2992 1793 3438 1867 μεμολυσμένην,
3485 1791 3809 1861 ιμπροσθεν

2219 1893 2452 1948 εἰδώλων
2478 1910 2572 1946 σου
2611 1893 2672 1945 οὗ
2715 1889 3123 1962 προσφέρομεν,
3158 1887 3280 1940 οὐδὲ
3319 1887 3434 1954 γᾴρ
3489 1884 3806 1953 μολύνομεν

2216 1986 2314 2056 τὴν
2336 1985 2706 2052 καθαριότητα
2724 1982 2833 2035 τῶν
2851 1982 3036 2050 ψυχῶν
3066 1979 3222 2050 ἡμῶν
3249 1978 3346 2031 καὶ
3366 1977 3477 2029 τῶν
3502 1974 3804 2043 σωμάτων,

2285 2075 2365 2130 ιε’.
2415 2077 2551 2128 Τότε
2615 2075 2808 2136 Δέκιος
2865 2074 2925 2126 οὐ
2981 2071 3234 2140 διελέχθη
3287 2069 3622 2138 ἀμφοτέροις
3661 2067 3806 2137 ἅμα,

2217 2169 2355 2223 am
2389 2168 2604 2222 κελεύει
2646 2168 2887 2236 κοπῆναι
2917 2165 3016 2228 τὰς
3052 2163 3231 2229 ζώνας
3267 2163 3464 2215 αὐτῶν.
3499 2163 3609 2216 Καὶ
3652 2163 3810 2227 λέγει

2219 2261 2582 2332 πρδςαύτούς
2603 2276 2616 2293 ·
2649 2258 2870 2328 Ἐπειδὴ
2896 2251 3056 2325 εὗρον
3074 2259 3216 2326 ὑμᾶς
3235 2255 3512 2317 ἐναντίους
3535 2253 3680 2307 κατὰ
3703 2257 3809 2323 τῆς

2218 2355 2502 2423 δυνάμεως
2531 2355 2638 2405 τῶν
2663 2353 2823 2415 θεῶν,
2863 2351 2952 2403 διὰ
2981 2350 3142 2402 τοῦτο
3174 2350 3270 2403 καὶ
3297 2349 3458 2418 ὑμεῖς
3503 2347 3808 2416 ἀλλοτριω-

2220 2446 2450 2516 θήσεσθε
2479 2446 2578 2511 τῆς
2611 2443 2792 2498 αὐτῶν
2814 2442 3235 2514 μεγαλειότητος
3254 2443 3350 2493 καὶ
3373 2440 3473 2508 τῆς
3500 2441 3805 2508 στρατείας

2217 2539 2314 2608 τῆς
2351 2537 2632 2608 βασιλείας
2659 2535 2842 2605 ἡμῶν,
2890 2535 2996 2596 ἓως
3023 2527 3085 2586 οὗ
3111 2530 3262 2585 λάϐω
3290 2531 3488 2599 καιρὸν
3533 2531 3632 2583 xai.
3661 2530 3808 2603 μετὰ

2217 2629 2546 2700 δοκιμασίας
2601 2609 3119 2698 ἐπερωτηθήσεσθε,
3180 2621 3313 2693 περὶ
3368 2623 3469 2691 τῆς
3522 2620 3692 2690 οὔσης
3748 2623 3812 2675 ἐν

2221 2724 2349 2790 ὑμῖν
2381 2719 2704 2792 θρησκείας·
2730 2719 2790 2770 οὺ
2815 2717 2926 2787 γὰρ
2958 2717 3171 2769 δίκαιόν
3222 2717 3376 2767 ἐστιν
3427 2714 3594 2778 εὐθὺς
3645 2718 3811 2770 ἀπωο

2219 2814 2408 2868 λέσθαι
2436 2814 2532 2884 τὴν
2565 2813 2795 2883 νεότητα
2829 2810 2982 2880 ὑμῶν
3009 2810 3103 2862 καὶ
3137 2807 3380 2879 μαράναι
3426 2808 3526 2871 τὰς
3578 2807 3806 2876 ἡλικίας

2222 2907 2380 2977 ὑμῶν
2413 2910 2471 2958 ἐν
2497 2906 2775 2967 ποικίλαις
2808 2903 3066 2974 βασάνοις
3095 2919 3109 2934 ⁸
3141 2903 3252 2971 ἐγὼ
3281 2903 3392 2972 γὰρ
3423 2901 3809 2972 συμπαθήσας

2219 3001 2414 3070 δίδωμι
2453 2999 2585 3068 ὑμῖν
2615 2998 2830 3067 καιρὸν,
2861 2997 3011 3058 ὅπως
3033 2996 3096 3047 ὲν
3123 2994 3273 3063 αὑτῷ
3302 2993 3658 3062 σοφισθέντες
3684 2996 3813 3047 ἔπι-

2223 3091 2492 3161 στρέψητε
2523 3091 2619 3143 καὶ
2674 3089 2932 3158 ζήσεσθε.
2993 3088 3127 3140 Τότε
3167 3087 3459 3140 ἐκέλευσεν
3487 3090 3513 3140 ό
3544 3087 3810 3157 βασιλεὺς

537 3178 768 3232 vinculis
813 3178 1026 3230 illorum
1060 3177 1196 3230 colla
1239 3177 1396 3241 exui,
1433 3188 1596 3245 atque
1627 3195 1654 3229 ιι
1686 3193 1785 3230 suo
1824 3187 2116 3244 conspectu

2223 3185 2436 3248 Δέκιος,
2460 3183 2555 3236 καὶ
2581 3185 2793 3252 ὲπῇραν
2828 3183 2896 3234 τὰ
2918 3180 3076 3233 κλοιὰ
3107 3181 3176 3234 τὰ
3201 3181 3398 3250 σιδηρὰ
3432 3183 3495 3234 ὲκ
3520 3181 3631 3234 τῶν
3668 3199 3810 3253 τρα-

540 3268 826 3323 removeri.
857 3266 1011 3321 Tunc
1040 3266 1231 3321 Decius
1260 3267 1313 3320 in
1345 3267 1479 3321 alias
1517 3267 1679 3322 urbes
1708 3267 1982 3336 profectus
2013 3279 2115 3335 est,

541 3372 598 3415 ut
623 3359 820 3414 laceret
849 3374 965 3429 quae
999 3359 1054 3413 in
1081 3359 1262 3413 animo
1291 3359 1543 3425 habebat,
1573 3375 1638 3415 eo
1664 3369 1841 3415 tamen
1866 3362 2118 3427 consilio,

543 3464 600 3510 ut
651 3453 926 3522 Ephesum
972 3459 1264 3519 repeteret.
1317 3449 1501 3521 Itaque
1550 3452 1753 3507 sanctis
1799 3451 1950 3516 viris,
1979 3467 2117 3520 quos

537 3543 797 3606 diximus,
849 3546 1177 3596 concessum
1212 3539 1390 3595 fuerat
1430 3541 1498 3594 ab
1545 3541 1897 3610 imperatore;
1935 3550 1992 3594 ut
2022 3556 2120 3610 per

537 3639 746 3708 aliquot
774 3636 892 3690 dies
924 3635 1097 3689 libere
1124 3633 1330 3688 versari
1366 3642 1614 3703 possent.

609 3841 696 3897 Vl.
733 3839 868 3898 Cum
911 3839 1076 3912 igitur
1103 3846 1469 3910 Opportunum
1498 3845 1713 3909 tempus
1750 3838 2113 3902 invenissent.

537 3946 592 3992 et
617 3936 669 3989 in
690 3933 894 3990 Christi
923 3933 1027 3988 ﬁde
1052 3946 1405 4002 perseverare
1432 3931 1866 3991 constituissent,
1891 3930 2118 3998 justitiae

538 4027 797 4096 Operibus
842 4023 1269 4079 incumbebant:
1321 4036 1558 4090 cumque
1605 4036 1800 4075 aurum
1837 4030 1892 4074 et
1924 4034 2119 4090 argen-

541 4130 655 4174 tum
685 4131 750 4171 ex
778 4113 1018 4184 paternis
1056 4113 1403 4169 facultatibus
1442 4112 1808 4184 collegissent,
1861 4113 2118 4183 pauperi-

540 4210 641 4263 bus
692 4207 917 4261 multam
961 4207 1258 4276 pecuniam
1313 4205 1740 4260 distribuerunt:
1780 4215 1836 4259 et
1869 4205 2014 4259 inter
2058 4217 2118 4259 se

539 4302 826 4360 consilium
875 4302 1149 4365 ineuntes,
1195 4301 1435 4356 vicissim
1473 4315 1532 4356 se
1560 4299 1648 4354 his
1682 4300 1866 4353 verbis
1918 4298 2118 4354 adhor-

539 4396 795 4451 tabantur
831 4411 844 4447 :
887 4391 1220 4445 Secedamus
1262 4405 1557 4459 parumper
1602 4389 1671 4443 ab
1714 4389 1814 4444 hac
1865 4391 2017 4456 urbe,
2062 4399 2116 4446 et

537 4486 831 4539 subeamus
860 4483 1178 4553 speluncam
1209 4482 1354 4536 illam
1391 4496 1660 4553 magnam,
1691 4498 1810 4551 quae
1851 4483 2025 4551 vergit
2048 4481 2121 4535 ad.

2228 3277 2410 3347 χήλων
2461 3276 2663 3338 αὐτῶν,
2714 3276 2807 3326 καὶ
2856 3273 3110 3340 ἐξέϐαλον
3145 3275 3344 3335 αὐτοὺς
3384 3274 3447 3326 ὲκ
3503 3274 3812 3344 προσώπου

2223 3369 2320 3422 τοῦ
2377 3368 2663 3438 βασιλέως.
2719 3367 2855 3419 Τότε
2881 3363 2975 3418 οὖν
3002 3367 3029 3416 ό
3059 3365 3256 3428 Δέκιος
3314 3364 3545 3434 ἐξῆλθεν
3581 3368 3662 3429 είς
3704 3368 3808 3427 τὰς

2226 3463 2394 3523 ἄλλας
2433 3459 2638 3521 πόλεις,
2675 3457 2966 3529 πληρῶσαι
2996 3458 3057 3510 τὸ
3087 3457 3303 3527 θέλημα
3341 3457 3510 3511 αὐτοῦ
3553 3459 3649 3512 καὶ
3709 3460 3812 3512 οὖ-

2225 3566 2334 3612 τως
2357 3549 2446 3602 ἐπ’
2475 3549 2724 3603 ἀνελθεῖν
2767 3549 2846 3610 είς
2877 3535 3116 3619 Ἔφεσον
3147 3551 3246 3621 τὴν
3271 3551 3428 3604 πόλιν
3459 3551 3516 3604 ιν
3550 3551 3705 3620 αὐτῷ
3731 3554 3820 3626 τῷ

2215 3639 2386 3711 θυμῷ
2428 3643 2528 3708 τῆς
2579 3638 2872 3703 ἀλαζονίας
2934 3639 3124 3700 αὑτοῦ,
3157 3639 3280 3691 τότε
3333 3636 3425 3692 οὖν
3483 3641 3639 3710 ἐδόθη
3689 3646 3812 3706 τοῖς

2226 3734 2402 3801 ἁγίοις
2439 3733 2646 3794 ἔνδοσις
2687 3732 2908 3800 ἡμερῶν
2943 3730 3094 3798 παρὰ
3130 3729 3225 3781 τοῦ
3261 3729 3552 3798 βασιλέως.

2296 3829 2387 3891 εἶ’.
2415 3824 2688 3882 Λαϐόντες
2741 3821 2834 3874 οὖν
2864 3821 3057 3892 καιρὸν
3088 3822 3136 3873 oi
3171 3822 3344 3889 ἅγιοι,
3380 3822 3710 3892 ἐπλήρωσαν
3741 3824 3814 3876 τὰ

2223 3917 2361 3986 ἔργα
2395 3917 2491 3984 τῆς
2533 3914 2888 3982 δικαιοσύνης
2911 3915 2970 3967 ἐν
3001 3917 3065 3984 τῇ
3099 3915 3284 3967 πίστει
3333 3913 3537 3978 αὐτῶν,
3581 3918 3676 3968 καὶ
3707 3916 3812 3970 λα-

2223 4008 2414 4072 ϐόντες
2445 4007 2670 4078 χρυσίον
2694 4007 2790 4060 καὶ
2817 4005 3085 4081 ἀργύριον
3107 4007 3170 4058 ὲκ
3190 4007 3297 4058 τῶν
3329 4007 3567 4073 γονικῶν
3596 4007 3811 4073 αὐτῶν,

2223 4103 2483 4158 διεδίδουν
2509 4102 2903 4170 τοῖςπτωχοῖς·
2921 4099 3041 4152 τότε
3067 4100 3369 4167 ὲσκέψαντο
3402 4100 3520 4170 μετ’
3553 4097 3813 4172 ἀλλήλων

2223 4196 2320 4249 καὶ
2349 4190 2525 4247 εἶπον.
2559 4191 3021 4264 Ἀποχωρίσωμεν
3052 4192 3278 4256 ἑαυτοὺς
3301 4193 3487 4260 ὀλίγον
3527 4195 3621 4245 καὶ
3654 4195 3815 4257 ἐξέλ-

2225 4287 2408 4359 θωμεν
2434 4288 2498 4342 ὲκ
2523 4286 2624 4358 τῆς
2655 4287 2868 4349 πόλεως
2893 4286 3122 4355 ταύτης,
3150 4287 3245 4338 καὶ
3276 4285 3608 4357 ἀπέλθωμεν
3640 4289 3726 4350 είς
3748 4289 3812 4344 τὸ

2225 4384 2488 4453 σπήλαιον
2526 4381 2588 4434 rb
2634 4382 2780 4451 μέγα
2826 4380 2888 4434 τὸ
2917 4379 2975 4432 ὃν
3007 4379 3067 4446 ἐξ
3112 4378 3392 4436 ἀνατολῶν
3439 4385 3540 4451 τῆς
3570 4362 3841 4446 πόλεως)

2223 4476 2336 4528 Kal.
2372 4472 2656 4544 δεηθῶμεν
2709 4474 2829 4526 ἐκεῖ
2887 4470 2982 4525 τοῦ
3017 4471 3152 4526 Θεοῦ
3196 4472 3358 4541 ἡμῶν
3395 4474 3536 4543 μετὰ
3566 4476 3814 4544 ἡσυχίας

536 4576 840 4630 Orientem.
897 4573 1012 4627 lllic
1061 4574 1248 4643 quiete
1306 4574 1576 4636 viventes,
1636 4572 1804 4627 Deum
1861 4583 2110 4627 nostrum

2222 4567 2480 4632 ικτενῶς,
2531 4569 2623 4620 καὶ
2683 4566 3106 4639 εὐτρεπίσωμεν
3153 4566 3386 4628 ἑαυτοὺς
3439 4564 3677 4619 ἐνώπιον
3708 4567 3809 4619 τοῦ

535 4668 761 4722 attentis
790 4676 844 4722 et
877 4665 1114 4720 assiduis
1155 4665 1408 4734 precibus
1439 4678 1680 4725 oremus,
1719 4672 1776 4716 ut
1810 4664 1943 4717 tales
1973 4664 2114 4718 edici

538 4765 815 4830 possimus
871 4758 963 4828 qui
1017 4764 1146 4812 ante
1195 4757 1407 4828 tyranni
1467 4765 1749 4827 aspectum
1804 4765 2116 4812 constanter

536 4867 680 4908 stare
734 4852 1054 4906 valeamus:
1107 4866 1285 4919 neque
1351 4851 1671 4903 desinamus
1739 4851 1830 4903 Dei
1887 4850 2113 4920 gloriam

537 4947 874 5006 collaudare.
937 4952 993 4998 ut
1044 4941 1189 4996 Deus
1239 4940 1357 5010 ipse
1415 4955 1518 5009 ope
1565 4955 1660 4994 sua
1718 4955 1817 4994 nos
1872 4941 2114 5008 adjuvet,

542 5051 648 5106 quo
697 5047 899 5090 rectam
960 5036 1080 5104 ejus
1140 5033 1550 5089 confessionem
1615 5047 1920 5094 servemus,
1957 5046 2116 5086 coro-

543 5142 779 5198 namque
859 5124 1005 5182 illam
1074 5124 1444 5195 incorruptam
1515 5125 1600 5179 his
1678 5135 1960 5192 paratam,
2024 5123 2117 5194 qui

543 5221 662 5289 ejus
719 5220 878 5274 tidem
941 5218 1280 5282 custodiunt,
1330 5225 1386 5271 et
1429 5214 1708 5270 Christum
1753 5223 2114 5287 agnoverunt,

542 5309 791 5376 accipere
870 5312 1162 5380 possimus.
1231 5309 1417 5377 Itaque
1466 5325 1590 5364 cum
1647 5318 1856 5364 tantum
1908 5311 2117 5381 argenti

542 5400 925 5472 sumpsissent,
952 5411 1212 5469 quantum
1255 5401 1360 5455 illis
1403 5401 1470 5454 ad
1516 5411 1794 5470 sumptum
1825 5402 1958 5458 satis
1995 5416 2118 5457 esse

539 5503 744 5561 posset,
779 5494 1144 5548 ascenderunt
1183 5493 1237 5545 in
1265 5493 1578 5562 speluncam
1617 5495 1672 5546 in
1711 5502 1894 5547 monte
1935 5493 2114 5560 sitam,

539 5594 719 5649 (nions
750 5585 956 5638 Ochlon
1012 5583 1340 5654 appellatur)
1360 5600 1466 5652 quo
1498 5587 1554 5638 in
1601 5587 1720 5641 loco
1755 5587 1957 5641 multos
2001 5587 2118 5644 dies

540 5685 940 5745 transegerunt,
1006 5676 1174 5729 Deum
1246 5676 1426 5744 ipsum
1488 5683 1729 5740 orantes,
1787 5688 1841 5732 et
1885 5679 2116 5734 salutem

540 5763 845 5817 unlmarum
915 5781 1136 5819 suarum
1199 5781 1418 5835 semper
1483 5767 1551 5820 ab
1621 5782 1687 5822 eo
1753 5771 2114 5836 postulantes.

543 5852 801 5906 lamblico
856 5867 1054 5917 autem,
1086 5857 1176 5926 qui
1223 5860 1476 5913 omnibus
1531 5860 1652 5915 aliis
1681 5871 1800 5915 crat
1843 5874 1970 5918 natu
2016 5864 2116 5918 mi-

2215 4663 2482 4732 τυράννου
2519 4661 2895 4730 παραστῆναι,
2925 4658 2999 4728 μὴ
3035 4658 3130 4711 οῦν
3177 4659 3520 4729 ἀργήσωμεν
3566 4659 3675 4710 ἀπὸ
3707 4659 3812 4727 τῆς

2214 4753 2524 4820 δοξολογίας
2552 4752 2646 4804 τοῦ
2685 4751 2844 4804 Θεοῦ.
2877 4752 2986 4803 Καὶ
3034 4753 3098 4802 τὸ
3145 4753 3365 4819 θέλημα
3397 4750 3565 4802 αὑτοῦ
3598 4753 3814 4821 ποιήση

2219 4845 2339 4917 μεθ’
2374 4843 2532 4914 ἡμῶν
2565 4844 2592 4893 ό
2625 4827 2852 4912 Κύριος,
2905 4847 3002 4896 καὶ
3057 4843 3450 4913 πληρώσωμεν
3499 4841 3597 4911 τὴν
3632 4843 3810 4913 καλὴν

2215 4937 2510 5008 ὁμολογίαν
2557 4936 2719 5006 ἡμῶν
2759 4937 2995 4990 ἐνώπιον
3033 4936 3132 4990 τοῦ
3169 4938 3464 5007 τυράννου,
3499 4937 3592 4989 καὶ
3625 4936 3808 4989 λάϐω-

2219 5052 2320 5106 μεν
2358 5035 2451 5088 τόν
2478 5034 2804 5104 ἀμάραντον
2841 5032 3113 5101 στέφανον
3144 5033 3238 5085 τὸν
3263 5031 3669 5102 ἡτοιμασμένον
3694 5034 3812 5094 τοῖς

2215 5129 2431 5188 πιστοῖς
2459 5127 2556 5179 καὶ
2597 5126 2968 5193 ἐπεγνωκόσι.
2997 5127 3107 5178 Καὶ
3135 5124 3400 5187 λαϐόντες
3430 5124 3570 5194 μετὰ
3609 5125 3808 5191 χεῖρας

2215 5219 2480 5291 ἀργύριον
2497 5220 2578 5280 εἰς
2594 5220 2752 5288 λόγον
2769 5221 2869 5288 τῆς
2879 5217 3126 5288 δαπάνης
3140 5218 3340 5283 αὐτῶν,
3357 5217 3634 5287 ἀνέϐησαν
3649 5220 3730 5281 είς
3749 5219 3809 5270 τὸ

2219 5313 2484 5384 σπήλαιον
2505 5313 2564 5365 τὸ
2581 5311 2640 5364 ὃν
2661 5313 2718 5366 ὲν
2739 5314 2815 5382 τῷ
2829 5312 2943 5382 ὄρει
2962 5311 3040 5383 τῷ
3058 5312 3337 5382 λεγομένῳ
3361 5311 3596 5382 Μοχλδς,
3618 5314 3715 5364 καὶ
3734 5313 3811 5365 δι-

2216 5408 2351 5475 ¹ἦγον
2378 5406 2496 5457 ἐκεῖ
2518 5405 2720 5466 πολλὰς
2741 5404 2849 5474 ήμέ
2860 5420 2957 5473 ρας
2979 5403 3413 5474 προσευχόμενοι
3432 5407 3527 5457 καὶ
3557 5403 3806 5472 δεόμενοι

2217 5494 2310 5548 τοῦ
2344 5493 2478 5548 Θεοῦ
2524 5494 2610 5547 διὰ
2663 5496 2887 5557 παντὸς,
2934 5497 3079 5563 ὑπὲρ
3132 5494 3230 5563 τῆς
3280 5496 3558 5564 σωτηρίας
3595 5495 3801 5549 αὐτῶν.

2230 5585 2534 5656 Ἰάμϐλιχον
2548 5585 2603 5638 δὲ
2622 5585 2784 5637 νεώτε
2798 5571 2887 5654 ρον
2901 5586 3030 5638 όντα
3047 5584 3142 5638 καὶ
3162 5586 3534 5653 δυνατώτερον
3554 5590 3650 5639 καὶ
3669 5586 3802 5654 φρό-

2218 5697 2397 5750 νιμον,
2423 5678 2611 5743 ἔταξεν
2632 5679 2904 5730 διακονεῖν
2920 5679 3122 5743 αὐτοῖς·
3151 5679 3248 5732 καὶ
3274 5678 3362 5730 ὅτε
3382 5679 3697 5748 κατήρχετο
3726 5678 3802 5739 είς

2220 5773 2316 5842 τὴν
2357 5774 2508 5826 πόλιν
2535 5771 2777 5840 ήλλασσε
2808 5775 2876 5823 τὰ
2919 5773 3117 5842 ἱμάτια
3140 5769 3308 5824 αὑτοῦ
3334 5771 3407 5835 ὡς
3437 5769 3681 5837 πτωχὸς,
3709 5770 3803 5821 καὶ

2223 5862 2498 5933 ἐλάμϐανε
2559 5861 2679 5931 μεθ’
2722 5862 2920 5916 ἑαυτοῦ
2985 5861 3256 5933 ἀργύριον
3303 5864 3398 5918 καὶ
3455 5858 3629 5912 ἐδίδου
3691 5863 3803 5925 τοῖς
