3972 6488
164 428 273 495 433
1268 436 1366 498 DE
1409 434 1705 495 SEPTEM
1751 435 1781 496 Ε

1888 428 2364 497 MIENI‘IBUS.
3330 427 3434 492 434

166 553 408 620 πτωχοῖς
463 554 524 616 ἐξ
563 553 754 621 αὑτοῦ,
815 553 906 607 καὶ
955 551 1192 622 ἠκροᾶτο
1239 551 1290 603 τί
1332 551 1554 616 ἐλέγετο
1584 550 1642 602 ἐν
1677 549 1755 619 τῷ

1888 563 1980 614 lor,
2016 559 2069 603 et
2115 546 2384 603 obeundis
2441 541 2762 600 ministeriis
2826 542 3002 613 aptior
3051 551 3216 611 atque
3275 556 3438 611 expe-

168 641 423 712 παλατέῳ
485 643 578 694 τοῦ
639 644 926 714 βασιλέως.
962 644 1072 698 Καὶ¹
1127 641 1304 706 οὕτως
1356 642 1601 711 ἠγόραζε
1657 641 1752 711 τὴν

1888 641 2048 706 titior,
2121 640 2436 710 impositum
2495 637 2599 693 fuit
2664 636 2970 707 negotium,
3033 645 3093 688 ut
3143 636 3197 689 in
3245 635 3436 690 urbem

164 734 358 801 χρείαν
393 736 576 788 αὐτῶν
613 739 708 790 καὶ
760 738 1047 808 ἀνήρχετο,
1077 735 1431 804 ἀναγγέλλων
1465 734 1647 796 αὐτοῖς
1683 733 1750 785 τὰ

1888 733 2234 796 ascenderet,
2285 732 2415 792 etsi
2454 730 2584 801 quid
2641 727 2756 784 fieri
2791 743 2930 800 opus
2974 735 3143 791 esset.
3193 726 3309 796 ipse
3364 726 3440 780 fa-

164 820 445 890 λεγόμενα
482 825 575 875 καὶ
615 826 973 895 πραττόμενα
1006 824 1129 878 κατ’
1167 823 1347 876 αὐτῶν
1376 826 1432 877 ἐν
1469 821 1548 892 τῷ
1574 822 1749 875 παλα-

1889 831 2027 879 eret.
2087 825 2217 879 Erat
2277 832 2461 878 autem
2527 822 2749 893 juvenis
2805 821 2894 876 ille
2955 819 3112 874 valde
3172 821 3436 891 prudens.

165 912 268 982 τεῳ
297 915 392 967 τοῦ
428 916 721 984 βασιλέως.

1888 925 2042 985 taque
2100 931 2222 971 cum
2276 915 2341 970 ad
2412 915 2598 971 urbem
2656 911 3044 975 descendebat,
3101 927 3166 966 ne
3223 911 3438 982 agnosci

169 1019 376 1079 posset,
416 1023 620 1067 vestem
677 1013 940 1079 mutabat,
1000 1026 1054 1070 et
1097 1031 1236 1070 unus
1275 1013 1470 1084 aliquis
1520 1027 1550 1068 e
1601 1026 1831 1066 numero
1864 1006 2242 1066 mendicor‘um
2279 1011 2568 1066 videbatur
2600 1028 2612 1063 :
2664 1021 2898 1077 cumque
2937 1006 3223 1076 pecuniam
3255 1019 3438 1059 secum

169 1102 422 1167 haberet,
457 1113 665 1174 partem
703 1105 934 1176 aliquam
981 1108 1309 1178 pauperibus
1336 1103 1698 1162 distribucbat
1731 1121 1743 1158 :
1781 1103 1943 1160 dabat
1990 1105 2148 1160 etiam
2207 1118 2452 1174 operam,
2487 1111 2546 1157 ut
2584 1100 3039 1160 subanscultaret.
3079 1097 3335 1168 quidnam
3376 1097 3441 1151 de

171 1196 502 1266 imperatore
537 1200 828 1255 diceretur.

239 1291 313 1344 Z"
340 1294 451 1344 καὶ
491 1293 610 1361 μεθ’
636 1295 1045 1365 ἡμέρπῖτενάςν
1099 1294 1403 1368 ἐπανῆλθεν
1432 1298 1461 1350 ὁ
1498 1296 1752 1367 βασιλεὺς

172 1384 359 1444 Δέκιος
389 1384 471 1447 εἰς
509 1385 764 1452 Ἔφεσον,
795 1387 883 1440 καὶ
937 1391 1283 1460 παραχρῆμα
1335 1390 1590 1444 ἐκέλευσε
1623 1383 1752 1453 rei};

173 1473 428 1539 πρώτους
459 1475 556 1544 τῆς
607 1476 836 1540 πόλεως,
889 1480 976 1533 ἵνα
1004 1483 1116 1542 τοῖς
1150 1482 1283 1554 περὶ
1326 1481 1627 1553 ’Λχιλεεδην
1660 1484 1755 1537 καὶ

170 1567 280 1627 τοῖς
333 1567 577 1636 ἑταίροις
602 1570 796 1635 ἀὖτοὖ,
827 1570 1038 1636 θυσίαις
1062 1574 1334 1627 ἐπιτελεῖν
1367 1577 1481 1638 τοῖς
1507 1576 1758 1644 ματαίοις

173 1657 446 1720 εἰδώλοις,
503 1662 634 1730 περὶ
700 1663 880 1715 αὐτῶν
940 1665 1048 1735 γὰρ
1090 1665 1436 1736 ἐνεθυμεῖτο.
1484 1668 1593 1721 Καὶ
1651 1667 1758 1739 γὰρ

180 1744 487 1814 ἐγνώριζεν
519 1748 741 1811 αὐτούς.
802 1752 910 1802 Καὶ
943 1752 1086 1805 οὕτω
1134 1756 1548 1827 κατεσχέθησαν
1577 1760 1626 1811 οἱ
1670 1777 1756 1812 πιο

177 1838 292 1888 στοὶ
320 1838 474 1908 σοῦῳ
501 1841 743 1910 μεγάλῳ,
768 1844 859 1894 καὶ
879 1845 1040 1907 αὐτὸς
1062 1845 1114 1897 δὲ
1133 1848 1406 1919 Διομήδης
1431 1851 1458 1901 ὁ
1487 1855 1578 1904 καὶ
1612 1852 1759 1923 Ἰάμ-

1934 1297 2044 1354 Vll.
2084 1297 2212 1353 Post
2241 1297 2449 1368 aliquot
2489 1296 2604 1352 dies
2637 1295 2801 1350 rediit
2825 1292 3127 1363 imperator
3161 1289 3354 1346 Decius
3388 1289 3442 1342 i'u

1863 1375 2053 1447 urbem
2087 1393 2411 1462 Ephesum:
2458 1400 2509 1447 et
2536 1389 2720 1445 statim
2764 1387 2930 1458 jussit
2974 1385 3266 1458 Optimates
3321 1397 3443 1436 cum

1863 1485 1947 1538 his
1985 1486 2076 1555 qui
2120 1485 2447 1539 Acbillidem
2496 1482 2885 1552 sequebantur,
2917 1490 2972 1533 et
2999 1477 3119 1532 aliis
3147 1475 3239 1546 qui
3289 1482 3450 1528 erant

1862 1577 1991 1642 illic,
2023 1577 2288 1631 sacrificia
2325 1576 2480 1630 vanis
2518 1575 2675 1629 idolis
2707 1572 2908 1627 oﬂ'erre
2942 1587 2954 1622 :
2991 1569 3057 1624 de
3100 1568 3252 1622 falsis
3300 1565 3446 1620 enim

1862 1670 1966 1727 diis
2009 1669 2123 1726 suis
2160 1677 2278 1723 erat
2322 1667 2479 1721 valde
2529 1665 2817 1728 sollicitus,
2851 1677 2976 1718 cum
3026 1675 3215 1716 eorum
3240 1657 3450 1712 vanita-

1865 1772 1970 1818 tem
2003 1776 2113 1816 non
2145 1767 2517 1832 cognosceret.
2564 1757 2930 1824 Quamobrem
2964 1752 3287 1810 Christiana:
3328 1747 3450 1804 fidei

1864 1866 2163 1912 sectatores
2215 1856 2408 1912 timore
2461 1869 2656 1926 magno
2703 1851 3097 1908 adiciebantur.
3153 1847 3276 1902 llaec
3323 1861 3449 1900 cum

178 1927 362 1995 ελιχος
392 1929 634 1992 ἀκούσας
660 1931 856 1999 ταῦτα,
886 1935 1078 2004 ἐξῆλθε
1103 1937 1200 2006 τῆς
1224 1938 1436 2003 πόλεως
1469 1941 1608 2011 ἔχων
1640 1913 1760 2014 μεθ’

1888 1949 2159 2003 'ambticus
2187 1947 2511 2010 audivisset,
2544 1960 2797 2016 egressus
2823 1955 2997 1998 estex
3041 1942 3196 2006 urbe,
3248 1953 3453 2010 paucos

177 2017 376 2070 ἑαυτοῦ
406 2019 625 2086 ὀλίγους
659 2022 884 2091 ἄρτους,
909 2027 1003 2079 καὶ
1026 2027 1196 2098 ἀνέϐη
1229 2029 1308 2092 εἰς
1336 2029 1394 2082 τὸ
1428 2031 1554 2102 ὅρος
1588 2033 1647 2085 ἐν
1684 2035 1762 2104 τῷ

179 2109 453 2179 σπηλαίῳ,
481 2111 616 2164 ὅπου
644 2108 784 2184 ἦσαν
820 2117 868 2170 oi
897 2117 1103 2189 ἑταῖροι
1131 2121 1319 2174 αὐτοῦ·
1347 2124 1440 2177 καὶ
1466 2124 1765 2197 διηγήσατο

179 2201 366 2266 αὐτοῖς
395 2203 466 2256 τὰ
490 2205 620 2276 περὶ
664 2207 766 2277 τῆς
792 2211 1002 2264 εἰσόδου
1031 2212 1125 2266 τοῦ
1154 2217 1424 2286 τυράννου
1454 2218 1512 2270 ἐν
1541 2218 1620 2288 τῷ
1653 2235 1762 2272 πα-

178 2295 370 2364 λατίῳ,
402 2297 496 2350 καὶ
521 2299 603 2352 ὃτι
633 2301 980 2374 ἐξῃτοήθησαν
1011 2306 1152 2376 μετὰ
1186 2308 1295 2362 τῶν
1328 2311 1764 2382 πολιτευομένων

181 2387 449 2441 εἰσελθεῖν
479 2391 574 2442 καὶ
603 2391 762 2444 θῦσαι
810 2394 1044 2448 ἐνώπιον
1087 2399 1274 2462 αὐτοῦ.
1301 2404 1396 2455 καὶ
1427 2404 1767 2469 ἀκούσαντες

183 2483 357 2537 ταῦτα
387 2485 594 2553 σφόδρα
621 2485 993 2556 ἐφοϐήθησαν,
1018 2493 1118 2546 ,καὶ
1159 2492 1469 2563 ἐδεήθησαν
1508 2498 1602 2550 τοῦ
1629 2499 1764 2551 Θεοῦ

187 2577 322 2643 μετὰ
347 2575 625 2646 κλαυθροῦ
671 2580 768 2631 καὶ
827 2584 1138 2653 στεναγμοῦ
1203 2588 1461 2657 μεγάλου.
1502 2591 1767 2659 ’Λναστὰς

184 2669 237 2720 δὲ
260 2669 562 2739 Διομήδης,
582 2673 896 2746 παρέθηκεν
921 2677 1343 2737 ἐνώπιοναύτῶν
1361 2687 1660 2754 τράπεζαν,
1678 2689 1772 2743 καὶ

191 2764 311 2824 τοὺς
348 2762 556 2830 ἄρτους
586 2764 680 2828 οὓς
711 2768 951 2840 ἠγόρασε
983 2773 1074 2826 τοῦ
1105 2777 1433 2844 μεταλαϐεῖν
1455 2781 1651 2842 αὐτοὺς
1679 2781 1788 2835 καὶ-

189 2858 646 2927 ἐνδυναμωοῆναι
717 2862 856 2932 πρὸς
898 2865 990 2917 τὸν
1040 2867 1280 2938 πόλεμον
1341 2869 1436 2923 τοῦ
1481 2873 1768 2942 τυράννου,

188 2951 321 3018 ὁμοῦ
353 2952 411 3004 δὲ
445 2952 824 3007 καθεσθέντων
873 2958 1053 3009 αὐτῶν
1083 2961 1139 3012 ἐν
1180 2960 1331 3033 μέσῳ
1375 2963 1468 3016 τοῦ
1502 2964 1772 3034 σπηλαίου

193 3041 492 3108 μετέλαϐον
527 3044 757 3112 τροφῆς.
781 3047 908 3116 περὶ
933 3047 1140 3116 δυσμὰς
1170 3049 1355 3120 ἡλίου·
1384 3056 1460 3117 ὡς
1497 3050 1589 3107 οὖν
1614 3056 1777 3110 ἐκαθ-

194 3133 374 3195 έζοντο
435 3132 771 3204 λυπούμενοι
800 3138 893 3192 καὶ
923 3139 1242 3208 ὁμιλοῦντες
1265 3141 1533 3213 ἀλλήλοις,
1554 3147 1780 3202 ἐνύστα-

1865 2054 2034 2108 panes
2063 2054 2251 2095 secum
2295 2039 2497 2104 ferens,
2539 2049 2593 2093 et
2621 2037 2687 2093 ad
2730 2037 2930 2092 montis
2971 2036 3308 2106 speluncam,
3361 2030 3482 2086 ubi.

1865 2136 2022 2181 erant
2060 2127 2216 2193 socii,
2251 2143 2504 2182 reversus
2532 2137 2631 2181 est.
2682 2124 2936 2181 Narravit
2975 2123 3295 2185 Jamblicus,
3332 2133 3454 2191 qua:

1867 2221 1922 2275 in
1982 2221 2194 2290 tyranni
2254 2219 2460 2289 palatio
2510 2219 2575 2272 ad
2630 2219 2750 2286 ejus
2798 2218 3107 2288 ingressum
3181 2213 3450 2274 audierat,

1867 2321 1924 2362 et
1965 2308 2425 2378 quemadmodum
2466 2307 2678 2378 quaesiti
2720 2307 2934 2361 fuerant
2981 2315 3036 2360 et
3075 2305 3202 2374 ipsi,
3240 2313 3299 2357 ut
3345 2317 3451 2356 nua

1870 2416 1993 2455 cum
2023 2401 2144 2456 aliis
2184 2402 2419 2465 civibus,
2465 2408 2736 2473 praesente
2777 2400 3125 2470 imperatore,
3176 2392 3453 2449 sacriﬁca-

1871 2502 2012 2547 rent.
2063 2495 2160 2548 llis
2211 2496 2435 2561 auditis,
2505 2495 2804 2550 timuerunt
2853 2492 2954 2558 illi,
2993 2501 3048 2546 et
3107 2489 3278 2544 multo
3329 2501 3454 2542 cum

1871 2584 2072 2655 gemitu
2105 2599 2167 2638 ac
2205 2586 2455 2656 lacrymis
2498 2585 2667 2639 Deum
2727 2583 2931 2654 precati
2985 2591 3133 2636 sunt.
3190 2579 3455 2649 Apposita

1871 2685 1956 2732 est
2003 2676 2167 2746 igitur
2215 2677 2322 2731 illis
2370 2692 2558 2732 mensa
2603 2686 2659 2731 et
2715 2691 2906 2747 panes,
2977 2688 3117 2743 quos
3160 2670 3457 2729 Jamblicus

1874 2779 2101 2835 emerat,
2140 2779 2198 2824 ut
2228 2770 2407 2824 cibum
2461 2778 2743 2824 sumerent
2812 2779 2867 2823 et
2901 2769 2968 2823 ad
3017 2767 3228 2839 tyranni
3279 2773 3457 2818 certa-

1876 2878 2000 2918 men
2037 2863 2417 2918 sustinendum
2471 2862 2836 2934 promptiores
2892 2851 3104 2915 fierent.
3149 2855 3460 2910 Consedere

1875 2956 2043 3024 igitur
2092 2956 2145 3009 in
2184 2957 2359 3009 media
2429 2957 2713 3025 spelunca,
2771 2965 2826 3009 et
2889 2955 3003 3009 sole
3045 2950 3331 3006 occidente
3385 2945 3460 3001 ci-

1875 3045 2004 3100 bum
2055 3054 2429 3116 sumpserunt.
2468 3045 2603 3099 Cum
2666 3060 2796 3098 vero
2846 3045 3029 3098 tristes
3086 3043 3362 3102 sederent,
3409 3049 3464 3092 et

1879 3141 2022 3196 inter
2052 3156 2110 3195 se
2140 3140 2605 3210 colloquerentur,
2655 3137 2893 3194 dormire
2951 3143 3266 3207 coeperunt;
3309 3140 3464 3189 erant

193 3229 286 3294 ξαν
312 3228 409 3279 καὶ
437 3229 917 3302 ἀπεκοιμήθησαν·
938 3229 1079 3304 ἦσαν
1101 3235 1208 3307 γὰρ
1231 3239 1277 3289 οἱ
1304 3237 1574 3309 ὀφθαλμοὶ
1599 3242 1777 3295 αὐτῶν

1888 3233 2026 3287 enim
2060 3248 2248 3288 eorum
2299 3233 2440 3288 oculi
2486 3241 2710 3304 propter
2743 3245 3032 3287 maerorem
3086 3227 3316 3300 gravati.

199 3323 572 3395 βεϐαρημένοι
607 3327 714 3380 ἀπὸ
745 3328 845 3397 τῆς
865 3327 1044 3397 λύπης
1068 3330 1164 3401 τῆς
1189 3329 1360 3404 οὔσης
1393 3332 1449 3386 ὲν
1475 3335 1545 3404 τῇ
1575 3334 1777 3407 καρδία

195 3435 394 3474 αντων.

263 3510 344 3563 H'.
363 3512 424 3563 Ὀ
443 3510 494 3562 δὲ
516 3511 819 3580 οἰκτίρμων
845 3511 936 3564 καὶ
953 3513 1330 3583 φιλάνθρωπος
1345 3516 1496 3586 Θεὸς,
1513 3521 1782 3576 ὑπάντοτε

197 3602 599 3673 προνοοὰμενος
629 3605 737 3656 τῶν
760 3603 961 3656 δούλων
997 3607 1185 3670 αὐτοῦ,
1214 3607 1554 3676 προσέταξεν
1578 3614 1781 3678 αὐτοὺς

198 3697 379 3748 θανεῖν
445 3694 538 3747 τὸν
598 3696 813 3748 αἶνετὺν
845 3697 1076 3750 θάνατον
1121 3701 1214 3752 καὶ
1271 3705 1530 3771 χρηστὸν,
1591 3704 1781 3759 ἓνεκεν

197 3785 299 3837 τῶν
328 3786 643 3856 μελλόντων
677 3789 1163 3845 ἀποκαλύπτεσθαι
1195 3793 1509 3865 θαυμάτων.
1545 3797 1654 3852 Καὶ
1684 3799 1786 3852 οὐκ

198 3881 429 3950 ᾔσθοντο
479 3885 611 3951 περὶ
665 3885 765 3952 τῆς
820 3889 1148 3955 κοσμήσεως
1201 3888 1297 3941 τοῦ
1355 3889 1525 3942 ὕπνου
1581 3893 1782 3948 αὐτῶν.

204 3974 308 4025 Καὶ
335 3973 513 4033 οὕτως
539 3973 914 4044 ἐκοιμήθησαν
939 3977 1028 4026 ἐπὶ
1048 3978 1144 4044 τῆς
1163 3977 1284 4044 γῇς,
1310 3979 1336 4029 ὁ
1365 3978 1438 4042 ὡς
1459 3980 1625 4045 ὕπνος
1650 3983 1783 4037 καθ.

200 4067 485 4134 ημερινδς,
512 4069 604 4118 καὶ
624 4066 915 4120 ἀπέδωκαν
943 4069 1039 4130 τὰς
1063 4067 1240 4139 ψυχὰς
1277 4071 1477 4128 αὐτῶν.
1520 4075 1608 4138 Ὡς
1643 4075 1788 4130 ἔστιν

200 4162 230 4227 ἡ
257 4159 546 4228 δοξολογξα
576 4162 633 4213 ἐν
661 4160 738 4231 τῷ
775 4161 1030 4233 στόματι·
1057 4164 1262 4232 αὐτῶν,
1302 4168 1394 4221 καὶ
1419 4168 1480 4220 τὺ
1520 4169 1788 4241 ἀργύριον

203 4251 229 4302 ὃ
252 4248 318 4321 ἦν
347 4254 407 4306 ἐν
435 4255 551 4317 τοῖς
612 4253 922 4324 βαλαντίοις
945 4257 1148 4322 αὐτῶν,
1192 4254 1262 4330 ἦν
1292 4260 1422 4330 παρ’
1449 4261 1632 4327 αὐτοῖς
1659 4263 1790 4318 ἔνθα

203 4340 341 4415 ἦσαν
374 4348 622 4416 κείμενοι
661 4349 756 4400 ἐπὶ
801 4350 898 4418 τὴν
951 4349 1076 4420 γῆν.
1105 4353 1183 4423 Τῇ
1212 4351 1265 4404 δὲ
1292 4352 1418 4422 ἑξῆς
1463 4354 1631 4408 ἕωθεν
1688 4358 1789 4409 ἐπ-

206 4444 478 4512 εζήτησεν
502 4442 702 4503 αὐτοὺς
743 4443 768 4493 ὁ
812 4441 1090 4511 βασιλεὺς,
1145 4445 1348 4516 μεταξὺ
1404 4446 1517 4500 τῶν
1560 4449 1791 4519 πρώτων

207 4535 297 4586 καὶ
326 4533 438 4585 τῶν
481 4533 919 4604 πολιτευομένων
952 4539 1008 4589 ἐν
1033 4539 1196 4591 παντὶ
1226 4538 1379 4610 τόπῳ
1410 4542 1507 4608 τῆς
1555 4543 1789 4608 πόλεως,

1955 3517 2090 3573 Vill.
2135 3518 2199 3571 At
2233 3517 2472 3572 clemens
2507 3531 2569 3570 ac
2617 3516 2887 3586 benignus
2935 3513 3098 3576 Deus.
3143 3513 3234 3583 qui
3287 3513 3462 3585 servis

1886 3611 2001 3665 suis
2067 3624 2282 3679 semper
2346 3607 2613 3678 providet,
2672 3605 2801 3660 fecit
2876 3606 2997 3658 illos
3059 3605 3252 3660 mortis
3299 3619 3469 3675 genus

1885 3702 2152 3772 quoddam
2202 3701 2374 3762 obire,
2413 3715 2472 3754 ut
2500 3717 2597 3770 per
2639 3714 2734 3755 eos
2763 3697 3024 3752 miracula
3074 3696 3322 3768 quaedam
3375 3711 3472 3765 0p-

1887 3807 2118 3871 portuna
2152 3797 2362 3851 ﬁerent.
2395 3794 2581 3866 Itaque
2615 3809 2740 3849 cum
2776 3811 2972 3864 sopore
3003 3808 3196 3848 omnes
3229 3790 3473 3859 corrupti

1889 3901 2094 3956 essent,
2146 3891 2200 3944 in
2257 3898 2402 3944 terra
2442 3890 2688 3958 iacentes
2751 3887 3027 3952 obierunt,
3082 3886 3294 3940 animas
3348 3898 3476 3938 suas

1890 3987 2003 4041 Deo
2030 3986 2345 4049 reddentes,
2379 3991 2435 4039 et
2465 3983 2702 4040 divinam
2736 3981 2959 4053 gloriam
3002 3977 3474 4034 concelebrantes.

1890 4076 2189 4147 Argentum
2213 4085 2426 4140 autem,
2452 4073 2596 4143 quod
2629 4073 2906 4128 habebant
2933 4071 2984 4125 in
3019 4071 3130 4126 suis
3159 4068 3474 4138 marsupiis,

1892 4166 2034 4236 apud
2084 4165 2202 4220 illos
2249 4180 2316 4220 eo
2354 4166 2406 4219 in
2452 4167 2591 4230 loco,
2647 4165 2700 4218 in
2751 4179 2860 4234 quo
2887 4163 3161 4235 jacebant,
3192 4160 3475 4217 remansit.

1894 4259 2160 4316 Postridie
2213 4273 2372 4314 mane
2433 4258 2730 4330 imperator
2783 4256 2929 4312 inter
2976 4255 3272 4326 optimates
3316 4253 3480 4323 jussit

1896 4355 2092 4408 iterum
2133 4364 2341 4423 septem
2377 4353 2499 4408 illos
2527 4353 2902 4408 adolescentes
2937 4348 3166 4420 requiri.
3213 4347 3315 4416 Qui
3351 4361 3477 4403 cum

1895 4464 2002 4503 non
2034 4447 2436 4508 invenirentur,
2469 4447 2534 4501 ad
2565 4446 2855 4515 optimates
2885 4459 3183 4500 conversus
3212 4461 3224 4496 :
3261 4441 3482 4512 Magno-

1897 4555 2047 4611 pere,
2100 4539 2298 4609 inquit,
2350 4538 2509 4594 doleo
2545 4549 2768 4609 propter
2812 4538 3220 4596 adulescentum
3263 4535 3477 4588 illorum

209 4629 301 4678 καὶ
331 4628 433 4695 οὐχ
467 4627 796 4699 εὑρέθησαν.
866 4631 975 4684 Καὶ
1008 4626 1161 4683 εἶπεν
1191 4631 1218 4683 ὁ
1252 4632 1506 4701 βασιλεὺς
1539 4637 1653 4698 τοῖς
1690 4655 1781 4705 με-

1899 4633 2257 4697 calamitates,
2293 4647 2358 4687 eo
2384 4633 2528 4702 quod
2564 4631 2866 4686 illustribus
2893 4640 2946 4683 et
2977 4630 3136 4683 claris
3164 4627 3481 4697 parentibus

210 4722 466 4786 γιστεὶσιν
499 4721 667 4774 αὑτοῦ
698 4737 713 4773 '.
747 4722 888 4777 Πολὺ
924 4722 1200 4793 ἐλυπήθην
1222 4723 1308 4778 διὰ
1342 4724 1438 4794 τὴν
1472 4723 1650 4797 θλῖψιν
1685 4728 1794 4782 τῶν

211 4815 514 4867 νεανίσκων
555 4816 902 4876 ἐκεῖνων,ὃτι
931 4816 1096 4870 τέκνα
1131 4817 1401 4889 λαμπρῶν
1421 4821 1516 4873 καὶ
1547 4822 1796 4890 μεγάλων

210 4904 372 4979 ἦσαν,
414 4907 512 4959 καὶ
563 4906 838 4960 ὑπέλαϐον
874 4911 954 4963 ὅτι
994 4911 1026 4980 ἠ
1081 4910 1329 4981 βασιλεία
1378 4913 1536 4982 ἡμῶν
1565 4913 1795 4987 ὀργίσθη

212 5002 332 5052 κατ’
371 4999 578 5061 αὐτῶν,
607 4999 698 5052 διὰ
726 4999 824 5070 τὴν
862 5002 1121 5056 ἀσέϐειαν
1150 5003 1248 5073 τῆς
1284 5004 1653 5076 παραϐάσεως
1702 5007 1797 5062 αὖ·

213 5094 319 5144 τῶν
377 5095 478 5164 τῆς
525 5093 835 5164 ἔμπροσθέν
884 5111 984 5164 μου
1020 5112 1034 5126 ο
1084 5099 1176 5150 καὶ
1216 5100 1248 5169 ή
1293 5099 1675 5171 φιλανθρωπία
1704 5103 1798 5156 τοῦ

219 5187 450 5256 κράτους
478 5186 637 5256 ήμῶν
661 5186 721 5237 οὗ
753 5191 1086 5257 μνησικακεῖ
1113 5194 1222 5255 τοῖς
1274 5194 1673 5262 παραϐαίνουσι
1705 5196 1799 5248 καὶ

217 5279 614 5349 ἐπιστρέφουσι
655 5279 792 5350 πρὸς
837 5284 964 5347 τοὺς
1019 5284 1271 5353 εὐμενεῖς
1312 5287 1490 5349 θεούς.
1535 5288 1800 5360 Ἀπεκρί-

221 5375 390 5444 θησαν
420 5374 480 5427 δὲ
512 5374 561 5426 οἱ
598 5373 806 5445 πρῶτοι
832 5374 930 5443 τῆς
983 5376 1210 5439 πόλεως,
1242 5379 1334 5430 καὶ
1358 5375 1510 5431 εἷπον
1537 5379 1614 5450 τῷ
1646 5380 1801 5450 βασι-

221 5467 297 5519 λεί
317 5484 328 5495 ·
357 5468 495 5536 Περὶ
527 5467 758 5520 ἐκείνων
780 5465 888 5518 τῶν
911 5469 1327 5539 νεωτέρων.τ‹ἶ)ν
1354 5472 1698 5536 ἀποστατῶν,
1726 5476 1803 5544 μὴ

225 5561 359 5614 ἔστω
388 5563 446 5613 ἐν
512 5560 662 5630 λύπῃ
695 5559 756 5611 τὸ
804 5560 1000 5631 κράτος
1030 5579 1146 5628 σου,
1211 5563 1399 5634 ἐπειδὴ
1433 5566 1618 5635 ἀκμήν
1651 5570 1707 5619 ἐν
1737 5571 1803 5637 τῇ

227 5654 463 5723 προτέρα
507 5650 695 5702 αὐτῶν
717 5651 967 5723 ἀγνωσία
993 5653 1342 5720 τυγχάνουσι.
1381 5655 1492 5708 Καὶ
1540 5655 1614 5718 ὡς
1643 5657 1808 5726 ἡκού-

227 5763 386 5816 σαμευ
419 5747 640 5800 ἐκεῖνον
667 5743 760 5794 τὸν
793 5746 985 5812 καιρὸν
1016 5746 1107 5796 τὶν
1148 5743 1389 5799 δωθέντα
1420 5749 1607 5810 αὐτοῖς
1639 5767 1804 5818 μετα-

226 5845 373 5906 νοεῖν,
408 5843 470 5895 ἐν
491 5835 653 5907 αὐτῷ
683 5834 886 5904 μᾶλλον
913 5836 1181 5905 ἐκάθηντο
1198 5837 1535 5906 πληροῦντες
1555 5840 1613 5891 τδ
1641 5842 1808 5895 κακὸν

227 5929 428 6003 θέλημα
467 5931 684 5988 αὐτῶν.
718 5926 828 5980 Καὶ
862 5927 1052 5982 ἔλαϐον
1082 5929 1388 5998 τὸ,χρυσίον
1419 5934 1510 5982 καὶ
1546 5933 1604 5984 τὸ
1630 5935 1803 6001 ἀργῇ-

1900 4728 2002 4784 orti
2066 4735 2212 4781 sunt.
2266 4727 2473 4794 Opinor
2533 4724 2678 4778 enim
2720 4723 2860 4786 illos.
2926 4724 3218 4779 arbitratos
3267 4722 3483 4792 imperii

1899 4819 2069 4875 nostri
2112 4817 2447 4886 maiestatem
2487 4817 2589 4873 sibi
2630 4817 2784 4870 valrle
2833 4817 3029 4870 iratam
3071 4831 3212 4880 esse,
3264 4824 3485 4885 propter

1901 4912 2116 4983 pietatis
2177 4920 2378 4966 nostra:
2431 4909 2751 4980 religionem
2806 4910 2874 4962 ab
2929 4909 3009 4961 eis
3051 4907 3327 4970 \‘iolalam,
3382 4922 3483 4960 au-

1900 5005 2123 5073 fugisse.
2163 5003 2268 5057 Sed
2305 5003 2519 5073 itnperii
2551 5001 2724 5057 nostri
2753 5001 3060 5073 benignitas
3096 5016 3205 5055 non
3255 5014 3484 5054 succen-

1902 5105 1983 5151 set
2035 5097 2118 5150 his
2155 5096 2246 5166 qui
2290 5095 2640 5166 resipiscuut,
2692 5107 2747 5150 et
2780 5096 2847 5150 ad
2899 5095 3124 5150 deorum
3174 5103 3482 5146 nostrorum

1902 5189 2246 5243 clementiam
2280 5189 2491 5242 animos
2524 5189 2810 5242 reducunt.
2845 5186 2970 5240 Περ
2997 5185 3134 5240 dixit
3167 5185 3482 5254 imperator.

1902 5281 2001 5335 Cui
2061 5282 2348 5351 Optimates
2402 5281 2805 5349 responderunt
2839 5299 2852 5334 :
2891 5279 3045 5344 Quod
3093 5278 3157 5332 ad
3194 5277 3319 5332 illos
3352 5277 3488 5332 ado-

1904 5375 2168 5430 lescentes
2198 5373 2437 5442 pertinet
2479 5373 2756 5445 religionis
2787 5372 3118 5434 desertores,
3152 5370 3364 5439 imperii
3410 5370 3486 5424 tui

1908 5468 2162 5535 majestas
2202 5481 2544 5536 nequaquam
2580 5465 2780 5532 doleat,
2817 5480 2994 5535 neque
3038 5463 3335 5533 resipuisse
3371 5463 3488 5518 illos

1908 5559 2220 5623 arbitretur,
2258 5559 2436 5613 adhuc
2485 5558 2630 5612 enim
2667 5557 2721 5611 iu
2756 5557 2980 5627 pristina
3037 5570 3134 5609 sua
3184 5554 3486 5626 ignorantia

1909 5662 2344 5723 perseverant,et
2401 5662 2462 5706 ut
2517 5651 2847 5716 audivimus,
2913 5663 2980 5704 co
3035 5649 3150 5720 ipso
3220 5658 3484 5716 tempore.

1910 5748 2050 5818 quod
2081 5749 2217 5819 ipsis
2252 5748 2626 5818 przcscriptum
2674 5748 2776 5802 fuit
2807 5746 2874 5801 ad
2906 5745 3223 5801 mutandum
3267 5739 3489 5797 consili-

1914 5856 2023 5904 um,
2085 5841 2476 5908 pertinaciores
2550 5839 2700 5899 facti,
2762 5839 3090 5893 obstinatam
3156 5836 3485 5886 voluntatem

1915 5931 2169 5983 retinent.
2205 5930 2408 5998 itaque
2459 5938 2742 5996 argentum
2802 5936 2853 5978 et
2909 5941 3101 5978 aurum
3163 5922 3488 5999 pauperibus
