3972 6464
191 395 296 458 437
1295 410 1393 469 DE
1435 410 1732 472 SEPTEM
1786 412 2384 480 DORMIENTIBUS.
3360 419 3464 482 438

189 510 372 579 κοστῷ
404 511 579 604 ογδόῳ
611 513 723 569 ἔτει
779 516 878 586 τῆς
919 518 1204 587 βασιλείας
1238 524 1430 589 αὑτοῦ,
1473 527 1737 596 ὲπεφοίτη

1845 541 2002 584 .cum
2041 529 2294 600 religiose
2324 529 2706 588 etChristiane
2742 533 3055 604 imperaret.
3105 547 3464 589 surrexerunt

186 616 289 654 σαν
315 603 464 666 τινὲς
510 603 622 657 τῶν
679 607 978 677 αἱρετικῶν
1041 611 1361 684 βουλόμενοι
1410 617 1737 674 διασκεδάσο

1876 623 2093 694 quidam
2148 625 2417 690 haeretici,
2479 628 2572 698 qui
2599 629 2872 700 negabant
2902 638 3242 684 mortuorum
3276 645 3479 684 resur--

183 692 283 760 τὴν
305 693 611 748 ἀνάστασιν
635 697 744 750 τῶν
776 700 1012 769 νεκρῶν,
1041 703 1109 772 ἢν
1147 705 1174 757 6
1203 706 1440 774 Χριστὸς
1478 711 1737 780 ὲχαρίσατ

1873 692 2173 772 rectionem
2193 719 2292 788 (l),
2352 692 2514 790 quani
2575 692 2826 778 Christus
2872 724 2990 792 ipse
3039 723 3094 776 in
3129 737 3222 777 sua
3273 735 3461 779 sancta

182 785 249 852 τῇ
283 784 419 855 ἁγίᾳ
468 786 634 838 αὑτοῦ
709 788 1028 860 Ἐκκλησία.
1070 795 1133 846 Ol
1167 795 1224 848 δὲ
1288 797 1683 871 εἰδωλολάτραι
1721 819 1737 854 ι

1873 807 2113 865 Ecclesia
2144 784 2550 869 ﬁrmiter-credi
2598 815 2791 869 voluit.
2828 813 3028 870 Milites
3064 815 3213 869 enim
3240 817 3458 886 quidam

185 877 614 945 στρατευόμενοι
665 879 725 932 ὲν
756 880 836 948 τῷ
896 882 1172 956 παλατίῳ,
1235 887 1477 959 διωγμὸν
1535 893 1737 962 φανερδ

1873 901 2139 958 idolorum
2165 905 2425 968 cultores,
2462 921 2586 961 eum
2621 910 2675 962 in
2715 907 2912 978 palatio
2961 909 3309 979 imperatoris
3340 925 3460 964 ver—

179 965 406 1018 ἐποίουν
462 968 809 1023 κατενώπιον
864 971 960 1026 τοῦ
1019 973 1303 1044 βασιλέως,
1363 981 1456 1032 καὶ
1508 983 1557 1034 οἱ
1608 982 1736 1051 δῆθε

1870 1000 2144 1058 sarentur,
2187 1005 2428 1064 apertam
2469 965 2910 1065 persecutionem
2938 965 3202 1054 adversus
3243 1000 3460 1069 aliquos

181 1059 516 1127 καλούμενοι
569 1061 864 1117 ἐπίσκοποι
902 1067 1239 1134 ἀγαπῶντες
1287 1069 1640 1141 διαστρέφειν
1671 1075 1736 1128 τὰ

1867 1086 2012 1153 apud
2045 1059 2427 1155 imperatorem
2459 1100 2899 1145 commoverunt.
2960 1089 3103 1156 Quin
3141 1091 3303 1146 etiam
3340 1092 3458 1161 epi-

179 1151 336 1211 ίδοὺς
400 1153 612 1221 Κυρίου
674 1156 776 1220 τάς
833 1158 1094 1222 εὐθείας,
1167 1160 1369 1224 πολλὰς
1422 1165 1733 1234 παραϐάσει

1867 1151 2018 1244 scopi
2054 1151 2479 1245 qu-idam'rectas
2511 1180 2602 1235 Dei
2626 1181 2849 1236 semitas
2880 1192 3196 1251 pervertere
3227 1182 3453 1252 cupieno

177 1241 456 1297 ἐδείκνυον
493 1245 551 1299 ἐν
582 1250 702 1310 ταῖς
752 1249 848 1302 τοῦ
897 1249 1035 1304 Θεοῦ

177 1341 481 1404 κορυφαῖος
550 1343 731 1396 αὐτῶν
771 1353 869 1399 καὶ
916 1351 1136 1403 πάντων
1186 1350 1295 1404 τῶν
1346 1353 1534 1407 κακῶν
1561 1353 1758 1423 αῐτιος,

170 1425 455 1497 Θεόδωρος
491 1432 519 1483 6
551 1433 852 1501 ἐπίσκοπος
891 1440 1096 1506 αίγεῶν
1130 1442 1231 1512 τῆς
1260 1444 1470 1509 πόλεως
1502 1447 1621 1518 ἅμα
1644 1449 1754 1504 τῶν

171 1521 270 1611 σῦν
301 1521 460 1590 αὐτῷ
495 1522 692 1590 ὄντων,
724 1529 827 1582 οὐκ
852 1530 1184 1599 ὀφειλόντων
1214 1535 1580 1606 ὀνομάζεσθαι
1610 1541 1670 1591 ὲν
1691 1543 1755 1611 τῇ

169 1610 338 1681 βίϐλῳ
355 1615 532 1688 ταύτῃ
546 1618 752 1690 ἐπειδὴ,
775 1623 1001 1690 ἐδίωξαν
1019 1626 1120 1693 τὴν
1139 1627 1468 1699 Ἐκκλησίαν
1485 1631 1575 1683 τοῦ
1596 1610 1753 1687 Θεοῦ.

177 1701 235 1755 Ὀ
270 1703 327 1754 δὲ
361 1705 623 1774 βασιλεὺς
643 1710 926 1777 Θεοδόσιος
953 1716 1074 1768 καθ’
1110 1718 1349 1790 ἑκάστην
1372 1722 1429 1774 ἑν
1459 1725 1524 1791 τῇ
1549 1722 1755 1794 διανοίᾳ

165 1794 448 1858 unitati-:0,
509 1801 602 1853 καὶ
641 1803 822 1856 ἐδέετο
877 1808 1018 1874 μετὰ
1059 1808 1311 1879 δακρύων
1366 1813 1624 1866 ἱκετεύων
1660 1815 1751 1867 τὸν

163 1886 318 1949 Θεὸν,
363 1888 584 1956 βλέπων
613 1893 1087 1968 ταλαντευομένην
1114 1900 1209 1970 τὴν
1239 1902 1420 1956 πίστιν
1451 1904 1555 1956 τῶν
1579 1905 1750 1970 ἁγίων

174 1973 542 2045 Ἔκκλησιῶν.
606 1982 765 2048 Τινὲς
797 1987 906 2053 γάρ
927 1989 1111 2057 ἔλεγον
1141 1993 1220 2045 ὅτι
1255 1997 1353 2048 οὐκ
1402 1995 1518 2048 ἔστι
1565 1998 1747 2069 παρά-

162 2065 358 2135 κλησις
379 2072 496 2134 τοῖς
528 2077 767 2144 νεκροῖς·
799 2077 950 2132 ἄλλοι
983 2081 1040 2133 δὲ
1073 2081 1261 2151 ἔλεγον
1288 2088 1369 2138 ὅτι
1404 2088 1462 2139 τὸ
1494 2065 1655 2157 σῶμα
1685 2090 1746 2143 τὺ

161 2160 478 2215 παλαιωοὶν
536 2168 632 2220 καὶ
684 2171 986 2237 ἀφανισθὲν
1049 2176 1142 2228 καὶ
1203 2178 1629 2249 διασκορπισθὲν
1683 2183 1745 2235 ού

164 2252 599 2322 παραϐαλεῖται,
649 2259 766 2314 ἀλλ’
814 2264 1030 2336 ἡψυχὴ
1075 2269 1212 2339 αὕτη
1251 2271 1389 2342 μόνη
1449 2273 1747 2344 δέχεταιτδ

167 2351 476 2444 μυστήριον
504 2355 605 2425 τῆς
633 2358 950 2429 ἀφθαρσίας
983 2365 1077 2418 καὶ
1099 2364 1265 2435 ζωῆς.
1300 2369 1408 2420 Καὶ
1436 2371 1746 2444 ἐπλανήθη-

163 2455 260 2492 σαν
280 2442 340 2492 ὲν
363 2445 483 2504 τοῖς
527 2451 780 2515 ματαίοις
845 2454 1024 2505 αὐτῶν
1078 2456 1277 2524 λόγοις,
1311 2462 1406 2513 καὶ
1429 2464 1530 2514 οὐκ
1561 2465 1747 2517 ἐνεθυ-

163 2534 420 2601 μήθησαν
481 2539 538 2588 ἑν
598 2541 834 2607 ἑαυτοῖς,
881 2544 966 2596 ὅτι
1006 2547 1206 2615 βρέφος
1235 2551 1489 2604 οὐδέποτε
1528 2555 1735 2627 ὲκυήϐη

157 2623 213 2720 ὲν
254 2625 438 2695 κοιλία
496 2632 703 2700 μητρὸς
749 2635 917 2688 αὑτοῦ
975 2637 1105 2690 ἄνευ
1139 2645 1364 2712 σαρκὸς,
1422 2644 1544 2699 οὔτε
1579 2623 1742 2720 ἐξέϐη

160 2715 293 2784 σὰρξ
320 2718 454 2770 ἀνευ
479 2721 542 2774 ὲκ
601 2725 815 2796 μήτρας
867 2731 1047 2800 ψυχῆς
1081 2732 1341 2806 ζωτικῆς.
1382 2739 1492 2793 Καὶ
1542 2715 1742 2796 ἔϐυσαν

156 2809 253 2870 τὰς
310 2811 492 2876 ἀκοὰς
513 2815 618 2866 τῶν
646 2818 898 2873 διανοιῶν
947 2825 1128 2878 αὐτῶν
1153 2826 1245 2880 τοῦ
1286 2829 1359 2899 μὴ
1385 2833 1613 2884 ἀκοῦσαι
1648 2834 1740 2887 τοῦ

157 2902 313 2967 λόγου
350 2907 557 2974 Κυρίου
591 2912 839 2974 εἰπόντος
864 2916 967 2977 ὅτι,
1017 2918 1399 2974 Ἀκούσονται
1432 2926 1484 2976 οἱ
1522 2925 1591 2977 ἐν
1612 2927 1741 2991 τοῖς

152 3002 469 3064 μνημείοις
529 3000 637 3067 τῆς
683 3006 890 3073 φωνῆς
942 3009 1048 3062 τοῦ
1091 3012 1222 3065 ΥΙοῦ
1247 3014 1351 3067 τοῦ
1381 3015 1696 3084 ἀνθρώπου
1723 3039 1736 3052 ·

157 3093 246 3139 καὶ
271 3091 437 3143 πάλιν
470 3091 642 3160 λέγει·
687 3099 912 3154 Πολλοὶ
944 3102 1059 3154 τῶν
1085 3107 1502 3163 καθευδόντων
1533 3113 1600 3165 ἐκ
1628 3113 1739 3183 γῆς

1094 1254 1416 1325 ἐκκλησίαις
1452 1273 1466 1288 ο
1497 1253 1568 1328 ἦν
1625 1257 1683 1311 δὲ
1733 1281 1737 1305 ι

1863 1276 1963 1332 tes,
1998 1266 2053 1321 in
2093 1271 2342 1327 ecclesiis
2406 1273 2700 1328 multarum
2757 1272 3266 1345 praevaricationum
3302 1287 3458 1330 erant

1863 1368 2134 1415 auctores.
2171 1361 2414 1428 Quorum
2472 1366 2726 1436 princeps
2787 1372 2845 1423 et
2886 1368 3151 1422 malorum
3207 1367 3452 1421 omnium

1864 1465 2026 1522 caput
2048 1453 2351 1509 habebatur
2381 1455 2706 1514 Theodorus
2732 1457 3110 1530 Eginensium
3143 1460 3452 1530 episcopus,

1859 1545 2022 1600 simul
2042 1561 2163 1599 cum
2195 1546 2260 1601 iis
2291 1562 2426 1616 quos
2457 1564 2652 1604 secum
2675 1549 2943 1605 habebat:
2976 1551 3068 1620 qui
3097 1566 3164 1604 ne
3188 1552 3455 1605 nominari

1857 1636 2079 1707 quidem
2112 1637 2462 1703 debent,cum
2499 1638 2596 1695 Dei
2645 1640 2945 1711 Ecclesiam
3003 1643 3284 1712 persecuti
3333 1641 3455 1698 fue-

1862 1728 1996 1782 rint.
2047 1730 2436 1801 Atimperator
2487 1731 2832 1791 Theodosius
2868 1736 2924 1790 in
2949 1735 3065 1791 dies
3111 1737 3282 1806 magis
3328 1751 3456 1805 per-

1810 1819 1826 1890 ς
1857 1823 2179 1877 turbabatur
2206 1839 2269 1877 ac
2291 1825 2531 1890 dolebat,
2566 1843 2689 1883 cum
2733 1838 3045 1883 sanctarum
3085 1828 3452 1884 Eeclesiarum

1855 1910 2015 1966 [idem
2045 1910 2395 1967 ﬂuctuantem
2424 1915 2654 1970 videret.
2689 1917 2877 1986 Itaque
2920 1933 2949 1970 a
3001 1917 3113 1972 Deo
3160 1919 3280 1987 ipso
3333 1919 3452 1987 ejus

1855 1999 1979 2052 mali
2004 2000 2340 2055 curationem
2372 2002 2648 2072 poscebat.
2682 2001 2850 2060 Erant
2879 2005 3048 2069 enim,
3078 2006 3169 2076 qui
3199 2006 3448 2062 dicerent

1853 2084 2085 2148 mortuis
2116 2094 2429 2149 hominibus
2457 2097 2887 2152 consolationem
2926 2099 3128 2154 nullam
3181 2099 3442 2155 futuram.

1850 2183 1955 2237 Alii
2031 2185 2372 2239 aﬂirmabant
2446 2201 2649 2255 corpus
2713 2199 2985 2244 vetustate
3041 2201 3446 2260 consumptum,

1850 2275 2029 2345 ipsum
2092 2276 2308 2347 quidem
2366 2277 2797 2334 consolationem
2847 2281 3051 2335 nullam
3105 2282 3444 2350 habiturum,

1851 2372 1947 2427 sed
1977 2372 2146 2428 solam
2171 2374 2411 2428 animam
2450 2375 2776 2432 immortalis
2819 2378 2945 2432 vitae
3001 2379 3324 2449 participem
3359 2377 3445 2433 fu-

1848 2478 2049 2520 turam.
2080 2467 2358 2535 Ejusmodi
2391 2467 2642 2523 homines
2665 2470 2820 2524 vanis
2843 2471 3200 2540 opinionibus
3227 2471 3444 2542 decepti

1847 2557 1924 2609 sic
1954 2558 2227 2621 errabant,
2258 2573 2436 2626 neque
2466 2560 2977 2615 animadvertebant
3023 2561 3291 2616 infantem
3319 2577 3449 2630 pue-

1845 2663 1964 2702 rum
2005 2664 2283 2716 nunquam
2326 2650 2380 2702 in
2413 2662 2604 2705 ventre
2633 2651 2821 2706 matris
2850 2650 3021 2706 fuisse
3074 2652 3196 2707 sine
3255 2667 3443 2719 carne,

1844 2757 2024 2810 neque
2059 2756 2279 2796 carnem
2327 2757 2356 2794 e
2403 2743 2560 2796 vulva
2600 2743 2799 2799 exiisse
2853 2743 2975 2798 sine
3028 2745 3211 2798 anima
3271 2744 3439 2802 vitali.

1845 2833 1978 2889 Item
2011 2835 2328 2890 claudentes
2359 2837 2554 2890 mentis
2589 2837 2777 2892 oculos
2803 2877 2818 2902 ,
2843 2850 3025 2892 sacras
3059 2835 3288 2891 Litteras
3331 2852 3442 2890 non

1844 2927 2284 2990 considerabant,
2305 2927 2572 2997 inquibus
2598 2929 2865 2998 scriptum
2885 2941 2968 2984 est
2993 2947 3006 2984 :
3038 2930 3289 2991 Audiertl,
3342 2932 3436 2998 qui

1843 3027 1962 3072 sunt
1997 3018 2051 3071 in
2078 3021 2448 3081 monumentis,
2474 3036 2646 3073 uocem
2679 3019 2813 3073 Filii
2833 3023 3058 3075 homini:
3089 3032 3138 3074 el
3176 3025 3346 3075 vivent
3383 3025 3396 3054 '
3423 3040 3438 3086 ;

1845 3121 1899 3165 et
1924 3111 2030 3165 alio
2058 3113 2176 3165 loco
2207 3129 2220 3166 :
2249 3109 2313 3164 Et
2336 3111 2487 3165 multi
2531 3114 2594 3166 de
2631 3112 2696 3166 iis
2737 3113 2829 3182 qui
2883 3113 3151 3166 dormiunt
3191 3115 3245 3166 in
3287 3123 3442 3167 term

156 3186 449 3252 χωμάτων
473 3190 979 3261 ἐξεγερθήσονται
1001 3215 1014 3227 ·
1052 3201 1144 3251 καὶ
1204 3202 1366 3254 πάλιν
1394 3206 1734 3274 γέγραπται·

1845 3207 2078 3271 pulvere,
2103 3206 2428 3273 (vigilabant
2460 3222 2476 3262 :
2509 3206 2604 3261 alii
2634 3208 2689 3260 in
2719 3216 2882 3260 vitam
2933 3218 3212 3273 (sternam,
3263 3217 3314 3261 el
3340 3207 3438 3260 alii

167 3277 312 3333 Ἰδοὺ
351 3283 468 3350 ἐγὼ
503 3286 724 3356 ἀνοίγω
773 3292 844 3344 τὰ
891 3292 1168 3362 μνήματα
1200 3297 1390 3366 ὑμῶν,
1418 3299 1513 3352 καί
1543 3299 1737 3365 ἐξάξω

154 3373 308 3439 ὑμᾶς
333 3374 403 3428 ἐκ
432 3375 548 3427 τῶν
571 3378 789 3446 τάρων,
808 3386 959 3449 λαός
978 3405 1117 3454 μου.
1142 3390 1270 3442 Οἱδὲ
1291 3392 1558 3459 αἱρετικοὶ
1575 3394 1736 3447 ἐπλα-

158 3465 403 3532 νήθησαν
431 3467 539 3519 ἀπδ
567 3470 664 3538 τῆς
707 3472 828 3524 ὀδοῦ
863 3479 959 3544 τῆς
989 3478 1155 3546 ζωῆς,
1189 3483 1285 3533 καὶ
1334 3483 1606 3554 ἔστρεψαν
1635 3487 1734 3559 τὴν

152 3555 468 3625 γλυκύτητα
484 3559 581 3628 τῆς
597 3563 856 3627 πίστεως,
878 3568 958 3627 είς
973 3569 1198 3638 πικρίαν
1212 3570 1318 3623 τῶν
1331 3572 1515 3643 ψυχῶν
1530 3578 1730 3632 αὐτῶν.

1848 3297 1900 3347 in
1931 3296 2266 3362 opprobrium
2297 3299 2357 3362 ’ς
2413 3312 2539 3350 cum
2573 3297 2702 3352 illud
2745 3299 2907 3352 etiam
2940 3300 2993 3352 in
3043 3301 3124 3354 eis
3173 3301 3435 3370 scriptum

1847 3391 2188 3447 inveniatur:
2231 3391 2364 3446 Ecce
2394 3409 2486 3462 ego
2541 3397 2782 3462 aperiam
2830 3395 3075 3463 sepulcra
3132 3406 3303 3449 uestra
3336 3436 3349 3460 ,
3386 3405 3435 3449 et

1844 3488 2063 3540 educam
2116 3503 2200 3540 vos
2258 3487 2322 3540 de
2393 3487 2646 3555 sepulcris
2707 3489 2924 3550 reslris,
2979 3489 3164 3558 papule
3222 3505 3365 3542 meus
3391 3489 3434 3544 ³.

1844 3577 1972 3633 Haec
2019 3588 2148 3634 sunt
2203 3579 2512 3634 divinarum
2562 3581 2887 3634 Litterarum
2941 3581 3275 3637 testimonia.
3328 3580 3436 3636 Sed

153 3648 393 3706 ltmretiei
451 3651 703 3710 homines
742 3673 771 3711 a
824 3670 972 3714 recta
1025 3662 1153 3718 vitae
1205 3668 1394 3722 semita
1453 3667 1737 3726 devianles
1797 3672 2150 3738 aberrabant,
2225 3687 2280 3730 et
2327 3673 2446 3729 ﬁdei
2506 3675 2880 3730 sinceritatem
2929 3675 3169 3746 obliquis
3207 3690 3432 3736 suarum

151 3743 454 3798 animarum
484 3747 901 3815 cogitationibus
924 3757 1327 3822 pervcrtebant.

214 3835 312 3890 IB'.
359 3838 423 3888 Ὀ
457 3838 511 3889 δὲ
545 3840 802 3906 βασιλεὺς
853 3849 1136 3910 Θεοδόσιος
1182 3855 1432 3910 ἐλυπεῖτο
1466 3858 1560 3910 καὶ
1607 3859 1735 3912 ἑκά-

150 3927 276 3995 θητο
341 3930 437 3981 ἐπὶ
501 3934 712 3987 σάκκου
772 3937 866 3989 καὶ
921 3940 1122 3994 σποδοῦ
1159 3945 1217 3997 ἐν
1252 3946 1331 4016 τῷ
1392 3950 1606 4021 ταμείῳ
1636 3951 1732 4006 τοῦ

149 4019 406 4083 κοιτῶνος
442 4021 638 4076 αὐτοῦ’
670 4026 698 4078 6
723 4025 777 4078 δὲ
800 4027 1054 4099 ἐλεήμων
1083 4030 1214 4097 Θεὸς
1241 4035 1268 4087 6
1301 4036 1379 4108 μὴ
1409 4019 1735 4109 βουλόμενος

147 4111 447 4167 ἀπυλέσθαί
474 4133 598 4169 τινα
632 4118 740 4171 ἀπὸ
765 4123 863 4191 τῆς
888 4122 1010 4176 ὀδοῦ
1064 4126 1166 4196 τῆς
1223 4129 1463 4195 πίστεως
1500 4150 1514 4165 ⁸
1551 4135 1578 4186 6
1607 4132 1734 4202 βου-

147 4203 374 4273 λόμενος
401 4208 671 4274 ἐπιφᾶναι
699 4210 756 4264 τὸ
793 4215 1103 4287 μυστήριον
1133 4217 1233 4287 τῆς
1271 4221 1439 4275 αὑτοῦ
1493 4224 1734 4280 ἀναστά-

150 4312 308 4361 σεως,
337 4298 593 4354 ἐνέϐαλεν
625 4303 708 4363 είς
733 4304 848 4390 τὴν,
876 4308 1109 4378 καρδίαν
1153 4312 1364 4367 ἁδολίου
1396 4315 1488 4368 τοῦ
1521 4317 1730 4390 Κυρίου

147 4391 234 4442 τοῦ
261 4391 431 4459 δρους
469 4391 707 4458 ἐκείνου,
742 4397 800 4450 ἐν
827 4389 871 4465 ᾦ
898 4396 967 4472 ἦν
992 4401 1055 4455 τὸ
1105 4400 1372 4477 σπήλαιον
1402 4409 1537 4464 ὅπου
1589 4389 1731 4483 ἦσαν

1912 3856 2007 3913 XII
2037 3901 2050 3914 .
2103 3857 2401 3930 Imperator
2431 3861 2596 3932 igitur
2631 3861 2978 3917 Theodosius
3008 3877 3126 3917 eam
3159 3879 3272 3918 rem
3307 3879 3420 3919 mo-

1841 3953 1977 4007 leste
2007 3950 2234 4017 ferebat,
2275 3953 2346 4006 ob
2369 3953 2532 4024 idque
2560 3969 2794 4010 maerore
2817 3952 3172 4009 afﬁciebatur.
3225 3955 3424 4011 Verum

1841 4059 1964 4098 cum
2001 4044 2464 4100 clementissimus
2497 4046 2642 4101 Deus
2685 4047 2958 4102 neminem
3018 4046 3152 4102 velit
3210 4061 3241 4100 α
3301 4046 3427 4102 lidei

1845 4135 1934 4191 via
1975 4145 2248 4191 errantem
2301 4137 2501 4209 perire,
2545 4137 2672 4194 fecit
2700 4147 2760 4193 ut
2809 4141 3234 4194 resurrectionis
3279 4156 3423 4211 mys—

1841 4228 2039 4285 terium
2070 4230 2326 4286 omnibus
2357 4229 2659 4302 pateﬁeret.
2691 4231 2918 4286 Immisit
2960 4233 3105 4287 enim
3165 4234 3218 4286 in
3258 4251 3416 4288 men-

1841 4329 1947 4376 tem
1974 4321 2253 4391 cujusdam
2287 4323 2545 4386 hominis,
2571 4324 2662 4392 qui
2689 4323 2973 4379 dicebatur
3023 4325 3267 4390 Adolius,
3298 4327 3417 4398 ejus

1839 4413 2040 4469 montis
2067 4422 2120 4468 et
2149 4414 2424 4484 spelunca:
2466 4413 2743 4480 dominus,
2790 4417 2883 4471 ubi
2943 4419 3114 4471 sancti
3158 4427 3425 4490 martyres

148 4485 546 4582 κεκοιμημένοι
578 4490 626 4541 οἱ
652 4489 797 4558 ἅγιοι
857 4494 1162 4565 μάρτυρες,
1205 4501 1562 4572 οἰκοδομῆσαι
1593 4505 1730 4576 μάν-

1845 4507 2193 4573 dormierant,
2221 4518 2278 4562 ut
2307 4509 2444 4562 ovile
2474 4509 2746 4578 quoddam
2782 4513 2894 4566 suis
2923 4511 3226 4582 pecudibus
3287 4528 3420 4565 con-

147 4571 274 4641 δραν
317 4574 431 4625 τῶν
456 4576 796 4647 Θρεμμάτων
842 4583 1032 4650 αὑτοῦ,
1105 4588 1202 4642 καὶ
1235 4591 1283 4642 οί
1334 4571 1511 4648 δούλοι
1562 4571 1732 4651 αὐτοῦ

147 4665 257 4734 ἅμα
283 4667 399 4722 τῶν
435 4670 708 4739 ἐργατῶν,
742 4676 958 4730 ἐκύλιον
975 4677 1160 4743 λίθους
1189 4685 1270 4746 είς
1305 4683 1402 4756 τὴν
1443 4687 1732 4760 οἰκοδομὴν

146 4761 203 4810 ὲκ
237 4765 339 4830 τῆς
399 4763 573 4832 ούρας
600 4764 695 4818 τοῦ
724 4770 1011 4839 σπηλαίου.
1047 4771 1182 4827 Τότε
1219 4778 1607 4848 προστάγματι
1635 4780 1730 4835 τοῦ

147 4852 354 4920 Κυρίου
380 4856 545 4924 ἡμῶν
562 4857 738 4924 Ἰησοῦ
775 4861 1015 4932 Χριστοῦ
1052 4865 1221 4939 ἐδῶθη
1255 4868 1370 4940 ζωὴ
1402 4874 1516 4935 τοῖς
1552 4873 1729 4941 ἁγίοις

146 4947 374 5009 ίκείνοις
439 4953 557 5014 τοῖς
580 4951 733 5005 οὖσιν
755 4954 813 5007 ὲν
855 4957 935 5027 τῷ
975 4959 1247 5029 σπηλαίῳ,
1297 4963 1392 5015 καὶ
1423 4963 1455 5033 ἡ
1484 4965 1637 5035 φωνὴ
1693 4969 1726 5036 ή

147 5039 422 5093 καλέσασα
455 5040 546 5092 τὸν
604 5042 858 5116 Λάζαρον
891 5051 956 5101 ὲκ
1011 5049 1108 5104 τοῦ
1142 5055 1412 5122 μνημείου
1448 5058 1540 5109 καὶ
1567 5075 1728 5128 χαρι-

149 5133 388 5222 σαμένη·
413 5133 563 5204 αὐτῷ
607 5137 710 5206 τὴν
763 5139 928 5212 ζωὴν,
969 5145 1136 5208 αὑτός
1194 5149 1343 5200 ἐστιν
1371 5151 1398 5200 6
1425 5151 1726 5222 παρασχὼν

145 5221 232 5271 καὶ
253 5223 473 5287 τούτοις
505 5227 620 5313 τοῖς
647 5229 824 5294 ἁγίοις
851 5232 1071 5304 πνεῦμα
1098 5235 1266 5308 ζωῆς.
1300 5239 1412 5292 Καὶ
1437 5221 1724 5316 ἐξανέστη-

148 5325 238 5361 σαν
275 5314 373 5366 καὶ
409 5309 678 5372 ἐκάθισαν
727 5321 785 5373 ἐν
839 5324 1184 5394 ἀγαλλιάσει,
1227 5332 1321 5384 καὶ
1358 5331 1433 5394 ὠς
1464 5309 1723 5406 ἐνόμισα-ν

148 5402 259 5495 καθ’
295 5403 544 5477 ἑκάστην
596 5410 831 5481 ἡμέραν.
904 5415 1243 5479 Ἠσπάζοντο
1277 5402 1722 5495 ἀλλήλουςξδιότι

150 5492 280 5558 εἶδος
313 5496 645 5568 νεκρώσεως
681 5504 782 5557 οὐκ
830 5508 1084 5576 ἐφαίνετο
1134 5513 1191 5564 ἐν
1226 5492 1407 5579 αὐτοῖς
1437 5534 1448 5546 ·
1484 5519 1554 5571 τὰ
1613 5523 1722 5593 γὰρ

1834 4609 2090 4659 strueret.
2152 4602 2290 4670 Ejus
2313 4602 2474 4674 igitur
2519 4603 2659 4656 servi
2693 4619 2797 4657 una
2841 4620 2965 4658 cum
3016 4605 3099 4658 his
3151 4605 3241 4674 qui
3269 4605 3422 4674 operi

1831 4689 2081 4748 faciendo
2104 4695 2389 4756 vacabant,
2419 4693 2622 4762 lapides
2648 4710 2744 4764 pro
2773 4695 3004 4751 aedilicio
3039 4713 3106 4750 ex
3147 4697 3267 4766 ejus
3286 4712 3422 4765 spe-

1832 4785 2005 4841 lunca:
2035 4788 2176 4841 ostio
2207 4787 2578 4844 revolvebam.
2612 4787 2765 4844 Tunc
2803 4789 3019 4845 Domini
3060 4790 3234 4845 nostri
3291 4789 3423 4844 Jesu

1831 4877 2034 4933 Christi
2095 4878 2252 4949 jussu
2307 4882 2510 4936 sanctis
2543 4881 2648 4934 illis
2692 4881 2845 4945 viris,
2897 4883 2988 4951 qui
3046 4883 3098 4935 in
3161 4881 3420 4952 spelunca

1839 4971 2193 5033 dormierant,
2218 4973 2323 5025 vita
2378 4973 2626 5028 restituta
2655 4984 2758 5037 est,
2795 4983 2851 5027 et
2892 4989 2993 5029 vox
3019 4975 3129 5039 illa,
3166 4991 3284 5046 quae
3315 4973 3420 5031 La-

1838 5080 2020 5118 zarum
2053 5079 2082 5119 e
2120 5077 2474 5121 monumento
2524 5067 2804 5130 excitavit.
2861 5069 3048 5124 eadem
3111 5077 3166 5122 et
3217 5069 3422 5126 sanctis

1835 5149 2161 5228 martyribus
2231 5159 2356 5212 vita:
2412 5159 2660 5228 spiritum
2716 5163 2969 5216 restituit.
3045 5160 3421 5218 Surrexerunt

1836 5251 2016 5327 igitur,
2047 5259 2101 5303 et
2136 5250 2305 5303 Deum
2335 5249 2616 5306 laudantes
2660 5253 3046 5318 consederunt,
3074 5263 3128 5308 et
3158 5255 3418 5324 quemado

1833 5341 2052 5395 modum
2088 5341 2328 5410 quotidie
2351 5353 2766 5409 consueverant,
2827 5359 2885 5399 se
2922 5344 3161 5401 vicissim
3219 5349 3421 5403 saluta-

1831 5432 1982 5498 bant,
2041 5433 2296 5504 quoniam
2345 5437 2554 5490 nullum
2596 5437 2653 5491 in
2710 5437 2790 5494 eis
2826 5438 3040 5510 signum
3097 5440 3416 5508 exsistebat,

1832 5539 1895 5578 ex
1928 5542 2036 5595 quo
2076 5537 2322 5584 mortuos
2372 5544 2430 5584 se
2473 5528 2642 5584 fuisse
2690 5529 2934 5602 judicare
2977 5540 3238 5602 possent:
3290 5547 3417 5589 nam

211 5671 288 5744 (ι)
322 5671 457 5728 Vide
488 5673 787 5735 Baronium
824 5683 875 5738 in
938 5689 1079 5743 notis
1124 5688 1191 5744 ad
1245 5688 1680 5764 Martyrologium
1721 5697 1823 5754 hoc
1849 5699 1956 5754 die.

248 5833 262 5864 '
304 5833 462 5893 Joan.
503 5854 552 5906 ι’,
579 5834 672 5892 26.

817 5841 833 5871 ’
866 5841 1094 5909 Deut”,
1128 5851 1176 5904 Ζ.
1217 5854 1231 5880 ⁷
1275 5852 1465 5912 Ezerh.
1530 5872 1728 5911 turn.
1761 5857 1849 5908 Η.
