3972 6454
595 366 700 428 439

1909 374 2188 434 MENSIS
2222 376 2515 436 JULIUS.

3736 381 3840 445 440

597 487 653 532 et
684 491 859 534 vestes
898 483 1031 537 tales
1060 494 1236 548 erant,
1269 485 1457 554 quales
1480 497 1535 538 et
1566 493 1748 547 antea,
1784 500 1942 553 quam
1992 488 2133 543 oliiis

2270 490 2459 559 ἱμάτια
2480 490 2661 543 αὐτῶν
2691 491 2882 561 ὥσπερ
2910 486 3053 560 ἦσαν
3068 489 3413 562 ἐνδεδυμένοι
3460 494 3568 564 πρὸ
3592 494 3689 548 τοῦ
3732 496 3836 549 αὗ-

595 577 718 627 sent
740 586 755 623 :
779 584 1008 639 corpora
1040 572 1199 626 etiam
1237 573 1353 643 ipsa
1382 574 1666 637 ﬂorebant,
1693 574 2017 630 hilaritatem
2050 588 2160 645 prae

593 676 653 712 se
681 656 944 714 ferentia:
974 660 1202 730 denique
1232 663 1364 717 tales
1383 671 1560 726 erant,
1590 674 1650 718 ut
1674 664 1717 718 si
1747 664 1918 733 pridie
1948 664 2157 733 vesperi

592 768 839 807 somnum
881 755 1190 823 cmpissent,
1230 764 1283 808 et
1329 754 1584 823 postridie
1640 770 1801 809 inane
1853 754 2157 826 experrecti

590 844 840 898 fuissent.
862 845 1051 899 Adhuc
1070 850 1218 901 etde
1252 844 1520 901 idolorum
1572 848 1955 916 superstitione
2006 848 2155 902 solli-

588 936 701 998 citi,
737 949 765 989 a
802 936 963 991 Decio
992 938 1318 1008 imperatore
1358 954 1417 993 se
1465 938 1665 1009 inquiri
1726 940 2150 994 existimabant:

586 1021 655 1075 ob
694 1022 858 1089 idque
927 1023 1096 1077 multa
1149 1039 1277 1079 cura
1307 1023 1509 1090 aliecti,
1557 1026 1835 1081 vertebant
1868 1027 2052 1082 oculos
2086 1029 2151 1083 ad

584 1111 903 1167 Jamblicum
919 1122 1339 1181 procuratorem,
1372 1114 1509 1169 etab
1527 1128 1593 1168 eo
1623 1115 1805 1169 denuo
1820 1118 2148 1185 quaerebant,

585 1220 829 1272 quaenam
855 1206 1023 1274 pridie
1046 1208 1255 1276 vesperi
1284 1206 1667 1262 audivissetde
1688 1207 1816 1274 ipsis
1842 1208 2149 1265 incivitate.

585 1296 794 1361 Quibus
820 1297 1117 1354 Jamblicus
1161 1300 1467 1368 respondit:
1504 1300 1965 1366 Quemadmodum
2000 1301 2154 1356 vobis

582 1387 693 1441 dixi
730 1388 843 1443 lteri
872 1388 1109 1458 vesperi,
1140 1397 1193 1443 et
1222 1404 1319 1443 nos
1352 1404 1456 1443 una
1496 1404 1618 1444 cum
1667 1389 1890 1458 reliquis
1943 1390 2152 1444 civibus

583 1478 797 1547 quaesiti
824 1479 1045 1546 fuimus,
1078 1490 1136 1534 ut
1157 1480 1258 1535 diis
1302 1480 1708 1535 immolaremus
1750 1496 1931 1535 coram
1974 1481 2150 1551 impe-

586 1578 808 1623 ratore:
868 1570 962 1639 qui
1026 1569 1129 1625 nisi
1172 1571 1292 1641 ejus
1344 1572 1518 1641 jussui
1571 1571 2148 1641 obtemperaverimus,

2265 586 2391 643 τοῦς
2422 582 2755 652 κοιμηθῆναι
2786 584 2880 638 καὶ
2906 584 3235 651 ἀναστῆναι,
3263 582 3434 648 οὕτως
3470 581 3615 656 ἦσαν
3647 587 3839 642 ἐπάνω

2264 674 2461 728 αὐτῶν.
2479 676 2588 728 Καὶ
2618 675 2685 728 τὰ
2708 674 2935 741 σώματα
2966 675 3149 729 αὐτῶν
3170 671 3311 745 ἦσαν
3338 676 3551 747 ἀνθηρὰ
3575 678 3671 731 καὶ
3702 696 3838 745 φαι-

2262 764 2364 833 δρὰ
2392 765 2489 816 καὶ
2525 762 2698 826 οὕτως
2725 760 2866 833 ἦσαν
2900 765 2973 827 ὡς
3016 763 3381 835 κοιμηθέντες
3430 766 3541 818 ἀπὸ
3588 767 3686 835 ὀψὲ
3736 769 3837 821 καὶ

2262 855 2585 925 ἐγερθέντες
2628 856 2864 925 πρωῖας.
2893 855 3110 924 ἔχοντες
3157 855 3255 926 τὴν
3294 858 3555 925 φροντίδα
3597 858 3697 910 καὶ
3731 859 3835 928 τὴν

2262 946 2439 1016 λύπην
2460 949 2558 1015 τῆς
2578 948 3048 1015 είδωλολατρείας,
3068 949 3162 1001 καί
3192 948 3501 1015 ἐλογίζοντο
3528 950 3611 1003 ὅτι
3638 950 3836 1012 Δέκιος

2257 1038 2287 1091 ὁ
2313 1038 2565 1109 βασιλεὺς
2585 1038 2838 1109 ἐπιζητεῖ
2864 1035 3082 1102 αὐτούς.
3112 1039 3223 1093 Καὶ
3252 1040 3309 1092 ἐν
3350 1040 3530 1110 πολλῷ
3560 1041 3709 1112 φόνῳ
3737 1042 3836 1095 καὶ

2257 1132 2427 1200 άγῶνι
2454 1131 2721 1202 ὑπῆρχον,
2753 1130 2849 1185 καὶ
2871 1131 3177 1201 ἐπέϐλεψαν
3216 1133 3371 1203 πρὸς,
3398 1130 3709 1204 Ἰάμϐλιχον
3737 1133 3835 1187 τὸν

2255 1224 2545 1292 οἰκονόμον
2579 1224 2761 1278 αὐτῶν
2786 1266 2801 1288 ,
2832 1225 2928 1277 καὶ
2960 1223 3330 1296 ἐπηρώτησαν
3357 1227 3522 1279 αὑτὸν
3551 1228 3687 1298 περὶ
3717 1227 3833 1280 τῶν

2258 1313 2602 1383 λαλουμένων
2625 1314 2723 1383 ὀψὲ
2749 1316 2806 1367 ἐν
2835 1317 2900 1384 τῇ
2928 1316 3115 1381 nolet...
3141 1316 3236 1369 καὶ
3269 1310 3423 1368 εἶπεν
3463 1317 3646 1380 αὐτοῖς
3674 1317 3833 1386 Ἰάμο

2256 1404 2463 1472 ελιχος,
2500 1403 2690 1474 ὥσπερ
2744 1407 3006 1475 προεῖπον
3040 1408 3188 1476 ὑμῖν,
3212 1407 3293 1460 ὅτι
3345 1408 3699 1477 ἐζητήθημεν
3725 1409 3831 1479 ὀψέ

2251 1495 2393 1565 μετὰ
2442 1496 2551 1549 τῶν
2603 1496 3043 1565 πολιτευομένων
3092 1498 3352 1553 ἐπιθύσαι
3398 1501 3511 1563 τοῖς
3570 1499 3823 1564 εἰδώλοις

2249 1586 2481 1640 ἐνώπιον
2512 1587 2605 1642 τοῦ
2644 1589 2929 1658 βασιλέως,
2968 1591 3063 1642 καὶ
3099 1589 3211 1643 ίδοῦ
3266 1590 3635 1661 ἐντεθύμηται
3672 1592 3828 1646 κακὰ

584 1666 849 1713 tormenta
878 1674 935 1715 se
968 1660 1129 1716 nobis
1155 1661 1442 1715 allaturum
1471 1659 1773 1715 constituit.
1802 1660 1940 1728 Quid
1966 1671 2140 1717 autem

2252 1680 2381 1747 περὶ
2413 1678 2568 1748 ἡμῶν
2593 1695 2607 1710 ·
2644 1650 2697 1731 τί
2725 1650 2941 1750 ποιήσεί
2969 1679 3027 1733 δέ
3053 1680 3153 1732 οὐκ
3184 1676 3323 1735 οῖδα.

581 1748 825 1804 {acturus
849 1751 939 1813 sit,
982 1750 1184 1805 nescio.

651 1835 789 1893 Xlll.
810 1836 961 1894 Tunc
978 1840 1259 1910 respondit
1276 1839 1671 1899 Maximilianus
1699 1843 1807 1917 (2):
1833 1844 2009 1916 Agite,
2042 1844 2149 1899 fra-

580 1940 713 1993 tres.
755 1933 923 2001 parati
949 1935 1118 1989 simus
1158 1935 1371 2004 prodire
1414 1936 1468 1990 in
1506 1948 1857 2007 conspectum
1912 1938 2148 2007 impera-

582 2023 713 2078 toris
740 2024 882 2080 illius
912 2025 1168 2079 terribilis
1193 2035 1249 2079 et
1294 2026 1407 2079 veri
1444 2027 1536 2081 Dei
1568 2027 1698 2083 Jesu
1714 2026 1939 2091 Christi,
1972 2044 2148 2098 neque

579 2115 868 2170 timeamus
895 2116 1176 2172 mortalem
1213 2116 1373 2171 istum
1430 2120 1835 2183 imperatorem.
1883 2119 1963 2175 Tu
1995 2136 2143 2186 vero,

576 2206 878 2271 Jamblice,
943 2210 1011 2264 da
1080 2224 1301 2279 operam
1368 2220 1428 2266 ut
1478 2222 1700 2281 paretur
1762 2213 1921 2267 nobis
1992 2215 2147 2269 cibus

577 2300 644 2355 ad
677 2296 864 2355 libram
898 2304 1274 2359 constitutam.
1312 2305 1507 2373 Accipe
1536 2314 1840 2374 argentum,
1866 2306 2147 2376 ingredere

579 2392 631 2445 in
664 2393 872 2455 urbem,
908 2408 1029 2449 eme
1063 2409 1229 2464 panes
1266 2395 1499 2450 multos:
1546 2396 1703 2465 pauci
1742 2396 1889 2449 enim
1931 2396 2149 2449 fuerunt

576 2496 715 2550 quos
750 2483 866 2537 lteri
930 2485 1139 2554 vesperi
1196 2486 1449 2550 attulisti,
1508 2486 1579 2541 ob
1636 2486 1797 2555 idque
1854 2485 2143 2542 esurimus.

575 2571 777 2629 Eadem
818 2590 982 2645 opera
1040 2577 1242 2654 discas,
1309 2578 1437 2647 quid
1493 2579 1686 2634 Decius
1734 2581 2034 2650 imperator
2079 2582 2145 2636 de

574 2662 735 2720 nobis
767 2666 1039 2721 decernat.
1070 2667 1391 2737 Cogitabam
1412 2670 1555 2725 enim
1586 2686 1645 2725 se
1672 2679 1829 2724 nocte
1860 2669 2144 2739 superiore

573 2756 851 2820 cubuisse,
910 2768 967 2814 et
1023 2761 1285 2829 postridie
1337 2776 1499 2816 mane
1554 2772 1901 2832 experrectos
1952 2761 2141 2817 fuisse.

575 2846 732 2904 Tunc
768 2850 931 2921 igitur
964 2852 1104 2906 bene
1128 2868 1286 2907 mane
1325 2850 1904 2921 surrexitJamblicus,
1940 2865 1995 2911 et
2054 2872 2144 2909 ar-

566 2951 793 3012 gentum
820 2943 1132 3013 sumpsitex
1172 2944 1381 3013 loculis,
1424 2946 1878 3014 quemadmodum
1910 2962 2139 3002 consue-

570 3040 743 3086 verat.
778 3032 906 3086 Erat
928 3040 1109 3087 autem
1147 3045 1367 3090 moneta
1398 3037 1483 3090 illa
1516 3046 1699 3092 vetere
1721 3046 1849 3090 nota
1875 3036 2137 3106 impressa

568 3136 692 3191 quae
722 3123 917 3191 partim
947 3125 1331 3195 quadraginta,
1362 3127 1558 3195 partim
1584 3128 1861 3195 sexaginta
1886 3144 2138 3183 nummo-

572 3227 700 3294 rum.
725 3214 898 3281 pretio
933 3214 1274 3283 pendebatur
1306 3226 1546 3271 veterum
1580 3217 1968 3287 imperatorum
1998 3229 2137 3272 tem-

568 3296 811 3371 poribus,
845 3319 966 3358 cum
1007 3307 1177 3361 sancti
1211 3307 1305 3361 viri
1333 3306 1398 3361 de
1437 3306 1633 3376 quibus
1667 3307 1829 3361 verba
1886 3306 2136 3373 facimus,

570 3394 720 3463 prius
786 3396 1060 3450 vivebant.
1126 3395 1507 3453 Praeterierant
1560 3408 1738 3451 autem
1798 3398 2027 3450 trecenti
2086 3408 2140 3451 et

568 3486 906 3555 septuaginta
970 3489 1096 3541 anni
1150 3505 1214 3541 ex
1267 3505 1373 3557 quo
1421 3489 1754 3544 dormierant
1832 3503 2003 3556 usque
2072 3487 2137 3542 ad

569 3577 711 3632 diem
745 3594 851 3648 quo
880 3592 1317 3635 rcsurrexerunt.

643 3765 794 3820 XIV.
829 3763 963 3817 Cum
1001 3762 1160 3832 igitur
1212 3762 1495 3828 illuxisset,
1551 3765 1683 3819 exiit
1728 3763 2017 3821 Jamblicus
2068 3784 2130 3820 ex

572 3859 849 3928 spelunca,
884 3868 937 3913 et
972 3858 1105 3915 vidit
1129 3858 1336 3927 lapides
1369 3869 1494 3911 ante
1538 3858 1848 3927 speluncam
1903 3860 2131 3930 positos,

566 3963 728 4021 atque
750 3952 1056 4021 obstupuit:
1120 3952 1252 4004 nihil
1280 3950 1425 4005 enim
1460 3950 1527 4006 de
1561 3950 1831 4023 lapidibus
1887 3951 1991 4007 illis
2043 3969 2157 4008 co—-

565 4053 846 4115 guovemt.
895 4043 1236 4099 Descendens
1294 4053 1475 4098 autem
1523 4044 1589 4100 de
1641 4055 1845 4112 monte,
1910 4046 2137 4101 timebat

566 4135 934 4192 deambulare.
962 4135 1144 4204 Itaque
1171 4136 1222 4199 in
1256 4135 1341 4189 via
1372 4144 1516 4189 totus
1539 4136 1862 4205 trepidabat,
1886 4147 2136 4191 metuens

575 4229 635 4283 in
667 4229 854 4283 urbem
890 4229 1123 4298 ingredi,
1149 4244 1216 4284 ne
1237 4244 1344 4299 quo
1369 4229 1529 4284 modo
1559 4238 1966 4297 agnosceretur,
1991 4240 2043 4284 et
2063 4225 2133 4284 ad

2320 1844 2415 1897 II”.
2438 1842 2569 1897 Τότε
2588 1845 2859 1915 ἀπεκρίθη
2876 1844 3302 1915 Μαξιμιλλιανὸς
3325 1845 3418 1899 καὶ
3442 1840 3594 1898 εἶπεν
3608 1843 3821 1909 αὐτοῖς·

2252 1936 2518 2003 Ἀδελφοί,
2584 1936 2813 2004 ἐτοίμως
2852 1936 3048 2007 ἔχομεν
3083 1938 3425 2005 παραστῆναι
3457 1936 3690 1990 ἐνώπιον
3722 1937 3821 1990 τοῦ

2253 2028 2516 2098 βασιλέως
2550 2027 2757 2081 ἐκείνου
2784 2028 2879 2080 τοῦ
2934 2027 3165 2097 φοΰεροῦ
3194 2028 3287 2081 καὶ
3312 2028 3542 2097 φρικτοῦ
3575 2028 3823 2098 Χριστοῦ

2246 2120 2338 2173 τοῦ
2379 2118 2637 2188 ἀληθινοῦ
2671 2120 2805 2172 Θεοῦ
2836 2121 3019 2189 ἡμῶν,
3072 2121 3167 2173 καὶ
3204 2119 3279 2190 μὴ
3310 2119 3677 2189 δειλιάσωμεν
3708 2123 3826 2175 ἀπὺ

2246 2212 2338 2264 τοῦ
2369 2211 2607 2280 φθαρτοῦ
2652 2212 2845 2265 τοῦτου
2910 2212 3173 2279 βασιλέως
3213 2231 3225 2244 ·
3260 2210 3414 2265 εἶπεν
3450 2212 3509 2265 δέ
3550 2213 3645 2267 καὶ
3682 2214 3826 2283 πρὸς

2260 2302 2561 2369 Ἰάμϐλιχον
2591 2303 2735 2363 ὅπως
2768 2304 3047 2369 ἐτοιμάτει
3083 2304 3145 2354 αὖ
3158 2306 3264 2364 τοῖς
3288 2303 3385 2372 τὴν
3407 2304 3614 2373 τροφὴν
3640 2305 3829 2359 αὐτῶν

2247 2387 2326 2457 εἷς
2356 2395 2454 2463 τὴν
2476 2394 2791 2463 ὡρισμένην
2835 2394 3007 2465 ὥραν,
3039 2397 3132 2447 καὶ
3157 2390 3329 2447 εἶπεν·
3368 2394 3514 2446 Λάϐε
3549 2395 3827 2463 ἀργύριον

2246 2488 2303 2539 ἐν
2350 2489 2469 2550 ταῖς
2527 2488 2682 2556 χερσί
2736 2504 2829 2539 σου
2900 2487 2995 2539 καὶ
3044 2486 3253 2539 εἴσελθε
3298 2485 3379 2549 είς
3407 2484 3505 2557 τὴν
3538 2486 3697 2539 πόλιν
3728 2485 3826 2539 καὶ

2244 2580 2515 2651 ἀγόρασον
2570 2581 2865 2649 περισσοὺς
2916 2576 3138 2649 ἄρτους,
3190 2580 3272 2632 ὅτι
3324 2578 3495 2649 ὀλίγοι
3559 2574 3701 2649 ἦσαν
3726 2578 3826 2642 οὓς

2244 2668 2482 2740 ἤνεγκας
2514 2672 2771 2739 ἑσπέρας,
2802 2673 2897 2723 καὶ
2952 2672 3061 2724 ἰδοὺ
3105 2670 3406 2739 πεινῶμεν,
3456 2671 3551 2723 καὶ
3588 2671 3731 2741 μάθε
3770 2672 3824 2722 τί

2243 2760 2550 2814 ἐντέλλεται
2592 2761 2718 2830 περὶ
2749 2760 2903 2830 ἡμῶν
2928 2762 3115 2822 Δέκιος
3158 2762 3185 2813 ὀ
3218 2761 3493 2831 βασιλεὺς,
3524 2759 3670 2813 οὕτω
3710 2762 3824 2829 γὸρ

2242 2851 2489 2921 ἐνόμιζον
2525 2852 2607 2904 ὅτι
2668 2853 2768 2920 τὴν
2824 2851 2993 2905 νύκτα
3027 2853 3242 2923 ἐκείνην
3290 2851 3673 2923 ἐκοιμήθησαν
3723 2853 3825 2904 καὶ

2243 2941 2563 3010 ἀνέστησαν.
2598 2942 2801 2995 Ἔωθεν
2826 2940 2881 2994 δὲ
2910 2943 3146 3005 ἀναστὰς
3187 2942 3494 3012 Ἰάμόλιχος
3521 2941 3719 2996 ἔλασεν
3759 2943 3824 2997 τὺ

2244 3032 2507 3101 ἀργύριον
2549 3032 2613 3082 ἐκ
2660 3032 2766 3082 τῶν
2818 3030 3123 3099 βαλαντίων
3162 3033 3365 3099 αὐτῶν,
3400 3032 3585 3095 καθὼς
3619 3034 3824 3088 εἴωθεν

2242 3123 2349 3175 ἀπὸ
2377 3123 2475 3191 τῆς
2515 3125 2736 3192 μονὶτας
2767 3123 2864 3193 τῆς
2900 3126 3374 3193 μεμονετευμένης
3398 3127 3823 3195 τεσσαράκοντα

2241 3213 2495 3283 νουμίων,
2536 3213 2753 3283 καὶτῆς
2799 3214 2965 3282 ἄλλης
3001 3216 3223 3283 μονίτας
3252 3215 3517 3284 ἐξήκοντα
3570 3215 3823 3284 νουμίων

2238 3308 2335 3376 τῆς
2365 3304 2532 3375 οὔσης
2568 3307 2627 3357 ἐν
2659 3308 2777 3367 ταῖς
2841 3305 3076 3375 ἡμέραις
3128 3306 3237 3358 τῶν
3260 3306 3507 3375 ἀρχαίων
3544 3306 3821 3375 βασιλέων

2239 3395 2344 3447 τῶν
2378 3395 2545 3447 ὅντων
2576 3396 2633 3449 ἐν
2664 3398 2772 3461 τοῖς
2821 3398 3035 3467 χρόνοις
3090 3397 3203 3453 τῶν
3261 3398 3434 3467 ἁγίων
3476 3400 3683 3453 τούτων
3731 3402 3822 3455 ὅτι

2238 3486 2295 3538 ἐν
2348 3486 2493 3557 αὐτῷ
2550 3488 2627 3560 τῷ
2682 3489 2860 3561 καιρῷ
2913 3490 3124 3560 ἐφάνη,
3173 3488 3267 3543 καὶ
3321 3487 3468 3560 εἶχον
3517 3492 3821 3561 τριακόσια

2238 3582 2607 3655 ἐϐδομήκοντα
2665 3584 2758 3637 δύο
2792 3587 2883 3655 ἐτη
2917 3587 3019 3647 ἕως
3071 3588 3189 3638 ὅτου
3257 3582 3659 3656 ἐξυπνίσθησαν
3715 3587 3820 3638 καὶ

2239 3677 2541 3742 ἀνέστησαν
2571 3678 2615 3727 οἱ
2648 3675 2794 3742 ᾶγιοι
2821 3677 3029 3738 παῖδες,

2312 3764 2409 3820 1Δ’.
2440 3766 2568 3819 Ὅτε
2598 3768 2649 3819 δὲ
2686 3769 2902 3834 ἐγενετο
2931 3767 3114 3838 ἡμέρα
3142 3766 3365 3837 ἐξῆλθεν
3403 3766 3713 3839 Ἰάμόλιχος
3746 3769 3820 3823 ἐκ

2238 3858 2327 3913 τοῦ
2354 3858 2616 3929 σπηλαίου
2644 3859 2735 3913 καὶ
2760 3856 2894 3912 εἶδεν
2914 3862 3038 3923 τοὺς
3061 3854 3539 3929 λίθουςκειμένους
3566 3861 3819 3931 ἐμπροσ-

2236 3952 2326 4005 θεν
2358 3950 2452 4004 τοῦ
2491 3951 2754 4021 σπηλαίου
2785 3953 2878 4003 καὶ
2906 3951 3204 4018 ἐξεπλάγη,
3238 3951 3388 4003 οὐδὲν
3408 3944 3818 4020 γὰρέγίνωσκε

2237 4045 2362 4113 περὶ
2392 4044 2593 4108 αὐτῶν,
2627 4041 2895 4111 κατῆλθεν
2912 4040 2967 4093 δὲ
2995 4040 3101 4094 ἀπὸ
3128 4042 3221 4094 τοῦ
3245 4041 3406 4112 ὅρους
3435 4042 3529 4095 καὶ
3556 4043 3818 4109 ἐφοϐεῖτο

2238 4136 2563 4204 περιπατεῖν
2609 4135 2665 4187 ἐν
2694 4137 2758 4205 τῇ
2813 4134 2917 4206 ὀδῷ
2971 4134 3067 4188 τοῦ
3120 4136 3385 4187 εἰσελθεῖν
3440 4137 3496 4186 ἐν
3524 4138 3589 4204 τῇ
3630 4136 3815 4197 πόλει.

2237 4226 2482 4296 ἐφοϐεῖτο
2500 4228 2605 4298 γὰρ
2640 4229 2712 4298 μή
2748 4245 2862 4288 πως
2897 4226 3116 4295 γνωσθῇ
3150 4227 3254 4277 ὑπὸ
3300 4243 3445 4290 τινος
3477 4227 3573 4279 καὶ
3624 4227 3819 4297 ἐμφα-

562 4320 946 4388 imperatorem
1012 4318 1231 4374 Decium
1295 4321 1506 4377 vinctus
1562 4323 1883 4389 duceretur;
1934 4323 2133 4393 quippe

2245 4322 2358 4390 νίση
2416 4322 2543 4391 περὶ
2593 4319 2781 4382 αὐτοῦ,
2820 4318 2913 4373 καὶ
2967 4320 3332 4389 κατασχόντες
3382 4319 3815 4389 παραδώσουσιν

566 4411 849 4483 ignorabat
899 4412 1017 4484 ejus
1077 4414 1289 4484 tyranni
1335 4429 1457 4469 ossa
1510 4416 1567 4468 in
1593 4415 1843 4485 sepulcro
1896 4415 2137 4483 putrefa-

561 4516 649 4560 cta
679 4520 820 4560 esse.
845 4504 979 4559 Cum
1011 4521 1141 4560 vero
1170 4507 1224 4560 in
1258 4506 1444 4563 urbem
1477 4508 1865 4577 ingrederetur,
1895 4516 1945 4562 el
1972 4522 2135 4562 vene-

564 4596 745 4649 randae
786 4596 963 4651 crucis
1006 4597 1217 4667 signum
1280 4609 1401 4653 ante
1454 4599 1603 4652 urbis
1657 4609 1835 4669 portas
1892 4609 2131 4654 erectum

565 4670 805 4747 vidisset.
866 4690 944 4742 sic
1005 4690 1305 4757 obstupuit,
1344 4697 1398 4743 ut
1429 4704 1457 4742 a
1491 4698 1670 4744 mente
1694 4692 1803 4745 fere
1837 4691 2126 4747 exciderit:

566 4789 729 4849 atque
786 4782 841 4834 in
898 4795 1279 4850 quamcunque
1345 4791 1549 4851 partem
1607 4782 1798 4837 oculos
1852 4784 2127 4847 vertisset,

566 4884 749 4924 rerum
804 4876 1046 4927 novitate
1107 4873 1405 4942 perculsus,
1454 4874 1624 4944 magis
1692 4874 2127 4941 obstupescebat.

564 4962 894 5017 Accessitad
924 4963 1081 5015 aliam
1126 4964 1274 5017 urbis
1304 4974 1533 5031 portam,
1569 4974 1623 5015 et
1651 4958 1756 5016 illic
1793 4963 1952 5016 etiam
2006 4979 2131 5015 cru-

564 5069 679 5107 cem
727 5056 895 5123 ipsam
964 5068 1141 5123 supra.
1177 5069 1362 5109 muros
1411 5062 1644 5109 erectam
1691 5054 1841 5108 vidit.
1886 5054 2129 5123 Cumque

564 5160 754 5198 omnes
782 5154 964 5214 portas
1007 5147 1250 5210 obiisset,
1306 5148 1623 5202 veneranda:
1670 5150 1848 5203 crucis
1902 5148 2126 5218 figuram

561 5237 847 5309 aspiciens,
878 5254 991 5308 prie
1021 5248 1239 5308 stupore
1292 5248 1475 5292 mutus
1545 5242 1716 5295 factus
1778 5250 1879 5293 est.
1939 5240 2123 5308 Itaque

561 5340 682 5377 cum
725 5326 789 5377 ad
816 5330 1039 5395 primam
1090 5327 1233 5381 illam
1288 5339 1498 5396 portam
1547 5344 1603 5381 se
1661 5330 1997 5389 contulisset,
2053 5331 2125 5383 ita

559 5432 741 5470 secum
774 5417 1129 5487 loquebatur:
1160 5420 1415 5487 quidnam
1450 5420 1551 5473 hoc
1583 5422 1700 5473 est?
1748 5421 1874 5475 Heri
1914 5422 2123 5489 vesperi

562 5501 721 5574 bilius
779 5510 960 5564 crucis
1019 5509 1231 5579 signum
1293 5511 1344 5563 in
1411 5510 1646 5565 latibulis
1681 5512 2014 5575 servabatur,
2071 5522 2124 5565 et

560 5612 701 5652 nunc
730 5611 913 5668 aperte
937 5601 988 5655 in
1025 5601 1193 5670 ipsius
1235 5601 1383 5654 urbis
1431 5602 1632 5657 foribus
1693 5613 1930 5656 erectum
1972 5602 2118 5656 vide-

632 5786 704 5858 t2}
740 5787 863 5841 Vide
896 5786 1183 5841 Baronium
1215 5788 1301 5843 ubi
1342 5802 1523 5857 supra.

2239 4414 2401 4464 αὑτὸν
2431 4412 2508 4479 τῷ
2558 4411 2783 4481 βασιλεῖ,
2826 4410 2929 4464 καὶ
2979 4413 3080 4465 οὐκ
3136 4412 3253 4481 ᾔδει
3283 4414 3364 4464 ὅτι
3390 4408 3532 4480 ἦσαν
3561 4412 3628 4463 τὰ
3670 4412 3818 4467 ὀπτα

2235 4506 2328 4561 τοῦ
2355 4505 2626 4578 τυράννου
2667 4508 2724 4560 ἐν
2773 4508 2851 4579 τῷ
2889 4508 3011 4578 ἅδῃ.
3050 4509 3159 4561 Καὶ
3193 4508 3279 4559 ὅτε
3312 4505 3553 4575 ἔφθασεν
3586 4505 3613 4558 ὁ
3648 4504 3816 4577 Ἰἀμο

2232 4601 2413 4670 ὄλιχος
2445 4601 2522 4664 είς
2544 4604 2643 4669 τὴν
2697 4601 2849 4653 πόλιν
2899 4600 3155 4663 ἀτενίσας
3186 4595 3327 4652 είδεν
3376 4602 3465 4652 τὸν
3503 4598 3675 4651 τύπον
3710 4602 3812 4651 τοῦ

2233 4692 2411 4760 τιμίου
2453 4689 2685 4757 σταυροῦ
2738 4689 3091 4758 πεπηγμένον
3146 4687 3288 4741 κατὰ
3342 4688 3448 4738 τῶν
3486 4686 3673 4739 πυλῶν
3706 4686 3811 4755 τῆς

2235 4780 2464 4841 πόλεως,
2494 4780 2585 4831 καὶ
2614 4778 2807 4844 ἐξέστη
2843 4778 2899 4829 ἐν
2934 4779 2997 4848 τῇ
3032 4778 3245 4847 διανοίᾳ
3273 4775 3461 4828 αὐτοῦ.
3526 4777 3634 4831 Καὶ
3670 4792 3806 4831 κατ-

2231 4872 2374 4923 ενόει
2403 4862 2501 4923 ὧδε
2523 4888 2616 4922 και
2641 4864 2741 4923 ὦδε
2762 4870 2851 4921 καὶ
2877 4868 3260 4937 ἐξεπλήττετο,
3304 4868 3503 4937 ὁμοίως
3535 4868 3591 4919 δὲ
3628 4869 3811 4921 ἀπελ-

2232 4965 2340 5017 θὼν
2370 4964 2463 5017 κώ⁹
2486 4966 2566 5024 εἰς
2589 4964 2685 5033 τὴν
2718 4961 2886 5031 ἄλλην
2918 4962 3096 5031 πύλην
3120 4960 3216 5031 τῆς
3244 4961 3471 5025 πόλεως,
3515 4956 3655 5012 εἶδεν
3698 4962 3809 5010 κὰ-

2230 5059 2381 5107 κείσε
2420 5053 2651 5124 σταυρὸν
2682 5051 3045 5125 πεπηγμὲνονι
3088 5054 3273 5106 ἐπάνω
3300 5054 3467 5122 αὐτῆς
3497 5052 3590 5103 καὶ
3633 5050 3807 5104 ἐθαύ-

2232 5148 2423 5217 μαζον,
2457 5150 2549 5199 καὶ
2576 5146 2880 5216 περιελθὼν
2912 5145 3039 5208 ὅλας
3062 5147 3161 5223 ’βὰς
3193 5146 3386 5209 πύλας,
3443 5137 3603 5208 εὗρεν
3641 5137 3807 5209 οὗτος

2229 5243 2318 5293 τὸν
2368 5240 2535 5293 τύπον
2582 5240 2674 5291 τοῦ
2732 5240 2916 5309 τιμῐου
2972 5238 3234 5306 σταυροῦ,
3292 5239 3384 5289 καὶ
3433 5238 3620 5303 ἵστατο
3651 5239 3805 5299 ἐνεὸς

2225 5331 2663 5401 ἐκπληττόμενος
2706 5330 2799 5384 ἐπὶ
2820 5329 3051 5392 τούτοις·
3096 5331 3224 5381 Ὀτε
3250 5326 3341 5380 οὖν
3375 5322 3539 5399 ἦλθεν
3572 5320 3665 5378 ἐπὶ
3697 5328 3805 5397 τὴν

2226 5410 2838 5491 πρώτην,’διελογίζετο
2876 5424 2934 5475 ὲν
2979 5420 3176 5486 ἐαυτῷ,
3207 5419 3301 5472 καὶ
3330 5419 3515 5485 ἔλεγεν
3543 5433 3555 5445 ·
3592 5417 3657 5471 Τί
3692 5420 3805 5487 ἄρα

2225 5514 2341 5565 ἐστι
2371 5514 2526 5566 τοῦτο
2555 5514 2615 5566 τὸ
2678 5516 2903 5585 σημεῖον
2954 5511 3048 5563 τοῦ
3083 5512 3315 5582 σταυροῦ
3353 5513 3434 5563 ὅτι
3467 5510 3709 5578 ἑσπέρας
3740 5505 3801 5559 ἐν

2225 5605 2299 5676 τῷ
2329 5606 2556 5677 κρυπτῷ
2588 5602 2684 5676 ἧν,
2744 5608 2835 5659 καὶ
2866 5603 2957 5659 νῦν
3012 5604 3420 5675 πεςανέρωται,
3464 5604 3603 5673 μετὰ
3659 5600 3802 5667 παῤ-
