3972 6460
166 390 269 454 Ml

1260 397 1355 456 DE
1393 396 1696 457 SEPTEM
1737 394 2340 457 DOR-MIENTIBUS.

3309 385 3414 449 442

154 505 355 577 ῥησιας
393 503 491 560 ἰπὶ
516 503 627 559 τῶν
651 502 840 561 πυλῶν
864 506 963 577 τῆς
1005 505 1237 572 πόλεως,
1271 508 1457 575 ἔλεγεν
1491 508 1550 561 δὲ
1580 509 1638 561 ὲν
1664 510 1729 577 τῇ

1838 520 1978 560 mus.
2019 503 2227 561 Verene
2265 507 2367 560 hoc
2392 504 2570 566 video,
2591 517 2659 556 an
2686 501 2883 571 spectri
2908 500 3137 569 alicujus
3161 498 3415 553 illusione

151 593 366 666 διανοίᾳ
401 592 573 648 αὑτοῦ
645 595 781 666 μήτι
835 595 1025 667 ὅραμά
1066 597 1185 650 ἐστι
1242 595 1437 664 τοῦτος
1475 598 1630 651 Μετὰ
1682 598 1739 650 δὲ

151 683 328 739 ταῦτα
363 684 547 738 λαὸὼν
577 684 781 756 θάρσος
806 687 1083 741 ἑσκέπασε
1113 686 1214 759 τὴν
1263 688 1512 759 κεφαλὴν
1568 689 1739 743 αὐτοῦ

152 776 249 829 καὶ
279 776 537 847 εἰσῆλθεν
585 779 670 842 εἰς
726 779 825 848 τὴν
881 778 1059 845 πόλιν,
1116 779 1214 834 καὶ
1263 781 1467 851 ἤκουσε
1526 779 1740 834 πολλῶν

151 870 432 939 λεγόντων
469 870 567 924 καὶ⁵
589 871 903 940 όμνυόντων
934 873 994 924 ὲν
1026 870 1105 946 τῷ
1131 871 1359 942 ὀνόματι
1399 872 1493 926 τοῦ
1529 873 1738 944 Κυρίου

152 963 314 1031 ἡμῶν
354 962 535 1031 Ἰησοῦ
582 960 844 1031 Χριστοῦ,
880 962 978 1016 καὶ
1010 962 1106 1019 νῦν
1156 964 1366 1032 ἑκάστη
1394 964 1618 1032 γλῶσσα
1649 982 1739 1017 τε-

152 1054 434 1122 τρᾶνωταῑ
461 1056 521 1107 ἒν
550 1052 725 1122 αὐτῷ,
745 1054 914 1108 πάλιν
941 1054 999 1109 δὲ
1028 1055 1217 1124 ἔλεγεν
1250 1056 1307 1109 ἑν
1351 1054 1555 1125 ἑαυτῷ,
1592 1055 1735 1124 τάχα

152 1145 256 1197 οὐκ
283 1144 439 1199 ἔστιν
479 1144 618 1214 αὕτη
663 1145 697 1205 ἡ
732 1145 888 1209 πόλις
924 1147 1162 1215 Ἔφεσος
1184 1147 1328 1200 διατι
1350 1148 1419 1200 τὰ
1462 1146 1739 1215 οἰκήματα

152 1236 330 1304 αὐτῆς
370 1237 521 1288 ἐστὶν
581 1234 988 1307 δνηλλαγμένα,
1032 1239 1127 1291 καὶ
1168 1239 1201 1307 ή
1244 1236 1525 1297 διάλεκτος
1568 1238 1739 1305 αὐτῆς

149 1327 511 1396 δεδιδαγμένη
535 1326 594 1378 ἐν
624 1325 701 1395 τῷ
732 1328 973 1398 Χριστῷ,
1008 1329 1103 1382 καὶ
1132 1328 1302 1397 ἄλλην
1319 1327 1476 1381 πόλιν
1492 1328 1593 1381 οὐκ
1620 1322 1739 1380 οἶδα

150 1418 303 1486 εἰμὴ
352 1418 563 1487 ταύτην
602 1419 800 1490 μόνην.
858 1421 972 1473 Καὶ
1034 1420 1491 1491 περιερχόμενος,
1548 1418 1737 1490 ἠρώτα

149 1508 275 1560 τινὰ
326 1508 441 1562 τῶν
498 1509 743 1563 πολιτῶν
798 1511 997 1578 λέγων,
1052 1512 1169 1580 πῶς
1230 1513 1539 1581 καλεῖταιῆ
1582 1512 1740 1574 πόλις

150 1602 293 1669 αὕτη
319 1618 332 1631 ’
364 1603 395 1653 6
421 1602 480 1656 δὲ
513 1598 671 1658 εἶπεν
698 1620 713 1635 ’
748 1604 894 1675 Αὕτη
952 1605 1190 1675 Ἔφεσός
1244 1606 1361 1658 ἐστι
1399 1620 1412 1635 ·
1450 1604 1542 1657 καὶ
1584 1600 1738 1658 εἶπεν

163 1692 477 1763 Ἰάμϐλιχος
511 1696 640 1763 παρ’
663 1694 841 1763 όλέγον
879 1696 1025 1765 Ἐγὼ
1052 1696 1398 1765 ἔπελαθόμην
1446 1696 1541 1748 καὶ
1570 1694 1737 1748 ἐπλαο

152 1786 328 1855 νήθην
362 1790 422 1839 ἐν
454 1785 535 1857 τῷ
581 1786 665 1839 νοΐ
712 1804 838 1855 μου,
883 1788 998 1839 ἀλλ’
1030 1786 1235 1850 ἐξέλθω
1287 1788 1351 1838 ὲκ
1378 1784 1477 1852 τῆς
1524 1784 1736 1849 πόλεως

1840 594 2121 665 decipior?
2148 595 2284 650 Cum
2321 596 2436 649 haec
2474 594 2701 657 diceret,
2743 600 2798 647 et
2826 593 3003 647 crucis
3029 591 3253 662 ﬁguram
3290 589 3417 643 ubi-

1838 702 1944 756 que
1999 687 2162 741 llxam
2208 686 2437 749 videret,
2468 685 2651 739 animo
2678 685 2848 753 magis
2876 681 3215 745 conﬁrmato;
3244 680 3295 733 in
3328 697 3418 734 ur-

1839 778 1961 833 bem
1992 790 2179 846 aperto
2218 778 2394 846 capite
2426 776 2702 845 ingressus
2729 784 2833 829 est.
2901 773 3146 842 Cumque
3206 772 3417 842 longius

1841 869 2487 942 progrederetur,audivit
2506 868 2705 923 multos
2724 883 2819 939 per
2842 866 2970 922 Jesu
2988 867 3189 921 Christi
3204 879 3412 920 nomen

1836 963 2040 1032 jurare.
2078 961 2257 1026 Quare
2315 958 2481 1029 magis
2533 958 2859 1028 perculsus:
2915 955 3056 1022 Quid
3110 957 3225 1010 haec
3280 958 3413 1018 sint.

1842 1053 2037 1123 inquit,
2074 1052 2286 1122 ignoro.
2320 1049 2448 1104 Heri
2489 1049 2698 1118 vesperi
2733 1064 2894 1104 nemo
2942 1049 3111 1102 libere
3131 1047 3412 1101 Christum

1838 1143 2172 1205 nominabat,
2201 1152 2258 1197 et
2291 1157 2440 1196 nunc
2474 1150 2580 1196 tam
2605 1138 2789 1195 multis
2851 1140 3050 1211 linguis
3100 1138 3302 1193 Christi
3324 1154 3423 1190 no-

1840 1251 1967 1291 men
1993 1234 2334 1291 celebratur?
2361 1234 2570 1288 Rursus
2606 1246 2788 1288 secum
2841 1232 3139 1301 ambigens,
3165 1230 3419 1284 dicebat:

1843 1325 2097 1381 Fortasse
2131 1324 2319 1379 urbem
2338 1324 2619 1393 Ephesum
2649 1339 2757 1378 non
2794 1322 2973 1381 video.
3004 1320 3264 1391 quoniam
3301 1319 3422 1389 eius

1841 1420 2067 1476 aedificia
2096 1420 2323 1475 omnino
2344 1428 2550 1473 mutata
2583 1427 2731 1480 sunt,
2766 1426 2820 1471 et
2880 1416 3052 1485 ipsius
3084 1415 3286 1484 lingua,
3314 1413 3420 1466 alia

1846 1509 2089 1580 quzcdam
2124 1519 2207 1564 est
2237 1508 2487 1563 Chistum
2532 1507 2757 1561 cdocta:
2805 1504 2949 1573 quod
3018 1504 3069 1555 in
3115 1502 3260 1555 nulla
3316 1500 3419 1552 alia

1844 1604 1975 1657 urbe
1999 1601 2112 1655 lleri
2140 1602 2246 1657 vidi
2279 1602 2406 1665 ,nisi
2440 1601 2495 1655 in
2522 1600 2621 1653 hac
2665 1597 2798 1652 sola.
2848 1596 3173 1666 Progressus
3234 1593 3419 1662 igitur,

1837 1695 2082 1763 qna‘sivit
2102 1710 2132 1748 a
2158 1694 2394 1763 quodam
2422 1693 2560 1765 cive,
2590 1707 2699 1760 quo
2736 1689 2952 1745 nomine
2981 1688 3109 1742 urbs
3139 1688 3226 1742 illa
3260 1703 3421 1741 voca.

1842 1799 2029 1842 retur:
2064 1786 2329 1855 Ephesus,
2360 1784 2534 1854 inquit
2564 1784 2673 1846 ille,
2704 1784 2814 1836 haec
2848 1789 3097 1835 vocatur.
3157 1777 3274 1832 Non
3329 1792 3442 1832 cre-

152 1877 365 1946 ταύτης
401 1878 475 1945 μή
522 1894 637 1939 πως
669 1876 949 1947 πλανηθώ.

1851 1878 1988 1932 didit
2038 1877 2356 1953 Jamblicus,
2417 1876 2511 1932 sed
2573 1889 2756 1930 secum
2804 1873 3081 1943 cogitans:
3131 1870 3420 1937 Deceptus,

150 1969 346 2036 inquit,
375 1979 526 2020 certe
551 1980 695 2031 sum,
730 1965 975 2021 locorum
1004 1965 1224 2031 oblitus,
1286 1972 1507 2034 totaque
1557 1973 1739 2020 mente
1794 1966 2071 2022 oberrans.
2122 1964 2440 2020 Exeundum
2478 1964 2642 2036 igitur
2697 1962 2829 2018 mihi
2880 1968 2964 2018 cst
3005 1976 3073 2017 ex
3126 1960 3227 2016 hac
3264 1959 3418 2023 urbe,

150 2079 218 2116 ne
248 2076 420 2129 magis
442 2075 645 2116 errem.

221 2149 325 2205 lE'.
356 2152 449 2214 Ὠς
486 2150 580 2204 οὖν
604 2152 662 2204 ὲν
694 2150 875 2223 πολλῷ
904 2151 1057 2220 φόϐῳ
1085 2150 1179 2205 καὶ
1212 2151 1425 2224 ἀγωνίᾳ
1442 2146 1533 2223 ἦν,
1564 2152 1729 2222 βουλό

1954 2153 2049 2209 XV
2079 2192 2095 2208 .
2154 2153 2291 2208 Cum
2317 2168 2445 2223 ergo
2483 2153 2853 2209 sollicitudine
2900 2168 3092 2223 magna
3147 2160 3424 2205 teneretur

152 2260 311 2315 μενος
363 2242 605 2308 ἐξελθεῖν
636 2244 700 2297 ἐκ
721 2245 820 2315 τῆς
848 2244 1084 2308 πόλεως,
1128 2244 1405 2315 προσῆλθε
1447 2245 1584 2316 πρὸς
1612 2246 1729 2309 τοὺς

1842 2258 1901 2303 et
1941 2246 2087 2301 illinc
2116 2246 2268 2302 exire
2312 2245 2494 2311 vellet,
2529 2245 2682 2315 prius
2716 2244 2885 2299 voluit
2915 2259 3083 2313 panes
3127 2256 3333 2304 emere,
3366 2251 3421 2295 et

150 2338 572 2408 πιπράσκοντας
624 2336 752 2399 τοὺς
808 2336 1009 2407 ἄρτους
1034 2336 1328 2405 ἀγοράσᾶι,
1361 2336 1457 2389 καὶ
1491 2336 1729 2389 ἐκϐαλὼν

1843 2349 2129 2409 argentum
2183 2338 2433 2407 sumpsit,
2497 2343 2558 2390 ut
2604 2336 2837 2407 pretium
2900 2336 3075 2390 daret.
3134 2334 3236 2401 Qui
3288 2348 3421 2389 vero

151 2430 443 2501 ἀργύριον,
504 2428 706 2480 ἔδωκεν
761 2428 948 2487 αὐτοῖς
992 2438 1009 2455 ⁸
1041 2427 1198 2479 αὐτοὶ
1230 2428 1286 2479 δὲ
1329 2427 1592 2490 λαϐόντες
1645 2446 1729 2480 καε

1845 2449 2039 2503 panem
2069 2432 2443 2495 vendiderant,
2490 2445 2613 2485 cum
2654 2439 2927 2484 monetam
2976 2428 3132 2482 illaut
3171 2440 3421 2497 magna

150 2524 349 2585 ἰδόντες
376 2520 478 2588 τὴν
511 2518 737 2589 μονιταν
754 2518 835 2570 ὅτι
872 2519 1087 2587 μεγάλη
1107 2513 1175 2582 ἦν
1206 2518 1302 2569 καὶ
1328 2517 1727 2588 ἐνηλλαγμὲνη,

1843 2536 1900 2580 et
1948 2526 2216 2579 diversam
2278 2522 2563 2583 vidissent,
2626 2521 2803 2575 mirati
2846 2530 2995 2581 sunt,
3058 2529 3112 2573 et
3180 2518 3421 2574 vicissim

146 2614 467 2681 ἐθαύμασαν
491 2611 589 2663 καὶ
606 2609 1221 2679 ἀλλήλοιςὲπεδείκνυον
1253 2609 1445 2679 αὐτὴν,
1468 2611 1563 2662 καί
1585 2625 1727 2677 παρ-

1837 2633 1951 2673 eam
1985 2616 2085 2672 sibi
2111 2614 2490 2670 ostendebant.
2541 2612 2646 2668 Per
2712 2626 2906 2667 manus
2968 2611 3137 2681 igitur
3198 2609 3417 2673 tradita,

147 2703 274 2773 ἦλθε
308 2704 401 2756 διὰ
431 2700 625 2755 πασῶν
653 2704 763 2755 τῶν
778 2702 1058 2773 καθεδρῶν
1095 2702 1204 2755 τῶν
1240 2701 1568 2756 πωλούντων
1598 2700 1729 2764 τοὺς

1837 2721 2050 2766 moneta
2113 2708 2204 2763 illa
2264 2722 2362 2779 per
2434 2720 2626 2762 omnes
2679 2705 2772 2776 qui
2834 2716 3034 2776 panem
3085 2702 3414 2766 vendebant,

143 2797 364 2867 ἄρτους,
395 2796 494 2849 καὶ
525 2793 851 2864 ὲψιθύριξον
891 2795 1013 2863 μετ’
1044 2795 1293 2866 ἀλλήλων
1342 2795 1439 2849 καὶ
1492 2794 1729 2847 ἔϐλεπον

1837 2803 2078 2859 transiit.
2124 2802 2228 2868 Qui
2251 2800 2492 2856 vicissim
2534 2800 2587 2854 in
2636 2814 2824 2855 aurem
2880 2799 3313 2863 insusurrantes,
3364 2806 3423 2853 et

144 2892 220 2954 si;
239 2891 330 2943 τὸν
379 2889 692 2958 Ἰάμϐλιχον
713 2888 806 2939 καὶ
835 2881 1018 2939 εἷπον·
1047 2882 1216 2948 Οὗτος
1250 2886 1523 2956 θησαυρὸν
1542 2880 1722 2953 εὗρεν,

145 2983 237 3034 καὶ
288 2981 411 3034 ἔστι
464 2979 681 3032 πολλῶν
739 2978 897 3034 ἐτῶν.
948 2978 1004 3032 ’0
1040 2978 1096 3031 δὲ
1162 2978 1469 3048 Ἰάμϐλιχος
1509 2976 1725 3046 βλέπων

144 3078 263 3135 τοις
314 3072 690 3141 προσέχοντας
762 3068 912 3139 αὐτῷ
963 3067 1375 3140 ψιθυρίζοντας,
1430 3066 1674 3137 ἐφοϐήθη
1704 3083 1719 3099 ⁸

1837 2894 2162 2948 Jamhlicum
2210 2892 2506 2957 intuentes,
2560 2891 2818 2946 dicebant
2857 2909 2871 2945 :
2906 2891 3044 2946 Vere
3099 2892 3262 2945 homo
3318 2889 3421 2943 iste

1833 2985 2151 3044 lhesaurum
2184 2982 2416 3045 invenit,
2441 2992 2677 3036 veterem
2702 2982 2850 3034 illum
2876 2982 3118 3049 quidem,
3147 2990 3203 3033 et
3234 2980 3422 3035 multis

1831 3077 2029 3132 abhinc
2110 3075 2267 3129 annis
2329 3072 2693 3129 reconditum.
2753 3067 3053 3125 Jamblicus
3112 3084 3239 3124 cum
3298 3069 3417 3124 illos

144 3165 363 3234 ἐνόμιζε
410 3163 525 3235 γὰρ
573 3164 657 3217 ὅτι
714 3160 1012 3233 ἐγνώριζον
1061 3162 1223 3216 αὑτὸν
1268 3162 1364 3215 καὶ
1435 3158 1719 3229 βούλονται

1837 3184 2173 3225 susurrantes
2197 3169 2425 3232 videret,
2449 3166 2614 3237 erepit
2644 3166 2835 3219 timere
2872 3164 3253 3219 :existimabat
3273 3163 3417 3218 enim

145 3256 479 3325 παραδοῦναι
509 3256 673 3309 αὑτὸν
695 3256 870 3327 Δεκίῳ
890 3255 967 3325 τῷ
995 3255 1225 3326 βασιλεῖ,
1260 3253 1447 3307 πολλοὶ
1468 3253 1526 3307 δὲ
1547 3268 1724 3324 προσ·

146 3352 373 3422 ἤρχοντο
396 3350 763 3418 ὲμὸλὲποντες
797 3350 877 3413 εἰς
904 3350 961 3401 τὸ
1003 3350 1297 3418 πρόσωπον
1324 3348 1509 3413 αὑτοῦ,
1539 3349 1632 3401 καὶ
1652 3347 1727 3409 ὼς

146 3442 359 3493 ἵσταντο
407 3439 740 3508 κατέχοντες
798 3440 962 3490 αὑτὸν
1012 3441 1071 3492 ὲν
1136 3440 1287 3505 μέσῳ
1333 3439 1435 3505 τῆς
1488 3438 1723 3506 ἀγορᾶς,

147 3532 485 3601 συνέδραμεν
542 3530 699 3599 ὅχλος
734 3530 904 3593 πολὺς
951 3529 1048 3584 καὶ
1070 3528 1295 3601 ἐξῆλθεν
1318 3530 1346 3582 6
1367 3529 1524 3595 λόγος
1572 3522 1726 3589 οὗτος

147 3619 281 3671 κατὰ
333 3620 517 3672 πᾶσαν
569 3617 668 3689 τὴν
692 3617 849 3672 πόλιν
876 3618 1143 3688 λεγόντων
1178 3619 1260 3673 ὃτι
1297 3618 1619 3689 Κατεσχέθη
1645 3636 1724 3682 τις

146 3711 359 3773 νεανίας
404 3710 583 3783 εὑρὼν
632 3712 930 3782 θησαυρόν.
991 3713 1102 3765 Καὶ
1148 3711 1727 3782 συνήχθησανγὲπὰνω

147 3806 305 3858 αὑτοῦ
346 3804 510 3875 δχλος
560 3806 728 3868 πολὺς
775 3806 1076 3874 φάσκοντες
1102 3820 1115 3835 ’
1169 3800 1342 3866 Οὗτος
1377 3805 1405 3855 6
1437 3803 1725 3873 ἄνθρωπος

148 3894 290 3965 ξένος
310 3897 455 3959 ἐστὶ,
489 3898 583 3948 καὶ
615 3896 877 3949 οὐδέποτε
906 3897 1088 3962 ἴδομεν
1125 3896 1309 3949 αὐτόν.
1338 3894 1448 3947 Καὶ
1478 3893 1726 3964 ητένιζον

147 3993 220 4053 εἰς
249 3990 311 4042 τὸ
354 3988 658 4058 πρόσωπον
708 3988 901 4043 αὑτοῦ.
965 3988 1076 4042 Καὶ
1120 3985 1374 4040 ἐϐούλετο
1422 3986 1724 4057 Ἰἀμθλιχος

147 4082 540 4150 ἀπολογεῖσθαι
582 4080 771 4144 αὐτοῖς
816 4081 900 4135 ὅτι
949 4080 1050 4150 οὺχ
1080 4077 1207 4150 εὗρε
1264 4080 1566 4152 θησαυρὸν,
1618 4080 1716 4131 καὶ

148 4174 243 4229 ὑπὸ
270 4176 372 4244 τῆς
424 4175 744 4244 ἐκπλήξεως
771 4175 1131 4245 συνεχόμενος
1159 4174 1258 4226 οὐκ
1297 4174 1486 4243 ἴσχυσε
1510 4186 1522 4200 ·
1551 4186 1722 4239 προσ-

148 4266 279 4334 έχων
329 4267 387 4320 δὲ
438 4265 803 4335 περιεσκόπει
853 4267 934 4327 εἰς
976 4265 1070 4319 τὸν
1111 4264 1290 4334 ὄχλον,
1345 4265 1439 4317 καὶ
1476 4262 1588 4316 οὐδ’
1629 4263 1726 4315 ἕνα

148 4361 510 4428 ἐπεγίνωσκε,
541 4360 637 4412 καὶ
664 4359 771 4427 γὰρ
797 4357 1051 4427 λαμπρὸν
1095 4356 1189 4409 καὶ
1215 4357 1520 4426 περιφανὲς
1567 4355 1726 4424 γένος

145 4450 286 4521 εἶχεν
307 4457 368 4506 ιν
414 4454 495 4523 τῷ
515 4452 772 4522 παλατίῳ
810 4449 1063 4518 Ἐφέσου,
1120 4450 1215 4502 καὶ
1257 4447 1437 4511 καθὼς
1475 4448 1726 4517 ἐνόμιζεν

1834 3277 1892 3316 se
1918 3260 1986 3314 ab
2042 3258 2147 3311 illis
2194 3258 2438 3327 agnosci,
2490 3266 2545 3309 et
2601 3254 2751 3307 Decii
2806 3254 3035 3323 imperio
3096 3252 3417 3307 tradendum

1834 3370 1973 3411 esse.
2000 3350 2137 3408 Cum
2167 3364 2297 3405 vero
2332 3349 2488 3405 multi
2530 3347 2915 3411 accessissent,
2940 3355 2997 3401 et
3034 3346 3151 3417 eius
3186 3345 3415 3399 fortnam

1836 3460 2172 3516 nequaquam
2203 3456 2526 3515 cognoscere
2544 3449 2791 3512 possent,
2823 3440 2879 3494 in
2911 3438 3093 3493 medio
3119 3436 3236 3492 loro
3259 3437 3415 3491 illum

1833 3538 2174 3595 detinebant.
2224 3535 2413 3606 Iraque
2467 3534 2641 3589 turbas
2690 3534 2873 3588 multa:
2923 3530 3323 3594 conﬂuxerunt,
3362 3539 3419 3585 et

1835 3642 2015 3681 sermo
2048 3626 2137 3678 hic
2164 3640 2261 3693 per
2286 3633 2453 3677 totam
2483 3622 2759 3675 civitatem
2793 3620 3045 3689 vulgatus
3068 3627 3169 3683 est,
3201 3618 3415 3673 adoles-

1832 3728 2045 3772 centem
2074 3715 2363 3786 quemdam
2394 3710 2849 3783 comprehensum
2901 3710 3091 3775 fuisse,
3148 3709 3238 3780 qui
3297 3709 3417 3764 the-

1832 3823 2054 3864 saurum
2078 3806 2379 3862 invenerat.
2400 3805 2598 3860 Turbae
2621 3812 2803 3859 autem
2821 3803 2888 3858 ad
2908 3818 3033 3858 eum
3055 3810 3415 3871 congregatae,

1836 3904 2131 3959 dicebant:
2162 3902 2334 3957 Homo
2357 3901 2459 3953 iste
2494 3898 2813 3969 peregrinus
2844 3906 2946 3958 cst,
2980 3907 3155 3962 neque
3180 3908 3415 3963 unquam

1836 3997 1987 4050 illum
2038 3992 2291 4046 vidimus.
2346 3990 2476 4045 Hice
2536 3989 2808 4052 dicebant,
2851 3995 2907 4041 et
2960 3984 3183 4039 intentis
3219 3984 3413 4050 oculis,

1835 4084 2006 4153 magis
2036 4082 2313 4152 magisque
2344 4082 2522 4150 ipsum
2561 4078 2936 4135 intuebantur.
2984 4075 3210 4143 Volebat
3266 4072 3417 4129 Jam-

1833 4174 2006 4230 blicus
2026 4187 2246 4228 causam
2276 4187 2429 4226 suam
2455 4182 2642 4240 agere,
2664 4168 2808 4238 quod
2828 4167 3024 4221 falsum
3056 4174 3225 4226 esset,
3266 4169 3412 4234 quod

1834 4266 1900 4321 de
1928 4264 2215 4320 thesauaro
2246 4262 2463 4315 invento
2503 4258 2785 4313 dicerent:
2818 4255 2914 4311 sed
2966 4264 3191 4324 stupore
3224 4252 3416 4307 deten-

1837 4370 1943 4420 tus,
1981 4356 2033 4409 id
2064 4355 2241 4408 facere
2266 4368 2377 4407 non
2410 4360 2643 4423 poterat.
2677 4348 2923 4417 Cumque
2970 4360 3168 4405 omnes
3227 4345 3418 4399 turbas

1836 4447 2303 4518 circumspiceret,
2358 4446 2633 4499 neminem
2685 4442 3030 4513 agnoscebat,
3096 4450 3151 4493 et
3207 4437 3411 4491 nemini

144 4540 217 4593 ὅτι
244 4541 491 4609 ἑσπέρας
557 4542 795 4608 γνωστὸς
855 4536 923 4610 ἦν
955 4541 1091 4593 πᾶσι
1144 4538 1238 4592 καὶ
1289 4538 1458 4592 ἔωθεν
1485 4540 1593 4592 οὐδ’
1632 4540 1726 4592 ἕνα

1838 4550 1998 4597 notus
2031 4549 2169 4604 erat,
2217 4539 2342 4592 licet
2364 4537 2515 4599 claro
2536 4544 2592 4591 et
2628 4533 2821 4589 illustri
2851 4544 3047 4602 genere
3074 4529 3214 4599 apud
3236 4526 3415 4598 Ephe-

145 4632 525 4703 ἐπιγινώσκων
580 4632 910 4700 ἐθαύμαζεν,
965 4635 1062 4687 καὶ
1089 4633 1165 4697 ὡς
1194 4630 1505 4702 ἐξεστηκὼς
1556 4648 1725 4702 προσ-

147 4729 285 4796 εῖχεν
317 4728 401 4789 εἰς

145 4821 245 4871 τῶν
270 4816 546 4885 ἀδελφῶν,
566 4815 662 4869 καὶ
686 4815 799 4868 οὐδ’
820 4808 900 4878 εἷς
932 4813 1178 4884 ὑπῆρχεν
1208 4814 1269 4880 ἐξ
1296 4815 1444 4869 αὑτῶ
1458 4834 1509 4868 ν.

1829 4648 1949 4689 sum
1980 4642 2141 4687 natus
2189 4637 2356 4685 esset.
2398 4627 2738 4697 Quapropter
2764 4622 3126 4679 admiratione
3184 4620 3415 4675 maxima

468 4723 563 4777 τὸν
614 4722 773 4792 ὄχλον
812 4724 941 4776 ἰδεῖν
967 4723 1057 4775 τὸν
1088 4725 1307 4795 πατέρα
1328 4723 1492 4777 αὑτοῦ
1524 4723 1558 4792 ἣ
1602 4723 1725 4777 τινὰ

1837 4725 2189 4798 letjnebatur,
2234 4721 2378 4793 quod
2432 4717 2608 4789 pridie
2677 4716 2891 4786 vesperi
2947 4713 3200 4769 omnibus
3251 4722 3417 4766 notus

1823 4817 2038 4879 fuisset,
2101 4826 2158 4871 et
2208 4812 2469 4885 posuidie
2522 4826 2681 4866 mane
2737 4807 3015 4863 neminem
3086 4810 3411 4875 agnosceret

148 4916 369 4967 omnino
410 4921 466 4966 et
494 4912 611 4980 ipse
653 4911 887 4979 ignotus.
920 4910 1089 4965 Dabat
1116 4924 1336 4981 operam
1378 4920 1437 4966 ut
1488 4911 1629 4966 inter
1666 4912 1878 4967 turbam
1920 4912 2065 4967 illam
2098 4921 2303 4983 patrem
2341 4907 2424 4963 vel
2456 4909 2690 4978 aliquem
2718 4922 2788 4963 ex
2819 4902 3077 4958 fratribus
3120 4900 3416 4967 inveniret.

148 5022 319 5076 neque
347 5020 678 5077 quemquam
713 5005 949 5061 videbat.

213 5098 330 5165 ια’.
357 5100 501 5171 ξΓότε
556 5096 803 5168 ἐγνώσθη
839 5102 867 5152 6
896 5100 1052 5168 λόγος
1076 5099 1133 5153 ἓν
1176 5101 1276 5174 ὅλη
1304 5104 1371 5173 τῇ
1424 5102 1578 5154 πόλει
1631 5104 1725 5157 καὶ

148 5193 242 5255 Ito;
272 5194 372 5245 τοῦ
409 5191 794 5246 ὲπισκοπεὶου.
823 5192 1040 5264 Εὑρέθη
1070 5193 1127 5247 δὲ
1154 5198 1251 5248 καὶ
1301 5196 1727 5265 κατοικονομῑαν

152 5286 277 5340 Θεοῦ
329 5286 428 5337 καὶ
478 5287 507 5339 ό
555 5283 872 5349 ἀνθύπατος
932 5287 1036 5357 τῆς
1099 5286 1313 5351 πόλεως
1362 5288 1485 5343 κατ’
1556 5288 1728 5360 αὐτὴν

151 5382 240 5450 τὴν
268 5378 425 5447 ῶραν
455 5377 833 5449 ἀνερχόμενος
865 5377 1002 5449 πρὸς
1032 5381 1123 5434 τὸν
1156 5383 1485 5439 ἐπίσκοπον.
1516 5384 1626 5437 Καὶ
1655 5383 1731 5448 ὡς

152 5469 515 5541 διελογίζοντο
537 5471 670 5540 περὶ
701 5471 798 5524 τοῦ
833 5471 1118 5544 θησαυροῦ
1153 5474 1403 5547 ἐγνώσθη
1432 5479 1463 5546 ἡ
1495 5477 1733 5531 ἀνάστα-

158 5582 229 5631 σις
252 5568 362 5619 τῶν
394 5563 616 5633 νεκρῶν
666 5564 805 5617 πᾶσι
856 5568 974 5630 τοῖς
1033 5565 1207 5631 λαοῖς,
1276 5570 1370 5623 καὶ
1434 5568 1729 5624 ἐκέλευσαν

159 5664 290 5724 μετὰ
328 5662 515 5726 πάσης
550 5657 969 5729 φιλανθρωπίας
1015 5659 1360 5730 φυλαχθῆναι
1425 5664 1515 5715 τὸν
1551 5664 1729 5715 νεανίαι

159 5766 275 5805 οων
306 5756 400 5813 καὶ
452 5748 746 5819 ἐνεχθῆναι
788 5751 925 5821 πρὸς
960 5753 1187 5817 αὐτοὺς,
1222 5753 1413 5825 ἔχοντα
1451 5756 1512 5809 τδ
1560 5757 1730 5826 ἀργύ-

150 5847 322 5927 ιριονδ
376 5846 719 5918 ἐπεφέρετο,
780 5845 975 5909 naida;
1031 5843 1211 5905 εἷλκον
1270 5851 1363 5905 τὸν
1420 5851 1729 5923 Ἰάμϐλιχον

1901 5101 2039 5157 XVI.
2072 5101 2226 5156 Tunc
2253 5115 2317 5157 ea
2338 5116 2423 5156 res
2452 5115 2547 5169 per
2572 5106 2736 5153 totam
2763 5097 2952 5152 urbem
2979 5094 3218 5165 vulgata,
3242 5104 3417 5161 usque

1831 5197 1898 5251 ad
1922 5194 2160 5265 episcopi
2185 5208 2347 5249 aures
2367 5190 2632 5261 pervenit.
2657 5190 2845 5245 Divina
2867 5202 3084 5259 quoque
3114 5183 3419 5241 Providen-

1835 5288 1906 5342 tia
1934 5286 2134 5340 faetum
2166 5296 2270 5352 est,
2304 5293 2361 5339 ut
2385 5282 2505 5354 ejus
2532 5284 2683 5338 urbis
2712 5280 2998 5352 proconsul
3026 5277 3112 5331 illa
3146 5277 3262 5347 ipsa
3283 5274 3415 5330 hora

1835 5381 2132 5439 veniretad
2164 5381 2502 5451 episcopum.
2537 5376 2640 5444 Qui
2666 5376 2795 5431 dum
2818 5374 3025 5429 diceret
3043 5371 3111 5427 de
3133 5370 3414 5433 thesauro,

1838 5490 1999 5546 quem
2021 5475 2089 5529 ab
2123 5474 2461 5529 adolescente
2492 5470 2583 5524 illo
2603 5470 2883 5524 inventum
2910 5463 3200 5535 cogitabat,
3232 5476 3294 5515 ea
3328 5476 3417 5515 res

1838 5572 1985 5635 fecit,
2045 5580 2104 5624 ut
2158 5577 2495 5623 mortuorum
2529 5564 2859 5621 resurrectio
2899 5569 3109 5632 pateret
3138 5559 3413 5614 omnibus.

1837 5664 2127 5719 Jusserunt
2155 5661 2301 5717 enim
2354 5669 2459 5715 tam
2516 5657 2827 5730 proconsul,
2889 5668 3050 5723 quam
3104 5656 3413 5721 episcopus,

1838 5758 2232 5813 adolescentem
2261 5754 2407 5811 illtnn
2459 5751 2688 5821 benigne
2716 5757 3001 5805 tractatum
3034 5744 3315 5805 custodiri,
3362 5751 3415 5796 et

1839 5850 1904 5905 ad
1928 5866 1983 5905 se
2008 5848 2129 5905 duci
2158 5863 2277 5904 cum
2315 5856 2559 5917 argento,
2585 5842 2729 5912 quod
2758 5855 2940 5896 secum
2992 5838 3245 5893 habebat.
3276 5836 3411 5890 Cum
