3972 6438
551 369 659 433 “3

1868 376 2152 437 MENSIS
2191 378 2483 442 IULIUS.

3712 386 3823 449 444

554 484 719 555 igitur
742 482 1039 537 Jamblicus
1093 485 1159 541 ad
1192 483 1479 540 ecclesiam
1529 488 1856 555 traheretur,
1910 490 2133 556 putabat

2240 493 2316 554 είς
2347 495 2448 562 τὴν
2509 496 2809 565 ἐκκλησίαν
2867 496 3125 564 ἐνόμιζεν
3165 496 3249 550 ὅτι
3301 498 3440 566 πρὸς
3480 499 3673 552 Δέκιον
3726 503 3823 552 τὸν

555 575 621 629 ad
651 575 874 629 Decium
933 576 1317 644 imperatorem
1361 593 1419 632 se
1449 579 1608 633 trahi.
1669 580 1853 649 Itaque
1908 582 2015 637 huc
2075 590 2131 636 et

556 665 683 720 illuc
710 665 1203 734 circumspiciebat,
1238 676 1297 721 ut
1324 668 1557 737 aliquem
1615 686 1838 725 suorum
1891 673 2127 740 videret,

554 752 638 805 vel
671 754 1227 823 consanguineorum.
1253 757 1334 809 vel
1364 771 1553 812 eorum
1588 760 1786 828 quibus
1830 772 1991 817 notus
2016 763 2132 818 fue-

552 854 656 898 rat:
688 844 1101 899 Adolescentem
1152 847 1224 901 ita
1271 848 1803 919 circumspicientem
1856 856 2032 921 turba,
2072 865 2133 911 ut

552 934 805 989 insanum
850 938 1106 1005 aliquem,
1159 938 1452 994 irridebat:
1506 942 1687 1012 itaque
1732 946 2022 1000 violentius
2064 947 2131 1002 ad

551 1027 839 1082 ecclesiam
896 1030 1293 1097 impellebatur.
1365 1031 1482 1087 Jam
1544 1050 1676 1090 vero
1738 1039 2028 1105 proconsul
2076 1049 2132 1095 et

554 1118 866 1187 Stephanus
926 1123 1218 1191 episc0pus
1293 1136 1571 1180 monetam
1629 1127 1773 1181 illam
1834 1129 1885 1183 in
1936 1148 2130 1189 manus

551 1219 819 1277 sumptam
850 1211 1222 1277 inspicientes,
1242 1215 1668 1271 admirabantur.
1709 1218 1862 1273 Tunc
1895 1237 2129 1290 procon-

550 1299 635 1353 sul
679 1298 1005 1355 Jamblicum
1068 1304 1443 1371 interrogans:
1501 1308 1755 1369 Ubinam.
1810 1312 2005 1381 inquit,
2045 1325 2130 1370 est

552 1389 863 1449 thesaurus.
888 1407 1048 1459 quem
1073 1394 1325 1449 invenisti
1345 1398 1367 1450 ?
1386 1397 1596 1453 Moneta
1618 1402 1764 1454 enim
1791 1402 1902 1456 haec
1945 1419 1976 1459 e
2009 1406 2129 1461 the.

550 1492 711 1531 sauro
765 1482 1025 1550 subrepta
1106 1494 1208 1538 est.
1265 1486 1505 1551 Minime,
1577 1490 1752 1558 inquit
1807 1492 2122 1562 Jamblicus.

551 1569 866 1624 thesaurum
892 1573 1094 1638 inveni,
1131 1578 1588 1644 quemadmodum
1608 1597 1693 1636 me
1722 1599 1812 1639 vos
1844 1586 2127 1645 insimula-

552 1661 643 1715 tis.
724 1663 859 1716 lllud
916 1680 1083 1717 unum
1155 1677 1305 1721 certo
1360 1671 1493 1733 scio,
1562 1689 1627 1727 ex
1696 1679 1938 1744 paternis
1991 1682 2125 1737 meis

551 1755 800 1822 pecuniis
835 1764 1121 1825 argentum
1152 1759 1256 1815 hoc
1284 1776 1426 1824 esse,
1463 1764 1582 1830 ejus
1617 1778 1846 1820 moneta:
1875 1778 2002 1823 nota
2027 1771 2127 1824 im-

2235 582 2463 649 βασιλέα
2545 586 2776 654 ἄγουσιν
2821 586 3009 640 αὐτόν.
3043 588 3154 640 Καὶ
3178 591 3543 659 περιεσκόπει
3582 582 3686 643 ὧδε
3721 592 3824 644 καὶ

2231 668 2335 728 ὧδε
2402 676 2533 730 ἰδεῖν
2576 680 2698 732 τινὰ
2728 680 2837 733 τῶν
2865 680 3012 732 ίδίων
3043 681 3209 733 αὑτοῦ
3243 682 3341 735 καὶ
3367 683 3687 751 γνωρίμων,
3713 684 3816 736 καὶ

2231 765 2262 818 6
2290 765 2445 835 θχλος
2510 768 2782 835 κατεγέλα
2830 771 2999 823 αὐτοῦ
3059 772 3155 824 καὶ
3206 761 3529 839 προσεῖχον’
3562 772 3715 841 αὐτῷ
3744 771 3824 835 ὡς

2235 860 2426 930 μωρῷ,
2463 860 2559 913 καὶ
2609 861 2753 913 οὕτω
2819 863 2956 931 μετὰ
2994 863 3137 932 βίας,
3198 863 3375 918 ὤθουν
3404 864 3568 916 αὐτον
3603 868 3684 927 εἰς
3713 867 3821 934 τὴν

2234 954 2550 1023 ἐκκλησίαν.
2602 954 2663 1007 ὐ
2693 956 2751 1009 δὲ
2803 956 3113 1020 ἀνθύπατος
3166 959 3264 1011 καὶ
3327 958 3600 1026 Στέφανος
3633 961 3661 1011 6
3697 957 3826 1011 ἐπί-

2233 1058 2457 1106 σκοπος,
2492 1045 2752 1108 λαϐόντες
2818 1051 2951 1117 παρ’
3002 1049 3167 1100 αὐτοῦ
3215 1050 3275 1101 τὸ
3329 1048 3617 1119 ἀργύριον,
3678 1044 3826 1101 εἶδον

2230 1137 2327 1189 καὶ
2359 1135 2700 1204 ἐθαύμαζον.
2720 1138 2854 1189 Τότε
2888 1138 3259 1209 ἀποκριθεὶςό
3286 1140 3625 1201 ἀνθύπατος,
3656 1134 3823 1189 εἶπεν

2231 1227 2367 1296 πρὸς
2387 1226 2477 1280 τὸν
2512 1226 2835 1297 Ἰάμϐλιχον,
2874 1229 2981 1282 Ποῦ
3006 1231 3153 1282 ἐστιν
3180 1231 3207 1282 6
3238 1231 3513 1299 θησαυρδς
3542 1230 3601 1283 θν
3630 1220 3824 1299 εὗρες,

2232 1320 2420 1390 ιπειδὴ
2459 1322 2521 1373 τδ
2570 1321 2835 1391 ἀργύριον
2876 1322 2903 1375 6
2936 1323 3248 1391 βαστάζεις.
3303 1322 3361 1388 ἐξ
3403 1324 3568 1376 αὐτοῦ
3629 1325 3827 1376 ἐστιν’

2241 1405 2548 1475 ’Ῑάμθλιχος
2594 1405 2779 1461 εἶπενο
2818 1410 3102 1480 Θησαυρὸν
3164 1410 3263 1479 μὲν
3318 1411 3579 1463 οὐδέποτε
3634 1408 3828 1482 εὗρον,

2228 1497 2412 1559 καθὼς
2490 1501 2844 1570 κατηγορείτέ
2897 1519 3035 1569 μου,
3098 1502 3216 1555 ἀλλ’
3270 1498 3388 1555 οῖδα
3433 1502 3546 1569 ἐγὼ
3600 1505 3682 1558 ὅτι
3715 1506 3831 1557 τῶν

2230 1589 2516 1660 πατρικῶν
2541 1608 2643 1658 μου
2668 1593 2808 1656 ἐστὶ,
2838 1594 2933 1646 καὶ
2964 1595 3062 1662 τῆς
3100 1595 3446 1663 συναλλαγῆς
3476 1596 3575 1663 τῆς
3601 1598 3829 1660 πόλεως

2229 1680 2467 1750 ὑπάρχει
2514 1681 2576 1734 τὸ
2634 1683 2920 1754 ἀργύριον,
2975 1686 3059 1749 τίς
3099 1686 3153 1741 δέ
3207 1688 3357 1739 ἐστιν
3391 1689 3419 1739 6
3451 1688 3821 1755 πειρασμδςὸ

2233 1772 2592 1841 ωμῦεῦηκὼς
2618 1791 2707 1842 μοι
2730 1775 2845 1840 νῦν,
2879 1776 2979 1829 οὐκ
3001 1773 3139 1831 οἴδα.
3170 1779 3277 1831 Καὶ
3302 1777 3329 1829 6
3354 1777 3666 1838 ἀνθύπατος
3686 1778 3829 1847 ἔφη·

552 1859 820 1912 pressum,
848 1864 965 1916 qua:
985 1850 1110 1902 huic
1165 1852 1282 1904 urbi
1345 1857 1603 1910 consueta
1667 1866 1767 1913 est.
1824 1859 1927 1915 Sed
1984 1874 2132 1919 certe

2240 1840 2409 1919 Πόθεν
2453 1840 2659 1929 51,58:
2733 1868 3036 1937 ’Ῑάμϐλιχος
3086 1870 3450 1939 ἀπεκρίνατο,
3499 1869 3584 1931 Ὡς
3616 1840 3822 1935 νομίζα

551 1938 742 1999 miror,
775 1954 949 2004 neque
984 1943 1220 2009 cogitare
1272 1959 1515 2012 possum,
1570 1949 1841 2005 undenam
1904 1959 2133 2013 tentatio

554 2027 670 2081 haec
722 2030 863 2083 mihi
893 2032 1175 2088 acciderit.
1214 2037 1291 2089 Ad
1341 2037 1455 2091 haec
1515 2054 1757 2107 praeses:
1820 2046 2128 2112 Undenam.

554 2118 757 2186 inquit.
784 2137 842 2175 es
869 2123 967 2175 tu?
1000 2125 1078 2177 illi
1114 2136 1294 2179 autem
1344 2134 1622 2199 respondit
1651 2134 1950 2193 Jamblicus
1979 2160 1992 2196 :
2050 2143 2129 2197 Ex

552 2210 655 2263 hac
694 2212 846 2275 urbe,
886 2224 943 2269 ut
998 2216 1213 2284 opinor,
1276 2233 1376 2288 ego
1412 2238 1553 2277 sum.
1611 2227 1731 2289 Quo
1768 2240 1920 2297 patre
1947 2236 2134 2287 natus?

554 2304 731 2372 inquit
765 2323 988 2376 praeses.
1069 2311 1236 2363 Estne
1296 2315 1517 2381 aliquis,
1563 2319 1656 2385 qui
1716 2332 1769 2373 te
1826 2328 2134 2393 agnoscat?

554 2394 764 2456 Veniat.
795 2410 849 2450 et
890 2402 1258 2460 teStimonium
1298 2406 1442 2460 dicat
1498 2425 1595 2478 pro
1629 2419 1699 2475 te,
1746 2422 1801 2467 et
1847 2416 2132 2473 credemus

552 2486 673 2540 tibi.
709 2486 933 2542 Protulit
963 2492 1260 2551 Jamblicus
1293 2500 1459 2566 patris
1512 2513 1567 2555 et
1621 2502 1847 2559 fratrum
1910 2523 2129 2563 suorum

554 2579 770 2632 nomina
818 2596 1040 2651 :neque
1099 2590 1383 2657 quisquam
1446 2606 1688 2657 noverat.
1740 2613 1876 2665 quos
1908 2598 2129 2654 diceret.

559 2666 697 2720 Tum
726 2684 967 2736 prtescs:
1011 2672 1387 2749 Vera,inquit,
1424 2699 1530 2737 non
1581 2698 1729 2749 sunt,
1801 2703 1920 2756 quze
1976 2690 2131 2745 dicis.

554 2756 679 2815 Hrc
714 2764 945 2819 audiens
970 2765 1289 2838 Jamhlicus,
1331 2777 1603 2843 perplexo
1635 2787 1752 2831 erat
1784 2780 1984 2844 animo,
2018 2798 2118 2838 nec

553 2852 762 2908 habens
806 2859 934 2925 quid
989 2864 1363 2930 responderet,
1412 2868 1623 2924 silebat.
1672 2871 1840 2935 Quem
1888 2889 2010 2929 cum
2064 2877 2133 2929 ita

553 2943 866 3012 perplexum
900 2949 1106 3005 tristem
1129 2952 1368 3009 vidisset:
1392 2955 1668 3021 Fortasse,
1688 2961 1883 3029 inquit.
1911 2964 2134 3019 insanus

555 3044 676 3096 est.
710 3037 797 3094 alii
849 3040 1132 3097 dicebant:
1188 3044 1536 3117 Nequaquam
1582 3051 1804 3107 insanus
1863 3068 1966 3117 est,
2040 3059 2133 3111 sed

2239 1960 2302 2011 ix
2348 1959 2449 2025 τῆς
2498 1960 2708 2023 πόλεως
2759 1959 2987 2029 ταύτης,
3047 1960 3141 2014 καὶ
3190 1964 3216 2014 6
3258 1962 3569 2023 ἀνθύπατος
3614 1958 3781 2015 εἷπεν
3812 1977 3832 1995 ·

2236 2054 2363 2115 Υἱὸς
2381 2053 2521 2115 τίνος
2543 2047 2612 2111 εί,
2641 2054 2671 2123 ἢ
2706 2054 2789 2115 τίς
2825 2070 2882 2105 σε
2912 2030 3170 2120 γίνώσκει
3202 2052 3461 2116 ἐνταῦθα,
3492 2053 3660 2106 ἐλθὼν
3682 2072 3835 2125 μαρ-

2233 2145 2461 2213 τυρήσει
2521 2146 2650 2213 περὶ
2700 2144 2818 2205 σοῦ,
2850 2146 2943 2197 καὶ
2978 2145 3309 2215 πιστεύομεν
3340 2163 3445 2199 σοι.
3476 2144 3611 2199 Τότε
3670 2147 3833 2215 Ἰάμ-

2236 2231 2419 2299 6λιχος
2470 2226 2628 2282 εἶπεν
2704 2232 2804 2298 τὴν
2858 2236 3240 2302 προσηγορίαν
3298 2234 3397 2287 τοῦ
3470 2235 3679 2302 πατρός
3720 2238 3825 2297 καὶ

2234 2322 2343 2374 τῶν
2404 2321 2657 2391 ἀδελφῶν
2722 2322 2937 2383 αὐτοῦ,
3054 2323 3149 2375 καὶ
3198 2325 3377 2387 οὐδεὶς
3441 2328 3829 2392 ἐπεγίνωσκεν

2234 2412 2449 2473 αὐτούς.
2499 2412 2844 2478 Ἀποκριθεὶς
2868 2412 2922 2465 δὲ
2944 2414 2970 2466 ό
2994 2413 3303 2476 ἀνθύπατος
3322 2410 3499 2467 εἶπεν.
3529 2412 3643 2468 Οὐκ
3670 2417 3820 2486 ἀλη-

2235 2503 2435 2568 θεύεις,
2460 2505 2487 2555 6
2514 2504 2569 2557 δὲ
2611 2505 2919 2574 Ἰάμϐλιχος
2947 2505 3325 2574 ἀπορούμενος
3365 2507 3602 2574 ἔστηκεν
3663 2508 3819 2574 ἠσυ-

2236 2597 2437 2666 χάζων.
2469 2595 2577 2648 Καί
2623 2613 2765 2659 τινες
2804 2597 3005 2659 ἰδόντες
3055 2598 3217 2649 αὑτὸν
3248 2599 3305 2649 ὲν
3342 2598 3570 2668 τοιαύτῃ
3605 2596 3828 2670 ἀθυμία

2236 2685 2387 2739 εἷπον
2424 2702 2436 2716 ·
2470 2686 2620 2756 Τάχα
2677 2685 2859 2754 μωρὸς
2897 2688 3043 2737 ἐστιν
3069 2701 3085 2715 σ
3122 2687 3270 2739 ἄλλοι
3322 2686 3379 2738 δὲ
3412 2688 3620 2753 ἔλεγον,
3675 2688 3826 2757 Οὐχὶ

2236 2778 2371 2831 ἀλλὰ
2420 2781 2821 2848 προσποιεῖται,
2879 2780 3026 2841 ὅπως
3075 2777 3244 2848 ρυσθῇ
3301 2780 3364 2831 ὲκ
3411 2779 3509 2847 τῆς
3560 2778 3824 2849 ἀνάγκης

2235 2871 2456 2941 ταύτης,
2510 2872 2623 2924 ὁδὶ
2669 2872 2982 2935 ἀνθύπατος
3025 2872 3318 2941 αὐστηρῶς
3378 2871 3527 2942 αὐτῷ
3583 2872 3824 2925 ἐπαπει-

2235 2961 2541 3031 λησάμενος
2570 2956 2724 3013 εἶπεν
2746 2978 2759 2991 ο
2793 2962 2914 3023 Πῶς
2949 2961 3315 3029 ἀνασχὼμεθα
3353 2964 3447 3014 καὶ
3504 2962 3825 3015 πιστεύσω·

2240 3052 2339 3122 μέν
2396 3070 2477 3105 σοι
2545 3053 2627 3105 ὅτι
2683 3053 2744 3105 τὸ
2774 3053 3041 3124 ἀργύριον
3077 3054 3235 3106 τοῦτο
3258 3054 3366 3106 τῶν
3413 3053 3682 3120 πατρῴων
3717 3069 3822 3106 σου

559 3125 825 3181 insaniam
850 3134 1087 3197 simulat,
1127 3139 1439 3205 utpericula
1466 3140 1708 3210 eﬂugiat.
1741 3145 2131 3201 Acerbioribus

2240 3147 2416 3199 ἐστίν·
2443 3148 2525 3200 ὅτι
2556 3148 2588 3217 ὴ
2626 3148 2822 3216 μονίτα
2855 3146 2993 3216 αὕτη
3045 3147 3195 3218 δηλοῖ
3221 3150 3282 3200 ὲκ
3314 3148 3412 3216 τῆς
3447 3146 3823 3215 ἐπικειμένης

557 3217 739 3273 verbis
801 3236 1001 3289 prases
1054 3224 1375 3297 increpans:
1409 3230 1523 3295 Qua
1544 3233 1772 3299 ratione,
1826 3236 2022 3305 inquit.
2088 3252 2138 3297 te

558 3308 700 3363 ferre
747 3329 1049 3380 possumus.
1094 3331 1185 3373 aut
1208 3321 1301 3373 tibi
1332 3324 1575 3389 credere,
1626 3338 1908 3397 argentum
1935 3331 2035 3385 hoc
2071 3351 2137 3389 ex

556 3405 798 3471 paternis
837 3408 1084 3475 pecuniis
1131 3412 1196 3465 ad
1259 3421 1311 3468 te
1367 3418 1704 3483 pervenisse.
1749 3435 1871 3473 cum
1924 3437 2137 3478 moneta

559 3494 673 3548 haec
711 3498 1143 3567 exinscriptione
1172 3513 1221 3555 et
1260 3514 1384 3558 nota
1443 3509 1728 3576 signiticet.
1756 3510 1896 3579 quod
1927 3522 2139 3569 trecen-

554 3586 628 3638 tis
665 3596 716 3642 et
740 3592 1013 3658 octoginta
1046 3595 1204 3648 annis
1232 3606 1359 3652 ante
1386 3614 1487 3655 nos
1513 3600 1693 3666 fuerit,
1727 3618 1791 3659 ac
1821 3608 2138 3677 priusquam

562 3677 756 3733 Decius
795 3684 1107 3750 imperaret.
1156 3703 1329 3756 neque
1384 3692 1487 3744 ulla
1521 3709 1587 3746 ex
1638 3706 1790 3763 parte
1832 3700 2022 3755 similis
2074 3703 2146 3755 sit

560 3770 657 3833 illi,
694 3788 814 3838 quae
847 3775 1075 3827 nuncin
1129 3778 1262 3831 urbe
1314 3780 1684 3849 impenditur?
1714 3785 1851 3840 Num
1892 3802 2145 3859 parentes

558 3864 632 3914 ita
676 3872 902 3925 veteres.
935 3877 988 3921 et
1024 3877 1152 3925 ante
1180 3881 1452 3929 trecentos
1480 3892 1655 3933 annos
1694 3881 1904 3951 genitos
1946 3883 2145 3940 habere

552 3965 710 4021 potes
746 3965 823 4021 tu,
853 3960 944 4027 qui
986 3962 1304 4019 adolescens
1341 3970 1445 4021 es?
1480 3972 1558 4023 An
1602 3982 1759 4040 putas
1792 3984 1843 4030 te
1872 3976 1952 4031 sic
1986 3986 2139 4032 astu-

552 4046 671 4097 tum
721 4060 859 4109 esse.
890 4060 950 4104 ut
1003 4067 1162 4107 senes
1217 4064 1271 4109 et
1326 4056 1612 4127 Ephesium
1662 4065 1810 4119 urbis
1868 4067 2138 4138 sapientes

557 4136 835 4207 decipias?
870 4143 964 4198 His
997 4144 1066 4200 de
1104 4150 1470 4220 causisjubeo
1505 4161 1557 4209 te
1582 4154 1637 4208 in
1671 4158 1884 4213 vincula
1912 4163 2134 4234 conjici.

2241 3240 2378 3309 αὐτῇ
2415 3242 2635 3307 γραφῆς
2658 3242 2753 3293 καὶ
2776 3239 3093 3306 σφραγῖδος,
3132 3238 3241 3289 ἀπὸ
3271 3238 3607 3308 τριακοσίων
3662 3237 3825 3288 6660-

2246 3334 2490 3401 μήκοντα
2538 3332 2673 3382 ἐτῶν
2733 3332 3022 3400 ὑπάρχειν.
3071 3330 3164 3381 καὶ
3212 3330 3296 3381 ὅτι
3349 3330 3467 3381 ἐστὶ
3493 3332 3603 3399 πρὸ
3626 3329 3829 3381 Δεκίου

2242 3425 2335 3477 τοῦ
2358 3424 2641 3493 βασιλέως,
2671 3425 2765 3477 καὶ
2796 3424 2896 3477 οὐκ
2944 3423 3178 3494 ἠλλάγη,
3233 3424 3325 3476 καὶ
3359 3423 3458 3476 οὐκ
3476 3422 3627 3475 ἐστιν
3655 3424 3830 3492 ὁμοία

2244 3514 2384 3587 αὕτη
2411 3520 2442 3586 ἡ
2480 3518 2672 3587 μονίτα
2700 3518 2793 3570 καὶ
2811 3518 2909 3585 τῆς
2936 3516 3362 3582 πολιτευομένης
3384 3514 3498 3577 νῦν,
3527 3517 3583 3566 ὲν
3675 3518 3832 3569 ἐστιν

2243 3608 2280 3680 ἧ
2309 3612 2455 3673 δόσις
2489 3612 2585 3663 καὶ
2615 3611 2860 3679 ἡκλῆσις
2883 3609 2973 3661 τοῦ
3006 3608 3221 3681 καιροῦ,
3252 3607 3468 3659 τούτου.
3494 3608 3585 3677 Μὴ
3618 3611 3683 3660 ἐκ
3715 3610 3831 3661 τῶν

2243 3704 2658 3773 παρῳχημένων
2681 3702 2775 3754 καὶ
2804 3701 2915 3753 τῶν
2942 3703 3218 3754 τοσούτων
3245 3700 3453 3769 χρόνων
3478 3700 3833 3770 ὑπάρχουσιν

2240 3798 2288 3849 οἱ
2318 3798 2498 3863 γονεῖς
2546 3811 2639 3846 σου
2678 3796 2777 3860 ⁹ὃτι
2803 3796 2866 3846 σὺ
2906 3793 3024 3857 νέος
3068 3792 3144 3845 ὢν
3174 3792 3341 3866 βούλῃ
3387 3792 3660 3861 πλανῆσαι
3696 3794 3833 3856 τοὺς

2240 3890 2503 3958 γέροντας
2531 3888 2627 3941 καλ⁵
2662 3887 2857 3955 σοφοὺς
2895 3886 3142 3954 Ἐφέσου.
3186 3887 3283 3939 Διὰ
3310 3886 3470 3938 τοῦτο
3503 3884 3832 3954 ἐντέλλομαι

2241 3980 2337 4033 νῦν
2395 3982 2472 4043 είς
2502 3982 2675 4050 δεσμὰ
2705 3982 2797 4033 καὶ
2843 3979 3114 4049 μάστιγας
3143 3981 3236 4032 καὶ
3268 3978 3478 4046 θλίψεις
3512 3979 3835 4048 παραδοθῆ-

2246 4072 2332 4125 ναί
2357 4089 2438 4137 σε,
2471 4074 2575 4137 ἓως
2611 4066 2672 4126 οὗ
2729 4074 3093 4144 ὁμολογήσῃς,
3129 4071 3231 4124 ποῦ
3296 4073 3444 4123 ἐστιν
3475 4071 3503 4121 6
3543 4070 3831 4146 θησαυρρς

2244 4161 2418 4230 οὗτος.

550 4241 613 4287 et
642 4232 863 4301 ﬂagellis
894 4240 1187 4307 verberari,
1223 4247 1398 4302 donec
1435 4251 1765 4318 conﬁtearis,
1810 4232 2031 4312 ubinam
2059 4258 2130 4312 sit
2162 4257 2449 4316 thesaurus
2481 4261 2605 4316 iste.

634 4328 807 4387 XVII.
841 4332 964 4388 Haec
998 4338 1224 4399 audiens
1253 4340 1566 4407 Jamblicus.
1590 4356 1643 4400 et
1676 4350 1895 4415 timens.
1940 4352 2134 4411 faciem

563 4423 615 4475 in
646 4432 841 4479 terram
874 4433 1187 4496 prostravit.
1220 4443 1274 4489 et
1314 4437 1398 4490 his
1429 4437 1609 4493 verbis
1641 4438 1757 4494 illos
1780 4443 1978 4500 aﬂ‘atus
2009 4457 2130 4504 est:

2320 4354 2419 4411 lZ'.
2464 4357 2653 4410 Ταῦτα
2696 4355 2936 4419 ἀκούσας
2999 4354 3314 4425 Ἰάμϐλιχος
3362 4353 3505 4406 πάνυ
3552 4353 3830 4427 ἐφοϐήθη,

2245 4448 2341 4502 καὶ
2365 4447 2559 4500 ἔπεσεν
2592 4450 2683 4501 ἐπὶ
2715 4450 3011 4515 πρόσωπον
3041 4445 3279 4499 ἐνώπιον
3303 4444 3493 4510 αὑτοῦ,
3526 4448 3621 4499 καὶ
3646 4444 3831 4501 εἶπεν*

559 4514 759 4570 Precor
821 4534 938 4581 vos.
1000 4531 1059 4575 ut
1087 4524 1216 4578 mihi
1280 4542 1387 4582 non
1419 4532 1713 4600 gravemini
1749 4534 1953 4600 dicere,
1990 4540 2133 4607 quod

2243 4539 2448 4607 Δέομαι
2497 4539 2671 4609 ὑμῶν,
2703 4514 2883 4607 κύριοί
2917 4554 3039 4605 μου,
3072 4536 3397 4605 ὁμολογήσω
3439 4537 3590 4607 ὑμῖν,
3632 4542 3833 4605 Δέκιος

554 4610 858 4673 ρυαξεὶειοι
890 4614 1067 4665 omnia
1101 4616 1245 4669 enim
1274 4618 1442 4673 libere
1468 4624 1937 4683 vobis~confessus
1963 4630 2133 4687 fuero.

558 4698 755 4754 Decius
790 4702 1109 4770 imperator.
1147 4708 1236 4776 qui
1299 4721 1415 4764 erat
1463 4713 1517 4767 in
1568 4716 1669 4769 hac
1720 4720 1870 4784 urbe,
1909 4722 2133 4791 Vivitne,

558 4802 627 4840 an
655 4792 798 4843 nOn?
833 4792 909 4846 Ad
953 4794 1067 4849 haec
1100 4794 1412 4867 Stephanus
1464 4805 1786 4874 episcopus:
1850 4809 1966 4864 Non
2030 4824 2135 4877 est,

560 4881 753 4949 inquit,
787 4884 881 4948 ﬁli,
924 4890 1013 4953 qui
1038 4889 1198 4944 hodie
1230 4894 1283 4946 in
1315 4895 1417 4950 hac
1459 4901 1681 4967 regione
1734 4901 1929 4957 Decius
1962 4905 2139 4974 impe-

554 4980 709 5026 rator
741 4979 1072 5032 nominetur.
1102 4981 1255 5037 Tunc
1301 4983 1627 5045 Jamblicus:
1686 4994 1894 5059 Venite,
1933 5011 2136 5065 quaaso,

558 5080 796 5131 mecum,
826 5077 880 5121 ct
935 5074 1220 5129 ostendam
1285 5080 1439 5135 vobis
1493 5082 1547 5135 in
1616 5085 1871 5153 spelunca
1942 5093 2139 5145 montis

559 5154 766 5211 chlon
799 5162 977 5216 socios
1009 5179 1177 5228 meos.
1210 5181 1268 5224 ut
1292 5172 1359 5224 ab
1389 5173 1492 5227 illis
1530 5175 1752 5231 discatis
1778 5196 1965 5235 verum
1996 5197 2135 5248 esse,

561 5252 706 5317 quod
731 5254 872 5309 dico.
901 5256 1062 5313 Certe
1090 5262 1202 5315 scio
1232 5265 1298 5316 ab
1328 5267 1657 5336 imperatore
1692 5270 1852 5328 Decio
1883 5291 1983 5330 nos
2010 5277 2139 5343 illuc

561 5335 792 5408 fugisse:
819 5356 976 5409 quem
1010 5347 1231 5402 Decium
1269 5360 1322 5403 et
1352 5335 1448 5423 ego
1473 5357 1591 5410 lteri
1616 5361 1825 5428 vesperi
1864 5364 1917 5415 in
1953 5364 2136 5418 urbem

561 5429 838 5501 Ephesum
871 5434 1262 5505 ingredientem
1290 5443 1420 5498 vidi.
1457 5446 1536 5504 Sit
1564 5461 1745 5508 autem
1793 5470 1967 5510 necne
2008 5458 2138 5516 urbs

562 5522 664 5579 ista
696 5527 965 5597 Ephesus,
996 5522 1202 5591 nescio.
1230 5537 1382 5597 Tunc
1399 5543 1686 5613 episcopus
1727 5548 2037 5618 Stephanus
2084 5551 2135 5605 in

565 5629 684 5670 eam
715 5621 1099 5691 cogitationem
1129 5628 1370 5696 veniens,
1400 5633 1544 5703 quod
1580 5634 1721 5689 Deus
1758 5655 1854 5706 per
1879 5640 2135 5709 juvenem

566 5712 715 5766 illum
744 5715 939 5779 aliquid
968 5721 1045 5772 eis
1105 5723 1351 5777 revelare
1419 5727 1618 5781 vellet:
1663 5727 1881 5796 Eamus,
1942 5734 2133 5802 inquit,

568 5817 623 5859 et
654 5806 950 5862 videamus.
986 5812 1285 5883 Statimque
1306 5817 1595 5890 episcopus
1615 5832 1665 5877 et
1697 5825 1979 5891 proconsul
2012 5842 2133 5883 cum

2246 4633 2274 4684 6
2306 4630 2560 4700 βασιλεὺς
2583 4634 2611 4682 6
2640 4630 2715 4682 ὢν
2743 4631 2800 4681 ὲν
2831 4631 2896 4699 τῇ
2932 4627 3082 4682 πόλει
3116 4630 3312 4703 ταύτῃ,
3348 4631 3562 4684 ἵσταται
3602 4632 3705 4693 ἕως
3730 4638 3832 4685 τοῦ

2245 4720 2363 4786 νῦν,
2390 4722 2421 4792 ἢ
2454 4721 2537 4786 ob;
2574 4720 2842 4784 ’Δκούσας
2861 4721 2916 4774 δὲ
2942 4720 3117 4776 ταῦτα
3148 4724 3422 4791 Στέφανος
3455 4725 3482 4774 6
3519 4722 3832 4789 ἁγιώτατος

2246 4812 2566 4875 ἐπίσκοπος,
2598 4808 2750 4866 εἶπεν
2776 4813 2948 4880 αὐτῷ’
2984 4813 3208 4875 Τέκνον.
3244 4814 3344 4865 ῦῦκ
3380 4812 3532 4865 ἔστιν
3559 4816 3615 4866 έν
3651 4817 3719 4883 τῇ
3750 4820 3827 4885 γῇ

2248 4906 2487 4976 σήμερον
2511 4906 2800 4975 λεγόμενος
2823 4904 3077 4975 βασιλεὺς
3110 4907 3457 4968 Δέκιος-τότε
3492 4908 3831 4972 ἀποκριθεὶς

2259 4999 2569 5069 Ἰἀμελιχος
2591 4997 2766 5061 εἶπεν,
2791 4998 2889 5052 Διὰ
2916 4999 3077 5052 τοῦτο
3100 4999 3289 5069 δέομαι
3316 5000 3492 5070 ὑμῶν,
3521 5000 3671 5053 δεῦτε
3703 5003 3829 5070 μετ’

2246 5092 2402 5160 ἐμοῦ,
2443 5094 2537 5144 καὶ
2588 5089 2823 5144 δεικνύω
2872 5092 3002 5161 ὑμῖν
3044 5092 3171 5156 τοὺς
3212 5093 3468 5163 ἑταίρους
3516 5111 3618 5162 μου
3650 5095 3708 5147 ὲν
3741 5096 3828 5164 τῷ

2247 5186 2502 5257 σπηλαίῳ
2537 5185 2614 5253 τῷ
2637 5187 2750 5239 θντι
2786 5188 2843 5240 ὲν
2869 5186 2946 5253 τῷ
2972 5185 3091 5257 θέρει
3126 5187 3332 5258 μοχλῷ,
3374 5188 3472 5240 καὶ
3510 5189 3826 5256 μανθάνετε

2246 5281 2374 5347 παρ’
2394 5279 2575 5333 αὐτῶν
2593 5278 2668 5342 ὡς
2688 5280 2845 5347 κάγὼ
2879 5273 3016 5345 οἶδα,
3049 5281 3131 5333 ὅτι
3162 5279 3272 5332 ἀπὸ
3295 5281 3592 5351 προσώπου
3622 5284 3825 5335 Δεκίου

2243 5370 2336 5422 τοῦ
2373 5358 2639 5438 βασιλέως
2668 5370 3027 5441 πεφεύγαμεν
3071 5372 3255 5424 ἐκεῖσε
3281 5414 3297 5439 ,
3352 5374 3509 5437 κάγὼ
3547 5369 3687 5427 εἶδον
3719 5373 3826 5441 ὀψὲ

2244 5460 2323 5520 είς
2371 5458 2471 5527 τὴν
2521 5460 2679 5513 πόλιν
2737 5459 2975 5527 Ἔφεσον
3024 5462 3119 5513 τὸν
3166 5463 3381 5518 Δέκιον.
3438 5464 3501 5517 Εί
3537 5460 3632 5519 οὖν
3673 5462 3821 5533 αὕτη

2245 5556 2392 5606 ἐστὶν
2421 5556 2453 5625 ἡ
2495 5554 2652 5615 πόλις
2692 5552 2947 5621 Ἔφεσος,
2978 5553 3078 5606 οὐκ
3103 5551 3247 5609 οἶδα.
3276 5556 3413 5608 Τότε
3449 5558 3476 5610 ὁ
3510 5554 3824 5623 ἁγιώτατος

2247 5647 2522 5715 Στέιιςανος
2549 5648 2575 5698 6
2600 5646 2903 5708 ἐπίσκοπος
2933 5647 3247 5717 ἐνεθυμήθη
3276 5649 3333 5701 ὲν
3356 5651 3421 5720 τῇ
3455 5646 3684 5717 διανοίᾳ,
3723 5650 3820 5702 καὶ

2246 5734 2432 5791 εἶπεν·
2476 5738 2845 5807 Ἀποκάλυψίν
2874 5756 2995 5792 τινα
3016 5742 3193 5803 ἀΘεδς
3233 5740 3487 5811 βούλεται
3530 5740 3663 5805 ἡμῖν
3710 5758 3823 5810 φα·-

2245 5832 2476 5892 Vestina:
2515 5835 2755 5901 σήμερον
2788 5832 2877 5889 διὰ
2903 5832 2997 5887 τοῦ
3038 5834 3322 5888 νεανὲσκον
3351 5831 3575 5885 τούτου·
3621 5835 3708 5887 καὶ
3752 5835 3819 5909 δὴ
