3972 6466
148 394 235 459 HQ
1252 394 1429 454 VITA
1470 392 1533 457 S.
1572 395 2243 462 PANTELEEMONIS.

3262 397 3369 461 450

135 505 315 579 (ἱροίτα
340 504 447 576 γὰρ
481 505 560 568 εἰς
587 503 653 558 τὰ
687 502 934 574 βασίλεια
958 503 1035 577 τῷ
1058 504 1366 577 διδασκάλῳ
1384 506 1669 578 ἑπόμενος)

1781 524 2015 580 sequens
2058 510 2405 583 magistrum)
2460 524 2567 565 non
2608 508 2827 565 silentio
2862 508 3186 581 praeterierit
3222 528 3234 565 :
3271 512 3369 566 sed

129 602 177 654 οὐ
200 601 311 669 σιγῇ
342 599 659 669 παρελθεῖν,
683 598 820 653 ἀλλά
839 599 907 651 δι’
938 599 1165 671 ἐρεύνης
1180 601 1248 654 τὰ
1266 601 1473 656 ἐκείνου
1502 604 1672 655 ποιεῖ-

133 694 231 746 σθαι
283 691 800 763 προσκαλεσάμενοι)
855 692 950 746 καὶ
1007 693 1142 747 ὅπου
1178 692 1265 760 εἴη
1296 694 1387 747 καὶ
1423 692 1545 747 ὅθεν
1580 696 1675 747 καὶ

130 786 268 839 τᾶλλα
296 785 638 854 διερωτῶντα
682 785 743 841 οὐ
788 784 892 856 μὴν
940 783 1075 837 ἀλλά
1120 784 1215 837 καὶ
1249 784 1328 854 τῷ
1361 784 1673 856 διδασκάλῳ

129 875 401 945 ίπισκῆψαι
454 876 593 947 πρὸς
624 876 787 947 τάχος
820 876 980 930 αὐτὸν
1026 876 1125 944 τὴν
1182 869 1437 947 ίάτρικὴν
1490 878 1672 930 πᾶσαν

128 968 492 1037 ἑκμελετῆσαι·
518 967 660 1044 ἥσθη
698 967 805 1039 γὰρ
830 967 922 1020 ἐπὶ
952 965 1029 1033 τῷ
1063 966 1229 1021 αὑτοῦ
1263 967 1382 1037 ἤθει
1413 968 1581 1038 ἀρετῇ
1614 984 1670 1020 τε

127 1064 177 1131 τῇ
200 1062 325 1133 ἄλλῃ
357 1064 449 1114 καὶ
485 1060 705 1131 ἔκρινεν
727 1059 870 1129 ἔχειν
904 1061 1111 1111 ἐκεῖνον
1144 1060 1223 1122 είς
1253 1059 1319 1112 τὰ
1358 1058 1622 1132 βασίλεια,

182 1154 245 1207 l".
268 1155 397 1206 Κατ’
432 1156 607 1210 ἐκεῖνο
635 1153 693 1211 δὲ
722 1151 916 1222 καιροῦ
956 1151 1269 1222 πρεσϐύτης
1309 1168 1392 1215 τις
1425 1150 1668 1221 τοῦνομα

134 1246 405 1316 Ἑρμόλαος
433 1248 489 1298 ἑν
522 1244 780 1313 δωματίῳ
806 1245 912 1297 τινὶ
938 1244 1038 1298 σὺν
1056 1246 1150 1299 καὶ
1178 1242 1359 1307 ἄλλοις
1386 1242 1501 1313 ἅμα
1530 1244 1668 1312 Χρι-

127 1340 328 1400 οτιανοῐς
359 1336 740 1406 κρυπτόμενος
765 1330 831 1410 ἦν
858 1335 1041 1406 (τοῦτο
1057 1336 1166 1407 γὰρ
1182 1333 1316 1390 ότοῦ
1336 1335 1668 1405 κρατοῦντος

124 1428 260 1495 φόϐος
287 1427 611 1494 ἐποίει).Ὂς
637 1427 871 1487 ἀπιόντα
895 1428 984 1479 τὸν
1013 1424 1381 1480 Παντολέοντα
1419 1426 1499 1489 είς
1531 1425 1671 1479 διδα-

124 1521 291 1571 σκάλου
322 1516 595 1589 θεώμενος
632 1526 725 1571 καὶ
764 1519 842 1589 τῷ
873 1516 1107 1588 θύραθεν
1139 1518 1395 1589 ὀστράκῳ
1412 1517 1503 1573 τὸν
1534 1517 1669 1572 εἴσω

122 1609 567 1681 ἐγκαλυπτόμενον
638 1610 986 1682 μαργαρίτην
1050 1610 1353 1678 κατανοῶν,
1415 1611 1563 1672 ὅπως
1609 1626 1669 1664 τι

124 1698 212 1776 εἶχε
258 1706 578 1774 κινήματος,
625 1704 775 1767 ὅπως
811 1702 1123 1775 βλέμματος
1144 1705 1245 1757 ,καὶ⁵
1279 1703 1354 1767 ὡς
1391 1704 1441 1756 οι
1468 1702 1672 1771 ὀφθαλ-

124 1791 199 1861 μοὶ
226 1792 365 1861 αὐτῷ
395 1793 607 1863 ἥμερον
633 1793 821 1863 ἑώρων
854 1794 949 1848 καὶ
994 1794 1230 1865 γαληνόν
1254 1810 1269 1826 ο
1300 1792 1476 1848 ταῦτα
1521 1795 1669 1847 ἰκετ-

1778 616 1903 657 eum
1935 616 2245 667 accersens,
2278 603 2345 658 de
2384 602 2502 673 ipso
2533 601 2860 673 inquisicrit.
2891 601 3178 672 cujusnam
3219 612 3370 657 esset

1781 692 1945 757 filius,
1972 701 2028 749 et
2057 695 2226 760 unde,
2261 704 2316 750 et
2347 695 2451 749 alia
2512 694 2781 767 rogaverit
2816 712 2829 747 :
2858 696 2988 765 quin
3016 694 3181 749 etiam
3225 709 3369 765 praev-

1778 786 1983 854 ceptori
2040 786 2386 846 mandaverit
2426 795 2486 843 ut
2528 804 2676 851 eum.
2728 802 2889 858 quam
2938 787 3204 845 citissime
3248 786 3365 842 ﬁeri

1778 886 1984 948 posset,
2046 881 2101 935 iu
2151 881 2301 936 omni
2361 891 2641 938 exerceret
2702 881 3157 950 medicina:ejus
3215 880 3360 935 enim

1777 972 2027 1030 moribus
2052 981 2107 1026 et
2161 972 2293 1029 ﬂore
2342 973 2563 1031 virtutis
2614 973 3013 1039 delectabatur,
3067 982 3123 1028 et
3170 976 3365 1030 statuit

1776 1061 1926 1118 illum
1959 1066 2159 1122 habere
2190 1070 2245 1121 in
2276 1069 2442 1139 regia.

1846 1154 1937 1211 Ill.
1974 1157 2067 1214 Illo
2114 1171 2296 1215 autem
2330 1170 2574 1232 tempore
2629 1162 2849 1232 quidam
2884 1178 3050 1217 senex
3108 1162 3366 1233 religione

1777 1246 2151 1318 Christianus,
2189 1254 2413 1309 nomine
2438 1254 2779 1320 Hermolaus,
2814 1263 2934 1310 erat
2983 1256 3282 1311 absconsus
3313 1256 3365 1310 in

1772 1341 2007 1412 quadam
2040 1343 2371 1402 domuncula
2403 1362 2528 1403 cum
2567 1348 2690 1403 aliis
2746 1347 3074 1404 Christianis
3109 1349 3184 1417 (id
3216 1350 3364 1403 enim

1785 1434 2017 1492 faciebat
2075 1448 2255 1498 metus
2330 1441 2722 1513 imperatoris).
2793 1441 2897 1509 Qui
2970 1457 3095 1497 cum
3153 1442 3364 1497 videret

1777 1527 2165 1587 Pantoleonem
2178 1543 2397 1589 euntem
2414 1535 2479 1590 ad
2494 1542 2970 1605 prmeeptorem,et
2982 1543 3207 1589 externa
3226 1544 3365 1590 testa

1776 1622 2233 1681 animadverteret
2250 1626 2415 1682 celari
2437 1627 2811 1698 margaritam,
2831 1625 3191 1682 considerans
3215 1627 3366 1695 quis-

1775 1729 1901 1769 nam
1935 1726 2082 1771 esset
2107 1718 2229 1787 ejus
2260 1718 2527 1784 incessus,
2558 1718 2679 1789 quis
2706 1728 2907 1777 motus.
2937 1717 3061 1787 quis
3082 1728 3365 1788 aspectus.

1776 1819 1979 1878 quanta
1998 1817 2143 1864 esset
2158 1810 2278 1879 ejus
2300 1810 2581 1867 oculorum
2599 1811 2866 1867 serenitas
2882 1818 2936 1865 et
2959 1811 3323 1880 tranquillitas
3347 1828 3365 1878 ;

124 1899 193 1945 νος
237 1884 376 1953 ὀρῶν
422 1884 519 1936 καὶ
581 1883 772 1955 ῶσπερ
821 1884 946 1936 τινὰ
996 1886 1195 1953 εὐγενῆ
1255 1885 1444 1949 ῐππον,
1473 1878 1586 1942 οἷον
1619 1884 1668 1937 oi

1782 1895 1921 1962 haec,
1953 1878 2200 1967 inquam,
2236 1910 2359 1953 cum
2393 1898 2480 1953 ille
2527 1897 2761 1964 videret,
2819 1910 2896 1960 et,
2943 1878 3368 1969 sicut—genero-

121 1974 223 2044 περὶ
250 1974 417 2026 ταῦτα
457 1974 644 2038 δεινοὶ,
672 1977 764 2027 καὶ
796 1974 876 2026 ἔτι
913 1975 1092 2028 πῶλον
1133 1975 1263 2034 ὄντα
1290 1974 1485 2043 κρίνας
1544 1975 1667 2048 ἄρι-

124 2080 223 2117 στον
255 2065 492 2133 εσεσθαι,
513 2066 673 2135 γνούς
693 2083 754 2120 τε
786 2066 875 2121 διὰ
906 2065 997 2120 τοῦ
1031 2067 1190 2136 ᾁγίου
1228 2066 1669 2138 Πνεύματος,ὀτι

126 2157 286 2222 σκεῦος
310 2159 545 2231 ικλογῆς
568 2158 870 2229 ὀφθήσεται
902 2158 1046 2213 κατὰ
1071 2159 1305 2225 Παῦλον,
1342 2161 1486 2230 μέγα
1517 2162 1671 2215 ἑποι-

123 2250 224 2305 οὖτο
249 2254 337 2306 καὶ
370 2252 571 2307 πολλοῦ
626 2252 784 2307 τοῦτο
843 2253 998 2322 ἠξίου
1028 2252 1089 2305 τδ
1145 2252 1404 2323 τοιαύτην
1460 2254 1669 2313 ἐκεῖνον

124 2346 578 2417 ἀγρεύσαιψυχήν.
612 2348 751 2400 ﬂock
804 2342 934 2417 γοῦν
988 2348 1259 2417 παριόντα
1293 2345 1672 2416 προσκαλεσά-

128 2454 279 2505 μενος,
298 2438 562 2491 είσελθεῖν
595 2438 743 2491 ἔνδον
774 2438 926 2506 ἠξίου
966 2441 1023 2491 έν
1057 2432 1101 2507 ᾧ
1132 2439 1337 2502 ἐκεῖνος
1366 2436 1671 2508 ἐκρύπτετο

125 2529 346 2603 δωματίῳ
372 2533 473 2593 καὶ
500 2531 556 2594 δς
598 2530 772 2602 εἰσῄει
803 2530 898 2584 καὶ
931 2531 1161 2601 πλησίον
1200 2532 1363 2584 αὑτὸν
1412 2546 1671 2600 παρακα-

127 2623 400 2693 θωάμενος,
434 2625 628 2694 ἠρώτα
660 2624 811 2693 γένος
861 2641 920 2676 τε
969 2626 1063 2677 καὶ
1103 2625 1345 2693 πατέρας
1369 2624 1459 2675 καὶ
1486 2624 1671 2680 ὁποῖον

124 2717 387 2781 ἀσπάζοιτο
413 2715 583 2779 σέϐας
615 2717 710 2769 καὶ
749 2715 873 2787 ἑξῆς
901 2715 1127 2769 ἕκαστα.
1148 2715 1259 2769 Καὶ
1295 2717 1323 2768 ὁ
1348 2714 1669 2772 Παντολέων

126 2808 258 2873 εὐθὺς
308 2810 526 2865 ἅπαντα
580 2809 716 2880 πρὸς
754 2809 1013 2880 ἀλήθειαν
1059 2808 1391 2877 καταλέγει,
1416 2808 1511 2860 καὶ
1532 2807 1670 2879 ὡςή

129 2900 205 2969 μὶν
233 2903 405 2973 μήτηρ
439 2900 710 2956 ἀποθάνοι
743 2900 844 2977 nan
874 2901 944 2953 τὰ
993 2899 1339 2972 Χριστιανῶν
1378 2900 1670 2975 σεϐομένη,

127 2993 328 3063 ὀπατὴρ
351 2995 406 3047 δὲ
437 2992 550 3058 ζῶν
574 2992 805 3062 τέθνηκε
834 2992 932 3061 τὴν
962 2992 1237 3062 Ἑλλήνων
1282 2992 1487 3062 μετιὼν
1538 2992 1673 3065 θρη-

129 3087 304 3139 σκείαν.
331 3082 464 3139 Εἶτα
495 3087 524 3139 ὁ
572 3086 887 3155 πρεσϐύτης
946 3086 1205 3157 προσθείς
1228 3103 1243 3117 ο
1268 3086 1441 3148 Αὐτὸς
1467 3085 1549 3150 δὲ,
1574 3086 1674 3139 παῖ

128 3178 397 3254 καλὶ,έφη,
436 3182 591 3243 τίνος
643 3178 847 3250 μέρους
898 3173 1039 3233 εἶναι
1069 3177 1253 3249 βούλει
1304 3176 1398 3231 καὶ
1434 3178 1669 3248 ποτέρου

1773 2002 1894 2043 sum
1930 1991 2219 2059 quemdam
2268 2005 2467 2059 equum
2502 1989 2561 2053 ii,
2595 1988 2686 2059 qui
2726 2000 2914 2043 tenent
2954 1987 3146 2043 barum
3182 2007 3364 2046 rerum

1771 2077 2086 2142 scientiam,
2142 2078 2358 2134 etiamsi
2400 2078 2472 2136 sit
2504 2077 2682 2132 adhuc
2719 2078 2919 2147 pullus,
2969 2077 3217 2147 judicaut
3250 2080 3364 2134 iure

1771 2166 2035 2235 optimum
2075 2176 2217 2222 :aut
2259 2182 2324 2221 ex
2390 2178 2576 2222 tenera
2638 2169 2819 2223 adhuc
2870 2170 3053 2238 planta
3110 2171 3364 2226 arborem

1770 2267 1950 2328 aptam
2005 2257 2073 2311 ad
2104 2257 2342 2313 fructum
2376 2277 2389 2312 :
2426 2250 2774 2329 cognovisset
2819 2277 2915 2330 per
2944 2262 3194 2331 spiritum
3228 2262 3363 2323 fore,

1773 2364 1832 2406 ut
1904 2348 2060 2406 Pauli
2142 2352 2415 2408 sententia
2499 2363 2824 2409 cemeretur
2886 2369 2983 2408 vas
3052 2354 3361 2419 electionis,

1773 2446 1953 2518 magni
2008 2446 2250 2501 ducebat
2304 2453 2364 2500 et
2412 2446 2634 2517 plurimi
2668 2448 2771 2503 hoc
2813 2445 3066 2513 faciebat,
3106 2448 3152 2503 si
3203 2450 3363 2504 talem

1773 2538 1917 2592 illam
1942 2548 2169 2595 venatus
2198 2548 2347 2594 esset
2396 2540 2653 2597 animam.
2684 2542 2819 2596 Cum
2853 2557 2978 2597 eum
3016 2544 3199 2612 itaque
3228 2559 3368 2611 pne-

1774 2637 2077 2683 tereuntem
2113 2630 2408 2698 aliquando
2428 2633 2796 2698 accersiisset,
2833 2636 3066 2705 rogavit,
3095 2645 3153 2689 ut
3183 2637 3366 2707 ingre-

1772 2716 1993 2771 deretur
2028 2718 2082 2772 in
2120 2719 2266 2772 illam
2331 2720 2384 2772 in
2416 2735 2520 2789 qua
2550 2720 2774 2786 latebat,
2812 2722 3225 2781 domunculam.
3271 2724 3367 2780 llle

1771 2819 1950 2865 autem
2011 2811 2289 2882 ingressus
2321 2820 2424 2866 est.
2484 2810 2658 2878 Quem
2719 2828 2845 2869 cum
2912 2830 3084 2886 prope
3145 2819 3367 2873 iecisset

1772 2905 1983 2970 sedere,
2014 2904 2226 2977 rogavit
2264 2904 2333 2958 de
2365 2920 2586 2976 genere,
2618 2913 2674 2959 et
2708 2905 3052 2977 parentibus,
3083 2917 3139 2963 et
3170 2909 3363 2980 cujus-

1771 3012 1898 3051 nam
1927 3007 2075 3052 esset
2112 2997 2409 3069 religionis,
2429 3007 2483 3052 et
2513 2998 2773 3069 deinceps
2813 3000 3047 3072 singula.
3068 3001 3363 3057 Pantoleon

1772 3103 1903 3145 vero
1938 3088 2121 3145 statim
2147 3088 2329 3143 omnia
2372 3090 2559 3153 refert,
2594 3097 2654 3144 ut
2706 3090 2782 3143 rei
2838 3091 3077 3146 habebat
3110 3093 3312 3148 veritas
3346 3111 3359 3146 :

1772 3192 1823 3240 et
1854 3182 1998 3255 quod
2030 3191 2201 3237 mater
2231 3181 2453 3253 quidem
2478 3182 2591 3253 jam
2626 3192 2775 3237 esset
2814 3190 3051 3252 mortua,
3086 3200 3209 3255 qua:
3246 3196 3365 3240 erat

128 3269 469 3343 οεϐἁσματοςς
496 3272 653 3327 Καὶό
672 3269 987 3325 Παντολέων
1006 3284 1019 3298 ·
1057 3269 1120 3323 Ἢ
1140 3270 1242 3341 μὲν
1266 3269 1473 3339 μήτηρ,
1498 3263 1669 3334 εἶπεν,

1777 3276 2035 3346 religione
2086 3276 2395 3332 Christiana
2425 3294 2438 3343 ;
2476 3284 2630 3348 pater
2662 3288 2843 3333 autem
2882 3279 3069 3332 vivens
3104 3279 3177 3333 sit
3213 3293 3362 3333 mor-

128 3365 191 3419 Ιτι
239 3366 497 3439 περιοῦσα
562 3368 677 3427 τοῖς
701 3368 887 3431 αὐτοῖς
936 3382 1005 3435 με
1060 3362 1354 3426 συνθέσθαι
1410 3362 1667 3434 παρῄνει,

126 3457 235 3531 ὅπερ
260 3461 320 3532 δὴ
354 3461 450 3515 καὶ
476 3459 645 3523 αὐτὸς
669 3458 986 3529 ἠϐουλόμην
1006 3475 1021 3492 ο
1047 3460 1075 3509 ό
1097 3458 1153 3511 δὲ
1206 3457 1394 3528 πατὴρ
1429 3456 1527 3519 ἅτε
1576 3456 1671 3509 καὶ

130 3554 314 3622 μείζονα
342 3555 442 3623 τὴν
478 3555 636 3624 ίσχίδν
669 3553 831 3621 ἔχων,
856 3555 921 3625 τῇ
960 3550 1125 3603 αὑτοῦ
1175 3551 1469 3620 προσέχειν
1500 3552 1673 3623 ἀναγ-

127 3646 255 3709 κὰζει
286 3646 580 3716 omanis},
636 3642 760 3696 ἐπεὶ
805 3644 899 3695 καὶ.
930 3640 1183 3712 βούλεται
1218 3643 1329 3704 τοῖς
1363 3641 1458 3694 τοῦ
1493 3640 1669 3694 παλα-

128 3738 222 3789 risu
269 3740 412 3810 ἡμᾶς
476 3734 843 3805 inﬂatu“;
865 3735 922 3790 δὲ
954 3736 1020 3808 ῆν
1068 3734 1312 3807 μετέρχῃ
1364 3733 1617 3788 παιδείαν
1641 3734 1671 3787 ὁ

128 3833 407 3907 πρεσϐύτης
442 3835 648 3907 φησίνς
693 3830 1049 3895 ’Δσκληπιού,
1080 3830 1210 3902 ἕρη,
1235 3834 1330 3883 καὶ
1374 3828 1672 3897 Ἱπποκρά-

126 3942 224 3989 τους
257 3928 417 3998 τέχνη
469 3927 566 3980 καὶ
621 3923 887 3992 Γαληνοῦ.
910 3922 1082 3976 τοῦτο
1115 3926 1223 3995 γὰρ
1276 3922 1368 3976 καὶ
1397 3921 1476 3992 τῷ
1502 3920 1671 3994 πατρί

128 4031 209 4083 μου
227 4017 405 4074 δοκοῦν
432 4035 447 4053 ν
482 4015 623 4071 ἀλλὰ
646 4018 741 4069 καὶ
766 4014 970 4077 αὺτδςό
994 4014 1315 4077 διδάσκαλός
1344 4031 1410 4085 με
1428 4014 1671 4087 βεϐαιῶν

126 4109 467 4178 πάρεστιν,ὡς
497 4108 548 4161 εί
589 4106 800 4178 ταύτην
850 4106 1080 4176 μάθοιμι
1133 4105 1404 4177 ἀκριϐῶς,
1444 4106 1670 4170 δυνατὸς

127 4197 239 4255 εἶναι
279 4203 455 4257 πᾶσαν
500 4198 853 4273 ἀνθρωπίνην
900 4198 1083 4253 ἰᾶσθαι
1129 4200 1285 4253 νόσον
1334 4198 1429 4253 καὶ
1463 4197 1669 4263 παντὸς

125 4294 293 4361 πάθους
356 4294 723 4367 ἰσχυροτέραν
769 4291 1174 4366 προϐάλλεσθαι
1225 4292 1470 4369 ταύτηνθ
1518 4292 1613 4355 καὶ
1641 4294 1669 4346 ό

132 4385 420 4458 Ἑρμόλαος,
464 4388 727 4457 ἀφορμὰς
757 4388 858 4458 ἠδη
906 4387 1001 4441 καὶ
1036 4386 1329 4458 σπέρματα
1375 4385 1526 4455 παρά
1558 4384 1670 4447 τῶν

126 4476 301 4533 ἑκείνου
319 4481 494 4550 λόγων
516 4477 723 4540 λαϐὼν,
738 4478 992 4549 καθάπερ
1014 4479 1242 4555 ἀγγείου
1270 4477 1450 4555 τυχὼν
1475 4476 1666 4542 καλοῦ,

1775 3375 1920 3432 tuus,
1963 3367 2246 3438 gentilium
2302 3382 2538 3438 sequens
2610 3369 3084 3437 superstitionem.
3159 3368 3365 3425 Deinde

1773 3474 1898 3516 cum
1935 3458 2227 3531 adjecisset
2257 3473 2422 3515 senex
2451 3477 2466 3516 :
2499 3456 2581 3513 Tu
2611 3468 2817 3521 autem.
2856 3458 2998 3515 bone
3039 3459 3134 3523 ﬁli,
3176 3461 3367 3529 cujus-

1770 3567 1898 3607 nam
1930 3553 2012 3609 vis
2041 3567 2161 3608 esse
2192 3551 2382 3622 partis,
2417 3560 2472 3607 et
2512 3550 2687 3606 utrius
2715 3550 3026 3622 religionis?
3056 3548 3362 3605 Pantaleon

1769 3643 2146 3704 vero:blater
2206 3644 2449 3714 quidem.
2516 3642 2712 3712 inquit,
2771 3658 2896 3695 cum
2962 3652 3112 3697 esset
3183 3642 3369 3699 adhuc

1770 3744 2069 3807 superstes,
2142 3738 2334 3803 suasit,
2404 3745 2464 3791 ut
2539 3734 2838 3790 assentirer
2907 3735 3025 3805 ejus
3094 3736 3365 3806 religioni,

1769 3829 1915 3900 quod
1950 3828 2171 3898 quidem
2228 3828 2361 3882 mihi
2397 3827 2643 3898 placebat
2677 3845 2691 3892 ;
2720 3838 2876 3895 pater
2904 3837 3110 3889 autem,
3156 3836 3217 3880 ut
3272 3826 3365 3897 qui

1770 3922 1843 3979 sit
1870 3921 2089 3989 fortior,
2137 3921 2282 3994 cogit
2306 3936 2392 3978 me
2431 3919 2679 3992 religioni
2730 3933 2842 3976 sua:
2899 3920 3030 3973 dare
3088 3933 3364 3988 Operam;

1773 4018 1886 4073 vult
1935 4018 2081 4072 enim
2112 4031 2198 4071 me
2254 4014 2460 4070 referre
2514 4014 2571 4068 in
2626 4026 2913 4067 numerum
2975 4010 3363 4081 palatinorum.

1771 4107 2031 4177 Quaenam
2063 4122 2193 4163 vero
2247 4113 2335 4161 est
2373 4119 2459 4170 ea,
2511 4102 2597 4159 cui
2647 4103 2861 4166 studes,
2932 4102 3259 4170 disciplina?
3290 4104 3369 4157 ait

1770 4218 1936 4260 senex
2000 4219 2014 4256 :
2077 4199 2399 4268 Esculapii,
2468 4196 2667 4268 inquit,
2739 4204 2795 4251 et
2864 4194 3237 4265 Hippocratis,
3307 4209 3366 4260 (ιι

1770 4293 1983 4350 Galeui.
2046 4292 2182 4346 Nam
2226 4293 2329 4345 hoc
2390 4302 2610 4360 quaque
2649 4286 2825 4343 visum
2891 4295 2978 4341 est
3023 4286 3163 4355 patri
3220 4302 3363 4341 meo.

1770 4388 1914 4456 Quin
1943 4385 2107 4442 etiam
2141 4385 2257 4455 ipse
2284 4382 2441 4437 nobis
2498 4378 2786 4438 aﬂ'irmavit
2819 4375 3097 4450 magister,
3127 4379 3270 4448 quod
3316 4378 3361 4433 si

1770 4495 1890 4537 eam
1958 4487 2211 4533 accurate
2270 4473 2535 4536 didicero,
2609 4480 2803 4543 potero
2858 4484 3055 4526 curare
3140 4486 3359 4526 omnem

124 4572 171 4620 si
192 4572 320 4625 θεῖον
365 4575 471 4645 τῆς
525 4572 768 4636 πίστεως
798 4571 972 4644 μύρον
1020 4572 1284 4642 ἐμϐαλεῖν
1337 4570 1511 4641 ἠξίου.
1558 4574 1668 4626 Καὶ

1774 4573 2023 4629 morbum
2054 4571 2353 4625 humanum
2384 4575 2437 4622 et
2473 4581 2618 4633 eam,
2674 4576 2734 4621 ut
2765 4564 3067 4629 fortiorem,
3121 4564 3359 4634 objicere

124 4666 341 4737 πείσθητί
374 4685 467 4737 μοι
495 4710 512 4733 ,
546 4667 946 4737 {emaduisse
1004 4663 1325 4731 νεανίσκων,
1369 4666 1463 4720 καὶ
1500 4666 1669 4741 γνῶθι

124 4754 188 4811 ὅτι
212 4760 272 4814 τά
310 4757 648 4831 ⁹Δσκληειτιοῦ
671 4757 846 4813 ταῦτα
874 4759 969 4813 καὶ
1006 4756 1406 4829 Ἱπποκράτους
1440 4758 1535 4812 καὶ
1568 4758 1606 4811 Γ
1609 4776 1670 4813 α-

126 4847 258 4919 ληνοῦ
292 4854 464 4926 μικρὰ
492 4851 591 4908 καὶ
624 4849 770 4923 πρὸς
818 4852 1015 4924 μικρὸν
1057 4853 1173 4915 τοῖς
1204 4852 1513 4923 χρωμένοις
1544 4850 1672 4924 βοη-

127 4939 215 4996 θεῖν
238 4946 452 5003 δύναται
478 4964 494 4979 ·
531 4944 673 5001 ἀλλὰ
705 4947 798 4999 καὶ
830 4944 946 4998 θεοὶ
976 4943 1129 4999 αὑτοὶ
1157 4944 1252 5006 οὓς
1284 4943 1505 4999 σέϐεται
1545 4946 1668 4998 Μα-

129 5033 338 5104 ξιμιανὸς
367 5039 531 5111 μῦθοι
562 5039 712 5094 κενοὶ
746 5041 1092 5110 κουφοτέρων
1134 5038 1313 5091 ἀκοῶν
1353 5037 1670 5107 κλέμματα,

128 5127 324 5197 ὠφελεῖν
354 5134 412 5188 δὲ
442 5131 603 5187 οὐδὲν
635 5133 696 5184 τὸ
730 5112 995 5202 παραπαν
1020 5132 1335 5202 δυνάμενοι,
1380 5130 1496 5181 ἀλλ’
1516 5132 1543 5183 ό
1573 5130 1671 5199 μό-

129 5237 195 5284 νος
217 5223 408 5297 ἀληθὴς
432 5222 571 5288 θεὸς
599 5223 628 5275 ό
660 5222 913 5293 Χριστὸς,
948 5224 1025 5285 εἰς
1053 5222 1113 5287 δν
1151 5223 1453 5285 πιστεύσας
1504 5222 1669 5285 αὐτοῦ

130 5313 263 5381 μόνον
287 5319 347 5387 τῇ
377 5317 669 5387 ἐπικλήσει
700 5315 845 5368 ἆπαν
875 5315 1089 5386 νόσημα
1120 5315 1443 5383 φυγαδεύων
1471 5313 1591 5386 ἔσῃ.
1614 5314 1672 5377 ὃς

130 5406 314 5475 τυφλοῖς
346 5408 447 5476 μὲν
477 5411 619 5479 φῶς,
651 5409 863 5479 νεκροῖς
909 5409 967 5462 δὲ
1002 5407 1322 5471 ἀνάστασιν,
1365 5408 1589 5482 λεπροῖς
1612 5407 1671 5461 δὲ

132 5498 360 5569 κάθαρσιν
390 5502 734 5574 ὶδωρήσατο,
759 5502 852 5555 καὶ
904 5500 964 5563 ὃς
996 5504 1120 5567 τοὺς
1173 5500 1278 5555 ὑπὸ
1319 5499 1671 5575 Μαξιμιανοῦ

136 5594 609 5663 προσκυνουμένους
642 5595 900 5664 δαίμονας
930 5593 1074 5664 λόγῳ
1116 5595 1267 5666 μόνῳ
1310 5594 1405 5647 καὶ
1444 5593 1674 5663 ἐπιτάγ-

138 5689 506 5758 ματιὲξήλαυνι
524 5687 637 5740 τῶν
649 5688 974 5759 ἀνθρώπων,
996 5681 1057 5740 οὗ
1098 5690 1192 5741 καὶ
1216 5688 1311 5740 τοῦ
1334 5689 1671 5760 ,κρασπέδου

136 5781 243 5849 γυνὴ
268 5782 517 5853 ἁψαμένη
542 5777 639 5832 τοῦ
666 5778 885 5849 ἱματίου
918 5780 1137 5851 ὀχετοὺς
1157 5779 1390 5850 αἵματος
1413 5781 1499 5848 ἐφ’
1529 5782 1671 5843 ὅλοις

136 5862 304 5927 (ibim
333 5877 550 5947 χρόνοις
577 5874 801 5946 ῥέοντας
834 5875 993 5939 εὐθὺς
1022 5876 1241 5947 ἔστησε.
1278 5876 1386 5929 Καὶ
1417 5876 1469 5927 τί
1499 5875 1579 5931 δεῖ
1604 5874 1668 5927 τὰ

1774 4668 1948 4725 cuivis
1977 4664 2269 4721 aﬂ‘ectioni.
2326 4662 2646 4717 Hermolaus
2674 4669 2857 4712 autem
2890 4674 2958 4712 ex
3005 4659 3149 4711 illius
3181 4658 3362 4713 verbis

1772 4763 2060 4819 occasione
2108 4769 2329 4828 accepta
2358 4765 2413 4812 ct
2467 4752 2700 4822 semine,
2736 4760 2993 4823 tanquam
3052 4751 3358 4821 pulcherri-

1772 4872 1922 4913 mum
1983 4864 2177 4912 nactus
2226 4835 2649 4921 receptaculum,
2703 4845 2870 4916 erepit
2922 4846 3169 4902 divinum
3235 4843 3358 4901 lidci

1771 4950 2033 5007 ﬂuentum
2092 4949 2145 5001 in
2202 4946 2254 4999 id
2307 4942 2584 4998 eﬂ'uudere
2619 4938 2835 4996 :Crede
2869 4938 3026 5004 mihi,
3087 4939 3299 5001 dieens.
3331 4956 3364 4992 ο

1772 5040 1975 5111 Optime
2029 5038 2370 5100 adolescens,
2402 5047 2529 5090 vera
2581 5032 2807 5094 dicenti,
2865 5028 2989 5083 Haec
3042 5026 3361 5097 Aisculapii,

1772 5130 2117 5204 Hippocratis
2173 5136 2228 5181 et
2252 5125 2437 5181 Galcni
2457 5137 2622 5194 parva
2642 5130 3079 5191 sunt,etparum
3132 5130 3365 5188 possunt

1774 5226 2033 5298 prodesse
2093 5220 2159 5277 iis
2185 5219 2278 5290 qui
2310 5218 2391 5273 eis
2421 5224 2667 5271 utuntur.
2724 5212 2866 5280 Quin
2895 5214 3059 5267 etiam
3107 5211 3181 5264 dii
3240 5210 3362 5280 ipsi,

1773 5332 1907 5389 quos
1933 5316 2064 5372 colit
2093 5311 2473 5374 Maximianus,
2498 5316 2628 5363 sunt
2654 5320 2792 5360 vana
2822 5304 3045 5359 omnino
3068 5302 3270 5361 fabula.
3310 5313 3366 5356 et

1775 5405 2037 5461 leviorum
2058 5399 2319 5456 mentium
2342 5395 2614 5467 deceptio.
2648 5392 2802 5450 Unus
2820 5402 3003 5447 autem
3039 5389 3187 5443 solus
3206 5404 3368 5445 verus

1777 5496 1917 5552 Deus
1945 5504 2027 5552 est
2052 5493 2302 5549 Christus
2336 5509 2349 5545 :
2381 5490 2434 5544 in
2460 5503 2622 5559 quem
2662 5486 2708 5541 si
2748 5481 3068 5544 credideris.
3102 5482 3221 5549 ejus
3253 5481 3367 5536 sola

1776 5590 2119 5646 invocatione
2163 5599 2357 5639 omnes
2400 5583 2621 5638 morbos
2664 5578 2842 5633 solves
2877 5585 2932 5631 et
2984 5574 3196 5646 rogabis
3231 5592 3242 5626 :
3275 5573 3367 5642 qui

1776 5686 1933 5741 caecis
1962 5682 2178 5751 quidem
2208 5680 2407 5741 lucem,
2443 5676 2675 5733 mortuis
2723 5683 2908 5729 autem
2956 5673 3150 5734 vitam,
3185 5670 3371 5736 lepro-

1777 5782 1856 5834 sis
1902 5780 2050 5833 dedit
2103 5775 2524 5847 purgationem:
2559 5773 2651 5841 qui
2699 5782 2796 5823 eos
2829 5768 2919 5839 qui
2957 5783 2986 5818 a
3044 5762 3369 5818 Maximiano

1778 5874 2097 5939 adorantur,
2132 5870 2427 5934 dazmones,
2461 5865 2576 5921 solo
2615 5863 2780 5919 verbo
2838 5870 2893 5916 et
2945 5860 3101 5931 jussu
3156 5854 3368 5927 expulit
