3972 6442
579 370 677 435 451

1910 366 2199 428 MENSIS
2237 368 2534 435 IULIUS.

3751 383 3863 443 452

579 477 648 540 ab
676 478 991 538 hominibus
1026 498 1037 535 :
1072 479 1230 553 cujus
1252 480 1416 537 etiam
1452 478 1762 535 vestimenti
1790 478 2027 547 ﬁmbria,
2052 498 2168 537 cum

2281 484 2496 539 ἑκείνου
2528 484 2741 555 λέγεινς
2770 490 2882 542 ἴσον
2904 492 3010 561 γάρ
3043 493 3192 545 εστιν
3217 494 3447 564 ψάμμον
3476 511 3534 547 τε
3572 500 3799 568 μετρεῖν
3828 500 3864 571 ἢ

578 590 697 629 eam
750 575 927 629 solum
968 574 1235 645 tetigisset
1267 573 1485 637 mulier,
1538 574 1717 629 statim
1765 574 1902 629 stitit
1956 576 2175 631 canales

578 666 880 735 sanguinis,
940 666 1030 734 qui
1075 666 1371 721 duodecim
1425 680 1598 721 annos
1649 665 1892 737 integros
1921 664 2169 720 ﬂuxerat.

577 758 642 813 Et
674 759 802 827 quid
836 774 973 829 opus
1017 768 1123 824 est,
1156 774 1246 814 res
1295 758 1441 814 illius
1476 758 1698 814 dicere?
1730 757 1957 828 perinde
2012 760 2161 812 enim

576 858 679 911 est,
713 864 777 903 ac
830 864 1071 915 arenam,
1112 848 1319 913 stellas,
1375 855 1429 903 et
1494 862 1646 917 aquae
1701 852 1882 919 guttas
1912 848 2171 911 dimetiri,

576 942 694 1011 ejus
725 940 991 994 miracula
1060 954 1383 994 enumerare
1445 946 1503 994 et
1555 938 1842 1008 magnalia.
1904 939 1973 994 Et
2027 955 2175 996 nunc

573 1048 791 1104 quoque
810 1033 965 1086 adest
1000 1032 1112 1087 suis
1142 1031 1358 1102 adjutor
1391 1030 1849 1101 inexpugnabilis,
1883 1032 2174 1090 consolans

575 1127 630 1182 in
655 1126 936 1191 molestiis,
963 1126 1193 1180 dilatans
1214 1126 1269 1179 in
1289 1124 1616 1180 aﬂlictione:
1638 1124 1692 1179 in
1717 1124 1904 1187 rebus,
1929 1124 2174 1194 inquam,

573 1221 836 1284 adversis,
874 1230 930 1275 et
995 1220 1062 1275 iis
1108 1235 1231 1290 quas
1293 1228 1488 1287 prater
1544 1228 1785 1275 nostram
1844 1216 2176 1271 voluntatem

2272 577 2508 647 ἀστέρας
2539 579 2669 647 χόας
2701 596 2760 633 τε
2796 582 3071 654 θαλάττης
3123 589 3219 639 καὶ
3248 587 3319 639 τὰ
3372 587 3541 641 αὐτοῦ
3598 588 3867 659 θαύματα

2271 668 2366 720 καὶ
2404 668 2674 737 μεγαλεῖα
2728 671 3074 741 ὲξαριθμεῖν¹
3103 674 3161 736 ὃς
3183 677 3278 727 καὶ
3333 676 3428 728 νῦν
3463 681 3700 747 πάρεστι
3748 683 3869 742 τοὶς

2271 760 2440 813 αὑτοῦ
2469 761 2697 825 δούλοις,
2736 765 3023 835 σύμμαχός
3056 783 3114 819 τε
3151 768 3246 821 καὶ
3285 767 3478 838 βοηθὸς
3500 770 3735 839 ἄμαχος,
3769 788 3871 823 πα·

2275 854 2527 923 ρακαλῶν
2557 856 2616 906 ὲν
2642 854 2862 921 λύπαις,
2911 858 3201 913 πλατύνων
3250 861 3310 913 ἑν
3359 861 3562 930 θλίψει,
3608 867 3666 915 ὲν
3702 880 3867 931 περι-

2275 945 2466 998 στάσει
2495 946 2590 1000 καὶ
2622 947 2733 999 τῶν
2765 949 3083 1020 ἀϐουλήτων
3124 953 3427 1021 ἀπαγωγῇ.
3462 953 3535 1021 μὴ
3565 955 3868 1022 ἀναμένων

2273 1038 2374 1106 τὴν
2408 1037 2617 1108 δέησιν,
2655 1040 2771 1092 ἀλλ’
2798 1042 2967 1111 αὐτὴν
3006 1043 3333 1112 προφοάνωι
3362 1046 3465 1113 τὴν
3498 1044 3595 1114 τῆς
3629 1046 3867 1114 καρδίας

2274 1130 2621 1200 ἑτοιμασίαν,
2644 1131 2706 1183 ού
2767 1133 2873 1201 μὴν
2932 1136 3069 1188 ἀλλά
3111 1140 3204 1188 καὶ
3239 1138 3354 1197 τοῖς
3383 1136 3549 1188 αὐτὸν
3588 1136 3871 1205 φοϐουμέ-

2276 1236 2388 1282 νοις
2420 1222 2647 1291 μείζονα
2676 1223 2708 1294 ἢ
2745 1225 2953 1289 ἐκεῖνος
2982 1226 3199 1297 ἔδρασε,
3223 1228 3482 1297 παρέχων
3503 1227 3869 1297 θαυματουρ-

570 1313 848 1378 accidunt,
872 1328 1060 1384 preces
1086 1312 1311 1365 minime
1341 1317 1683 1380 exspectans,
1716 1308 1809 1364 sed
1844 1309 2168 1379 praeveniens

2280 1315 2419 1379 γεῖν,
2451 1311 2569 1366 εἶτα
2602 1316 2694 1368 καὶ
2737 1316 2883 1386 ζωὴν
2920 1318 3266 1399 δωρούμενος
3293 1320 3539 1375 αἰωνίαν.

572 1405 751 1471 ipsum
802 1420 1017 1475 quoque
1055 1414 1263 1459 motum
1321 1404 1520 1459 cordis.
1577 1402 1683 1468 Qui
1733 1402 1894 1457 etiam
1950 1402 2018 1456 iis
2066 1404 2156 1472 qui
2215 1404 2391 1472 ipsum
2450 1406 2699 1479 diligunt,
2774 1411 2981 1479 majora
3046 1429 3208 1483 quam
3262 1415 3379 1484 ipse
3430 1416 3871 1486 fecit,pra:bens

570 1492 815 1549 facienda
844 1496 1125 1559 miracula,
1153 1496 1321 1565 donat
1342 1493 1540 1549 deinde
1561 1493 1747 1559 vitam,
1778 1508 1897 1563 quae
1945 1492 2153 1546 nullum
2191 1493 2353 1549 habet
2378 1496 2563 1553 ﬁnem.

647 1589 734 1645 IV.
768 1588 895 1643 Haac
949 1589 1115 1644 verba
1167 1604 1291 1643 cum
1350 1587 1675 1651 Pantoleon,
1715 1596 1967 1656 tanquam
2026 1587 2168 1640 bona

572 1690 739 1743 terra,
770 1687 936 1734 corde
985 1681 1289 1747 accepisset
1343 1686 1398 1733 et
1444 1677 1835 1741 abscondisset,
1888 1677 2164 1743 credebat,

570 1783 627 1826 et
656 1787 782 1826 vera
814 1786 935 1825 esse
964 1770 1261 1841 judicabat,
1305 1779 1361 1825 et
1394 1768 1462 1824 ab
1492 1769 1572 1825 eis
1602 1770 1829 1824 omnino
1869 1768 2164 1839 pendebat,

571 1870 627 1918 et
653 1864 892 1918 suaviter
922 1863 975 1917 in
1005 1864 1084 1917 eis
1115 1862 1495 1927 meditabatur,
1527 1870 1582 1917 et
1610 1862 1825 1916 dicebat
1856 1860 2166 1924 Hermolao,

571 1971 632 2011 se
661 1972 723 2011 ea
755 1972 897 2025 sape
931 1955 1203 2010 audivisse
1237 1970 1266 2007 a
1301 1964 1497 2017 matre,
1530 1963 1586 2006 et
1622 1954 1820 2007 vidisse
1851 1967 1972 2007 eam
2009 1967 2171 2006 oran-

573 2062 704 2115 tem,
752 2059 806 2104 et
854 2047 1045 2107 Deum.
1081 2062 1244 2117 quem
1297 2048 1411 2115 ipse
1464 2045 1741 2116 praedicat,
1797 2045 2166 2099 invocantem.

571 2141 799 2196 Volebat
828 2149 1008 2196 autem
1034 2142 1147 2195 hrec
1173 2155 1390 2209 quoque
1412 2154 1514 2195 suo
1542 2139 1803 2210 magistro
1833 2138 2166 2208 signiﬁcare.

570 2233 825 2299 Quotidie
859 2248 987 2301 ergo
1017 2233 1131 2285 ibat
1175 2231 1471 2286 Pantoleon
1512 2231 1579 2285 ad
1624 2245 1835 2297 senem,
1869 2239 1923 2284 et
1950 2245 2009 2285 se
2051 2228 2172 2300 pul-

571 2324 720 2380 chris
769 2324 853 2377 liis
911 2321 1127 2377 ﬂuentis
1181 2322 1487 2377 obiectabat
1542 2330 1598 2376 et
1651 2322 1716 2375 ad
1764 2337 1947 2375 veram
2009 2322 2169 2375 ﬁdem

570 2418 827 2487 paulatim
859 2416 1285 2470 conﬁrmabatur
1317 2432 1329 2467 :
1362 2424 1417 2467 et
1453 2414 1517 2467 ad
1557 2414 1877 2482 magistrum
1931 2414 2171 2483 quotidie

569 2509 864 2568 ventitans.
900 2522 1010 2561 non
1064 2508 1213 2577 prius
1260 2507 1478 2561 domum
1530 2506 1760 2569 redibat,
1817 2520 1979 2575 quam
2044 2522 2171 2561 suas

571 2617 733 2656 aures
783 2600 1115 2656 oblectasset
1166 2599 1349 2654 verbis
1397 2598 1564 2655 senis.
1628 2598 1935 2669 Aliquando
1990 2600 2171 2669 itaque

572 2707 852 2751 revertens
891 2710 921 2748 a
954 2702 1306 2763 prreceptore,
1349 2708 1470 2747 cum
1529 2709 1718 2765 parum
1757 2709 1788 2748 a
1815 2693 1899 2747 via
1949 2703 2172 2763 pr0pter

572 2805 729 2844 usum
762 2788 995 2858 aliquem
1017 2788 1363 2852 declinasset,
1393 2786 1542 2840 videt
1570 2787 1833 2840 infantem
1871 2796 2169 2840 mortuum.

2346 1589 2419 1643 A'.
2450 1592 2635 1647 Ταῦτα
2668 1596 2696 1648 ὁ
2727 1596 3070 1655 Παντολέων,
3114 1598 3303 1668 ὥσπερ
3345 1602 3413 1668 γῆ
3447 1601 3646 1672 ἀγαθὴ,
3671 1606 3740 1657 τὰ

2279 1699 2428 1751 ματα
2458 1688 2538 1745 είς
2584 1688 2807 1757 καρδίαν
2838 1690 3169 1758 παραλαϐὼν
3200 1693 3293 1744 καὶ
3331 1696 3565 1762 κρύψας,
3600 1698 3868 1751 ἐπίστευέ

2273 1789 2331 1825 τε
2363 1777 2455 1827 καὶ
2503 1776 2682 1846 ἀληθῆ
2737 1779 2954 1847 ἔκρινεν
2990 1776 3132 1833 εἶναι
3166 1785 3259 1834 καὶ
3306 1784 3444 1846 ὅλως
3484 1788 3663 1837 αὐτῶν
3702 1790 3873 1857 E6110-

2271 1882 2403 1935 τητο
2438 1871 2529 1919 καὶ
2580 1868 2812 1939 μελέτην
2836 1867 2949 1941 εἶχε
2979 1872 3152 1926 ταῦτα
3194 1874 3455 1941 γλυκεῖαν
3496 1875 3651 1943 ἔλεγέ
3682 1894 3739 1929 τε
3772 1880 3871 1930 καὶ

2273 1958 2425 2025 παρὰ
2454 1960 2552 2028 τῆς
2593 1962 2798 2031 μητρὸς
2832 1964 2971 2016 αὐτὰ
3021 1965 3285 2029 πολλάκις
3332 1968 3569 2021 ἀκοῦσαι
3622 1988 3871 2039 προσευο

2274 2050 2510 2116 χομένην
2538 2064 2596 2099 τε
2630 2051 2802 2119 αὐτὴν
2848 2054 2983 2122 ὀρᾷν
3008 2057 3097 2105 καὶ
3121 2054 3179 2106 ὃν
3212 2059 3274 2107 σὺ
3307 2060 3598 2126 κηρύττεις
3629 2061 3872 2115 ἐπιϐοω-

2275 2138 2445 2209 μένην
2498 2138 2668 2193 Θεόνο
2702 2142 2977 2211 ἠϐούλετο
3003 2147 3057 2198 δὲ
3112 2148 3189 2217 τῷ
3230 2149 3349 2201 διδα
3391 2151 3540 2219 κάλῳ
3599 2154 3867 2224 γνώριμα

2270 2231 2445 2285 ταῦτα
2480 2232 2669 2288 θέσθαι
2692 2251 2707 2267 ⁸
2746 2238 2961 2306 ἡμέρας
2991 2238 3085 2292 οὖν
3117 2241 3353 2311 ἑκάστης
3400 2242 3565 2314 ἀπῄει
3594 2248 3621 2297 ὁ
3656 2246 3869 2298 Παντο-

2270 2324 2409 2377 λέων
2441 2328 2575 2395 πρὸς
2601 2329 2693 2380 τὸν
2748 2332 3064 2401 πρεσϐύτην
3094 2337 3185 2387 καὶ
3247 2339 3356 2388 τῶν
3404 2338 3589 2391 καλῶν
3645 2340 3865 2395 τούτων

2274 2417 2483 2485 ἐτρύφα
2516 2420 2774 2488 ναμάτων
2804 2426 2898 2477 καὶ
2931 2426 3066 2494 πρὸς
3098 2427 3196 2496 τὴν
3238 2429 3444 2499 εὐσεϐῆ
3480 2433 3663 2483 πίστιν
3714 2435 3866 2487 κατὰ

2277 2511 2476 2579 μικρὸν
2503 2514 2821 2583 ἐστηρίζετο
2863 2520 2959 2572 καὶ
3007 2521 3143 2589 πρὸς
3188 2520 3279 2573 τὸν
3331 2522 3651 2576 διδάσκαλον
3681 2525 3741 2577 δδ
3771 2528 3863 2586 διὰ

2273 2604 2451 2673 πάσης
2480 2606 2668 2672 ἐφοίτα
2702 2611 2875 2663 καὶού
2911 2612 3179 2681 πρότερον
3208 2615 3392 2667 οἴκαδε
3417 2616 3668 2686 ἐπανῄει,
3695 2619 3745 2668 εί
3779 2619 3863 2688 μὴ

2270 2694 2369 2757 τὰς
2396 2699 2565 2761 ἀκοὰς
2597 2699 2846 2769 ηὔφρανε
2880 2706 2975 2756 καὶ
3001 2707 3113 2765 τοῖς
3140 2707 3347 2774 ῥήμασι
3382 2707 3476 2760 τοῦ
3506 2709 3821 2779 πρεσϐύτου
3846 2727 3864 2742 ·

2274 2787 2405 2840 ποτε
2436 2792 2616 2843 τοίνυν
2643 2794 2751 2845 ἀπὸ
2779 2794 2874 2847 ττιῦ
2898 2795 3218 2851 διδασκάλου
3247 2800 3595 2868 Εύφροσύνου
3618 2804 3867 2856 ἐπανιὼν

568 2898 730 2953 quem
772 2881 1138 2935 momorderat
1167 2882 1373 2948 vipera,
1407 2889 1464 2933 et
1496 2880 1666 2949 ipsam
1724 2879 1958 2934 belluam
2000 2894 2168 2950 pr0pe

2276 2878 2369 2931 καὶ
2403 2881 2601 2950 μικρὸν
2625 2882 2727 2949 τῆς
2777 2887 2898 2939 διδοῦ
2954 2890 3099 2943 κατά
3127 2907 3179 2943 τι
3205 2892 3409 2955 δεῆσαν
3453 2893 3733 2958 ὶκκλίνας,
3759 2900 3869 2968 ὁρᾷ

568 2990 691 3029 cum
710 2982 965 3035 stantem,
981 2981 1035 3025 et
1063 2971 1228 3026 veluti
1254 2970 1654 3036 ostendentem,
1681 2971 1931 3041 quisnam
1965 2974 2168 3027 eaedem

2276 2972 2485 3027 παιδίον
2520 2975 2611 3028 ὑπ’
2643 2979 2858 3051 ἐχίδνης
2896 2982 3229 3053 δεδηγμένον
3258 2987 3351 3039 καὶ
3380 2988 3647 3057 τεθνηκός
3680 3004 3694 3018 ·
3726 2991 3871 3045 αύτό

570 3062 808 3123 fecisset.
872 3064 1007 3119 Eum
1036 3079 1186 3134 ergo,
1215 3079 1337 3118 cum
1371 3062 1423 3115 id
1470 3063 1713 3131 vidisset,
1748 3064 1944 3119 invasit
1989 3064 2168 3127 timor,

2276 3079 2332 3114 τε
2364 3066 2423 3117 τὸ
2452 3066 2641 3137 θηρίον
2674 3072 2841 3139 ιγγύς
2876 3091 2980 3127 που
3018 3078 3195 3147 παρὸν
3224 3080 3317 3131 καὶ
3345 3079 3536 3152 ὥσπερ
3570 3084 3662 3134 τὸν
3692 3087 3869 3151 φονέα

571 3169 628 3214 et
667 3157 899 3213 secessit
939 3156 1239 3227 paululum.
1285 3155 1488 3209 Deinde
1530 3170 1655 3208 cum
1707 3170 1895 3208 rursus
1942 3156 2168 3223 seipsum

2283 3155 2433 3221 ὅστις
2470 3162 2554 3231 εἴη
2616 3160 2842 3232 εὔδηλον
2875 3165 3157 3219 καθιστάν*
3192 3169 3369 3224 ίδόντα
3414 3169 3507 3225 οὖν
3548 3173 3714 3242 φόϐος
3749 3171 3870 3239 εἷλε

569 3251 898 3319 collegisset,
935 3258 1019 3302 est
1074 3260 1348 3311 reversus,
1408 3254 1463 3300 et
1510 3246 1659 3300 stetit
1706 3246 1857 3314 juxta
1915 3261 2168 3317 puerum.

2279 3251 2368 3303 καὶ
2393 3252 2587 3321 μικρὸν
2622 3254 2933 3327 ὑπεχώρει·
2965 3254 3084 3313 εῐτα
3114 3261 3276 3315 πάλιν
3307 3264 3500 3317 ἑαυτοῦ
3535 3268 3868 3341 γενόμενος,

569 3327 855 3399 Iudicabat
880 3342 1024 3396 enim
1067 3341 1169 3394 hoc
1223 3354 1346 3394 esse
1391 3339 1665 3393 sulllciens
1717 3338 1929 3409 signum
1983 3354 2168 3393 eorum

2277 3342 2507 3413 ἐπανῄει
2565 3347 2658 3400 καὶ
2709 3348 2789 3417 τῷ
2846 3352 3046 3421 παιδίῳ
3094 3354 3429 3422 παρίσταται
3467 3357 3698 3427 ’ἔκρινε
3754 3327 3873 3432 γὰρ

569 3452 694 3507 qu-.e
744 3451 910 3490 senex
951 3435 1188 3496 dixerat,
1234 3432 1278 3485 si
1322 3447 1451 3487 vera
1495 3439 1684 3485 essent
1719 3428 1957 3501 :Surget
2002 3432 2170 3487 enim.

571 3529 775 3600 inquit,
831 3543 967 3598 puer
1020 3526 1141 3595 ejus
1203 3526 1391 3591 Verbo,
1448 3532 1504 3578 et
1566 3523 1617 3577 id
1684 3524 1916 3592 patietur
1971 3520 2169 3574 bellua:

569 3623 713 3692 quod
739 3622 839 3692 ipsi
872 3620 1019 3675 fecit.
1054 3618 1171 3675 Hoc
1202 3620 1250 3672 ei
1289 3618 1343 3671 in
1374 3624 1612 3672 mentem
1642 3612 1814 3674 venit,
1847 3619 1899 3664 et
1920 3611 2173 3680 precibus

570 3714 785 3785 petivit,
816 3722 871 3764 et
901 3710 1060 3762 simul
1118 3709 1265 3760 visus
1318 3715 1402 3759 est
1440 3702 1620 3758 infans
1672 3702 1850 3764 vivus,
1907 3710 1963 3756 et
1993 3702 2171 3758 bellua

572 3812 809 3865 mortua,
837 3809 891 3855 et
923 3814 1044 3871 quae
1077 3800 1219 3867 apud
1251 3813 1371 3855 eam
1408 3806 1547 3860 erat,
1579 3810 1643 3850 ea
1669 3809 1788 3864 qua:
1811 3795 2169 3866 intelligentia

571 3893 1026 3965 apprehenditur,
1113 3890 1293 3943 bellua
1356 3886 1527 3941 multo
1608 3886 1779 3956 magis
1818 3886 2032 3956 perdita
2116 3894 2169 3941 et

571 3997 787 4043 enecta.

640 4106 706 4161 ν.
738 4106 871 4160 Cum
912 4102 979 4161 ad
1011 4100 1405 4174 perfectionem
1438 4113 1567 4169 ergo
1619 4098 1744 4152 ﬁdei
1785 4098 1838 4151 in
1886 4096 2167 4152 Christum

570 4200 647 4261 sic
681 4198 1019 4270 pervenisset
1048 4195 1369 4256 Pantoleon.
1404 4194 1586 4249 statim
1618 4194 1834 4260 aspexit
1860 4191 1914 4245 in
1968 4194 2166 4247 omium

570 4292 812 4352 externis
832 4289 1026 4352 oculis,
1057 4296 1113 4344 et
1164 4287 1292 4351 Deo,
1328 4284 1422 4355 qui
1478 4300 1601 4339 eum
1647 4291 1932 4339 vocaverat
1960 4297 1990 4339 α
2017 4292 2167 4337 tene-

570 4382 685 4438 bris
724 4380 985 4435 interitus
1044 4378 1115 4434 ad
1164 4378 1342 4433 lucem
1394 4376 1658 4440 veritatis,
1710 4375 1990 4433 benedixit
2038 4388 2163 4429 cum

572 4474 742 4529 multa
774 4473 943 4526 animi
1001 4472 1411 4540 tranquillitate.
1463 4468 1665 4522 Deinde
1694 4482 1818 4525 cum
1862 4469 2006 4521 ferre
2050 4481 2160 4519 non

572 4573 758 4635 posset
803 4562 1069 4629 laetitiam,
1118 4563 1183 4616 ad
1215 4576 1402 4617 senem
1449 4558 1664 4615 accedit
1709 4557 2081 4623 Hermolaum,
2121 4572 2176 4618 et

572 4660 799 4727 exponit
846 4658 898 4711 id
926 4657 1071 4728 quod
1124 4656 1415 4718 acciderat,
1466 4664 1522 4709 et
1569 4653 1942 4709 venerandum
1994 4653 2061 4707 ab
2108 4667 2174 4707 eo

569 4752 709 4823 pctit
740 4751 1095 4821 baptismum.
1122 4748 1215 4803 llle
1244 4756 1426 4801 autem
1454 4746 1685 4815 (sciebat
1733 4746 1881 4799 enim
1912 4745 2173 4814 quidnam

569 4843 789 4899 cuinam
821 4842 1069 4912 largitur)
1106 4843 1161 4896 in
1195 4842 1297 4897 hoc
1325 4840 1560 4894 libenter
1625 4837 1877 4901 inseruit,
1919 4845 1974 4893 et
2020 4852 2166 4902 eum,

568 4935 660 5005 qui
699 4941 818 4989 erat
865 4932 988 4986 luce
1025 4931 1244 5001 dignus,
1304 4929 1489 4982 divino
1541 4926 1754 4999 perﬁcit
1818 4927 2166 4997 baptismate-

568 5026 707 5083 Cum
765 5042 894 5081 vero
953 5033 1163 5094 septem
1231 5020 1348 5077 dies
1409 5022 1697 5079 mansisset
1751 5019 1897 5091 apud
1962 5032 2169 5085 senem,

569 5116 877 5189 poculentis
939 5116 1113 5185 ipsius
1194 5114 1377 5170 verbis
1437 5127 1534 5166 cor
1598 5113 1718 5181 ejus
1770 5111 2049 5182 irrigatur,
2117 5125 2173 5172 et

567 5210 835 5283 pingueiit
868 5207 1070 5273 anima,
1111 5218 1409 5281 venterque
1440 5204 1641 5266 divinis
1674 5203 1931 5274 impletur
1991 5200 2168 5257 ﬂumi-

568 5306 754 5361 nibus.
788 5303 987 5375 Sicque
1015 5299 1153 5357 vixit
1210 5300 1312 5354 sub
1334 5300 1478 5355 bono
1524 5297 1743 5369 spiritu,
1796 5297 1985 5351 multis
2037 5310 2171 5351 con-

569 5404 821 5453 servatus
851 5396 1061 5450 utilitas
1086 5400 1145 5448 et
1174 5391 1527 5446 illuminatio.
1555 5388 1691 5443 Cum
1751 5387 1943 5444 fuisset
1990 5396 2168 5442 autem

566 5489 685 5545 dies
715 5496 964 5551 octavus,
994 5487 1141 5542 venit
1164 5484 1233 5539 ad
1285 5491 1516 5553 patrem.
1550 5481 1644 5537 llle
1676 5496 1806 5537 vero
1841 5495 1857 5533 :
1896 5478 1999 5534 Ubi
2023 5494 2167 5541 eras,

569 5582 771 5651 inquit,
834 5579 933 5645 ﬁli,
986 5579 1263 5649 prioribus
1296 5574 1509 5638 diebus,
1541 5580 1596 5627 et
1644 5588 1730 5627 me
1770 5571 2049 5641 conjecisti
2111 5570 2167 5635 in

569 5688 822 5743 magnam
857 5670 1027 5725 animi
1062 5664 1471 5740 mgritudinem?
1515 5664 1789 5733 Numquid
1841 5664 1936 5719 tibi
1970 5662 2168 5716 accidit

568 5764 774 5833 aliquid
811 5774 1009 5835 praeter
1038 5757 1547 5832 exspectationem?
1582 5757 1633 5813 ls
1655 5770 1784 5811 vero
1817 5773 1829 5809 :
1859 5756 1938 5810 Ad
1970 5770 2162 5823 quem-

570 5857 716 5921 dam,
759 5858 953 5927 inquit,
1011 5873 1079 5912 ex
1129 5856 1195 5912 iis
1226 5854 1317 5923 qui
1369 5861 1661 5909 versantur
1712 5850 1769 5904 in
1832 5848 1957 5904 aula
1997 5846 2162 5918 regia,

2277 3432 2546 3505 αὕταρκες
2576 3439 2800 3507 σημεῖον
2827 3441 2986 3495 τοῦτο
3026 3443 3137 3495 τῶν
3179 3444 3271 3497 τοῦ
3304 3448 3615 3514 πρεσϐύτου
3661 3450 3869 3519 λόγων,

2274 3525 2509 3597 ὀφθῆναι
2536 3531 2583 3582 εί
2606 3532 2851 3601 ἀψευδώς
2882 3534 3058 3605 ἔχοιεν
3077 3551 3088 3563 ·
3112 3539 3478 3607 ἀναστήσεται
3509 3542 3620 3612 γὰρ
3644 3544 3705 3596 τὸ
3737 3562 3874 3598 παι-

2272 3618 2405 3686 δίον,
2429 3622 2558 3692 ἔςιη,
2581 3625 2657 3694 τῷ
2688 3626 2853 3680 αὐτοῦ
2881 3632 3089 3699 ῥήματι
3112 3632 3207 3684 καὶ
3237 3632 3296 3685 τὸ
3331 3633 3520 3705 θηρίον
3542 3637 3571 3688 ὃ
3595 3637 3873 3707 δέδρακεν

2273 3715 2470 3779 ἐκεῖνο,
2495 3720 2767 3773 πείσεται.
2786 3720 2955 3771 Τοῦτο
2971 3724 3048 3781 είς
3070 3722 3193 3776 νοῦν
3223 3741 3278 3775 τε
3306 3724 3463 3777 ιλαϐε
3492 3731 3584 3779 καὶ
3600 3730 3670 3779 δι’
3691 3732 3871 3802 εὐχῆς

2274 3806 2444 3877 ᾔτησε
2470 3810 2562 3862 καὶ
2584 3810 2698 3879 ἅμα
2718 3810 2900 3881 ὡρᾶτο
2919 3812 3027 3876 ζῶν
3050 3813 3110 3865 τὸ
3129 3814 3357 3881 παιδίον,
3384 3818 3411 3867 ὁ
3428 3816 3527 3886 θὴρ
3555 3820 3869 3890 τεθηκὼς,

2270 3898 2300 3951 ὁ
2327 3900 2520 3970 νοητός
2550 3917 2609 3952 τε
2642 3901 2775 3971 παρ’
2809 3903 2989 3975 ἐαυτῷ
3020 3904 3123 3976 θὴρ
3150 3907 3243 3959 καὶ
3269 3909 3367 3978 τῆς
3393 3910 3652 3976 ἀσεϐείας
3676 3916 3871 3988 πατὴρ

2272 3991 2432 4063 (πῆρ)
2479 3992 2660 4066 πολλῷ
2710 3994 2873 4049 πλέον
2944 3997 3243 4064 ἀπολωλὼς
3292 4002 3385 4053 καὶ
3432 4003 3868 4080 διεφθαρμένος.

2344 4082 2622 4154 Ε’.Ταύτη
2672 4086 2960 4155 τοιγαροῦν
2986 4089 3014 4140 ὁ
3050 4090 3363 4145 Παντολέων
3398 4094 3477 4155 είς
3507 4095 3607 4165 τὴν
3653 4098 3874 4162 saleni.

2267 4189 2407 4242 τητα
2437 4175 2533 4245 τῆς
2564 4176 2705 4229 κατά
2757 4177 2992 4247 Χριστὸν
3042 4181 3286 4242 πίστεως
3322 4187 3694 4251 καταντήσας,
3719 4184 3873 4240 εἶδεν

2270 4267 2431 4331 εὐθὺς
2466 4270 2544 4330 είς
2575 4275 2665 4322 τὸν
2693 4272 2923 4339 οὐρανὸν
2952 4274 3063 4334 τοῖς
3093 4271 3200 4338 ἔξω
3228 4272 3343 4342 ἆμα
3381 4275 3477 4328 καὶ
3513 4279 3625 4339 τοῖς
3654 4278 3871 4331 ἔσωθεν

2270 4359 2577 4429 ὀφθαλμοῖς
2627 4362 2848 4415 καὶτὸν
2914 4362 3226 4418 καλέσαντα
3278 4364 3412 4423 Θεὸν
3473 4370 3578 4421 ἀπὸ
3610 4368 3706 4435 τοῦ
3760 4373 3870 4440 τῆς

2277 4451 2555 4516 ἀπωλείας
2587 4453 2813 4517 σκότους
2845 4456 2927 4518 είς
2950 4454 3012 4509 τὸ
3054 4457 3258 4525 φέγγος
3296 4457 3395 4525 τῆς
3431 4458 3690 4527 ἀληθείας
3721 4465 3871 4531 μετὰ

2280 4545 2480 4616 πολλῆς
2510 4546 2724 4615 εὐλόγει
2774 4549 2874 4617 τῆς
2910 4550 3203 4617 εὐθυμίας.
3253 4547 3386 4602 Εἶτα
3420 4551 3517 4620 οὐχ
3547 4544 3661 4625 οἷός
3688 4570 3748 4606 τε
3784 4554 3867 4607 ὢν

2278 4628 2465 4711 φ’ἐρειν
2497 4642 2595 4712 τὴν
2629 4642 2848 4711 ἡδονὴν,
2888 4641 2965 4710 τῷ
3003 4642 3285 4714 πρεσϐύτῃ
3334 4630 3870 4717 πρόσεισινΈρμο-

2276 4733 2390 4801 λάῳ
2417 4733 2510 4785 καὶ⁵
2543 4734 2602 4785 τὸ
2625 4733 2848 4801 γεγονὸς
2874 4732 3152 4804 ἐξηγεῖται
3178 4739 3276 4792 καὶ
3301 4738 3363 4790 τὸ
3392 4737 3533 4789 θεῖον
3554 4740 3703 4789 αἰτεῖ
3726 4739 3869 4811 παρ’

2275 4823 2443 4877 αὑτοῦ
2473 4823 2777 4895 βάπτισμα.
2809 4825 2868 4880 '0
2899 4827 2956 4880 δὲ
2989 4828 3126 4897 (ᾔδει
3155 4831 3264 4896 γὰρ
3286 4822 3399 4879 οἷον
3422 4827 3521 4898 οἴῳ
3542 4830 3867 4901 χαρίζεται)

2276 4916 2513 4988 ἄσμενος
2577 4918 2801 4991 ἀσμένῳ
2854 4921 3123 4988 ὑπηρετεῖ
3194 4922 3288 4973 καὶ
3327 4921 3456 4991 θείῳ
3508 4922 3868 4996 βαπτίσματι

2273 5011 2367 5065 τὸν
2402 5013 2502 5066 τοῦ
2540 5015 2717 5081 φωτὸς
2764 5013 2914 5078 ἀξιον
2948 5013 3167 5068 τελειοῖ.
3213 5013 3387 5067 Ἐπτά
3427 5016 3483 5067 δὲ
3535 5018 3757 5085 ἡμέρας
3788 5020 3870 5091 τῷ

2274 5106 2493 5177 γέροντι
2545 5105 2912 5175 παραμείνας,
2958 5110 3070 5170 τοῖς
3121 5106 3373 5175 ποτίμοις
3444 5106 3611 5161 αὐτοῦ
3680 5109 3870 5179 λόγοις

2274 5199 2499 5269 ἄρδεται
2549 5196 2649 5271 τὴν
2709 5198 2960 5270 καρδίαν,
3034 5198 3312 5253 πιαίνεται
3351 5200 3452 5265 τὴν
3499 5201 3702 5271 ψυχὴν,
3761 5206 3868 5272 τὴν

2273 5290 2481 5345 κοιλίαν
2518 5292 2780 5362 ποταμῶν
2836 5289 2996 5344 θείων
3055 5289 3309 5358 ἔμπλεως
3389 5290 3618 5359 γίνεται.
3670 5294 3871 5359 Οὕτως

2277 5384 2385 5436 ὑπὸ
2416 5381 2493 5451 τῷ
2524 5382 2719 5454 ἀγαθῷ
2771 5380 3048 5450 πνεύματι
3100 5380 3197 5449 ἔζη
3232 5379 3447 5444 πολλοῖς
3485 5381 3731 5451 ὠφέλεια
3766 5383 3870 5433 καὶ

2274 5474 2557 5544 φωτισμδς
2590 5472 3051 5543 συντηρούμενοςο
3090 5471 3306 5541 ἡμέρας
3345 5472 3402 5526 δὲ
3436 5474 3739 5543 γενομένης
3781 5473 3872 5541 ὀγ.

2270 5568 2420 5638 δύης,
2465 5565 2881 5635 καταλαμϐάνει
2915 5566 3052 5634 πρὸς
3085 5564 3177 5615 τὸν
3210 5567 3451 5635 πατέρα.
3484 5568 3593 5619 Καὶ
3624 5565 3683 5627 ὃς
3704 5580 3715 5592 ·
3752 5565 3867 5619 Ποῦ

2269 5656 2357 5731 ἧς,
2386 5659 2597 5722 τέκνον,
2623 5658 2721 5721 τὰς
2748 5658 2854 5728 πρὸ
2882 5657 2978 5709 τοῦ
3005 5657 3239 5728 ἡμέρας,
3260 5661 3448 5726 φησὶν,
3469 5658 3562 5709 καί
3590 5673 3654 5722 με
3690 5658 3868 5728 πολλῇ

2272 5774 2335 5810 πε
2351 5750 2596 5824 ριεϐαλες
2626 5750 2811 5821 ὀδύνῃ,
2838 5751 2911 5820 μή
2946 5748 3028 5801 σοί
3052 5768 3110 5803 τε
3141 5752 3250 5804 τῶν
3272 5751 3555 5819 ἀδοκήτων
3588 5749 3865 5822 συμϐαίη,

2287 5847 2346 5900 '0
2378 5845 2471 5897 δὲι
2499 5845 2725 5916 Ἄνδρα,
2768 5844 2897 5915 ἔφη,
2939 5841 3047 5895 τῶν
3080 5843 3209 5911 περὶ
3265 5841 3332 5893 τὰ
3386 5840 3633 5909 βασίλεια
3669 5842 3871 5903 ὄντων,
