3972 6438
536 354 647 425 655

1859 350 2140 416 MENSIS
2179 350 2472 413 IULIUS.

3708 349 3810 411 456

540 484 716 526 mens.
747 468 878 522 Cum
909 472 1086 521 autem
1131 465 1354 521 vidisset
1381 480 1607 531 ctecum,
1638 465 1847 536 ragavit
1899 478 2137 535 quonam

2272 461 2387 532 ξῄει
2415 462 2511 530 τῆς
2538 460 2793 531 σπουδῆς,
2819 459 3155 530 παραλαϐὼν
3187 461 3301 530 ἆμα
3346 461 3437 514 καὶ
3473 464 3565 515 τὸν
3589 464 3826 533 πατέρα,

538 575 678 632 opus
744 559 992 615 haberet.
1047 558 1143 613 ille
1194 572 1321 612 vero
1355 576 1367 610 :
1406 557 1571 621 Luce,
1622 557 1818 627 inquit,
1869 573 1975 628 qua
2014 572 2136 610 sum

540 654 807 724 privatus,
861 660 917 705 et
964 665 1070 720 qua
1119 649 1256 703 nihil
1316 659 1397 704 est
1452 646 1766 707 hominibus
1818 648 2135 719 jucundius.

540 744 909 799 Misericordia
943 758 1070 816 ergo
1103 752 1288 797 matus
1344 757 1477 796 mea:
1530 742 1879 807 calamitatis,
1922 742 2012 809 da,
2070 758 2139 796 ne

542 836 623 891 sic
680 835 855 889 vivam
915 833 1257 903 imperfecte,
1311 843 1366 888 et
1416 834 1579 888 veluti
1610 849 1677 888 ex
1733 835 1957 888 dimidio
1992 852 2007 890 :
2044 834 2140 889 sed

544 927 753 981 videam
786 926 975 989 solem,
1014 926 1222 979 videam
1259 926 1477 980 caelum.
1507 924 1641 979 Nam
1683 941 1782 979 nas
1812 925 2029 994 quidem
2061 926 2142 981 sic

545 1017 813 1079 viventes,
841 1014 979 1068 nihil
1003 1014 1317 1069 differimus
1352 1015 1419 1069 ab
1450 1015 1514 1068 iis
1540 1016 1631 1083 qui
1660 1022 1787 1068 sunt
1823 1015 1966 1084 apud
2007 1015 2144 1067 inle-

550 1123 661 1167 ros.
721 1108 941 1162 Etcum
1010 1106 1299 1162 facultates
1354 1122 1546 1161 omnes
1606 1106 1835 1161 medicis
1896 1106 2145 1180 praebue-

548 1201 744 1261 rimus,
796 1200 1072 1255 modicum
1102 1215 1321 1281 quoque
1370 1201 1578 1267 lumen,
1632 1200 1777 1270 quod
1827 1208 1945 1254 erat
1992 1198 2146 1254 nobis

550 1292 847 1363 reliquum,
905 1292 1188 1347 amisimus
1222 1311 1233 1347 :
1268 1293 1371 1346 hoc
1434 1292 1610 1346 solum
1639 1307 1670 1345 a
1703 1291 1977 1361 praclaris
2042 1291 2146 1344 illis

552 1385 781 1439 medicis
807 1384 1068 1447 assecuti,
1094 1383 1240 1453 quod
1266 1399 1391 1439 cum
1447 1382 1796 1438 facultatibus
1832 1383 1953 1437 luce
2007 1396 2147 1451 quo-

552 1493 658 1548 que
688 1479 859 1532 simus
917 1478 1138 1547 privati.
1198 1476 1498 1531 Pantaleon
1555 1484 1735 1529 autem
1772 1494 1784 1528 :
1815 1473 1951 1528 Cum
2003 1474 2147 1538 aliis,

552 1567 754 1636 inquit,
785 1567 1011 1621 medicis
1042 1577 1164 1621 tuas
1194 1566 1410 1621 dederis
1473 1566 1781 1629 facultates,
1830 1575 1886 1620 et
1941 1566 2147 1619 nullam

554 1661 833 1727 acceperis
858 1659 1167 1723 utilitatem,
1194 1660 1239 1712 si
1268 1674 1456 1713 rursus
1494 1658 1794 1727 aspexeris,
1826 1657 1957 1727 quid
2013 1657 2150 1712 mihi

556 1750 747 1806 dabis?
777 1751 871 1803 llle
903 1765 1033 1804 vero
1065 1766 1081 1804 :
1110 1750 1239 1814 Quae
1276 1761 1420 1814 sunt,
1452 1750 1649 1817 inquit,
1683 1748 1888 1817 reliqua
1921 1763 1986 1803 ex
2017 1748 2154 1803 meis

555 1842 930 1907 facultatibus,
982 1842 1261 1896 exsolvam
1305 1849 1559 1911 prompta
1607 1848 1663 1895 et
1710 1841 1876 1896 alacri
1947 1842 2151 1895 animo.

559 1930 765 1986 Deinde
814 1931 1111 1987 Pantaleon
1144 1946 1160 1984 :
1197 1932 1407 1986 Danum
1460 1930 1703 2002 quidem,
1762 1932 1958 2002 inquit,
2015 1934 2156 1989 lucis

556 2038 656 2093 per
681 2039 780 2078 nos
811 2023 905 2079 tibi
932 2026 1079 2080 dabit
1133 2026 1291 2079 Pater
1324 2024 1596 2080 luminum
1633 2045 1645 2081 :
1675 2035 1732 2080 ιιι
1784 2035 1987 2092 autem,
2035 2042 2156 2097 qua:

559 2115 691 2169 mihi
724 2131 785 2171 es
812 2117 1109 2186 pollicitus,
1141 2117 1298 2174 vade.
1329 2128 1385 2171 et
1408 2116 1473 2171 da
1500 2118 1851 2187 pauperibus.

630 2207 769 2262 Vlll.
836 2208 959 2265 llmc
998 2225 1123 2264 cum
1187 2209 1450 2264 audiisset
1495 2219 1667 2280 pater.
1724 2226 1847 2265 eum
1900 2228 1929 2266 a
1976 2221 2157 2283 coepto

560 2300 861 2356 abducebat
896 2320 909 2355 :
956 2300 1098 2367 Noli,
1132 2304 1342 2369 dicens,
1365 2318 1397 2356 0
1421 2303 1764 2368 charissime,
1798 2320 1867 2358 ne
1905 2312 1963 2357 tu
1991 2306 2155 2357 etiam

561 2391 861 2447 irridearis.
893 2394 1035 2459 Quid
1087 2396 1233 2449 enim
1285 2397 1409 2464 plus
1458 2395 1683 2465 poteris,
1734 2409 1895 2463 quam
1948 2396 2157 2466 priores

560 2484 803 2540 medici?
847 2485 1148 2542 Pantaleon
1208 2496 1389 2542 autem
1432 2486 1665 2554 :Nema,
1714 2487 1909 2558 inquit,
1951 2503 2013 2543 ex
2041 2489 2158 2543 aliis

561 2578 791 2633 medicis
821 2577 925 2632 scit
975 2579 1122 2633 hunc
1169 2579 1445 2634 hominem
1482 2588 1735 2645 tractare,
1782 2590 1841 2634 ut
1888 2594 1987 2651 ego
2034 2596 2155 2635 sum

565 2679 918 2725 tractaturus.
942 2670 1168 2725 Multum
1195 2672 1343 2724 enim
1375 2672 1600 2725 interest
1637 2673 1781 2725 inter
1804 2688 1920 2739 eos,
1948 2684 2003 2729 et
2030 2689 2155 2728 cum

564 2761 658 2831 qui
691 2777 793 2816 nos
814 2762 1019 2817 docuit.
1051 2761 1187 2817 Cum
1215 2770 1460 2832 putasset
1491 2771 1673 2819 autem
1706 2775 1860 2836 pater
1889 2780 2014 2819 eum
2046 2766 2159 2819 hanc

566 2852 767 2909 dixisse
791 2852 859 2908 de
886 2853 1286 2925 Euphrosyno;
1330 2854 1481 2909 illum
1507 2870 1749 2923 quoque,
1806 2854 2009 2923 inquit,
2058 2854 2157 2919 ﬁli,

563 2945 727 3000 audio
749 2946 804 2999 in
832 2945 934 3001 hoc
965 2947 1209 3001 curando
1240 2962 1397 3001 suam
1438 2945 1754 3000 adhibuisse
1790 2946 2151 3016 diligentiam,

564 3042 621 3088 et
677 3033 1490 3103 nibilprafecisse.‘Pantaleon
1538 3051 1666 3091 vero
1699 3053 1713 3091 :
1743 3037 2028 3108 Exspecta,
2071 3040 2158 3093 inv

2250 553 2395 607 Ἰδὼν
2425 548 2518 605 οῦν
2553 552 2641 606 τὸν
2680 553 2884 620 τυφλὸν
2940 554 3065 605 ὅτου
3126 552 3298 605 δέοιτο
3327 552 3615 621 ἐπηρώτα.
3651 552 3714 606 '0
3736 552 3828 606 δέ·

2240 638 2314 698 Οῦ
2342 644 2647 715 ἐστέρημαι
2678 644 2876 711 φωτὸς,
2922 642 3096 711 ἔλεγε,
3123 647 3218 695 καὶ
3248 636 3309 695 οὗ
3341 644 3507 713 μηδὲν
3538 644 3697 716 ἣδιον
3743 645 3838 705 ἀντ

2241 735 2480 806 θρώποις
2508 752 2523 767 ο
2549 736 2695 788 ἔλεον
2720 738 2900 788 τοίνυν
2932 734 3114 789 λαϐών
3147 752 3249 804 μου
3284 739 3385 806 τῆς
3417 738 3729 805 συμφορᾶς,
3749 735 3838 798 ὣς

2241 829 2383 883 οὕτω
2419 830 2494 900 μὴ
2522 828 2730 892 ἀτελῶς
2764 829 2863 898 ζῇν
2892 830 2984 881 καὶ
3013 822 3124 882 οἷον
3164 827 3225 891 ἐξ
3250 829 3529 898 ἡμισείας,
3549 830 3671 881 ἀλλ’
3700 830 3838 899 ὀρᾷν

2242 922 2416 992 ἥλιον,
2448 921 2523 983 ὡς
2549 920 2642 973 νῦν
2677 937 2735 988 γε
2765 920 2918 973 οὐδὲν
2948 920 3147 983 ζῶντες
3177 922 3339 991 ἡμεῖς
3360 921 3469 973 τῶν
3494 922 3550 971 ὲν
3574 920 3678 992 ᾄδῃ
3700 920 3841 972 διεν-

2243 1015 2543 1083 ηνόχαμεν.
2572 1013 2756 1066 Πάντα
2810 1011 2921 1081 γὰρ
2951 1012 3021 1065 τὰ
3055 1012 3183 1064 ὄντα
3221 1013 3428 1083 ἰατροῖς
3456 1012 3844 1083 παρασχόντες

2245 1105 2338 1159 καὶ
2371 1105 2406 1174 ἢ
2440 1105 2786 1174 περιελίπετο
2828 1104 3030 1173 μᾶλλον
3094 1103 3321 1173 μετρίαν
3358 1105 3533 1173 αὖγὴν
3560 1104 3841 1156 ἀπολέσα-

2249 1214 2370 1269 μεν.
2391 1196 2565 1249 Τοῦτο
2591 1196 2701 1248 τῶν
2735 1197 2917 1249 καλῶν
2964 1196 3191 1249 ἐκείνων
3244 1196 3451 1267 ἰατρῶν
3493 1197 3843 1263 ἁπονάμενοι

2246 1291 2307 1343 τὸ
2352 1290 2683 1360 στερηθῆναι
2724 1292 2821 1357 τῆς
2874 1288 3068 1350 οὐσίας
3131 1288 3270 1357 μετὰ
3304 1287 3398 1339 τοῦ
3452 1287 3840 1356 φωτός.Κα“ιο

2249 1381 2567 1435 Παντολέων
2596 1395 2607 1409 ’
2633 1377 2759 1442 Τοῖς
2802 1380 2899 1448 μὲν
2931 1380 3115 1443 ἄλλοις
3161 1382 3389 1448 ἰατροῖς,
3433 1380 3561 1448 ἔφη,
3601 1378 3671 1431 τὰ
3708 1378 3847 1430 ὄντα.

2248 1473 2372 1535 δοὺς
2424 1472 2681 1542 οὐδεμιᾶς
2732 1468 3047 1532 ἁπελαύσας
3081 1470 3374 1538 ὠφελείας,
3418 1471 3541 1539 ἐμοὶ
3578 1470 3635 1521 δὲ
3690 1468 3745 1519 τί
3775 1468 3843 1519 ἂν

2251 1568 2563 1637 ἀναϐλέψας
2622 1566 2973 1637 παράσχοις;
3007 1564 3119 1618 Kal
3146 1564 3229 1629 ὃς,
3276 1565 3360 1615 Ti
3393 1562 3842 1632 περιλειφθέντα,

2254 1658 2397 1726 εἷπε,
2422 1662 2521 1731 τῆς
2545 1660 2736 1723 οὐσίας
2784 1658 3080 1729 προθύμως
3131 1656 3442 1709 καταϐαλῶ.
3476 1650 3609 1707 Εἶτα
3634 1658 3661 1706 ὁ
3688 1655 3841 1706 Παν-

2256 1756 2488 1809 τολέωνο
2544 1753 2654 1821 Τὴν
2706 1754 2803 1822 μὲν
2850 1752 2947 1805 τοῦ
3023 1752 3224 1823 φωτὸς,
3272 1748 3632 1819 ἐφη,δωρεαν
3662 1749 3691 1798 ὁ
3733 1748 3844 1799 τῶν

2262 1849 2453 1918 φώτων
2484 1847 2678 1915 Πατὴρ
2700 1846 2830 1908 Θεὸς
2858 1847 2922 1897 δι’
2955 1846 3113 1915 ἡμῶν
3142 1844 3297 1897 ἔσται
3329 1862 3412 1897 σοι
3434 1842 3804 1915 χαριούμενος
3827 1858 3843 1873 ο

2261 1940 2325 1992 σὺ
2356 1939 2431 2004 δὲ,
2458 1939 2490 1993 ἃ.
2528 1938 2653 2007 ἐμοὶ
2692 1937 3030 2007 ὲπηγγείλω,
3064 1938 3355 2009 πορευθεὶς
3400 1939 3597 2005 πένησι
3652 1935 3847 2004 παρά-

2261 2049 2412 2102 σχον.

2330 2194 2413 2247 ῐί’.
2450 2191 2669 2245 Τούτων
2712 2194 2741 2244 ὁ
2778 2194 2961 2262 πατὴρ
3011 2191 3249 2255 ἀκούων,
3296 2189 3510 2257 ἀπῆγεν
3541 2187 3708 2241 αὑτὸν
3746 2191 3846 2243 τοῦ

2260 2286 2705 2357 ἐγχειρήματοςο
2756 2286 2849 2354 Μὴ
2896 2284 3052 2351 σύγε,
3098 2285 3344 2353 φίλτατε,
3392 2283 3589 2351 λέγων,
3643 2282 3721 2353 μὴ
3755 2286 3852 2337 καὶ

2260 2378 2473 2446 γέλωτα
2506 2376 2713 2444 ὅφλοις.
2755 2377 2821 2427 Τί
2860 2375 2969 2445 γὰρ
3001 2376 3066 2427 ἂν
3104 2375 3265 2427 πλέον
3304 2375 3412 2426 τῶν
3452 2375 3850 2443 προλαϐόντων

2263 2467 2463 2539 ίατρῶν
2500 2467 2666 2530 αὐτὸς
2699 2466 2956 2537 δυνηθῇς.
3000 2466 3108 2517 Καὶ
3139 2468 3167 2518 ὁ
3204 2465 3523 2517 Παντολέων
3551 2482 3563 2494 ·
3607 2465 3700 2525 Ὠς
3734 2465 3852 2531 ἐγὼ

2261 2562 2546 2631 βούλομαι,
2603 2559 2731 2629 ἔφη,
2772 2558 2851 2629 τῷ
2884 2558 3039 2626 ἀνδρὶ
3077 2556 3211 2627 τῷδε
3258 2554 3593 2626 χρήσασθαι,
3662 2555 3851 2616 οὐδεὶς

2258 2652 2366 2705 τῶν
2405 2651 2579 2705 ἄλλων
2624 2652 2915 2705 ἐπίσταται
2948 2649 3187 2720 ἰατρῶν*
3234 2650 3371 2702 πολὺ
3415 2650 3526 2719 γὰρ
3568 2648 3630 2699 τὺ
3672 2648 3848 2716 μέσον

2261 2750 2439 2804 αὐτῶν
2475 2766 2533 2803 τε
2580 2750 2673 2800 καὶ
2714 2748 2809 2799 τοῦ
2860 2748 3006 2815 ἡμᾶς
3049 2745 3519 2815 μαθητεῦσαντος.
3569 2744 3745 2803 Δόξαν
3786 2744 3851 2797 δὲ

2258 2844 2335 2911 τῷ
2379 2842 2547 2911 πατρὶ
2573 2837 2736 2892 αὐτοῦ
2763 2839 2891 2909 περὶ
2921 2839 3277 2908 Εὑερροσυνου
3320 2838 3493 2891 ταῦτα
3525 2831 3850 2908 εἰρηκέναι*

2260 2934 2552 2997 Κόκεῖνον,
2587 2928 2760 2995 εἶπεν,
2791 2932 3025 3001 ἀκήκοα,
3060 2930 3278 2995 τέκνον,
3313 2930 3633 3000 ἐπιμελείας
3677 2930 3851 2997 ἀξιῶ-

2264 3044 2357 3079 σαι
2385 3028 2477 3078 τὸν
2508 3024 2677 3095 ἄνδρα
2711 3025 2804 3078 καὶ
2834 3024 3003 3096 μηδὲν
3040 3026 3200 3078 πλέον
3234 3026 3452 3095 ὀνῆσαι.
3500 3025 3559 3077 Ὀ
3599 3026 3656 3078 δὲ
3693 3028 3854 3080 Παν-

564 3125 704 3196 quit,
739 3137 915 3196 pater,
947 3136 1005 3182 et
1034 3128 1149 3198 ipsa
1178 3142 1265 3182 res
1299 3127 1581 3183 indicabit.
1612 3126 1738 3182 Haec
1762 3142 1886 3181 cum
1917 3129 2155 3194 dixisset,

2266 3118 2503 3173 τολέων·
2540 3115 2875 3189 Ἐπίμεινον,
2904 3118 3029 3188 ἔφη,
3060 3120 3255 3187 πάτερ,
3289 3118 3385 3170 καὶ
3429 3117 3561 3170 αὐτὸ
3589 3117 3758 3181 δεέξει
3788 3119 3857 3171 τὸ

565 3226 623 3271 et
651 3219 779 3274 caeci
809 3220 997 3272 oculos
1028 3219 1314 3289 tetigisset,
1357 3227 1413 3271 et
1452 3233 1704 3289 magnum
1730 3218 1935 3275 Christi
1963 3235 2161 3277 nomen

566 3318 838 3376 vacasset,
870 3320 927 3366 et
951 3311 1018 3366 ab
1043 3312 1161 3381 ipso
1185 3309 1437 3381 precibus
1461 3311 1708 3382 petiisset
1741 3312 1884 3367 illius
1922 3316 2162 3371 curatio-

570 3420 722 3470 nem,
754 3408 939 3462 statim
995 3393 1071 3462 illi
1127 3406 1345 3476 quidem
1405 3405 1711 3469 oculorum,
1780 3407 1921 3474 patri
1979 3415 2159 3461 autem

570 3499 736 3553 solvit
798 3498 1053 3553 tenebras
1117 3496 1433 3564 impietatis,
1496 3502 1552 3547 et
1606 3492 1786 3549 cﬂ‘ccit
1844 3504 1902 3549 ut
1967 3505 2156 3566 aperte

569 3590 931 3645 confiteretur
974 3589 1228 3659 pietatem
1263 3603 1277 3641 :
1312 3587 1392 3641 vel
1451 3588 1632 3657 potius
1666 3602 1809 3642 ραι.οο
1870 3588 2145 3659 duplicem

578 3682 729 3737 dedit
758 3681 1048 3735 medelam.
1083 3682 1275 3735 Carnis
1310 3681 1455 3732 enim
1511 3689 1566 3732 et
1600 3680 1794 3732 anima:
1836 3681 2157 3734 excutiebat

571 3767 769 3829 oculis,
811 3776 869 3820 ut
897 3766 987 3835 qui
1019 3766 1744 3833 essetadorataridolarum,
1778 3777 1833 3823 et
1860 3784 1956 3839 per
1981 3771 2157 3826 lucem

568 3861 679 3931 iam
738 3874 1053 3929 corpoream
1111 3867 1331 3927 apertos
1388 3859 1568 3912 cordis
1614 3860 1893 3915 habuisset
1951 3863 2159 3918 oculos.

579 3952 784 4007 Ambos
842 3966 991 4021 ergo,
1045 3966 1171 4004 cum
1228 3949 1609 4018 credidissent,
1665 3951 1854 4007 divino
1912 3952 2163 4025 dignatur

573 4043 922 4115 baptismate,
955 4050 1010 4097 et
1067 4042 1235 4099 refert
1265 4044 1321 4097 in
1374 4060 1675 4100 numerum
1739 4044 2002 4102 fidelium.
2056 4045 2162 4101 Sed

577 4150 685 4191 non
715 4150 781 4192 ea
809 4150 981 4207 usque
1009 4134 1128 4191 sisti
1173 4144 1393 4199 poterat
1457 4135 1725 4208 Eustorgii
1778 4139 2017 4195 studium
2050 4140 2166 4215 pie-

574 4233 723 4298 tatis,
775 4242 835 4287 ut
883 4233 973 4303 qui
1012 4240 1155 4288 esset
1188 4240 1343 4303 pater
1396 4232 1583 4304 magni
1612 4230 1961 4289 Pantoleonis
1997 4251 2014 4291 :
2068 4234 2163 4291 sed

573 4324 919 4393 apertissime
934 4324 1230 4380 ostendens
1259 4338 1317 4378 se
1353 4339 1596 4381 errorem
1631 4326 1834 4381 habere
1863 4325 2009 4393 odio,
2038 4342 2162 4382 cum

576 4415 931 4472 contrivisset
959 4416 1102 4471 idola
1148 4431 1269 4486 quae
1303 4424 1461 4471 erant
1516 4416 1573 4470 in
1607 4418 1884 4485 cubiculo,
1914 4433 1977 4473 ea
2033 4419 2165 4489 jacit

2267 3214 2521 3283 πρᾶγμα.
2560 3210 2745 3263 Ταῦτα
2780 3209 2951 3261 εἰπὼν
2974 3210 3067 3262 καὶ
3096 3211 3206 3260 τῶν
3234 3210 3532 3277 ὀφθαλμῶν
3564 3210 3857 3277 ἁψάμενος

2263 3303 2355 3357 τοῦ
2388 3303 2615 3371 τυφλοῦ,
2646 3306 2708 3353 τὸ
2744 3302 2887 3370 μέγα
2923 3318 2981 3353 τε
3015 3301 3186 3369 ὄνομα
3220 3299 3312 3351 τοῦ
3338 3300 3573 3369 Χριστοῦ
3608 3298 3859 3363 καλέσας

2273 3393 2369 3445 καὶ
2406 3393 2537 3461 παρ’
2586 3391 2752 3445 αὑτοῦ
2806 3392 2949 3444 ἴασιν
3001 3392 3400 3460 ἐπευξάμενος,
3437 3388 3599 3453 εὐθὺς
3650 3389 3859 3459 ἐκείνῳ

2266 3482 2459 3555 μὲνητὸ
2498 3482 2606 3535 τῶν
2644 3482 2961 3554 ὀφθαλμῶν,
3011 3482 3089 3554 τῷ
3137 3484 3305 3553 πατρὶ
3349 3482 3406 3534 δὲ
3463 3481 3522 3533 τὸ
3577 3481 3678 3550 τῆς
3724 3482 3859 3535 ἀσε-

2272 3576 2424 3640 6εέας
2471 3576 2630 3629 ἔλυσε
2689 3579 2880 3639 σκότος
2931 3578 3023 3629 καὶ
3078 3577 3293 3647 τρανῶς
3340 3576 3627 3646 ὁμολογεῖν
3676 3594 3857 3644 παρε-

2266 3666 2533 3717 σκεύασεν
2554 3666 2652 3735 τὴν
2678 3668 2988 3729 εὐσέϐειαν,
3026 3667 3228 3736 μᾶλλον
3254 3668 3309 3720 δὲ
3336 3668 3414 3738 τῷ
3440 3669 3625 3735 τυφλῷ
3648 3668 3860 3738 διπλῆν

2265 3756 2499 3827 παρέχει
2530 3756 2627 3825 τὴν
2665 3758 2810 3809 ῐασιν
2832 3774 2843 3787 ’
2882 3752 2950 3827 ἦν
2990 3759 3097 3828 γὰρ
3136 3759 3232 3811 καὶ
3266 3760 3468 3828 σαρκὸς
3497 3749 3726 3828 ὄμματα
3758 3764 3857 3813 καὶ

2262 3851 2443 3922 ψυχῆς
2490 3851 2840 3917 τυφλώττων,
2894 3840 2989 3904 ὅτε
3044 3852 3138 3903 καὶ
3188 3852 3349 3913 αὐτὸς
3392 3851 3628 3904 εἰδώλων
3678 3870 3858 3923 προσ-

2266 3942 2511 4014 κυνητὴς
2537 3940 2628 3994 ὢν.
2664 3941 2773 3994 Καὶ
2803 3939 2889 3994 διὰ
2920 3940 3013 3994 τοῦ
3045 3938 3363 4009 σωματικοῦ
3390 3938 3567 4009 φωτὸς
3598 3939 3693 3990 καὶ
3723 3941 3860 4002 τοὺς

2263 4038 2360 4106 τῆς
2410 4036 2637 4106 καρδίας
2691 4037 2981 4104 διανοιγεὶς
3036 4034 3350 4104 ὀφθαλμούς
3380 4050 3394 4064 ο
3445 4032 3861 4097 πιστεύσαντας

2266 4131 2613 4197 ἀμφοτέρους
2666 4129 2761 4180 τοῦ
2821 4129 2963 4180 θείου
3020 4127 3398 4196 βαπτίσματος
3448 4125 3593 4189 ἀξιοῖ
3648 4128 3746 4179 καὶ
3788 4131 3859 4200 τῇ

2266 4220 2376 4272 τῶν
2415 4218 2628 4272 πιστῶν
2665 4219 2844 4289 μερίδι
2874 4217 3182 4271 συντάττει.
3222 4219 3332 4271 Καὶ
3366 4218 3425 4269 οὐ
3465 4216 3628 4287 μέχρι
3656 4221 3861 4273 τούτου

2265 4312 2358 4366 τὸν
2404 4312 2739 4382 Εὑστόργιον
2790 4312 2987 4381 στῆσαι
3044 4311 3102 4364 τὸ
3152 4308 3472 4377 φιλευσεῦὲς
3513 4302 3605 4380 ἦν,
3648 4311 3864 4365 Παντο-

2267 4406 2483 4467 λέοντός
2505 4423 2565 4474 γε
2589 4388 2719 4457 ὄντα
2741 4404 2837 4456 τοῦ
2873 4403 3113 4473 μεγάλου
3137 4408 3351 4477 πατέρα
3369 4420 3385 4437 ο
3411 4403 3551 4459 ἀλλὰ
3572 4404 3863 4475 πρόδειξιν

576 4506 634 4564 in
695 4507 928 4576 fassam,
984 4515 1046 4563 ut
1084 4480 1205 4579 qua:
1238 4518 1428 4564 essent
1459 4508 1730 4565 oblivione
1779 4516 1837 4565 et
1870 4480 2155 4582 profunda

2271 4500 2477 4561 ἐκεῖνος
2519 4496 2614 4550 τοῦ
2658 4497 2890 4566 μισῆσαι
2934 4494 3035 4569 τὴν
3090 4498 3301 4569 πλάνην
3349 4497 3554 4568 ἀκριϐῆ
3591 4499 3862 4569 παρέχων

574 4618 705 4665 νει-ε
736 4602 922 4674 digna.

644 4779 739 4837 IX.
769 4778 924 4837 Haud
956 4779 1028 4835 ita
1059 4792 1313 4852 magnum
1344 4778 1634 4836 intercedit
1663 4780 1917 4851 spatium,
1948 4789 2005 4838 et
2043 4796 2161 4838 ma-

574 4876 713 4931 ritur
742 4884 897 4947 pater
924 4871 1294 4927 Pantoleonis.
1333 4870 1562 4928 Moritur
1586 4882 1768 4927 autem
1834 4883 2008 4929 morte
2040 4889 2162 4929 car-

574 4966 723 5037 poris
756 4978 771 5024 :
803 4981 927 5020 nam
959 4980 989 5019 a
1016 4972 1192 5019 morte
1221 4963 1418 5017 animae
1454 4964 1561 5033 jam
1596 4971 1713 5018 erat
1737 4965 1962 5019 omnino
2019 4965 2157 5020 libe-

574 5066 727 5111 ratus
755 5072 854 5127 per
904 5055 1066 5110 fidem
1119 5063 1175 5109 et
1241 5054 1483 5110 divinum
1516 5054 1864 5124 baptismum.
1899 5056 2162 5119 Quocirca

574 5148 872 5204 Pantaleon
902 5163 1027 5204 cum
1085 5148 1382 5204 invenisset
1442 5158 1656 5219 tempus
1703 5164 1861 5219 apem
1900 5148 2042 5206 ferre
2070 5167 2165 5205 vo-

575 5240 799 5305 luntati,
855 5240 1093 5298 famulos
1131 5240 1350 5312 quidem
1386 5241 1635 5295 liberata
1684 5241 1966 5305 servitute,
1999 5251 2056 5297 et
2086 5244 2169 5297 eis

577 5331 711 5388 satis
736 5332 885 5387 dedit
921 5333 1206 5403 pecuniae:
1264 5332 1369 5386 alia
1405 5342 1587 5387 autem
1625 5333 1929 5387 habuerunt
1968 5349 2163 5389 manus

578 5438 900 5492 pauperum.
922 5423 1124 5479 Deinde
1141 5439 1236 5479 eos
1258 5425 1444 5487 etiam,
1463 5426 1558 5493 qui
1582 5425 1810 5479 erantin
1830 5427 2159 5503 carceribus,

580 5521 637 5566 et
665 5513 757 5581 qui
792 5517 1079 5570 tormentis
1106 5514 1444 5569 vexabantur
1487 5524 1543 5569 et
1575 5516 1800 5579 morbis,
1836 5516 2168 5575 circumiens

583 5606 831 5671 curabat,
860 5617 915 5662 et
940 5623 1003 5662 ea
1038 5609 1308 5678 prabens,
1345 5623 1467 5679 qua:
1505 5618 1661 5663 erant
1719 5611 2073 5665 necessaria:
2110 5621 2164 5664 ut

585 5711 692 5750 non
756 5699 930 5753 solum
977 5700 1152 5755 morbi
1183 5700 1461 5755 videretur
1526 5702 1791 5764 medicus,
1846 5703 1939 5759 sed
2005 5704 2166 5758 etiam

583 5791 861 5860 egestatis.
922 5791 1035 5858 Qua
1095 5806 1158 5845 ex
1220 5808 1276 5847 rc
1324 5793 1581 5861 quidnam
1633 5794 1868 5851 accidit?
1905 5794 2167 5850 Univer’sa

2265 4590 2335 4644 τὰ
2380 4590 2436 4643 ὲν
2475 4589 2551 4659 τῷ
2586 4588 2805 4641 κοιτῶνι
2855 4590 3155 4660 συντρίψας
3185 4589 3403 4653 εἴδωλα,
3434 4588 3509 4658 τῷ
3542 4588 3727 4660 βόθρῳ
3779 4590 3864 4643 δε-

2264 4684 2419 4747 δωσι,
2449 4682 2516 4734 τὰ
2538 4681 2708 4752 λήθης
2738 4682 2905 4747 ὖντως
2936 4684 3027 4736 καὶ
3054 4682 3217 4752 βυθοῦ
3244 4681 3388 4745 ἄξια.

2338 4776 2415 4830 Θ¹.
2466 4777 2541 4829 Οὐ
2571 4776 2706 4829 πολὺ
2739 4775 2799 4827 τὸ
2847 4778 2904 4829 ὲν
2940 4777 3089 4846 μέσῳ
3118 4776 3213 4829 καὶ
3254 4776 3283 4829 ὁ
3323 4776 3419 4831 τοῦ
3452 4778 3865 4850 Παντο).ἐοντος

2267 4863 2422 4932 οὗτος
2457 4871 2635 4939 πατὴρ
2669 4869 2916 4937 θνήσκει,
2946 4868 3168 4937 θνήσκει
3190 4869 3247 4922 δὲ
3279 4870 3513 4924 θάνατον
3542 4854 3865 4944 τὸνισωμαξ.

2268 4961 2444 5024 στικὸν,
2476 4960 2599 5014 ἐπεὶ
2639 4959 2733 5011 τοῦ
2774 4962 2875 5026 τῆς
2908 4960 3083 5031 ψυχῆς
3111 4960 3201 5012 διὰ
3226 4962 3325 5031 τῆς
3365 4962 3605 5026 πίστεως
3634 4966 3865 5029 πάντως

2272 5053 2486 5121 ἀνείθη,
2531 5052 2625 5105 καὶ
2667 5051 2759 5103 τοῦ
2809 5051 2957 5102 θείου
2990 5051 3393 5119 βαπτίσματος.
3431 5052 3600 5108 Ὅθεν
3646 5056 3673 5106 ὁ
3708 5056 3864 5110 Παν..

2279 5144 2480 5197 τολέων
2513 5143 2605 5195 τὸν
2653 5146 2847 5213 καιρόν
2884 5140 3062 5212 εὑρὼν
3110 5143 3537 5216 συμπράττοντα
3580 5145 3659 5220 τῷ
3694 5145 3864 5218 θελή-

2279 5255 2431 5307 ματι,
2462 5235 2591 5297 τοὺς
2628 5234 2726 5302 μὲν
2768 5235 2986 5296 οἰκέτας
3022 5234 3216 5303 ἀφίησι
3248 5236 3347 5306 τῆς
3380 5235 3646 5301 δουλείας,
3694 5240 3863 5293 ἱκανᾶ

2275 5331 2540 5399 χρήματα
2589 5327 3040 5396 παρασχόμενος,
3097 5327 3266 5379 τᾶλλα
3339 5328 3395 5378 δὲ
3454 5330 3637 5397 χεῖρες
3707 5325 3861 5399 εἶχον

2280 5422 2555 5490 πενήτων.
2593 5417 2725 5472 Εἶτα
2759 5418 2852 5470 καὶ
2886 5420 3011 5481 τοὺς
3045 5421 3102 5470 ἐν
3137 5418 3403 5486 φυλακαῖς
3452 5421 3545 5470 καὶ
3593 5418 3863 5488 βασανοις

2276 5514 2510 5582 περιὼν,
2556 5502 2860 5579 ἐθεράπευε
2905 5510 2975 5561 τὰ
3020 5509 3304 5578 ἐπιτήδεια
3353 5509 3734 5578 παρεχόμενος
3766 5514 3861 5564 καὶ

2276 5604 2452 5666 διδοὺς
2491 5603 2631 5673 μετὰ
2664 5602 2765 5670 τῆς
2816 5600 3029 5669 ὑγιείας
3062 5600 3154 5652 καὶ
3190 5601 3288 5671 τὴν
3331 5600 3423 5653 τοῦ
3465 5602 3538 5670 μὴ
3589 5602 3859 5655 πένεσθαι

2278 5696 2600 5766 θεραπείαν,
2625 5693 2700 5757 ὡς
2736 5692 2937 5764 μικροῦ
2968 5693 3150 5744 πᾶσαν
3177 5694 3277 5760 τὴν
3314 5693 3470 5744 πόλιν
3510 5694 3715 5766 ίατροί¹
3748 5698 3864 5765 τοῖς

2277 5792 2460 5853 ἄλλοις
2495 5788 2704 5869 χαίρειν
2736 5786 3013 5852 εἰπόντας,
3059 5785 3136 5854 τῷ
3173 5786 3529 5838 “avri/.570“:
3562 5784 3857 5861 ποοτιέναι
