3972 6440
553 390 657 454 459

1836 384 2117 446 MENSIS
2155 385 2450 447 IULIUS.
2530 372 2541 385 ‘

3692 384 3794 448 460

565 514 729 572 quam
756 511 935 553 circus
968 492 1247 565 Evangelii
1282 510 1297 547 :
1330 491 1433 557 Tu,
1467 491 1665 563 inquit,
1699 501 1749 547 te
1774 491 1939 546 stulte
1969 491 2131 561 geris,

2239 494 2418 557 γελίου
2466 490 2665 560 τυφλὸν
2714 489 2955 562 ἀτεχνῶς
2989 488 3540 561 παρρησιασάμεειος·
3579 492 3651 545 Σίι
3686 513 3802 562 μω-

553 597 645 665 qui
694 608 791 647 eos
830 589 923 660 qui
970 596 1098 643 sunt
1124 587 1249 641 caci
1287 600 1450 640 vocas
1482 586 1700 640 datores
1728 584 1885 646 lucis,
1920 582 2121 652 quibus

553 685 911 742 consimiliter
959 690 1018 736 tu
1056 694 1271 750 quoque
1303 694 1480 733 caecus
1529 692 1837 747 permanes,
1870 676 1959 746 qui
1997 676 2122 729 talia

552 779 815 850 epinaris,
858 786 911 829 et
944 788 1053 827 non
1088 782 1246 842 potes
1291 770 1492 825 intueri
1528 772 1596 823 ad
1632 770 1808 823 lucem
1855 768 2117 823 veritatis.

554 875 784 940 Propter
819 869 931 922 haec
966 876 1231 937 tyrannus
1270 863 1370 917 fuit
1402 865 1481 917 ira
1520 863 1801 916 incitatus.
1839 860 2122 927 Quomodo

553 965 699 1020 enim
728 961 953 1016 omnino
983 973 1163 1020 aures,
1197 972 1315 1027 qua:
1344 966 1730 1010 emarcuerunt
1760 963 1814 1008 et
1855 961 2122 1023 corrupta:

554 1068 685 1113 sunt
715 1051 1197 1111 assentationibus.
1234 1050 1593 1119 asperiorem,
1629 1063 1749 1117 qua:
1800 1063 1861 1101 ex
1894 1047 2122 1100 veritate

554 1149 775 1207 dicitur,
832 1142 1193 1198 sustinuerint
1248 1138 1598 1194 orationem?
1639 1138 1945 1205 Statimque
1996 1149 2120 1189 vera

555 1255 678 1296 esse
708 1237 983 1306 judicans,
1032 1248 1153 1302 qua:
1186 1232 1234 1286 ei
1270 1235 1422 1301 prius
1456 1231 1598 1285 dicta
1638 1228 1854 1283 fuerant
1885 1241 1915 1279 a
1948 1224 2120 1278 rnedi-

552 1333 653 1395 cis,
702 1329 856 1400 jubet
910 1326 1069 1379 amici
1124 1323 1325 1377 Christi
1379 1331 1543 1391 caput
1570 1318 1860 1388 amputari,
1906 1330 2119 1386 pennam

556 1421 798 1479 veritatis
823 1419 870 1471 ei
905 1426 1133 1469 mortem
1170 1414 1436 1476 inferens,
1480 1421 1535 1465 et
1563 1410 1767 1463 imitus
1797 1408 2123 1469 etlieiens,ut

556 1512 815 1583 pulchras
857 1507 1073 1563 Christo
1113 1504 1345 1559 referret
1385 1504 1611 1573 gratias,
1664 1502 1753 1570 qui
1790 1515 1911 1553 eum
1963 1513 2127 1551 cura-

558 1614 728 1667 verat,
780 1615 979 1669 nempe
1009 1598 1437 1653 confessionem.
1483 1593 1663 1646 Bonus
1701 1602 1881 1645 autem
1924 1589 2121 1646 Panto-

555 1700 676 1752 leon
707 1710 776 1749 ne
815 1695 893 1747 sic
928 1691 1145 1760 quidem
1178 1688 1417 1758 neglexit
1449 1702 1510 1740 ea
1566 1684 1766 1744 facere,
1814 1698 1933 1751 quin
1991 1690 2123 1734 tem-

555 1787 673 1859 pori
710 1794 764 1840 et
787 1784 950 1838 rebus
979 1778 1409 1839 conveniebant;
1442 1775 1533 1829 sed
1566 1790 1688 1829 cum
1722 1772 1974 1842 martyris
2000 1786 2120 1825 cor-

2234 590 2459 660 ραίνεις,
2499 586 2628 655 ἐτη,
2670 585 2847 653 φωτὸς
2883 584 3134 654 δωτῆρας
3162 585 3289 645 τοὺς
3320 586 3557 653 τυφλοὺς
3591 587 3804 657 ὄνομά.

2225 681 2352 745 ζων,
2380 674 2462 743 οἷς
2494 680 2587 732 καὶ
2620 680 2782 743 αὐτὸς
2827 680 3030 749 ὁμοίως
3078 677 3415 746 τυφλώττων
3443 675 3513 744 εἶ,
3564 680 3799 735 τοιαῦτα

2224 770 2461 838 δοξάζων
2492 773 2585 824 καὶ
2626 770 2762 839 πρὸς
2791 770 2849 821 τὸ
2886 770 3001 838 φῶς
3029 770 3127 837 τῆς
3164 770 3428 838 ἀληθείας
3471 772 3688 824 ἀπιδεῖν
3726 772 3801 841 μὴ

2224 863 2547 931 δυνάμενος.
2586 860 2777 927 Θυμδς
2827 862 2921 911 ἰπὶ
2946 859 3158 921 τούτοις
3200 856 3313 928 εἶχε
3356 860 3445 912 τὸν
3488 859 3759 930 τύραννον
3785 900 3800 915 .

2227 952 2335 1009 Ποῦ
2370 954 2479 1021 γὰρ
2524 951 2645 1012 ὅλος
2678 951 2994 1012 κολακείαις
3045 950 3354 1019 ὑπόσαθρος
3403 951 3497 1002 καὶ
3542 950 3806 1021 διετθαρο

2226 1045 2359 1114 μάνη
2415 1044 2562 1113 ψυχὴ
2603 1044 2784 1109 λόγων
2834 1041 2924 1094 ὑπ’
2958 1042 3219 1109 ἀληθείας
3278 1043 3627 1112 δριμυτέρων
3662 1043 3801 1096 ἀνά·

2224 1153 2435 1207 σχοιντο
2466 1136 2533 1189 ἀν
2563 1152 2577 1202 ;
2611 1137 2707 1188 καὶ
2740 1136 2941 1194 εὐθέως
2977 1134 3185 1202 ἀψευδῆ
3217 1136 3410 1204 κρίνας
3447 1136 3513 1187 τὲ
3550 1134 3657 1188 ὑπὸ
3693 1134 3805 1188 τῶν

2231 1229 2434 1297 ίατρῶν
2491 1230 2718 1281 ἐκείνων
2776 1227 3059 1297 λεχθέντα,
3118 1226 3331 1279 κελεύει
3389 1228 3494 1296 τὴν
3553 1228 3805 1296 κεςαλὴν

2224 1322 2531 1389 εκκοπῆναι
2594 1320 2689 1372 τοῦ
2744 1319 3122 1389 φιλοχρίστου,
3179 1319 3456 1387 ἐπιτίμιον
3506 1319 3657 1387 αὐτῷ
3703 1320 3807 1388 τῆς

2224 1412 2481 1480 ἀληθείας
2528 1411 2844 1478 ἐπ-νεγκὼν
2890 1413 2983 1464 τὸν
3016 1412 3249 1464 θάνατον
3298 1412 3392 1463 καὶ
3423 1410 3574 1463 ἄκων
3618 1426 3808 1479 παρα-

2228 1506 2519 1567 σκευάσας,
2574 1503 2747 1565 καλὲις
2793 1503 2961 1555 αὑτὸν
2989 1501 3292 1555 ἀποδοῦναι
3339 1504 3571 1572 χάριτας
3598 1503 3679 1572 τῷ
3713 1517 3808 1554 τε-

2226 1597 2585 1667 θεραπευκᾶτι
2649 1595 2869 1665 Χριστῷ
2924 1596 3023 1663 τὴν
3088 1595 3419 1665 μαρτυρίαν.
3488 1597 3545 1649 Ὀ
3612 1598 3807 1665 μέντοι

2228 1690 2544 1744 Παντολέων
2589 1689 2710 1741 οὐδὲ
2744 1687 2919 1747 οὓτως
2966 1683 3160 1757 ἡμῖλει
3211 1688 3390 1740 ταῦτα
3450 1692 3808 1757 προσήκοντα

2228 1781 2304 1850 τῷ
2339 1781 2510 1851 καιρῷ
2541 1780 2635 1833 καὶ
2668 1782 2775 1841 τοῖς
2810 1781 3104 1849 πράγμασι
3140 1782 3316 1831 ποιεῖν
3346 1796 3359 1810 ο
3412 1778 3545 1833 ἀλλὰ
3579 1782 3804 1852 χρπμά-

557 1842 658 1949 pus
699 1878 923 1931 emisset
963 1874 1030 1927 ab
1067 1872 1133 1925 iis
1162 1870 1252 1939 qui
1292 1868 1674 1929 interfuerant,
1725 1864 1775 1918 id
1812 1880 1933 1917 cum
1973 1875 2122 1932 patre

2239 1893 2335 1928 των
2377 1876 2717 1944 ὁνησάμενος
2751 1876 2904 1944 παρὰ
2951 1873 3061 1924 τῶν
3092 1872 3398 1925 ἀνελόντων
3426 1873 3488 1924 τὸ
3520 1874 3682 1941 σῶμα
3708 1875 3808 1926 τοῦ

557 1987 657 2027 suo
691 1970 905 2039 sepelit,
946 1976 1001 2021 ut
1032 1965 1123 2034 qui
1171 1981 1267 2035 per
1299 1979 1450 2017 suam
1482 1962 1536 2015 in
1583 1960 1860 2015 Christum
1907 1957 2125 2013 confes-

554 2066 789 2125 sionem,
832 2076 956 2115 eum
989 2059 1091 2113 sibi
1145 2056 1427 2125 pr0prium
1470 2068 1594 2107 esse
1638 2053 1906 2112 duxisset,
1938 2059 1993 2103 et
2036 2064 2129 2101 co-

555 2156 817 2228 gnatione
866 2148 1148 2219 sanguinis
1184 2162 1311 2202 eum
1360 2153 1667 2215 reputasset
1702 2143 1860 2214 longe
1897 2142 2126 2211 conjun-

558 2249 810 2304 ctiorem.

627 2359 744 2412 χιι.
780 2353 985 2409 Deinde
1019 2351 1316 2419 imperator
1348 2346 1414 2400 ad
1454 2360 1511 2399 se
1550 2345 1803 2397 accersiit
1836 2338 2127 2396 Pantaleo-

562 2468 709 2507 nem.
758 2448 849 2503 Ille
904 2460 1036 2499 vero
1080 2458 1204 2498 cum
1251 2440 1640 2502 abduceretur,
1684 2436 1853 2489 labris
1894 2434 2129 2489 canebat

562 2546 830 2615 psalmum
881 2537 1113 2606 tempori
1163 2533 1635 2589 convenientem:
1687 2528 1849 2593 Deus,
1917 2527 2126 2588 dicens,

560 2638 768 2692 laudem
820 2633 991 2686 meam
1026 2641 1088 2681 ne
1137 2624 1364 2679 tacueris
1406 2637 1424 2675 :
1459 2621 1708 2691 qubniam
1754 2636 1810 2673 os
1841 2618 2128 2687 peccatoris

560 2742 609 2783 ει
640 2728 807 2781 dolosi
845 2727 900 2777 in
938 2737 1019 2775 me
1063 2731 1308 2787 apertum
1341 2725 1437 2770 est.
1475 2715 1655 2769 Loculi
1686 2721 1807 2766 sunt
1848 2716 2129 2765 adversum

559 2838 643 2875 me
672 2820 853 2888 lingua
888 2815 1092 2876 dolosa,
1130 2823 1175 2865 et
1206 2809 1373 2863 verbis
1402 2808 1506 2860 odii
1535 2808 1991 2859 circumdederunt
2026 2817 2126 2862 me,

560 2922 608 2965 et
656 2912 1095 2978 appugnaverunt
1133 2916 1211 2953 me
1252 2899 1439 2968 gratis.
1487 2896 1595 2949 Pro
1635 2912 1693 2947 eo
1738 2904 1793 2947 ut
1829 2910 1906 2946 me
1934 2893 2126 2962 dilige-

561 3008 697 3063 rent,
733 2994 1198 3051 culunmiabantur
1234 3005 1252 3042 .'
1282 3005 1373 3058 ego
1407 2998 1580 3039 autent
1622 2987 1860 3039 orabam.
1898 2983 1964 3036 Et
2005 2985 2126 3037 red.

566 3093 815 3146 diderunt
879 3086 1005 3139 mihi
1070 3082 1214 3136 mala
1286 3097 1379 3147 pro
1450 3080 1617 3142 bonis,
1674 3088 1722 3131 et
1781 3079 1959 3130 odium
2032 3093 2127 3143 pro

2232 1968 2531 2037 μάρτυρος,
2560 1966 2636 2035 τῷ
2674 1968 2842 2037 πατρὶ
2873 1967 3167 2021 συνθάπτει
3199 1966 3271 2035 τῷ
3303 1965 3519 2029 ἑαυτοῦ,
3550 1964 3809 2034 καθάπερ

2228 2061 2316 2114 διὰ
2339 2061 2435 2128 τῆς
2467 2063 2543 2122 εἰς
2571 2062 2803 2131 Χριστὸν
2828 2060 3121 2127 ὁμολογίας
3151 2062 3311 2113 αὑτὸν
3338 2059 3766 2128 ἑξιδιωσάμενος
3788 2072 3806 2087 ⁹

2230 2155 2320 2205 καὶ
2349 2153 2525 2222 πολλῷ
2556 2155 2651 2222 τῆς
2683 2153 2747 2205 δι’
2770 2153 2998 2221 αἵματος
3030 2154 3353 2220 συγγενείας
3383 2152 3573 2204 τοῦτον
3604 2152 3813 2203 οἰκειόο

2229 2260 2388 2313 τερον
2419 2246 2494 2315 τῷ
2527 2245 2703 2313 ἐαυτῷ
2734 2244 3115 2311 λιγιτάμενος.

2301 2334 2402 2387 ιδ’.
2440 2333 2569 2387 Εἶτα
2602 2338 2627 2387 ὁ
2656 2335 2922 2403 βασιλεὺς·
2941 2334 3031 2385 τὸν
3057 2330 3432 2387 Πανταλέοντα
3458 2335 3640 2388 ἐκάλει
3669 2335 3815 2406 πρὸς

2233 2428 2447 2491 ἑαυτδν,
2490 2429 2580 2481 καὶ
2632 2427 2690 2489 ὃς
2725 2427 3076 2495 ἀπαγόμενος
3127 2428 3330 2477 οἰκεῖον
3363 2427 3437 2495 τῷ
3470 2428 3648 2495 καιρῷ
3696 2430 3815 2490 τοῖς

2230 2521 2435 2590 χείλεσι
2464 2521 2678 2591 ψαλμὸν
2714 2517 2873 2595 ᾖδεν·
2924 2519 2987 2573 '0
3037 2519 3203 2585 Θεὸς,
3236 2518 3350 2585 τὴν
3388 2520 3628 2571 αῖνεσίν
3662 2536 3815 2586 μου,

2228 2613 2401 2682 λέγων
2427 2654 2436 2674 ,
2477 2614 2561 2683 μὴ
2586 2614 3087 2683 παρασιωπήσῃς,
3121 2612 3209 2665 ὅτι
3231 2614 3427 2680 στόμα
3453 2611 3816 2679 ἁμαρτωλοῦ

2230 2708 2327 2759 καὶ
2376 2709 2569 2774 στόμα
2617 2706 2831 2758 δολίου
2874 2706 2964 2757 ἐπ’
3002 2707 3107 2773 ἐμὲ
3143 2706 3435 2774 ἠνοίχυηο
3490 2706 3817 2770 ἐλάλησαν·

2232 2800 2359 2849 κατ’
2420 2797 2566 2865 ἐμοῦ
2628 2798 2878 2866 γλώσσῃ
2935 2796 3139 2861 δολίῃ,
3203 2799 3300 2849 καὶ
3339 2797 3542 2865 λόγοις
3589 2799 3816 2864 μίσους

2230 2889 2584 2943 eammeam
2618 2889 2830 2956 με,καὶ
2874 2885 3263 2954 ἐπολέμησάν
3298 2902 3372 2954 με
3396 2886 3642 2952 δωρεὰν,
3673 2887 3817 2940 ἀντὶ

2230 2979 2334 3033 τοῦ
2366 2978 2608 3046 ἀγαπᾷν
2640 2994 2736 3047 με,
2779 2975 3173 3029 ἐνδιέὅαλλύν
3216 2993 3321 3043 με,
3370 2975 3484 3045 ἐγὼ
3526 2976 3592 3029 δὲ
3616 2991 3818 3045 προσ-

2228 3074 2528 3141 ηυχόμην.
2564 3072 2659 3123 καὶ
2703 3072 2908 3123 ἔθεντο
2945 3070 3074 3122 κατ’
3122 3068 3268 3138 ἐμοῦ
3305 3070 3460 3122 κακὰ
3499 3069 3631 3122 ἀντὶ
3664 3070 3819 3138 ἀγα-

564 3182 840 3235 dilectione
872 3193 1007 3230 nica.
1060 3173 1166 3229 Sed
1212 3172 1291 3239 {er
1324 3172 1449 3224 mihi
1494 3186 1666 3236 opem,
1719 3169 1936 3219 Domine
1988 3165 2126 3220 Deus

2239 3163 2351 3218 θῶν
2381 3164 2474 3217 καί
2520 3165 2695 3232 μίσος
2736 3164 2869 3215 ἀντὶ
2910 3162 3015 3230 τῆς
3065 3162 3424 3231 ἀγαπήσεως
3452 3177 3609 3231 μου·
3650 3162 3824 3217 ἀλλὰ

566 3288 732 3331 meus,
773 3281 821 3322 et
860 3268 1065 3320 salvum
1103 3280 1183 3316 me
1218 3265 1303 3331 {ac
1332 3261 1617 3313 secundum
1650 3270 1795 3312 tuam
1831 3258 2126 3311 miscricor-

565 3364 733 3417 diam.
759 3359 1082 3417 Induautur,
1127 3355 1215 3416 qui
1244 3369 1323 3406 me
1349 3350 1771 3413 calumniantur,
1805 3351 2126 3420 confusione,

563 3464 614 3509 ει
662 3452 1013 3513 amiciuntur,
1066 3460 1324 3513 tanquam
1364 3443 1613 3513 diploide,
1658 3442 1948 3510 ignominia
1982 3456 2075 3491 sua
2112 3455 2128 3490 :

568 3561 751 3599 servus
809 3551 991 3594 autem
1040 3550 1162 3591 tuus
1204 3537 1473 3589 lwtabitur
1522 3536 1577 3585 in
1628 3538 1675 3587 te
1723 3532 1764 3585 ³.
1803 3532 1939 3585 Cum
1979 3530 2131 3584 finita

566 3646 748 3692 autem
785 3643 929 3689 esset
961 3630 1081 3701 ejus
1116 3629 1380 3700 precatio,
1418 3628 1573 3681 stetit
1602 3639 1785 3680 eorum
1836 3638 1981 3693 rege,
2017 3633 2129 3684 aut.

568 3739 628 3783 ut
674 3727 877 3781 melius
909 3726 1110 3787 dicam,
1159 3737 1266 3774 non
1302 3735 1485 3773 coram
1531 3718 1645 3779 illo,
1687 3716 1783 3770 sed
1820 3730 2001 3770 coram
2034 3715 2133 3769 im-

569 3820 813 3879 mortali,
867 3824 923 3869 et
975 3830 1042 3869 eo
1098 3812 1187 3883 qui
1242 3821 1325 3865 est
1380 3810 1435 3863 in
1506 3819 1797 3863 aeternum.
1842 3807 2036 3863 Coram
2070 3823 2136 3862 eo

569 3910 714 3963 enim
750 3921 877 3961 vere
916 3908 1119 3963 Stabat,
1152 3911 1208 3953 et
1241 3906 1422 3951 mente
1455 3892 2011 3947 eonversabatur.Cui
2044 3893 2135 3945 ille

571 4000 810 4069 primum
859 3991 1065 4063 placide
1116 3997 1172 4045 et
1226 3986 1507 4055 benigne:
1564 3982 1681 4036 Non
1726 3981 1868 4037 bona
1902 3989 2048 4042 sunt,
2105 3994 2137 4034 0

570 4090 894 4149 Pantolcon,
935 4099 1000 4137 ea
1045 4097 1165 4151 qum
1196 4084 1259 4135 dc
1292 4089 1344 4133 te
1374 4078 1701 4139 audivimus,
1735 4092 1763 4129 a
1802 4084 1851 4128 te
1882 4089 2135 4146 magnum

570 4183 789 4255 quidem
840 4192 957 4234 esse
1000 4174 1334 4243 contemptui
1379 4172 1621 4224 habitum
1660 4167 2053 4235 lEsculapium,
2086 4175 2139 4219 et

570 4278 728 4337 alios.
771 4272 862 4343 qui
905 4280 1035 4325 sunt
1082 4267 1220 4336 apud
1255 4276 1327 4329 te,
1377 4263 1509 4317 deos
1560 4280 1572 4315 :
1626 4263 1679 4315 in
1730 4262 1881 4314 illum
1956 4268 2137 4312 autem

570 4368 875 4427 Christum,
910 4360 1000 4429 qui
1031 4357 1169 4413 male
1205 4356 1388 4427 periit,
1424 4364 1476 4410 te
1511 4363 1656 4407 tuam
1688 4368 1838 4420 spem
1869 4353 2133 4421 posuisse,

570 4466 625 4512 et
672 4470 795 4509 emn
852 4450 1029 4507 solum
1083 4448 1251 4502 Deum
1306 4446 1609 4500 nominare.
1660 4445 1980 4511 Quanquam
2027 4457 2134 4496 non

572 4550 789 4619 ignoras
838 4543 1084 4599 omnino.
1129 4555 1291 4608 quam
1324 4552 1421 4606 ego
1454 4548 1506 4591 te
1549 4537 1801 4605 benignis
1832 4535 2138 4603 aspexerim

574 4638 771 4699 oculis,
824 4643 878 4689 et
926 4630 1409 4701 quemadmodum,
1458 4643 1578 4680 eum
1630 4642 1730 4697 ego
1780 4638 1829 4680 te
1874 4628 1928 4680 in
1962 4641 2138 4679 meam

573 4728 926 4785 adscivissem
961 4724 1243 4785 familiam,
1293 4722 1611 4791 praeceptori
1658 4731 1750 4774 tuo
1780 4719 2143 4789 Euphrosyno

577 4822 868 4890 diligenter
906 4815 1299 4879 mandaverint,
1335 4822 1390 4864 ut
1422 4821 1475 4866 te
1508 4812 1909 4879 quamprimum
1944 4810 2145 4863 faceret

573 4914 631 4965 in
689 4908 962 4964 medicina
1010 4904 1548 4976 prmstantissimum,
1601 4912 1661 4956 ut
1711 4902 1842 4955 mihi
1892 4918 1953 4955 ea
1997 4902 2048 4955 iu
2086 4916 2143 4954 re

578 5016 769 5076 posses
796 5015 919 5055 esse
954 4998 1090 5052 usui.
1129 4995 1206 5050 Tu
1240 4994 1604 5050 autem...Sed
1637 4995 1864 5047 omnino
1893 4996 2147 5048 homines

579 5096 747 5151 multa
807 5091 940 5146 falsa
990 5090 1227 5143 dixerint
1282 5097 1337 5141 et
1373 5089 1577 5146 inania.
1640 5087 1707 5141 Et
1770 5089 1892 5142 ideo
1954 5096 2005 5141 te
2066 5105 2147 5142 ac.

577 5186 799 5250 eersivi,
856 5194 914 5238 ut
947 5183 1034 5237 illa
1070 5196 1189 5251 quae
1219 5196 1248 5235 a
1308 5197 1390 5236 me
1440 5190 1567 5235 sunt
1602 5181 1805 5243 audita,
1852 5191 2149 5253 arguantur

578 5296 699 5336 esse
719 5295 874 5340 vana,
892 5288 943 5330 et
959 5276 1259 5331 invidorum
1272 5278 1469 5345 alioqui
1490 5276 1772 5330 hominum
1789 5278 2145 5330 calumniam:

578 5381 633 5422 et
668 5366 917 5421 maximis
944 5365 1068 5429 diis,
1092 5374 1146 5417 ut
1176 5380 1272 5434 par
1298 5366 1614 5429 est,oﬂeras
1631 5367 1981 5420 sacriticium.

651 5456 873 5512 χιιι.Αά
915 5457 1029 5510 htec
1077 5455 1373 5511 Pan-lolcon
1406 5475 1420 5513 :
1451 5457 1636 5523 Facta,
1671 5458 1870 5528 inquit,
1910 5475 1942 5513 ο
1973 5460 2148 5531 impe-

580 5561 751 5615 ratur,
795 5558 922 5603 sunt
964 5549 1145 5603 verbis
1184 5552 1356 5621 magis
1405 5550 1685 5606 credibilia
1737 5560 1793 5604 et
1837 5551 2149 5619 fortiora,et

582 5654 706 5699 ante
749 5657 942 5699 omnes
992 5641 1211 5712 quidem
1257 5658 1345 5696 res
1392 5643 1528 5697 alias
1574 5643 1883 5713 praecedere
1928 5655 2145 5715 oportet

584 5800 607 5835 ³
630 5801 766 5854 Psal.
799 5814 945 5866 cvm,
976 5800 1087 5865 1-5,
1120 5797 1203 5866 26,
1248 5798 1339 5864 28,
1360 5800 1450 5857 29.

2226 3255 2543 3323 ,βοήθησόν
2570 3275 2699 3323 μοι,
2734 3258 2907 3322 Κύριε
2943 3261 2973 3309 d
3015 3256 3161 3319 Θεός
3205 3272 3344 3318 μου,
3368 3256 3464 3308 καί
3498 3254 3712 3309 σῶσόν
3743 3272 3821 3323 με

2232 3346 2381 3400 κατὰ
2431 3349 2493 3398 τὸ
2550 3347 2718 3409 ἔλεός
2753 3364 2870 3398 σου
2892 3362 2907 3375 ⁸
2962 3345 3450 3399 ἑνδυσάσθωσαν
3486 3349 3541 3399 ol
3575 3346 3820 3400 διαϐάλ-

2232 3438 2445 3501 λοντές
2495 3453 2569 3505 με
2616 3435 2938 3501 ἐντροπὴν,
2991 3436 3089 3487 καὶ
3144 3436 3683 3499 περισαλέσθωσαν
3733 3439 3822 3503 ὡς

2233 3526 2510 3582 διπλοΐδα
2565 3528 2868 3594 αἰσχύνην
2923 3525 3160 3580 αὐτῶν·
3214 3530 3247 3579 ὀ
3299 3525 3366 3577 δὲ
3416 3526 3643 3593 δοῦλός
3690 3545 3819 3583 σου

2233 3621 2714 3687 εὐφρανθήσεται
2762 3619 2862 3671 ἐπὶ
2921 3621 3045 3676 σοί.
3101 3620 3214 3673 Καὶ
3267 3619 3366 3686 τῆς
3427 3620 3595 3688 εὐχῆς
3663 3620 3825 3690 αὐτῷ

2235 3707 2495 3779 ληξάσης,
2535 3710 2779 3777 εἱστήκει
2819 3709 2912 3762 τοῦ
2946 3709 3216 3779 βασιλέως
3240 3709 3500 3776 ἐνώπιον,
3538 3711 3570 3781 ἢ
3611 3710 3826 3780 μᾶλλον

2236 3804 2433 3867 εἰπεῖν,
2463 3803 2563 3855 οὐκ
2589 3804 2824 3865 ἐκείνου,
2855 3803 2947 3855 τοῦ
2976 3803 3249 3857 ἀθανάτου
3277 3803 3332 3856 δὲ
3356 3805 3450 3857 καὶΙ
3483 3802 3829 3868 διαιωνίζονο

2238 3908 2352 3955 τος.
2388 3894 2547 3961 Αὐτῷ
2583 3897 2689 3961 γὰρ
2722 3891 2790 3962 ἦν
2826 3896 3239 3963 παριστάμενος
3270 3897 3492 3966 ἀληθῶς
3521 3899 3665 3949 κατά
3690 3900 3827 3952 νοῦν

2239 3986 2288 4037 οί
2324 3986 2737 4055 συγγινόμενος.
2776 3986 2835 4038 ὃν
2866 3988 3074 4050 ἐκεῖνος
3115 3988 3341 4058 ὁμαλῶς
3379 3991 3447 4042 τὰ
3484 3991 3678 4060 πρῶτα
3722 3996 3829 4049 καὶ

2241 4078 2362 4132 λίαν
2400 4064 2600 4148 ἠπίωςέ
2631 4080 2745 4132 Οὐκ
2770 4078 2973 4145 ἀγαθά,
3007 4080 3214 4149 ἔλεγεν,
3261 4074 3306 4135 ὧ
3338 4082 3659 4157 Παντόλεον,
3688 4084 3726 4137 ἃ.
3758 4085 3829 4155 δὴ

2242 4174 2371 4240 περὶ
2399 4170 2494 4223 σοῦ
2538 4172 2883 4241 ἀκηκόαμεν,
2924 4173 2999 4235 ὡς
3032 4174 3343 4242 ἠμελῆσθαι
3386 4175 3485 4243 μὲν
3516 4175 3609 4227 τὸν
3642 4175 3829 4245 μέγαν

2256 4259 2585 4329 Ἀσκληπιὸν
2624 4264 2719 4313 καὶ
2756 4262 2881 4320 τοὺς
2929 4260 3122 4321 ἀλλους
3176 4262 3329 4331 παρά
3373 4266 3457 4313 σοὶ
3502 4264 3684 4328 θεοὺς,
3726 4269 3828 4319 ἐπὶ

2244 4349 2483 4421 Χριστὸν
2507 4351 2563 4401 δὲ
2598 4353 2802 4403 ἐκεῖνον
2830 4351 2919 4401 τὸν
2944 4352 3268 4407 ἀπολωλότα
3297 4352 3483 4415 κακῶς
3508 4356 3607 4408 ἀνα
3620 4358 3830 4427 ρτῆσαί

2248 4460 2307 4495 σε
2334 4443 2431 4505 τὰς
2457 4442 2678 4506 ἑλπίδας
2706 4442 2798 4495 καὶ
2826 4442 3013 4496 τοῦτον
3042 4445 3203 4514 μόνον
3218 4446 3504 4515 ὀνομάζειν
3524 4448 3680 4516 θεὸν,
3700 4452 3802 4504 καί
3826 4478 3834 4489 -

2248 4552 2395 4602 τοιγε
2428 4536 2527 4588 οὐκ
2554 4536 2829 4607 ἠγνόησας
2857 4537 2925 4589 τὰ
2953 4538 3062 4607 ἐμὰ
3086 4538 3422 4599 πάντως,κα“ι
3437 4533 3545 4591 οἷον
3569 4542 3828 4611 εὐμενῶς

2250 4632 2435 4700 ἑώρων
2468 4631 2602 4700 πρὸς
2634 4632 2693 4681 σε
2739 4630 2831 4681 καὶ
2892 4631 3038 4692 ὅπως
3067 4630 3498 4701 ὲξοικεεούμενός
3532 4649 3591 4686 σε
3650 4636 3831 4691 πολλὰ

2250 4721 2325 4791 τῷ
2366 4721 2672 4791 διδασκάλῳ
2725 4738 2818 4773 σου
2852 4722 3187 4794 Εὑφροσύνῳ
3235 4726 3563 4795 ἐπήγγειλα.
3598 4728 3834 4797 ἄριστόν

2252 4828 2309 4863 σε
2348 4813 2443 4879 τὴν
2496 4813 2747 4883 ἰατρικὴν
2795 4814 2869 4877 ὡς
2918 4814 3149 4884 τάχιστα
3183 4818 3491 4881 ἀποδεῖξαι,
3530 4817 3679 4872 ὥστε
3739 4802 3834 4893 μοι

2250 4904 2321 4954 τά
2366 4905 2499 4973 πρὸς
2532 4906 2702 4976 τούτῳ
2738 4906 3038 4976 εῦχρηστον
3068 4904 3230 4962 εἶναι.
3266 4909 3337 4961 Σὺ
3368 4908 3444 4973 δὲ,
3479 4909 3618 4965 ἀλλά
3654 4915 3835 4968 πολλά

2253 4996 2471 5057 πάντως
2506 4995 2710 5047 εἴποιεν
2744 4995 3021 5065 ἄνθρωποι
3054 4995 3267 5065 ψευδῶς
3291 5000 3384 5049 καὶ
3418 5001 3692 5068 ματαίως,
3732 5008 3833 5059 καὶ

2252 5088 2339 5139 δια
2368 5088 2526 5140 τοῦτό
2559 5105 2617 5141 σε
2654 5090 3099 5159 προσκέκλημαι,
3135 5088 3277 5143 ὥστε
3311 5094 3542 5147 κάκεῖνα
3575 5095 3723 5168 ἅπερ
3760 5100 3829 5168 δὴ

2254 5184 2350 5235 καὶ
2390 5184 2636 5252 ἠκούσθη
2674 5202 2785 5253 μοι,
2822 5186 2954 5237 κενὰ
2985 5185 3156 5255 δήπου
3203 5188 3299 5237 xui.
3330 5184 3618 5254 βασκάνων
3651 5190 3835 5255 ἄλλως

2252 5276 2611 5342 συκοφαντίαν
2661 5276 3067 5346 ἀπελεγχθῆναι
3116 5279 3209 5330 καὶ
3263 5279 3323 5331 σὲ
3378 5282 3489 5342 τοῖς
3538 5282 3835 5349 μεγίστοις

2256 5367 2418 5431 θεοῖς,
2446 5366 2520 5429 ὡς
2549 5366 2815 5437 προσῆκε,
2850 5366 3043 5419 θυσίαν
3074 5370 3485 5437 προσενεγκεῖν.

2330 5461 2427 5513 ll".
2493 5458 2634 5530 Πρὸς
2688 5460 2862 5513 ταῦτα
2912 5464 2938 5514 ὁ
2992 5463 3347 5517 Παντολέων*
3384 5466 3562 5537 Ἐργα
3624 5469 3833 5539 λόγων,

2262 5551 2504 5621 βασιλεῦ,
2557 5553 2683 5622 ἔφη,
2717 5556 3017 5625 πιστότερά
3073 5572 3130 5609 τε
3166 5558 3256 5608 καὶ
3330 5560 3698 5632 ἰσχυρότερα,
3740 5568 3839 5617 καὶ

2256 5644 2471 5700 πάντων
2498 5645 2597 5715 μὲν
2638 5646 2730 5699 καὶ
2760 5645 2867 5701 τῶν
2892 5647 3069 5703 ἄλλων
3098 5651 3444 5721 πραγμάτων
3473 5655 3660 5708 πίστιν
3700 5674 3838 5729 προ-
