3972 6464
190 416 290 484 461

1353 433 1525 495 VITA
1563 434 1624 495 S.
1666 432 2320 504 PANTELEEMONIS.

3329 9 3845 19 __—_—_—__

3352 457 3459 521 462

188 531 449 604 ηγιῖσθαι
494 536 579 590 δεῖ
651 539 745 593 καὶ
775 540 1060 612 ἀλήθειαν.
1128 543 1193 598 Ἦ
1213 544 1271 599 δὲ
1322 548 1452 617 περὶ
1502 548 1564 601 τὸ
1618 548 1752 602 Θείοε

1884 550 2044 607 ﬁdem
2093 564 2148 609 et
2200 558 2514 613 veritatem.
2568 558 2626 615 ltt
2664 562 2835 619 Deum
2875 575 3057 621 autem
3105 568 3308 639 pietas,
3346 588 3455 643 quo

187 628 452 684 εὐσέϐεια
476 632 603 685 ὅσον
627 633 959 705 ὑψηλοτέρα,
985 636 1247 691 τοσοῦτον
1271 636 1382 708 ἄρα
1404 641 1499 693 καὶ
1531 641 1777 707 πλείονος

185 720 419 794 δεομένη
452 725 554 794 τῆς
582 726 892 797 ἀκριϐείας.
940 730 998 781 '0
1024 731 1121 799 μὲν
1149 725 1243 785 οὖν
1274 732 1405 803 παρ’
1438 734 1576 805 ἐμοῦ
1609 754 1777 808 προσ·

184 830 353 868 κννου
362 834 528 885 μενος
566 820 798 888 οὐρανὸν
833 824 1082 892 ἐποίησε,
1105 824 1209 891 γῆν
1240 825 1541 897 ὑπέστησε,
1564 834 1778 900 νεκροῖς

182 910 516 975 ἀνάστασιν,
563 913 790 980 τυφλοῖς
837 915 1157 984 ἀνάϐλεψιν,
1200 916 1427 989 λεπροῖς
1480 922 1772 993 κάθαρσιν,

183 1002 554 1070 παρειμένοις
618 1004 923 1074 ἀνόρθωσιν
953 1005 1225 1077 θελήματι
1289 1011 1437 1080 μόνῳ
1491 1014 1586 1066 καὶ
1634 1013 1774 1085 λόγῳ

183 1093 459 1162 παρέσχε.
491 1092 617 1147 Θεοὶ
648 1096 705 1149 δὲ
736 1100 783 1148 οί
813 1098 946 1167 παρ’
979 1098 1136 1167 ὑμῶν
1161 1096 1454 1170 λεγόμενοι
1484 1107 1579 1157 καὶ
1614 1107 1771 1160 σεϐό-

183 1198 343 1253 μενοι
373 1186 477 1238 οὐκ
509 1183 629 1239 οἶδα
680 1189 735 1239 εί
767 1204 821 1241 τι
863 1190 1110 1245 τοιοῦτον
1141 1187 1174 1264 ἢ
1213 1196 1545 1265 εἰργάσαντο
1572 1194 1603 1267 ἢ
1636 1200 1772 1264 ὅλως

177 1276 291 1328 elei.
358 1276 585 1329 δυνατοὶ
647 1279 1015 1349 ἐργάσασθαι.
1072 1285 1133 1337 El
1192 1285 1251 1339 δὲ
1304 1287 1502 1357 βούλει.
1548 1291 1640 1341 καὶ
1673 1288 1770 1342 νῦν

176 1368 369 1431 αὐτοῖς
400 1370 719 1437 πράγμασι,
764 1371 1014 1441 βασιλεῦ,
1050 1376 1150 1447 τὴν
1179 1376 1412 1446 βάσανον
1444 1379 1644 1449 δῶμεν,
1679 1379 1770 1435 καὶ

176 1456 515 1529 παρελθέτω
551 1477 634 1524 τις
674 1461 910 1517 ἐνταῦθα
955 1467 1065 1517 τῶν
1099 1467 1295 1521 ἀνίατα
1341 1470 1643 1525 νοσούντων
1677 1476 1769 1527 καὶ

171 1543 250 1603 ὧν
300 1552 627 1624 ἀνθρωπίνη
706 1558 873 1628 τέχνη
921 1562 1018 1612 καὶ
1089 1564 1211 1631 χεὶρ
1272 1560 1615 1633 ἀπαγορεύει
1667 1567 1768 1636 τὴν

171 1644 961 1717 θεραπείαν.ῐῖαρελθέτωσαν
985 1644 1040 1704 δὲ
1071 1657 1161 1705 καὶ
1184 1654 1231 1705 οί
1262 1658 1394 1726 παρ’
1419 1655 1549 1726 ὑμῖν
1578 1659 1762 1730 ἱερεῖς.

170 1731 310 1790 Εἶτα
344 1739 675 1809 ἐπικλητέον
709 1744 942 1805 ἐκείνοις
977 1745 1079 1812 μὲν
1120 1744 1361 1815 πρώτοις
1395 1751 1522 1812 τοὺς
1554 1746 1768 1804 ἑαυτῶν

170 1828 361 1894 θεοὺς,
395 1833 523 1901 ἐμοὶ
566 1822 623 1886 δὲ
655 1836 747 1886 τὸν
781 1835 876 1888 ὑπ’
925 1836 1063 1906 ἐμοῦ
1109 1838 1512 1909 λατρευόμενον
1561 1841 1677 1907 καὶ,
1706 1842 1766 1906 ὃς

167 1924 239 1977 ἄν
280 1924 620 1993 ὀνομασθεὶς
655 1926 873 1994 φυγάδα
909 1927 1028 1999 θείη
1076 1930 1176 2000 τὴν
1210 1931 1389 1997 νόσον,
1425 1925 1582 1996 οὗτος
1626 1934 1759 1995 Θεὸς

170 2016 342 2085 μόνος
374 2018 471 2069 καὶ
494 2017 802 2085 λογιζέσθω
828 2019 1004 2091 δήπου
1032 2020 1129 2074 καὶ
1156 2023 1475 2087 σεδαζέσθω
1497 2038 1510 2052 ⁸
1548 2025 1678 2086 τοὺς
1703 2023 1760 2077 ει

163 2108 369 2171 ἄλλους
407 2108 672 2179 οἰμώζειν
709 2111 913 2182 ἐῶμεν,
962 2114 1134 2183 λήθην
1180 2115 1359 2166 αὐτῶν
1395 2113 1617 2183 μακρὰν
1660 2131 1760 2167 κα-

164 2202 471 2270 ταχέαντες
496 2242 510 2255 .
540 2203 781 2271 Ἦρεσκε
813 2204 985 2255 ταῦτα
1009 2206 1087 2272 τῷ
1119 2205 1349 2273 βασιλεῖ.
1384 2202 1520 2258 Θεοῦ
1552 2207 1661 2275 γὰρ
1690 2203 1760 2275 ἦν

164 2293 330 2345 τοῦτο
362 2295 463 2346 καὶ
503 2295 603 2363 τῆς
639 2294 852 2348 ἄνωθεν
894 2298 1156 2367 προνοίας
1203 2299 1516 2368 οἰκονομία,
1559 2299 1647 2352 ἴνα
1692 2300 1758 2369 δὴ

164 2381 233 2430 τὰ
263 2379 369 2447 τῆς
396 2380 642 2444 πίστεως
674 2384 770 2435 καὶ
801 2385 917 2448 τοῖς
947 2385 1167 2459 ἐχθροῖς
1195 2389 1549 2459 ἀναμφίλογα
1580 2385 1635 2462 ᾗ,
1660 2390 1759 2443 καὶ

164 2471 342 2533 οὕτως
374 2474 434 2525 ὲν
462 2474 541 2544 τῷ
583 2482 861 2547 προφανεῖ
892 2479 1095 2550 μᾶλλον
1128 2482 1407 2551 νικήσειεν
1433 2485 1464 2553 ἡ
1498 2483 1755 2555 ἀλήθεια.

234 2564 335 2621 M'.
375 2570 606 2637 Ἀγεται
640 2572 819 2624 τοίνυν
870 2575 950 2636 είς
984 2575 1150 2641 μέσον
1208 2577 1541 2645 παρειμένος
1592 2578 1759 2646 ἀνὴρ,

164 2659 493 2730 κλινοπετὴς
523 2662 600 2713 ὢν
653 2664 747 2714 καὶ
782 2663 859 2731 τῷ
906 2665 1211 2734 παραμένει)
1269 2666 1500 2735 παρέσει
1557 2668 1756 2737 μικροῦ

165 2753 331 2805 πλέον
368 2754 471 2823 τῆς
502 2753 735 2822 ἐχούσης
762 2755 924 2807 αὑτὸν
956 2754 1147 2826 κλίνης
1180 2757 1316 2828 μηδὲ
1347 2758 1617 2812 κινεῖσθαι
1664 2758 1755 2813 δυο

163 2846 425 2912 νάμενος.
462 2846 837 2915 Παριατᾶντες
878 2844 973 2901 οὗν
1002 2850 1051 2901 οἱ
1081 2850 1190 2903 τῶν
1233 2851 1481 2919 ματαίων
1515 2852 1652 2906 θεῶν
1680 2855 1725 2905 ie

166 2940 275 3007 ρεῐς
315 2954 377 2989 τε
403 2940 497 2991 καὶ
537 2938 712 3009 ἰατροὶ
743 2942 1124 3009 ματαιότατοι,
1153 2941 1202 2994 oi
1254 2943 1354 3011 μὲν
1397 2944 1751 3014 Ἀσκληπιὸν,

162 3031 209 3082 οί
240 3031 296 3083 δὲ
334 3031 459 3094 Δία,
490 3033 538 3083 oi
569 3031 624 3084 δὲ
666 3034 954 3101 Ἄρτεμιν,
1008 3034 1159 3087 ἄλλοι
1194 3035 1249 3087 δὲ
1307 3036 1500 3100 ἄλλους
1554 3041 1755 3091 ἐπεκα-

162 3122 372 3186 λοῦντο,
428 3123 651 3193 ἀνόητοι
709 3127 954 3192 ἀνοήτων
1015 3127 1193 3178 ίκέται
1249 3128 1622 3198 δεικνύμενοι,
1658 3132 1753 3183 καὶ

166 3214 403 3279 μάλιστα
430 3216 490 3265 ἐν
517 3214 689 3278 οὕτως
722 3216 942 3286 ὲκτὸπῳ
977 3218 1070 3270 καὶ
1110 3219 1387 3289 ὑπερφυεί
1441 3222 1747 3291 πράγματι·

1880 655 1966 699 est
2009 648 2303 715 excelsior,
2336 666 2402 706 eo
2434 654 2624 724 majori
2656 656 2995 725 perfectione
3022 670 3075 716 et
3108 663 3458 722 absolutione

1879 738 2106 809 indiget.
2166 742 2344 813 Atque
2398 745 2445 801 is
2503 747 2753 816 quidem,
2803 752 2895 821 qui
2949 767 2978 807 a
3033 770 3123 810 me
3166 758 3372 815 colitur
3402 770 3457 817 et

1875 830 2156 897 adoratur,
2200 837 2399 891 caelum
2436 838 2595 905 fecit,
2636 851 2835 898 terram
2866 848 3174 908 constituit.
3205 861 3456 909 mortuos

1876 924 2185 992 suscitavit,
2230 930 2390 984 caecis
2429 932 2606 987 visum
2652 937 2911 1004 reddidit,
2944 940 3193 1010 leprosos
3219 948 3452 1011 curavit,

1879 1018 2222 1089 paralyticos
2258 1026 2433 1079 erexit
2465 1044 2478 1080 :
2507 1026 2671 1098 idque
2702 1031 2815 1084 sola
2854 1032 3137 1091 voluntate
3170 1048 3225 1092 et
3260 1039 3453 1095 verbo.

1874 1107 1981 1174 Qui
2010 1123 2192 1167 autem
2222 1130 2250 1167 a
2280 1116 2435 1171 vobis
2465 1116 2729 1174 dicuntur
2759 1130 2815 1177 et
2843 1124 3104 1180 coluntur
3134 1128 3236 1195 dii,
3272 1132 3455 1189 nescio

1872 1218 1940 1255 an
1975 1206 2178 1275 aliquid
2206 1205 2312 1263 tale
2346 1209 2599 1276 fecerint,
2628 1225 2725 1270 aut
2751 1218 2967 1286 possint
2991 1222 3219 1278 omnino
3248 1223 3452 1279 facere.

1872 1292 1939 1348 Et
1980 1296 2028 1350 si
2068 1298 2223 1362 velis,
2262 1300 2313 1355 id
2349 1317 2496 1356 nunc
2544 1318 2601 1357 re
2650 1305 2769 1376 ipsa
2803 1310 3177 1378 experiamur.
3215 1317 3455 1369 Accedat

1874 1386 1982 1441 huc
2030 1392 2231 1461 aliquis
2278 1408 2342 1448 ex
2385 1395 2452 1450 iis
2488 1398 2578 1465 qui
2615 1398 2866 1457 laborant
2900 1405 3454 1467 lmmedicablliter.et

1870 1494 2103 1547 quorum
2131 1486 2472 1541 curationem
2498 1489 2752 1561 desperat
2781 1508 2869 1548 ars
2894 1495 3129 1550 humana
3153 1505 3206 1552 et
3234 1513 3448 1555 manus.

1871 1573 2154 1630 Accedant
2188 1588 2373 1633 autem
2421 1582 2608 1645 etiam,
2660 1585 2755 1651 qui
2807 1597 2936 1642 sunt
2963 1590 3107 1659 apud
3140 1605 3238 1646 vos
3269 1607 3455 1648 sacer-

1871 1662 2050 1720 dotes.
2080 1665 2285 1722 Deinde
2325 1671 2394 1725 ab
2422 1673 2503 1728 eis
2537 1674 2759 1742 quidem
2795 1689 2922 1733 sunt
2954 1682 3189 1750 primum
3221 1684 3295 1738 dii
3329 1685 3452 1739 illo.

1870 1772 1990 1811 rum
2028 1759 2315 1815 invocandi
2349 1780 2363 1816 :
2407 1782 2435 1817 a
2467 1779 2553 1820 me
2588 1779 2771 1823 autem
2806 1787 2852 1825 ts
2892 1789 3054 1842 quem
3088 1778 3229 1831 colo.
3264 1778 3324 1832 Et
3358 1784 3451 1851 qui

1871 1850 2189 1908 nominatus
2233 1855 2485 1911 morbum
2528 1858 2821 1929 fugaverit,
2853 1864 2899 1919 is
2929 1866 3072 1921 Deus
3101 1870 3251 1924 solus
3290 1850 3451 1944 repu-

1797 1929 1837 1983 Β
1869 1948 2013 1995 tetttr
2042 1953 2096 1995 et
2126 1944 2339 2000 colatur
2370 1965 2385 2001 :
2415 1949 2550 2005 alios
2579 1964 2763 2007 autem
2796 1955 2850 2007 in
2886 1958 3085 2015 malam
3117 1976 3228 2015 rem
3258 1976 3452 2019 aman-

1866 2031 2082 2095 demus,
2111 2050 2207 2089 eos
2236 2054 2429 2110 magna
2456 2042 2757 2100 obrttentes
2785 2046 3081 2106 oblivione.
3116 2052 3449 2112 Placuernttt

1865 2122 1981 2178 haec
2019 2126 2361 2196 imperatori.
2403 2134 2533 2190 Erat
2567 2140 2713 2193 enim
2746 2140 2848 2196 ltoc
2888 2142 2979 2198 Dei
3008 2156 3063 2198 et
3096 2146 3296 2205 divina:
3328 2152 3449 2221 ejus

1864 2219 2227 2285 providentia:
2270 2228 2586 2293 consilium,
2623 2242 2682 2285 ut
2712 2235 2792 2290 sic
2826 2248 2970 2293 recta
3006 2241 3142 2299 ﬁdes
3177 2247 3259 2300 vel
3301 2219 3447 2319 apud

1863 2306 2014 2376 ipsos
2078 2311 2339 2370 inimicos
2393 2331 2541 2377 esset
2597 2324 2733 2378 citra
2787 2336 3247 2404 controversiam,
3281 2351 3337 2395 et
3390 2343 3444 2395 in

1862 2411 2058 2468 aperto
2094 2405 2269 2475 magis
2309 2408 2559 2469 vinceret
2609 2418 2836 2475 veritas.

1933 2559 2074 2664 XlV.
2102 2564 2410 2623 Adducitnr
2438 2574 2623 2644 itaque
2643 2579 2695 2633 in
2717 2582 2955 2639 medium
2984 2588 3065 2640 vir
3092 2592 3443 2664 paralyticus,

1860 2653 1952 2720 qui
1980 2653 2092 2720 jam
2127 2657 2290 2727 longo
2324 2673 2571 2733 tempore
2626 2670 2994 2732 tlecutnbebat
3035 2653 3107 2733 in'
3137 2653 3300 2748 lecto,
3362 2698 3419 2741 et

1857 2746 1949 2811 qui
1993 2753 2384 2817 propemodum
2418 2770 2525 2810 tton
2561 2773 2773 2826 peteret
2804 2770 2973 2837 magis
3007 2775 3234 2836 moveri,
3280 2791 3444 2845 quam

1857 2839 2109 2907 quicum
2157 2846 2376 2901 tenebat
2421 2849 2615 2908 lectus.
2662 2856 2798 2910 Cum
2848 2859 3031 2928 itaque
3079 2870 3442 2926 accessissent

1858 2945 2126 2988 vanorum
2167 2937 2392 2992 deorum
2426 2944 2762 3009 sacerdotes,
2804 2958 2858 3003 et
2890 2952 2926 3005 ii
2962 2955 3054 3023 qui
3089 2959 3289 3024 versati
3324 2962 3442 3017 fue‘

1859 3036 1979 3079 rant
2033 3028 2086 3081 in
2144 3032 2436 3095 medicina,
2494 3037 2585 3091 alii
2638 3042 2859 3109 quidem
2892 3044 3296 3120 Esculapium,
3350 3056 3440 3111 alii

1856 3134 1988 3173 vero
2043 3118 2256 3186 Jovem,
2311 3127 2403 3179 alii
2450 3140 2631 3183 autem
2686 3134 2934 3199 Dianam,
2984 3139 3075 3194 alii
3124 3160 3255 3198 vero
3306 3149 3442 3206 alios

1857 3210 1991 3266 deos
2043 3212 2395 3286 invocabant,
2442 3233 2688 3280 amentes
2722 3228 2787 3281 iis
2832 3232 2998 3287 rebus
3041 3239 3437 3307 supplicantes.

164 3303 271 3356 ἴσον
305 3305 417 3375 γὰρ
446 3301 511 3374 ἦν
548 3307 711 3359 αὐτὸν
742 3309 1016 3378 passam
1044 3312 1139 3363 καὶ
1168 3313 1297 3374 τοὺς
1344 3312 1565 3366 ἐκείνων
1594 3314 1750 3379 θεοὺς

1859 3318 1980 3371 qua:
2017 3320 2201 3363 mente
2230 3320 2285 3364 et
2315 3326 2481 3368 sensu
2528 3330 2739 3382 carent,
2772 3332 2827 3377 et
2870 3329 3107 3383 maxime
3140 3332 3195 3385 itt
3231 3348 3291 3389 re
3328 3344 3437 3390 tam

160 3399 418 3469 αἴσθησιν
452 3399 688 3469 ὀρθῆναι
724 3404 816 3454 καὶ
851 3403 1012 3472 λόγον
1046 3405 1292 3474 ἔχοντας.
1348 3406 1479 3460 Τίνα
1541 3403 1634 3460 οὖν
1681 3404 1751 3461 τὰ

160 3490 329 3555 οὕτως
368 3492 563 3562 ἄφωνα
601 3495 692 3547 καὶ
744 3498 926 3564 κωφὰ,
961 3496 1085 3552 τίνα
1116 3500 1382 3570 παρέχειν
1413 3501 1593 3564 ἄλλοις
1622 3500 1751 3571 ἡδύ-

163 3602 320 3638 ναντο
344 3586 672 3655 θεραπείαν;
700 3586 915 3640 Οὔκουν
944 3590 1063 3643 οὐδὲ
1088 3595 1385 3661 παρέσχον,
1416 3595 1551 3647 ἀλλὰ
1579 3595 1749 3647 πολλὰ

160 3677 265 3730 τῶν
298 3679 613 3747 εἰρημένων
644 3681 1052 3750 αἰτησαμένων,
1086 3683 1219 3736 αὐτὸ
1242 3683 1403 3736 τοῦτο
1438 3686 1576 3752 ὅπερ
1609 3684 1747 3756 ἦσαν

162 3772 252 3820 καὶ
282 3771 396 3831 τοῖς
424 3768 703 3839 δεηθεῖσιν
728 3773 1037 3843 ἐφάνησαν.
1072 3771 1176 3836 Οὓς
1211 3777 1238 3827 ὁ
1264 3776 1583 3829 Παντο).ἐων
1604 3778 1746 3847 ὁρῶν

161 3861 479 3932 μειδιάματι
508 3863 780 3931 εὐπρεπεῖ
810 3866 909 3936 τὴν
944 3867 1344 3935 ματαιοπονίαν
1378 3869 1559 3923 αὐτῶν
1608 3873 1746 3941 ἐμυ-

158 3956 440 4023 κτήρισεν.
498 3955 653 4008 Ἐπεὶ
687 3956 744 4009 δὲ
803 3959 901 4009 καὶ
934 3959 1096 4020 αὐτὸς
1127 3961 1227 4027 τὴν
1265 3962 1557 4031 ἐπίκλησιν
1611 3966 1743 4016 ιπε-

154 4046 358 4115 τρὰπη,
386 4048 537 4114 αἴρει
567 4042 666 4113 μὲν
702 4048 761 4098 τὸ
788 4048 941 4115 ὄμμα
979 4050 1060 4111 εἰς
1087 4051 1181 4104 τὸν
1212 4051 1469 4118 οὐρανὸν,
1504 4069 1742 4107 συνανα-

154 4137 317 4187 τείνει
359 4136 419 4188 δὲ
470 4138 651 4207 τούτῳ
687 4141 780 4192 καὶ
810 4140 909 4212 τὴν
934 4141 1199 4209 διάνοιαν,
1240 4145 1355 4210 καὶ,
1384 4147 1580 4213 Κύριε,
1622 4150 1741 4199 εἱσ-

153 4227 439 4289 ἀκουσον.
461 4229 588 4298 ἔφη,
619 4230 725 4298 τῆς
757 4234 1110 4303 προσευχῆς
1136 4253 1278 4303 μου,
1323 4238 1420 4291 καὶ
1449 4239 1486 4305 ἠ
1514 4240 1741 4308 κραυγή

149 4338 263 4388 μου
293 4326 449 4389 πρὸς
478 4326 551 4376 σέ
584 4325 824 4377 ἐλθέτω·
851 4325 937 4393 μὴ
968 4326 1366 4397 ἀποστρέψῃς
1416 4332 1483 4383 τὸ
1511 4333 1743 4398 πρόσω-

155 4418 269 4467 πόν
292 4432 414 4469 σου
440 4414 543 4468 ἀπ’
570 4416 747 4483 ἐμοῦ,
774 4414 844 4470 ἐν
860 4413 898 4489 ᾖ
926 4417 999 4471 ἂν
1020 4419 1211 4487 ἡμέρᾳ
1236 4423 1515 4491 Ολίϐωμαι
1531 4423 1744 4475 κλῖνον

154 4514 299 4582 πρός
325 4528 404 4580 με
434 4512 500 4565 τὸ
533 4507 645 4577 οὖς
674 4528 812 4567 σου·
839 4516 909 4567 ἐν
950 4509 988 4585 ᾖ
1012 4515 1088 4569 ἂν
1123 4519 1313 4586 ἡμέρᾳ
1367 4519 1741 4573 ἐπιχα.1έσω-

148 4606 345 4671 μαίσε
388 4605 543 4674 ταχὺ
592 4605 944 4663 ἐπάκουσιῖν
985 4626 1126 4678 μου,
1183 4612 1277 4664 καὶ
1324 4611 1495 4678 δεῖξον
1530 4615 1642 4676 τοῖς
1679 4630 1738 4665 σε
1772 4644 1815 4700 D

152 4697 403 4765 ἀγνοοῦσι
463 4700 557 4753 καὶ
610 4703 722 4762 τοῖς
784 4702 859 4772 μὴ
909 4696 1029 4755 οὖσι
1076 4701 1394 4771 σεϐομένοις
1438 4704 1602 4768 θεοῖς,
1656 4706 1737 4759 ὅτι

153 4792 327 4845 πάντα
378 4790 629 4856 δύναται,
688 4792 944 4861 Βασιλεῖ),
1012 4794 1267 4848 ἀδυνατεῖ
1326 4796 1383 4849 δέ
1440 4814 1521 4850 σοι
1558 4798 1735 4853 οὐδέν.

153 4884 339 4946 Οὕτως
356 4883 480 4955 ’ἔφη
514 4882 607 4936 καὶ
639 4883 737 4953 τῆς
776 4886 957 4956 χειρὸς
984 4884 1265 4955 ἁψάμενος
1299 4884 1394 4938 τοῦ
1451 4888 1735 4956 κειμένου,

151 4982 238 5035 Ἐν
291 4982 372 5051 τῲ
409 4981 662 5049 ὀνόματι,
717 4981 890 5048 λέγει,
931 4981 1171 5052 Χριστοῦ
1226 4981 1323 5035 τοῦ
1378 4982 1736 5054 ἁνορθοῦντος

148 5074 269 5134 τοὺς
301 5074 814 5143 κατερῤαγμένους,
846 5075 1006 5145 ὑγιὴς
1036 5074 1127 5128 Eoo
1156 5076 1243 5127 καὶ
1270 5075 1439 5141 ὑγιῶς
1487 5078 1600 5137 τοῖς
1638 5076 1738 5145 μὲ-

147 5164 258 5217 λεσι
302 5163 614 5236 χρώμενος.
662 5163 827 5218 Εἶπεν
862 5168 950 5219 καὶ
981 5166 1187 5235 ὁλόγος
1216 5168 1292 5229 εἰς
1332 5167 1492 5237 ἔργον
1544 5167 1732 5235 ἐξέϐη,

148 5259 235 5308 ita".
266 5258 299 5323 ή
342 5258 505 5326 κλίνη
538 5257 634 5311 τὸν
690 5260 1025 5329 παρειμένον
1081 5260 1290 5321 οὐκέτι,
1328 5259 1442 5311 ἀλλ’
1471 5261 1519 5311 οί
1572 5260 1732 5323 πόδες

148 5345 285 5420 ιῖχον
303 5350 503 5404 ἑαυτοῦ
528 5350 874 5421 θαρρούντως
895 5352 1150 5423 βαίνοντα
1174 5353 1268 5406 καὶ
1292 5351 1481 5427 σχεδὸν
1502 5351 1729 5424 ᾄττοντα

147 5445 233 5497 καὶ
266 5442 401 5495 εὐθὺ
432 5446 588 5498 οἴκου
619 5444 763 5514 μετὰ
810 5444 1019 5516 θερμῆς
1077 5447 1209 5515 ὅσης
1266 5447 1363 5516 τῆς
1398 5444 1592 5515 ἡδονῆς
1630 5456 1728 5497 πο-

147 5537 461 5608 ριυόμενον.

1856 3410 2132 3464 ntagna,ct
2164 3418 2285 3468 quae
2318 3420 2488 3472 usque
2517 3408 2652 3465 adeo
2682 3416 2976 3477 superabat
3008 3430 3281 3479 naturam.
3311 3426 3439 3481 Erat

1856 3489 2005 3543 enim
2039 3506 2195 3560 teque
2235 3494 2477 3562 difﬁcile,
2508 3509 2563 3552 et
2596 3500 2770 3570 ipsum
2807 3508 3218 3581 convalescere,
3253 3527 3312 3572 et
3352 3521 3437 3573 vi-

1853 3581 1969 3636 deri
2002 3583 2220 3639 illorum
2254 3587 2386 3643 deos
2418 3604 2583 3645 sensu
2616 3603 2671 3647 et
2705 3596 2915 3652 ratione
2954 3602 3228 3669 praeditos.
3274 3608 3438 3675 Quaac

1852 3690 1978 3729 nam
2032 3680 2177 3732 enim
2212 3681 2350 3736 adeo
2393 3695 2543 3738 muta
2572 3696 2625 3740 et
2655 3690 2823 3743 surda
2854 3705 3085 3760 possunt
3111 3698 3235 3777 aliis
3272 3703 3434 3759 ullam

1850 3770 2097 3836 praebere
2130 3776 2525 3830 curationem?
2572 3778 2711 3849 Ergo
2757 3798 2861 3837 nec
2908 3770 3265 3855 prtcbueru'nt
3294 3811 3307 3845 :
3335 3799 3433 3852 sed

1848 3878 1974 3917 cum
2011 3865 2177 3919 multa
2206 3868 2501 3937 petiissent
2528 3871 2567 3925 ii
2601 3874 2692 3942 qui
2730 3875 2863 3930 dicti
2902 3891 3055 3943 sunt,
3092 3880 3195 3939 hoc
3254 3884 3431 3955 ipsum

1848 3957 1993 4025 quod
2026 3967 2203 4020 erant,
2241 3972 2439 4029 nempe
2461 3962 2685 4030 lapides.
2720 3966 2786 4019 iis
2811 3970 2903 4033 qui
2939 3973 3223 4041 rogabant,
3246 3983 3434 4045 aperte.

1848 4058 2246 4116 apparuerunt.
2300 4051 2575 4120 Rogantes
2626 4067 2811 4110 autem
2867 4060 3060 4115 videns
3109 4064 3430 4132 Pantoleon.

1849 4139 2069 4194 inanem
2122 4158 2312 4196 eorunt
2359 4145 2601 4202 laborem
2654 4149 2857 4205 decore
2906 4155 3264 4221 subridettdo,
3302 4161 3433 4215 sub-

1847 4234 2121 4286 sannavit.
2190 4233 2483 4305 Postquam
2517 4255 2648 4293 vero
2700 4241 2814 4311 ipse
2847 4260 3067 4315 quoque
3110 4249 3298 4317 jussus
3328 4253 3431 4306 fuit

1846 4324 2127 4392 invocare,
2177 4329 2318 4384 tollit
2352 4331 2573 4399 quidem
2612 4334 2664 4387 in
2711 4336 2910 4391 malum
2941 4340 3155 4406 oculos,
3191 4359 3314 4398 cum
3351 4344 3420 4399 iis

1844 4430 2027 4474 autem
2075 4423 2288 4477 extollit
2324 4439 2539 4487 vocem,
2610 4435 2685 4491 et,
2713 4428 2958 4495 Domine,
3005 4432 3201 4503 inquit,
3232 4440 3428 4492 exattdt'

1845 4514 2142 4567 orationem
2185 4530 2380 4580 meam,
2431 4525 2481 4570 et
2525 4517 2730 4573 clamor
2756 4537 2900 4576 meus
2931 4526 3001 4577 ad
3041 4536 3090 4581 te
3119 4530 3317 4585 veniat.
3349 4532 3430 4587 Ne

1846 4617 2055 4662 avertas
2104 4610 2295 4679 [aciem
2344 4620 2495 4663 tuam
2533 4628 2567 4665 a
2615 4629 2695 4666 me
2721 4631 2740 4677 ;
2771 4614 2825 4666 in
2854 4632 3167 4688 quacunque
3194 4622 3281 4675 die
3326 4626 3429 4676 tri-

1844 4699 2015 4763 bttlor,
2045 4700 2240 4753 inclina
2278 4702 2351 4753 ad
2383 4718 2464 4754 me
2497 4718 2685 4755 aurem
2714 4713 2885 4764 tuam.
2919 4706 2987 4762 In
3016 4725 3124 4777 qua
3151 4711 3238 4767 die
3276 4712 3430 4768 inoo.

1842 4808 2029 4851 cavero
2050 4802 2119 4856 lc,
2148 4796 2386 4848 celeriter
2412 4797 2610 4851 exaudi
2637 4815 2719 4855 me
2736 4801 2779 4868 ‘;
2811 4812 2867 4856 et
2891 4806 3121 4860 ostende
3158 4807 3223 4861 iis
3251 4812 3342 4878 qui
3375 4821 3427 4863 te

1845 4888 2120 4956 ignorant,
2171 4896 2226 4941 ct
2277 4902 2373 4943 eos
2423 4890 2513 4958 qui
2569 4906 2680 4945 non
2734 4902 2883 4957 sunt.
2937 4895 3071 4951 deos
3128 4901 3337 4965 colunt,
3374 4906 3426 4961 te

1841 4980 2021 5039 omnia
2062 4994 2243 5048 posse,
2279 4995 2311 5031 ο
2345 4978 2479 5042 Rex.
2506 4992 2594 5036 tua
2630 4989 2894 5053 potentia.
2926 4986 3071 5042 Nihil
3105 5001 3187 5045 est
3218 5004 3425 5054 autem.

1839 5074 1981 5141 quod
2014 5089 2041 5125 a
2079 5083 2130 5127 te
2165 5090 2273 5129 non
2312 5077 2487 5144 possit
2521 5078 2659 5131 lteri.
2696 5078 2786 5133 Sic
2817 5082 2959 5138 dixit
2989 5100 3003 5141 :
3034 5094 3091 5141 et
3119 5102 3244 5141 cum
3289 5093 3426 5144 teti-

1841 5166 2009 5232 gisset
2058 5180 2280 5218 manum
2314 5168 2458 5239 ejus,
2496 5169 2591 5236 qui
2619 5170 2862 5239 iacebat,
2894 5175 3030 5231 dicit
3068 5194 3081 5228 :
3117 5179 3173 5233 lu
3203 5183 3429 5236 nomine

1838 5256 2067 5318 Christi,
2096 5258 2188 5326 qui
2221 5258 2381 5331 erigit
2400 5274 2497 5314 eos
2513 5262 2605 5330 qui
2629 5271 2760 5317 sunt
2782 5264 3067 5331 confracti,
3093 5278 3214 5324 esto
3233 5286 3423 5335 sanus.

1843 5359 1899 5405 ct
1929 5364 2059 5405 sane
2095 5361 2248 5405 utere
2289 5352 2553 5407 membris
2577 5354 2706 5410 tuis.
2728 5357 2899 5422 Dixit,
2922 5368 2976 5413 et
3005 5361 3232 5417 verbum
3259 5365 3421 5421 eﬂeco

1844 5456 1931 5501 tus
1954 5458 2039 5502 est
2063 5455 2398 5502 consecutus
2428 5464 2441 5500 :
2468 5460 2646 5515 neque
2676 5448 2914 5518 amplius
2975 5449 3154 5507 lectus
3204 5459 3414 5528 paralyo

1848 5537 2040 5607 ticum,
2095 5541 2187 5594 sed
2209 5540 2329 5607 ejus
2364 5539 2529 5608 pedes
2556 5540 2923 5607 sustinebant,
2950 5545 3208 5602 audacter
3236 5548 3423 5619 ingre-

145 5634 400 5692 dientem.
440 5639 497 5684 et
530 5630 933 5701 propemodum
1009 5631 1378 5692 exsilientem,
1412 5640 1466 5685 et
1502 5631 1682 5685 statim
1718 5648 1840 5687 eum
1880 5645 2075 5702 magna
2109 5630 2383 5698 voluptate
2417 5632 2581 5687 domo
2609 5632 3005 5703 egredientem.

209 5727 300 5783 lE‘.
331 5727 408 5783 Οὐ
442 5727 610 5797 μέχρι
634 5724 830 5779 τούτου
865 5724 932 5777 τὰ
962 5724 1062 5796 τῆς
1094 5725 1390 5798 θεραπείας
1428 5725 1581 5798 ἔστη,
1612 5725 1727 5777 ἀλλ’

247 5896 433 5961 ‘Psal.
471 5919 548 5970 Cl,
586 5900 644 5968 ‘2,
682 5902 736 5955 5.

1912 5723 2023 5779 xv,
2057 5721 2241 5794 Neque
2278 5740 2403 5780 vero
2440 5726 2505 5778 ad
2551 5740 2675 5781 eum
2712 5741 2885 5796 usque
2916 5728 3163 5786 constitit
3184 5734 3419 5799 curalio.
