3972 6492
564 407 672 476 463

1887 420 2047 481 ΜΕΝ
2054 417 2171 482 SlS
2209 420 2504 489 IULIUS.

3721 434 3821 497 464

563 527 661 584 sed
704 529 822 598 ipse
864 528 1080 599 quidem
1116 543 1372 601 corpore,
1419 531 1578 587 multi
1608 542 1789 589 autem
1829 532 1919 589 alii
1954 535 2100 588 anim

2212 536 2403 594 ,αὑτὸν
2444 536 2542 605 μὶν
2578 536 2720 591 κατά
2754 539 2937 609 σῶμα,
2977 540 3162 595 πολλοὶ
3193 542 3249 595 δὲ
3303 543 3452 598 ἄλλοι
3500 549 3827 617 παρειμένοι

562 622 871 693 paralytici.
908 632 965 677 et
1008 623 1200 678 morbo
1240 624 1539 694 impietatis
1584 627 1851 692 enervati,
1896 643 2019 683 cum
2056 629 2132 683 vi-

557 716 771 772 dissent
796 717 942 785 quod
978 716 1180 773 factum
1222 717 1425 783 fuerat,
1476 732 1837 775 surrexerunt
1880 730 1935 776 et
1966 722 2133 778 erecti

558 817 689 863 sunt
734 824 750 863 :
782 816 838 863 et
874 820 1151 879 postremo
1182 811 1351 880 priori
1388 827 1576 866 errore
1609 814 1996 878 condemnato,
2041 831 2134 871 ve-

559 915 679 954 rum
720 899 891 955 Deum
942 900 1252 955 coluerunt.
1301 902 1392 957 Sic
1427 905 1573 959 enim
1612 904 1876 960 Dominus
1919 916 1975 961 et
2012 908 2133 963 illu-

553 995 725 1049 minat
756 1008 951 1056 eccos,
987 1003 1043 1049 et
1074 994 1177 1050 scit
1204 996 1415 1065 erigere
1446 997 1775 1056 confractus.
1808 1002 1985 1070 Atque
2016 1018 2134 1056 sce-

553 1083 756 1139 leratos
807 1084 1028 1153 quidem
1081 1087 1396 1143 sacerdotes
1448 1098 1503 1143 et
1554 1090 1820 1152 medicos,
1880 1093 1975 1162 qui
2034 1109 2131 1150 sua

552 1190 749 1249 sponte
784 1191 943 1235 erant
976 1180 1430 1245 immedicabiles,
1469 1200 1581 1239 non
1614 1187 1789 1240 subiit
1819 1188 2003 1243 lumen
2034 1205 2119 1245 ve-

549 1272 728 1326 ritatis
751 1288 764 1325 :
790 1273 883 1327 sed
907 1289 1031 1327 cum
1056 1289 1087 1327 a
1116 1275 1272 1330 malis
1302 1276 1467 1330 rebus
1494 1277 1717 1333 liberari
1742 1294 1851 1333 non
1880 1291 2126 1350 possent,

538 1373 609 1418 ‘ut
646 1363 737 1433 qui
787 1374 973 1419 essent
1019 1366 1085 1419 iis
1116 1366 1208 1419 diu
1277 1368 1593 1434 assuefacti,
1676 1372 2003 1428 accedentes
2058 1377 2126 1428 ad

546 1454 958 1521 Maximianum,
1023 1458 1090 1513 ad
1155 1459 1495 1515 iracundiam
1561 1475 1931 1528 provocarunt
1999 1481 2126 1521 eum

546 1547 813 1603 adversus
855 1559 1125 1605 sanctum.
1189 1549 1245 1605 Si
1286 1552 1481 1607 siveris
1518 1554 1667 1608 illum
1711 1556 1913 1620 vivere,
1970 1558 2122 1613 dice-

544 1639 697 1704 bant,
749 1650 806 1695 et
849 1641 922 1695 dii
971 1642 1134 1697 simul
1182 1643 1279 1698 tibi
1326 1646 1582 1713 peribunt
1616 1656 1672 1702 et
1717 1649 1986 1704 sacriﬁcia
2024 1668 2036 1703 :
2070 1660 2125 1706 et

540 1743 731 1801 aperte
788 1733 970 1787 fabula
1024 1746 1209 1789 nostra
1290 1738 1569 1791 videbitur
1621 1741 1812 1809 religio
1860 1751 1916 1795 et
1966 1757 2121 1797 saera

541 1824 730 1894 orgia;
771 1823 1075 1879 Christiani
1128 1836 1311 1880 autem
1362 1843 1465 1883 nos
1501 1830 1720 1899 profuse
1755 1834 2031 1898 ridebunt,
2065 1847 2121 1891 et

2240 628 2333 680 καὶ
2354 627 2531 699 ψυχὴν
2560 631 2654 682 καὶ
2678 630 2938 695 ἀσεϐείας
2966 634 3126 687 πάθει
3155 637 3597 706 κατερραγμένοι
3637 640 3698 691 τὸ
3732 656 3829 707 γει

2238 718 2393 787 γονὸς
2425 719 2774 790 θεασάμενοι,
2810 725 3121 795 ἀνέστησάν
3157 742 3216 779 τε
3259 730 3351 780 καὶ
3387 729 3825 800 ἀνωρθώθησαν.

2239 814 2332 865 καὶ
2377 814 2476 883 τῆς
2532 817 2812 887 προτέρας
2862 818 3071 889 πλάνης
3108 820 3280 875 πολλὰ
3332 825 3698 891 καταγνόντες
3731 827 3825 879 τὸν

2235 901 2442 971 ἀψευδῆ
2504 903 2637 957 Θεὸν
2678 906 3080 978 ἐσεϐάσθησαν.
3119 909 3243 974 Τοῖς
3301 916 3521 981 μιαροῖς
3580 916 3679 983 μὲν
3730 916 3828 969 οὖν

2238 991 2444 1061 ἱερεῦσι
2475 996 2570 1046 καὶ
2598 995 2835 1058 ἀνιάτως
2880 997 3099 1066 ἔχουσιν
3133 1002 3339 1071 ἰατροῖς
3389 1002 3822 1057 ἑθελοκακοῦσιν

2233 1084 2333 1135 οὐκ
2364 1085 2543 1137 εἰσέδυ
2590 1087 2652 1139 τὸ
2686 1087 2892 1155 φέγγος
2919 1089 3018 1158 τῆς
3047 1091 3353 1158 εὐσεϐείας,
3378 1093 3515 1147 ἀλλὰ
3539 1088 3825 1147 δυσαπαλ-

2231 1175 2444 1240 λάκτιυς
2479 1173 2628 1247 εἶχον
2683 1181 2793 1231 τῶν
2830 1182 3141 1251 μοχθηρῶν,
3172 1185 3247 1247 ὡς
3294 1185 3361 1239 ἂν
3393 1186 3489 1238 ἐπὶ
3521 1186 3655 1239 πολὺ
3689 1190 3821 1242 τού-

2230 1286 2356 1333 τους
2384 1271 2812 1340 συνειθισμένοι,
2838 1274 2959 1326 ὅθεν
2989 1276 3083 1329 καὶ
3114 1276 3190 1346 τῷ
3214 1278 3544 1349 Μαξιμιανῷ
3580 1282 3827 1351 προσελο

2232 1362 2436 1426 οόντες,
2468 1362 2767 1433 ὲξὼργιζον
2796 1366 2961 1419 αὑτὸν
2996 1367 3137 1419 κατὰ
3170 1367 3260 1421 τοῦ
3298 1371 3456 1436 ἁγίου
3489 1372 3606 1435 καὶ,
3630 1372 3690 1425 Εἰ
3716 1373 3823 1442 ζῇν

2228 1454 2436 1507 ἐκεῖνον
2463 1457 2663 1519 ἐάσεις,
2700 1457 2904 1523 ελεγον,
2943 1459 3152 1528 οἴχεταί
3186 1477 3269 1513 σοι
3298 1460 3436 1529 μετά
3472 1465 3579 1514 τῶν
3610 1462 3824 1516 θυσιῶν

2227 1547 2320 1599 καὶ
2358 1549 2423 1600 τά
2444 1548 2605 1613 θεῶν,
2642 1550 2737 1601 καὶ
2770 1550 2939 1618 μῦθος
2969 1550 3231 1622 ἄντικρυς
3271 1552 3413 1616 δόξει
3443 1553 3717 1624 θρησκεία
3755 1571 3820 1607 τε

2228 1639 2471 1708 ἡμετέρα
2503 1641 2597 1691 καὶ
2630 1642 2750 1708 ἱερά
2783 1641 2966 1710 (ιργια,
3002 1642 3324 1711 Χριστιανοὶ
3349 1644 3405 1696 δὲ
3444 1646 3614 1698 πλατὺ
3642 1647 3816 1714 γελά-

2227 1744 2378 1781 nouat
2416 1729 2539 1781 καθ’
2576 1730 2732 1800 ἡμῶν
2770 1735 2864 1785 καὶ
2897 1732 3201 1802 ἰσχύσουσι,
3238 1736 3333 1786 καὶ
3373 1734 3440 1785 τὰ
3479 1736 3661 1788 αὐτῶν
3714 1739 3815 1791 ἀν-

2226 1822 2380 1893 θήσει
2415 1823 2639 1893 μᾶλλον,
2672 1825 2766 1877 καὶ
2800 1826 2935 1879 πολὺ
2999 1828 3154 1879 ἔσται
3196 1826 3305 1879 τῶν
3336 1829 3631 1898 ἡμετέρων
3687 1832 3816 1882 ἑπι-

534 1928 630 1968 res
658 1913 879 1969 illorum
912 1916 1082 1986 magis
1108 1914 1401 1978 ﬂorebunt.
1433 1897 1683 1975 etierunt
1711 1926 1917 1979 nostris
1942 1926 2104 1982 multo

2222 1918 2585 1986 κρατὲστερα.
2619 1918 2807 1971 Ταῦτα
2859 1920 3135 1983 εἰπόντες,
3162 1919 3459 1984 ἀκούοντος
3488 1923 3683 1990 ἔτυχον
3716 1921 3818 1975 καὶ

539 2007 856 2062 validiores.
916 2008 1040 2063 Hzec
1095 2024 1219 2063 cum
1269 2010 1561 2077 dixissent,
1622 2016 1711 2069 ille
1767 2017 1981 2072 lacilem
2033 2021 2115 2074 eis

537 2117 724 2155 aurem
766 2101 1019 2170 praebuit,
1048 2111 1104 2156 et
1133 2105 1332 2171 paruit.
1367 2106 1628 2160 Sanctum
1666 2108 1848 2177 itaque
1883 2114 2114 2165 accersit

538 2194 859 2263 imperator.
893 2202 949 2247 et
977 2203 1234 2263 tanquam
1266 2210 1444 2249 escam
1478 2196 1833 2267 benignitatis
1862 2201 1911 2253 ei
1942 2201 2114 2270 impe-

537 2294 683 2340 rator
711 2287 993 2355 porrigens
1021 2286 1448 2341 admonitionem
1474 2306 1488 2342 :
1515 2286 1687 2343 Crede
1719 2290 1874 2355 milii,
1909 2292 2109 2360 inquit,

536 2375 858 2437 Pantaleon,
891 2387 947 2431 et
982 2379 1086 2431 diis
1115 2378 1248 2432 olIer
1279 2379 1628 2433 sacrificium.
1665 2386 1748 2433 An
1782 2398 1889 2434 non
1932 2384 2111 2443 vides.

535 2470 678 2541 quod
711 2471 1129 2540 quibuscunque
1159 2484 1267 2523 non
1291 2481 1374 2524 est
1406 2485 1748 2537 persuasum.
1782 2482 1839 2526 ut
1870 2473 2110 2529 facerent

534 2564 678 2634 quod
712 2563 916 2617 dictum
950 2561 1146 2625 fuerat,
1176 2562 1209 2616 ii
1242 2563 1563 2631 gravissima
1594 2563 1856 2631 supplicia
1885 2576 1937 2620 et
1960 2581 2107 2620 mor-

534 2666 647 2709 tem
712 2652 1490 2711 habuerunt.incredulitatis
1565 2658 2109 2711 remunerationem?

532 2747 737 2801 Horum
768 2754 855 2801 est
899 2746 1074 2809 testis,
1120 2746 1209 2815 qui
1254 2761 1432 2816 nuper
1473 2747 1674 2801 misere
1707 2751 1816 2802 vita
1861 2754 2109 2819 privatus

530 2850 635 2903 est.
670 2841 961 2894 Anthimus
1012 2840 1102 2893 ille
1146 2855 1332 2894 senex.
1379 2840 1490 2907 Ego
1536 2850 1719 2896 autem
1756 2857 1942 2895 curam
1978 2860 2108 2913 gero

529 2941 638 2993 ture
685 2931 1015 3001 juventutis,
1070 2946 1247 2998 neque
1301 2931 1425 2985 volo
1466 2939 1516 2983 te
1559 2941 1665 2983 tam
1707 2933 1849 2987 male
1899 2935 2103 3003 perire.

533 3017 685 3077 Scito
729 3022 899 3085 enim,
949 3021 1066 3077 fore
1102 3029 1162 3075 ut
1200 3032 1250 3076 te
1289 3021 1457 3075 multa
1504 3030 1559 3077 et
1600 3026 1784 3093 gravia
1825 3027 2105 3095 excipiant

530 3112 820 3183 supplicia,
855 3113 899 3166 si
935 3113 1184 3166 eamdem
1217 3114 1462 3180 sequaris
1493 3113 1938 3169 inobedientiam.

597 3202 737 3258 XVI.
774 3204 1070 3257 Pantoleon
1107 3219 1255 3267 vero,
1309 3204 1484 3257 vitans
1527 3205 1746 3271 quidem
1776 3207 2103 3261 admonitio—

524 3312 644 3360 nes.
688 3305 945 3367 tanquam
982 3306 1223 3364 apertam
1258 3296 1524 3360 fraudem,
1557 3298 1734 3351 minas
1761 3308 1942 3353 autem
1975 3316 2106 3354 con-

525 3400 800 3453 temnens.
842 3400 1098 3458 tanquam
1132 3389 1264 3457 ipsis
1302 3390 1531 3443 somniis
1563 3389 1952 3446 imbecilliores
1983 3408 1994 3444 :
2025 3392 2103 3447 Ne

524 3484 828 3541 existimes.
864 3482 1062 3549 inquit,
1094 3496 1127 3534 0
1161 3484 1480 3551 imperator,
1513 3482 1630 3536 fore
1662 3492 1720 3535 ut
1751 3499 1837 3537 me
1871 3499 2102 3551 persua-

523 3574 655 3627 deas
704 3572 1195 3636 admonitionibus,
1257 3586 1360 3625 ncc
1417 3581 1474 3624 ut
1508 3587 1593 3625 me
1648 3573 1814 3627 minis
1868 3584 2095 3629 tcrrcas.

522 3664 662 3732 Quid
694 3664 838 3718 enim
872 3679 958 3718 me
998 3664 1078 3716 vel
1113 3678 1182 3716 ex
1214 3663 1375 3717 bouis
1402 3664 1589 3717 mundi
1625 3666 1824 3733 capiet,
1859 3666 1945 3718 vel
1994 3673 2103 3718 ter-

521 3756 665 3812 rebit
696 3772 763 3809 ex
792 3756 954 3809 rebus
986 3754 1347 3819 terribilibus,
1378 3757 1469 3823 qui
1500 3770 1606 3807 non
1644 3757 1819 3809 solum
1866 3765 2098 3809 mortem

520 3847 840 3909 contemno,
872 3846 965 3900 sed
996 3860 1115 3899 eam
1156 3847 1317 3897 etiam
1360 3846 1653 3913 optandam
1689 3845 1924 3899 arbitror
1967 3862 2097 3914 pro-

521 3951 641 4010 pter
688 3939 1014 3996 Christum?
1058 3937 1166 3993 Pro
1205 3954 1269 3993 eo
1319 3947 1500 3991 autem
1557 3948 1827 3993 tormenta
1886 3946 2096 3993 tantum

520 4034 677 4087 abest
720 4041 780 4086 ut
820 4033 1194 4092 extimescam,
1233 4040 1293 4083 ut
1332 4034 1495 4083 etiam
1539 4046 1795 4097 magnum
1838 4032 2095 4086 damnum

520 4125 852 4185 existimem,
904 4124 949 4177 si
979 4138 1087 4176 nou
1141 4121 1252 4175 sint
1286 4121 1439 4190 plura
1486 4131 1542 4174 et
1582 4122 1927 4192 gravissima,
1962 4136 2017 4175 et
2043 4124 2096 4176 in

520 4217 587 4271 iis
638 4216 992 4271 clementiam
1037 4216 1232 4284 quavis
1262 4214 1585 4268 crudelitate
1617 4213 1758 4269 duco
1806 4230 1926 4269 esse
1972 4231 2095 4286 gra-

517 4312 747 4364 viorem.
816 4307 1105 4379 Egregium
1152 4316 1302 4361 certe
1366 4307 1711 4371 Anthimum,
1770 4323 1882 4361 non
1948 4318 2005 4361 ut
2039 4320 2095 4362 tu

513 4403 803 4465 miserum,
852 4400 953 4455 sed
1007 4399 1162 4453 valde
1222 4400 1389 4453 etiam
1443 4399 1660 4454 beatum
1706 4412 1830 4453 esse
1880 4400 2093 4469 judico,

513 4504 572 4554 et
615 4494 735 4564 ejus
785 4500 1017 4547 mortem
1065 4490 1239 4546 cuivis
1300 4489 1422 4543 vitae
1460 4490 1715 4559 praefero,
1791 4494 1937 4561 quod
1998 4493 2089 4545 tali

2225 2025 2293 2060 πε
2323 2008 2553 2076 Οομὲνου
2583 2014 2696 2071 τοῖς
2740 2010 3079 2079 λεγομένοις.
3123 2012 3532 2067 Μετακαλεῖται
3572 2016 3757 2067 τοίνυν
3785 2014 3817 2066 δ

2224 2098 2481 2169 βασιλεὺς
2526 2102 2616 2153 τὸν
2648 2100 3020 2155 Παντολέοντα
3050 2106 3143 2155 καὶ
3182 2105 3345 2156 οἱονεὶ
3388 2107 3581 2173 δέλεαρ
3614 2111 3816 2173 φιλαν-

2222 2188 2472 2259 θρωπίας
2512 2193 2609 2259 τὴν
2640 2192 2962 2259 παραίνεσιν
2997 2193 3148 2262 αὐτῷ
3187 2194 3512 2263 προτείνωνδ
3544 2196 3814 2266 Πείσθητί

2223 2299 2337 2353 μοι,
2368 2284 2543 2350 ἔλεγε,
2578 2284 2903 2350 Παντόλεον,
2942 2287 3035 2337 καὶ
3072 2285 3263 2339 θυσίαν
3303 2288 3640 2357 προσένεγκε
3696 2292 3814 2352 τοῖς

2220 2373 2382 2435 θεοῖς’
2421 2373 2453 2440 ἢ
2486 2374 2581 2441 οὐχ
2610 2376 2769 2443 ὁρᾷς,
2829 2376 2910 2427 ὃτι
2948 2377 3064 2427 ὅσοι
3098 2375 3255 2429 τοῦτο
3290 2378 3514 2446 ποιῆσαι
3568 2379 3820 2450 ἠπείθη-

2221 2481 2340 2531 σαν,
2402 2464 2713 2536 βαρυτάτας
2754 2466 3005 2530 κολάσεις
3041 2468 3134 2519 καὶ
3185 2467 3416 2519 θάνατον
3476 2470 3638 2537 ἔσχον
3704 2471 3815 2540 τῆς

2220 2559 2501 2621 ἀπειθείας
2542 2560 2831 2624 ἀντίδοσιν;
2872 2559 2965 2612 xxi
3024 2562 3236 2629 μάρτυς
3294 2560 3484 2612 τούτου
3514 2562 3541 2611 ὁ
3573 2562 3679 2629 πρὸ
3712 2578 3814 2631 μι-

2218 2651 2354 2719 κροῦ
2396 2651 2595 2713 ἀθλίως
2651 2651 2745 2702 τοῦ
2796 2652 2897 2723 ζῇν
2949 2653 3288 2723 ἀπορραγεὶς
3327 2654 3649 2722 Ἀνθιμοςὸ
3707 2651 3812 2720 γε·

2219 2761 2349 2815 ρων.
2391 2744 2532 2811 Ἐγὼ
2560 2745 2618 2796 δέ
2655 2762 2747 2797 σου
2781 2747 3017 2813 κήδομαι
3054 2746 3151 2815 τῆς
3185 2746 3435 2816 νεότητος
3461 2748 3557 2798 καὶ
3582 2746 3646 2799 οὑ
3674 2744 3813 2817 βού-

2216 2836 2377 2905 λομαι
2417 2836 2588 2898 οὕτως
2620 2836 2805 2898 κακῶς
2842 2836 3162 2891 ἀπολέσθαι.
3205 2837 3345 2889 Ἰσθι
3385 2841 3516 2907 γὰρ,
3545 2839 3628 2890 ὅτι
3674 2838 3818 2891 πολ-

2214 2926 2303 2979 λαί
2339 2944 2399 2978 σε
2439 2928 2535 2979 καὶ
2596 2928 2829 2997 χαλεπαὶ
2865 2928 3194 2990 διαδέξονται
3256 2928 3477 2998 βάσανοι
3538 2929 3641 3000 τῆς
3701 2932 3812 2981 αὐ-

2212 3017 2315 3085 τῆς
2351 3018 2611 3087 ἐχόμενον
2638 3016 2943 3080 ἀπειθείας.

2283 3201 2407 3266 ις’.
2431 3199 2539 3253 Καὶ
2557 3200 2589 3258 ὁ
2611 3199 2932 3253 Παντολέων
2951 3201 3047 3264 τὰς
3080 3202 3178 3271 μὲν
3209 3204 3565 3273 παραινέσεις
3587 3205 3665 3269 ὡς
3699 3224 3810 3276 φακ-

2210 3292 2373 3363 νερὰν
2406 3292 2621 3361 ἀπάτην
2651 3292 2937 3357 ἐκκλίνων,
2969 3295 3068 3355 τὰς
3096 3294 3325 3352 ἀπειλάς
3354 3295 3408 3346 δὲ
3439 3295 3515 3357 ὡς
3568 3298 3807 3351 ἀσθενε-

2210 3385 2407 3450 στέρας
2437 3386 2532 3435 καὶ
2587 3385 2881 3452 ὀνειράτων
2923 3384 3291 3454 περιιιςιρονῶν⁸
3328 3386 3479 3455 Μηδὲ
3526 3392 3807 3459 παραινέ-

2209 3473 2789 3544 σεσιν,ἒφη,βαπιλεῦ,
2817 3474 2927 3528 οἵου
2962 3494 3031 3546 με
3064 3476 3301 3543 πείσειν,
3335 3484 3472 3548 μήτε
3507 3482 3807 3556 καταπλήο

2210 3565 2323 3630 ξειν
2349 3570 2465 3629 ταῖς
2491 3568 2766 3630 ἀπειλαῖς.
2791 3570 2856 3621 Τί
2886 3571 2991 3640 γὰρ
3022 3571 3054 3635 ἢ
3082 3567 3189 3621 τῶν
3210 3571 3304 3622 τοῦ
3333 3573 3544 3638 κόσμου
3567 3576 3803 3641 ἀγαθῶν

2205 3657 2511 3727 αἱρήσει,ἢ
2563 3659 2669 3707 τῶν
2702 3660 2950 3725 φοὸερῶν
2981 3659 3243 3724 δεδίξεται
3294 3659 3387 3709 τὸν
3442 3663 3541 3731 οὐχ
3599 3664 3806 3727 ἁπλῶς

2205 3748 2442 3801 θανάτου
2480 3752 2951 3821 καταφρονοῦντα,
2987 3752 3124 3805 ἀλλά
3166 3755 3255 3805 καὶ
3289 3756 3564 3824 μακάριον
3592 3758 3800 3813 τοῦτον

2204 3843 2298 3892 καὶ
2328 3843 2592 3908 ἐράσμιον
2626 3841 2766 3893 εἷναι
2804 3844 2892 3895 διὰ
2930 3844 3165 3912 Χριστὸν
3196 3847 3573 3915 λογιζόμενον;
3609 3851 3712 3913 τὰς
3736 3854 3800 3906 δὲ

2204 3931 2343 4002 ὑπὲρ
2375 3932 2539 3984 αὑτοῦ
2596 3933 2863 4003 βασάνους
2918 3935 3173 3989 τοσοῦτον
3222 3938 3413 4007 ἀπέχω
3460 3940 3802 4012 δεδοικέναι,

2201 4022 2344 4075 ὥστε
2372 4026 2463 4078 καὶ
2501 4026 2709 4094 ζημίαν
2761 4028 2820 4080 οὐ
2860 4032 3067 4098 μικρὰν
3101 4030 3337 4100 ἥγημαι,
3378 4032 3425 4084 εί
3458 4033 3533 4102 μὴ
3566 4035 3804 4101 πλείους

2202 4116 2313 4169 εἷεν
2341 4119 2432 4169 καὶ
2464 4119 2849 4187 χαλεπώταται
2910 4123 3004 4174 καὶ
3041 4124 3139 4192 τὴν
3186 4129 3315 4195 περὶ
3354 4128 3555 4190 ταύτας
3590 4130 3808 4197 φιλαν-

2202 4208 2453 4279 θρωπίαν
2482 4214 2658 4281 πάσης
2688 4214 2974 4284 ὠμότητος
3006 4216 3232 4288 τίθεμαι
3287 4219 3613 4290 βαρυτέρανο
3646 4226 3809 4293 ἁμέ-

2201 4302 2281 4356 λει
2333 4306 2431 4358 καὶ
2490 4306 2756 4375 ’Δνθιμον
2840 4309 2931 4361 τὸν
2974 4311 3156 4374 καλὸν,
3195 4312 3293 4381 ούχ
3338 4312 3413 4375 ὡς
3471 4313 3534 4363 σὺ
3572 4313 3799 4383 ἄθλιον,

2199 4396 2336 4447 ἀλλά
2373 4402 2466 4449 καὶ
2507 4400 2713 4469 σφόδρα
2747 4401 3020 4473 μακάριον
3052 4401 3190 4458 εἶναι
3217 4408 3391 4478 κρίνω
3422 4409 3516 4459 καὶ
3550 4410 3644 4461 τὸν
3682 4414 3799 4464 αὐ-

2199 4490 2294 4543 τοῦ
2335 4490 2563 4545 θάνατον
2600 4493 2746 4564 ζωῆς
2796 4499 3126 4569 προτίθεμαι
3170 4502 3371 4571 πάσης,
3424 4503 3507 4554 ὅτι
3551 4505 3799 4577 τοιούτῳ

512 4587 619 4642 fine
658 4586 822 4641 talem
854 4583 1071 4637 ornavit
1101 4590 1465 4647 senectutem,
1498 4589 1553 4635 et
1586 4583 1806 4635 canitiei
1840 4583 2085 4636 alborein

2212 4579 2341 4635 τέλει
2374 4583 2433 4634 τὸ
2464 4584 2663 4654 σεμνὸν
2698 4588 2975 4657 ἐκόσμησε
3003 4590 3175 4659 γῆρας
3214 4590 3311 4641 καλ⁵
3344 4590 3644 4662 λευκότητα
3684 4610 3798 4649 πο-

507 4676 774 4748 sanguine
831 4673 1142 4729 cruentavit
1199 4675 1468 4745 martyrii.
1524 4672 1682 4740 Quod
1721 4675 1767 4729 si
1822 4675 1933 4743 ille,
1994 4678 2122 4747 qui_

508 4778 629 4825 erat
673 4777 782 4823 tam
812 4777 1086 4837 provectae
1116 4766 1315 4828 aetatis,
1350 4766 1489 4820 adeo
1523 4766 1720 4821 fortem
1749 4777 1807 4823 et
1830 4779 2091 4823 constan-

507 4874 616 4918 tem
648 4876 709 4916 se
736 4859 1001 4921 ostendit,
1031 4872 1137 4922 me,
1169 4858 1259 4927 qui
1293 4872 1415 4911 sum
1439 4858 1620 4913 adhuc
1644 4860 1875 4926 juvenili
1906 4870 2085 4919 aetate,

506 4965 629 5021 quae
653 4965 765 5005 non
794 4956 1018 5019 Oportet
1060 4947 1242 5018 gravia
1277 4948 1576 5013 sustinere,
1612 4956 1670 5001 ut
1702 4948 1917 5011 iisdem,
1968 4951 2090 5017 qui-

506 5046 611 5098 bus
657 5055 844 5105 senex,
888 5040 1107 5095 coronis
1152 5040 1347 5109 dignus
1380 5041 1619 5095 habear?
1644 5039 1763 5096 Non
1796 5056 1924 5111 ergo
1957 5058 2085 5111 per-

508 5136 791 5197 suadebis,
823 5148 935 5189 non
976 5131 1337 5204 expugnabis,
1375 5148 1485 5187 non
1526 5150 1627 5188 nos
1662 5136 1729 5190 ab
1772 5135 1873 5190 hac
1914 5137 2088 5190 abdu-

505 5248 597 5287 ces
637 5228 989 5287 confessione
1040 5244 1053 5280 :
1106 5244 1215 5282 non
1269 5243 1364 5296 per
1403 5243 1558 5285 saera
1608 5230 1743 5285 mihi
1787 5241 1841 5286 et
1899 5232 2091 5287 divina

506 5325 680 5392 signa,
729 5321 941 5389 quibus
970 5333 1071 5392 ego
1101 5319 1279 5373 factus
1323 5334 1444 5374 sum
1484 5322 1689 5393 certior
1728 5324 1796 5377 de
1831 5327 2083 5377 veritate.

506 5415 746 5469 Patriam
773 5415 921 5467 enim
953 5414 1165 5481 pudore
1192 5412 1489 5475 aﬂ'ecerim.
1522 5424 1573 5467 et
1607 5414 1817 5480 matris,
1848 5431 1969 5482 quae
1998 5429 2083 5467 me

506 5510 740 5576 peperit,
794 5502 1075 5574 pietatem,
1111 5519 1147 5557 a
1183 5520 1288 5573 qua
1342 5504 1395 5556 in
1434 5502 1500 5555 iis
1544 5520 1663 5571 qua:
1706 5505 1771 5557 ad
1820 5505 2079 5572 pietatem

508 5598 801 5664 pertinent,
848 5593 1080 5664 pulchre
1122 5594 1275 5662 prius
1322 5592 1399 5648 fui
1454 5592 1799 5659 informatus,
1852 5605 1907 5649 et
1954 5611 2078 5651 eum

503 5704 609 5756 qua
649 5687 706 5742 in
739 5688 957 5742 aeternis
1005 5686 1378 5742 tabernaculis
1420 5699 1655 5753 propero
1710 5692 2074 5755 requiescere.

503 5780 632 5835 Haec
676 5782 812 5836 dixit
860 5780 1186 5846 Pantoleon,
1237 5789 1292 5834 et
1328 5780 1518 5850 paucis
1555 5782 1821 5845 ostendit,
1864 5784 2079 5852 qualem

510 5874 686 5930 virum
714 5874 1028 5930 oll‘endisset
1059 5875 1105 5931 is
1128 5875 1217 5945 qui
1250 5862 1317 5931 dc
1345 5873 1574 5945 sceptris
1603 5884 1654 5931 et
1685 5875 1884 5931 throno
1918 5890 1975 5931 se
2001 5875 2080 5945 ja-

2200 4672 2321 4738 λιᾶς
2366 4676 2558 4745 αἵματι
2599 4679 2834 4746 ὲφοίνιξε
2876 4683 3206 4750 μαρτυρίου.
3259 4682 3320 4735 Εἰ
3351 4683 3407 4736 δὲ
3446 4688 3655 4751 ἐκεῖνος
3688 4688 3799 4741 οὔ-

2194 4784 2302 4831 τως
2351 4770 2573 4838 ἡλικίας
2620 4770 2779 4836 ἔχων,
2829 4770 3005 4834 οὕτως
3042 4774 3213 4843 ἐφάνη
3265 4779 3615 4847 καρτερικὸς,
3675 4782 3798 4849 ἐμὲ

2192 4860 2285 4911 τὸν
2328 4858 2565 4911 ἐνταῦθα
2604 4860 2852 4930 νεότητος
2878 4861 3031 4929 ὄντα,
3058 4868 3209 4916 ποῖον
3268 4869 3328 4919 οὐ
3360 4871 3442 4919 δεῖ
3468 4869 3577 4919 τῶν
3606 4868 3791 4937 χαλε-

2193 4952 2312 5005 πῶν
2347 4952 2667 5021 ὑποστῆναι,
2708 4954 2791 5007 ἵνα
2830 4956 2939 5009 τῶν
2966 4959 3096 5010 ἴσων
3126 4960 3199 5029 τῷ
3243 4960 3467 5030 γέροντι
3484 4966 3793 5030 στεφάνωιι

2190 5044 2433 5109 ἀξιωθῶ;
2483 5045 2561 5096 Οὐ
2619 5046 2801 5099 τοίνυν
2835 5048 3067 5115 πείσεις,
3117 5052 3215 5119 οὐχ
3272 5052 3544 5123 αἱρήσεις,
3575 5058 3637 5107 οὐ
3672 5059 3785 5126 τῆς

2191 5137 2483 5207 ὁμολογίας
2524 5137 2727 5209 ταύτης
2762 5142 3051 5209 ὲκστήσεις
3094 5142 3265 5212 ἡμᾶς,
3313 5143 3557 5214 βασιλεῦ,
3593 5146 3657 5197 ού
3694 5154 3790 5212 μὰ

2192 5235 2259 5285 τὰ
2299 5232 2422 5300 ἱερά
2454 5249 2546 5301 μοι
2591 5234 2686 5285 καὶ
2720 5234 2840 5286 θεία
2876 5234 3179 5305 μαρτύρια,
3216 5232 3296 5300 οἷς
3338 5236 3450 5305 ἐγὼ
3496 5236 3790 5311 πεπληρο-

2190 5321 2440 5389 φόρημαι
2478 5321 2578 5388 τὴν
2626 5322 2909 5393 ἀλήθειαν⁸
2968 5325 3337 5396 αίσχυναίμην
3395 5325 3504 5395 γάρ
3561 5328 3628 5381 ἂν
3680 5336 3791 5385 καὶ

2188 5414 2425 5482 πατρίδα
2461 5414 2555 5465 καὶ
2585 5416 2681 5484 τῆς
2724 5414 2827 5484 ἐμὲ
2856 5416 3124 5487 τεκούσης
3160 5420 3370 5489 μητρὸς
3410 5423 3469 5472 τὸ
3494 5420 3782 5490 φιλόθεον,

2188 5501 2372 5578 παρ’
2401 5522 2491 5574 μοι
2521 5506 2702 5569 καλῶς
2734 5509 2826 5559 καὶ
2850 5506 2915 5558 τὰ
2940 5507 3036 5576 τῆς
3061 5511 3341 5574 εὐσεϐείας
3367 5515 3786 5584 προσετυπὼθη

2186 5599 2278 5650 καὶ
2318 5591 2454 5670 ᾗπερ
2485 5601 2541 5651 ἐν
2577 5602 2804 5669 σκηναῖς
2846 5603 3086 5665 αἰωνίοις
3112 5607 3594 5659 συναναπαύεσθαι
3631 5623 3785 5659 κατ-

2187 5691 2505 5760 επείγομαι.
2572 5694 2719 5759 Ἔφη
2759 5693 2934 5746 ταῦτα
2962 5698 2987 5748 ὁ
3016 5695 3359 5764 Παντολέων,
3399 5703 3489 5751 καί
3514 5698 3603 5749 διὰ
3633 5698 3789 5767 βριε-

2184 5786 2321 5856 χέων
2351 5784 2656 5849 ὑπέδειξεν,
2684 5783 2783 5855 οἴῳ
2814 5787 3243 5858 προσδεδληκὼς
3280 5787 3346 5862 ἧν
3374 5794 3399 5842 ὁ
3430 5790 3540 5850 τοῖς
3586 5791 3777 5858 σκήπ-

2182 5896 2331 5948 τροις
2364 5879 2456 5931 καὶ
2477 5878 2552 5947 τῷ
2575 5878 2748 5951 θρόνῳ
2777 5880 3312 5953 μεγαλαυχούμενος,
3333 5882 3424 5937 καὶ
3452 5883 3530 5937 ὅτι
3562 5882 3782 5944 ἐκεῖνον
