  <div class='ocr_page' id='page_1' title='image "/cluster/home/n/w/nwhite01/storage/ocr_20150623/115/ien.35556001659887/246.png"; bbox 0 0 3972 6452; ppageno 0'>
   <div class='ocr_carea' id='block_1_1' title="bbox 166 365 263 431">
    <p class='ocr_par' dir='ltr' id='par_1_1' title="bbox 166 365 263 431">
     <span class='ocr_line' id='line_1_1' title="bbox 166 365 263 431; baseline 0.041 -5"><span class='ocrx_word' id='word_1_1' title='bbox 166 365 263 431; x_wconf 73' lang='grc' dir='ltr'><strong>ί73</strong></span> 
     </span>
    </p>
   </div>
   <div class='ocr_carea' id='block_1_2' title="bbox 1287 384 2275 448">
    <p class='ocr_par' dir='ltr' id='par_1_2' title="bbox 1287 384 2275 448">
     <span class='ocr_line' id='line_1_2' title="bbox 1287 384 2275 448; baseline 0.003 -4"><span class='ocrx_word' id='word_1_2' title='bbox 1287 384 1464 447; x_wconf 72' lang='grc' dir='ltr'><strong>γιΤΑ</strong></span> <span class='ocrx_word' id='word_1_3' title='bbox 1503 388 1562 446; x_wconf 92' lang='lat' dir='ltr'><strong>S.</strong></span> <span class='ocrx_word' id='word_1_4' title='bbox 1603 386 2275 448; x_wconf 74' lang='lat' dir='ltr'><strong>PANTELEEMONIS.</strong></span> 
     </span>
    </p>
   </div>
   <div class='ocr_carea' id='block_1_3' title="bbox 3320 379 3425 443">
    <p class='ocr_par' dir='ltr' id='par_1_3' title="bbox 3320 379 3425 443">
     <span class='ocr_line' id='line_1_3' title="bbox 3320 379 3425 443; baseline 0.01 -2"><span class='ocrx_word' id='word_1_5' title='bbox 3320 379 3425 443; x_wconf 74' lang='grc' dir='ltr'><strong>ιτι</strong></span> 
     </span>
    </p>
   </div>
   <div class='ocr_carea' id='block_1_4' title="bbox 166 484 1721 567">
    <p class='ocr_par' dir='ltr' id='par_1_4' title="bbox 166 484 1721 567">
     <span class='ocr_line' id='line_1_4' title="bbox 166 484 1721 567; baseline 0.011 -33"><span class='ocrx_word' id='word_1_6' title='bbox 166 484 410 549; x_wconf 82' lang='grc' dir='ltr'>βούλεσθε</span> <span class='ocrx_word' id='word_1_7' title='bbox 444 489 542 542; x_wconf 82' lang='grc' dir='ltr'>καὶ</span> <span class='ocrx_word' id='word_1_8' title='bbox 580 490 682 559; x_wconf 79' lang='grc' dir='ltr'>τῆς</span> <span class='ocrx_word' id='word_1_9' title='bbox 713 493 987 564; x_wconf 68' lang='grc' dir='ltr'>προτέρας</span> <span class='ocrx_word' id='word_1_10' title='bbox 1035 496 1243 567; x_wconf 79' lang='grc' dir='ltr'>ταύτης</span> <span class='ocrx_word' id='word_1_11' title='bbox 1289 497 1475 561; x_wconf 85' lang='grc' dir='ltr'>αίτίας</span> <span class='ocrx_word' id='word_1_12' title='bbox 1526 499 1721 552; x_wconf 86' lang='grc' dir='ltr'>ἀπολυ-</span> 
     </span>
    </p>
   </div>
   <div class='ocr_carea' id='block_1_5' title="bbox 1826 484 3423 567">
    <p class='ocr_par' dir='ltr' id='par_1_5' title="bbox 1837 495 3423 567">
     <span class='ocr_line' id='line_1_5' title="bbox 1837 495 3423 567; baseline -0.002 -15"><span class='ocrx_word' id='word_1_13' title='bbox 1837 497 2213 556; x_wconf 86' lang='lat' dir='ltr'><strong>annumerari.</strong></span> <span class='ocrx_word' id='word_1_14' title='bbox 2248 497 2445 553; x_wconf 65' lang='lat' dir='ltr'><strong>efficite</strong></span> <span class='ocrx_word' id='word_1_15' title='bbox 2492 508 2550 552; x_wconf 91' lang='lat' dir='ltr'><strong>ut</strong></span> <span class='ocrx_word' id='word_1_16' title='bbox 2612 497 2658 552; x_wconf 88' lang='lat' dir='ltr'><strong>ei</strong></span> <span class='ocrx_word' id='word_1_17' title='bbox 2726 496 3119 567; x_wconf 72' lang='lat' dir='ltr'><strong>persuadeatur</strong></span> <span class='ocrx_word' id='word_1_18' title='bbox 3166 495 3271 548; x_wconf 74' lang='lat' dir='ltr'><strong>aliis</strong></span> <span class='ocrx_word' id='word_1_19' title='bbox 3332 512 3423 549; x_wconf 75' lang='lat' dir='ltr'><strong>sa-</strong></span> 
     </span>
    </p>
   </div>
   <div class='ocr_carea' id='block_1_6' title="bbox 164 576 1723 658">
    <p class='ocr_par' dir='ltr' id='par_1_6' title="bbox 164 576 1723 658">
     <span class='ocr_line' id='line_1_6' title="bbox 164 576 1723 658; baseline 0.011 -31"><span class='ocrx_word' id='word_1_20' title='bbox 164 576 308 643; x_wconf 65' lang='grc' dir='ltr'>θὶςναι</span> <span class='ocrx_word' id='word_1_21' title='bbox 360 581 456 631; x_wconf 69' lang='grc' dir='ltr'>καὶ</span> <span class='ocrx_word' id='word_1_22' title='bbox 514 584 629 644; x_wconf 89' lang='grc' dir='ltr'>τοῖς</span> <span class='ocrx_word' id='word_1_23' title='bbox 672 585 805 656; x_wconf 82' lang='grc' dir='ltr'>παρ’</span> <span class='ocrx_word' id='word_1_24' title='bbox 854 586 1012 655; x_wconf 79' lang='grc' dir='ltr'>ήμῶν</span> <span class='ocrx_word' id='word_1_25' title='bbox 1073 587 1425 658; x_wconf 76' lang='grc' dir='ltr'>φιλουμένοις</span> <span class='ocrx_word' id='word_1_26' title='bbox 1477 590 1723 644; x_wconf 76' lang='grc' dir='ltr'>καὶτῶν</span> 
     </span>
    </p>
   </div>
   <div class='ocr_carea' id='block_1_7' title="bbox 162 669 1723 771">
    <p class='ocr_par' dir='ltr' id='par_1_7' title="bbox 162 669 1723 771">
     <span class='ocr_line' id='line_1_7' title="bbox 162 669 1723 771; baseline 0.013 -52"><span class='ocrx_word' id='word_1_27' title='bbox 162 669 385 771; x_wconf 53' lang='grc' dir='ltr'>πρῶτων</span> <span class='ocrx_word' id='word_1_28' title='bbox 415 673 748 744; x_wconf 72' lang='grc' dir='ltr'><strong>ἠξιωμένοις</strong></span> <span class='ocrx_word' id='word_1_29' title='bbox 782 680 961 749; x_wconf 82' lang='grc' dir='ltr'>τιμῶν</span> <span class='ocrx_word' id='word_1_30' title='bbox 1013 682 1370 752; x_wconf 81' lang='grc' dir='ltr'>συνταγῆναι,</span> <span class='ocrx_word' id='word_1_31' title='bbox 1427 683 1723 753; x_wconf 83' lang='grc' dir='ltr'>πεισθῆναι</span> 
     </span>
    </p>
   </div>
   <div class='ocr_carea' id='block_1_8' title="bbox 160 768 1721 835">
    <p class='ocr_par' dir='ltr' id='par_1_8' title="bbox 160 768 1721 835">
     <span class='ocr_line' id='line_1_8' title="bbox 160 768 1721 835; baseline 0.013 -24"><span class='ocrx_word' id='word_1_32' title='bbox 160 768 338 814; x_wconf 80' lang='grc' dir='ltr'>τοῦτον</span> <span class='ocrx_word' id='word_1_33' title='bbox 393 768 861 834; x_wconf 84' lang='grc' dir='ltr'>παρασκευάσατε</span> <span class='ocrx_word' id='word_1_34' title='bbox 911 771 1026 831; x_wconf 88' lang='grc' dir='ltr'>τοῖς</span> <span class='ocrx_word' id='word_1_35' title='bbox 1079 770 1221 835; x_wconf 85' lang='grc' dir='ltr'>θεοῖς</span> <span class='ocrx_word' id='word_1_36' title='bbox 1276 772 1457 827; x_wconf 87' lang='grc' dir='ltr'>θῦσαι.</span> <span class='ocrx_word' id='word_1_37' title='bbox 1517 777 1579 829; x_wconf 88' lang='lat' dir='ltr'><strong>Ol</strong></span> <span class='ocrx_word' id='word_1_38' title='bbox 1621 776 1721 830; x_wconf 79' lang='grc' dir='ltr'><strong>δι·</strong></span> 
     </span>
    </p>
   </div>
   <div class='ocr_carea' id='block_1_9' title="bbox 160 852 1725 935">
    <p class='ocr_par' dir='ltr' id='par_1_9' title="bbox 160 852 1725 935">
     <span class='ocr_line' id='line_1_9' title="bbox 160 852 1725 935; baseline 0.012 -32"><span class='ocrx_word' id='word_1_39' title='bbox 160 852 272 915; x_wconf 85' lang='grc' dir='ltr'><strong>Πῶς</strong></span> <span class='ocrx_word' id='word_1_40' title='bbox 300 853 368 906; x_wconf 81' lang='grc' dir='ltr'>ἂν</span> <span class='ocrx_word' id='word_1_41' title='bbox 397 855 558 910; x_wconf 87' lang='grc' dir='ltr'>τοῦτο</span> <span class='ocrx_word' id='word_1_42' title='bbox 589 860 864 928; x_wconf 72' lang='grc' dir='ltr'><strong>δράσειαν,</strong></span> <span class='ocrx_word' id='word_1_43' title='bbox 900 858 1075 925; x_wconf 72' lang='grc' dir='ltr'>εἷπον,</span> <span class='ocrx_word' id='word_1_44' title='bbox 1112 866 1162 917; x_wconf 88' lang='grc' dir='ltr'>οἱ</span> <span class='ocrx_word' id='word_1_45' title='bbox 1197 866 1449 935; x_wconf 81' lang='grc' dir='ltr'><strong>πρώτους</strong></span> <span class='ocrx_word' id='word_1_46' title='bbox 1493 867 1725 931; x_wconf 66' lang='grc' dir='ltr'>ἑαυτοὺς</span> 
     </span>
    </p>
   </div>
   <div class='ocr_carea' id='block_1_10' title="bbox 158 940 1747 1026">
    <p class='ocr_par' dir='ltr' id='par_1_10' title="bbox 158 940 1747 1026">
     <span class='ocr_line' id='line_1_10' title="bbox 158 940 1747 1026; baseline 0.011 -34"><span class='ocrx_word' id='word_1_47' title='bbox 158 945 434 1010; x_wconf 69' lang='grc' dir='ltr'>πείσαντες</span> <span class='ocrx_word' id='word_1_48' title='bbox 466 949 542 1019; x_wconf 79' lang='grc' dir='ltr'>μὴ</span> <span class='ocrx_word' id='word_1_49' title='bbox 599 951 900 1020; x_wconf 82' lang='grc' dir='ltr'>ἀποστῆναι</span> <span class='ocrx_word' id='word_1_50' title='bbox 951 954 1189 1024; x_wconf 86' lang='grc' dir='ltr'>Χριστοῦ</span> <span class='ocrx_word' id='word_1_51' title='bbox 1238 956 1374 1026; x_wconf 72' lang='grc' dir='ltr'>μηδὲ</span> <span class='ocrx_word' id='word_1_52' title='bbox 1406 961 1611 1024; x_wconf 74' lang='grc' dir='ltr'>κωφοῖς</span> <span class='ocrx_word' id='word_1_53' title='bbox 1642 940 1747 1009; x_wconf 13' lang='grc' dir='ltr'>εί-ν</span> 
     </span>
    </p>
   </div>
   <div class='ocr_carea' id='block_1_11' title="bbox 155 1036 1721 1113">
    <p class='ocr_par' dir='ltr' id='par_1_11' title="bbox 155 1036 1721 1113">
     <span class='ocr_line' id='line_1_11' title="bbox 155 1036 1721 1113; baseline 0.009 -24"><span class='ocrx_word' id='word_1_54' title='bbox 155 1036 332 1099; x_wconf 72' lang='grc' dir='ltr'>δώ).οις</span> <span class='ocrx_word' id='word_1_55' title='bbox 387 1038 581 1094; x_wconf 80' lang='grc' dir='ltr'>θυσίαν</span> <span class='ocrx_word' id='word_1_56' title='bbox 636 1050 1059 1113; x_wconf 71' lang='grc' dir='ltr'>προσενεγκεῖν;</span> <span class='ocrx_word' id='word_1_57' title='bbox 1114 1049 1301 1101; x_wconf 80' lang='grc' dir='ltr'>Ταῦτά</span> <span class='ocrx_word' id='word_1_58' title='bbox 1351 1066 1410 1101; x_wconf 90' lang='grc' dir='ltr'><strong>τε</strong></span> <span class='ocrx_word' id='word_1_59' title='bbox 1468 1051 1721 1113; x_wconf 80' lang='grc' dir='ltr'><strong>εἰπόντες</strong></span> 
     </span>
    </p>
   </div>
   <div class='ocr_carea' id='block_1_12' title="bbox 158 1130 1718 1206">
    <p class='ocr_par' dir='ltr' id='par_1_12' title="bbox 158 1130 1718 1206">
     <span class='ocr_line' id='line_1_12' title="bbox 158 1130 1718 1206; baseline 0.007 -28"><span class='ocrx_word' id='word_1_60' title='bbox 158 1130 239 1178; x_wconf 71' lang='grc' dir='ltr'>καὶ</span> <span class='ocrx_word' id='word_1_61' title='bbox 268 1130 346 1189; x_wconf 89' lang='grc' dir='ltr'><strong>είς</strong></span> <span class='ocrx_word' id='word_1_62' title='bbox 378 1133 648 1197; x_wconf 77' lang='grc' dir='ltr'>οὐρανοὺς</span> <span class='ocrx_word' id='word_1_63' title='bbox 676 1132 902 1201; x_wconf 76' lang='grc' dir='ltr'>ὄμματα</span> <span class='ocrx_word' id='word_1_64' title='bbox 932 1137 1169 1203; x_wconf 84' lang='grc' dir='ltr'>αίσθητά</span> <span class='ocrx_word' id='word_1_65' title='bbox 1195 1153 1251 1189; x_wconf 84' lang='grc' dir='ltr'><strong>τε</strong></span> <span class='ocrx_word' id='word_1_66' title='bbox 1281 1136 1398 1203; x_wconf 77' lang='grc' dir='ltr'>ἅμα</span> <span class='ocrx_word' id='word_1_67' title='bbox 1428 1138 1523 1193; x_wconf 77' lang='grc' dir='ltr'>καὶ</span> <span class='ocrx_word' id='word_1_68' title='bbox 1552 1137 1718 1206; x_wconf 82' lang='grc' dir='ltr'>νοητά</span> 
     </span>
    </p>
   </div>
   <div class='ocr_carea' id='block_1_13' title="bbox 1829 586 3427 658">
    <p class='ocr_par' dir='ltr' id='par_1_13' title="bbox 1829 586 3427 658">
     <span class='ocr_line' id='line_1_13' title="bbox 1829 586 3427 658; baseline 0 -17"><span class='ocrx_word' id='word_1_69' title='bbox 1829 588 2100 643; x_wconf 84' lang='lat' dir='ltr'><strong>crificare.</strong></span> <span class='ocrx_word' id='word_1_70' title='bbox 2170 586 2250 643; x_wconf 79' lang='lat' dir='ltr'><strong>Illi</strong></span> <span class='ocrx_word' id='word_1_71' title='bbox 2317 604 2471 654; x_wconf 71' lang='lat' dir='ltr'><strong>vero,</strong></span> <span class='ocrx_word' id='word_1_72' title='bbox 2547 588 2873 656; x_wconf 85' lang='lat' dir='ltr'><strong>Quomodo,</strong></span> <span class='ocrx_word' id='word_1_73' title='bbox 2946 588 3247 658; x_wconf 83' lang='lat' dir='ltr'><strong>inquiunt.</strong></span> <span class='ocrx_word' id='word_1_74' title='bbox 3323 588 3427 642; x_wconf 84' lang='lat' dir='ltr'><strong>hoc</strong></span> 
     </span>
    </p>
   </div>
   <div class='ocr_carea' id='block_1_14' title="bbox 1830 678 3425 753">
    <p class='ocr_par' dir='ltr' id='par_1_14' title="bbox 1830 678 3425 753">
     <span class='ocr_line' id='line_1_14' title="bbox 1830 678 3425 753; baseline -0.001 -20"><span class='ocrx_word' id='word_1_75' title='bbox 1830 678 2125 736; x_wconf 78' lang='lat' dir='ltr'><strong>fecerimus</strong></span> <span class='ocrx_word' id='word_1_76' title='bbox 2182 682 2274 752; x_wconf 86' lang='lat' dir='ltr'><strong>qui</strong></span> <span class='ocrx_word' id='word_1_77' title='bbox 2335 683 2572 752; x_wconf 86' lang='lat' dir='ltr'><strong>primum</strong></span> <span class='ocrx_word' id='word_1_78' title='bbox 2603 684 2762 739; x_wconf 84' lang='lat' dir='ltr'><strong>nobis</strong></span> <span class='ocrx_word' id='word_1_79' title='bbox 2792 681 3231 753; x_wconf 83' lang='lat' dir='ltr'><strong>persuaserimus</strong></span> <span class='ocrx_word' id='word_1_80' title='bbox 3268 679 3425 732; x_wconf 84' lang='lat' dir='ltr'><strong>Chri-</strong></span> 
     </span>
    </p>
   </div>
   <div class='ocr_carea' id='block_1_15' title="bbox 1829 771 3421 839">
    <p class='ocr_par' dir='ltr' id='par_1_15' title="bbox 1829 771 3421 839">
     <span class='ocr_line' id='line_1_15' title="bbox 1829 771 3421 839; baseline -0.003 -13"><span class='ocrx_word' id='word_1_81' title='bbox 1829 782 1973 827; x_wconf 88' lang='lat' dir='ltr'><strong>stum</strong></span> <span class='ocrx_word' id='word_1_82' title='bbox 2015 790 2124 829; x_wconf 84' lang='lat' dir='ltr'><strong>non</strong></span> <span class='ocrx_word' id='word_1_83' title='bbox 2160 777 2437 839; x_wconf 87' lang='lat' dir='ltr'><strong>deserere,</strong></span> <span class='ocrx_word' id='word_1_84' title='bbox 2495 792 2598 831; x_wconf 87' lang='lat' dir='ltr'><strong>nec</strong></span> <span class='ocrx_word' id='word_1_85' title='bbox 2628 776 2807 832; x_wconf 89' lang='lat' dir='ltr'><strong>surdis</strong></span> <span class='ocrx_word' id='word_1_86' title='bbox 2863 775 3173 830; x_wconf 79' lang='lat' dir='ltr'><strong>simulacris</strong></span> <span class='ocrx_word' id='word_1_87' title='bbox 3220 771 3421 828; x_wconf 81' lang='lat' dir='ltr'><strong>offerre</strong></span> 
     </span>
    </p>
   </div>
   <div class='ocr_carea' id='block_1_16' title="bbox 1829 871 3422 934">
    <p class='ocr_par' dir='ltr' id='par_1_16' title="bbox 1829 871 3422 934">
     <span class='ocr_line' id='line_1_16' title="bbox 1829 871 3422 934; baseline -0.005 -5"><span class='ocrx_word' id='word_1_88' title='bbox 1829 871 2187 929; x_wconf 80' lang='lat' dir='ltr'><strong>Sacrificium?</strong></span> <span class='ocrx_word' id='word_1_89' title='bbox 2236 872 2361 928; x_wconf 70' lang='lat' dir='ltr'><strong>Haec</strong></span> <span class='ocrx_word' id='word_1_90' title='bbox 2406 873 2689 934; x_wconf 84' lang='lat' dir='ltr'><strong>dixerunt.</strong></span> <span class='ocrx_word' id='word_1_91' title='bbox 2745 883 2801 927; x_wconf 82' lang='lat' dir='ltr'><strong>et</strong></span> <span class='ocrx_word' id='word_1_92' title='bbox 2855 886 3052 927; x_wconf 81' lang='lat' dir='ltr'><strong>sensus</strong></span> <span class='ocrx_word' id='word_1_93' title='bbox 3108 881 3166 924; x_wconf 84' lang='lat' dir='ltr'><strong>et</strong></span> <span class='ocrx_word' id='word_1_94' title='bbox 3220 872 3422 923; x_wconf 86' lang='lat' dir='ltr'><strong>mentis</strong></span> 
     </span>
    </p>
   </div>
   <div class='ocr_carea' id='block_1_17' title="bbox 1830 963 3420 1035">
    <p class='ocr_par' dir='ltr' id='par_1_17' title="bbox 1830 963 3420 1035">
     <span class='ocr_line' id='line_1_17' title="bbox 1830 963 3420 1035; baseline -0.003 -19"><span class='ocrx_word' id='word_1_95' title='bbox 1830 963 2021 1019; x_wconf 84' lang='lat' dir='ltr'><strong>oculos</strong></span> <span class='ocrx_word' id='word_1_96' title='bbox 2055 965 2106 1018; x_wconf 91' lang='lat' dir='ltr'><strong>in</strong></span> <span class='ocrx_word' id='word_1_97' title='bbox 2140 966 2310 1021; x_wconf 67' lang='lat' dir='ltr'><strong>caelos</strong></span> <span class='ocrx_word' id='word_1_98' title='bbox 2338 966 2703 1021; x_wconf 84' lang='lat' dir='ltr'><strong>sustulerunt.</strong></span> <span class='ocrx_word' id='word_1_99' title='bbox 2730 965 2820 1018; x_wconf 81' lang='lat' dir='ltr'><strong>Sic</strong></span> <span class='ocrx_word' id='word_1_100' title='bbox 2862 963 3214 1035; x_wconf 77' lang='lat' dir='ltr'><strong>precantibus</strong></span> <span class='ocrx_word' id='word_1_101' title='bbox 3235 969 3420 1013; x_wconf 84' lang='lat' dir='ltr'><strong>autem</strong></span> 
     </span>
    </p>
   </div>
   <div class='ocr_carea' id='block_1_18' title="bbox 1829 1038 3422 1126">
    <p class='ocr_par' dir='ltr' id='par_1_18' title="bbox 1829 1038 3422 1126">
     <span class='ocr_line' id='line_1_18' title="bbox 1829 1038 3422 1126; baseline -0.001 -18"><span class='ocrx_word' id='word_1_102' title='bbox 1829 1066 2060 1124; x_wconf 87' lang='lat' dir='ltr'><strong>apparet</strong></span> <span class='ocrx_word' id='word_1_103' title='bbox 2081 1055 2442 1112; x_wconf 77' lang='lat' dir='ltr'><strong>Salvatorzet</strong></span> <span class='ocrx_word' id='word_1_104' title='bbox 2468 1065 2615 1112; x_wconf 88' lang='lat' dir='ltr'><strong>totus</strong></span> <span class='ocrx_word' id='word_1_105' title='bbox 2663 1057 2847 1110; x_wconf 85' lang='lat' dir='ltr'><strong>statim</strong></span> <span class='ocrx_word' id='word_1_106' title='bbox 2894 1055 3051 1110; x_wconf 76' lang='lat' dir='ltr'><strong>lacus</strong></span> <span class='ocrx_word' id='word_1_107' title='bbox 3101 1038 3339 1126; x_wconf 77' lang='lat' dir='ltr'><strong>agitatur</strong></span> <span class='ocrx_word' id='word_1_108' title='bbox 3367 1060 3422 1108; x_wconf 88' lang='lat' dir='ltr'><strong>ct</strong></span> 
     </span>
    </p>
   </div>
   <div class='ocr_carea' id='block_1_19' title="bbox 1828 1157 3412 1201">
    <p class='ocr_par' dir='ltr' id='par_1_19' title="bbox 1828 1157 3412 1201">
     <span class='ocr_line' id='line_1_19' title="bbox 1828 1157 3412 1201; baseline 0.004 -4"><span class='ocrx_word' id='word_1_109' title='bbox 1828 1157 2102 1201; x_wconf 78' lang='lat' dir='ltr'><strong>movetur.</strong></span> <span class='ocrx_word' id='word_1_110' title='bbox 3408 1157 3412 1160; x_wconf 64' lang='lat'><em>‘</em></span> 
     </span>
    </p>
   </div>
   <div class='ocr_carea' id='block_1_20' title="bbox 153 1215 3418 1311">
    <p class='ocr_par' dir='ltr' id='par_1_20' title="bbox 153 1215 3418 1311">
     <span class='ocr_line' id='line_1_20' title="bbox 153 1215 3418 1311; baseline 0.004 -37"><span class='ocrx_word' id='word_1_111' title='bbox 153 1215 301 1293; x_wconf 76' lang='grc' dir='ltr'>ἦραν.</span> <span class='ocrx_word' id='word_1_112' title='bbox 346 1222 506 1275; x_wconf 78' lang='grc' dir='ltr'>Οὕτω</span> <span class='ocrx_word' id='word_1_113' title='bbox 540 1223 596 1276; x_wconf 69' lang='grc' dir='ltr'>δι</span> <span class='ocrx_word' id='word_1_114' title='bbox 657 1227 973 1295; x_wconf 78' lang='grc' dir='ltr'><strong>εὐχομένοις</strong></span> <span class='ocrx_word' id='word_1_115' title='bbox 1024 1230 1369 1296; x_wconf 74' lang='grc' dir='ltr'>ἐπιφαίνεται</span> <span class='ocrx_word' id='word_1_116' title='bbox 1416 1232 1443 1280; x_wconf 88' lang='grc' dir='ltr'><strong>ὀ</strong></span> <span class='ocrx_word' id='word_1_117' title='bbox 1491 1229 1700 1299; x_wconf 80' lang='grc' dir='ltr'>Σωτὴρ,</span> <span class='ocrx_word' id='word_1_118' title='bbox 1767 1236 1863 1287; x_wconf 73' lang='grc' dir='ltr'>καὶ</span> <span class='ocrx_word' id='word_1_119' title='bbox 1908 1240 1934 1289; x_wconf 75' lang='grc' dir='ltr'>ὁ</span> <span class='ocrx_word' id='word_1_120' title='bbox 1990 1240 2152 1302; x_wconf 78' lang='grc' dir='ltr'>τόπος</span> <span class='ocrx_word' id='word_1_121' title='bbox 2187 1242 2352 1306; x_wconf 75' lang='grc' dir='ltr'>εὐθὺς</span> <span class='ocrx_word' id='word_1_122' title='bbox 2411 1243 2533 1306; x_wconf 83' lang='grc' dir='ltr'>ὅλος</span> <span class='ocrx_word' id='word_1_123' title='bbox 2561 1242 2736 1311; x_wconf 71' lang='grc' dir='ltr'>κλόνῳ</span> <span class='ocrx_word' id='word_1_124' title='bbox 2770 1243 2866 1294; x_wconf 68' lang='grc' dir='ltr'>καὶ</span> <span class='ocrx_word' id='word_1_125' title='bbox 2894 1238 3106 1307; x_wconf 73' lang='grc' dir='ltr'>σεισμῷ</span> <span class='ocrx_word' id='word_1_126' title='bbox 3140 1238 3418 1308; x_wconf 70' lang='grc' dir='ltr'>βάλλεται,</span> 
     </span>
    </p>
   </div>
   <div class='ocr_carea' id='block_1_21' title="bbox 218 1319 1723 1395">
    <p class='ocr_par' dir='ltr' id='par_1_21' title="bbox 218 1319 1723 1395">
     <span class='ocr_line' id='line_1_21' title="bbox 218 1319 1723 1395; baseline 0.005 -23"><span class='ocrx_word' id='word_1_127' title='bbox 218 1319 338 1375; x_wconf 71' lang='lat' dir='ltr'><strong>KA&#39;.</strong></span> <span class='ocrx_word' id='word_1_128' title='bbox 378 1319 439 1371; x_wconf 88' lang='grc' dir='ltr'>Ὀ</span> <span class='ocrx_word' id='word_1_129' title='bbox 479 1322 533 1373; x_wconf 80' lang='grc' dir='ltr'>δέ</span> <span class='ocrx_word' id='word_1_130' title='bbox 566 1337 629 1387; x_wconf 87' lang='grc' dir='ltr'><strong>γε</strong></span> <span class='ocrx_word' id='word_1_131' title='bbox 668 1326 788 1383; x_wconf 79' lang='grc' dir='ltr'>ταῖς</span> <span class='ocrx_word' id='word_1_132' title='bbox 830 1325 1109 1391; x_wconf 69' lang='grc' dir='ltr'>ἀληθείαις</span> <span class='ocrx_word' id='word_1_133' title='bbox 1138 1327 1584 1395; x_wconf 79' lang='grc' dir='ltr'>διασεσεισμὲνος</span> <span class='ocrx_word' id='word_1_134' title='bbox 1630 1328 1723 1379; x_wconf 66' lang='grc' dir='ltr'>τὴν</span> 
     </span>
    </p>
   </div>
   <div class='ocr_carea' id='block_1_22' title="bbox 155 1411 1724 1490">
    <p class='ocr_par' dir='ltr' id='par_1_22' title="bbox 155 1411 1724 1490">
     <span class='ocr_line' id='line_1_22' title="bbox 155 1411 1724 1490; baseline 0.007 -28"><span class='ocrx_word' id='word_1_135' title='bbox 155 1412 268 1465; x_wconf 87' lang='grc' dir='ltr'>νοῦν</span> <span class='ocrx_word' id='word_1_136' title='bbox 327 1411 586 1481; x_wconf 65' lang='grc' dir='ltr'>βασιλεὺς</span> <span class='ocrx_word' id='word_1_137' title='bbox 664 1420 792 1479; x_wconf 79' lang='grc' dir='ltr'>τοὺς</span> <span class='ocrx_word' id='word_1_138' title='bbox 839 1416 995 1479; x_wconf 76' lang='grc' dir='ltr'>θεοὺς</span> <span class='ocrx_word' id='word_1_139' title='bbox 1052 1417 1159 1487; x_wconf 75' lang='grc' dir='ltr'><strong>ἔφη</strong></span> <span class='ocrx_word' id='word_1_140' title='bbox 1225 1421 1724 1490; x_wconf 76' lang='grc' dir='ltr'><strong>ἀγανακτήσαντας</strong></span> 
     </span>
    </p>
   </div>
   <div class='ocr_carea' id='block_1_23' title="bbox 152 1504 1726 1580">
    <p class='ocr_par' dir='ltr' id='par_1_23' title="bbox 152 1504 1726 1580">
     <span class='ocr_line' id='line_1_23' title="bbox 152 1504 1726 1580; baseline 0.008 -28"><span class='ocrx_word' id='word_1_141' title='bbox 152 1504 317 1553; x_wconf 84' lang='grc' dir='ltr'>σεῖσαι</span> <span class='ocrx_word' id='word_1_142' title='bbox 370 1507 472 1570; x_wconf 73' lang='grc' dir='ltr'>τὴν</span> <span class='ocrx_word' id='word_1_143' title='bbox 520 1505 670 1573; x_wconf 77' lang='grc' dir='ltr'>γῆνς</span> <span class='ocrx_word' id='word_1_144' title='bbox 708 1507 846 1575; x_wconf 74' lang='grc' dir='ltr'>πρὸς</span> <span class='ocrx_word' id='word_1_145' title='bbox 877 1507 939 1560; x_wconf 81' lang='grc' dir='ltr'>ὅν</span> <span class='ocrx_word' id='word_1_146' title='bbox 980 1511 1007 1561; x_wconf 85' lang='grc' dir='ltr'><em>ὁ</em></span> <span class='ocrx_word' id='word_1_147' title='bbox 1040 1513 1253 1578; x_wconf 79' lang='grc' dir='ltr'>μάρτυς</span> <span class='ocrx_word' id='word_1_148' title='bbox 1292 1511 1437 1580; x_wconf 84' lang='grc' dir='ltr'>μάλα</span> <span class='ocrx_word' id='word_1_149' title='bbox 1486 1512 1726 1574; x_wconf 80' lang='grc' dir='ltr'>συνετῶς</span> 
     </span>
    </p>
   </div>
   <div class='ocr_carea' id='block_1_24' title="bbox 152 1594 1725 1671">
    <p class='ocr_par' dir='ltr' id='par_1_24' title="bbox 152 1594 1725 1671">
     <span class='ocr_line' id='line_1_24' title="bbox 152 1594 1725 1671; baseline 0.007 -28"><span class='ocrx_word' id='word_1_150' title='bbox 152 1596 235 1645; x_wconf 69' lang='grc' dir='ltr'>καὶ</span> <span class='ocrx_word' id='word_1_151' title='bbox 265 1594 531 1660; x_wconf 73' lang='grc' dir='ltr'>γενναίως</span> <span class='ocrx_word' id='word_1_152' title='bbox 553 1614 566 1626; x_wconf 92' lang='grc'><strong>·</strong></span> <span class='ocrx_word' id='word_1_153' title='bbox 602 1598 661 1649; x_wconf 78' lang='grc' dir='ltr'>Εἰ</span> <span class='ocrx_word' id='word_1_154' title='bbox 687 1598 743 1649; x_wconf 86' lang='grc' dir='ltr'>δὲ</span> <span class='ocrx_word' id='word_1_155' title='bbox 778 1600 869 1651; x_wconf 76' lang='grc' dir='ltr'>καὶ</span> <span class='ocrx_word' id='word_1_156' title='bbox 904 1600 1103 1659; x_wconf 75' lang='grc' dir='ltr'>αὐτοὺς</span> <span class='ocrx_word' id='word_1_157' title='bbox 1139 1602 1383 1671; x_wconf 71' lang='grc' dir='ltr'>συμϐαίη</span> <span class='ocrx_word' id='word_1_158' title='bbox 1412 1603 1537 1666; x_wconf 78' lang='grc' dir='ltr'>τοὺς</span> <span class='ocrx_word' id='word_1_159' title='bbox 1569 1602 1725 1666; x_wconf 84' lang='grc' dir='ltr'>θεούς</span> 
     </span>
    </p>
   </div>
   <div class='ocr_carea' id='block_1_25' title="bbox 150 1687 1727 1763">
    <p class='ocr_par' dir='ltr' id='par_1_25' title="bbox 150 1687 1727 1763">
     <span class='ocr_line' id='line_1_25' title="bbox 150 1687 1727 1763; baseline 0.005 -22"><span class='ocrx_word' id='word_1_160' title='bbox 150 1704 234 1741; x_wconf 73' lang='grc' dir='ltr'><strong>σου</strong></span> <span class='ocrx_word' id='word_1_161' title='bbox 262 1695 628 1743; x_wconf 61' lang='grc' dir='ltr'>καταπεσεῖν</span> <span class='ocrx_word' id='word_1_162' title='bbox 652 1690 822 1745; x_wconf 80' lang='grc' dir='ltr'>Οὐπω</span> <span class='ocrx_word' id='word_1_163' title='bbox 850 1694 1025 1761; x_wconf 74' lang='grc' dir='ltr'>πέρας</span> <span class='ocrx_word' id='word_1_164' title='bbox 1054 1687 1202 1763; x_wconf 73' lang='grc' dir='ltr'>εἶχεν</span> <span class='ocrx_word' id='word_1_165' title='bbox 1230 1698 1255 1747; x_wconf 78' lang='grc' dir='ltr'>ὁ</span> <span class='ocrx_word' id='word_1_166' title='bbox 1295 1695 1476 1761; x_wconf 74' lang='grc' dir='ltr'>λόγος,</span> <span class='ocrx_word' id='word_1_167' title='bbox 1522 1697 1613 1749; x_wconf 82' lang='grc' dir='ltr'><strong>καί</strong></span> <span class='ocrx_word' id='word_1_168' title='bbox 1642 1714 1727 1759; x_wconf 84' lang='grc' dir='ltr'><strong>τις</strong></span> 
     </span>
    </p>
   </div>
   <div class='ocr_carea' id='block_1_26' title="bbox 1895 1332 3420 1403">
    <p class='ocr_par' dir='ltr' id='par_1_26' title="bbox 1895 1332 3420 1403">
     <span class='ocr_line' id='line_1_26' title="bbox 1895 1332 3420 1403; baseline 0.001 -16"><span class='ocrx_word' id='word_1_169' title='bbox 1895 1332 2080 1389; x_wconf 74' lang='lat' dir='ltr'><strong>XXIV.</strong></span> <span class='ocrx_word' id='word_1_170' title='bbox 2119 1338 2327 1393; x_wconf 71' lang='lat' dir='ltr'><strong>Emolm</strong></span> <span class='ocrx_word' id='word_1_171' title='bbox 2389 1350 2575 1393; x_wconf 86' lang='lat' dir='ltr'><strong>autem</strong></span> <span class='ocrx_word' id='word_1_172' title='bbox 2638 1353 2828 1393; x_wconf 83' lang='lat' dir='ltr'><strong>revera</strong></span> <span class='ocrx_word' id='word_1_173' title='bbox 2873 1336 3075 1390; x_wconf 87' lang='lat' dir='ltr'><strong>mentis</strong></span> <span class='ocrx_word' id='word_1_174' title='bbox 3116 1336 3420 1403; x_wconf 87' lang='lat' dir='ltr'><strong>imperator</strong></span> 
     </span>
    </p>
   </div>
   <div class='ocr_carea' id='block_1_27' title="bbox 1824 1428 3418 1502">
    <p class='ocr_par' dir='ltr' id='par_1_27' title="bbox 1824 1428 3418 1502">
     <span class='ocr_line' id='line_1_27' title="bbox 1824 1428 3418 1502; baseline 0.001 -20"><span class='ocrx_word' id='word_1_175' title='bbox 1824 1428 2062 1486; x_wconf 85' lang='lat' dir='ltr'><strong>dicebat.</strong></span> <span class='ocrx_word' id='word_1_176' title='bbox 2096 1432 2229 1485; x_wconf 89' lang='lat' dir='ltr'><strong>deos</strong></span> <span class='ocrx_word' id='word_1_177' title='bbox 2264 1430 2577 1502; x_wconf 79' lang='lat' dir='ltr'><strong>indignatos</strong></span> <span class='ocrx_word' id='word_1_178' title='bbox 2605 1434 2844 1486; x_wconf 77' lang='lat' dir='ltr'><strong>movisse</strong></span> <span class='ocrx_word' id='word_1_179' title='bbox 2877 1443 3103 1487; x_wconf 85' lang='lat' dir='ltr'><strong>terram.</strong></span> <span class='ocrx_word' id='word_1_180' title='bbox 3126 1431 3225 1487; x_wconf 88' lang='lat' dir='ltr'><strong>Cui</strong></span> <span class='ocrx_word' id='word_1_181' title='bbox 3274 1447 3418 1485; x_wconf 79' lang='lat' dir='ltr'><strong>mar-</strong></span> 
     </span>
    </p>
   </div>
   <div class='ocr_carea' id='block_1_28' title="bbox 1827 1524 3414 1597">
    <p class='ocr_par' dir='ltr' id='par_1_28' title="bbox 1827 1524 3414 1597">
     <span class='ocr_line' id='line_1_28' title="bbox 1827 1524 3414 1597; baseline 0.003 -22"><span class='ocrx_word' id='word_1_182' title='bbox 1827 1536 1971 1593; x_wconf 74' lang='lat' dir='ltr'><strong>tyres</strong></span> <span class='ocrx_word' id='word_1_183' title='bbox 2004 1525 2303 1593; x_wconf 86' lang='lat' dir='ltr'><strong>prudenter</strong></span> <span class='ocrx_word' id='word_1_184' title='bbox 2337 1526 2630 1580; x_wconf 84' lang='lat' dir='ltr'><strong>admodum</strong></span> <span class='ocrx_word' id='word_1_185' title='bbox 2672 1535 2727 1580; x_wconf 87' lang='lat' dir='ltr'><strong>et</strong></span> <span class='ocrx_word' id='word_1_186' title='bbox 2764 1527 2999 1579; x_wconf 79' lang='lat' dir='ltr'><strong>fortiter:</strong></span> <span class='ocrx_word' id='word_1_187' title='bbox 3030 1526 3085 1579; x_wconf 93' lang='lat' dir='ltr'><strong>Si</strong></span> <span class='ocrx_word' id='word_1_188' title='bbox 3114 1524 3414 1597; x_wconf 73' lang='lat' dir='ltr'><strong>contigerit</strong></span> 
     </span>
    </p>
   </div>
   <div class='ocr_carea' id='block_1_29' title="bbox 1827 1604 3417 1689">
    <p class='ocr_par' dir='ltr' id='par_1_29' title="bbox 1827 1604 3417 1689">
     <span class='ocr_line' id='line_1_29' title="bbox 1827 1604 3417 1689; baseline 0 -18"><span class='ocrx_word' id='word_1_189' title='bbox 1827 1604 1976 1687; x_wconf 73' lang='lat' dir='ltr'><strong>ipsos</strong></span> <span class='ocrx_word' id='word_1_190' title='bbox 2000 1634 2216 1688; x_wconf 82' lang='lat' dir='ltr'><strong>quoque</strong></span> <span class='ocrx_word' id='word_1_191' title='bbox 2243 1618 2376 1674; x_wconf 88' lang='lat' dir='ltr'><strong>deos</strong></span> <span class='ocrx_word' id='word_1_192' title='bbox 2409 1630 2552 1680; x_wconf 89' lang='lat' dir='ltr'><strong>tuos.</strong></span> <span class='ocrx_word' id='word_1_193' title='bbox 2582 1619 2857 1689; x_wconf 81' lang='lat' dir='ltr'><strong>inquiunt,</strong></span> <span class='ocrx_word' id='word_1_194' title='bbox 2890 1635 2993 1673; x_wconf 88' lang='lat' dir='ltr'><strong>una</strong></span> <span class='ocrx_word' id='word_1_195' title='bbox 3022 1618 3244 1672; x_wconf 80' lang='lat' dir='ltr'><strong>cadere?</strong></span> <span class='ocrx_word' id='word_1_196' title='bbox 3275 1619 3417 1671; x_wconf 56' lang='lat' dir='ltr'><strong>Non.</strong></span> 
     </span>
    </p>
   </div>
   <div class='ocr_carea' id='block_1_30' title="bbox 1824 1710 3417 1782">
    <p class='ocr_par' dir='ltr' id='par_1_30' title="bbox 1824 1710 3417 1782">
     <span class='ocr_line' id='line_1_30' title="bbox 1824 1710 3417 1782; baseline 0 -19"><span class='ocrx_word' id='word_1_197' title='bbox 1824 1710 1953 1764; x_wconf 77' lang='lat' dir='ltr'><strong>dum</strong></span> <span class='ocrx_word' id='word_1_198' title='bbox 1986 1710 2132 1766; x_wconf 87' lang='lat' dir='ltr'><strong>finita</strong></span> <span class='ocrx_word' id='word_1_199' title='bbox 2165 1722 2280 1766; x_wconf 84' lang='lat' dir='ltr'><strong>erat</strong></span> <span class='ocrx_word' id='word_1_200' title='bbox 2310 1712 2506 1771; x_wconf 84' lang='lat' dir='ltr'><strong>oratio.</strong></span> <span class='ocrx_word' id='word_1_201' title='bbox 2545 1722 2599 1767; x_wconf 92' lang='lat' dir='ltr'><strong>ct</strong></span> <span class='ocrx_word' id='word_1_202' title='bbox 2633 1714 2854 1782; x_wconf 86' lang='lat' dir='ltr'><strong>quidam</strong></span> <span class='ocrx_word' id='word_1_203' title='bbox 2882 1728 2947 1767; x_wconf 86' lang='lat' dir='ltr'><strong>ex</strong></span> <span class='ocrx_word' id='word_1_204' title='bbox 2987 1713 3259 1766; x_wconf 77' lang='lat' dir='ltr'><strong>ministris</strong></span> <span class='ocrx_word' id='word_1_205' title='bbox 3308 1710 3417 1764; x_wconf 81' lang='lat' dir='ltr'><strong>im-</strong></span> 
     </span>
    </p>
   </div>
   <div class='ocr_carea' id='block_1_31' title="bbox 150 1780 1721 1873">
    <p class='ocr_par' dir='ltr' id='par_1_31' title="bbox 150 1780 1721 1857">
     <span class='ocr_line' id='line_1_31' title="bbox 150 1780 1721 1857; baseline 0.007 -29"><span class='ocrx_word' id='word_1_206' title='bbox 150 1780 244 1830; x_wconf 85' lang='grc' dir='ltr'>τῶν</span> <span class='ocrx_word' id='word_1_207' title='bbox 272 1780 368 1833; x_wconf 86' lang='grc' dir='ltr'><strong>τοῦ</strong></span> <span class='ocrx_word' id='word_1_208' title='bbox 400 1781 670 1850; x_wconf 77' lang='grc' dir='ltr'>βασιλέως</span> <span class='ocrx_word' id='word_1_209' title='bbox 702 1785 1153 1853; x_wconf 74' lang='grc' dir='ltr'>παραγενόμενος</span> <span class='ocrx_word' id='word_1_210' title='bbox 1173 1780 1239 1853; x_wconf 80' lang='grc' dir='ltr'>ἦν</span> <span class='ocrx_word' id='word_1_211' title='bbox 1269 1785 1505 1851; x_wconf 75' lang='grc' dir='ltr'>ἄγγελος</span> <span class='ocrx_word' id='word_1_212' title='bbox 1532 1788 1721 1857; x_wconf 83' lang='grc' dir='ltr'>ἐκείνῳ</span> 
     </span>
    </p>
   </div>
   <div class='ocr_carea' id='block_1_32' title="bbox 1826 1780 3416 1873">
    <p class='ocr_par' dir='ltr' id='par_1_32' title="bbox 1826 1805 3416 1873">
     <span class='ocr_line' id='line_1_32' title="bbox 1826 1805 3416 1873; baseline 0 -16"><span class='ocrx_word' id='word_1_213' title='bbox 1826 1806 2091 1873; x_wconf 84' lang='lat' dir='ltr'><strong>peratoris</strong></span> <span class='ocrx_word' id='word_1_214' title='bbox 2115 1807 2344 1859; x_wconf 71' lang='lat' dir='ltr'><strong>accessit</strong></span> <span class='ocrx_word' id='word_1_215' title='bbox 2368 1806 2433 1859; x_wconf 90' lang='lat' dir='ltr'><strong>ad</strong></span> <span class='ocrx_word' id='word_1_216' title='bbox 2467 1806 2641 1867; x_wconf 89' lang='lat' dir='ltr'><strong>illum.</strong></span> <span class='ocrx_word' id='word_1_217' title='bbox 2673 1808 2901 1861; x_wconf 85' lang='lat' dir='ltr'><strong>nuntius</strong></span> <span class='ocrx_word' id='word_1_218' title='bbox 2920 1808 3270 1862; x_wconf 69' lang='lat' dir='ltr'><strong>calamitatis:</strong></span> <span class='ocrx_word' id='word_1_219' title='bbox 3313 1805 3416 1868; x_wconf 88' lang='lat' dir='ltr'><strong>Dii,</strong></span> 
     </span>
    </p>
   </div>
   <div class='ocr_carea' id='block_1_33' title="bbox 148 1868 1724 1945">
    <p class='ocr_par' dir='ltr' id='par_1_33' title="bbox 148 1868 1724 1945">
     <span class='ocr_line' id='line_1_33' title="bbox 148 1868 1724 1945; baseline 0.006 -22"><span class='ocrx_word' id='word_1_220' title='bbox 148 1872 236 1939; x_wconf 75' lang='grc' dir='ltr'>τῆς</span> <span class='ocrx_word' id='word_1_221' title='bbox 267 1875 591 1941; x_wconf 70' lang='grc' dir='ltr'>συμφορᾶς·</span> <span class='ocrx_word' id='word_1_222' title='bbox 629 1874 694 1928; x_wconf 83' lang='lat' dir='ltr'><strong>Ol</strong></span> <span class='ocrx_word' id='word_1_223' title='bbox 742 1875 876 1935; x_wconf 71' lang='grc' dir='ltr'>θεοὶ,</span> <span class='ocrx_word' id='word_1_224' title='bbox 911 1868 956 1927; x_wconf 83' lang='grc' dir='ltr'>ὧ</span> <span class='ocrx_word' id='word_1_225' title='bbox 990 1875 1235 1945; x_wconf 80' lang='grc' dir='ltr'>βασιλεῦ,</span> <span class='ocrx_word' id='word_1_226' title='bbox 1288 1876 1490 1944; x_wconf 84' lang='grc' dir='ltr'>λέγων,</span> <span class='ocrx_word' id='word_1_227' title='bbox 1525 1879 1724 1933; x_wconf 69' lang='grc' dir='ltr'>ἔπεσόν</span> 
     </span>
    </p>
   </div>
   <div class='ocr_carea' id='block_1_34' title="bbox 148 1963 1720 2042">
    <p class='ocr_par' dir='ltr' id='par_1_34' title="bbox 148 1963 1720 2042">
     <span class='ocr_line' id='line_1_34' title="bbox 148 1963 1720 2042; baseline 0.008 -29"><span class='ocrx_word' id='word_1_228' title='bbox 148 1979 197 2013; x_wconf 81' lang='grc' dir='ltr'><strong>τε</strong></span> <span class='ocrx_word' id='word_1_229' title='bbox 230 1966 320 2016; x_wconf 77' lang='grc' dir='ltr'><strong>καί</strong></span> <span class='ocrx_word' id='word_1_230' title='bbox 350 1963 773 2034; x_wconf 72' lang='grc' dir='ltr'>συνετρίϐησαν.</span> <span class='ocrx_word' id='word_1_231' title='bbox 808 1966 997 2029; x_wconf 78' lang='grc' dir='ltr'>Οὕτως</span> <span class='ocrx_word' id='word_1_232' title='bbox 1022 1970 1071 2021; x_wconf 80' lang='lat' dir='ltr'><strong>oi</strong></span> <span class='ocrx_word' id='word_1_233' title='bbox 1106 1970 1331 2038; x_wconf 78' lang='grc' dir='ltr'>φοΰοροὶ</span> <span class='ocrx_word' id='word_1_234' title='bbox 1373 1970 1462 2022; x_wconf 77' lang='grc' dir='ltr'><strong>καὶ</strong></span> <span class='ocrx_word' id='word_1_235' title='bbox 1487 1972 1586 2042; x_wconf 78' lang='grc' dir='ltr'>τὴν</span> <span class='ocrx_word' id='word_1_236' title='bbox 1616 1973 1720 2040; x_wconf 78' lang='grc' dir='ltr'>γῆν</span> 
     </span>
    </p>
   </div>
   <div class='ocr_carea' id='block_1_35' title="bbox 1757 1899 3418 1979">
    <p class='ocr_par' dir='ltr' id='par_1_35' title="bbox 1757 1899 3418 1979">
     <span class='ocr_line' id='line_1_35' title="bbox 1757 1899 3418 1979; baseline 0.003 -28"><span class='ocrx_word' id='word_1_237' title='bbox 1757 1926 1796 1979; x_wconf 68' lang='grc' dir='ltr'><em>υ</em></span> <span class='ocrx_word' id='word_1_238' title='bbox 1827 1899 2037 1962; x_wconf 88' lang='lat' dir='ltr'><strong>dicens,</strong></span> <span class='ocrx_word' id='word_1_239' title='bbox 2061 1914 2093 1952; x_wconf 90' lang='grc' dir='ltr'><strong>ο</strong></span> <span class='ocrx_word' id='word_1_240' title='bbox 2118 1900 2434 1969; x_wconf 79' lang='lat' dir='ltr'><strong>imperator.</strong></span> <span class='ocrx_word' id='word_1_241' title='bbox 2457 1901 2776 1955; x_wconf 87' lang='lat' dir='ltr'><strong>ceciderunt</strong></span> <span class='ocrx_word' id='word_1_242' title='bbox 2803 1912 2857 1955; x_wconf 86' lang='lat' dir='ltr'><strong>et</strong></span> <span class='ocrx_word' id='word_1_243' title='bbox 2882 1902 3101 1955; x_wconf 89' lang='lat' dir='ltr'><strong>contriti</strong></span> <span class='ocrx_word' id='word_1_244' title='bbox 3127 1911 3276 1954; x_wconf 79' lang='lat' dir='ltr'><strong>sunt.</strong></span> <span class='ocrx_word' id='word_1_245' title='bbox 3323 1899 3418 1956; x_wconf 91' lang='lat' dir='ltr'><strong>Sic</strong></span> 
     </span>
    </p>
   </div>
   <div class='ocr_carea' id='block_1_36' title="bbox 1834 1993 3415 2064">
    <p class='ocr_par' dir='ltr' id='par_1_36' title="bbox 1834 1993 3415 2064">
     <span class='ocr_line' id='line_1_36' title="bbox 1834 1993 3415 2064; baseline 0.002 -20"><span class='ocrx_word' id='word_1_246' title='bbox 1834 1993 1905 2046; x_wconf 83' lang='lat' dir='ltr'><strong>illi</strong></span> <span class='ocrx_word' id='word_1_247' title='bbox 1930 1994 2201 2048; x_wconf 77' lang='lat' dir='ltr'><strong>terribiles</strong></span> <span class='ocrx_word' id='word_1_248' title='bbox 2239 2004 2293 2048; x_wconf 72' lang='lat' dir='ltr'><strong>et</strong></span> <span class='ocrx_word' id='word_1_249' title='bbox 2327 2002 2524 2047; x_wconf 76' lang='lat' dir='ltr'><strong>terram</strong></span> <span class='ocrx_word' id='word_1_250' title='bbox 2558 1993 2889 2064; x_wconf 77' lang='lat' dir='ltr'><strong>quatientes,</strong></span> <span class='ocrx_word' id='word_1_251' title='bbox 2921 1994 3180 2063; x_wconf 75' lang='lat' dir='ltr'><strong>iacebant</strong></span> <span class='ocrx_word' id='word_1_252' title='bbox 3204 1994 3258 2048; x_wconf 91' lang='lat' dir='ltr'><strong>in</strong></span> <span class='ocrx_word' id='word_1_253' title='bbox 3300 2004 3415 2049; x_wconf 83' lang='lat' dir='ltr'><strong>ter-</strong></span> 
     </span>
    </p>
   </div>
   <div class='ocr_carea' id='block_1_37' title="bbox 152 2054 1720 2135">
    <p class='ocr_par' dir='ltr' id='par_1_37' title="bbox 152 2054 1720 2135">
     <span class='ocr_line' id='line_1_37' title="bbox 152 2054 1720 2135; baseline 0.01 -30"><span class='ocrx_word' id='word_1_254' title='bbox 152 2054 393 2121; x_wconf 81' lang='grc' dir='ltr'>σείοντες,</span> <span class='ocrx_word' id='word_1_255' title='bbox 440 2056 643 2125; x_wconf 80' lang='grc' dir='ltr'><strong>πτῶμα</strong></span> <span class='ocrx_word' id='word_1_256' title='bbox 687 2057 899 2112; x_wconf 73' lang='grc' dir='ltr'>ἔκειντο</span> <span class='ocrx_word' id='word_1_257' title='bbox 952 2062 1209 2131; x_wconf 65' lang='grc' dir='ltr'>πονηρδν,</span> <span class='ocrx_word' id='word_1_258' title='bbox 1239 2064 1353 2126; x_wconf 74' lang='grc' dir='ltr'>τοῖς</span> <span class='ocrx_word' id='word_1_259' title='bbox 1381 2064 1479 2133; x_wconf 84' lang='grc' dir='ltr'>οὐχ</span> <span class='ocrx_word' id='word_1_260' title='bbox 1518 2066 1720 2135; x_wconf 78' lang='grc' dir='ltr'>ὁμοέως</span> 
     </span>
    </p>
   </div>
   <div class='ocr_carea' id='block_1_38' title="bbox 147 2149 1722 2230">
    <p class='ocr_par' dir='ltr' id='par_1_38' title="bbox 147 2149 1722 2230">
     <span class='ocr_line' id='line_1_38' title="bbox 147 2149 1722 2230; baseline 0.007 -31"><span class='ocrx_word' id='word_1_261' title='bbox 147 2151 351 2215; x_wconf 75' lang='grc' dir='ltr'>τυφλοῖς</span> <span class='ocrx_word' id='word_1_262' title='bbox 377 2149 500 2202; x_wconf 73' lang='grc' dir='ltr'>οὐδὲ</span> <span class='ocrx_word' id='word_1_263' title='bbox 534 2149 859 2222; x_wconf 76' lang='grc' dir='ltr'><strong>αὐτόχρημα</strong></span> <span class='ocrx_word' id='word_1_264' title='bbox 881 2152 1050 2217; x_wconf 71' lang='grc' dir='ltr'>λίθοις</span> <span class='ocrx_word' id='word_1_265' title='bbox 1087 2155 1285 2209; x_wconf 86' lang='grc' dir='ltr'>πολλοῦ</span> <span class='ocrx_word' id='word_1_266' title='bbox 1319 2158 1555 2224; x_wconf 72' lang='grc' dir='ltr'>γέλωτος</span> <span class='ocrx_word' id='word_1_267' title='bbox 1588 2160 1722 2230; x_wconf 70' lang='grc' dir='ltr'>ἀλη-</span> 
     </span>
    </p>
   </div>
   <div class='ocr_carea' id='block_1_39' title="bbox 147 2238 1721 2319">
    <p class='ocr_par' dir='ltr' id='par_1_39' title="bbox 147 2238 1721 2319">
     <span class='ocr_line' id='line_1_39' title="bbox 147 2238 1721 2319; baseline 0.009 -28"><span class='ocrx_word' id='word_1_268' title='bbox 147 2238 242 2301; x_wconf 77' lang='grc' dir='ltr'>θῶς</span> <span class='ocrx_word' id='word_1_269' title='bbox 270 2242 438 2303; x_wconf 74' lang='grc' dir='ltr'>ἄξιοι.</span> <span class='ocrx_word' id='word_1_270' title='bbox 474 2241 704 2312; x_wconf 77' lang='grc' dir='ltr'>Ἕτερος</span> <span class='ocrx_word' id='word_1_271' title='bbox 742 2244 842 2313; x_wconf 76' lang='grc' dir='ltr'>μὲν</span> <span class='ocrx_word' id='word_1_272' title='bbox 870 2241 964 2298; x_wconf 75' lang='grc' dir='ltr'><strong>οὖν</strong></span> <span class='ocrx_word' id='word_1_273' title='bbox 1007 2249 1099 2300; x_wconf 65' lang='grc' dir='ltr'><strong>καὶ</strong></span> <span class='ocrx_word' id='word_1_274' title='bbox 1138 2247 1399 2319; x_wconf 78' lang='grc' dir='ltr'>βραχείας</span> <span class='ocrx_word' id='word_1_275' title='bbox 1430 2250 1721 2305; x_wconf 80' lang='grc' dir='ltr'>ἀπολαύων</span> 
     </span>
    </p>
   </div>
   <div class='ocr_carea' id='block_1_40' title="bbox 148 2332 1721 2413">
    <p class='ocr_par' dir='ltr' id='par_1_40' title="bbox 148 2332 1721 2413">
     <span class='ocr_line' id='line_1_40' title="bbox 148 2332 1721 2413; baseline 0.011 -31"><span class='ocrx_word' id='word_1_276' title='bbox 148 2332 329 2399; x_wconf 70' lang='grc' dir='ltr'>φρενὸς</span> <span class='ocrx_word' id='word_1_277' title='bbox 360 2334 459 2386; x_wconf 72' lang='grc' dir='ltr'><strong>καὶ</strong></span> <span class='ocrx_word' id='word_1_278' title='bbox 494 2333 570 2405; x_wconf 82' lang='grc' dir='ltr'>μὴ</span> <span class='ocrx_word' id='word_1_279' title='bbox 618 2339 681 2405; x_wconf 82' lang='grc' dir='ltr'>τῇ</span> <span class='ocrx_word' id='word_1_280' title='bbox 719 2340 899 2407; x_wconf 79' lang='grc' dir='ltr'>μορφῇ</span> <span class='ocrx_word' id='word_1_281' title='bbox 935 2340 1072 2413; x_wconf 77' lang='grc' dir='ltr'>μόνῃ</span> <span class='ocrx_word' id='word_1_282' title='bbox 1106 2341 1199 2394; x_wconf 87' lang='grc' dir='ltr'><strong>τοῦ</strong></span> <span class='ocrx_word' id='word_1_283' title='bbox 1235 2342 1311 2412; x_wconf 81' lang='grc' dir='ltr'>μὴ</span> <span class='ocrx_word' id='word_1_284' title='bbox 1346 2344 1545 2407; x_wconf 84' lang='grc' dir='ltr'>κτῆνος</span> <span class='ocrx_word' id='word_1_285' title='bbox 1579 2341 1721 2400; x_wconf 73' lang='grc' dir='ltr'>εἶναι</span> 
     </span>
    </p>
   </div>
   <div class='ocr_carea' id='block_1_41' title="bbox 150 2427 1721 2504">
    <p class='ocr_par' dir='ltr' id='par_1_41' title="bbox 150 2427 1721 2504">
     <span class='ocr_line' id='line_1_41' title="bbox 150 2427 1721 2504; baseline 0.007 -27"><span class='ocrx_word' id='word_1_286' title='bbox 150 2427 383 2497; x_wconf 78' lang='grc' dir='ltr'>φανερῶς</span> <span class='ocrx_word' id='word_1_287' title='bbox 423 2428 817 2496; x_wconf 63' lang='grc' dir='ltr'>πιστευόμενος</span> <span class='ocrx_word' id='word_1_288' title='bbox 854 2430 955 2481; x_wconf 78' lang='grc' dir='ltr'>κᾶν</span> <span class='ocrx_word' id='word_1_289' title='bbox 988 2432 1203 2498; x_wconf 77' lang='grc' dir='ltr'>ἐπέγνω</span> <span class='ocrx_word' id='word_1_290' title='bbox 1233 2433 1324 2485; x_wconf 72' lang='grc' dir='ltr'><strong>τὸν</strong></span> <span class='ocrx_word' id='word_1_291' title='bbox 1355 2435 1556 2504; x_wconf 67' lang='grc' dir='ltr'>ἀψευδῆ</span> <span class='ocrx_word' id='word_1_292' title='bbox 1587 2436 1721 2489; x_wconf 82' lang='grc' dir='ltr'>Θεὸν</span> 
     </span>
    </p>
   </div>
   <div class='ocr_carea' id='block_1_42' title="bbox 150 2519 1722 2589">
    <p class='ocr_par' dir='ltr' id='par_1_42' title="bbox 150 2519 1722 2589">
     <span class='ocr_line' id='line_1_42' title="bbox 150 2519 1722 2589; baseline 0.006 -20"><span class='ocrx_word' id='word_1_293' title='bbox 150 2520 230 2571; x_wconf 82' lang='grc' dir='ltr'>καὶ</span> <span class='ocrx_word' id='word_1_294' title='bbox 256 2522 431 2576; x_wconf 72' lang='grc' dir='ltr'>ποιεῖν</span> <span class='ocrx_word' id='word_1_295' title='bbox 481 2519 653 2572; x_wconf 83' lang='grc' dir='ltr'>ταῦτα</span> <span class='ocrx_word' id='word_1_296' title='bbox 687 2519 991 2587; x_wconf 72' lang='grc' dir='ltr'>δυνάμενον</span> <span class='ocrx_word' id='word_1_297' title='bbox 1015 2540 1027 2553; x_wconf 89' lang='grc'><strong>·</strong></span> <span class='ocrx_word' id='word_1_298' title='bbox 1056 2522 1172 2575; x_wconf 78' lang='grc' dir='ltr'>ἀλλ’</span> <span class='ocrx_word' id='word_1_299' title='bbox 1198 2524 1298 2576; x_wconf 86' lang='grc' dir='ltr'><strong>οὐκ</strong></span> <span class='ocrx_word' id='word_1_300' title='bbox 1333 2523 1573 2589; x_wconf 75' lang='grc' dir='ltr'>ἐκεῖνος’</span> <span class='ocrx_word' id='word_1_301' title='bbox 1604 2529 1722 2579; x_wconf 82' lang='grc' dir='ltr'>ἀλλ’</span> 
     </span>
    </p>
   </div>
   <div class='ocr_carea' id='block_1_43' title="bbox 148 2609 1717 2688">
    <p class='ocr_par' dir='ltr' id='par_1_43' title="bbox 148 2609 1717 2688">
     <span class='ocr_line' id='line_1_43' title="bbox 148 2609 1717 2688; baseline 0.008 -29"><span class='ocrx_word' id='word_1_302' title='bbox 148 2609 193 2659; x_wconf 85' lang='grc' dir='ltr'><strong>εί</strong></span> <span class='ocrx_word' id='word_1_303' title='bbox 223 2626 272 2660; x_wconf 88' lang='grc' dir='ltr'><strong>τι</strong></span> <span class='ocrx_word' id='word_1_304' title='bbox 320 2609 551 2676; x_wconf 68' lang='grc' dir='ltr'>βελτίων</span> <span class='ocrx_word' id='word_1_305' title='bbox 604 2610 819 2681; x_wconf 78' lang='grc' dir='ltr'>ὑπῆρχε</span> <span class='ocrx_word' id='word_1_306' title='bbox 856 2614 951 2665; x_wconf 68' lang='grc' dir='ltr'>καὶ</span> <span class='ocrx_word' id='word_1_307' title='bbox 1002 2613 1127 2667; x_wconf 80' lang='grc' dir='ltr'>ὅσον</span> <span class='ocrx_word' id='word_1_308' title='bbox 1186 2615 1443 2670; x_wconf 83' lang='grc' dir='ltr'>ἀπώνατο</span> <span class='ocrx_word' id='word_1_309' title='bbox 1477 2618 1585 2671; x_wconf 81' lang='grc' dir='ltr'>ἀπὸ</span> <span class='ocrx_word' id='word_1_310' title='bbox 1619 2618 1717 2688; x_wconf 75' lang='grc' dir='ltr'>τῆς</span> 
     </span>
    </p>
   </div>
   <div class='ocr_carea' id='block_1_44' title="bbox 147 2698 1714 2780">
    <p class='ocr_par' dir='ltr' id='par_1_44' title="bbox 147 2698 1714 2780">
     <span class='ocr_line' id='line_1_44' title="bbox 147 2698 1714 2780; baseline 0.009 -29"><span class='ocrx_word' id='word_1_311' title='bbox 147 2698 454 2769; x_wconf 76' lang='grc' dir='ltr'>θεοσημίας,</span> <span class='ocrx_word' id='word_1_312' title='bbox 512 2703 622 2757; x_wconf 66' lang='grc' dir='ltr'><strong>ἀπδ</strong></span> <span class='ocrx_word' id='word_1_313' title='bbox 672 2704 782 2756; x_wconf 86' lang='grc' dir='ltr'>τῶν</span> <span class='ocrx_word' id='word_1_314' title='bbox 832 2705 1009 2774; x_wconf 74' lang='grc' dir='ltr'>ἔργων</span> <span class='ocrx_word' id='word_1_315' title='bbox 1064 2707 1231 2770; x_wconf 82' lang='grc' dir='ltr'>εὐθὺς</span> <span class='ocrx_word' id='word_1_316' title='bbox 1289 2708 1448 2780; x_wconf 80' lang='grc' dir='ltr'>δῆλος</span> <span class='ocrx_word' id='word_1_317' title='bbox 1485 2712 1714 2780; x_wconf 84' lang='grc' dir='ltr'>γίνεται.</span> 
     </span>
    </p>
   </div>
   <div class='ocr_carea' id='block_1_45' title="bbox 147 2792 1719 2872">
    <p class='ocr_par' dir='ltr' id='par_1_45' title="bbox 147 2792 1719 2872">
     <span class='ocr_line' id='line_1_45' title="bbox 147 2792 1719 2872; baseline 0.01 -31"><span class='ocrx_word' id='word_1_318' title='bbox 147 2792 336 2845; x_wconf 75' lang='grc' dir='ltr'>Λύτίκα</span> <span class='ocrx_word' id='word_1_319' title='bbox 368 2797 481 2864; x_wconf 64' lang='grc' dir='ltr'><strong>γάρ</strong></span> <span class='ocrx_word' id='word_1_320' title='bbox 529 2792 639 2847; x_wconf 83' lang='grc' dir='ltr'>τῶν</span> <span class='ocrx_word' id='word_1_321' title='bbox 686 2795 785 2865; x_wconf 80' lang='grc' dir='ltr'>μὲν</span> <span class='ocrx_word' id='word_1_322' title='bbox 817 2797 986 2867; x_wconf 76' lang='grc' dir='ltr'>τριῶν</span> <span class='ocrx_word' id='word_1_323' title='bbox 1016 2796 1192 2865; x_wconf 82' lang='grc' dir='ltr'>ἀγίων</span> <span class='ocrx_word' id='word_1_324' title='bbox 1218 2802 1449 2854; x_wconf 68' lang='grc' dir='ltr'>ἐκείνων</span> <span class='ocrx_word' id='word_1_325' title='bbox 1484 2807 1622 2872; x_wconf 73' lang='grc' dir='ltr'>μετά</span> <span class='ocrx_word' id='word_1_326' title='bbox 1657 2804 1719 2857; x_wconf 83' lang='grc' dir='ltr'><strong>τὺ</strong></span> 
     </span>
    </p>
   </div>
   <div class='ocr_carea' id='block_1_46' title="bbox 148 2885 1718 2963">
    <p class='ocr_par' dir='ltr' id='par_1_46' title="bbox 148 2885 1718 2963">
     <span class='ocr_line' id='line_1_46' title="bbox 148 2885 1718 2963; baseline 0.009 -26"><span class='ocrx_word' id='word_1_327' title='bbox 148 2885 303 2939; x_wconf 79' lang='grc' dir='ltr'>πολλά</span> <span class='ocrx_word' id='word_1_328' title='bbox 328 2887 559 2951; x_wconf 80' lang='grc' dir='ltr'>τούτους</span> <span class='ocrx_word' id='word_1_329' title='bbox 589 2889 816 2942; x_wconf 79' lang='grc' dir='ltr'>κολάσαι</span> <span class='ocrx_word' id='word_1_330' title='bbox 849 2891 941 2943; x_wconf 69' lang='grc' dir='ltr'><strong>τὸν</strong></span> <span class='ocrx_word' id='word_1_331' title='bbox 978 2891 1067 2943; x_wconf 78' lang='grc' dir='ltr'><strong>διά</strong></span> <span class='ocrx_word' id='word_1_332' title='bbox 1099 2892 1289 2963; x_wconf 79' lang='grc' dir='ltr'>ξίφους</span> <span class='ocrx_word' id='word_1_333' title='bbox 1334 2894 1567 2949; x_wconf 88' lang='grc' dir='ltr'>θάνατον</span> <span class='ocrx_word' id='word_1_334' title='bbox 1597 2898 1718 2951; x_wconf 81' lang='grc' dir='ltr'>δια-</span> 
     </span>
    </p>
   </div>
   <div class='ocr_carea' id='block_1_47' title="bbox 149 2978 1716 3058">
    <p class='ocr_par' dir='ltr' id='par_1_47' title="bbox 149 2978 1716 3058">
     <span class='ocr_line' id='line_1_47' title="bbox 149 2978 1716 3058; baseline 0.006 -28"><span class='ocrx_word' id='word_1_335' title='bbox 149 2978 341 3047; x_wconf 74' lang='grc' dir='ltr'>κρίνειο</span> <span class='ocrx_word' id='word_1_336' title='bbox 376 2980 757 3033; x_wconf 82' lang='grc' dir='ltr'>Παντολὲοντα</span> <span class='ocrx_word' id='word_1_337' title='bbox 804 2982 861 3033; x_wconf 80' lang='grc' dir='ltr'>δὲ</span> <span class='ocrx_word' id='word_1_338' title='bbox 899 2982 990 3033; x_wconf 86' lang='grc' dir='ltr'>τὸν</span> <span class='ocrx_word' id='word_1_339' title='bbox 1022 2984 1197 3051; x_wconf 73' lang='grc' dir='ltr'>μέγαν</span> <span class='ocrx_word' id='word_1_340' title='bbox 1242 2982 1320 3054; x_wconf 85' lang='grc' dir='ltr'>τῷ</span> <span class='ocrx_word' id='word_1_341' title='bbox 1351 2984 1716 3058; x_wconf 79' lang='grc' dir='ltr'>δεσμωτηρίῳ</span> 
     </span>
    </p>
   </div>
   <div class='ocr_carea' id='block_1_48' title="bbox 148 3069 1716 3147">
    <p class='ocr_par' dir='ltr' id='par_1_48' title="bbox 148 3069 1716 3147">
     <span class='ocr_line' id='line_1_48' title="bbox 148 3069 1716 3147; baseline 0.006 -23"><span class='ocrx_word' id='word_1_342' title='bbox 148 3069 273 3124; x_wconf 72' lang='grc' dir='ltr'><strong>κατά</strong></span> <span class='ocrx_word' id='word_1_343' title='bbox 294 3070 355 3123; x_wconf 80' lang='grc' dir='ltr'>τὸ</span> <span class='ocrx_word' id='word_1_344' title='bbox 386 3073 569 3140; x_wconf 78' lang='grc' dir='ltr'>παρὸν</span> <span class='ocrx_word' id='word_1_345' title='bbox 609 3071 814 3124; x_wconf 89' lang='grc' dir='ltr'>δίδωσι.</span> <span class='ocrx_word' id='word_1_346' title='bbox 854 3073 935 3126; x_wconf 75' lang='grc' dir='ltr'>Τά</span> <span class='ocrx_word' id='word_1_347' title='bbox 968 3074 1068 3145; x_wconf 76' lang='grc' dir='ltr'>μὶν</span> <span class='ocrx_word' id='word_1_348' title='bbox 1095 3075 1189 3128; x_wconf 82' lang='grc' dir='ltr'>οὖν</span> <span class='ocrx_word' id='word_1_349' title='bbox 1218 3075 1577 3147; x_wconf 80' lang='grc' dir='ltr'>ἀναιρεθέντα</span> <span class='ocrx_word' id='word_1_350' title='bbox 1606 3081 1716 3134; x_wconf 84' lang='grc' dir='ltr'>τῶν</span> 
     </span>
    </p>
   </div>
   <div class='ocr_carea' id='block_1_49' title="bbox 150 3162 1714 3245">
    <p class='ocr_par' dir='ltr' id='par_1_49' title="bbox 150 3162 1714 3245">
     <span class='ocr_line' id='line_1_49' title="bbox 150 3162 1714 3245; baseline 0.01 -32"><span class='ocrx_word' id='word_1_351' title='bbox 150 3163 429 3232; x_wconf 83' lang='grc' dir='ltr'>μαρτύρων</span> <span class='ocrx_word' id='word_1_352' title='bbox 481 3162 715 3235; x_wconf 85' lang='grc' dir='ltr'>σώματα</span> <span class='ocrx_word' id='word_1_353' title='bbox 763 3164 905 3218; x_wconf 79' lang='grc' dir='ltr'>οὕτω</span> <span class='ocrx_word' id='word_1_354' title='bbox 936 3168 1166 3237; x_wconf 74' lang='grc' dir='ltr'>κείμενα</span> <span class='ocrx_word' id='word_1_355' title='bbox 1200 3170 1549 3240; x_wconf 87' lang='grc' dir='ltr'>Χριστιανοῖς</span> <span class='ocrx_word' id='word_1_356' title='bbox 1584 3174 1714 3245; x_wconf 74' lang='grc' dir='ltr'><strong>ἐμέ-</strong></span> 
     </span>
    </p>
   </div>
   <div class='ocr_carea' id='block_1_50' title="bbox 147 3255 1787 3344">
    <p class='ocr_par' dir='ltr' id='par_1_50' title="bbox 147 3255 1787 3344">
     <span class='ocr_line' id='line_1_50' title="bbox 147 3255 1787 3344; baseline 0.01 -39"><span class='ocrx_word' id='word_1_357' title='bbox 147 3255 292 3326; x_wconf 71' lang='grc' dir='ltr'>λησεν</span> <span class='ocrx_word' id='word_1_358' title='bbox 320 3257 614 3312; x_wconf 78' lang='grc' dir='ltr'>ἀνελέσθαι</span> <span class='ocrx_word' id='word_1_359' title='bbox 644 3259 736 3312; x_wconf 79' lang='grc' dir='ltr'>καὶ</span> <span class='ocrx_word' id='word_1_360' title='bbox 765 3258 839 3320; x_wconf 83' lang='grc' dir='ltr'><strong>ώς</strong></span> <span class='ocrx_word' id='word_1_361' title='bbox 870 3262 1147 3331; x_wconf 74' lang='grc' dir='ltr'>προσῆκον</span> <span class='ocrx_word' id='word_1_362' title='bbox 1174 3258 1243 3335; x_wconf 77' lang='grc' dir='ltr'>ἦν</span> <span class='ocrx_word' id='word_1_363' title='bbox 1272 3265 1409 3335; x_wconf 69' lang='grc' dir='ltr'>αὐτὰ</span> <span class='ocrx_word' id='word_1_364' title='bbox 1438 3264 1634 3334; x_wconf 72' lang='grc' dir='ltr'>θάψαι.</span> <span class='ocrx_word' id='word_1_365' title='bbox 1740 3282 1787 3344; x_wconf 76' lang='lat' dir='ltr'>c</span> 
     </span>
    </p>
   </div>
   <div class='ocr_carea' id='block_1_51' title="bbox 206 3351 1711 3427">
    <p class='ocr_par' dir='ltr' id='par_1_51' title="bbox 206 3351 1711 3427">
     <span class='ocr_line' id='line_1_51' title="bbox 206 3351 1711 3427; baseline 0.006 -24"><span class='ocrx_word' id='word_1_366' title='bbox 206 3351 325 3405; x_wconf 82' lang='lat' dir='ltr'><strong>KE&#39;.</strong></span> <span class='ocrx_word' id='word_1_367' title='bbox 363 3351 740 3405; x_wconf 79' lang='grc' dir='ltr'>Παντολέοντα</span> <span class='ocrx_word' id='word_1_368' title='bbox 781 3352 835 3406; x_wconf 76' lang='grc' dir='ltr'>δὲ</span> <span class='ocrx_word' id='word_1_369' title='bbox 882 3356 990 3407; x_wconf 79' lang='grc' dir='ltr'>άπὸ</span> <span class='ocrx_word' id='word_1_370' title='bbox 1023 3357 1122 3427; x_wconf 79' lang='grc' dir='ltr'>τῆς</span> <span class='ocrx_word' id='word_1_371' title='bbox 1154 3357 1382 3427; x_wconf 75' lang='grc' dir='ltr'>εἱρκτῆς</span> <span class='ocrx_word' id='word_1_372' title='bbox 1417 3360 1655 3421; x_wconf 79' lang='grc' dir='ltr'>καλέσας</span> <span class='ocrx_word' id='word_1_373' title='bbox 1683 3362 1711 3412; x_wconf 84' lang='grc' dir='ltr'>ὁ</span> 
     </span>
    </p>
   </div>
   <div class='ocr_carea' id='block_1_52' title="bbox 149 3441 1712 3521">
    <p class='ocr_par' dir='ltr' id='par_1_52' title="bbox 149 3441 1712 3521">
     <span class='ocr_line' id='line_1_52' title="bbox 149 3441 1712 3521; baseline 0.005 -25"><span class='ocrx_word' id='word_1_374' title='bbox 149 3441 408 3511; x_wconf 68' lang='grc' dir='ltr'>βασιλεύςσ</span> <span class='ocrx_word' id='word_1_375' title='bbox 443 3444 609 3497; x_wconf 72' lang='grc' dir='ltr'>Δοκεῖ</span> <span class='ocrx_word' id='word_1_376' title='bbox 639 3460 742 3507; x_wconf 84' lang='grc' dir='ltr'>σοι,</span> <span class='ocrx_word' id='word_1_377' title='bbox 774 3444 900 3515; x_wconf 69' lang='grc' dir='ltr'>ἔφη,</span> <span class='ocrx_word' id='word_1_378' title='bbox 934 3446 1125 3517; x_wconf 80' lang='grc' dir='ltr'>ὅτιπερ</span> <span class='ocrx_word' id='word_1_379' title='bbox 1164 3447 1273 3509; x_wconf 80' lang='grc' dir='ltr'><strong>ζῶν</strong></span> <span class='ocrx_word' id='word_1_380' title='bbox 1300 3450 1399 3511; x_wconf 72' lang='grc' dir='ltr'><strong>τάς</strong></span> <span class='ocrx_word' id='word_1_381' title='bbox 1432 3451 1572 3519; x_wconf 73' lang='grc' dir='ltr'>ἐμάς</span> <span class='ocrx_word' id='word_1_382' title='bbox 1601 3452 1712 3521; x_wconf 83' lang='grc' dir='ltr'>χεῖ-</span> 
     </span>
    </p>
   </div>
   <div class='ocr_carea' id='block_1_53' title="bbox 149 3537 1712 3614">
    <p class='ocr_par' dir='ltr' id='par_1_53' title="bbox 149 3537 1712 3614">
     <span class='ocr_line' id='line_1_53' title="bbox 149 3537 1712 3614; baseline 0.006 -27"><span class='ocrx_word' id='word_1_383' title='bbox 149 3552 231 3604; x_wconf 79' lang='grc' dir='ltr'><strong>ρας</strong></span> <span class='ocrx_word' id='word_1_384' title='bbox 261 3539 464 3608; x_wconf 60' lang='grc' dir='ltr'>δλνήσῃ</span> <span class='ocrx_word' id='word_1_385' title='bbox 519 3537 826 3603; x_wconf 81' lang='grc' dir='ltr'>διαφυγεῖν,</span> <span class='ocrx_word' id='word_1_386' title='bbox 876 3539 923 3590; x_wconf 86' lang='grc' dir='ltr'><strong>εί</strong></span> <span class='ocrx_word' id='word_1_387' title='bbox 972 3538 1046 3608; x_wconf 84' lang='grc' dir='ltr'>μὴ</span> <span class='ocrx_word' id='word_1_388' title='bbox 1099 3539 1414 3608; x_wconf 85' lang='grc' dir='ltr'>προσελθὼν</span> <span class='ocrx_word' id='word_1_389' title='bbox 1444 3544 1712 3614; x_wconf 85' lang='grc' dir='ltr'>πρότερον</span> 
     </span>
    </p>
   </div>
   <div class='ocr_carea' id='block_1_54' title="bbox 147 3628 1711 3699">
    <p class='ocr_par' dir='ltr' id='par_1_54' title="bbox 147 3628 1711 3699">
     <span class='ocr_line' id='line_1_54' title="bbox 147 3628 1711 3699; baseline 0.008 -22"><span class='ocrx_word' id='word_1_390' title='bbox 147 3628 296 3699; x_wconf 64' lang='grc' dir='ltr'>θύσεις</span> <span class='ocrx_word' id='word_1_391' title='bbox 345 3631 460 3692; x_wconf 81' lang='grc' dir='ltr'>τοῖς</span> <span class='ocrx_word' id='word_1_392' title='bbox 512 3628 679 3691; x_wconf 77' lang='grc' dir='ltr'>θεοῖς,</span> <span class='ocrx_word' id='word_1_393' title='bbox 735 3628 830 3681; x_wconf 79' lang='grc' dir='ltr'>καὶ</span> <span class='ocrx_word' id='word_1_394' title='bbox 878 3629 1052 3684; x_wconf 88' lang='grc' dir='ltr'>ταῦτα</span> <span class='ocrx_word' id='word_1_395' title='bbox 1103 3630 1197 3685; x_wconf 88' lang='grc' dir='ltr'><strong>τοῦ</strong></span> <span class='ocrx_word' id='word_1_396' title='bbox 1246 3632 1571 3689; x_wconf 76' lang='grc' dir='ltr'>διδασκάλου</span> <span class='ocrx_word' id='word_1_397' title='bbox 1618 3653 1711 3690; x_wconf 88' lang='grc' dir='ltr'><strong>σου</strong></span> 
     </span>
    </p>
   </div>
   <div class='ocr_carea' id='block_1_55' title="bbox 156 3720 1713 3799">
    <p class='ocr_par' dir='ltr' id='par_1_55' title="bbox 156 3720 1713 3799">
     <span class='ocr_line' id='line_1_55' title="bbox 156 3720 1713 3799; baseline 0.005 -26"><span class='ocrx_word' id='word_1_398' title='bbox 156 3720 461 3792; x_wconf 82' lang='grc' dir='ltr'>Ἔρμολάου,</span> <span class='ocrx_word' id='word_1_399' title='bbox 529 3720 843 3791; x_wconf 79' lang='grc' dir='ltr'>Ἑρμίππου</span> <span class='ocrx_word' id='word_1_400' title='bbox 895 3740 954 3776; x_wconf 83' lang='grc' dir='ltr'><strong>τε</strong></span> <span class='ocrx_word' id='word_1_401' title='bbox 1016 3723 1111 3776; x_wconf 81' lang='grc' dir='ltr'>καὶ</span> <span class='ocrx_word' id='word_1_402' title='bbox 1187 3724 1599 3799; x_wconf 79' lang='grc' dir='ltr'>Ἑρμοκράτους</span> <span class='ocrx_word' id='word_1_403' title='bbox 1651 3729 1713 3781; x_wconf 71' lang='grc' dir='ltr'><strong>τὸ</strong></span> 
     </span>
    </p>
   </div>
   <div class='ocr_carea' id='block_1_56' title="bbox 149 3814 1711 3889">
    <p class='ocr_par' dir='ltr' id='par_1_56' title="bbox 149 3814 1711 3889">
     <span class='ocr_line' id='line_1_56' title="bbox 149 3814 1711 3889; baseline 0.006 -26"><span class='ocrx_word' id='word_1_404' title='bbox 149 3815 293 3867; x_wconf 70' lang='grc' dir='ltr'>καλὸν</span> <span class='ocrx_word' id='word_1_405' title='bbox 338 3816 440 3885; x_wconf 65' lang='grc' dir='ltr'><strong>ἤδη</strong></span> <span class='ocrx_word' id='word_1_406' title='bbox 507 3815 794 3884; x_wconf 79' lang='grc' dir='ltr'>μαθόντων</span> <span class='ocrx_word' id='word_1_407' title='bbox 844 3817 940 3867; x_wconf 73' lang='grc' dir='ltr'>καὶ</span> <span class='ocrx_word' id='word_1_408' title='bbox 982 3818 1093 3877; x_wconf 81' lang='grc' dir='ltr'>τοῖς</span> <span class='ocrx_word' id='word_1_409' title='bbox 1125 3814 1268 3879; x_wconf 83' lang='grc' dir='ltr'>θεοῖς</span> <span class='ocrx_word' id='word_1_410' title='bbox 1316 3817 1506 3871; x_wconf 75' lang='grc' dir='ltr'>θυσίαν</span> <span class='ocrx_word' id='word_1_411' title='bbox 1538 3836 1711 3889; x_wconf 58' lang='grc' dir='ltr'>προστ</span> 
     </span>
    </p>
   </div>
   <div class='ocr_carea' id='block_1_57' title="bbox 147 3904 1715 3976">
    <p class='ocr_par' dir='ltr' id='par_1_57' title="bbox 147 3904 1715 3976">
     <span class='ocr_line' id='line_1_57' title="bbox 147 3904 1715 3976; baseline 0.006 -20"><span class='ocrx_word' id='word_1_412' title='bbox 147 3908 482 3974; x_wconf 78' lang='grc' dir='ltr'>ενεγκόντων.</span> <span class='ocrx_word' id='word_1_413' title='bbox 549 3904 600 3957; x_wconf 79' lang='grc' dir='ltr'>οἳ</span> <span class='ocrx_word' id='word_1_414' title='bbox 668 3907 762 3956; x_wconf 72' lang='grc' dir='ltr'>καὶ</span> <span class='ocrx_word' id='word_1_415' title='bbox 817 3906 1057 3973; x_wconf 73' lang='grc' dir='ltr'>ἀμοιϐὴν</span> <span class='ocrx_word' id='word_1_416' title='bbox 1108 3907 1209 3976; x_wconf 79' lang='grc' dir='ltr'>τῆς</span> <span class='ocrx_word' id='word_1_417' title='bbox 1268 3908 1603 3972; x_wconf 82' lang='grc' dir='ltr'>εὐπειθείας,</span> <span class='ocrx_word' id='word_1_418' title='bbox 1654 3912 1715 3965; x_wconf 70' lang='grc' dir='ltr'><strong>τὸ</strong></span> 
     </span>
    </p>
   </div>
   <div class='ocr_carea' id='block_1_58' title="bbox 147 3989 1720 4074">
    <p class='ocr_par' dir='ltr' id='par_1_58' title="bbox 147 3989 1720 4074">
     <span class='ocr_line' id='line_1_58' title="bbox 147 3989 1720 4074; baseline 0.003 -25"><span class='ocrx_word' id='word_1_419' title='bbox 147 4001 327 4069; x_wconf 68' lang='grc' dir='ltr'>πρῶτος</span> <span class='ocrx_word' id='word_1_420' title='bbox 378 3995 521 4051; x_wconf 73' lang='grc' dir='ltr'>εἶναι</span> <span class='ocrx_word' id='word_1_421' title='bbox 575 3996 671 4048; x_wconf 88' lang='grc' dir='ltr'><strong>νῦν</strong></span> <span class='ocrx_word' id='word_1_422' title='bbox 705 4000 762 4048; x_wconf 76' lang='grc' dir='ltr'>ὲν</span> <span class='ocrx_word' id='word_1_423' title='bbox 788 3996 865 4066; x_wconf 81' lang='grc' dir='ltr'>τῷ</span> <span class='ocrx_word' id='word_1_424' title='bbox 917 3998 1163 4069; x_wconf 80' lang='grc' dir='ltr'>παλατίῳ</span> <span class='ocrx_word' id='word_1_425' title='bbox 1209 3999 1343 4070; x_wconf 85' lang='grc' dir='ltr'>παρ’</span> <span class='ocrx_word' id='word_1_426' title='bbox 1375 4001 1532 4070; x_wconf 77' lang='grc' dir='ltr'>ἡμῶν</span> <span class='ocrx_word' id='word_1_427' title='bbox 1565 3989 1720 4074; x_wconf 67' lang='grc' dir='ltr'><strong>εἰλή-Δ</strong></span> 
     </span>
    </p>
   </div>
   <div class='ocr_carea' id='block_1_59' title="bbox 148 4088 1714 4169">
    <p class='ocr_par' dir='ltr' id='par_1_59' title="bbox 148 4088 1714 4169">
     <span class='ocr_line' id='line_1_59' title="bbox 148 4088 1714 4169; baseline 0.004 -23"><span class='ocrx_word' id='word_1_428' title='bbox 148 4112 324 4162; x_wconf 74' lang='grc' dir='ltr'>φασινς</span> <span class='ocrx_word' id='word_1_429' title='bbox 360 4096 541 4166; x_wconf 82' lang='grc' dir='ltr'>Εἴπερ</span> <span class='ocrx_word' id='word_1_430' title='bbox 579 4088 672 4149; x_wconf 73' lang='grc' dir='ltr'>οὖν</span> <span class='ocrx_word' id='word_1_431' title='bbox 706 4095 797 4147; x_wconf 77' lang='grc' dir='ltr'><strong>καὶ</strong></span> <span class='ocrx_word' id='word_1_432' title='bbox 826 4094 891 4149; x_wconf 82' lang='grc' dir='ltr'><strong>σύ</strong></span> <span class='ocrx_word' id='word_1_433' title='bbox 921 4096 1018 4166; x_wconf 78' lang='grc' dir='ltr'>τὴν</span> <span class='ocrx_word' id='word_1_434' title='bbox 1050 4096 1221 4166; x_wconf 78' lang='grc' dir='ltr'>καλὴν</span> <span class='ocrx_word' id='word_1_435' title='bbox 1254 4098 1435 4150; x_wconf 74' lang='grc' dir='ltr'>αὐτῶν</span> <span class='ocrx_word' id='word_1_436' title='bbox 1464 4098 1714 4169; x_wconf 83' lang='grc' dir='ltr'>ζηλώσας</span> 
     </span>
    </p>
   </div>
   <div class='ocr_carea' id='block_1_60' title="bbox 149 4187 1714 4261">
    <p class='ocr_par' dir='ltr' id='par_1_60' title="bbox 149 4187 1714 4261">
     <span class='ocr_line' id='line_1_60' title="bbox 149 4187 1714 4261; baseline 0.005 -22"><span class='ocrx_word' id='word_1_437' title='bbox 149 4190 431 4261; x_wconf 76' lang='grc' dir='ltr'>μεταϐολὴν</span> <span class='ocrx_word' id='word_1_438' title='bbox 474 4189 689 4251; x_wconf 80' lang='grc' dir='ltr'>θύσεις,</span> <span class='ocrx_word' id='word_1_439' title='bbox 735 4188 854 4241; x_wconf 83' lang='grc' dir='ltr'>τότε</span> <span class='ocrx_word' id='word_1_440' title='bbox 893 4188 1039 4259; x_wconf 64' lang='grc' dir='ltr'>ὕψει,</span> <span class='ocrx_word' id='word_1_441' title='bbox 1094 4189 1415 4254; x_wconf 86' lang='grc' dir='ltr'>Παντόλεον,</span> <span class='ocrx_word' id='word_1_442' title='bbox 1449 4187 1561 4255; x_wconf 73' lang='grc' dir='ltr'>οἶος</span> <span class='ocrx_word' id='word_1_443' title='bbox 1603 4194 1714 4261; x_wconf 75' lang='grc' dir='ltr'><strong>ἐγὼ</strong></span> 
     </span>
    </p>
   </div>
   <div class='ocr_carea' id='block_1_61' title="bbox 148 4281 1713 4358">
    <p class='ocr_par' dir='ltr' id='par_1_61' title="bbox 148 4281 1713 4358">
     <span class='ocr_line' id='line_1_61' title="bbox 148 4281 1713 4358; baseline 0.001 -21"><span class='ocrx_word' id='word_1_444' title='bbox 148 4281 297 4354; x_wconf 70' lang='grc' dir='ltr'>βαρὺς</span> <span class='ocrx_word' id='word_1_445' title='bbox 322 4284 399 4337; x_wconf 86' lang='grc' dir='ltr'>ῶν</span> <span class='ocrx_word' id='word_1_446' title='bbox 422 4283 504 4354; x_wconf 82' lang='grc' dir='ltr'><strong>τῷ</strong></span> <span class='ocrx_word' id='word_1_447' title='bbox 531 4281 785 4345; x_wconf 76' lang='grc' dir='ltr'>κολάζειν</span> <span class='ocrx_word' id='word_1_448' title='bbox 817 4283 943 4346; x_wconf 82' lang='grc' dir='ltr'>τοὺς</span> <span class='ocrx_word' id='word_1_449' title='bbox 970 4282 1357 4352; x_wconf 80' lang='grc' dir='ltr'>ἀπειθοῦντας,</span> <span class='ocrx_word' id='word_1_450' title='bbox 1389 4287 1543 4358; x_wconf 70' lang='grc' dir='ltr'>παρὰ</span> <span class='ocrx_word' id='word_1_451' title='bbox 1578 4287 1713 4339; x_wconf 84' lang='grc' dir='ltr'><strong>πολύ</strong></span> 
     </span>
    </p>
   </div>
   <div class='ocr_carea' id='block_1_62' title="bbox 145 4372 1713 4448">
    <p class='ocr_par' dir='ltr' id='par_1_62' title="bbox 145 4372 1713 4448">
     <span class='ocr_line' id='line_1_62' title="bbox 145 4372 1713 4448; baseline 0.004 -23"><span class='ocrx_word' id='word_1_452' title='bbox 145 4374 238 4427; x_wconf 82' lang='grc' dir='ltr'>τῶν</span> <span class='ocrx_word' id='word_1_453' title='bbox 288 4375 637 4443; x_wconf 75' lang='grc' dir='ltr'>πειθομένων</span> <span class='ocrx_word' id='word_1_454' title='bbox 684 4372 917 4444; x_wconf 78' lang='grc' dir='ltr'>ὑπάρχω</span> <span class='ocrx_word' id='word_1_455' title='bbox 968 4374 1046 4444; x_wconf 84' lang='grc' dir='ltr'>τῷ</span> <span class='ocrx_word' id='word_1_456' title='bbox 1097 4376 1484 4444; x_wconf 73' lang='grc' dir='ltr'>εὐγνωμονεῖν,</span> <span class='ocrx_word' id='word_1_457' title='bbox 1548 4376 1713 4448; x_wconf 83' lang='grc' dir='ltr'><strong>θερα⁹</strong></span> 
     </span>
    </p>
   </div>
   <div class='ocr_carea' id='block_1_63' title="bbox 148 4466 1714 4542">
    <p class='ocr_par' dir='ltr' id='par_1_63' title="bbox 148 4466 1714 4542">
     <span class='ocr_line' id='line_1_63' title="bbox 148 4466 1714 4542; baseline 0.001 -24"><span class='ocrx_word' id='word_1_458' title='bbox 148 4468 315 4521; x_wconf 66' lang='grc' dir='ltr'>πτύειν</span> <span class='ocrx_word' id='word_1_459' title='bbox 341 4468 786 4537; x_wconf 65' lang='grc' dir='ltr'>φιλοτιμότατος·</span> <span class='ocrx_word' id='word_1_460' title='bbox 814 4466 973 4520; x_wconf 86' lang='grc' dir='ltr'>τοῦτο</span> <span class='ocrx_word' id='word_1_461' title='bbox 1003 4468 1059 4522; x_wconf 76' lang='grc' dir='ltr'>δι</span> <span class='ocrx_word' id='word_1_462' title='bbox 1088 4471 1229 4524; x_wconf 78' lang='grc' dir='ltr'>κατά</span> <span class='ocrx_word' id='word_1_463' title='bbox 1257 4471 1456 4541; x_wconf 76' lang='grc' dir='ltr'>πολλὴν</span> <span class='ocrx_word' id='word_1_464' title='bbox 1484 4470 1589 4542; x_wconf 68' lang='grc' dir='ltr'><strong>ἔφη</strong></span> <span class='ocrx_word' id='word_1_465' title='bbox 1616 4474 1714 4541; x_wconf 65' lang='grc' dir='ltr'>τὴν</span> 
     </span>
    </p>
   </div>
   <div class='ocr_carea' id='block_1_64' title="bbox 148 4558 1713 4633">
    <p class='ocr_par' dir='ltr' id='par_1_64' title="bbox 148 4558 1713 4633">
     <span class='ocr_line' id='line_1_64' title="bbox 148 4558 1713 4633; baseline 0.004 -21"><span class='ocrx_word' id='word_1_466' title='bbox 148 4561 482 4629; x_wconf 72' lang='grc' dir='ltr'>κακοήθειαν,</span> <span class='ocrx_word' id='word_1_467' title='bbox 547 4561 650 4614; x_wconf 76' lang='grc' dir='ltr'>ὅσα</span> <span class='ocrx_word' id='word_1_468' title='bbox 696 4558 835 4629; x_wconf 75' lang='grc' dir='ltr'>πρὸς</span> <span class='ocrx_word' id='word_1_469' title='bbox 890 4561 952 4615; x_wconf 77' lang='grc' dir='ltr'>τὸ</span> <span class='ocrx_word' id='word_1_470' title='bbox 1004 4562 1314 4633; x_wconf 79' lang='grc' dir='ltr'>πεισθῆναι,</span> <span class='ocrx_word' id='word_1_471' title='bbox 1371 4562 1537 4632; x_wconf 77' lang='grc' dir='ltr'>φημὶ,</span> <span class='ocrx_word' id='word_1_472' title='bbox 1583 4566 1713 4629; x_wconf 80' lang='grc' dir='ltr'>τοὺς</span> 
     </span>
    </p>
   </div>
   <div class='ocr_carea' id='block_1_65' title="bbox 148 4624 1794 4725">
    <p class='ocr_par' dir='ltr' id='par_1_65' title="bbox 148 4624 1794 4725">
     <span class='ocr_line' id='line_1_65' title="bbox 148 4624 1794 4725; baseline 0.003 -18"><span class='ocrx_word' id='word_1_473' title='bbox 148 4624 333 4721; x_wconf 72' lang='grc' dir='ltr'>ἁγίους.</span> <span class='ocrx_word' id='word_1_474' title='bbox 370 4624 498 4719; x_wconf 81' lang='grc' dir='ltr'><strong>Πῶς</strong></span> <span class='ocrx_word' id='word_1_475' title='bbox 542 4655 675 4723; x_wconf 82' lang='grc' dir='ltr'>γάρ.</span> <span class='ocrx_word' id='word_1_476' title='bbox 720 4624 813 4717; x_wconf 80' lang='grc' dir='ltr'>οὓς</span> <span class='ocrx_word' id='word_1_477' title='bbox 862 4654 963 4725; x_wconf 74' lang='grc' dir='ltr'><strong>ἠδη</strong></span> <span class='ocrx_word' id='word_1_478' title='bbox 1017 4624 1230 4723; x_wconf 66' lang='grc' dir='ltr'>φθάσας</span> <span class='ocrx_word' id='word_1_479' title='bbox 1568 4624 1711 4713; x_wconf 50' lang='lat' dir='ltr'><strong>an&quot;</strong></span> <span class='ocrx_word' id='word_1_480' title='bbox 1740 4624 1794 4685; x_wconf 68' lang='grc' dir='ltr'><strong>Β</strong></span> 
     </span>
    </p>
   </div>
   <div class='ocr_carea' id='block_1_66' title="bbox 148 4744 1708 4823">
    <p class='ocr_par' dir='ltr' id='par_1_66' title="bbox 148 4744 1708 4823">
     <span class='ocr_line' id='line_1_66' title="bbox 148 4744 1708 4823; baseline 0.007 -30"><span class='ocrx_word' id='word_1_481' title='bbox 148 4745 219 4795; x_wconf 84' lang='grc' dir='ltr'><strong>ἴνα</strong></span> <span class='ocrx_word' id='word_1_482' title='bbox 260 4747 334 4816; x_wconf 79' lang='grc' dir='ltr'>τῷ</span> <span class='ocrx_word' id='word_1_483' title='bbox 384 4747 566 4815; x_wconf 74' lang='grc' dir='ltr'>ὁμοίῳ</span> <span class='ocrx_word' id='word_1_484' title='bbox 617 4744 849 4823; x_wconf 69' lang='grc' dir='ltr'>δελεάσῃ</span> <span class='ocrx_word' id='word_1_485' title='bbox 887 4746 979 4799; x_wconf 77' lang='grc' dir='ltr'>τὸν</span> <span class='ocrx_word' id='word_1_486' title='bbox 1026 4748 1090 4801; x_wconf 67' lang='lat' dir='ltr'><strong>tu</strong></span> <span class='ocrx_word' id='word_1_487' title='bbox 1128 4746 1263 4801; x_wconf 78' lang='grc' dir='ltr'>Θεοῦ</span> <span class='ocrx_word' id='word_1_488' title='bbox 1313 4748 1708 4820; x_wconf 79' lang='grc' dir='ltr'>φωτιζόμενον,</span> 
     </span>
    </p>
   </div>
   <div class='ocr_carea' id='block_1_67' title="bbox 146 4836 1710 4909">
    <p class='ocr_par' dir='ltr' id='par_1_67' title="bbox 146 4836 1710 4909">
     <span class='ocr_line' id='line_1_67' title="bbox 146 4836 1710 4909; baseline 0.005 -21"><span class='ocrx_word' id='word_1_489' title='bbox 146 4836 374 4892; x_wconf 71' lang='grc' dir='ltr'>ὁθενοῦδὲ</span> <span class='ocrx_word' id='word_1_490' title='bbox 403 4839 597 4893; x_wconf 79' lang='grc' dir='ltr'>λαθεῖν</span> <span class='ocrx_word' id='word_1_491' title='bbox 632 4837 871 4906; x_wconf 82' lang='grc' dir='ltr'>ίσχυσεν,</span> <span class='ocrx_word' id='word_1_492' title='bbox 911 4839 1049 4902; x_wconf 78' lang='grc' dir='ltr'>ἀλλ’,</span> <span class='ocrx_word' id='word_1_493' title='bbox 1079 4840 1201 4893; x_wconf 83' lang='grc' dir='ltr'>ἰδω</span> <span class='ocrx_word' id='word_1_494' title='bbox 1224 4838 1449 4909; x_wconf 78' lang='grc' dir='ltr'>τούτους</span> <span class='ocrx_word' id='word_1_495' title='bbox 1482 4846 1577 4897; x_wconf 73' lang='grc' dir='ltr'>καὶ</span> <span class='ocrx_word' id='word_1_496' title='bbox 1613 4845 1710 4898; x_wconf 84' lang='grc' dir='ltr'>αύ-</span> 
     </span>
    </p>
   </div>
   <div class='ocr_carea' id='block_1_68' title="bbox 147 4930 1711 5007">
    <p class='ocr_par' dir='ltr' id='par_1_68' title="bbox 147 4930 1711 5007">
     <span class='ocr_line' id='line_1_68' title="bbox 147 4930 1711 5007; baseline 0.003 -22"><span class='ocrx_word' id='word_1_497' title='bbox 147 4934 239 4997; x_wconf 69' lang='grc' dir='ltr'>τος,</span> <span class='ocrx_word' id='word_1_498' title='bbox 269 4936 481 5005; x_wconf 81' lang='grc' dir='ltr'>εἴρηκε,</span> <span class='ocrx_word' id='word_1_499' title='bbox 519 4931 777 5002; x_wconf 87' lang='grc' dir='ltr'>βασιλεῦ,</span> <span class='ocrx_word' id='word_1_500' title='bbox 819 4933 924 4998; x_wconf 79' lang='grc' dir='ltr'>πρὸ</span> <span class='ocrx_word' id='word_1_501' title='bbox 954 4930 1048 4984; x_wconf 86' lang='grc' dir='ltr'><strong>τοῦ</strong></span> <span class='ocrx_word' id='word_1_502' title='bbox 1080 4931 1175 4983; x_wconf 81' lang='grc' dir='ltr'><strong>σοῦ</strong></span> <span class='ocrx_word' id='word_1_503' title='bbox 1231 4933 1522 5003; x_wconf 82' lang='grc' dir='ltr'>προσώπου</span> <span class='ocrx_word' id='word_1_504' title='bbox 1565 4952 1711 5007; x_wconf 79' lang='grc' dir='ltr'>παρ-</span> 
     </span>
    </p>
   </div>
   <div class='ocr_carea' id='block_1_69' title="bbox 1833 2086 3417 2156">
    <p class='ocr_par' dir='ltr' id='par_1_69' title="bbox 1833 2086 3417 2156">
     <span class='ocr_line' id='line_1_69' title="bbox 1833 2086 3417 2156; baseline 0.001 -17"><span class='ocrx_word' id='word_1_505' title='bbox 1833 2103 1945 2140; x_wconf 88' lang='lat' dir='ltr'><strong>ram</strong></span> <span class='ocrx_word' id='word_1_506' title='bbox 1979 2088 2172 2156; x_wconf 75' lang='lat' dir='ltr'><strong>deiecti</strong></span> <span class='ocrx_word' id='word_1_507' title='bbox 2199 2089 2336 2141; x_wconf 88' lang='lat' dir='ltr'><strong>tristi</strong></span> <span class='ocrx_word' id='word_1_508' title='bbox 2368 2104 2519 2146; x_wconf 85' lang='lat' dir='ltr'><strong>casu.</strong></span> <span class='ocrx_word' id='word_1_509' title='bbox 2554 2087 2619 2140; x_wconf 87' lang='lat' dir='ltr'><strong>iis</strong></span> <span class='ocrx_word' id='word_1_510' title='bbox 2648 2088 2739 2156; x_wconf 87' lang='lat' dir='ltr'><strong>qui</strong></span> <span class='ocrx_word' id='word_1_511' title='bbox 2786 2102 2892 2140; x_wconf 90' lang='lat' dir='ltr'><strong>non</strong></span> <span class='ocrx_word' id='word_1_512' title='bbox 2914 2094 3073 2141; x_wconf 88' lang='lat' dir='ltr'><strong>erant</strong></span> <span class='ocrx_word' id='word_1_513' title='bbox 3101 2101 3253 2156; x_wconf 69' lang='lat' dir='ltr'><strong>neque</strong></span> <span class='ocrx_word' id='word_1_514' title='bbox 3288 2086 3417 2140; x_wconf 56' lang='lat' dir='ltr'><strong>caici</strong></span> 
     </span>
    </p>
   </div>
   <div class='ocr_carea' id='block_1_70' title="bbox 1828 2176 3412 2247">
    <p class='ocr_par' dir='ltr' id='par_1_70' title="bbox 1828 2176 3412 2247">
     <span class='ocr_line' id='line_1_70' title="bbox 1828 2176 3412 2247; baseline -0.004 -14"><span class='ocrx_word' id='word_1_515' title='bbox 1828 2188 1882 2233; x_wconf 82' lang='lat' dir='ltr'><strong>et</strong></span> <span class='ocrx_word' id='word_1_516' title='bbox 1940 2179 2099 2247; x_wconf 81' lang='lat' dir='ltr'><strong>plane</strong></span> <span class='ocrx_word' id='word_1_517' title='bbox 2132 2179 2357 2246; x_wconf 84' lang='lat' dir='ltr'><strong>lapides,</strong></span> <span class='ocrx_word' id='word_1_518' title='bbox 2401 2178 2633 2232; x_wconf 79' lang='lat' dir='ltr'><strong>ridiculi.</strong></span> <span class='ocrx_word' id='word_1_519' title='bbox 2672 2180 2850 2247; x_wconf 77' lang='lat' dir='ltr'><strong>Atque</strong></span> <span class='ocrx_word' id='word_1_520' title='bbox 2880 2178 3020 2230; x_wconf 88' lang='lat' dir='ltr'><strong>alius</strong></span> <span class='ocrx_word' id='word_1_521' title='bbox 3049 2178 3290 2245; x_wconf 87' lang='lat' dir='ltr'><strong>quidem.</strong></span> <span class='ocrx_word' id='word_1_522' title='bbox 3321 2176 3412 2246; x_wconf 87' lang='lat' dir='ltr'><strong>qui</strong></span> 
     </span>
    </p>
   </div>
   <div class='ocr_carea' id='block_1_71' title="bbox 1830 2266 3411 2342">
    <p class='ocr_par' dir='ltr' id='par_1_71' title="bbox 1830 2266 3411 2342">
     <span class='ocr_line' id='line_1_71' title="bbox 1830 2266 3411 2342; baseline -0.003 -17"><span class='ocrx_word' id='word_1_523' title='bbox 1830 2272 1913 2325; x_wconf 82' lang='lat' dir='ltr'><strong>vel</strong></span> <span class='ocrx_word' id='word_1_524' title='bbox 1950 2286 2139 2342; x_wconf 83' lang='lat' dir='ltr'><strong>parum</strong></span> <span class='ocrx_word' id='word_1_525' title='bbox 2184 2269 2465 2324; x_wconf 81' lang='lat' dir='ltr'><strong>habuisset</strong></span> <span class='ocrx_word' id='word_1_526' title='bbox 2494 2269 2821 2339; x_wconf 65' lang='lat' dir='ltr'><strong>prudentiae.</strong></span> <span class='ocrx_word' id='word_1_527' title='bbox 2849 2277 3033 2323; x_wconf 89' lang='lat' dir='ltr'><strong>etnon</strong></span> <span class='ocrx_word' id='word_1_528' title='bbox 3063 2269 3110 2323; x_wconf 90' lang='lat' dir='ltr'><strong>ei</strong></span> <span class='ocrx_word' id='word_1_529' title='bbox 3145 2268 3263 2324; x_wconf 78' lang='lat' dir='ltr'><strong>sola</strong></span> <span class='ocrx_word' id='word_1_530' title='bbox 3299 2266 3411 2322; x_wconf 83' lang='lat' dir='ltr'><strong>for-</strong></span> 
     </span>
    </p>
   </div>
   <div class='ocr_carea' id='block_1_72' title="bbox 1830 2360 3411 2432">
    <p class='ocr_par' dir='ltr' id='par_1_72' title="bbox 1830 2360 3411 2432">
     <span class='ocr_line' id='line_1_72' title="bbox 1830 2360 3411 2432; baseline -0.004 -15"><span class='ocrx_word' id='word_1_531' title='bbox 1830 2380 1914 2417; x_wconf 83' lang='lat' dir='ltr'><strong>ma</strong></span> <span class='ocrx_word' id='word_1_532' title='bbox 1941 2366 2204 2426; x_wconf 87' lang='lat' dir='ltr'><strong>obstaret,</strong></span> <span class='ocrx_word' id='word_1_533' title='bbox 2232 2376 2301 2416; x_wconf 89' lang='lat' dir='ltr'><strong>ne</strong></span> <span class='ocrx_word' id='word_1_534' title='bbox 2318 2371 2503 2432; x_wconf 87' lang='lat' dir='ltr'><strong>aperte</strong></span> <span class='ocrx_word' id='word_1_535' title='bbox 2527 2361 2846 2416; x_wconf 84' lang='lat' dir='ltr'><strong>crederetur</strong></span> <span class='ocrx_word' id='word_1_536' title='bbox 2871 2376 2993 2415; x_wconf 78' lang='lat' dir='ltr'><strong>esse</strong></span> <span class='ocrx_word' id='word_1_537' title='bbox 3016 2375 3208 2431; x_wconf 88' lang='lat' dir='ltr'><strong>pecus.</strong></span> <span class='ocrx_word' id='word_1_538' title='bbox 3240 2360 3411 2413; x_wconf 83' lang='lat' dir='ltr'><strong>Deum</strong></span> 
     </span>
    </p>
   </div>
   <div class='ocr_carea' id='block_1_73' title="bbox 1829 2452 3412 2528">
    <p class='ocr_par' dir='ltr' id='par_1_73' title="bbox 1829 2452 3412 2528">
     <span class='ocr_line' id='line_1_73' title="bbox 1829 2452 3412 2528; baseline -0.001 -21"><span class='ocrx_word' id='word_1_539' title='bbox 1829 2473 2017 2509; x_wconf 71' lang='lat' dir='ltr'><strong>verum</strong></span> <span class='ocrx_word' id='word_1_540' title='bbox 2044 2456 2377 2528; x_wconf 71' lang='lat' dir='ltr'><strong>agnovisset,</strong></span> <span class='ocrx_word' id='word_1_541' title='bbox 2400 2463 2455 2509; x_wconf 87' lang='lat' dir='ltr'><strong>et</strong></span> <span class='ocrx_word' id='word_1_542' title='bbox 2483 2453 2573 2523; x_wconf 93' lang='lat' dir='ltr'><strong>qui</strong></span> <span class='ocrx_word' id='word_1_543' title='bbox 2596 2465 2775 2524; x_wconf 81' lang='lat' dir='ltr'><strong>posset</strong></span> <span class='ocrx_word' id='word_1_544' title='bbox 2806 2453 2921 2509; x_wconf 65' lang='lat' dir='ltr'><strong>haec</strong></span> <span class='ocrx_word' id='word_1_545' title='bbox 2946 2452 3144 2515; x_wconf 89' lang='lat' dir='ltr'><strong>facere,</strong></span> <span class='ocrx_word' id='word_1_546' title='bbox 3183 2452 3277 2507; x_wconf 89' lang='lat' dir='ltr'><strong>sed</strong></span> <span class='ocrx_word' id='word_1_547' title='bbox 3302 2465 3412 2506; x_wconf 88' lang='lat' dir='ltr'><strong>non</strong></span> 
     </span>
    </p>
   </div>
   <div class='ocr_carea' id='block_1_74' title="bbox 1830 2542 3417 2615">
    <p class='ocr_par' dir='ltr' id='par_1_74' title="bbox 1830 2542 3417 2615">
     <span class='ocr_line' id='line_1_74' title="bbox 1830 2542 3417 2615; baseline -0.002 -16"><span class='ocrx_word' id='word_1_548' title='bbox 1830 2548 1937 2602; x_wconf 83' lang='lat' dir='ltr'><strong>ille:</strong></span> <span class='ocrx_word' id='word_1_549' title='bbox 1971 2550 2061 2615; x_wconf 92' lang='lat' dir='ltr'><strong>qui</strong></span> <span class='ocrx_word' id='word_1_550' title='bbox 2094 2557 2356 2614; x_wconf 88' lang='lat' dir='ltr'><strong>quantum</strong></span> <span class='ocrx_word' id='word_1_551' title='bbox 2398 2547 2591 2599; x_wconf 88' lang='lat' dir='ltr'><strong>melior</strong></span> <span class='ocrx_word' id='word_1_552' title='bbox 2615 2546 2899 2605; x_wconf 74' lang='lat' dir='ltr'><strong>evasisset,</strong></span> <span class='ocrx_word' id='word_1_553' title='bbox 2934 2554 2988 2598; x_wconf 91' lang='lat' dir='ltr'><strong>et</strong></span> <span class='ocrx_word' id='word_1_554' title='bbox 3014 2554 3275 2613; x_wconf 86' lang='lat' dir='ltr'><strong>quautam</strong></span> <span class='ocrx_word' id='word_1_555' title='bbox 3305 2542 3417 2596; x_wconf 57' lang='lat' dir='ltr'><strong>uti.</strong></span> 
     </span>
    </p>
   </div>
   <div class='ocr_carea' id='block_1_75' title="bbox 1828 2635 3417 2707">
    <p class='ocr_par' dir='ltr' id='par_1_75' title="bbox 1828 2635 3417 2707">
     <span class='ocr_line' id='line_1_75' title="bbox 1828 2635 3417 2707; baseline -0.003 -13"><span class='ocrx_word' id='word_1_556' title='bbox 1828 2642 2033 2695; x_wconf 87' lang='lat' dir='ltr'><strong>litatcm</strong></span> <span class='ocrx_word' id='word_1_557' title='bbox 2066 2654 2128 2691; x_wconf 85' lang='lat' dir='ltr'><strong>ex</strong></span> <span class='ocrx_word' id='word_1_558' title='bbox 2152 2639 2353 2707; x_wconf 84' lang='lat' dir='ltr'><strong>pietate</strong></span> <span class='ocrx_word' id='word_1_559' title='bbox 2386 2636 2739 2705; x_wconf 83' lang='lat' dir='ltr'><strong>percepisset,</strong></span> <span class='ocrx_word' id='word_1_560' title='bbox 2772 2636 2966 2690; x_wconf 87' lang='lat' dir='ltr'><strong>statiur</strong></span> <span class='ocrx_word' id='word_1_561' title='bbox 3004 2650 3070 2690; x_wconf 86' lang='lat' dir='ltr'><strong>ex</strong></span> <span class='ocrx_word' id='word_1_562' title='bbox 3092 2636 3254 2689; x_wconf 85' lang='lat' dir='ltr'><strong>rebus</strong></span> <span class='ocrx_word' id='word_1_563' title='bbox 3284 2635 3417 2703; x_wconf 86' lang='lat' dir='ltr'><strong>ipsis</strong></span> 
     </span>
    </p>
   </div>
   <div class='ocr_carea' id='block_1_76' title="bbox 1828 2728 3413 2802">
    <p class='ocr_par' dir='ltr' id='par_1_76' title="bbox 1828 2728 3413 2802">
     <span class='ocr_line' id='line_1_76' title="bbox 1828 2728 3413 2802; baseline -0.004 -15"><span class='ocrx_word' id='word_1_564' title='bbox 1828 2732 2023 2802; x_wconf 85' lang='lat' dir='ltr'><strong>aperit.</strong></span> <span class='ocrx_word' id='word_1_565' title='bbox 2052 2732 2247 2785; x_wconf 81' lang='lat' dir='ltr'><strong>Statim</strong></span> <span class='ocrx_word' id='word_1_566' title='bbox 2267 2730 2414 2785; x_wconf 88' lang='lat' dir='ltr'><strong>enim</strong></span> <span class='ocrx_word' id='word_1_567' title='bbox 2443 2740 2554 2783; x_wconf 86' lang='lat' dir='ltr'><strong>tres</strong></span> <span class='ocrx_word' id='word_1_568' title='bbox 2576 2728 2697 2783; x_wconf 86' lang='lat' dir='ltr'><strong>illos</strong></span> <span class='ocrx_word' id='word_1_569' title='bbox 2724 2740 2966 2790; x_wconf 85' lang='lat' dir='ltr'><strong>sanctos.</strong></span> <span class='ocrx_word' id='word_1_570' title='bbox 3000 2738 3288 2797; x_wconf 78' lang='lat' dir='ltr'><strong>postquam</strong></span> <span class='ocrx_word' id='word_1_571' title='bbox 3316 2743 3413 2781; x_wconf 86' lang='lat' dir='ltr'><strong>eos</strong></span> 
     </span>
    </p>
   </div>
   <div class='ocr_carea' id='block_1_77' title="bbox 1829 2821 3413 2895">
    <p class='ocr_par' dir='ltr' id='par_1_77' title="bbox 1829 2821 3413 2895">
     <span class='ocr_line' id='line_1_77' title="bbox 1829 2821 3413 2895; baseline -0.005 -11"><span class='ocrx_word' id='word_1_572' title='bbox 1829 2829 2017 2884; x_wconf 87' lang='lat' dir='ltr'><strong>multis</strong></span> <span class='ocrx_word' id='word_1_573' title='bbox 2042 2827 2314 2881; x_wconf 81' lang='lat' dir='ltr'><strong>affecisset</strong></span> <span class='ocrx_word' id='word_1_574' title='bbox 2350 2825 2650 2895; x_wconf 86' lang='lat' dir='ltr'><strong>suppliciis,</strong></span> <span class='ocrx_word' id='word_1_575' title='bbox 2676 2824 2897 2879; x_wconf 86' lang='lat' dir='ltr'><strong>damnat</strong></span> <span class='ocrx_word' id='word_1_576' title='bbox 2916 2823 3133 2894; x_wconf 86' lang='lat' dir='ltr'><strong>capitis.</strong></span> <span class='ocrx_word' id='word_1_577' title='bbox 3158 2821 3413 2893; x_wconf 65' lang='lat' dir='ltr'><strong>Magnum</strong></span> 
     </span>
    </p>
   </div>
   <div class='ocr_carea' id='block_1_78' title="bbox 1827 2915 3415 2977">
    <p class='ocr_par' dir='ltr' id='par_1_78' title="bbox 1827 2915 3415 2977">
     <span class='ocr_line' id='line_1_78' title="bbox 1827 2915 3415 2977; baseline -0.005 0"><span class='ocrx_word' id='word_1_578' title='bbox 1827 2933 2009 2977; x_wconf 89' lang='lat' dir='ltr'><strong>autem</strong></span> <span class='ocrx_word' id='word_1_579' title='bbox 2043 2920 2429 2974; x_wconf 83' lang='lat' dir='ltr'><strong>Pautoleoneiu</strong></span> <span class='ocrx_word' id='word_1_580' title='bbox 2464 2918 2683 2973; x_wconf 83' lang='lat' dir='ltr'><strong>interim</strong></span> <span class='ocrx_word' id='word_1_581' title='bbox 2714 2919 2879 2971; x_wconf 87' lang='lat' dir='ltr'><strong>mittit</strong></span> <span class='ocrx_word' id='word_1_582' title='bbox 2903 2917 2956 2970; x_wconf 92' lang='lat' dir='ltr'><strong>in</strong></span> <span class='ocrx_word' id='word_1_583' title='bbox 2981 2932 3282 2971; x_wconf 82' lang='lat' dir='ltr'><strong>carcerem.</strong></span> <span class='ocrx_word' id='word_1_584' title='bbox 3318 2915 3415 2969; x_wconf 76' lang='lat' dir='ltr'><strong>At-</strong></span> 
     </span>
    </p>
   </div>
   <div class='ocr_carea' id='block_1_79' title="bbox 1825 3009 3414 3084">
    <p class='ocr_par' dir='ltr' id='par_1_79' title="bbox 1825 3009 3414 3084">
     <span class='ocr_line' id='line_1_79' title="bbox 1825 3009 3414 3084; baseline -0.004 -17"><span class='ocrx_word' id='word_1_585' title='bbox 1825 3030 1931 3084; x_wconf 86' lang='lat' dir='ltr'><strong>que</strong></span> <span class='ocrx_word' id='word_1_586' title='bbox 1990 3022 2286 3083; x_wconf 83' lang='lat' dir='ltr'><strong>martyrum</strong></span> <span class='ocrx_word' id='word_1_587' title='bbox 2346 3010 2565 3081; x_wconf 84' lang='lat' dir='ltr'><strong>quidem</strong></span> <span class='ocrx_word' id='word_1_588' title='bbox 2604 3009 2685 3064; x_wconf 83' lang='lat' dir='ltr'><strong>slc</strong></span> <span class='ocrx_word' id='word_1_589' title='bbox 2723 3009 3139 3062; x_wconf 78' lang='lat' dir='ltr'><strong>interfectorum</strong></span> <span class='ocrx_word' id='word_1_590' title='bbox 3181 3022 3414 3077; x_wconf 85' lang='lat' dir='ltr'><strong>corpora</strong></span> 
     </span>
    </p>
   </div>
   <div class='ocr_carea' id='block_1_80' title="bbox 1825 3102 3414 3172">
    <p class='ocr_par' dir='ltr' id='par_1_80' title="bbox 1825 3102 3414 3172">
     <span class='ocr_line' id='line_1_80' title="bbox 1825 3102 3414 3172; baseline -0.004 -10"><span class='ocrx_word' id='word_1_591' title='bbox 1825 3122 1967 3162; x_wconf 76' lang='lat' dir='ltr'><strong>come</strong></span> <span class='ocrx_word' id='word_1_592' title='bbox 2001 3105 2103 3160; x_wconf 90' lang='lat' dir='ltr'><strong>fuit</strong></span> <span class='ocrx_word' id='word_1_593' title='bbox 2135 3104 2465 3161; x_wconf 80' lang='lat' dir='ltr'><strong>Christianis</strong></span> <span class='ocrx_word' id='word_1_594' title='bbox 2495 3102 2707 3165; x_wconf 86' lang='lat' dir='ltr'><strong>tollere,</strong></span> <span class='ocrx_word' id='word_1_595' title='bbox 2739 3112 2794 3157; x_wconf 91' lang='lat' dir='ltr'><strong>et</strong></span> <span class='ocrx_word' id='word_1_596' title='bbox 2814 3117 2901 3169; x_wconf 86' lang='lat' dir='ltr'><strong>ea,</strong></span> <span class='ocrx_word' id='word_1_597' title='bbox 2927 3112 2986 3156; x_wconf 93' lang='lat' dir='ltr'><strong>ut</strong></span> <span class='ocrx_word' id='word_1_598' title='bbox 3014 3116 3114 3172; x_wconf 87' lang='lat' dir='ltr'><strong>par</strong></span> <span class='ocrx_word' id='word_1_599' title='bbox 3154 3108 3294 3166; x_wconf 88' lang='lat' dir='ltr'><strong>erat,</strong></span> <span class='ocrx_word' id='word_1_600' title='bbox 3326 3114 3414 3156; x_wconf 85' lang='lat' dir='ltr'><strong>se-</strong></span> 
     </span>
    </p>
   </div>
   <div class='ocr_carea' id='block_1_81' title="bbox 1827 3200 2018 3271">
    <p class='ocr_par' dir='ltr' id='par_1_81' title="bbox 1827 3200 2018 3271">
     <span class='ocr_line' id='line_1_81' title="bbox 1827 3200 2018 3271; baseline -0.005 -15"><span class='ocrx_word' id='word_1_601' title='bbox 1827 3200 2018 3271; x_wconf 88' lang='lat' dir='ltr'><strong>pelire.</strong></span> 
     </span>
    </p>
   </div>
   <div class='ocr_carea' id='block_1_82' title="bbox 1888 3349 3412 3418">
    <p class='ocr_par' dir='ltr' id='par_1_82' title="bbox 1888 3349 3412 3418">
     <span class='ocr_line' id='line_1_82' title="bbox 1888 3349 3412 3418; baseline -0.006 -9"><span class='ocrx_word' id='word_1_602' title='bbox 1888 3353 2055 3409; x_wconf 78' lang='lat' dir='ltr'><strong>XXV.</strong></span> <span class='ocrx_word' id='word_1_603' title='bbox 2086 3352 2479 3407; x_wconf 84' lang='lat' dir='ltr'><strong>Pantoleoncm</strong></span> <span class='ocrx_word' id='word_1_604' title='bbox 2507 3356 2691 3404; x_wconf 91' lang='lat' dir='ltr'><strong>autem</strong></span> <span class='ocrx_word' id='word_1_605' title='bbox 2711 3364 2837 3403; x_wconf 91' lang='lat' dir='ltr'><strong>eum</strong></span> <span class='ocrx_word' id='word_1_606' title='bbox 2867 3349 3168 3418; x_wconf 88' lang='lat' dir='ltr'><strong>imperator</strong></span> <span class='ocrx_word' id='word_1_607' title='bbox 3216 3359 3412 3401; x_wconf 59' lang='lat' dir='ltr'><strong>vocas-</strong></span> 
     </span>
    </p>
   </div>
   <div class='ocr_carea' id='block_1_83' title="bbox 1814 3441 3414 3514">
    <p class='ocr_par' dir='ltr' id='par_1_83' title="bbox 1814 3441 3414 3514">
     <span class='ocr_line' id='line_1_83' title="bbox 1814 3441 3414 3514; baseline -0.007 -9"><span class='ocrx_word' id='word_1_608' title='bbox 1814 3460 1899 3506; x_wconf 89' lang='lat' dir='ltr'><strong>set</strong></span> <span class='ocrx_word' id='word_1_609' title='bbox 1919 3463 2186 3505; x_wconf 86' lang='lat' dir='ltr'><strong>ecareere</strong></span> <span class='ocrx_word' id='word_1_610' title='bbox 2212 3464 2227 3503; x_wconf 88' lang='lat'><strong>:</strong></span> <span class='ocrx_word' id='word_1_611' title='bbox 2256 3448 2511 3508; x_wconf 80' lang='lat' dir='ltr'><strong>Putasne.</strong></span> <span class='ocrx_word' id='word_1_612' title='bbox 2556 3444 2756 3514; x_wconf 89' lang='lat' dir='ltr'><strong>inquit.</strong></span> <span class='ocrx_word' id='word_1_613' title='bbox 2789 3452 2840 3497; x_wconf 93' lang='lat' dir='ltr'><strong>te</strong></span> <span class='ocrx_word' id='word_1_614' title='bbox 2864 3456 3023 3513; x_wconf 83' lang='lat' dir='ltr'><strong>posse</strong></span> <span class='ocrx_word' id='word_1_615' title='bbox 3050 3441 3233 3496; x_wconf 80' lang='lat' dir='ltr'><strong>vivum</strong></span> <span class='ocrx_word' id='word_1_616' title='bbox 3261 3450 3414 3494; x_wconf 85' lang='lat' dir='ltr'><strong>meas</strong></span> 
     </span>
    </p>
   </div>
   <div class='ocr_carea' id='block_1_84' title="bbox 1814 3530 3414 3614">
    <p class='ocr_par' dir='ltr' id='par_1_84' title="bbox 1814 3530 3414 3614">
     <span class='ocr_line' id='line_1_84' title="bbox 1814 3530 3414 3614; baseline -0.009 -16"><span class='ocrx_word' id='word_1_617' title='bbox 1814 3560 2012 3599; x_wconf 86' lang='lat' dir='ltr'><strong>manus</strong></span> <span class='ocrx_word' id='word_1_618' title='bbox 2060 3543 2327 3614; x_wconf 75' lang='lat' dir='ltr'><strong>effugere,</strong></span> <span class='ocrx_word' id='word_1_619' title='bbox 2383 3540 2429 3596; x_wconf 89' lang='lat' dir='ltr'><strong>si</strong></span> <span class='ocrx_word' id='word_1_620' title='bbox 2462 3556 2569 3594; x_wconf 90' lang='lat' dir='ltr'><strong>non</strong></span> <span class='ocrx_word' id='word_1_621' title='bbox 2592 3537 2863 3593; x_wconf 81' lang='lat' dir='ltr'><strong>accedens</strong></span> <span class='ocrx_word' id='word_1_622' title='bbox 2890 3536 3042 3607; x_wconf 87' lang='lat' dir='ltr'><strong>prius</strong></span> <span class='ocrx_word' id='word_1_623' title='bbox 3092 3533 3196 3589; x_wconf 88' lang='lat' dir='ltr'><strong>diis</strong></span> <span class='ocrx_word' id='word_1_624' title='bbox 3243 3530 3414 3588; x_wconf 83' lang='lat' dir='ltr'><strong>sacri-</strong></span> 
     </span>
    </p>
   </div>
   <div class='ocr_carea' id='block_1_85' title="bbox 1816 3622 3410 3702">
    <p class='ocr_par' dir='ltr' id='par_1_85' title="bbox 1816 3622 3410 3702">
     <span class='ocr_line' id='line_1_85' title="bbox 1816 3622 3410 3702; baseline -0.009 -11"><span class='ocrx_word' id='word_1_625' title='bbox 1816 3636 2105 3691; x_wconf 58' lang='lat' dir='ltr'><strong>ﬁcaueris?</strong></span> <span class='ocrx_word' id='word_1_626' title='bbox 2144 3636 2305 3702; x_wconf 87' lang='lat' dir='ltr'><strong>idque</strong></span> <span class='ocrx_word' id='word_1_627' title='bbox 2338 3648 2462 3685; x_wconf 88' lang='lat' dir='ltr'><strong>cum</strong></span> <span class='ocrx_word' id='word_1_628' title='bbox 2488 3630 2683 3685; x_wconf 89' lang='lat' dir='ltr'><strong>doctor</strong></span> <span class='ocrx_word' id='word_1_629' title='bbox 2704 3637 2830 3682; x_wconf 80' lang='lat' dir='ltr'><strong>tuus</strong></span> <span class='ocrx_word' id='word_1_630' title='bbox 2869 3626 3209 3689; x_wconf 86' lang='lat' dir='ltr'><strong>Hermolaus,</strong></span> <span class='ocrx_word' id='word_1_631' title='bbox 3272 3622 3410 3677; x_wconf 77' lang='lat' dir='ltr'><strong>Her-</strong></span> 
     </span>
    </p>
   </div>
   <div class='ocr_carea' id='block_1_86' title="bbox 1815 3717 3405 3800">
    <p class='ocr_par' dir='ltr' id='par_1_86' title="bbox 1815 3717 3405 3800">
     <span class='ocr_line' id='line_1_86' title="bbox 1815 3717 3405 3800; baseline -0.009 -17"><span class='ocrx_word' id='word_1_632' title='bbox 1815 3730 2146 3800; x_wconf 82' lang='lat' dir='ltr'><strong>tnippusque</strong></span> <span class='ocrx_word' id='word_1_633' title='bbox 2198 3733 2255 3779; x_wconf 88' lang='lat' dir='ltr'><strong>et</strong></span> <span class='ocrx_word' id='word_1_634' title='bbox 2307 3722 2694 3779; x_wconf 79' lang='lat' dir='ltr'><strong>Hermociates</strong></span> <span class='ocrx_word' id='word_1_635' title='bbox 2729 3720 2805 3781; x_wconf 86' lang='lat' dir='ltr'><strong>id.</strong></span> <span class='ocrx_word' id='word_1_636' title='bbox 2865 3720 3011 3790; x_wconf 89' lang='lat' dir='ltr'><strong>quod</strong></span> <span class='ocrx_word' id='word_1_637' title='bbox 3063 3717 3269 3773; x_wconf 84' lang='lat' dir='ltr'><strong>bonum</strong></span> <span class='ocrx_word' id='word_1_638' title='bbox 3299 3725 3405 3776; x_wconf 73' lang='lat' dir='ltr'><strong>est.</strong></span> 
     </span>
    </p>
   </div>
   <div class='ocr_carea' id='block_1_87' title="bbox 1816 3811 3407 3892">
    <p class='ocr_par' dir='ltr' id='par_1_87' title="bbox 1816 3811 3407 3892">
     <span class='ocr_line' id='line_1_87' title="bbox 1816 3811 3407 3892; baseline -0.011 -13"><span class='ocrx_word' id='word_1_639' title='bbox 1816 3823 2005 3879; x_wconf 82' lang='lat' dir='ltr'><strong>mutati</strong></span> <span class='ocrx_word' id='word_1_640' title='bbox 2026 3823 2134 3892; x_wconf 82' lang='lat' dir='ltr'><strong>jam</strong></span> <span class='ocrx_word' id='word_1_641' title='bbox 2165 3819 2477 3882; x_wconf 88' lang='lat' dir='ltr'><strong>didicerint,</strong></span> <span class='ocrx_word' id='word_1_642' title='bbox 2507 3826 2561 3872; x_wconf 85' lang='lat' dir='ltr'><strong>et</strong></span> <span class='ocrx_word' id='word_1_643' title='bbox 2591 3817 2696 3871; x_wconf 90' lang='lat' dir='ltr'><strong>diis</strong></span> <span class='ocrx_word' id='word_1_644' title='bbox 2722 3814 3049 3870; x_wconf 69' lang='lat' dir='ltr'><strong>sacriﬁcium</strong></span> <span class='ocrx_word' id='word_1_645' title='bbox 3080 3811 3407 3867; x_wconf 84' lang='lat' dir='ltr'><strong>obtulerint.</strong></span> 
     </span>
    </p>
   </div>
   <div class='ocr_carea' id='block_1_88' title="bbox 1817 3912 3406 3986">
    <p class='ocr_par' dir='ltr' id='par_1_88' title="bbox 1817 3912 3406 3986">
     <span class='ocr_line' id='line_1_88' title="bbox 1817 3912 3406 3986; baseline -0.012 -14"><span class='ocrx_word' id='word_1_646' title='bbox 1817 3918 1907 3986; x_wconf 90' lang='lat' dir='ltr'><strong>qui</strong></span> <span class='ocrx_word' id='word_1_647' title='bbox 1940 3917 2105 3971; x_wconf 85' lang='lat' dir='ltr'><strong>etiam</strong></span> <span class='ocrx_word' id='word_1_648' title='bbox 2141 3930 2170 3968; x_wconf 92' lang='lat' dir='ltr'><strong>a</strong></span> <span class='ocrx_word' id='word_1_649' title='bbox 2194 3915 2355 3967; x_wconf 83' lang='lat' dir='ltr'><strong>nobis</strong></span> <span class='ocrx_word' id='word_1_650' title='bbox 2387 3912 2716 3967; x_wconf 72' lang='lat' dir='ltr'><strong>obedientize</strong></span> <span class='ocrx_word' id='word_1_651' title='bbox 2757 3914 3093 3975; x_wconf 86' lang='lat' dir='ltr'><strong>acceperunt</strong></span> <span class='ocrx_word' id='word_1_652' title='bbox 3147 3917 3406 3956; x_wconf 82' lang='lat' dir='ltr'><strong>remune-</strong></span> 
     </span>
    </p>
   </div>
   <div class='ocr_carea' id='block_1_89' title="bbox 1818 3995 3407 4074">
    <p class='ocr_par' dir='ltr' id='par_1_89' title="bbox 1818 3995 3407 4074">
     <span class='ocr_line' id='line_1_89' title="bbox 1818 3995 3407 4074; baseline -0.011 -10"><span class='ocrx_word' id='word_1_653' title='bbox 1818 4012 2110 4074; x_wconf 80' lang='lat' dir='ltr'><strong>rationem,</strong></span> <span class='ocrx_word' id='word_1_654' title='bbox 2158 4016 2217 4062; x_wconf 91' lang='lat' dir='ltr'><strong>ut</strong></span> <span class='ocrx_word' id='word_1_655' title='bbox 2252 4008 2362 4061; x_wconf 88' lang='lat' dir='ltr'><strong>sint</strong></span> <span class='ocrx_word' id='word_1_656' title='bbox 2386 4002 2546 4073; x_wconf 88' lang='lat' dir='ltr'><strong>primi</strong></span> <span class='ocrx_word' id='word_1_657' title='bbox 2577 4002 2631 4055; x_wconf 89' lang='lat' dir='ltr'><strong>in</strong></span> <span class='ocrx_word' id='word_1_658' title='bbox 2666 3999 2895 4071; x_wconf 82' lang='lat' dir='ltr'><strong>palatio?</strong></span> <span class='ocrx_word' id='word_1_659' title='bbox 2920 3998 2977 4052; x_wconf 90' lang='lat' dir='ltr'><strong>Si</strong></span> <span class='ocrx_word' id='word_1_660' title='bbox 3000 4013 3131 4066; x_wconf 81' lang='lat' dir='ltr'><strong>ergo</strong></span> <span class='ocrx_word' id='word_1_661' title='bbox 3158 4006 3211 4049; x_wconf 92' lang='lat' dir='ltr'><strong>tu</strong></span> <span class='ocrx_word' id='word_1_662' title='bbox 3238 3995 3407 4050; x_wconf 65' lang='lat' dir='ltr'><strong>sacri.</strong></span> 
     </span>
    </p>
   </div>
   <div class='ocr_carea' id='block_1_90' title="bbox 1818 4088 3406 4169">
    <p class='ocr_par' dir='ltr' id='par_1_90' title="bbox 1818 4088 3406 4169">
     <span class='ocr_line' id='line_1_90' title="bbox 1818 4088 3406 4169; baseline -0.013 -10"><span class='ocrx_word' id='word_1_663' title='bbox 1818 4103 2093 4164; x_wconf 80' lang='lat' dir='ltr'><strong>ﬂcaveris,</strong></span> <span class='ocrx_word' id='word_1_664' title='bbox 2137 4114 2328 4156; x_wconf 87' lang='lat' dir='ltr'><strong>eorum</strong></span> <span class='ocrx_word' id='word_1_665' title='bbox 2379 4096 2664 4169; x_wconf 81' lang='lat' dir='ltr'><strong>pulchram</strong></span> <span class='ocrx_word' id='word_1_666' title='bbox 2723 4095 2966 4149; x_wconf 87' lang='lat' dir='ltr'><strong>imitatus</strong></span> <span class='ocrx_word' id='word_1_667' title='bbox 3020 4088 3406 4146; x_wconf 74' lang='lat' dir='ltr'><strong>mutationem.</strong></span> 
     </span>
    </p>
   </div>
   <div class='ocr_carea' id='block_1_91' title="bbox 1818 4178 3407 4258">
    <p class='ocr_par' dir='ltr' id='par_1_91' title="bbox 1818 4178 3407 4258">
     <span class='ocr_line' id='line_1_91' title="bbox 1818 4178 3407 4258; baseline -0.012 -8"><span class='ocrx_word' id='word_1_668' title='bbox 1818 4204 1951 4252; x_wconf 84' lang='lat' dir='ltr'><strong>tunc</strong></span> <span class='ocrx_word' id='word_1_669' title='bbox 1987 4194 2219 4257; x_wconf 80' lang='lat' dir='ltr'><strong>videbis,</strong></span> <span class='ocrx_word' id='word_1_670' title='bbox 2257 4190 2578 4255; x_wconf 85' lang='lat' dir='ltr'><strong>Pauloleou,</strong></span> <span class='ocrx_word' id='word_1_671' title='bbox 2615 4203 2780 4258; x_wconf 83' lang='lat' dir='ltr'><strong>quam</strong></span> <span class='ocrx_word' id='word_1_672' title='bbox 2806 4199 2926 4256; x_wconf 76' lang='lat' dir='ltr'><strong>ego,</strong></span> <span class='ocrx_word' id='word_1_673' title='bbox 2951 4183 3044 4254; x_wconf 91' lang='lat' dir='ltr'><strong>qui</strong></span> <span class='ocrx_word' id='word_1_674' title='bbox 3082 4196 3200 4237; x_wconf 85' lang='lat' dir='ltr'><strong>smn</strong></span> <span class='ocrx_word' id='word_1_675' title='bbox 3228 4178 3407 4250; x_wconf 72' lang='lat' dir='ltr'><strong>gravis</strong></span> 
     </span>
    </p>
   </div>
   <div class='ocr_carea' id='block_1_92' title="bbox 1818 4271 3408 4360">
    <p class='ocr_par' dir='ltr' id='par_1_92' title="bbox 1818 4271 3408 4360">
     <span class='ocr_line' id='line_1_92' title="bbox 1818 4271 3408 4360; baseline -0.014 -14"><span class='ocrx_word' id='word_1_676' title='bbox 1818 4292 1873 4346; x_wconf 88' lang='lat' dir='ltr'><strong>in</strong></span> <span class='ocrx_word' id='word_1_677' title='bbox 1920 4288 2221 4360; x_wconf 85' lang='lat' dir='ltr'><strong>puniendis</strong></span> <span class='ocrx_word' id='word_1_678' title='bbox 2257 4286 2325 4339; x_wconf 90' lang='lat' dir='ltr'><strong>iis</strong></span> <span class='ocrx_word' id='word_1_679' title='bbox 2358 4282 2450 4353; x_wconf 87' lang='lat' dir='ltr'><strong>qui</strong></span> <span class='ocrx_word' id='word_1_680' title='bbox 2490 4296 2601 4335; x_wconf 90' lang='lat' dir='ltr'><strong>non</strong></span> <span class='ocrx_word' id='word_1_681' title='bbox 2636 4289 2856 4349; x_wconf 86' lang='lat' dir='ltr'><strong>parent,</strong></span> <span class='ocrx_word' id='word_1_682' title='bbox 2886 4279 2989 4331; x_wconf 89' lang='lat' dir='ltr'><strong>sim</strong></span> <span class='ocrx_word' id='word_1_683' title='bbox 3045 4271 3288 4329; x_wconf 84' lang='lat' dir='ltr'><strong>liberalis</strong></span> <span class='ocrx_word' id='word_1_684' title='bbox 3352 4279 3408 4324; x_wconf 88' lang='lat' dir='ltr'><strong>et</strong></span> 
     </span>
    </p>
   </div>
   <div class='ocr_carea' id='block_1_93' title="bbox 1819 4365 3405 4441">
    <p class='ocr_par' dir='ltr' id='par_1_93' title="bbox 1819 4365 3405 4441">
     <span class='ocr_line' id='line_1_93' title="bbox 1819 4365 3405 4441; baseline -0.013 -3"><span class='ocrx_word' id='word_1_685' title='bbox 1819 4382 2111 4439; x_wconf 79' lang='lat' dir='ltr'><strong>munificus</strong></span> <span class='ocrx_word' id='word_1_686' title='bbox 2130 4380 2183 4433; x_wconf 88' lang='lat' dir='ltr'><strong>in</strong></span> <span class='ocrx_word' id='word_1_687' title='bbox 2211 4374 2606 4433; x_wconf 86' lang='lat' dir='ltr'><strong>benefaciendo</strong></span> <span class='ocrx_word' id='word_1_688' title='bbox 2635 4372 2701 4427; x_wconf 91' lang='lat' dir='ltr'><strong>iis</strong></span> <span class='ocrx_word' id='word_1_689' title='bbox 2726 4370 2817 4441; x_wconf 88' lang='lat' dir='ltr'><strong>qui</strong></span> <span class='ocrx_word' id='word_1_690' title='bbox 2843 4376 3056 4439; x_wconf 85' lang='lat' dir='ltr'><strong>parent.</strong></span> <span class='ocrx_word' id='word_1_691' title='bbox 3084 4365 3195 4420; x_wconf 78' lang='lat' dir='ltr'><strong>Hoc</strong></span> <span class='ocrx_word' id='word_1_692' title='bbox 3222 4372 3405 4419; x_wconf 82' lang='lat' dir='ltr'><strong>autem</strong></span> 
     </span>
    </p>
   </div>
   <div class='ocr_carea' id='block_1_94' title="bbox 1817 4459 3402 4543">
    <p class='ocr_par' dir='ltr' id='par_1_94' title="bbox 1817 4459 3402 4543">
     <span class='ocr_line' id='line_1_94' title="bbox 1817 4459 3402 4543; baseline -0.015 -12"><span class='ocrx_word' id='word_1_693' title='bbox 1817 4476 2035 4532; x_wconf 84' lang='lat' dir='ltr'><strong>dicebat</strong></span> <span class='ocrx_word' id='word_1_694' title='bbox 2066 4472 2298 4543; x_wconf 69' lang='lat' dir='ltr'><strong>maligne</strong></span> <span class='ocrx_word' id='word_1_695' title='bbox 2318 4478 2375 4524; x_wconf 91' lang='lat' dir='ltr'><strong>et</strong></span> <span class='ocrx_word' id='word_1_696' title='bbox 2409 4466 2680 4522; x_wconf 90' lang='lat' dir='ltr'><strong>malitiose</strong></span> <span class='ocrx_word' id='word_1_697' title='bbox 2713 4462 2878 4533; x_wconf 92' lang='lat' dir='ltr'><strong>(quod</strong></span> <span class='ocrx_word' id='word_1_698' title='bbox 2910 4460 3127 4520; x_wconf 81' lang='lat' dir='ltr'><strong>attinet.</strong></span> <span class='ocrx_word' id='word_1_699' title='bbox 3156 4459 3402 4527; x_wconf 89' lang='lat' dir='ltr'><strong>inquam,</strong></span> 
     </span>
    </p>
   </div>
   <div class='ocr_carea' id='block_1_95' title="bbox 1820 4549 3405 4636">
    <p class='ocr_par' dir='ltr' id='par_1_95' title="bbox 1820 4549 3405 4636">
     <span class='ocr_line' id='line_1_95' title="bbox 1820 4549 3405 4636; baseline -0.015 -12"><span class='ocrx_word' id='word_1_700' title='bbox 1820 4569 1885 4624; x_wconf 87' lang='lat' dir='ltr'><strong>ad</strong></span> <span class='ocrx_word' id='word_1_701' title='bbox 1912 4566 2154 4636; x_wconf 82' lang='lat' dir='ltr'><strong>sanctos)</strong></span> <span class='ocrx_word' id='word_1_702' title='bbox 2187 4564 2254 4618; x_wconf 92' lang='lat' dir='ltr'><strong>ad</strong></span> <span class='ocrx_word' id='word_1_703' title='bbox 2296 4563 2371 4617; x_wconf 92' lang='lat' dir='ltr'><strong>illi</strong></span> <span class='ocrx_word' id='word_1_704' title='bbox 2397 4560 2865 4633; x_wconf 88' lang='lat' dir='ltr'><strong>persuadendum.</strong></span> <span class='ocrx_word' id='word_1_705' title='bbox 2919 4552 3207 4619; x_wconf 82' lang='lat' dir='ltr'><strong>Quomodo</strong></span> <span class='ocrx_word' id='word_1_706' title='bbox 3232 4549 3405 4611; x_wconf 86' lang='lat' dir='ltr'><strong>enim,</strong></span> 
     </span>
    </p>
   </div>
   <div class='ocr_carea' id='block_1_96' title="bbox 1818 4649 3401 4736">
    <p class='ocr_par' dir='ltr' id='par_1_96' title="bbox 1818 4649 3401 4736">
     <span class='ocr_line' id='line_1_96' title="bbox 1818 4649 3401 4736; baseline -0.017 -18"><span class='ocrx_word' id='word_1_707' title='bbox 1818 4678 1958 4736; x_wconf 92' lang='lat' dir='ltr'><strong>quos</strong></span> <span class='ocrx_word' id='word_1_708' title='bbox 1983 4663 2096 4732; x_wconf 85' lang='lat' dir='ltr'><strong>jam</strong></span> <span class='ocrx_word' id='word_1_709' title='bbox 2142 4668 2268 4715; x_wconf 84' lang='lat' dir='ltr'><strong>ante</strong></span> <span class='ocrx_word' id='word_1_710' title='bbox 2299 4654 2690 4711; x_wconf 79' lang='lat' dir='ltr'><strong>interfecerat?</strong></span> <span class='ocrx_word' id='word_1_711' title='bbox 2719 4650 2814 4705; x_wconf 87' lang='lat' dir='ltr'><strong>sed</strong></span> <span class='ocrx_word' id='word_1_712' title='bbox 2848 4658 2905 4703; x_wconf 90' lang='lat' dir='ltr'><strong>ut</strong></span> <span class='ocrx_word' id='word_1_713' title='bbox 2945 4649 3216 4701; x_wconf 84' lang='lat' dir='ltr'><strong>inescaret</strong></span> <span class='ocrx_word' id='word_1_714' title='bbox 3253 4657 3401 4702; x_wconf 84' lang='lat' dir='ltr'><strong>eum,</strong></span> 
     </span>
    </p>
   </div>
   <div class='ocr_carea' id='block_1_97' title="bbox 1816 4740 3405 4829">
    <p class='ocr_par' dir='ltr' id='par_1_97' title="bbox 1816 4740 3405 4829">
     <span class='ocr_line' id='line_1_97' title="bbox 1816 4740 3405 4829; baseline -0.014 -18"><span class='ocrx_word' id='word_1_715' title='bbox 1816 4758 1906 4829; x_wconf 89' lang='lat' dir='ltr'><strong>qui</strong></span> <span class='ocrx_word' id='word_1_716' title='bbox 1956 4770 1986 4809; x_wconf 89' lang='lat' dir='ltr'><strong>a</strong></span> <span class='ocrx_word' id='word_1_717' title='bbox 2026 4754 2136 4809; x_wconf 87' lang='lat' dir='ltr'><strong>Deo</strong></span> <span class='ocrx_word' id='word_1_718' title='bbox 2194 4749 2628 4805; x_wconf 88' lang='lat' dir='ltr'><strong>illuminabatur.</strong></span> <span class='ocrx_word' id='word_1_719' title='bbox 2673 4742 3042 4810; x_wconf 81' lang='lat' dir='ltr'><strong>Quamobrem</strong></span> <span class='ocrx_word' id='word_1_720' title='bbox 3088 4751 3190 4792; x_wconf 89' lang='lat' dir='ltr'><strong>nec</strong></span> <span class='ocrx_word' id='word_1_721' title='bbox 3234 4740 3405 4829; x_wconf 80' lang='lat' dir='ltr'><strong>latere</strong></span> 
     </span>
    </p>
   </div>
   <div class='ocr_carea' id='block_1_98' title="bbox 1814 4828 3403 4920">
    <p class='ocr_par' dir='ltr' id='par_1_98' title="bbox 1814 4828 3403 4920">
     <span class='ocr_line' id='line_1_98' title="bbox 1814 4828 3403 4920; baseline -0.015 -17"><span class='ocrx_word' id='word_1_722' title='bbox 1814 4828 2025 4920; x_wconf 83' lang='lat' dir='ltr'><strong>potuit;</strong></span> <span class='ocrx_word' id='word_1_723' title='bbox 2059 4844 2152 4901; x_wconf 83' lang='lat' dir='ltr'><strong>sed</strong></span> <span class='ocrx_word' id='word_1_724' title='bbox 2183 4861 2195 4897; x_wconf 90' lang='lat'>:</span> <span class='ocrx_word' id='word_1_725' title='bbox 2226 4841 2334 4896; x_wconf 85' lang='lat' dir='ltr'><strong>Eos</strong></span> <span class='ocrx_word' id='word_1_726' title='bbox 2360 4841 2475 4911; x_wconf 88' lang='lat' dir='ltr'><strong>ipse</strong></span> <span class='ocrx_word' id='word_1_727' title='bbox 2499 4852 2721 4909; x_wconf 86' lang='lat' dir='ltr'><strong>quoque</strong></span> <span class='ocrx_word' id='word_1_728' title='bbox 2755 4835 2992 4900; x_wconf 77' lang='lat' dir='ltr'><strong>videam,</strong></span> <span class='ocrx_word' id='word_1_729' title='bbox 3020 4830 3216 4900; x_wconf 86' lang='lat' dir='ltr'><strong>inquit,</strong></span> <span class='ocrx_word' id='word_1_730' title='bbox 3242 4845 3276 4883; x_wconf 91' lang='grc' dir='ltr'><strong>ο</strong></span> <span class='ocrx_word' id='word_1_731' title='bbox 3299 4828 3403 4880; x_wconf 81' lang='lat' dir='ltr'><strong>im-</strong></span> 
     </span>
    </p>
   </div>
   <div class='ocr_carea' id='block_1_99' title="bbox 1815 4923 3407 5014">
    <p class='ocr_par' dir='ltr' id='par_1_99' title="bbox 1815 4923 3407 5014">
     <span class='ocr_line' id='line_1_99' title="bbox 1815 4923 3407 5014; baseline -0.015 -15"><span class='ocrx_word' id='word_1_732' title='bbox 1815 4951 2054 5014; x_wconf 86' lang='lat' dir='ltr'><strong>perator.</strong></span> <span class='ocrx_word' id='word_1_733' title='bbox 2099 4950 2225 4993; x_wconf 86' lang='lat' dir='ltr'><strong>aute</strong></span> <span class='ocrx_word' id='word_1_734' title='bbox 2264 4945 2410 4990; x_wconf 87' lang='lat' dir='ltr'><strong>tuam</strong></span> <span class='ocrx_word' id='word_1_735' title='bbox 2465 4940 2706 4988; x_wconf 81' lang='lat' dir='ltr'><strong>astantes</strong></span> <span class='ocrx_word' id='word_1_736' title='bbox 2773 4927 2990 4985; x_wconf 78' lang='lat' dir='ltr'><strong>faciem.</strong></span> <span class='ocrx_word' id='word_1_737' title='bbox 3047 4923 3407 4977; x_wconf 70' lang='lat' dir='ltr'><strong>Maximianus</strong></span> 
     </span>
    </p>
   </div>
   <div class='ocr_carea' id='block_1_100' title="bbox 149 5015 1721 5096">
    <p class='ocr_par' dir='ltr' id='par_1_100' title="bbox 149 5020 1711 5096">
     <span class='ocr_line' id='line_1_100' title="bbox 149 5020 1711 5096; baseline -0.001 -17"><span class='ocrx_word' id='word_1_738' title='bbox 149 5028 472 5096; x_wconf 74' lang='grc' dir='ltr'>ιτταμὲνους.</span> <span class='ocrx_word' id='word_1_739' title='bbox 510 5024 574 5077; x_wconf 85' lang='lat'><strong>‘0</strong></span> <span class='ocrx_word' id='word_1_740' title='bbox 609 5025 791 5090; x_wconf 79' lang='grc' dir='ltr'>μέντοι</span> <span class='ocrx_word' id='word_1_741' title='bbox 819 5020 1160 5093; x_wconf 71' lang='grc' dir='ltr'>Μαξιμιανὸς</span> <span class='ocrx_word' id='word_1_742' title='bbox 1184 5021 1262 5076; x_wconf 77' lang='grc' dir='ltr'>ἔτι</span> <span class='ocrx_word' id='word_1_743' title='bbox 1289 5023 1382 5077; x_wconf 88' lang='grc' dir='ltr'><strong>τοῦ</strong></span> <span class='ocrx_word' id='word_1_744' title='bbox 1406 5024 1711 5078; x_wconf 86' lang='grc' dir='ltr'>δολιοῦσθαι</span> 
     </span>
    </p>
   </div>
   <div class='ocr_carea' id='block_1_101' title="bbox 1826 5015 3401 5096">
    <p class='ocr_par' dir='ltr' id='par_1_101' title="bbox 1826 5015 3401 5091">
     <span class='ocr_line' id='line_1_101' title="bbox 1826 5015 3401 5091; baseline -0.014 -2"><span class='ocrx_word' id='word_1_745' title='bbox 1826 5045 1999 5090; x_wconf 74' lang='lat' dir='ltr'><strong>autem</strong></span> <span class='ocrx_word' id='word_1_746' title='bbox 2030 5031 2274 5085; x_wconf 88' lang='lat' dir='ltr'><strong>nondum</strong></span> <span class='ocrx_word' id='word_1_747' title='bbox 2311 5041 2535 5082; x_wconf 86' lang='lat' dir='ltr'><strong>cessans</strong></span> <span class='ocrx_word' id='word_1_748' title='bbox 2565 5023 2759 5079; x_wconf 87' lang='lat' dir='ltr'><strong>fraude</strong></span> <span class='ocrx_word' id='word_1_749' title='bbox 2809 5034 2975 5091; x_wconf 72' lang='lat' dir='ltr'><strong>agere</strong></span> <span class='ocrx_word' id='word_1_750' title='bbox 3009 5017 3216 5090; x_wconf 84' lang='lat' dir='ltr'><strong>(posuit</strong></span> <span class='ocrx_word' id='word_1_751' title='bbox 3253 5015 3401 5069; x_wconf 85' lang='lat' dir='ltr'><strong>enim</strong></span> 
     </span>
    </p>
   </div>
   <div class='ocr_carea' id='block_1_102' title="bbox 150 5112 1721 5200">
    <p class='ocr_par' dir='ltr' id='par_1_102' title="bbox 150 5118 1707 5197">
     <span class='ocr_line' id='line_1_102' title="bbox 150 5118 1707 5197; baseline 0.001 -26"><span class='ocrx_word' id='word_1_752' title='bbox 150 5122 229 5175; x_wconf 73' lang='grc' dir='ltr'>καὶ</span> <span class='ocrx_word' id='word_1_753' title='bbox 260 5125 423 5191; x_wconf 71' lang='grc' dir='ltr'>μηδὲν</span> <span class='ocrx_word' id='word_1_754' title='bbox 456 5119 615 5188; x_wconf 72' lang='grc' dir='ltr'>ὐγιὲς</span> <span class='ocrx_word' id='word_1_755' title='bbox 646 5118 827 5197; x_wconf 74' lang='grc' dir='ltr'>λέγειν</span> <span class='ocrx_word' id='word_1_756' title='bbox 850 5120 949 5173; x_wconf 87' lang='grc' dir='ltr'><strong>οὐκ</strong></span> <span class='ocrx_word' id='word_1_757' title='bbox 982 5120 1353 5188; x_wconf 77' lang='grc' dir='ltr'>ἀφιστάμενος</span> <span class='ocrx_word' id='word_1_758' title='bbox 1382 5120 1568 5189; x_wconf 77' lang='grc' dir='ltr'>(ἔθετο</span> <span class='ocrx_word' id='word_1_759' title='bbox 1598 5124 1707 5191; x_wconf 81' lang='grc' dir='ltr'>γὰρ</span> 
     </span>
    </p>
   </div>
   <div class='ocr_carea' id='block_1_103' title="bbox 1826 5112 3403 5200">
    <p class='ocr_par' dir='ltr' id='par_1_103' title="bbox 1835 5112 3403 5200">
     <span class='ocr_line' id='line_1_103' title="bbox 1835 5112 3403 5200; baseline -0.017 -16"><span class='ocrx_word' id='word_1_760' title='bbox 1835 5144 1928 5200; x_wconf 89' lang='lat' dir='ltr'><strong>pse</strong></span> <span class='ocrx_word' id='word_1_761' title='bbox 1947 5139 2163 5197; x_wconf 89' lang='lat' dir='ltr'><strong>quoque</strong></span> <span class='ocrx_word' id='word_1_762' title='bbox 2188 5136 2339 5195; x_wconf 70' lang='lat' dir='ltr'><strong>spem</strong></span> <span class='ocrx_word' id='word_1_763' title='bbox 2360 5120 2735 5175; x_wconf 87' lang='lat' dir='ltr'><strong>mendacium.</strong></span> <span class='ocrx_word' id='word_1_764' title='bbox 2758 5124 2818 5169; x_wconf 92' lang='lat' dir='ltr'><strong>ut</strong></span> <span class='ocrx_word' id='word_1_765' title='bbox 2843 5112 3021 5167; x_wconf 88' lang='lat' dir='ltr'><strong>dicam</strong></span> <span class='ocrx_word' id='word_1_766' title='bbox 3052 5125 3176 5163; x_wconf 91' lang='lat' dir='ltr'><strong>cum</strong></span> <span class='ocrx_word' id='word_1_767' title='bbox 3206 5122 3403 5178; x_wconf 69' lang='lat' dir='ltr'><strong>magno</strong></span> 
     </span>
    </p>
   </div>
   <div class='ocr_carea' id='block_1_104' title="bbox 151 5200 1721 5284">
    <p class='ocr_par' dir='ltr' id='par_1_104' title="bbox 151 5212 1707 5284">
     <span class='ocr_line' id='line_1_104' title="bbox 151 5212 1707 5284; baseline 0.002 -19"><span class='ocrx_word' id='word_1_768' title='bbox 151 5214 227 5265; x_wconf 74' lang='grc' dir='ltr'><strong>καὶ</strong></span> <span class='ocrx_word' id='word_1_769' title='bbox 250 5215 305 5266; x_wconf 83' lang='grc' dir='ltr'><strong>τδ</strong></span> <span class='ocrx_word' id='word_1_770' title='bbox 331 5217 495 5279; x_wconf 72' lang='grc' dir='ltr'>σέϐας</span> <span class='ocrx_word' id='word_1_771' title='bbox 534 5213 630 5267; x_wconf 76' lang='grc' dir='ltr'>καὶ</span> <span class='ocrx_word' id='word_1_772' title='bbox 657 5213 756 5282; x_wconf 73' lang='grc' dir='ltr'>τὴν</span> <span class='ocrx_word' id='word_1_773' title='bbox 784 5212 973 5266; x_wconf 64' lang='grc' dir='ltr'>ἐλπίδα</span> <span class='ocrx_word' id='word_1_774' title='bbox 996 5212 1209 5281; x_wconf 77' lang='grc' dir='ltr'>ψεῦδος,</span> <span class='ocrx_word' id='word_1_775' title='bbox 1243 5212 1385 5267; x_wconf 78' lang='grc' dir='ltr'>κατὰ</span> <span class='ocrx_word' id='word_1_776' title='bbox 1417 5218 1509 5269; x_wconf 68' lang='grc' dir='ltr'>τὸν</span> <span class='ocrx_word' id='word_1_777' title='bbox 1534 5218 1707 5284; x_wconf 78' lang='grc' dir='ltr'>μέγαν</span> 
     </span>
    </p>
   </div>
   <div class='ocr_carea' id='block_1_105' title="bbox 1826 5200 3400 5284">
    <p class='ocr_par' dir='ltr' id='par_1_105' title="bbox 1826 5200 3400 5282">
     <span class='ocr_line' id='line_1_105' title="bbox 1826 5200 3400 5282; baseline -0.015 -5"><span class='ocrx_word' id='word_1_778' title='bbox 1826 5225 1945 5278; x_wconf 75' lang='lat' dir='ltr'><strong>saia</strong></span> <span class='ocrx_word' id='word_1_779' title='bbox 1974 5223 2039 5282; x_wconf 82' lang='lat'><strong>“.</strong></span> <span class='ocrx_word' id='word_1_780' title='bbox 2070 5229 2123 5275; x_wconf 91' lang='lat' dir='ltr'><strong>et</strong></span> <span class='ocrx_word' id='word_1_781' title='bbox 2149 5216 2340 5272; x_wconf 87' lang='lat' dir='ltr'><strong>statuit</strong></span> <span class='ocrx_word' id='word_1_782' title='bbox 2361 5231 2419 5271; x_wconf 87' lang='lat' dir='ltr'><strong>se</strong></span> <span class='ocrx_word' id='word_1_783' title='bbox 2454 5210 2737 5267; x_wconf 84' lang='lat' dir='ltr'><strong>mendacio</strong></span> <span class='ocrx_word' id='word_1_784' title='bbox 2766 5206 3007 5279; x_wconf 76' lang='lat' dir='ltr'><strong>tegere):</strong></span> <span class='ocrx_word' id='word_1_785' title='bbox 3046 5201 3161 5257; x_wconf 78' lang='lat' dir='ltr'><strong>Non</strong></span> <span class='ocrx_word' id='word_1_786' title='bbox 3200 5200 3400 5255; x_wconf 91' lang='lat' dir='ltr'><strong>adsunt</strong></span> 
     </span>
    </p>
   </div>
   <div class='ocr_carea' id='block_1_106' title="bbox 157 5296 1721 5379">
    <p class='ocr_par' dir='ltr' id='par_1_106' title="bbox 157 5302 1701 5379">
     <span class='ocr_line' id='line_1_106' title="bbox 157 5302 1701 5379; baseline 0.001 -20"><span class='ocrx_word' id='word_1_787' title='bbox 157 5308 365 5359; x_wconf 78' lang='grc' dir='ltr'>Ἡσαΐαν</span> <span class='ocrx_word' id='word_1_788' title='bbox 405 5309 604 5377; x_wconf 68' lang='grc' dir='ltr'>φάναι,</span> <span class='ocrx_word' id='word_1_789' title='bbox 635 5305 728 5359; x_wconf 78' lang='grc' dir='ltr'>καὶ</span> <span class='ocrx_word' id='word_1_790' title='bbox 762 5302 841 5373; x_wconf 83' lang='grc' dir='ltr'><strong>τῷ</strong></span> <span class='ocrx_word' id='word_1_791' title='bbox 871 5304 1059 5373; x_wconf 78' lang='grc' dir='ltr'>ψεύδει</span> <span class='ocrx_word' id='word_1_792' title='bbox 1093 5306 1273 5377; x_wconf 73' lang='grc' dir='ltr'>ἔκρινε</span> <span class='ocrx_word' id='word_1_793' title='bbox 1323 5309 1701 5379; x_wconf 84' lang='grc' dir='ltr'>σκεπασθήσε-</span> 
     </span>
    </p>
   </div>
   <div class='ocr_carea' id='block_1_107' title="bbox 1826 5296 3399 5379">
    <p class='ocr_par' dir='ltr' id='par_1_107' title="bbox 1826 5296 3399 5379">
     <span class='ocr_line' id='line_1_107' title="bbox 1826 5296 3399 5379; baseline -0.015 -8"><span class='ocrx_word' id='word_1_794' title='bbox 1826 5318 1915 5379; x_wconf 80' lang='lat' dir='ltr'><strong>iic,</strong></span> <span class='ocrx_word' id='word_1_795' title='bbox 1967 5313 2121 5378; x_wconf 84' lang='lat' dir='ltr'><strong>dixit,</strong></span> <span class='ocrx_word' id='word_1_796' title='bbox 2154 5310 2247 5367; x_wconf 84' lang='lat' dir='ltr'><strong>sed</strong></span> <span class='ocrx_word' id='word_1_797' title='bbox 2278 5308 2456 5376; x_wconf 86' lang='lat' dir='ltr'><strong>aliqua</strong></span> <span class='ocrx_word' id='word_1_798' title='bbox 2490 5302 2795 5359; x_wconf 88' lang='lat' dir='ltr'><strong>necessaria</strong></span> <span class='ocrx_word' id='word_1_799' title='bbox 2813 5300 2879 5355; x_wconf 86' lang='lat' dir='ltr'><strong>de</strong></span> <span class='ocrx_word' id='word_1_800' title='bbox 2905 5313 3067 5354; x_wconf 85' lang='lat' dir='ltr'><strong>causa</strong></span> <span class='ocrx_word' id='word_1_801' title='bbox 3091 5296 3242 5349; x_wconf 87' lang='lat' dir='ltr'><strong>missi</strong></span> <span class='ocrx_word' id='word_1_802' title='bbox 3270 5304 3399 5348; x_wconf 77' lang='lat' dir='ltr'><strong>sunt</strong></span> 
     </span>
    </p>
   </div>
   <div class='ocr_carea' id='block_1_108' title="bbox 152 5385 1721 5471">
    <p class='ocr_par' dir='ltr' id='par_1_108' title="bbox 152 5395 1700 5471">
     <span class='ocr_line' id='line_1_108' title="bbox 152 5395 1700 5471; baseline 0.001 -22"><span class='ocrx_word' id='word_1_803' title='bbox 152 5396 394 5463; x_wconf 68' lang='grc' dir='ltr'>σθαι).υύ</span> <span class='ocrx_word' id='word_1_804' title='bbox 431 5400 695 5466; x_wconf 82' lang='grc' dir='ltr'>πάρεισιν</span> <span class='ocrx_word' id='word_1_805' title='bbox 737 5395 993 5461; x_wconf 75' lang='grc' dir='ltr'>ενταῦθα,</span> <span class='ocrx_word' id='word_1_806' title='bbox 1019 5396 1145 5465; x_wconf 71' lang='grc' dir='ltr'>ἔφη,</span> <span class='ocrx_word' id='word_1_807' title='bbox 1179 5399 1315 5451; x_wconf 78' lang='grc' dir='ltr'>ἀλλά</span> <span class='ocrx_word' id='word_1_808' title='bbox 1342 5398 1480 5451; x_wconf 81' lang='grc' dir='ltr'><strong>κατά</strong></span> <span class='ocrx_word' id='word_1_809' title='bbox 1511 5400 1700 5471; x_wconf 83' lang='grc' dir='ltr'>χρείαν</span> 
     </span>
    </p>
   </div>
   <div class='ocr_carea' id='block_1_109' title="bbox 1826 5385 3395 5471">
    <p class='ocr_par' dir='ltr' id='par_1_109' title="bbox 1826 5385 3395 5465">
     <span class='ocr_line' id='line_1_109' title="bbox 1826 5385 3395 5465; baseline -0.017 0"><span class='ocrx_word' id='word_1_810' title='bbox 1826 5428 1840 5465; x_wconf 80' lang='grc' dir='ltr'><strong>ι</strong></span> <span class='ocrx_word' id='word_1_811' title='bbox 1908 5408 2069 5464; x_wconf 88' lang='lat' dir='ltr'><strong>nobis</strong></span> <span class='ocrx_word' id='word_1_812' title='bbox 2130 5406 2183 5461; x_wconf 90' lang='lat' dir='ltr'><strong>in</strong></span> <span class='ocrx_word' id='word_1_813' title='bbox 2248 5402 2409 5456; x_wconf 88' lang='lat' dir='ltr'><strong>aliam</strong></span> <span class='ocrx_word' id='word_1_814' title='bbox 2446 5399 2743 5453; x_wconf 76' lang='lat' dir='ltr'><strong>ciVitatern.</strong></span> <span class='ocrx_word' id='word_1_815' title='bbox 2778 5392 2979 5464; x_wconf 69' lang='grc' dir='ltr'>κει-ψ·</span> <span class='ocrx_word' id='word_1_816' title='bbox 3025 5400 3209 5445; x_wconf 86' lang='lat' dir='ltr'><strong>autem</strong></span> <span class='ocrx_word' id='word_1_817' title='bbox 3245 5404 3258 5439; x_wconf 90' lang='lat'>:</span> <span class='ocrx_word' id='word_1_818' title='bbox 3299 5385 3395 5440; x_wconf 71' lang='lat' dir='ltr'><strong>Vel</strong></span> 
     </span>
    </p>
   </div>
   <div class='ocr_carea' id='block_1_110' title="bbox 152 5478 1721 5567">
    <p class='ocr_par' dir='ltr' id='par_1_110' title="bbox 152 5488 1713 5561">
     <span class='ocr_line' id='line_1_110' title="bbox 152 5488 1713 5561; baseline 0.004 -22"><span class='ocrx_word' id='word_1_819' title='bbox 152 5490 253 5543; x_wconf 70' lang='grc' dir='ltr'>τινὰ</span> <span class='ocrx_word' id='word_1_820' title='bbox 277 5490 555 5545; x_wconf 79' lang='grc' dir='ltr'>καλοῦσαν</span> <span class='ocrx_word' id='word_1_821' title='bbox 595 5488 675 5551; x_wconf 86' lang='grc' dir='ltr'><strong>είς</strong></span> <span class='ocrx_word' id='word_1_822' title='bbox 706 5488 898 5559; x_wconf 74' lang='grc' dir='ltr'>ἑτέραν</span> <span class='ocrx_word' id='word_1_823' title='bbox 944 5489 1100 5543; x_wconf 84' lang='grc' dir='ltr'>πόλιν</span> <span class='ocrx_word' id='word_1_824' title='bbox 1125 5489 1254 5560; x_wconf 78' lang='grc' dir='ltr'>παρ’</span> <span class='ocrx_word' id='word_1_825' title='bbox 1289 5493 1448 5561; x_wconf 73' lang='grc' dir='ltr'>ἡμῶν</span> <span class='ocrx_word' id='word_1_826' title='bbox 1478 5492 1713 5561; x_wconf 54' lang='lat' dir='ltr'><strong>ﬁgendu-</strong></span> 
     </span>
    </p>
   </div>
   <div class='ocr_carea' id='block_1_111' title="bbox 1826 5478 3398 5567">
    <p class='ocr_par' dir='ltr' id='par_1_111' title="bbox 1832 5478 3398 5567">
     <span class='ocr_line' id='line_1_111' title="bbox 1832 5478 3398 5567; baseline -0.015 -12"><span class='ocrx_word' id='word_1_827' title='bbox 1832 5498 2259 5567; x_wconf 81' lang='lat' dir='ltr'><strong>nvitus,iuquit,</strong></span> <span class='ocrx_word' id='word_1_828' title='bbox 2295 5508 2489 5551; x_wconf 85' lang='lat' dir='ltr'><strong>verum</strong></span> <span class='ocrx_word' id='word_1_829' title='bbox 2523 5488 2731 5555; x_wconf 75' lang='lat' dir='ltr'><strong>dixisti,</strong></span> <span class='ocrx_word' id='word_1_830' title='bbox 2773 5500 2902 5543; x_wconf 83' lang='lat' dir='ltr'><strong>cum</strong></span> <span class='ocrx_word' id='word_1_831' title='bbox 2942 5484 3137 5553; x_wconf 67' lang='lat' dir='ltr'><strong>diligas</strong></span> <span class='ocrx_word' id='word_1_832' title='bbox 3166 5478 3398 5534; x_wconf 86' lang='lat' dir='ltr'><strong>menda-</strong></span> 
     </span>
    </p>
   </div>
   <div class='ocr_carea' id='block_1_112' title="bbox 153 5570 1721 5656">
    <p class='ocr_par' dir='ltr' id='par_1_112' title="bbox 153 5582 1713 5653">
     <span class='ocr_line' id='line_1_112' title="bbox 153 5582 1713 5653; baseline 0.001 -18"><span class='ocrx_word' id='word_1_833' title='bbox 153 5584 359 5651; x_wconf 61' lang='grc' dir='ltr'>ςνθησαν.</span> <span class='ocrx_word' id='word_1_834' title='bbox 403 5582 467 5634; x_wconf 89' lang='grc' dir='ltr'>Ὀ</span> <span class='ocrx_word' id='word_1_835' title='bbox 523 5583 584 5635; x_wconf 76' lang='grc' dir='ltr'>δι</span> <span class='ocrx_word' id='word_1_836' title='bbox 632 5582 872 5652; x_wconf 75' lang='grc' dir='ltr'>μάρτυς·</span> <span class='ocrx_word' id='word_1_837' title='bbox 910 5584 1020 5637; x_wconf 74' lang='grc' dir='ltr'>Καὶ</span> <span class='ocrx_word' id='word_1_838' title='bbox 1069 5583 1240 5651; x_wconf 73' lang='grc' dir='ltr'>ἄκων,</span> <span class='ocrx_word' id='word_1_839' title='bbox 1290 5585 1426 5653; x_wconf 78' lang='grc' dir='ltr'>ἔφη,</span> <span class='ocrx_word' id='word_1_840' title='bbox 1476 5585 1713 5653; x_wconf 79' lang='grc' dir='ltr'>τάληθὲς</span> 
     </span>
    </p>
   </div>
   <div class='ocr_carea' id='block_1_113' title="bbox 1826 5570 3394 5656">
    <p class='ocr_par' dir='ltr' id='par_1_113' title="bbox 1826 5570 3394 5656">
     <span class='ocr_line' id='line_1_113' title="bbox 1826 5570 3394 5656; baseline -0.018 -4"><span class='ocrx_word' id='word_1_841' title='bbox 1826 5596 1990 5656; x_wconf 86' lang='lat' dir='ltr'><strong>:ium;</strong></span> <span class='ocrx_word' id='word_1_842' title='bbox 2042 5599 2172 5646; x_wconf 85' lang='lat' dir='ltr'><strong>sunt</strong></span> <span class='ocrx_word' id='word_1_843' title='bbox 2256 5586 2404 5644; x_wconf 84' lang='lat' dir='ltr'><strong>enim</strong></span> <span class='ocrx_word' id='word_1_844' title='bbox 2451 5598 2600 5639; x_wconf 88' lang='lat' dir='ltr'><strong>nunc</strong></span> <span class='ocrx_word' id='word_1_845' title='bbox 2665 5579 2722 5637; x_wconf 86' lang='lat' dir='ltr'><strong>in</strong></span> <span class='ocrx_word' id='word_1_846' title='bbox 2783 5578 2956 5643; x_wconf 68' lang='lat' dir='ltr'><strong>caelis,</strong></span> <span class='ocrx_word' id='word_1_847' title='bbox 3026 5575 3290 5646; x_wconf 70' lang='lat' dir='ltr'><strong>degentes</strong></span> <span class='ocrx_word' id='word_1_848' title='bbox 3340 5570 3394 5624; x_wconf 93' lang='lat' dir='ltr'><strong>in</strong></span> 
     </span>
    </p>
   </div>
   <div class='ocr_carea' id='block_1_114' title="bbox 153 5672 1721 5748">
    <p class='ocr_par' dir='ltr' id='par_1_114' title="bbox 153 5672 1707 5748">
     <span class='ocr_line' id='line_1_114' title="bbox 153 5672 1707 5748; baseline 0.005 -26"><span class='ocrx_word' id='word_1_849' title='bbox 153 5674 350 5745; x_wconf 77' lang='grc' dir='ltr'>εἴρηκας</span> <span class='ocrx_word' id='word_1_850' title='bbox 375 5675 403 5727; x_wconf 84' lang='grc' dir='ltr'>ὀ</span> <span class='ocrx_word' id='word_1_851' title='bbox 429 5673 493 5726; x_wconf 86' lang='grc' dir='ltr'>τὸ</span> <span class='ocrx_word' id='word_1_852' title='bbox 522 5672 720 5741; x_wconf 80' lang='grc' dir='ltr'>ψεῦδος</span> <span class='ocrx_word' id='word_1_853' title='bbox 755 5673 947 5741; x_wconf 82' lang='grc' dir='ltr'>φιλῶν·</span> <span class='ocrx_word' id='word_1_854' title='bbox 983 5676 1043 5729; x_wconf 74' lang='grc' dir='ltr'><strong>ιν</strong></span> <span class='ocrx_word' id='word_1_855' title='bbox 1066 5676 1316 5748; x_wconf 82' lang='grc' dir='ltr'>οὐρανοῖς</span> <span class='ocrx_word' id='word_1_856' title='bbox 1339 5676 1449 5748; x_wconf 86' lang='grc' dir='ltr'><strong>γάρ</strong></span> <span class='ocrx_word' id='word_1_857' title='bbox 1476 5679 1583 5732; x_wconf 81' lang='grc' dir='ltr'>εἱσι</span> <span class='ocrx_word' id='word_1_858' title='bbox 1614 5677 1707 5730; x_wconf 80' lang='grc' dir='ltr'><strong>νῦν</strong></span> 
     </span>
    </p>
   </div>
   <div class='ocr_carea' id='block_1_115' title="bbox 1826 5672 2175 5748">
    <p class='ocr_par' dir='ltr' id='par_1_115' title="bbox 1826 5677 2175 5741">
     <span class='ocr_line' id='line_1_115' title="bbox 1826 5677 2175 5741; baseline -0.02 0"><span class='ocrx_word' id='word_1_859' title='bbox 1826 5683 2027 5741; x_wconf 84' lang='lat' dir='ltr'><strong>:ivitate</strong></span> <span class='ocrx_word' id='word_1_860' title='bbox 2058 5677 2175 5734; x_wconf 89' lang='lat' dir='ltr'><strong>Dei.</strong></span> 
     </span>
    </p>
   </div>
   <div class='ocr_carea' id='block_1_116' title="bbox 156 5762 1097 5837">
    <p class='ocr_par' dir='ltr' id='par_1_116' title="bbox 156 5762 1097 5837">
     <span class='ocr_line' id='line_1_116' title="bbox 156 5762 1097 5837; baseline 0.002 -18"><span class='ocrx_word' id='word_1_861' title='bbox 156 5762 197 5811; x_wconf 67' lang='grc' dir='ltr'>ιν</span> <span class='ocrx_word' id='word_1_862' title='bbox 224 5769 282 5837; x_wconf 61' lang='grc' dir='ltr'><strong>τῇ</strong></span> <span class='ocrx_word' id='word_1_863' title='bbox 312 5765 403 5821; x_wconf 84' lang='grc' dir='ltr'><strong>τοῦ</strong></span> <span class='ocrx_word' id='word_1_864' title='bbox 438 5764 593 5817; x_wconf 80' lang='grc' dir='ltr'>Θεοῦ·</span> <span class='ocrx_word' id='word_1_865' title='bbox 622 5765 774 5818; x_wconf 83' lang='grc' dir='ltr'>πόλει</span> <span class='ocrx_word' id='word_1_866' title='bbox 801 5764 1097 5835; x_wconf 87' lang='grc' dir='ltr'>διάγοντες.</span> 
     </span>
    </p>
   </div>
   <div class='ocr_carea' id='block_1_117' title="bbox 245 5881 825 5945">
    <p class='ocr_par' dir='ltr' id='par_1_117' title="bbox 245 5881 825 5945">
     <span class='ocr_line' id='line_1_117' title="bbox 245 5881 825 5945; baseline -0.022 0"><span class='ocrx_word' id='word_1_867' title='bbox 245 5886 277 5915; x_wconf 85' lang='lat'>“</span> <span class='ocrx_word' id='word_1_868' title='bbox 336 5887 439 5945; x_wconf 73' lang='lat' dir='ltr'><strong>iss.</strong></span> <span class='ocrx_word' id='word_1_869' title='bbox 505 5895 703 5939; x_wconf 70' lang='lat' dir='ltr'><strong>xxvm.</strong></span> <span class='ocrx_word' id='word_1_870' title='bbox 744 5881 825 5936; x_wconf 84' lang='lat' dir='ltr'><strong>l5.</strong></span> 
     </span>
    </p>
   </div>
  </div>
