3972 6494
509 387 617 460 479

1827 394 2114 456 MENSIS
2147 395 2448 457 IULIUS.

3658 392 3778 453 480

512 514 685 568 caret.
719 483 869 558 Multi
926 503 1073 559 enim
1106 518 1231 557 eum
1295 504 1566 568 vicerunt,
1611 514 1666 559 et
1713 521 1907 562 omnes
1965 506 2086 575 ejus

2223 507 2361 574 .ὒτῷ.
2399 505 2586 559 Πολλοὶ
2618 505 2723 573 γὰρ
2758 507 2805 556 οἱ
2837 504 3021 562 τοῦτον
3058 504 3149 556 καὶ
3177 505 3494 571 νικήσαντες
3545 506 3639 554 καὶ
3671 521 3781 567 την

512 599 660 650 vires
687 595 1067 665 perdiderunt.
1110 594 1324 650 Domini
1356 595 1501 649 enim
1526 611 1712 651 amore
1738 597 2087 652 inﬂammatis

505 700 698 745 eorum
731 688 949 751 animis,
980 697 1036 742 et
1068 688 1195 742 totis
1220 689 1338 757 ejus
1358 687 1450 757 qui
1481 698 1564 742 est
1583 697 1793 758 potens,
1819 690 2086 745 cbaritate

511 780 871 842 confirmatis,
894 782 960 835 ad
1008 781 1209 835 bellum
1263 782 1565 850 gerendum
1622 782 2088 838 adversusinitni-

517 885 637 925 eum
669 881 891 924 strenue
917 881 973 924 et
1032 870 1296 924 audacter
1355 882 1766 940 processerunt,
1830 875 2086 927 omnibus

514 960 734 1029 quidem
795 960 1054 1015 membris
1136 962 1381 1026 lacerati,
1466 974 1519 1016 et
1605 963 1786 1019 carnis
1874 979 2093 1034 compa-

513 1053 675 1122 gibus
729 1053 971 1113 resoluti,
1013 1056 1406 1108 rccrcationem
1438 1066 1615 1110 autem
1670 1073 1733 1113 ac
1766 1057 1985 1111 delicias
2032 1074 2092 1112 ea

518 1158 641 1212 quae
697 1159 923 1214 magnos
982 1145 1200 1199 dolores
1244 1143 1501 1211 afferunt,
1568 1157 1840 1201 tormenta
1909 1152 2095 1202 existi-

518 1244 786 1289 mantes:
845 1252 981 1305 quos
1026 1237 1205 1292 adhuc
1280 1240 1640 1293 certaminum
1689 1242 1951 1310 sanguine
2010 1244 2095 1296 di-

517 1326 790 1380 Stillantes
870 1329 1081 1396 accepit
1162 1328 1416 1383 Christus
1501 1334 1881 1400 agonotheta.
1943 1334 2097 1387 Pura:

520 1434 756 1488 namque
793 1422 840 1473 ei
894 1421 1056 1475 oblati
1108 1431 1241 1475 sunt
1294 1423 1502 1487 hostias,
1568 1426 1871 1481 ctvictinm
1907 1427 2098 1480 volun-

522 1514 697 1565 tarie.
748 1510 978 1579 Propter
1037 1528 1158 1581 quo:
1222 1516 1532 1573 communis
1596 1516 2099 1583 superntusinimi-

521 1616 640 1656 cus.
666 1600 865 1653 cecidit
896 1601 1195 1655 admirabili
1230 1604 1466 1671 quodam
1504 1618 1633 1656 casu
1686 1604 1792 1658 illis
1848 1619 2101 1675 speetan-

526 1692 687 1746 tibus.
726 1690 860 1745 Cum
888 1707 953 1745 co
984 1708 1314 1762 congressus
1347 1710 1576 1763 magnus
1630 1710 1846 1764 quoque
1875 1698 2102 1759 athleta,

523 1792 580 1836 et
650 1799 855 1837 corona
930 1786 1221 1839 redimitus
1285 1787 1602 1849 Callinicus,
1674 1789 1834 1857 cujus
1902 1792 2103 1845 luctam

525 1886 579 1930 ct
606 1876 910 1937 certamina
954 1879 1008 1931 in
1044 1883 1299 1949 praesenti
1328 1881 1674 1949 prosequitur
1704 1885 1899 1939 oratio.
1938 1900 2110 1952 usque

525 1968 662 2021 adeo
698 1970 889 2023 derisit
917 1985 978 2022 ea
1007 1986 1125 2039 quae
1149 1981 1275 2023 sunt
1298 1977 1419 2039 ejus
1454 1973 1738 2033 terribilia,
1760 1983 1817 2028 ut
1854 1984 2107 2042 tanquam

530 2060 798 2113 infantem
864 2062 1037 2130 prima
1076 2062 1257 2115 statim
1288 2064 1431 2116 lucta
1466 2064 1842 2130 prostraverit,
1878 2076 1930 2119 et
1963 2065 2112 2120 bumi

529 2152 779 2207 alliserit.
816 2154 922 2207 Sed
947 2154 1069 2221 ejus
1094 2154 1313 2222 quidem
1344 2157 1545 2228 egregii
1615 2157 1714 2211 viri
1769 2160 1950 2213 omnia
1999 2161 2114 2214 sin-

532 2243 754 2311 gulatim
803 2245 990 2299 dicere
1021 2255 1073 2300 et
1104 2245 1311 2301 referre
1375 2263 1477 2301 nec
1515 2249 1624 2302 ulla
1682 2260 1869 2317 posset
1918 2258 2114 2315 oratio,

532 2349 634 2390 nec
680 2351 801 2405 qua:
824 2338 982 2389 abeo
1010 2347 1161 2403 gesta
1209 2346 1359 2403 sunt,
1397 2340 1680 2394 auditione
1742 2342 1966 2396 fuerunt
2030 2359 2119 2397 ac-

534 2434 693 2495 cepta
750 2428 818 2481 ab
864 2428 1145 2493 omnibus,
1180 2440 1239 2483 ut
1270 2432 1483 2500 possint
1532 2435 1713 2489 omnia
1775 2436 2009 2504 proferri
2052 2436 2120 2490 ab

536 2518 819 2576 omnibus.
875 2517 1132 2585 Quaedam
1161 2531 1342 2577 autem
1403 2540 1601 2594 pauca,
1659 2536 1875 2596 etquae
1927 2544 2116 2583 eorum

536 2610 626 2678 qui
653 2612 969 2675 audierunt,
1019 2615 1244 2671 minime
1303 2617 1519 2687 fugiunt
1541 2620 1856 2673 memoriam
1894 2622 2118 2688 (etenim

542 2700 909 2757 interfuerunt
943 2704 1188 2773 quidem,
1224 2722 1347 2760 cum
1408 2708 1720 2765 decertaret
1786 2720 2010 2781 martyr,
2066 2722 2121 2765 et

542 2792 799 2847 viderunt
842 2796 1104 2849 nonnulla
1139 2813 1331 2851 eorum
1388 2816 1508 2867 qua:
1567 2802 1811 2873 fiebant),
1867 2806 2121 2872 praesenti

542 2885 793 2940 oratione
852 2888 1142 2940 tradentur
1166 2888 1461 2943 memorie.
1498 2888 1589 2943 Sic
1648 2892 1792 2944 enim
1836 2902 1891 2946 et
1936 2902 2123 2949 nostro

542 2974 950 3030 satisfaciemus
970 2978 1262 3046 desiderio,
1306 2990 1359 3034 et
1386 2981 1602 3036 athleta
1641 2982 1933 3038 afl‘eremus
1994 2984 2122 3039 bre-

543 3082 664 3121 vem
700 3066 913 3124 laudem
947 3072 1209 3142 martyrii.

2192 606 2374 657 πᾶσαν
2422 602 2589 657 αὐτοῦ
2635 602 2923 663 ὀλέσαντες
2965 600 3217 669 δύναμιν,
3270 600 3361 669 Τῷ
3413 600 3520 668 γὰρ
3551 598 3649 653 τοῦ
3678 603 3784 652 Δε-

2194 696 2397 748 σπότου
2443 696 2650 764 φίλτρῳ
2679 694 2779 755 τὰς
2809 693 2987 762 ψυχάς
3038 692 3417 761 πυρωθέντες,
3458 688 3539 753 οἷς
3568 695 3595 745 ό
3626 692 3783 751 θεῖος

2193 782 2333 852 ἔρως
2389 783 2653 851 ἐνέσκηψε
2702 784 2796 835 καὶ
2858 782 3014 842 ὅλους
3077 782 3281 843 αὐτοὺς
3317 784 3382 850 τῇ
3438 782 3631 851 ἀγάπῃ
3676 780 3785 833 τοῦ

2193 872 2421 928 δυνατοῦ
2448 874 2871 941 ἐπιρῤώσαντες,
2902 873 3180 942 εὐθαρσῶς
3211 875 3303 925 καὶ
3342 872 3602 939 γενναίως
3635 872 3788 939 πρὶος

2196 966 2286 1017 τὸν
2320 966 2459 1016 κατά
2488 965 2581 1016 τοῦ
2607 965 2799 1033 ἐχθροῦ
2834 966 3119 1034 ἐχώρησαν
3148 962 3387 1030 πόλεμον
3407 981 3422 993 ·
3457 965 3638 1017 πάντα
3672 964 3784 1028 μὲν

2195 1061 2261 1108 τὰ
2295 1058 2430 1125 μέλη
2466 1060 2792 1125 κοπτόμενοι
2832 1059 2926 1109 καὶ
2971 1059 3068 1118 τὰς
3114 1061 3212 1125 τῆς
3262 1058 3465 1125 σαρκός
3496 1056 3784 1124 ἁρμονίας

2198 1148 2622 1217 παραλυόμενοι,
2660 1150 2846 1200 ἄνεσιν
2893 1148 2945 1199 δὲ
2986 1147 3246 1216 μᾶλλονῆ
3298 1153 3510 1216 τρυφὴν
3550 1152 3650 1206 τὰς
3682 1162 3791 1195 πορ-

2199 1242 2499 1304 λυωδύνους
2535 1242 2803 1311 βασάνους
2844 1241 3157 1309 ἡγούμενοι,
3201 1238 3290 1291 οὓς
3332 1239 3410 1289 Evt
3447 1238 3540 1289 καὶ
3572 1243 3638 1288 τὰ
3667 1237 3791 1287 τῶν

2200 1334 2427 1400 ἀγώνων
2473 1334 2904 1402 περιστάζοντας
2950 1333 3157 1399 αἵματα
3194 1334 3222 1384 ὁ
3265 1330 3610 1399 ἀγωνοθέτης
3643 1329 3795 1396 Χρι-

2206 1424 2329 1484 στὶρς
2361 1424 2761 1491 προσελάϐετο,
2790 1422 3006 1489 θύματα
3055 1421 3263 1488 ἄμωμα
3318 1418 3791 1487 προσενεχθέντες

2204 1517 2354 1585 αὐτῷ
2388 1518 2482 1567 καὶ
2514 1516 2720 1582 σφάγια
2768 1514 3071 1575 ὲθελοιίσια,
3107 1510 3191 1577 ἐφ’
3218 1507 3298 1573 οἷς
3330 1513 3358 1563 δ
3391 1512 3568 1574 κοινὸς
3603 1514 3793 1577 ἡττηο

2207 1610 2318 1671 θείς
2357 1608 2626 1676 δυσμενὴς
2668 1606 2870 1673 πτῶμα
2921 1605 3173 1656 πέπτωκε
3216 1606 3326 1663 τοῖς
3379 1602 3575 1671 ὁρῶσιν
3629 1604 3795 1667 ὲξαίυ

2210 1716 2341 1751 σιον.
2396 1699 2583 1767 Τούτῳ
2631 1697 2971 1763 συμπλακεὶς
3005 1694 3097 1745 καὶ
3134 1697 3159 1745 ό
3194 1694 3366 1760 μέγας
3402 1692 3641 1757 ἀθλητὴς
3692 1691 3799 1743 καὶ

2214 1792 2538 1858 στεφανίτης
2571 1789 2917 1850 Καλλίνικος,
2954 1782 3014 1842 οὗ
3044 1788 3166 1847 τοὺς
3200 1786 3396 1846 ἄθλους
3446 1784 3540 1835 καὶ
3576 1783 3647 1833 τὰ
3683 1800 3801 1834 παν

2216 1883 2493 1951 λαίσματα
2527 1884 2554 1934 ό
2584 1882 2677 1933 νῦν
2711 1880 2865 1947 λόγος
2895 1880 3171 1944 διέξεισιν,
3208 1878 3300 1928 ἐπὶ
3333 1874 3587 1927 τοσοῦτον
3620 1872 3802 1925 αὑτοῦ

2220 1975 2327 2028 τῶν
2378 1974 2622 2043 φοϐερῶν
2668 1973 3055 2039 κατεγέλασεν,
3112 1971 3184 2032 ὡς
3236 1963 3323 2021 οἷα
3381 1968 3546 2019 παῖδα
3594 1967 3805 2035 νήπιον

2217 2072 2278 2121 ὲκ
2329 2068 2550 2137 πρώτης
2608 2068 2769 2127 εὐθὺς
2817 2064 2993 2131 πάλης
3053 2061 3381 2115 καταϐαλεῖν
3419 2061 3513 2112 καὶ
3554 2062 3632 2120 είς
3688 2059 3807 2126 γῆν

2219 2158 2688 2229 καταρράξασθαι.
2738 2155 2900 2207 ’Λλλά
2933 2154 3112 2205 πάντα
3140 2152 3238 2219 μὲν
3284 2151 3351 2201 τά
3408 2148 3501 2201 τοῦ
3535 2149 3809 2216 γενναίου

2217 2250 2401 2316 λέγειν
2457 2266 2515 2300 τε
2574 2247 2677 2299 ἀνά
2738 2248 2901 2315 μέρος
2941 2245 3035 2297 καὶ
3096 2243 3436 2311 διηγεῖσθαι.
3472 2241 3595 2293 οὕτε
3630 2241 3807 2305 λόγος

2218 2344 2365 2396 ὲστῖν
2406 2343 2432 2393 δ
2472 2342 2636 2392 πᾶσιν
2674 2337 2915 2406 ἐναργῶς
2947 2337 3155 2388 ἐπιέναι
3210 2336 3528 2403 δυνάμενος,
3581 2332 3702 2385 οὔτ’
3742 2335 3805 2381 ὲν

2220 2432 2431 2485 πολλῶν
2486 2432 2676 2492 ἀκοαῖς
2708 2429 2776 2482 τά
2819 2429 2991 2495 τούτῳ
3024 2427 3261 2497 ὲνηχήθη
3297 2426 3689 2491 πεπραγμένα,
3725 2422 3807 2482 ὡς

2221 2528 2287 2579 ἂν
2318 2527 2410 2577 καὶ
2438 2527 2567 2577 πΞσι
2604 2524 2780 2575 πάντα
2819 2522 3034 2590 γένοιτο
3086 2521 3313 2587 ἔκορορα.
3356 2517 3538 2581 Ὀλίγα
3572 2514 3629 2565 δέ
3675 2530 3807 2563 τινα

2221 2620 2315 2671 καὶ
2337 2619 2435 2669 ὅσα
2459 2618 2557 2684 τὴν
2590 2617 2810 2683 μνήμην
2833 2613 2941 2665 τῶν
2969 2611 3317 2664 ἀκουσάντων
3344 2610 3404 2659 οὐ
3430 2604 3809 2672 διαπέφευγεν

2225 2711 2379 2774 (ἐπεὶ
2414 2710 2506 2759 καὶ
2538 2704 2792 2773 παρῆσάν
2826 2718 2968 2763 τινες
3003 2698 3389 2767 ἀγωνιζομένῳ
3420 2696 3495 2763 τῷ
3530 2697 3810 2765 μάρτυρι.

2224 2804 2339 2853 ἔνια
2397 2798 2505 2850 τῶν
2541 2797 2839 2864 γινομένων
2896 2791 3197 2859 θεώμενοι)
3252 2789 3337 2841 διά
3381 2786 3475 2840 τοῦ
3528 2786 3809 2854 παρόντος

2224 2892 2383 2959 λόγου
2442 2889 2795 2957 ὑπομνήματι
2866 2886 3144 2953 στήσεται.
3211 2880 3367 2933 Οὕτω
3426 2879 3532 2949 γάρ
3594 2880 3687 2930 τόν
3746 2898 3812 2931 τε

2222 2985 2495 3053 ἡμέτερον
2557 2980 2721 3031 πόθον
2776 2973 3236 3045 ἀφοσιωσόμεθα,
3294 2972 3388 3025 καὶ
3452 2971 3529 3041 τῷ
3587 2970 3813 3039 ἀθλητῇ

2229 3078 2433 3146 βραχὺν
2462 3074 2551 3125 τὸν
2584 3071 2676 3123 τοῦ
2715 3070 3015 3138 μαρτυρίου
3046 3067 3356 3134 εἰσοίσομεν
3384 3064 3630 3115 ἔπαινον.

614 3160 680 3214 ll.
730 3159 827 3215 Hic
885 3177 1016 3230 ergo
1060 3165 1278 3218 divinus
1342 3175 1392 3218 et
1452 3181 1676 3234 magnus
1727 3168 2039 3231 Callinicus,
2066 3169 2118 3222 in

2298 3164 2369 3220 B'.
2403 3157 2569 3225 Οὗτος
2604 3158 2781 3215 τοίνυν
2811 3165 2836 3215 ὁ
2868 3161 3007 3221 θεῖος
3041 3159 3134 3211 καὶ
3167 3159 3338 3225 μέγας
3373 3156 3703 3227 Καλλίνικος
3748 3159 3811 3207 ὲν

545 3248 689 3303 bona
770 3259 826 3305 et
881 3267 1064 3305 rerum
1128 3254 1371 3307 omnium
1434 3252 1597 3309 fertili
1646 3256 1847 3311 Cilicia;
1899 3260 2117 3329 regione

546 3353 733 3407 natus,
770 3342 873 3397 fuit
898 3346 1161 3413 praeclare
1192 3347 1475 3413 educatus,
1535 3349 1700 3405 Deum
1734 3350 1952 3419 quidem
1998 3368 2116 3405 om-

551 3432 700 3485 nium
732 3432 1068 3488 Salvatorem
1098 3445 1150 3488 et
1172 3435 1481 3492 effectorem
1512 3440 1579 3492 ab
1605 3441 1831 3492 infantia
1857 3440 2123 3493 confitens

546 3531 605 3578 et
635 3524 935 3591 honoratis.
984 3527 1274 3582 simulacra
1302 3541 1506 3589 autem,
1536 3530 1685 3581 nullo
1711 3544 1873 3582 sensu
1899 3532 2123 3597 praedita

549 3614 789 3681 etplane
824 3616 1009 3680 surda,
1044 3618 1347 3671 abhorrens
1376 3627 1431 3671 et
1463 3620 1669 3673 habens
1693 3620 1838 3675 odio.
1869 3619 1970 3689 Qui
1999 3639 2121 3679 cum

551 3707 719 3762 etiam
749 3708 912 3762 vellet
941 3710 1197 3777 pietatem
1235 3712 1433 3780 ubique
1474 3712 1853 3781 disseminare,
1874 3733 2005 3771 usus
2042 3728 2125 3773 est

557 3800 745 3855 multis
790 3810 845 3856 et
885 3802 1061 3872 longis
1094 3806 1644 3875 peregrinationibus,
1707 3808 1871 3860 vitam
1904 3812 2125 3878 quidem

555 3895 774 3963 dignam
819 3897 1085 3969 religione
1127 3914 1418 3963 exercens,
1452 3900 1574 3952 vitae
1600 3908 1781 3959 autem
1816 3902 2126 3956 institutum

556 4001 834 4040 exornans
879 3989 1164 4058 religione.
1203 3988 1388 4044 Fidem
1428 3991 1573 4045 enim
1622 3992 1674 4046 in
1712 3992 1987 4049 Christum
2020 4011 2126 4050 non

558 4079 733 4133 solum
762 4080 814 4132 in
853 4080 975 4134 sinu
1001 4081 1165 4143 ferre.
1208 4083 1302 4138 sed
1334 4086 1497 4139 etiam
1559 4087 1773 4154 publice
1812 4090 2128 4156 prtedicare,

558 4171 709 4240 pium
735 4186 857 4227 esse
878 4175 1198 4237 exstimans,
1225 4178 1474 4245 cognitus
1505 4176 1607 4231 fuit
1650 4193 1679 4230 a
1726 4178 1911 4233 multis
1964 4180 2133 4247 magi-

558 4272 670 4319 ster
724 4268 1022 4319 veritatis:
1064 4282 1202 4335 quos
1252 4268 1475 4336 perinde
1520 4284 1585 4324 ac
1642 4270 1857 4341 quidam
1910 4287 2132 4343 magnes

560 4357 812 4413 trahebat
837 4360 903 4413 ad
937 4360 1201 4430 Scipsum,
1232 4372 1285 4416 et
1334 4363 1616 4418 avertebat
1664 4366 1731 4419 ab
1790 4381 1997 4420 errore.
2052 4367 2132 4422 Ab

558 4451 679 4520 ejus
739 4452 907 4513 enim,
959 4462 1218 4523 tanquam
1265 4454 1496 4522 alicujus
1536 4456 1751 4522 sirenis,
1814 4458 2132 4513 dulcissimo

2220 3263 2285 3332 τῇ
2317 3258 2556 3314 Κιλίκων
2586 3257 2677 3310 καὶ
2705 3256 2806 3321 φὺς
2836 3252 2933 3305 καὶ⁵
2954 3249 3202 3320 τραφεὶς.
3237 3246 3419 3315 χώρας
3442 3246 3673 3315 εὖφόρου
3713 3246 3818 3299 καὶ

2221 3353 2290 3407 τὰ
2338 3352 2515 3403 πάντα
2571 3350 2837 3416 χρηστῆς,
2891 3341 3115 3410 ἀγωγῆς
3166 3339 3355 3408 ἔλαχεν
3416 3337 3639 3401 ἀστείας
3713 3340 3815 3390 καὶ

2224 3440 2556 3513 ὑπερφυοῦς,
2588 3438 2718 3490 Θεὸν
2756 3436 2854 3505 μὲν
2893 3434 2984 3486 τὸν
3016 3434 3231 3485 πάντων
3263 3431 3493 3502 Σωτῆρα
3518 3432 3613 3483 καὶ
3646 3448 3819 3501 ποιη-

2224 3539 2322 3608 τὴν
2357 3538 2420 3587 ὲκ
2463 3531 2687 3601 πρώτης
2738 3530 2851 3599 ἀμα
2895 3528 3080 3599 τριχὸς
3116 3526 3394 3598 ὁμολογῶν
3444 3528 3541 3578 καὶ
3583 3525 3771 3593 τιμῶν
3801 3567 3816 3587 ,

2225 3627 2419 3682 εἴδωλα
2444 3625 2500 3679 δὲ
2526 3624 2592 3678 τὰ
2620 3624 2924 3691 ἀναίσθητα
2950 3623 3046 3674 καὶ
3077 3620 3235 3687 κωφά
3267 3618 3690 3686 βδελυττόμενος
3719 3619 3820 3668 καὶ

2229 3722 2423 3793 μισῶν.
2452 3721 2509 3783 ὃς
2540 3721 2631 3772 καὶ
2662 3718 2759 3786 τὴν
2792 3714 3072 3767 εὐσέϐειαν
3105 3710 3459 3775 ὑποσπείρειν
3483 3708 3820 3777 βουλόμενος

2227 3815 2529 3878 πανταχοῦ,
2577 3807 2913 3875 ὁδοιπορίαις
2954 3804 3219 3872 ἐκέχρητο
3266 3801 3487 3869 συχναῖς
3544 3801 3638 3851 καὶ
3702 3818 3821 3868 μα-

2228 3903 2407 3972 κραῖς,
2428 3900 2539 3969 βίον
2571 3898 2668 3969 μὲν
2700 3893 2921 3959 ἐπάξιον
2952 3894 3293 3960 ἀσκούμενος
3322 3891 3414 3943 τοῦ
3443 3889 3821 3958 σεϐάσματος,

2227 3994 2325 4065 τὴν
2365 3993 2420 4046 δέ
2449 4010 2511 4059 γε
2543 3989 2824 4044 πολιτείαν
2861 3985 3180 4057 ἐπικοσμῶν
3206 3985 3280 4055 τῷ
3329 3984 3675 4052 σεϐάσματισ
3712 3986 3823 4054 τὴν

2229 4088 2337 4155 γὰρ
2362 4087 2439 4145 εἰς
2470 4083 2704 4155 Χριστὸν
2740 4083 2923 4134 πίστιν
2948 4081 3048 4133 οὐκ
3080 4078 3374 4145 ἐγκόλπιον
3406 4076 3567 4141 μόνον
3595 4075 3823 4143 φέρειν,

2230 4177 2367 4233 ἀλλά
2422 4178 2516 4230 καὶ
2559 4174 2796 4246 δημοσία
2858 4171 3152 4238 κηρύττειν
3204 4167 3505 4235 ἡγούμενος
3563 4166 3821 4229 εὐσεϐὲς.

2234 4270 2447 4330 πολλοῖς
2470 4271 2567 4337 τῆς
2598 4264 2856 4333 ἀληθείας
2884 4259 3205 4320 διδάσκαλος
3236 4255 3560 4325 ἑγνωρίζετο
3586 4299 3600 4321 ,
3630 4254 3726 4319 οὓς
3754 4258 3823 4326 δὴ

2232 4363 2326 4413 καὶ
2357 4363 2430 4420 ὡς
2463 4360 2515 4412 εί
2543 4374 2627 4420 τις
2678 4355 2946 4426 μαγνῆτις
2994 4348 3145 4405 εἷλκέ
3175 4368 3234 4403 τε
3282 4352 3423 4423 πρὸς
3470 4350 3666 4405 ἑαυτὸν
3723 4351 3827 4407 καὶ

2233 4452 2331 4520 τῆς
2361 4451 2566 4520 πλάνης
2595 4451 2927 4520 ἀπέστρεφε.
2954 4446 3158 4499 Τούτου
3188 4444 3295 4514 γάρ
3326 4445 3422 4512 τῆς
3451 4444 3675 4512 ἡδίστης
3708 4443 3824 4497 τῶν

560 4542 850 4598 verborum
880 4543 1021 4611 capti
1054 4559 1189 4597 sono
1216 4543 1248 4597 ii
1280 4546 1371 4615 qui
1402 4546 1715 4609 audiebant,
1740 4550 1921 4603 statim
1959 4551 2118 4605 dedu-

2234 4545 2410 4612 λόγων
2464 4542 2632 4615 ἠχοῦς
2686 4537 2774 4596 οἷα
2835 4539 3098 4607 Σειρῆνος
3156 4536 3426 4605 ἀψευδοῦς
3461 4536 3710 4601 ἁλόντες,
3771 4538 3821 4589 οἱ

560 4634 827 4688 cebantur
858 4634 925 4690 ad
974 4634 1099 4691 fidei
1155 4638 1511 4707 agnitionem,
1560 4639 1785 4711 pulchra
1852 4642 1901 4696 ei
1955 4641 2132 4699 effecti

561 4726 762 4795 praeda.

633 4815 721 4872 ΙΙΙ.
749 4816 887 4872 Cum
928 4832 1059 4874 vero
1095 4818 1294 4877 multos
1348 4822 1498 4879 vicos
1540 4835 1594 4880 et
1637 4825 1885 4882 civitates
1921 4827 2134 4888 obiens.

561 4908 905 4979 pervenisset
963 4910 1229 4979 Ancyram
1285 4912 1507 4967 Galatia
1552 4914 1827 4969 civitatem
1863 4928 2135 4985 magnam,

561 5009 618 5055 et
646 5000 846 5070 populo
870 5000 1363 5070 frequentissimam
1392 5007 1525 5073 (erat
1571 5018 1750 5061 autem
1803 5007 2027 5061 verbum
2059 5006 2139 5060 di-

568 5092 755 5146 vinum
787 5094 840 5146 in
876 5107 937 5146 ea
974 5094 1254 5162 esplicans
1289 5103 1343 5149 et
1372 5096 1668 5166 dividens),
1707 5107 1760 5152 et
1796 5098 1949 5152 multi
1984 5098 2140 5153 exiis

567 5188 662 5259 qui
700 5198 831 5242 tunc
864 5186 974 5241 illic
1003 5195 1176 5249 erant,
1232 5184 1461 5242 fuissent
1487 5188 1608 5259 ejus
1668 5189 1934 5243 doctrina:
1968 5190 2141 5259 parti-

567 5281 740 5350 cipes,
791 5294 1020 5335 accensa
1053 5288 1136 5335 est
1174 5282 1243 5337 ab
1283 5280 1556 5349 aliquibus
1579 5282 1630 5337 in
1657 5297 1781 5336 eum
1821 5283 2021 5336 invidia
2086 5291 2142 5335 et

569 5368 753 5425 odium
790 5368 1279 5427 inconsideratum.
1316 5370 1418 5438 Qui
1444 5372 1590 5426 enim
1648 5373 1861 5427 divinas
1904 5372 2142 5428 insolen-

573 5474 660 5520 ter
686 5464 1060 5535 despiciebant
1089 5465 1511 5532 admonitiones,
1544 5476 1599 5521 et
1645 5468 1882 5521 aversati
1918 5469 2137 5537 quidem

570 5565 729 5611 erant
759 5558 1065 5617 veritatem.
1127 5566 1383 5627 tanquam
1441 5569 1584 5613 terra
1639 5569 1821 5614 autem
1875 5561 2141 5630 petricosa

570 5662 756 5703 semen
812 5648 962 5703 verbi
986 5663 1094 5703 non
1128 5650 1505 5717 admittebant,
1538 5650 1662 5707 fidei
1719 5668 2023 5722 preconem
2057 5669 2146 5708 ac-

572 5748 770 5795 cusant
802 5740 945 5811 apud
977 5756 1123 5805 eum,
1171 5742 1264 5812 qui
1292 5751 1423 5799 tunc
1471 5752 1585 5798 erat
1632 5761 1837 5816 praeses
1884 5747 2143 5810 civitatis,

575 5832 747 5889 virum
800 5832 1015 5903 quidem
1083 5833 1301 5907 plenum
1364 5835 1660 5908 impietate,
1730 5838 1949 5909 plenum
2020 5839 2145 5895 item

2235 4636 2576 4707 ἀκροώμενοι
2604 4634 2735 4702 πρὸς
2762 4632 2859 4699 τὴν
2888 4631 2984 4699 τῆς
3016 4627 3251 4690 πίστεως
3285 4627 3445 4689 εὐθὺς
3474 4627 3824 4695 ὲζωγροῦντο

2236 4728 2550 4794 ἐπίγνωσιν,
2581 4722 2742 4776 καλὸν
2786 4718 2935 4789 αὐτῷ
2965 4719 3244 4789 γενόμενοι
3273 4717 3516 4789 θήραμα.

2305 4820 2381 4876 1".
2430 4820 2517 4881 Ὠς
2550 4817 2605 4871 δὲ
2650 4814 2850 4878 πολλάς
2884 4818 3076 4883 κώμας
3120 4815 3214 4867 καὶ
3250 4813 3432 4874 πόλεις
3461 4811 3694 4882 περιϊὼν
3723 4814 3823 4865 καὶ

2235 4915 2337 4983 τὴν
2394 4914 2453 4966 ὲν
2517 4911 2765 4980 Ἀγκύρᾳ
2816 4908 2914 4976 τῆς
2976 4906 3247 4967 Γαλατίας
3299 4905 3599 4974 κατείληφε
3659 4907 3820 4959 πόλιν

2246 5008 2388 5063 οὕτω
2432 5004 2677 5075 μεγάλην
2716 5001 2810 5055 καὶ
2849 4997 3281 5067 πολυάνθρωπον
3330 4992 3417 5067 (ἦν
3452 4996 3508 5049 δὲ
3542 4996 3633 5048 τὸν
3678 4997 3824 5050 θεῖον

2239 5101 2395 5167 λόγον
2433 5094 2695 5166 ὑφαπλῶν
2740 5093 2842 5145 κάν
2871 5090 3044 5160 ταύτῃ
3075 5093 3172 5142 καὶ
3205 5087 3497 5157 διαμένων)
3533 5086 3723 5140 πολλοί
3763 5104 3819 5142 τε

2239 5192 2348 5247 τῶν
2392 5192 2567 5243 ἐκεῖσε
2620 5186 2728 5240 τῶν
2774 5184 2940 5238 αὐτοῦ
2973 5181 3333 5236 διδασκαλιῶν
3382 5178 3820 5249 μετειλήφεσαν,

2244 5286 2437 5354 φθόνος
2466 5282 2680 5351 ἀνήφθη
2714 5280 2849 5349 πρός
2878 5295 3046 5331 τινων
3074 5275 3169 5330 καὶ
3204 5274 3357 5343 μίσος
3383 5271 3667 5338 ἀλόγιστον
3699 5272 3825 5325 κατ’

2246 5376 2433 5432 αὑτοῦ.
2458 5377 2519 5428 Ol
2552 5375 2660 5442 γάρ
2691 5369 3072 5440 ἀπειροκάλως
3104 5366 3211 5420 τῶν
3244 5365 3403 5419 θείων
3433 5364 3650 5433 εχοντες
3675 5380 3822 5435 παρ.

2248 5469 2510 5523 αινέσεων
2576 5466 2670 5519 καὶ
2723 5460 3168 5533 ἀπεστραμμένοι
3234 5458 3332 5529 μὲν
3385 5457 3483 5526 τὴν
3536 5455 3820 5523 ἀλήθειαν,

2247 5563 2322 5626 ὡς
2348 5562 2416 5630 γῆ
2444 5562 2497 5614 δὲ
2523 5557 2807 5627 πετρώδης
2835 5556 2925 5608 τὸν
2950 5553 3042 5609 τοῦ
3070 5553 3228 5619 λόγου
3260 5550 3459 5619 σπόρον
3495 5548 3567 5619 μὴ
3597 5548 3821 5617 δεχόμιο

2251 5675 2329 5711 νοι
2350 5698 2365 5721 ,
2397 5649 2804 5708 ἐνδιαϐάλλουσι
2840 5650 2931 5702 τδν
2968 5648 3067 5716 τῆς
3104 5647 3338 5708 πίστεως
3370 5645 3585 5713 κήρυκα
3616 5641 3693 5710 τῷ
3726 5658 3821 5710 τη-

2250 5748 2483 5803 νικαῦτα
2522 5746 2621 5815 τῆς
2666 5743 2873 5804 πόλεως
2911 5736 3335 5807 προστατεύοντι
3362 5780 3375 5799 ,
3414 5734 3571 5805 ἀνδρὶ
3625 5733 3821 5803 πλήρει

2254 5842 2347 5913 μὲν
2383 5839 2634 5901 ἀσεϐείας
2669 5836 2815 5901 δντι,
2852 5832 3045 5904 πλήρει
3086 5831 3139 5885 δὲ
3175 5824 3348 5900 θυμοῦ
3386 5828 3477 5881 καὶ
3510 5826 3815 5897 ὠμότητος.
