3972 6438
554 397 657 460 483

1893 392 2177 456 MENSIS
2217 392 2507 457 IULIUS.

3723 392 3835 455 ιιι

549 509 616 561 ad
644 507 936 578 supplicia.
972 507 1065 563 Est
1095 510 1241 564 enim
1290 506 1426 562 mihi
1462 520 1627 560 unum
1684 504 1858 559 solum
1893 503 2133 558 terribile

2244 505 2329 556 ναί
2362 522 2414 557 τι
2445 504 2553 574 πρὸ
2585 503 2719 557 Θεοῦ
2751 504 2845 557 καὶ
2878 504 2977 575 τῆς
3016 504 3229 557 ὶκεῖθεν
3268 502 3606 575 χωρισθῆναι
3642 521 3831 573 μακα-

548 610 607 653 et:
639 600 1064 665 lortnidamlum,
1099 600 1328 671 nequid
1369 600 1629 653 timeatur
1646 596 1931 667 plusquam
1966 596 2130 660 fletis,

547 693 685 747 etab
705 707 765 745 ea
794 707 913 761 quae
938 692 1046 747 illic
1076 702 1179 755 est,
1215 708 1443 762 separer
1476 686 1835 742 beatitudine.
1876 685 1994 739 Alia
2031 700 2133 739 au-

549 793 657 837 tem
686 784 890 846 omnia,
912 798 1033 853 qua:
1064 800 1187 839 meo
1212 782 1426 853 corpori
1461 779 1731 843 intuleris,
1786 778 2127 846 voluptatem

549 875 679 927 milii
710 872 891 942 potius
954 875 1245 943 reputabo,
1311 888 1473 943 quam
1530 872 1860 934 cruciatum,
1911 879 2133 939 propter

547 980 727 1021 meum
753 968 807 1020 in
840 967 1007 1021 Deum
1035 981 1298 1021 amorem.

620 1081 868 1136 VLTuuc
897 1096 1097 1152 pra'ses
1121 1096 1244 1136 cum
1278 1080 1629 1151 desperasset
1660 1078 1775 1132 fore
1803 1084 1860 1130 ut
1887 1082 2132 1129 mutare-

547 1182 657 1235 tur.
682 1174 832 1244 jubet
865 1178 914 1228 ei
941 1180 1113 1229 totum
1134 1189 1337 1244 corpus
1359 1172 1492 1227 cadi
1516 1170 1698 1226 nervis
1715 1166 2129 1226 crudelissimis.

547 1262 649 1329 Qui
685 1279 808 1317 cum
841 1264 1169 1327 caederetur,
1236 1263 1508 1317 clamabat
1573 1276 1753 1333 praeco
1810 1279 1823 1315 :
1884 1261 2133 1330 Agnosco

548 1355 704 1420 deos,
738 1356 1020 1422 Callinice,
1086 1369 1140 1410 et
1168 1371 1264 1411 eos
1298 1356 1512 1421 invoca,
1557 1365 1618 1409 ut
1672 1366 1724 1409 to
1753 1354 1821 1408 ab
1859 1354 1963 1407 lioc
2019 1360 2132 1404 tor-

548 1456 735 1501 mento
775 1447 1035 1500 eximant.
1083 1446 1175 1501 ille
1204 1456 1386 1508 autem
1431 1457 1536 1500 tam
1562 1448 1757 1501 leniter
1806 1446 1989 1515 plagas
2027 1458 2121 1497 ac-

549 1540 805 1607 cipiebat,
850 1546 908 1591 ut
957 1554 1025 1592 ne
1058 1538 1335 1592 videretur
1386 1538 1603 1608 quidem
1669 1539 1893 1591 omnino
1949 1536 2058 1605 pati
2117 1553 2129 1587 :

551 1640 761 1684 tantum
796 1632 968 1695 abest,
1016 1639 1075 1685 ut
1113 1630 1451 1697 concideret,
1517 1639 1612 1684 aut
1666 1628 2001 1689 flecteretur,
2066 1627 2133 1681 ad

551 1720 721 1773 Deum
755 1721 929 1777 solum
962 1730 1128 1773 totam
1193 1729 1431 1774 mentem
1476 1721 1740 1788 dirigens,
1798 1728 1852 1771 et
1903 1718 1951 1770 ei
2000 1733 2134 1770 con-

550 1821 757 1866 stanter
794 1828 958 1880 agens
991 1813 1213 1882 gratias,
1246 1827 1345 1881 pro
1377 1827 1483 1880 quo
1525 1812 1637 1865 haec
1696 1811 1802 1878 pati
1843 1809 2131 1879 delegerat.

2239 597 2508 667 ριότητος.
2539 596 2619 649 Τὰ
2643 596 2689 650 δ’
2714 596 2849 651 ἄλλα
2886 599 3083 662 πάντα,
3107 596 3207 650 ὅσα
3235 597 3301 651 ἂν
3329 596 3405 665 τῷ
3440 596 3561 666 ἐμῷ
3592 596 3836 661 ἑπάξαις

2238 690 2483 757 σώματι,
2520 689 2683 759 ἡδονή
2716 707 2808 758 μοι
2842 689 3043 759 μᾶλλον
3083 690 3116 760 ἢ
3148 690 3387 757 τιμωρία
3418 688 3508 742 διὰ
3540 688 3632 741 τὸν
3684 690 3834 759 πρὸς

2234 779 2368 832 Θεὸν
2392 780 2702 846 λελόγισται
2730 779 2931 850 ἔρωτα.

2309 1064 2401 1129 ς’.
2424 1061 2556 1116 Τότε
2574 1061 2602 1115 ὀ
2625 1060 2848 1133 ἡγεμὼν
2871 1062 2971 1133 τὴν
2999 1061 3302 1134 μεταϐολὴν
3326 1063 3633 1122 ἀπελπίσας
3656 1057 3835 1133 προσ-

2235 1156 2427 1208 τάσσει
2461 1156 2674 1225 νεύροις
2708 1154 3012 1224 ὼμοτάτοις
3037 1154 3178 1207 κατὰ
3203 1155 3406 1217 παντδς
3435 1154 3529 1207 τού
3569 1157 3839 1221 σώματος

2234 1245 2567 1307 τύπτεσθαι,
2600 1239 2758 1312 ᾧκαὶ
2792 1248 3114 1316 τυπτομένῳ
3140 1246 3341 1299 ἐπεϐόα
3369 1248 3396 1299 ὀ
3433 1245 3633 1315 κήρυξο
3677 1246 3839 1297 Ἐπί-

2238 1339 2426 1404 γνωθι,
2457 1339 2767 1403 Καλλίνικε,
2793 1341 2919 1396 τοὺς
2946 1339 3103 1401 θεοὺς
3134 1340 3227 1390 καὶ
3252 1339 3397 1392 αὐτὰ
3421 1355 3449 1402 ς
3476 1337 3836 1401 ὲτιικάλεσαε,

2235 1431 2384 1492 ὅπως
2416 1447 2474 1483 σε
2498 1430 2700 1499 ταύτης
2732 1432 2829 1499 τῆς
2862 1430 3099 1500 βασάνου
3130 1432 3441 1497 ἐξέλωνται.
3478 1430 3537 1483 '0
3568 1431 3624 1482 δὲ
3652 1430 3841 1491 οὕτως

2238 1522 2485 1591 ἀτρέμας
2516 1523 2727 1591 ἐδέχετο
2755 1529 2855 1585 τὰς
2884 1523 3121 1591 πληγὰς,
3157 1523 3232 1585 ὡς
3266 1524 3401 1593 μηδὶ
3429 1522 3659 1591 πάσχειν
3689 1521 3839 1583 ὅλως

2237 1620 2436 1682 δοκεῖν,
2468 1619 2663 1671 πολλοῦ
2682 1637 2745 1685 γε
2775 1621 2857 1672 δεῖ
2886 1622 3251 1672 καταπίπτειν
3284 1621 3315 1691 ἦ
3349 1617 3837 1689 ὲπικάμπτεσθαι,

2238 1711 2359 1780 Θεῷ
2405 1713 2551 1782 μόνῳ
2582 1713 2677 1783 τὴν
2725 1714 2853 1781 ὅλην
2895 1714 3089 1765 τείνων
3118 1713 3360 1764 διάνοιαν
3391 1715 3484 1765 καὶ⁵
3512 1710 3664 1780 αὐτῷ
3707 1712 3841 1761 ἔπι·

2243 1806 2421 1873 μόνως
2452 1806 2817 1873 εὐχαριστῶν.
2846 1806 2962 1857 ἀνθ’
2986 1799 3047 1858 οὗ
3076 1805 3243 1858 ταῦτα
3274 1802 3468 1855 παθεῖν
3498 1804 3693 1862 εἵλετο.
3734 1803 3840 1855 καί

552 1899 613 1953 Et
644 1915 752 1969 quo
781 1904 951 1970 magis
973 1871 1186 1955 videbat
1227 1871 1429 1969 corpus
1467 1900 1734 1970 Sanguine
1759 1897 2024 1963 difﬂuere,
2066 1914 2131 1953 c0

2244 1897 2347 1966 ὅσῳ
2388 1898 2588 1966 μᾶλλον
2616 1896 2760 1964 ἑώρα
2796 1899 2906 1962 τοῖς
2940 1898 3135 1965 αἵμασι
3170 1898 3230 1950 τὸ
3267 1897 3425 1964 σῶμα
3456 1896 3835 1966 κατάρρυτον,

551 1995 722 2062 magis
752 1994 1127 2047 subsnnnabat
1160 2008 1253 2048 eos
1286 1994 1377 2062 qui
1418 1995 1804 2057 verberabant,
1837 1995 1978 2061 quod
2023 2008 2131 2046 non

549 2082 734 2152 plures
765 2093 819 2136 et
856 2084 1292 2137 vehementiores
1323 2085 1371 2138 ei
1424 2084 1608 2154 plagas
1644 2082 1940 2137 inferrent.
1997 2082 2133 2138 Sunt

562 2191 641 2229 ett:
676 2176 845 2237 enim,
880 2176 1076 2244 inquit,
1136 2175 1295 2246 longe
1351 2175 1593 2229 minores
1634 2185 1688 2231 et
1728 2176 2133 2239 imbecilliores,

550 2283 717 2337 quam
754 2284 855 2340 ego
913 2271 1241 2338 exspectavi,
1271 2279 1326 2323 et
1372 2284 1535 2338 quam
1570 2269 1673 2323 sim
1717 2269 1946 2325 tolerare
1981 2286 2136 2339 para-

550 2369 659 2414 tus.
697 2360 920 2430 Propter
942 2376 1061 2431 quae
1102 2361 1293 2429 majori
1320 2360 1504 2414 furore
1560 2362 1805 2430 percitus
1841 2361 2132 2425 Sacerdos,

544 2453 699 2521 jubet
728 2467 849 2508 eum
887 2454 1119 2522 pendere
1154 2470 1183 2506 a
1213 2454 1382 2524 ligno,
1438 2463 1493 2508 et
1520 2452 1713 2507 ferreis
1774 2452 1966 2506 laniari
2031 2468 2133 2505 un-

548 2545 708 2616 gulis.
742 2545 913 2610 Quem
984 2562 1109 2601 cum
1167 2548 1331 2600 etiam
1373 2546 1865 2603 circumstetissent
1918 2545 2137 2599 lictores

547 2647 791 2709 agrestes
820 2649 875 2692 et
901 2640 1170 2701 crudeles,
1203 2640 1429 2692 scrutati
1464 2650 1591 2693 sunt
1618 2648 1782 2693 totam
1818 2653 2134 2707 compagem

549 2732 816 2798 corporis,
851 2730 983 2783 nulli
1016 2734 1267 2799 corporis
1304 2729 1445 2800 parti
1512 2740 1825 2801 parcentes.
1894 2728 2137 2783 Dixisses

546 2838 671 2876 eum
709 2823 909 2877 habere
964 2832 1212 2880 naturam
1254 2824 1469 2893 lapidis,
1548 2833 1639 2878 aut
1683 2824 1914 2891 aliquam
1977 2824 2134 2877 aliam

547 2925 762 2975 eorum,
805 2926 925 2981 qua:
968 2912 1255 2965 suntdura
1311 2923 1366 2966 et
1425 2913 1808 2983 repugnantia,
1863 2928 1986 2965 cum
2052 2913 2135 2965 vi-

548 3002 724 3057 disses
758 3018 883 3057 eum
910 3003 1051 3057 nulla
1084 3004 1220 3058 allici
1244 3004 1510 3070 molestia,
1539 3019 1640 3058 nec
1674 3005 1781 3057 ullo
1823 3003 1996 3073 frangi
2041 3003 2137 3057 do-

547 3091 683 3147 lore.
713 3092 803 3147 Sic
828 3110 951 3146 eum
984 3097 1209 3147 mutavit
1236 3096 1356 3163 ejus
1414 3110 1566 3148 amor
1632 3094 1686 3147 in
1745 3092 2045 3158 Christum,
2078 3102 2137 3145 ut

546 3186 685 3253 ejus,
718 3202 879 3253 quam
910 3186 1162 3251 habebat,
1193 3186 1611 3240 oblivisceretur
1638 3196 1867 3239 natura).
1898 3183 2131 3239 Tantum

547 3281 693 3330 enim
722 3278 914 3340 abfuit,
947 3286 1005 3331 ut
1050 3292 1263 3331 summo
1303 3288 1576 3331 tormento
1628 3276 2027 3340 succumberet,
2080 3283 2140 3328 ut

549 3383 685 3422 voce
737 3369 906 3422 libera
966 3369 1217 3423 irrideret
1273 3380 1328 3423 et
1399 3369 1773 3423 ludificaretur
1824 3376 2137 3438 tyrannum.

550 3460 667 3525 Qua
698 3460 765 3514 de
796 3476 959 3514 causa
1030 3461 1318 3515 videbatur
1394 3462 1481 3516 hic
1528 3464 1745 3530 quidem
1806 3461 2142 3531 inexpugna-

554 3552 707 3619 bilis,
746 3552 835 3607 ille
865 3565 1050 3607 autem
1084 3554 1289 3623 pudore
1317 3553 1565 3621 allectus,
1598 3562 1653 3606 ct
1716 3553 1830 3607 sola
1892 3553 2127 3620 quadam

551 3642 700 3700 inani
730 3659 788 3698 sc
818 3647 1179 3699 exsultatione
1204 3646 1479 3713 jactitans.

560 3842 564 3847 ’
623 3842 903 3897 \’ll.Cum
962 3850 1145 3898 autem
1209 3841 1435 3898 omnino
1488 3841 1835 3912 desperasset
1885 3839 2136 3904 stolidus,

550 3936 616 3990 ad
668 3937 774 3990 hoc
822 3936 1074 3990 ultimum
1130 3952 1426 3990 conversus
1472 3946 1557 3990 est
1610 3937 1958 4005 supplicium,
1990 3934 2137 4005 quod

551 4028 737 4092 solus,
793 4028 876 4081 vel
936 4044 1060 4081 cum
1121 4028 1415 4081 admodum
1468 4028 1657 4098 paucis
1703 4028 2030 4097 excogitavit
2087 4036 2141 4080 et

553 4119 762 4173 invenit
824 4136 838 4172 :
883 4118 1029 4188 quod
1072 4119 1293 4187 quidem
1338 4129 1456 4173 erat
1499 4120 1710 4189 signum
1742 4119 1861 4186 ejus
1924 4118 2140 4171 furiosa:

550 4219 606 4264 et
636 4211 868 4265 amentis
900 4210 1115 4264 animae.
1152 4210 1285 4264 Nam
1313 4228 1436 4265 eum
1469 4212 1717 4280 crepidas
1766 4211 1933 4265 clavis
1965 4211 2139 4264 acutis

551 4305 884 4366 conlixisset,
912 4304 1069 4373 jubet
1113 4304 1320 4371 alligari
1364 4304 1593 4373 pedibus
1627 4305 1900 4371 martyris,
1933 4311 1985 4358 et
2040 4304 2140 4357 ini-

481 4376 491 4389 ’
552 4405 704 4464 perat
732 4398 797 4449 iis
823 4397 915 4464 qui
942 4412 1065 4450 eum
1126 4397 1490 4458 abducebant,
1564 4397 1867 4461 lictoribus,
1912 4409 1968 4450 ut
2026 4407 2139 4451 tra-

550 4496 672 4542 ctus
713 4490 877 4543 iniret
910 4491 1050 4541 viam
1084 4489 1354 4560 Gaugram
1388 4508 1577 4561 usque.
1616 4492 1686 4546 lit
1730 4501 1913 4544 autem
1964 4491 2135 4558 majo-

550 4592 638 4633 res
676 4591 731 4634 ct
756 4581 997 4634 acriores
1028 4584 1074 4633 ei
1106 4582 1433 4634 all'errcntur
1462 4582 1681 4636 dolores
1752 4596 1815 4634 ex
1885 4580 2133 4648 perfora-

551 4670 697 4723 tione
724 4674 1026 4735 clavorum,
1056 4687 1177 4724 cum
1251 4671 1387 4725 alios
1441 4672 1658 4726 lictores
1696 4672 2016 4724 collocasset
2078 4669 2130 4722 in

550 4761 704 4828 cquis
731 4759 1155 4829 pernicissimis,
1190 4761 1421 4828 cogebat
1456 4770 1583 4815 ante
1614 4777 1709 4815 eos
1740 4775 1961 4814 currere
2017 4760 2134 4811 atii-

553 4851 714 4906 letam
775 4853 943 4905 clavis
1016 4852 1313 4905 confixum.
1383 4854 1621 4909 Omnino
1684 4855 1766 4908 vel
1820 4855 1886 4908 ad
1958 4854 2131 4906 solum

551 4942 925 5010 spectaculum
988 4941 1194 4996 fractus
1267 4955 1419 4998 esset
1496 4948 1675 4999 omnis
1759 4946 1996 5008 animus,
2066 4960 2134 4997 ne

552 5038 756 5102 apertis
797 5036 1018 5101 quidem
1066 5037 1237 5090 oculis
1300 5036 1417 5091 haec
1476 5034 1657 5090 ferens
1701 5036 1965 5105 aspicere.
2026 5036 2133 5090 Sed

555 5141 665 5181 non
697 5126 785 5181 ille
811 5126 1088 5190 immanis,
1126 5138 1182 5182 et
1204 5130 1369 5182 corde
1406 5130 1566 5198 plane
1598 5129 1946 5197 lapideo,aut
1972 5140 2132 5181 natu~

552 5236 610 5273 ra
641 5230 724 5274 est
754 5216 861 5273 ullo
919 5220 1080 5273 modo
1105 5228 1435 5284 commotus,
1470 5231 1563 5274 aut
1592 5223 1835 5275 dolorem
1863 5223 2135 5289 reputavit

555 5310 977 5380 insuperabilctn
1023 5328 1036 5363 ι
1102 5312 1197 5363 Sed
1232 5324 1485 5381 tanquam
1523 5313 1589 5366 iis
1619 5328 1739 5381 qua:
1785 5317 2132 5383 gerebantur,

554 5408 845 5469 insultans,
913 5405 1239 5477 prmsidebat
1313 5410 1604 5477 superbus,
1684 5409 1902 5478 impiam
1980 5424 2133 5463 suam

555 5502 790 5555 animam
857 5501 1088 5567 impletis
1146 5500 1342 5554 talibus
1408 5502 1753 5569 spectaculis.
1815 5500 1919 5568 Qui
1972 5504 2133 5557 etiam

547 5594 713 5661 jussit
756 5592 1068 5659 lictoribus,
1105 5603 1164 5648 ut
1215 5592 1380 5649 simul
1420 5603 1584 5661 atque
1619 5596 1819 5649 dictam
1856 5596 2134 5650 ascendis-

553 5697 676 5739 sent
706 5685 1011 5749 civitatem,
1048 5686 1589 5740 vehementissimam
1632 5684 1907 5754 fornacem
1940 5703 2136 5742 accen-

551 5778 762 5841 derent,
806 5788 860 5830 et
898 5788 1147 5832 sanctum
1180 5778 1230 5831 in
1275 5793 1391 5832 eam
1462 5779 1786 5848 injicerent:
1857 5790 1916 5835 ut
1970 5783 2131 5835 etiam

552 5868 643 5939 qui
673 5868 777 5923 illic
809 5879 956 5938 sunt,
994 5872 1190 5938 aiebat,
1242 5872 1487 5927 viderent
1536 5874 1655 5944 ejus
1712 5873 2131 5928 inobedicntiam

2237 1991 2477 2057 τοσούτῳ
2510 1991 2631 2051 τοὺς
2663 1988 2959 2052 τύπτοντας
2983 1989 3370 2057 ὲμυκτήριζεν,
3392 1988 3470 2041 δτι
3500 1985 3575 2055 μὴ
3602 1985 3836 2049 πλείους

2238 2080 2387 2148 αὐτῷ
2445 2082 2538 2133 καὶ
2597 2082 2962 2152 σφοδροτέρας
3037 2080 3137 2143 τὰς
3190 2079 3404 2147 πληγὰς
3452 2078 3833 2146 ἐπιφέροιντο.

2251 2171 2535 2235 Ἐλάττους
2570 2173 2677 2242 γὰρ
2698 2174 3054 2242 cannensi,
3084 2176 3176 2225 καὶ
3215 2172 3464 2241 ἀδρανεῖς
3505 2170 3645 2223 κατὰ
3689 2168 3835 2221 πολῦ

2237 2258 2313 2319 ὧν
2348 2266 2727 2335 προσεδόκησα
2753 2271 2845 2319 καὶ
2877 2266 3013 2331 πρὸς
3043 2266 3077 2317 ἆ
3110 2260 3598 2335 παρεσκεύασμαι.
3639 2259 3763 2328 Ἐφ’
3789 2255 3839 2324 ᾧ

2239 2358 2334 2410 καὶ
2359 2357 2521 2408 πλέον
2567 2359 2593 2408 6
2625 2356 2910 2425 Σακερδὼς
2956 2358 3240 2424 ἐκμανεὶς,
3271 2352 3608 2422 ἀναρτᾶσθαι
3658 2349 3838 2404 αὐτὸν

2241 2449 2333 2501 ἐπὶ
2369 2448 2529 2513 ξύλου
2560 2448 2769 2500 κελεύει
2810 2448 2899 2500 καὶ
2931 2447 3171 2516 σιδηροῖς
3204 2448 3315 2507 τοῖς
3344 2444 3489 2509 δνιυξι
3520 2442 3834 2510 ξαίνεσθαι,

2238 2543 2296 2595 ὃν
2324 2542 2414 2594 καὶ
2450 2544 2634 2612 δήμιοι
2664 2544 3020 2612 περιστάντες
3054 2542 3233 2610 ἄγριοι
3267 2539 3358 2591 καὶ
3398 2539 3544 2608 ὠμοὶ
3568 2537 3667 2606 τὴν
3697 2537 3838 2605 ὃλην

2242 2635 2507 2705 ἁρμονίαν
2529 2634 2624 2687 τοῦ
2650 2634 2898 2703 σώματος
2922 2634 3306 2705 διηρεὺνησαν,
3336 2632 3560 2702 μηδενὸς
3590 2630 3703 2682 τῶν
3728 2630 3838 2697 τῆς

2242 2728 2445 2796 σαρκὸς
2499 2726 2701 2796 μορίων
2748 2728 3086 2796 φεισάμενοι.
3132 2721 3299 2788 Εἶπες
3351 2726 3415 2778 ἂν
3458 2724 3625 2776 αὑτὸν
3671 2722 3835 2774 λίθον

2242 2816 2405 2884 φύσιν
2453 2815 2487 2885 ἦ
2538 2833 2657 2869 τινα
2704 2816 2870 2885 ἄλλην
2912 2817 3057 2883 ἔχειν
3103 2816 3210 2869 τῶν
3264 2815 3576 2868 ἀντιτύπων
3620 2831 3680 2866 τε
3735 2816 3839 2866 καὶ

2243 2910 2486 2979 στεῤῥῶν
2508 2908 2567 2961 τὸ
2598 2910 2901 2977 ἀνάλγητον
2928 2908 3093 2961 αὑτοῦ
3136 2909 3465 2977 τεθεαμένος
3494 2907 3588 2958 καὶ
3620 2910 3838 2975 ἁτέρα-

2247 3018 2403 3072 μνον,
2438 3000 2612 3061 οὕτως
2643 3001 2804 3053 αὑτὸν
2832 3002 2860 3052 6
2892 3000 3026 3069 πρὸς
3068 3000 3303 3069 Χριστὶν
3331 2999 3470 3069 ἔρως
3502 2997 3835 3067 ὴλλοίωσεν.

2240 3092 2315 3155 ὡς
2345 3093 2438 3146 καὶ
2464 3092 2633 3162 αὐτῆς
2662 3092 3013 3144 ἐπιλαθέσθαι
3043 3088 3109 3162 ἦς
3137 3093 3319 3161 εἴληχε
3353 3092 3590 3160 φύσεως.
3623 3088 3841 3145 Τοσοῦ-

2164 3210 2209 3268 c
2240 3203 2333 3239 τον
2364 3187 2472 3255 γὰρ
2496 3187 2688 3254 ἀπεῖχε
2716 3185 2781 3254 τῇ
2814 3185 3231 3258 ὑπερϐαλλούσῃ
3255 3186 3427 3255 ταύτῃ
3452 3185 3842 3239 ὑποκατακλί-

2244 3278 2425 3331 νεσθαι
2458 3276 2695 3347 βασάνῳ,
2731 3277 2806 3339 ὡς
2832 3280 2925 3330 καὶ
2960 3278 3499 3349 πεπαῤῥησιασμένῃ
3537 3277 3636 3345 ἥδη
3670 3281 3837 3347 φωνῇ

2240 3369 2602 3431 ἐπιτωθάζειν
2632 3371 2720 3422 τὸν
2747 3369 3005 3438 τύραννον
3020 3370 3115 3421 καὶ
3140 3367 3587 3437 αὑτῴἑπιγελᾷψ
3638 3367 3725 3437 ἐφ’
3756 3363 3841 3421 ὢν

2240 3456 2395 3523 οὗτος
2428 3463 2525 3529 μὲν
2550 3462 2733 3531 ὡρὶτο
2753 3449 3217 3528 ἀκαταγώνιστοςς
3244 3461 3449 3525 ἐκεῖνος
3472 3459 3516 3511 δ’
3539 3462 3843 3532 ᾐσχυμμέ-

2242 3567 2330 3613 νος
2357 3550 2453 3604 xui.
2487 3552 2632 3622 μόνῳ
2660 3550 2738 3621 τῷ
2766 3550 2997 3621 διακένῳ
3030 3552 3355 3622 φρυάγματι
3400 3550 3837 3622 βρενθυόμενος.

2314 3844 2381 3901 Ζ’.
2434 3846 2520 3907 Ὧς
2549 3842 2605 3897 δὲ
2632 3844 2741 3906 τοῖς
2770 3839 2911 3903 ὅλοις
2928 3838 3236 3908 ἀπεγνώκει
3269 3841 3297 3894 6
3329 3839 3584 3910 μάταιος,
3618 3838 3714 3893 ἐπὶ
3735 3840 3842 3914 τὴν

2240 3940 2476 4009 ἐσχάτην
2512 3936 2716 4004 ταύτην
2750 3933 3023 4002 τιμωρίαν
3052 3932 3355 4002 ἐτράπετο,
3396 3933 3428 4003 ἢ
3461 3933 3626 4001 μόνος
3663 3933 3695 4001 ἢ
3740 3952 3839 3987 κο-

2245 4034 2370 4103 μιδῇ
2395 4035 2491 4083 σὺν
2510 4029 2713 4096 ὀλίγοις
2740 4032 2831 4080 καὶ
2864 4028 3181 4095 διενοήσατο
3203 4026 3299 4078 καὶ
3324 4025 3513 4095 ἐξεῦρε
3557 4025 3842 4093 σύμϐολον

2240 4123 2409 4177 οὖσαν
2448 4122 2547 4188 τῆς
2585 4122 2902 4191 ἐμπλήκτου
2957 4119 3123 4172 αὑτοῦ
3152 4120 3245 4171 καὶ
3275 4121 3596 4189 παραφόρον
3621 4121 3834 4192 ψυχῆς.

2244 4217 2531 4287 Κρηπῖδας
2559 4217 2667 4284 γὰρ
2703 4215 2852 4283 ἥλοις
2891 4212 3036 4277 ὀξέσι
3060 4213 3425 4281 διαπερνήσας
3464 4213 3838 4284 amentiam

2242 4312 2574 4379 προστάσσει
2614 4308 2703 4359 τὸν
2744 4309 2993 4375 μάρτυρα
3034 4307 3127 4357 καὶ
3162 4305 3352 4358 τοῦτον
3391 4307 3693 4374 συρόμενον
3735 4310 3840 4376 τὴν

2246 4407 2405 4476 μέχρι
2449 4400 2713 4472 Γαγγρῶν
2750 4400 2990 4469 βαδίζειν
3028 4398 3144 4453 ὁδὸν
3184 4400 3293 4460 τοῖς
3332 4400 3631 4461 ἐπάγουσιν
3665 4402 3838 4455 αὑτὸν

2241 4497 2454 4568 δημίοις
2486 4492 2874 4565 παρήγγειλεν.
2896 4492 3004 4553 ’Ὦς
3040 4489 3104 4544 ἂν
3129 4491 3183 4544 δὲ
3213 4492 3437 4561 μείζους
3465 4493 3615 4559 αὑτῷ
3643 4493 3838 4546 ὀδύναι

2242 4591 2333 4641 καὶ
2368 4585 2696 4656 δριμύτεραι
2725 4587 2785 4635 ὲκ
2815 4585 2921 4635 τῶν
2944 4584 3039 4649 τῆς
3065 4583 3209 4650 ἥλων
3233 4583 3442 4647 γένοιτο
3463 4580 3834 4651 διατρήσεως,

2244 4680 2461 4747 ἑτέρους
2505 4677 2733 4743 δημίους
2780 4675 2968 4735 ἵπποις
3007 4671 3336 4734 ἐπιϐιϐάσας
3379 4671 3686 4738 ὠκυτάτοις
3736 4678 3838 4729 καὶ

2241 4773 2504 4840 ταχινοῖς.
2543 4768 2686 4819 θέειν
2714 4764 3025 4835 ἔμπροσθεν
3057 4764 3237 4817 αὐτῶν
3267 4766 3358 4817 τὸν
3388 4767 3499 4828 τοῖς
3528 4766 3683 4833 ἥλοις
3715 4768 3839 4820 διαό

2244 4861 2598 4928 πεπαρμένον
2623 4857 2861 4926 ἀθλητὴν
2886 4857 3296 4924 κατηνάγκαζε.
3323 4856 3544 4918 Πάντως
3567 4859 3659 4908 καὶ
3692 4858 3837 4926 πρὸς

2247 4956 2415 5024 μόνην
2450 4951 2549 5020 τὴν
2582 4951 2711 5004 θέαν
2744 4948 2982 5015 ἐκλάσθη
3017 4949 3081 4999 ἂν
3123 4939 3284 4999 πᾶσα
3308 4947 3455 5015 ψυχὴ
3497 4947 3617 5016 μηδ’
3651 4949 3836 5019 ἀνεῳ-

2243 5046 2397 5113 γόσιν
2419 5043 2723 5113 ὀφθαλμοῖς
2749 5039 2975 5092 τοιαῦτα
3004 5037 3250 5105 φέρουσα
3276 5036 3519 5108 καθορᾷν
3544 5056 3557 5069 ·
3582 5037 3701 5091 ἀλλ’
3729 5041 3834 5110 οὐχ

2241 5140 2269 5189 6
2298 5135 2637 5212 λιθοκάρδιος
2670 5132 2761 5183 καὶ
2787 5129 3004 5200 ἀπηνὴς
3037 5129 3070 5198 ἦ
3103 5146 3156 5182 τι
3188 5129 3324 5197 πρὸς
3356 5128 3455 5198 τὴν
3490 5128 3655 5194 φύσιν
3686 5128 3835 5181 ἐπα-

2244 5229 2380 5298 θενῆ
2408 5229 2466 5279 τὸ
2488 5230 2584 5296 τῆς
2610 5224 2800 5291 ὀδύνης
2819 5222 3098 5290 ἐλογίσατο
3119 5220 3547 5289 ἀνυπέρϐλητον,
3573 5218 3695 5271 ἀλλ’
3717 5220 3834 5275 tim-

2243 5324 2360 5375 ανεί
2392 5322 2503 5381 τοῖς
2544 5317 2843 5388 δρωμένοις
2877 5311 3254 5380 ἐπεντρυφῶν,
3292 5310 3638 5382 προυκάθητο
3666 5314 3834 5365 σοϐα-

2246 5417 2361 5488 pag,
2402 5416 2503 5485 τὴν
2540 5409 2894 5480 ἁνοσιουργὸν
2925 5406 3091 5459 αὑτοῦ
3113 5406 3292 5475 ψυχὴν
3324 5403 3583 5457 τοιούτων
3617 5403 3834 5476 θεαμά-

2242 5526 2349 5560 των
2389 5522 2515 5560 κατε
2529 5502 2786 5573 μπιπλών
2818 5518 2831 5531 ·
2860 5501 2915 5560 ὃς
2955 5515 3019 5565 γε
3048 5498 3284 5560 καὶτοῖς
3321 5498 3537 5568 δημίοις
3580 5514 3831 5568 παρεκε-

2243 5597 2473 5649 λεύσατο
2516 5598 2634 5664 ἆμα
2676 5592 2753 5661 τῷ
2799 5590 3053 5659 ἐπιϐῆναι
3103 5589 3201 5659 τῆς
3247 5589 3546 5659 ειρτῑμένης
3592 5589 3827 5650 πόλεως’

2244 5688 2475 5756 κάμινον
2508 5682 2878 5753 σφοδροτάτην
2910 5679 3177 5733 δκκαῦσαι
3215 5682 3309 5732 καὶ
3343 5676 3514 5747 ταύτῃ
3543 5678 3636 5727 τὸν
3669 5680 3831 5741 ἅγιον

2244 5778 2521 5849 ἐμϐαλεῖν,
2553 5775 2627 5837 ὡς
2660 5773 2725 5827 ἂν
2754 5772 2847 5825 καὶ
2876 5774 2924 5824 ol
2956 5775 3089 5836 ἐκεῖ,
3120 5771 3277 5841 φησὶ,
3309 5770 3367 5822 τὸ
3399 5768 3623 5829 ἀπειθὲς
3658 5767 3828 5820 αὑτοῦ

2245 5872 2526 5926 θιάσοιντο
2564 5866 2660 5918 καὶ
2683 5864 3051 5934 ἁπόσκληρον,
3084 5864 3204 5915 ἐπεὶ
3238 5863 3341 5916 κάν
3368 5862 3538 5928 ταύτῃ
3566 5862 3634 5926 τῇ
3670 5860 3829 5915 πόλει
