3972 6462
549 389 656 451 48Ὶ

1863 383 2152 444 MENSIS
2193 383 2484 446 IULIUS.

3712 379 3834 443 488

554 501 923 570 suppeditarit
961 514 1115 554 suam
1137 495 1577 553 misericordiam
1601 495 1624 548 τ
1652 494 1754 561 Qui
1791 511 1913 551 cum
1945 497 2131 558 etiam,

2269 499 2504 558 ;ονικοῖ;,
2549 495 2636 548 τὸν
2672 495 2837 548 αὑτοῦ
2888 495 3354 564 ἐπεδαψιλεύσατο
3398 494 3587 557 tito-1;
3625 492 3689 545 Οἳ
3730 494 3836 545 καὶ

556 601 615 645 ut
644 592 902 656 diximus,
931 590 1149 646 abunde
1209 590 1480 644 bibissent
1533 604 1598 643 ex
1659 588 1749 642 illa
1817 603 1955 657 aqua
2015 604 2134 656 qua:

555 681 860 742 allluxerat.
895 692 946 735 et
967 696 1096 735 suos
1119 692 1463 735 recreassent
1490 689 1543 732 et
1571 681 1877 734 erexisscnt
1903 682 2134 742 animos,

559 783 920 844 perrexerunt
992 774 1096 828 iter
1185 773 1384 835 facere,
1443 783 1706 842 sequente
1757 787 1855 826 eos
1923 788 2138 841 quoque

560 876 813 935 martyre.
850 863 1004 930 Quod
1039 881 1162 918 cum
1197 866 1322 918 totis
1357 865 1702 934 septuaginta
1760 865 1949 918 stadiis
2009 881 2138 917 eon-

563 959 842 1017 l'ecissent.
872 957 1141 1028 Gangram
1178 967 1570 1028 pervenerunt,
1609 959 1748 1011 sicut
1783 956 1865 1011 eis
1906 958 2139 1025 impera-

563 1062 674 1104 tutn
709 1052 882 1104 fuerat

634 1141 700 1195 Χ.
756 1142 1028 1196 (la-terum
1057 1144 1279 1196 lictores
1320 1157 1426 1195 non
1456 1143 1708 1196 labentes
1736 1141 1956 1211 quidem
2019 1141 2142 1206 (ba-

489 1279 494 1284 .
563 1232 767 1288 bebant
808 1234 952 1286 enim
1020 1242 1147 1287 ante
1201 1234 1388 1288 oculos
1455 1245 1708 1303 martyris
1767 1231 2140 1302 beneﬁcium).

562 1326 658 1378 sed
703 1324 828 1379 victi
874 1335 1021 1378 metu
1073 1341 1286 1390 eorum,
1333 1327 1424 1395 qui
1452 1326 1769 1378 obtinebant
1806 1324 2144 1378 dominatum

565 1419 865 1485 (habebant
895 1421 1042 1472 enim
1064 1422 1275 1472 animos
1305 1419 1495 1471 molles
1537 1427 1590 1471 et
1616 1417 1877 1471 ﬂexibiles
1905 1427 1962 1470 et
1994 1417 2148 1470 bian-

567 1520 649 1565 tes
676 1511 742 1564 ad
775 1528 835 1564 ea
873 1513 986 1566 sola
1021 1527 1141 1580 qua:
1175 1510 1547 1580 videbantur),
1597 1511 1930 1565 festinarunt
1972 1509 2150 1563 facete

567 1604 644 1666 id.
682 1605 826 1673 quod
855 1605 993 1672 jussi
1030 1604 1270 1668 fuerant,
1312 1619 1408 1657 eos
1444 1605 1677 1657 maxime
1712 1603 1976 1656 incitante
2009 1617 2150 1655 mar-

569 1706 683 1767 tyre
713 1707 770 1750 ut
796 1699 972 1750 abiret
998 1698 1228 1750 celerius
1260 1695 1324 1748 ad
1352 1712 1474 1750 eum
1505 1711 1664 1764 quem
1695 1696 1973 1764 cupiebat.
2007 1693 2153 1760 Quo-

567 1790 712 1841 circa
763 1803 886 1840 cum
949 1791 1227 1842 lornacem
1290 1788 1724 1849 succcndisseut,
1782 1795 1839 1840 et
1903 1797 2149 1841 sanetum

2239 585 2484 651 ἀφθόνως
2516 588 2576 638 ἐκ
2609 587 2698 638 τοῦ
2732 586 3212 658 καταρρεύσαντος
3253 585 3465 637 ἐκείνου
3503 585 3698 647 ὕδατος
3733 603 3839 637 τεε-

2242 679 2504 737 ττωκότες.
2541 679 2611 739 ὡς
2651 681 2882 746 ἔφαμεν,
2918 681 3012 731 καὶ
3045 682 3140 741 τὰς
3174 679 3381 730 ἑαυτῶν
3411 678 3588 746 ψυχὰς
3615 677 3842 734 ἀναζω-

2243 771 2589 838 πυρήσαντες
2610 811 2624 836 ,
2652 773 2858 840 εἴχοντο
2890 771 2989 838 τῆς
3020 770 3163 832 ὀδοῦ,
3207 769 3479 836 ἑπομένου
3518 768 3702 827 αὐτοῖς
3733 767 3841 816 καὶ

2241 861 2334 917 τοῦ
2387 863 2688 931 μάρτυρος,
2735 865 2799 932 ἣν
2841 865 2933 914 καὶ
2975 863 3347 929 ἑϐδομήκοντα
3396 861 3540 919 ὅλοις
3588 857 3841 916 σταδίοις

2245 956 2697 1024 συμπεράναντες
2739 957 2836 1023 τὴν
2880 955 3135 1023 Γάγγραν
3166 954 3264 1022 ἥδη
3311 950 3630 1012 κατέλαϐον,
3686 949 3840 999 καθὰ

2244 1046 2450 1108 τούτοις
2483 1047 2839 1115 προσέτακτο.

2321 1141 2375 1194 l'.
2424 1141 2564 1192 Ἀλλ’
2599 1141 2646 1192 οἱ
2696 1143 2881 1208 δήμιοι
2929 1138 3321 1203 εὺὶαὸοὐμενοι
3359 1132 3529 1204 (εἶχον
3571 1134 3685 1200 γὰρ
3728 1131 3840 1200 ἤδη

2247 1235 2354 1303 πρὸ
2383 1228 2648 1302 ὀμμάτων
2666 1233 2763 1302 τὴν
2781 1232 3100 1300 εὐεργεσίαν
3120 1229 3212 1280 τοῦ
3241 1228 3560 1296 μάρτυρος),
3581 1226 3756 1292 ιρόθὶου
3783 1222 3844 1274 δὲ

2247 1327 2396 1392 ὅμως
2436 1325 2530 1376 τοῦ
2568 1327 2720 1395 παρὰ
2766 1324 2873 1375 τῶν
2921 1321 3265 1392 κρατούντων
3305 1320 3598 1389 ἡττώμενοι
3634 1315 3846 1380 (ἄλλως

2249 1435 2305 1470 τε
2335 1420 2427 1470 καὶ
2457 1418 2634 1487 ψυχας
2664 1420 2876 1485 ἔχοντες
2898 1414 3260 1474 ὲκλύτουςκαὶ
3293 1409 3540 1478 μαλακὰς
3572 1409 3668 1458 καὶ
3698 1406 3848 1473 "Pa;

2255 1517 2390 1582 μόνα
2429 1513 2726 1582 κεχηνυὶας
2753 1510 2819 1558 τα
2849 1505 3123 1578 ὁρώμενα)
3159 1505 3248 1555 τὸν
3282 1500 3575 1553 κελενσοὲν
3604 1498 3738 1564 me},
3753 1513 3847 1548 σαι

2252 1608 2568 1675 ὴττείγοντο,
2602 1604 2838 1668 μάλιστα
2872 1600 2965 1650 καὶ
2993 1597 3084 1648 τοῦ
3119 1599 3396 1663 μαρτυρο,
3430 1591 3850 1660 παρορμῶντος

2255 1700 2451 1759 αὐτοὺς
2501 1696 2576 1758 ὡς
2622 1695 2687 1747 ἂν
2731 1693 2925 1745 ϐᾶττον
2968 1691 3104 1757 ἀττιῃ
3155 1687 3290 1753 πρὶς
3334 1685 3423 1736 τὸν
3477 1683 3849 1749 ποθούμενον.

2259 1793 2421 1844 Ὅθεν
2477 1791 2569 1842 καὶ
2632 1787 2865 1855 κάμινον
2916 1780 3299 1848 ὑπανάψαντες
3341 1777 3432 1828 καὶ
3474 1775 3704 1843 πλησίον
3757 1774 3853 1822 τὸν

569 1893 737 1946 prope
768 1881 1111 1944 statuissent,
1160 1882 1266 1947 iam
1330 1879 1602 1932 lxtantcnt
1659 1890 1715 1933 et
1777 1879 2150 1934 exsultantem

2269 1890 2412 1956 ἱγιον
2447 1885 2907 1955 περιστήσαντες,
2942 1882 3204 1948 χαίροντα
3237 1875 3335 1943 ἤδη
3364 1872 3460 1924 καὶ
3495 1868 3857 1935 afaf/trbus-

573 1973 631 2024 iu
655 1988 774 2024 eam
809 1973 1137 2039 iniecerunt.
1175 1971 1278 2036 Qui
1331 1986 1455 2024 cum
1493 1971 1657 2025 etiam
1707 1971 1914 2024 ultimis
1975 1970 2155 2023 verbis

570 2064 742 2116 Deum
787 2064 1089 2126 laudaSSet,
1117 2075 1168 2116 et
1208 2067 1260 2116 in
1307 2064 1631 2116 certaminis
1677 2063 2155 2117 consummatione

571 2154 774 2221 egisset
805 2152 1030 2221 giatias,
1057 2154 1110 2205 in
1145 2167 1340 2206 manus
1370 2151 1582 2206 Domini
1615 2152 1836 2206 tradidit
1878 2153 2153 2221 Spiritum,

570 2249 624 2292 et
653 2239 719 2293 ad
750 2255 868 2293 eam
896 2256 1014 2309 qua:
1047 2243 1153 2294 illic
1185 2253 1289 2302 est,
1325 2243 1539 2296 transiit
1567 2243 1984 2305 beatitudinem,
2012 2243 2157 2296 vice—

572 2331 714 2384 simo
747 2347 894 2384 nono
928 2333 1135 2385 mensis
1181 2332 1333 2385 Julii.
1394 2333 1502 2386 Sed
1536 2343 1591 2386 tu
1625 2335 1869 2403 quidem,
1892 2350 1925 2387 o
1979 2337 2154 2398 beate,

575 2430 874 2491 martyrum
910 2421 1078 2474 decus
1103 2433 1158 2476 et
1188 2432 1593 2485 ornamentum,
1636 2424 1716 2477 sic
1757 2439 1787 2477 e
1822 2425 1931 2478 vita
1976 2440 2157 2494 egres-

573 2527 690 2572 sus,
715 2521 770 2563 et
806 2512 1151 2579 praemiorum
1174 2511 1522 2581 stigmatibus
1559 2515 1868 2577 decoratus,
1891 2529 2036 2567 nunc
2057 2529 2157 2581 pu-

577 2617 668 2654 rus
698 2605 853 2656 sedes
886 2619 1010 2655 cum
1035 2603 1251 2658 Christo
1279 2618 1482 2673 sponso
1516 2607 1809 2676 purissimo
1836 2645 1849 2670 ,
1881 2607 1934 2659 in
1969 2606 2071 2660 hoc
2109 2616 2160 2659 te

574 2696 856 2750 oblectans
880 2705 932 2750 et
950 2697 1297 2761 exibilarans,
1321 2712 1374 2750 et
1392 2715 1590 2752 corona
1614 2699 1800 2770 gloriae
1826 2700 1892 2754 ab
1911 2715 1976 2753 eo
2001 2714 2161 2753 coro-

578 2798 766 2840 natus.
802 2788 1075 2842 Memento
1105 2802 1286 2842 autem
1324 2794 1727 2861 nostriquoque
1758 2791 2039 2861 deinceps,
2062 2792 2154 2860 qui

581 2890 634 2932 te
660 2881 916 2941 colimus.
935 2889 990 2934 et
1013 2882 1113 2936 boc
1135 2897 1352 2936 sacrum
1376 2887 1527 2937 tuum
1561 2885 1757 2936 lestum
1783 2886 2120 2938 celebramus
2148 2903 2159 2938 :

578 2981 638 3027 et
667 2974 732 3028 da
761 2975 950 3038 nobis,
982 2985 1039 3029 ut
1079 2978 1424 3045 aequabiliter
1463 2991 1518 3031 et
1547 2978 1668 3031 sine
1703 2979 1809 3030 ulla
1853 2979 2163 3032 olIensione

579 3065 944 3133 trausigamus
972 3069 1096 3120 vitae
1133 3070 1486 3136 asperitatem
1531 3087 1543 3121 :
1582 3080 1639 3122 ut
1669 3084 1791 3122 cum
1828 3085 1933 3122 non
1986 3071 2161 3123 obruti

2258 1998 2370 2041 νον,
2401 1978 2574 2047 ταύτῃ
2599 1975 2904 2036 ἐνέϐαλλον,
2931 1973 2985 2031 ὃς
3015 1972 3105 2022 καὶ
3151 1970 3356 2040 ῥήμασι
3392 1962 3731 2021 τελευταίοις
3762 1959 3857 2009 τὸν

2257 2073 2394 2126 Θεὸν
2425 2073 2695 2140 ὑμνήσας,
2729 2067 2824 2120 καὶ
2855 2065 3002 2133 αὑτῷ
3029 2065 3120 2115 ἐπὶ
3167 2065 3230 2129 τῇ
3264 2059 3354 2111 τοῦ
3381 2057 3589 2122 ἀγῶνος
3621 2053 3857 2106 τελειώ-

2261 2183 2342 2218 σει
2367 2163 2771 2232 εὐχαριστήσας
2799 2161 2916 2218 ταῖς
2943 2156 3036 2207 τοῦ
3065 2154 3331 2206 Asan/nou
3352 2151 3509 2219 χερσὶ
3536 2150 3595 2200 τὸ
3627 2148 3858 2213 πνεῦμα

2262 2256 2546 2325 παρέδωκε
2575 2254 2672 2304 καὶ¹
2703 2253 2839 2321 πρὸς
2869 2250 2966 2316 τὴν
2997 2247 3206 2298 ἐκεῖθεν
3231 2244 3413 2310 ἀπέϐη
3440 2242 3856 2310 μακαριότητα,

2263 2347 2454 2398 εἰκάδα
2487 2345 2684 2412 ἐνάτην
2714 2340 2808 2392 τοῦ
2831 2338 3048 2391 Ἰουλίου
3080 2339 3326 2402 ἄγοντες.
3365 2335 3523 2385 Ἀλλὰ
3555 2337 3619 2384 σὺ
3657 2336 3783 2399 μὲν,
3816 2325 3859 2381 ὦ

2267 2434 2562 2506 μαρτύρων
2610 2432 2936 2500 ἐντρύφημα
2983 2429 3077 2479 καὶ
3121 2426 3509 2492 καλλώττισμα,
3559 2422 3708 2474 οὕτω
3761 2440 3860 2474 και

2269 2531 2418 2601 βιοὺς
2463 2530 2555 2582 καὶ
2595 2526 2868 2596 μεταστὰς
2915 2523 3008 2574 καὶ
3059 2523 3168 2581 τοῖς
3199 2519 3466 2587 στίγμασι
3515 2517 3622 2568 τῶν
3669 2513 3860 2567 ἅθὶων

2263 2621 2582 2691 ὠραῖσοεὶς,
2635 2620 2729 2670 νῦν
2780 2615 3020 2685 καθαρὸς
3079 2614 3157 2676 τῷ
3203 2610 3580 2680 καθαρωτάτῳ
3630 2608 3862 2675 νυμφίῳ

2266 2713 2605 2780 παρίστασαι
2655 2707 2898 2776 Χριστῷ,
2948 2705 3266 2771 ὲνηδὸμενος
3315 2704 3491 2770 τούτῳ
3538 2704 3631 2750 καὶ
3684 2702 3860 2750 ἑπευ-

2269 2803 2629 2872 φραινόμενος
2665 2801 2758 2846 καὶ
2797 2796 2874 2864 τῷ
2905 2798 3000 2861 τῆς
3035 2792 3193 2858 δίξης
3234 2795 3484 2859 στεφάνῳ
3522 2788 3652 2858 παρ’
3684 2787 3860 2844 αὺεοῦ

2269 2893 2670 2959 ταινιούμενος,
2717 2888 2967 2955 μέμνησο
3004 2886 3058 2936 δὲ
3095 2888 3189 2934 καὶ
3226 2883 3382 2952 ἡμῶν
3417 2882 3600 2932 λοιπὸν
3630 2881 3744 2931 τῶν
3783 2897 3866 2930 τι-

2273 2985 2498 3058 μώντων
2546 3001 2602 3036 σε
2640 2986 2732 3033 καὶ
2773 2985 2871 3047 τὴν
2919 2980 3070 3049 ἱεράν
3104 2995 3197 3029 σου
3237 2977 3442 3046 ταύτην
3483 2976 3864 3045 ἑορταξόιτων

2273 3084 2602 3145 πανήγυριν,
2633 3076 2725 3124 καὶ
2756 3073 2898 3124 δίδον
2931 3074 3062 3140 ἡμῖν
3104 3071 3323 3138 ὁμαλῶς
3362 3072 3452 3121 καὶ
3483 3071 3865 3138 ἀπροσκόπω;

579 3158 987 3213 enataVerimus
1033 3175 1099 3214 ex
1130 3161 1232 3215 hoc
1265 3165 1399 3215 mari
1436 3166 1821 3224 tentationum,
1856 3165 1910 3214 in
1946 3174 2160 3230 portum

2274 3172 2373 3236 τὴν
2421 3167 2512 3218 τοῦ
2549 3167 2665 3231 βίον
2713 3163 2960 3215 διανῦσαι
2993 3163 3333 3231 τραχύτητα,
3364 3161 3438 3220 ὡς
3482 3161 3543 3210 ἂν
3593 3162 3864 3212 ἄκλυστοι

579 3251 780 3319 quietis
832 3252 1193 3320 appellamus,
1238 3255 1414 3320 ipsum
1455 3255 1720 3306 habentes
1752 3255 2166 3322 gubernatorem

583 3341 693 3393 tuis
727 3343 1216 3398 intercessionibus
1272 3345 1562 3398 Dominum
1616 3355 1862 3399 nostrum
1895 3356 1947 3400 ct
1985 3346 2173 3399 Salva-

587 3443 758 3486 torcm
796 3435 1075 3491 Christum
1113 3456 1126 3492 :
1161 3455 1324 3507 quem
1357 3438 1510 3494 decet
1543 3441 1724 3493 omnis
1760 3441 1935 3494 honor
1959 3449 2015 3493 et
2046 3439 2176 3492 ado-

586 3526 725 3578 ratio
757 3525 810 3578 in
844 3530 1043 3581 saecula
1069 3531 1424 3583 Sat-culorum.
1460 3531 1654 3583 Amen.

2271 3262 2368 3330 τὴν
2398 3258 2505 3312 τῶν
2536 3257 2860 3325 πειρασμῶν
2897 3254 3278 3321 διανηξάμενοι
3317 3252 3593 3302 Θάλασσαν
3619 3253 3733 3310 τοῖς
3764 3252 3864 3318 τῆς

2272 3352 2632 3410 ἀναπαύσεως
2666 3350 2852 3412 λιμέσι
2885 3345 3415 3414 καθορμισθείημεν,
3443 3345 3606 3394 αὑτὸν
3639 3344 3861 3409 ἔχοντες

2275 3445 2618 3512 κυόερνήτην
2643 3441 2730 3491 διὰ
2758 3440 2865 3490 τῶν
2896 3437 3000 3490 σῶν
3019 3436 3328 3505 πρεσϐειῶν
3351 3438 3440 3486 τὸν
3469 3435 3669 3504 Κύριον
3698 3437 3865 3502 ἡμῶν

2279 3538 2369 3586 καὶ
2423 3533 2654 3599 Σωτῆρα
2707 3529 2965 3599 Χριστὸν,
3026 3521 3070 3595 ᾧ
3116 3527 3318 3596 πρέπει
3369 3529 3517 3579 πᾶσι
3576 3528 3710 3595 τιμὴ
3774 3528 3866 3577 καὶ

2281 3619 2653 3691 προσκύνησις
2700 3621 2780 3681 εἰς
2814 3620 2938 3682 τοὺς
2984 3619 3184 3681 αξὼνας
3225 3621 3334 3675 τῶν
3374 3620 3608 3672 αἰώνων.
3657 3619 3865 3689 Ἀμήν.

605 3789 3781 3825 mm

2055 3949 2407 4067 VlTA

1278 4195 1692 4281 SANCTI

1807 4195 1957 4282 ET
2071 4197 2408 4286 JUSTI

2542 4201 3188 4293 EUDOCIMI.

1300 4384 1467 4444 (Apud
1506 4384 1707 4432 Surium
1735 4385 1793 4433 ad
1817 4385 1950 4434 diem
1986 4385 2045 4433 ΞΟ
2079 4387 2218 4437 Julii.
2247 4390 2466 4438 Graecum
2493 4397 2691 4439 textum
2711 4407 2814 4461 non
2840 4391 3163 4459 invenimus.)

670 4641 712 4699 Ι.
748 4640 1057 4704 Euducimi,
1112 4638 1203 4706 qui
1253 4632 1647 4693 convenienter
1697 4654 1798 4694 suo
1851 4642 2057 4695 nomini
2114 4659 2161 4698 et

2293 4650 2452 4702 nibus
2477 4655 2893 4722 tempestatibus
2948 4655 3308 4722 snrdibusque
3349 4655 3521 4724 plena!
3556 4666 3706 4724 sunt,
3771 4677 3867 4733 pu-

596 4731 710 4792 Deo
732 4735 947 4788 laudem
976 4740 1059 4786 est
1091 4741 1396 4793 assecutus,
1433 4735 1599 4783 vitam
1631 4732 1831 4784 bonum
1885 4745 1969 4786 est
1999 4750 2183 4804 expo—

596 4839 748 4881 nere.
795 4823 933 4877 Hinc
975 4823 1119 4875 enim
1177 4821 1336 4873 simul
1401 4821 1648 4888 voluptas
1707 4832 1760 4876 et
1819 4823 2025 4878 utilitas
2073 4842 2178 4878 ,ιοη

595 4920 739 4972 redit
770 4917 946 4970 solum
979 4915 1045 4967 ad
1111 4914 1474 4981 expositores,
1517 4915 1611 4967 sed
1667 4916 1842 4968 multo
1895 4919 2062 4986 magis
2115 4919 2182 4972 ad

596 5014 877 5066 auditores
904 5026 919 5073 ;
946 5023 1055 5061 uon
1087 5006 1264 5061 solum
1295 5005 1440 5074 quod
1463 5021 1522 5060 se
1551 5008 1855 5060 ostenderit
1886 5010 2184 5062 vehemen-

598 5105 707 5153 tem
766 5105 1063 5150 amatorem
1132 5095 1369 5152 virtutis,
1404 5103 1460 5148 et
1509 5095 1653 5162 quod
1721 5105 1805 5148 est
1865 5094 2181 5156 honestum,

599 5192 782 5245 statim
815 5191 1044 5260 elegerit
1067 5188 1136 5241 ab
1171 5187 1399 5241 ineunte
1425 5196 1623 5251 aetate;
1657 5202 1779 5240 cum
1819 5189 2005 5241 multis
2037 5191 2179 5241 enim

597 5284 720 5337 aliis
751 5283 852 5336 fuit
886 5282 974 5334 bic
1001 5281 1124 5334 vitae
1156 5281 1305 5333 Zelus
1334 5280 1382 5333 ei
1441 5282 1748 5333 communis
1779 5299 1790 5332 :
1827 5282 1920 5334 sed
1950 5281 2091 5349 quod
2128 5283 2180 5334 in

601 5377 694 5429 illo
727 5375 1063 5446 praecipuum
1101 5383 1157 5428 et
1181 5389 1321 5443 pene
1376 5372 1675 5442 singulare,
1730 5373 1812 5426 vel
1871 5373 2044 5434 onmi,
2096 5376 2179 5426 vel

604 5483 798 5537 magna
828 5483 894 5520 ex
925 5474 1078 5536 parte
1106 5465 1384 5527 excelluit,
1411 5466 1532 5536 ejus
1559 5467 1611 5518 in
1645 5466 1850 5519 mundo
1881 5466 1984 5518 fuit
2017 5479 2181 5531 supra

605 5561 869 5613 mundum
904 5560 1011 5614 vita
1073 5566 1177 5612 :et
1229 5559 1371 5628 quod
1432 5574 1554 5612 eum
1617 5559 1824 5612 viveret
1878 5561 1931 5611 in
2007 5559 2186 5613 medio

609 5654 966 5715 tumultuum,
999 5659 1053 5706 et
1084 5651 1274 5707 harum
1299 5667 1482 5707 rerum
1517 5651 1878 5713 instabilium,
1918 5666 2032 5720 qua!
2068 5665 2186 5705 om-

712 5835 770 5890 'l
804 5831 927 5886 Cor.
961 5848 1052 5887 vn.

2284 4761 2400 4798 ram
2433 4755 2489 4799 et
2544 4750 2912 4815 tranquillam,
2954 4761 3007 4803 et
3041 4752 3261 4804 minime
3313 4751 3648 4819 inquinatam
3712 4774 3863 4813 suam

2284 4839 2688 4891 conservaverit
2724 4838 2957 4892 animam
2994 4857 3007 4894 :
3035 4851 3086 4893 et
3117 4843 3415 4896 ostenderit
3446 4854 3567 4897 esse
3605 4846 3785 4900 timidi
3817 4860 3866 4901 et

2286 4928 2461 4996 pusilli
2506 4927 2694 4992 animi,
2731 4931 2914 4982 mundi
2975 4931 3151 5000 fusam
3190 4937 3535 5002 persequi,et
3591 4939 3865 5006 adjutricc

2286 5023 2362 5074 uti
2393 5020 2707 5085 solltudine,
2751 5023 2973 5090 perinde
3014 5038 3074 5076 ae
3125 5024 3164 5075 si
3200 5027 3319 5089 quis
3370 5026 3423 5078 in
3477 5032 3642 5085 maris
3714 5039 3863 5088 trau-

2287 5114 2553 5179 quillitale
2587 5116 2868 5184 navigans,
2903 5125 2956 5173 et
2986 5119 3188 5180 absque
3226 5119 3344 5169 ullis
3376 5118 3628 5173 ﬂuctibus
3661 5127 3863 5179 ventis-

2290 5222 2397 5275 que
2443 5207 2882 5271 vehementibus,
2965 5211 3087 5260 velit
3136 5211 3312 5262 vocari
3386 5212 3596 5280 peritus
3646 5221 3859 5284 naviga-

2293 5299 2477 5357 tionis,
2513 5308 2565 5350 et
2608 5299 2913 5370 intelligens
2930 5316 3116 5352 eorum
3143 5317 3259 5368 quae
3285 5302 3348 5354 ad
3385 5319 3533 5356 mare
3566 5309 3863 5372 pertinent.

2291 5391 2558 5454 Quoniam
2592 5407 2720 5460 ergo
2762 5393 2902 5445 illius
2960 5393 3058 5444 vita
3096 5403 3179 5445 est
3237 5397 3511 5464 exemplar
3566 5399 3862 5456 sufﬁciens.

2292 5499 2414 5536 cum
2448 5486 2721 5546 omnibus,
2751 5495 2808 5538 ut
2839 5487 3007 5538 semel
3036 5487 3232 5548 dicam,
3254 5488 3342 5556 qui
3378 5489 3590 5543 virtutis
3622 5494 3862 5546 studium

2295 5577 2395 5631 sibi
2449 5577 2759 5640 vendicaut,
2803 5586 2861 5631 ut
2920 5577 2983 5631 iis
3046 5578 3136 5647 qui
3191 5578 3242 5630 iu
3300 5582 3501 5633 mundo
3548 5582 3764 5647 vivunt,
3821 5594 3867 5637 et

2304 5670 2508 5725 mundo
2563 5674 2645 5741 (ut
2701 5687 2823 5726 cum
2865 5670 3051 5725 divino
3103 5671 3265 5726 Paulo
3315 5672 3514 5743 dicam)
3550 5677 3626 5729 uti
3696 5678 3863 5731 solum
