3972 6456
159 391 254 456 489

1417 393 1595 452 VlTA
1635 391 1694 454 S.
1745 395 2146 457 EUDOClMl.

3319 395 3424 458 490

161 520 261 560 non
299 504 450 559 abuti
482 503 710 573 eligunt,
748 503 996 559 dicantur
1028 519 1115 558 res
1157 501 1318 567 illius,
1383 511 1434 556 et
1490 504 1732 560 virorum
1766 518 1807 573 Α
1841 524 1960 578 qua:
2014 507 2230 569 dicunt,
2271 506 2371 577 ipsi
2406 506 2554 576 prius
2585 515 2851 576 pugnant,
2909 517 2962 562 et
2988 524 3045 562 rc
3075 509 3188 578 ipsa
3238 520 3424 580 aperte

160 599 423 651 bonorum
461 596 660 651 animis
701 605 1008 667 apponatur
1063 609 1252 650 mensa
1292 594 1498 659 divina,
1531 606 1585 651 et
1630 613 1730 670 op-

155 689 328 755 sonia,
357 705 480 758 qua:
510 704 788 759 nunquam
817 699 1235 744 consumuntur.

217 780 282 834 ll.
324 780 565 835 Sanctus
592 796 722 852 ergo
754 781 1084 836 Eudoeimus
1107 798 1280 853 genus
1308 783 1530 854 quidem
1580 782 1734 839 duxit

150 887 207 923 ex
252 870 698 940 Cappadocibus,
747 871 957 940 piorum
1011 881 1300 941 parentum
1358 875 1444 943 pia
1493 873 1728 928 soboles.

149 962 392 1026 Quorum
463 963 600 1016 alter
658 962 874 1032 quidem
933 963 1184 1031 Basilius,
1247 966 1487 1020 Eudocia
1546 978 1730 1021 autem

149 1055 392 1118 nomine,
426 1071 550 1125 quae
579 1063 860 1126 genuerat,
893 1066 1050 1108 erant
1079 1070 1279 1125 genere
1319 1059 1579 1129 insignes,
1610 1058 1732 1128 opi-

148 1145 242 1200 bus
303 1145 676 1209 abundantes,
745 1144 1094 1215 illustresque
1153 1148 1496 1202 auctoritate.
1555 1148 1732 1203 Patri-

145 1237 358 1291 ciorum
389 1238 538 1292 enim
574 1237 842 1308 dignitate
886 1237 1068 1294 clarus
1097 1248 1215 1293 erat
1272 1239 1527 1296 Basilius.
1593 1239 1730 1296 Cum

145 1341 247 1382 tam
279 1330 580 1399 praeclaros
610 1340 795 1384 autem
831 1330 1054 1400 generis
1091 1329 1271 1385 fontes
1305 1331 1531 1386 haberet
1563 1331 1730 1398 ﬁlius,

144 1439 242 1477 non
271 1433 387 1476 tam
419 1423 570 1478 visus
601 1431 685 1477 est
715 1423 912 1476 nobilis
942 1437 1008 1477 ex
1043 1424 1385 1492 parentibus,
1415 1437 1595 1496 neque
1621 1435 1734 1481 tan-

143 1526 244 1568 tam
274 1530 344 1568 ex
373 1513 457 1568 eis
483 1515 697 1584 accepit
720 1514 966 1584 gloriam,
993 1523 1258 1584 quantam
1293 1519 1408 1586 ipse
1461 1518 1735 1588 praeclaris

140 1607 248 1660 suis
275 1605 441 1660 factis
473 1620 538 1660 ex
573 1619 633 1659 se
657 1606 1004 1661 nobilitatam
1039 1609 1152 1661 suis
1169 1609 1353 1662 attulit
1389 1609 1726 1680 parentibus.

137 1699 269 1752 Nam
306 1697 455 1752 ﬁlios
480 1698 725 1767 quidem,
762 1699 854 1768 qui
879 1714 947 1753 ex
981 1700 1142 1754 claris
1205 1702 1309 1755 orti
1360 1709 1490 1755 sunt
1526 1716 1732 1771 paren-

139 1789 300 1852 tibus,
339 1790 650 1859 permultos
685 1789 932 1844 invenies
966 1807 978 1842 :
1007 1798 1271 1858 parentes
1303 1800 1486 1845 autem
1540 1791 1729 1845 talium

1841 599 2246 664 contradicunt,
2270 615 2394 654 cum
2420 600 2607 670 procul
2639 599 2706 653 ab
2729 599 2794 654 iis
2825 616 2944 670 quae
2960 601 3237 666 dicuntur,
3269 603 3427 658 aber-

1839 702 1920 746 ret
1949 706 2141 748 eorum
2175 695 2412 748 animus.
2439 691 2878 763 Temperantiam
2905 703 3112 757 autem,
3151 710 3269 764 quae
3301 712 3430 752 vere

1836 785 2052 854 publica
2082 796 2186 852 est,
2217 795 2272 841 et
2307 786 2716 856 pulchritudine
2751 786 2884 842 alias
2914 788 3136 842 excellit
3173 790 3427 852 virtutes,

1837 878 1918 932 sic
1949 880 2172 944 amavit,
2203 889 2258 934 et
2288 880 2355 934 ab
2397 895 2458 933 ea
2510 880 2581 933 ita
2640 890 2828 949 aperte
2855 890 2941 935 est
2993 895 3302 952 superatus,
3372 895 3431 939 ttt

1835 973 2029 1025 eamin
2065 973 2172 1025 vita
2213 973 2444 1034 sociam,
2484 983 2538 1026 et
2562 988 2683 1042 qu:e
2707 987 2893 1027 secum
2925 973 3219 1034 habitaret.
3275 978 3428 1031 dele-

1835 1061 1998 1128 gerit,
2029 1071 2083 1116 et
2113 1062 2375 1117 audacter
2396 1076 2518 1116 cum
2546 1059 2649 1116 Job
2679 1062 2889 1117 diceret
2915 1079 3026 1118 non
3050 1066 3152 1121 hoc
3207 1069 3381 1123 solum
3412 1091 3422 1124 :

1835 1153 2054 1208 Oculum
2093 1171 2262 1208 meum
2299 1173 2398 1209 non
2440 1167 2514 1210 est
2561 1173 2649 1209 cor
2668 1167 2998 1212 consecutum
3040 1161 3082 1224 ",
3113 1161 3209 1216 sed
3235 1163 3424 1227 etiam,

1835 1247 1979 1315 quod
2010 1247 2101 1301 illo
2155 1256 2238 1302 est
2287 1250 2484 1317 majus,
2539 1258 2757 1319 pactum
2813 1250 3010 1305 fecisse
3061 1267 3186 1308 cum
3223 1255 3423 1317 oculis,

1836 1335 1988 1391 nullo
2014 1338 2174 1392 modo
2198 1339 2532 1393 intellexisse
2564 1353 2730 1407 super
2756 1340 3026 1408 virginem
3051 1343 3072 1374 ⁸
3104 1353 3194 1398 :et
3250 1361 3427 1412 usque

1837 1428 1972 1485 adeo
2002 1430 2253 1486 vitaverit
2295 1447 2416 1486 cum
2449 1433 2672 1487 muliere
2696 1434 2952 1504 colloqui,
2983 1444 3042 1489 ut
3099 1437 3200 1492 soli
3263 1443 3427 1497 matri

1836 1537 1947 1576 non
1983 1532 2129 1578 esset
2173 1523 2512 1592 prohibitum
2566 1525 2632 1578 ad
2687 1541 2814 1580 eum
2867 1529 3148 1592 accedere,
3178 1546 3340 1599 quam
3372 1536 3424 1584 in

1837 1628 2033 1685 magna
2074 1615 2311 1670 habebat
2362 1616 2759 1672 veneratione:
2819 1628 2876 1672 ut
2935 1620 3024 1688 qui
3087 1636 3192 1674 non
3248 1622 3424 1677 solum

1836 1706 2118 1772 maternis,
2151 1709 2246 1763 sed
2285 1708 2504 1764 virtutis
2537 1710 2705 1764 etiam
2733 1711 2951 1766 cederet
3004 1712 3234 1784 legibus.
3282 1714 3431 1771 Prae-

1837 1810 1923 1855 tcr
1949 1817 2069 1857 eam
2101 1814 2279 1859 autem
2315 1805 2449 1859 nulli
2474 1804 2672 1860 licebat
2702 1807 2913 1861 mulieri
2940 1824 3064 1864 cum
3097 1827 3162 1866 eo
3197 1815 3424 1869 omnino

137 1882 396 1947 ﬁliorum,
431 1883 528 1952 qui
567 1882 618 1935 in
654 1881 836 1935 medio
867 1881 1074 1936 mundo
1134 1881 1300 1936 vitam
1348 1881 1481 1936 nulli
1543 1898 1728 1953 repre-
1763 1865 1805 1924 Β
1839 1893 2011 1963 loqui,
2039 1904 2130 1950 aut
2153 1898 2218 1952 ad
2237 1913 2361 1953 eum
2393 1899 2564 1953 adire.

134 1973 392 2028 bensioni
433 1973 650 2026 atiinem
685 1978 1094 2043 transegerunt,
1132 1971 1433 2028 admodum
1494 1989 1722 2044 paucos.

134 2064 224 2118 llle
276 2077 412 2133 ergo
443 2062 706 2118 doctrina:
741 2071 797 2118 et
850 2062 1154 2133 disciplinis
1192 2062 1378 2132 jussus
1422 2065 1723 2130 attendere,

135 2171 394 2224 magnum
430 2157 485 2208 in
523 2155 608 2210 his
640 2156 825 2225 posuit
874 2156 1140 2220 studium,
1197 2169 1308 2208 non
1382 2155 1725 2222 verberibus,

134 2265 237 2303 non
267 2251 597 2314 terroribus,
625 2265 732 2303 non
770 2248 954 2317 aliquo
989 2247 1098 2302 alio
1135 2247 1384 2318 indigens
1409 2263 1472 2302 ex
1505 2248 1572 2302 iis
1608 2265 1727 2318 qua:

134 2351 366 2410 possunt
396 2343 660 2412 puerilem
696 2342 762 2396 ad
804 2357 893 2397 res
951 2342 1214 2396 honestas
1249 2341 1489 2397 excitare
1542 2355 1727 2397 socor-

135 2437 274 2489 diam
313 2453 326 2488 :
364 2435 461 2490 sed
497 2434 615 2504 ipse
643 2444 763 2490 erat
827 2434 929 2489 sibi
963 2433 1217 2488 stimulus
1250 2449 1316 2488 ex
1360 2435 1726 2504 propensione

135 2538 186 2582 et
224 2528 398 2581 animi
433 2527 715 2582 alacritate
741 2527 808 2581 ad
865 2539 926 2580 ea
962 2540 1085 2595 quae
1143 2525 1284 2580 bona
1339 2535 1491 2580 sunt.
1556 2525 1724 2582 Multo

135 2631 317 2674 autem
356 2618 531 2690 magis
583 2618 907 2688 invigilabat
971 2617 1197 2673 lectioni
1240 2617 1548 2675 divinorum
1608 2619 1725 2676 elo-

134 2714 411 2783 quiorum,
450 2720 505 2766 et
535 2712 754 2766 assidue
781 2712 833 2765 in
861 2712 940 2767 eis
966 2712 1307 2777 versabatur,
1336 2712 1476 2768 adeo
1520 2721 1578 2767 ut
1606 2713 1722 2783 ipse

133 2819 350 2874 quoque
391 2813 614 2859 caneret
658 2818 781 2858 cum
822 2803 1010 2858 divino
1075 2802 1278 2858 Davide
1343 2821 1354 2856 :
1430 2803 1722 2858 Exsultabo

132 2914 219 2968 ego
246 2914 407 2968 super
441 2897 650 2967 eloquia
679 2906 793 2962 tua,
828 2905 884 2949 ut
913 2897 1001 2965 qui
1030 2897 1223 2950 invenit
1257 2894 1427 2965 spolia
1454 2895 1624 2950 multa
1677 2898 1717 2951 '.

133 2991 194 3044 Et
235 3010 248 3045 :
285 2989 464 3054 Quam
513 2989 679 3044 dilexi
727 2989 890 3060 legem
931 3001 1101 3051 tuam,
1153 2986 1375 3044 Domine
1421 3005 1440 3042 :
1482 2997 1593 3044 tota
1640 2990 1721 3044 die

131 3082 406 3132 meditatio
437 3096 553 3132 mea
581 3091 655 3134 est
680 3081 720 3133 ⁸.
754 3081 1042 3150 Propterea
1071 3081 1120 3133 ei
1157 3089 1469 3148 reputatum
1515 3090 1599 3137 est
1629 3065 1722 3136 su-

131 3187 222 3239 pra
256 3170 428 3224 millia
463 3170 582 3224 auri
606 3179 664 3226 et
726 3171 933 3238 argenti
961 3171 1002 3236 ⁸,
1061 3171 1214 3242 juxta
1279 3171 1525 3229 divinum
1581 3173 1720 3228 Pro-

131 3267 376 3335 phetam,
405 3265 528 3320 dico
570 3263 850 3320 Davidem.
898 3264 962 3318 Et
985 3263 1080 3320 Dei
1112 3264 1329 3335 eloquia
1363 3266 1542 3322 dulcia
1593 3272 1716 3340 gut-

131 3361 234 3415 turi
271 3363 393 3431 ejus
424 3358 674 3425 fuerunt,
712 3368 768 3413 et
791 3358 1078 3430 supra‘mel
1109 3359 1189 3413 ori
1223 3360 1345 3430 ejus
1366 3363 1406 3414 ⁸.

197 3474 290 3529 lli.
331 3471 565 3527 Vacabat
594 3482 777 3527 autem
811 3471 1009 3527 divinis
1044 3473 1262 3543 templis
1291 3483 1344 3529 et
1380 3474 1600 3530 assidue
1650 3477 1716 3530 ad

129 3563 497 3619 eaveniebat.
531 3562 598 3616 Et
648 3577 773 3616 cum
833 3563 952 3633 ejus
1007 3565 1248 3633 aequales
1314 3575 1372 3620 et.
1421 3567 1716 3621 familiares

130 3658 298 3712 dediti
336 3666 525 3712 essent
553 3655 958 3721 venationibus,
1001 3667 1056 3711 et
1114 3671 1380 3726 equorum
1435 3658 1712 3720 cursibus,

128 3763 179 3806 et
201 3752 324 3806 aliis
358 3750 774 3805 adolescentum
810 3749 1025 3814 studiis,
1057 3749 1145 3803 ille
1177 3765 1239 3804 ea
1291 3765 1434 3820 aegre
1486 3751 1712 3815 ferebat,

127 3848 268 3900 etab
300 3847 385 3900 eis
421 3845 647 3898 minime
671 3843 1010 3904 movebatur,
1080 3853 1133 3896 et
1183 3842 1315 3895 nulli
1370 3843 1598 3898 cedebat
1650 3859 1713 3897 ex

129 3942 192 3994 iis
260 3952 390 4006 qua:
458 3934 800 4004 juvenilibus
861 3935 1222 3988 blandiuntur
1301 3935 1713 4002 cupiditatibus.

125 4029 373 4084 iucunde
409 4041 538 4081 vero
579 4034 632 4079 et
706 4025 946 4080 libenter
993 4025 1314 4079 versabatur
1359 4025 1714 4094 Euducimus,

122 4132 213 4178 aut
246 4123 301 4176 in
335 4121 505 4178 domo
539 4117 827 4186 orationis,
861 4128 957 4174 aut
984 4118 1040 4172 in
1097 4118 1338 4174 lectione
1390 4118 1707 4173 divinorum

124 4216 512 4285 Eloquiorum,
585 4228 682 4282 per
730 4226 850 4282 quae
901 4209 1155 4264 studebat
1198 4210 1440 4279 seipsum
1489 4211 1716 4267 reddere

125 4307 386 4378 templum
452 4304 564 4360 Deo
635 4302 858 4377 dignum
917 4309 978 4357 ut
1025 4301 1116 4375 qui
1189 4301 1326 4357 nihil
1395 4304 1718 4359 ostenderet

125 4399 512 4471 injucundum,
595 4396 732 4450 nihil
773 4407 930 4466 turpe
975 4410 1042 4450 ex
1115 4392 1464 4449 deformitate
1549 4393 1715 4448 animi

125 4491 624 4563 perturbationum,
661 4497 716 4542 et
764 4489 820 4541 in
848 4502 943 4541 eas
975 4487 1173 4543 collato
1211 4486 1418 4542 studio.
1460 4487 1577 4542 Non
1629 4503 1717 4544 res

1912 1986 1999 2040 ιν.
2025 1987 2160 2043 Cum
2201 1991 2561 2058 temperantia
2596 2007 2728 2046 vero
2759 1995 3042 2064 conjunxit
3075 1997 3242 2053 etiam
3279 2001 3424 2056 elee—

1839 2093 2149 2160 mosynam,
2185 2097 2309 2136 cum
2337 2082 2710 2152 pulcherrima
2738 2101 2855 2140 eam
2884 2103 3005 2158 qua:
3060 2099 3143 2145 est
3189 2095 3424 2151 maxime

1839 2171 2027 2234 hilaris
2059 2173 2232 2228 :adeo
2263 2183 2321 2228 ut
2353 2175 2500 2230 illius
2534 2176 2756 2246 quidem
2791 2179 3000 2235 lumine
3059 2183 3424 2242 illustraretur

1839 2263 2028 2329 facies,
2082 2267 2247 2336 hujus
2298 2279 2479 2323 autem
2540 2269 2663 2324 oleo
2717 2287 2812 2326 cor
2847 2275 3423 2344 pingueﬁeret,esset-

1836 2373 1944 2430 que
1983 2367 2039 2413 et
2072 2361 2314 2416 mundus
2347 2362 2930 2422 etmisericors:adeo
2949 2378 3006 2424 ut
3026 2371 3280 2438 altitudo,
3300 2389 3423 2444 qua:

1836 2451 2168 2521 proceditex
2204 2453 2468 2524 puritate,
2533 2455 2598 2510 ad
2663 2459 2972 2526 proximum
3024 2462 3108 2532 (ut
3162 2481 3259 2535 par
3313 2471 3418 2544 est)

1835 2558 1902 2598 ex
1926 2558 2198 2599 consensu
2224 2560 2282 2599 se
2310 2545 2607 2614 inclinans,
2636 2547 2689 2603 in
2728 2557 2846 2604 tuto
2868 2562 3034 2608 esset.
3068 2556 3202 2612 Tam
3229 2563 3418 2631 splen-

1835 2637 1962 2694 dide
1992 2649 2174 2694 autetn
2227 2642 2543 2698 attendebat
2603 2646 2985 2721 eleemosynm,
3040 2661 3094 2706 et
3141 2668 3261 2710 eam
3347 2659 3420 2714 ita

1833 2731 2285 2802 amplectebatur,
2326 2743 2384 2790 ut
2415 2751 2527 2792 non
2562 2737 2737 2794 solum
2765 2743 3073 2812 superfluis,
3101 2746 3195 2800 sed
3255 2751 3418 2806 etiam

1831 2824 2160 2880 necessariis
2180 2840 2236 2880 se
2271 2827 2360 2897 pie
2386 2838 2601 2899 gereret
2635 2846 2648 2884 :
2691 2839 2748 2885 et
2778 2847 2885 2888 non
2911 2851 3072 2905 parce
3101 2840 3416 2907 seminaret,

1831 2917 1928 2972 sed
1949 2917 2003 2971 in
2039 2916 2572 2976 benedictionibus:
2634 2933 2691 2978 et
2752 2941 2862 2980 non
2914 2929 3090 2984 solum
3144 2935 3418 3002 pecuniis,

1829 3009 1924 3064 sed
1962 3011 2126 3066 etiam
2153 3014 2433 3079 carnibus,
2464 3015 2505 3069 si
2533 3030 2598 3069 ex
2626 3017 2689 3071 iis
2713 3022 3049 3090 pauperibus
3079 3023 3196 3081 dari
3235 3041 3419 3097 posset

1831 3103 2114 3170 auxilium,
2143 3104 2370 3161 minime
2399 3117 2672 3176 parceret,
2709 3109 2872 3180 idque
2905 3113 3196 3172 admodum
3233 3121 3414 3191 hilari,

1830 3208 2191 3268 promptoque
2223 3208 2278 3254 et
2305 3200 2470 3255 alacri
2511 3202 2716 3265 animo,
2763 3215 2946 3263 motus
3002 3209 3302 3272 dilectione
3357 3217 3414 3273 in

1821 3288 1993 3343 Deum
2022 3299 2076 3343 et
2108 3293 2442 3360 proximum.
2476 3295 2712 3352 Fructus
2753 3301 2899 3355 enim
2942 3303 3258 3372 charitatis,
3333 3321 3418 3366 est

1819 3380 1874 3438 in
1907 3381 2132 3438 fratrem
2174 3384 2574 3452 misericordia,
2641 3393 2782 3448 adeo
2834 3404 2892 3449 ut
2938 3396 3055 3466 ipse
3113 3403 3418 3471 promptior

1819 3483 1963 3529 esset
2002 3474 2070 3530 ad
2098 3475 2360 3543 dandum,
2421 3494 2581 3548 quam
2645 3484 2733 3540 ille
2774 3486 2841 3543 ad
2867 3488 3247 3559 accipiendum
3273 3533 3286 3557 ,
3321 3498 3414 3564 qui

1821 3580 1958 3636 npus
1985 3567 2220 3626 habebat
2263 3573 2680 3630 misericordia:
2725 3592 2925 3635 etcum
2998 3582 3264 3652 dedisset,
3300 3587 3416 3657 ipsc

1820 3661 1993 3732 magis
2019 3662 2316 3731 iretaretur,
2350 3675 2406 3722 et
2439 3666 2561 3737 plus
2595 3684 2654 3724 se
2686 3670 2858 3738 iuvari
2913 3675 3180 3740 crederet,
3244 3695 3412 3749 quam

1822 3753 1886 3817 is,
1911 3754 2001 3822 qui
2040 3769 2346 3825 acceperat,
2380 3763 2655 3828 quomodo
2687 3779 2774 3819 res
2814 3781 2944 3821 vere
2991 3767 3246 3828 habebat.
3303 3773 3416 3828 Ma-

1815 3842 1966 3912 jores
2012 3846 2158 3900 cnim
2218 3858 2349 3904 sunt
2408 3851 2605 3906 divinae
2662 3857 2867 3925 gratim,
2917 3875 3078 3928 quam
3135 3864 3413 3936 humanae,

1821 3951 1955 4005 quas
1979 3939 2093 4008 ipse
2130 3939 2272 4010 larga
2301 3957 2464 3998 manu
2503 3946 2720 4001 emebat
2751 3947 2956 4019 largius
3012 3951 3164 4011 illinc
3229 3970 3417 4017 scatu~

1819 4030 2043 4085 rientes.
2072 4031 2157 4099 Et,
2197 4037 2440 4091 utsemel
2468 4037 2669 4103 dicam,
2693 4042 3068 4112 orphanorum
3107 4060 3226 4103 erat
3259 4063 3416 4121 pater

1822 4121 2181 4189 Eudocimus,
2229 4138 2448 4184 curator
2480 4131 2790 4198 viduarum,
2817 4134 3200 4196 indumentum
3234 4146 3409 4201 nudo-

1821 4231 1963 4282 rum,
1995 4216 2154 4286 panis
2176 4221 2559 4287 esurientium,
2581 4225 2888 4281 animarum
2923 4243 3044 4298 quae
3083 4234 3410 4303 mgritudine

1821 4309 2191 4379 gravabantur
2237 4314 2514 4371 solatium.

1894 4397 1954 4455 V.
1988 4398 2035 4451 ls
2076 4415 2199 4454 cum
2238 4412 2293 4456 et
2319 4405 2388 4457 ab
2410 4404 2739 4474 imperatore
2772 4412 3036 4482 honores,
3073 4428 3126 4472 et
3179 4432 3301 4488 qua
3325 4430 3410 4475 est

1821 4487 1887 4543 ad
1929 4497 2167 4563 tempus,
2189 4492 2416 4564 gloriam
2451 4510 2840 4568 assequeretur
2865 4515 3088 4574 preptcr
3127 4487 3406 4580 virtutem,

121 4590 384 4648 adversae,
419 4595 532 4636 non
582 4579 856 4644 secundae,
927 4591 1040 4632 non
1090 4577 1294 4647 aliquid
1340 4593 1407 4632 ex
1477 4579 1542 4634 iis
1598 4581 1961 4652 quaepnihil
1999 4597 2061 4636 ex
2095 4598 2159 4638 eo
2194 4586 2509 4654 luedcbatur,
2545 4599 2604 4643 ut
2637 4593 2796 4662 cujus
2856 4612 2957 4652 nec
3017 4598 3166 4654 calor
3215 4577 3412 4657 animm

119 4676 364 4730 animum
393 4677 627 4742 possunt
667 4680 761 4725 aut
815 4668 1030 4738 efferre,
1075 4675 1170 4723 aut
1217 4667 1551 4739 deprimere,
1617 4670 1720 4724 fuit

119 4767 248 4820 satis
277 4763 523 4817 validum
552 4760 618 4814 ad
646 4775 770 4814 eum
799 4776 827 4814 a
851 4774 952 4814 suo
993 4759 1252 4815 inStituto
1279 4759 1708 4814 dimovendum:

120 4859 208 4912 scd
251 4854 500 4912 dexteris
524 4861 579 4908 et
604 4851 842 4908 sinistris
874 4851 1040 4905 armis
1106 4854 1190 4919 (ut
1239 4852 1376 4907 dicit
1431 4850 1632 4908 Paulus
1668 4853 1711 4923 ⁸)

119 4954 339 5006 dextere
373 4949 652 5013 utebatur,
684 4955 740 5002 et
768 4961 830 5000 ea
851 4943 1134 4998 materiam
1170 4945 1404 5000 faciebat
1462 4945 1710 5016 philoso-

119 5044 278 5110 pliize.
307 5041 452 5106 Quin
476 5040 640 5094 etiam
672 5053 796 5093 cum
822 5039 963 5092 viam
989 5053 1133 5106 saepe
1164 5037 1566 5109 ingrederetur,
1599 5047 1706 5092 tam

118 5152 233 5205 qua:
274 5133 491 5189 ferebat
526 5130 594 5187 ad
625 5130 850 5200 regiam,
882 5145 1046 5200 quam
1079 5146 1198 5200 quae
1225 5129 1277 5183 in
1306 5129 1474 5184 ullum
1541 5129 1707 5184 alium

118 5231 318 5295 locum,
358 5235 604 5284 mentem
629 5225 866 5280 simulet
899 5224 1137 5296 linguam
1167 5223 1407 5278 habebat
1439 5223 1709 5278 intentam

119 5323 269 5392 operi
309 5341 321 5374 :
360 5322 509 5375 hanc
557 5317 780 5388 quidem
833 5327 1118 5372 canentem
1170 5317 1416 5372 Psalmos
1467 5315 1705 5383 Davidis,

119 5417 257 5469 illam
284 5422 474 5468 autem
505 5412 905 5474 attendentem,
945 5419 1000 5465 et
1023 5425 1142 5481 qua:
1168 5409 1492 5464 dicebantur
1543 5407 1710 5462 intel-

119 5506 403 5577 ligentem,
438 5511 496 5558 et
540 5501 754 5574 iubenti
817 5503 919 5572 ipsi
981 5501 1168 5558 Davidi
1227 5509 1532 5572 parentem.
1587 5499 1706 5554 Non

120 5602 259 5654 enim
293 5599 349 5653 id
399 5599 475 5662 ei,
509 5593 656 5666 quod
693 5595 903 5659 multis,
961 5595 1346 5656 usuveniebat.
1406 5594 1499 5664 qui
1560 5593 1706 5663 psal-

122 5691 509 5763 luntquidem,
573 5687 668 5744 sed
697 5702 803 5742 non
857 5686 1168 5755 intelligunt
1207 5706 1217 5741 :
1252 5687 1454 5755 quique
1485 5701 1608 5741 cum
1643 5687 1706 5741 iis

1829 4679 2158 4741 tepesceret,
2236 4690 2415 4746 neque
2438 4679 2506 4733 ad
2557 4697 2780 4740 cursum
2847 4688 3188 4758 spiritualem
3256 4692 3410 4751 ﬁeret

1823 4762 2060 4832 impetus
2095 4766 2396 4824 hebetior:
2460 4772 2554 4826 sed
2619 4776 2802 4844 potius
2855 4793 2974 4833 eam
3029 4796 3248 4853 quoque
3297 4785 3408 4840 Deo

1821 4854 2102 4910 ascribens
2125 4858 2377 4929 gratiam,
2416 4860 2540 4918 hinc
2568 4867 2820 4924 sumebat
2850 4872 3202 4929 occasionem
3231 4877 3407 4947 majo-

1821 4951 1898 5002 ris
1939 4947 1991 5002 in
2026 4949 2199 5020 ipsum
2229 4952 2591 5018 desiderii,et
2637 4974 2761 5015 eum
2819 4964 3034 5020 colendi
3094 4969 3404 5039 promptius

1822 5051 1874 5094 et
1908 5040 2164 5098 alacrius.
2203 5043 2363 5099 Certe
2400 5063 2524 5103 cum
2556 5062 2700 5106 esset
2721 5055 2950 5121 electus,
3024 5067 3085 5117 ut
3140 5073 3404 5131 praesset

1819 5132 1957 5200 parti
2000 5135 2275 5191 exercitus
2306 5139 2716 5211 Cappadocum,
2755 5156 2809 5202 et
2874 5161 3185 5207 moraretur
3255 5157 3400 5210 circa

1815 5221 1888 5288 id,
1923 5226 2071 5294 quod
2128 5239 2357 5284 vocatur
2411 5229 2800 5302 Cbarsianum,
2861 5246 3088 5310 gerebat
3147 5221 3398 5317 magnam

1811 5331 1998 5373 curam
2035 5322 2244 5390 populi,
2281 5333 2339 5377 ut
2371 5325 2464 5394 qui
2494 5341 2602 5380 non
2627 5328 2804 5384 solum
2832 5331 2899 5386 de
2932 5334 3013 5389 eis
3073 5347 3224 5392 esset
3295 5356 3384 5408 pa-

1813 5417 1968 5464 terne
2033 5413 2320 5480 sollicitus,
2376 5419 2468 5472 sed
2517 5434 2610 5474 eas
2659 5422 2849 5489 etiam,
2898 5440 3019 5494 quae
3049 5441 3207 5483 erant
3257 5431 3400 5487 inter

1815 5515 1873 5554 se
1899 5501 2155 5568 inticem,
2187 5515 2247 5559 ut
2281 5507 2480 5572 solent,
2513 5515 2924 5572 controversias
2954 5520 3211 5584 solveret.
3272 5526 3394 5580 nul-

1811 5592 1922 5648 lam
1969 5594 2022 5648 in
2076 5606 2283 5666 partem
2345 5603 2720 5672 propendente
2773 5610 2976 5664 trutina
3029 5611 3298 5682 justitize:
3343 5629 3399 5673 et

1814 5688 2068 5760 judicans
2105 5695 2412 5764 orphauum
2453 5699 2534 5766 (ut
2574 5700 2752 5756 dicam
2785 5719 2908 5760 cum
2942 5705 3076 5764 Isaia
3109 5710 3174 5780 ’),
3202 5723 3256 5768 et
3316 5715 3397 5768 vi-

184 5870 202 5900 ¹
233 5865 377 5924 Psal.
415 5875 608 5921 cxvm,
644 5857 766 5910 162.
799 5858 817 5889 ³
848 5858 981 5915 ibid.
1009 5861 1097 5916 97.
1127 5862 1146 5894 ’⁸
1171 5862 1302 5919 ibid.
1331 5861 1419 5915 72.
1461 5863 1479 5891 ⁸
1514 5861 1644 5915 ibid.
1685 5863 1799 5917 105.
1841 5865 1859 5895 ⁸
1887 5865 1928 5918 ll
1965 5865 2086 5922 Cor.
2130 5884 2200 5935 vt,
2234 5870 2287 5924 7.
2327 5871 2344 5900 ⁷
2371 5868 2491 5926 Job.
2521 5877 2739 5940 xxxt,7.
2782 5879 2800 5908 "
2826 5879 2955 5935 ibid.
2999 5881 3046 5934 l.
3085 5884 3222 5940 'lsa.
3249 5904 3282 5943 ι.
3309 5890 3390 5945 l7.

441 5957 719 6016 PATRGL.
769 5957 881 6015 Gn.
929 5958 1025 6019 CX
1044 5957 1110 6019 V.

2957 5975 3021 6034 lii
