3972 6474
555 384 654 447 491

1862 383 2146 445 MENSIS
2184 382 2478 443 IULIUS.

3694 374 3810 439 492

559 496 721 547 duam
756 493 1082 562 justiﬁeans,
1118 506 1173 548 et
1212 493 1469 549 omnibus
1519 492 1658 545 idem
1708 505 1971 560 apparens
2028 506 2124 560 per
2154 500 2197 553 Α
2232 489 2399 541 multa
2431 486 2647 556 quidem
2684 484 2893 548 dicens,
2927 484 3094 538 multa
3144 491 3325 538 autem
3382 483 3617 548 faciens,
3678 497 3815 551 qua

560 584 818 655 mqualem
856 586 906 638 in
935 601 1126 640 omnes
1187 584 1650 640 benevolentiam.
1698 582 1762 637 Et
1811 582 1939 653 quid
1989 597 2126 649 opus

560 688 664 742 est,
697 688 756 732 ut
783 678 957 732 dicam
981 679 1187 749 singula
1212 680 1233 732 ?
1263 680 1391 733 Erat
1422 679 1622 732 virtute
1688 676 1960 745 perfectus
2012 674 2126 730 Eu-

560 772 808 826 docimus
833 788 846 834 ;
875 783 990 825 erat
1020 772 1247 841 insignis
1270 771 1535 826 charitate
1567 770 1621 823 in
1654 767 1842 831 Deum,
1884 777 1939 821 et
1994 766 2127 819 insi-

562 864 681 933 gnis
715 863 978 917 charitate
1028 862 1081 917 iu
1129 864 1455 933 proximum.
1563 860 1923 927 Quamobrem
2011 860 2128 927 ejus

563 954 785 1008 exilium
816 963 868 1008 et
900 954 1203 1019 interitum,
1228 955 1494 1024 proximo,
1540 953 1784 1022 inquam,
1820 952 2125 1005 clanculum

563 1046 874 1110 detrahere,
906 1047 1041 1100 adeo
1076 1048 1201 1101 odio
1234 1047 1491 1110 habebat,
1526 1055 1583 1100 ut
1619 1061 1727 1099 non
1790 1045 1963 1098 solum
2017 1044 2130 1111 ipse

564 1138 700 1192 nihil
729 1137 832 1191 tale
866 1136 1089 1202 faceret,
1122 1138 1217 1193 sed
1241 1139 1406 1192 etiam
1465 1137 1509 1191 si
1548 1137 1687 1190 alius
1734 1136 1897 1190 vellet
1928 1134 2127 1196 facere,

564 1231 788 1282 minime
822 1231 1118 1283 sustineret
1151 1244 1259 1283 non
1287 1228 1529 1281 honestis
1562 1227 1739 1281 verbis
1773 1239 1935 1279 aures
1983 1240 2132 1293 prm-

563 1319 693 1372 berc
730 1331 819 1374 :et
852 1320 998 1390 quod
1029 1321 1097 1373 ad
1132 1334 1191 1374 se
1228 1321 1444 1382 attinet,
1471 1318 1588 1372 illas
1646 1332 1866 1386 quoque
1911 1331 2133 1371 conser-

566 1421 721 1465 varet
788 1414 1028 1481 peccatis
1088 1412 1425 1481 superiores.

636 1504 725 1557 VI.
753 1504 906 1558 Illum
942 1506 1021 1559 sic
1048 1505 1341 1570 viventem,
1375 1505 1633 1573 piumque
1665 1502 1787 1556 vitae
1819 1500 2132 1555 institutum

564 1604 970 1660 excercentem,
1003 1604 1056 1648 et
1084 1604 1229 1649 recte
1284 1610 1341 1649 se
1385 1603 1658 1665 gerentem
1722 1592 2028 1647 communis
2081 1592 2134 1643 in

566 1690 789 1757 regione
813 1690 989 1742 aliena
1021 1689 1146 1742 linis
1168 1697 1420 1757 occupat,
1450 1703 1571 1741 cum
1601 1697 1747 1741 esset
1775 1687 1994 1755 triginta
2028 1694 2137 1738 tres

569 1795 743 1834 annos
765 1789 948 1845 natus,
980 1788 1033 1833 et
1064 1778 1297 1833 necdum
1328 1777 1546 1847 quidem
1599 1776 1750 1830 canis
1809 1774 2029 1842 capillos
2060 1772 2139 1824 al-

2229 579 2368 633 solet
2404 578 2581 632 facere
2612 577 2850 645 neQuitia
2897 577 3203 629 daemonum
3239 576 3293 629 in
3356 575 3619 629 damnum
3695 576 3811 626 hu-

2230 684 2403 723 mana:
2430 678 2657 733 naturm,
2698 684 2818 737 qua:
2844 669 3080 737 desuper
3106 667 3251 721 bello
3274 666 3341 720 ab
3394 681 3459 719 eo
3498 667 3810 735 appetitur.

2229 759 2484 814 Daemone
2511 760 2730 829 quidem
2762 770 2907 813 moto
2937 776 2964 811 a
3000 768 3210 823 sancto,
3254 770 3348 811 aut
3376 774 3405 810 a
3449 759 3652 810 Christi
3706 772 3820 825 po-

2231 860 2340 913 tius
2369 859 2585 922 virtute,
2626 868 2685 911 ut
2708 872 2833 911 eum
2867 856 3217 910 manifestum
3252 856 3459 911 Iaceret
3530 864 3583 907 et
3633 855 3819 905 hono-

2236 960 2419 1015 raret,
2465 958 2718 1003 movente
2769 960 2949 1001 autem
2986 959 3042 1002 et
3116 958 3423 1017 torquente.
3484 955 3538 998 et
3570 947 3822 998 maxima

2235 1052 2553 1112 tempestate
2612 1043 2884 1096 hominem
2944 1042 3325 1099 conturbante,
3380 1058 3503 1094 cum
3549 1050 3824 1106 tanquam

2232 1144 2507 1189 mortuum
2556 1133 2727 1187 Eliam
2784 1134 2931 1187 humi
2984 1133 3225 1202 iecisset,
3289 1134 3608 1186 sceleratum
3679 1129 3828 1183 illud

2233 1230 2557 1284 daemonium
2586 1230 2762 1283 statim
2790 1229 2940 1292 abiit,
2976 1245 3032 1281 ur
3061 1231 3200 1296 quod
3236 1228 3413 1281 fuerat
3443 1226 3651 1279 homini
3713 1240 3826 1277 ve-

2235 1323 2332 1376 luti
2373 1322 2617 1389 quaedam
2649 1322 3028 1389 diseiplina,ct
3070 1323 3523 1375 medicamentum
3592 1322 3659 1373 ad
3723 1334 3833 1371 ex-

2235 1413 2433 1483 pianda
2470 1422 2692 1480 peccata
2729 1412 2795 1466 iis
2828 1450 2843 1473 ,
2878 1429 2996 1480 qua:
3027 1413 3171 1469 Deus
3196 1414 3366 1477 novit,
3420 1412 3661 1481 jndiciis.
3720 1410 3834 1464 At-

2234 1521 2342 1574 que
2371 1505 2510 1558 Elias
2548 1506 2765 1573 quidem
2802 1505 3000 1557 sicfuit
3086 1507 3345 1560 liberatus
3421 1521 3449 1558 a
3514 1506 3773 1559 daemone
3814 1520 3831 1554 :

2240 1599 2379 1651 Deus
2410 1608 2590 1651 autem
2627 1613 2736 1649 non
2767 1612 3011 1665 eousque
3045 1596 3174 1649 fecit
3196 1598 3495 1650 consistere
3534 1598 3615 1651 sui
3671 1595 3833 1649 servi

2237 1691 2459 1761 gloriam
2518 1709 2534 1746 :
2589 1707 2697 1744 tmo
2766 1708 2895 1745 vero
2960 1706 3082 1743 cum
3148 1703 3404 1756 tanquam
3469 1693 3593 1743 tuba
3660 1690 3838 1742 valde

2240 1781 2501 1844 clamans,
2561 1782 2615 1834 in
2667 1781 2867 1838 multos
2909 1790 3055 1835 esset
3105 1782 3412 1849 dispersum
3470 1778 3832 1839 miraculum,

568 1872 884 1932 befecissel.
915 1871 1208 1924 multorum
1247 1878 1427 1922 autem
1469 1885 1635 1922 canos
1681 1877 1963 1938 superaret
2015 1880 2141 1935 ιπυ-
2169 1850 2215 1909 Β
2245 1874 2650 1927 multitudinem
2684 1888 2894 1937 eorum,
2930 1876 3022 1942 qui
3064 1875 3381 1927 laborabant
3434 1872 3598 1924 variis
3676 1886 3841 1922 rnor-

569 1965 774 2020 dentia.
819 1964 955 2019 Male
978 1974 1160 2017 autem
1192 1963 1426 2017 habebat
1447 1962 1824 2025 Iludocimum,
1858 1975 1965 2013 non
1996 1958 2139 2028 quod

572 2056 819 2111 absolute
894 2064 1218 2119 moreretur,
1244 2063 1302 2108 ut
1350 2054 1440 2123 qui
1489 2070 1585 2123 per
1638 2062 1809 2107 totam
1870 2052 2031 2104 vitam
2088 2050 2141 2104 id

583 2158 731 2204 esset
763 2148 1070 2211 meditatus,
1109 2156 1164 2200 et
1200 2161 1360 2215 quam
1390 2161 1512 2199 cum
1544 2146 1741 2215 egisset
1772 2146 1949 2207 vitam,
2001 2156 2144 2211 qua:-

584 2258 709 2295 nam
742 2256 859 2295 sors
905 2249 1051 2293 esset
1105 2255 1227 2293 eum
1291 2248 1581 2291 consecuta
1618 2254 1632 2290 :
1665 2246 1716 2290 et
1778 2234 1974 2303 alioqui
2020 2248 2143 2288 cum

578 2346 724 2390 esset
762 2334 995 2402 sapiens,
1032 2347 1140 2386 non
1167 2332 1449 2402 ignorabat
1478 2331 1721 2392 omnino,
1778 2327 1952 2398 qualis
2001 2333 2146 2380 esset

574 2428 661 2482 lex
693 2427 833 2478 inter
872 2424 1170 2493 composita
1198 2441 1209 2475 :
1237 2436 1433 2490 nempe
1468 2422 1610 2489 quod
1659 2436 1781 2474 cum
1841 2417 2143 2487 accepisset

578 2517 921 2590 principium,
954 2529 1185 2569 necesse
1216 2522 1361 2567 esset
1411 2511 1571 2563 linem
1601 2526 1818 2580 quoque
1850 2506 2144 2575 consequi;

579 2610 930 2681 quamobrem
968 2623 1071 2658 non
1101 2620 1223 2658 eum
1262 2601 1615 2657 conturbabat
1650 2600 1891 2669 corporis
1924 2612 2146 2667 separa-

582 2704 675 2760 tio.
703 2701 796 2755 sed
822 2699 965 2769 quod
999 2714 1121 2752 cum
1164 2706 1389 2750 matrem
1426 2708 1535 2749 non
1589 2692 1819 2747 vidisset
1885 2688 2146 2744 charissi-

584 2810 749 2856 mam,
806 2793 963 2861 longe
1021 2798 1163 2843 esset
1218 2787 1610 2857 peregrinatus.
1648 2784 1927 2849 Quomodo
1967 2790 2147 2835 autem

583 2895 659 2939 est
694 2881 1091 2936 mortuus?cst
1124 2880 1268 2931 enim
1318 2879 1418 2930 hoc
1473 2874 1630 2928 simul
1686 2872 2042 2941 philosophiae
2097 2875 2151 2923 et

585 2973 835 3029 utilitatis
877 2970 1163 3040 particeps.
1210 2965 1528 3036 [Egrotahat
1567 2963 1783 3032 quidem
1816 2962 1894 3015 vir
1943 2962 2052 3024 ille,
2098 2968 2151 3014 et

586 3064 808 3119 morbus
835 3077 956 3116 eum
985 3062 1095 3127 jam
1129 3074 1192 3113 co
1222 3058 1540 3121 deduxerat,
1578 3068 1634 3109 ut
1660 3056 1905 3109 ultimum
1969 3062 2153 3123 ageret

2250 1965 2353 2027 bis,
2387 1966 2597 2017 vocavit
2622 1966 2687 2017 ad
2711 1965 3043 2033 sepulcrum,
3094 1965 3431 2034 sepulcrum,
3469 1962 3714 2030 inquam,
3758 1976 3837 2014 ex

2250 2070 2358 2124 quo
2384 2055 2775 2108 admirabiliter
2805 2056 2989 2109 multis
3015 2057 3346 2109 seaturiebat
3370 2057 3476 2109 vita
3507 2064 3560 2109 et
3585 2055 3838 2107 curatio.

2326 2144 2459 2199 VIII.
2499 2146 2570 2199 Ex
2605 2146 2691 2200 his
2716 2162 2841 2200 vero
2867 2162 2972 2201 una
2998 2148 3345 2215 mulier,quze
3365 2148 3601 2199 habebat
3625 2145 3837 2206 lilium,

2251 2239 2409 2309 cujus
2444 2239 2639 2292 soluta:
2673 2247 2831 2291 erant
2860 2254 3076 2302 manus,
3106 2240 3307 2308 quique
3338 2253 3432 2291 eas
3462 2237 3674 2291 ferebat
3715 2252 3839 2289 non

2254 2347 2415 2385 secus
2444 2340 2606 2398 atque
2631 2331 2766 2397 lapis
2789 2344 2853 2382 ac
2886 2339 3089 2393 statua,
3110 2346 3236 2383 cum
3264 2330 3523 2384 ardenter
3556 2330 3843 2383 accessis-

2254 2433 2338 2477 set
2369 2422 2434 2475 ad
2473 2422 2804 2491 sepulcrum,
2835 2436 2943 2475 non
2995 2422 3151 2491 longa
3214 2438 3351 2491 opus
3420 2422 3610 2475 habuit
3648 2437 3839 2481 mora.

2254 2530 2366 2569 non
2400 2515 2650 2584 negotiis,
2685 2530 2792 2568 non
2823 2515 3016 2569 diebus
3050 2531 3063 2567 :
3100 2515 3193 2567 sed
3230 2530 3352 2567 cum
3388 2516 3623 2583 primunt
3653 2514 3843 2578 venit,

2255 2608 2302 2660 ei
2337 2622 2495 2676 opem
2533 2608 2658 2660 tulit
2686 2608 2749 2660 ad
2779 2607 3119 2661 liberandum
3151 2622 3181 2659 a
3208 2608 3399 2661 morbo
3423 2605 3616 2671 tilium,
3643 2607 3843 2659 oleum

2256 2709 2531 2766 sumptum
2572 2714 2639 2751 ex
2674 2700 2892 2750 lucerna
2927 2699 3068 2751 beati
3104 2700 3339 2765 sepulcri
3378 2716 3391 2752 :
3436 2714 3543 2767 quo
3570 2712 3698 2752 cum
3744 2698 3846 2749 illa

2258 2790 2353 2842 lilii
2386 2804 2605 2842 manum
2646 2788 2909 2849 auxisset,
2949 2790 3081 2841 vidit
3106 2791 3289 2842 statim
3326 2805 3448 2841 eum
3494 2799 3667 2841 totum
3702 2788 3845 2840 illae-

2258 2894 2399 2942 sum,
2450 2889 2506 2933 et
2562 2889 2807 2933 utentem
2858 2880 3111 2933 manibus
3163 2878 3328 2931 simul
3382 2879 3569 2932 liberis
3626 2888 3683 2931 et
3736 2894 3846 2931 suo

2261 2970 2609 3039 fungentibus
2662 2970 2859 3023 ollicio.
2898 2971 3050 3024 Alius
3077 2980 3255 3023 autem
3300 2985 3435 3038 puer
3467 2973 3658 3023 eodem
3703 2970 3841 3038 qui-

2260 3063 2383 3116 dem
2417 3064 2574 3114 ntodo
2615 3062 2866 3124 allectus,
2928 3063 2979 3115 in
3035 3062 3140 3116 hoc
3194 3078 3320 3116 vero
3372 3064 3487 3117 solo
3544 3062 3844 3127 ditfcrens,

584 3156 861 3226 spiritum.
890 3154 1004 3221 IpSe
1025 3167 1151 3204 VCI'O
1178 3166 1297 3204 Cum
1329 3164 1456 3205 SUOS
1475 3147 1815 3200 accersiisset
1834 3144 2150 3206 Ialniliares,
2184 3204 2227 3259 Ο
2261 3158 2402 3224 quod
2439 3157 2603 3225 priori
2631 3157 2849 3224 quidem
2878 3171 3097 3221 manus,
3130 3158 3178 3211 ci
3213 3167 3395 3211 autem
3451 3160 3617 3225 pedes
3673 3167 3845 3210 erant

656 3248 664 3256 -
933 3245 940 3253 -
971 3245 982 3259 I
1124 3242 1217 3259 A'I‘,
1278 3250 1394 3259 ,_-__
1443 3238 1706 3259 4-~_.I.__f.
1793 3248 1837 3259 Α.
1899 3253 1983 3259 Α-.-
2041 3237 2154 3259 ἓ--..-
2264 3250 2271 3257 ι
2436 3251 2444 3259 ι
2495 3249 2503 3259 ι
2644 3251 2650 3257 -
2964 3250 2974 3259 ι
3044 3249 3094 3259 οι.
3164 3251 3187 3259 Α
3218 3251 3225 3259 .
3349 3250 3398 3259 ι.
3629 3250 3636 3259 ι
3711 3249 3742 3259 -ι

586 3248 820 3313 primum
854 3245 1073 3312 quidem
1108 3242 1395 3310 diligenter
1441 3238 1731 3299 mandavit,
1788 3248 1843 3291 et
1893 3253 1986 3291 eos
2034 3237 2158 3308 jure

581 3336 817 3407 jurando
846 3334 1044 3403 adegit,
1078 3343 1135 3385 ut
1187 3346 1309 3385 eum
1378 3330 1698 3382 mandarent
1754 3330 2025 3395 sepulcro,
2078 3329 2159 3383 sic

586 3433 858 3492 indutum,
902 3436 955 3481 et
980 3438 1321 3493 nequaquam
1357 3422 1408 3473 in
1431 3421 1610 3491 ipsum
1641 3421 2018 3483 observarent,
2040 3434 2159 3487 qua:

588 3523 845 3579 solentin
900 3518 1149 3572 mortuis.
1208 3515 1412 3568 Deinde
1471 3528 1595 3567 cum
1654 3527 1844 3565 omnes
1905 3512 2161 3581 jussisset

587 3621 739 3665 extra
764 3610 905 3664 fores
936 3608 1141 3679 egredi,
1176 3607 1289 3675 ipse
1322 3606 1496 3659 solum
1541 3604 1781 3657 inclusus
1814 3605 1902 3656 dat
1940 3621 1996 3656 se
2043 3620 2163 3656 ora-

591 3704 745 3757 tioni.
795 3702 982 3755 Oratio
1032 3710 1211 3751 autem
1250 3706 1365 3749 erat
1402 3696 1601 3763 (audita
1640 3697 1783 3749 enim
1819 3694 1919 3748 fuit
1952 3710 1980 3747 a
2028 3710 2162 3763 quo-

590 3796 737 3856 dam,
795 3792 885 3862 qui
950 3804 1115 3860 prope
1180 3788 1323 3842 forcs
1369 3787 1751 3853 auscultabat)
1806 3796 1865 3839 ut
1930 3788 2046 3855 ejus
2096 3784 2160 3839 ad

591 3886 759 3942 Deum
793 3897 1051 3939 excessus
1079 3890 1227 3935 esset
1270 3880 1560 3943 obscurus,
1611 3888 1665 3931 et
1720 3878 1851 3931 nulli
1888 3878 2159 3946 cognitus,

590 3977 863 4048 quomodo
886 3976 1048 4026 etiam
1084 3982 1190 4025 tota
1217 3972 1329 4025 fere
1363 3974 1481 4038 ejus
1512 3972 1615 4021 vita
1647 3970 1783 4020 nulli
1817 3968 1991 4021 evasit
2050 3983 2164 4019 nia-

593 4065 960 4124 nii‘esta.(‘.um
993 4078 1120 4116 vero
1156 4061 1256 4114 alia
1313 4075 1525 4128 quoque
1580 4059 1869 4127 adjeeisset
1909 4060 2161 4124 orationi,

595 4168 650 4213 et
680 4160 878 4229 egisset
899 4154 1122 4226 gratias,
1154 4161 1207 4205 et
1230 4161 1504 4220 postremo
1538 4148 1768 4202 dixisset
1807 4167 1817 4200 :
1848 4148 1909 4201 In
1977 4166 2163 4202 manus

595 4260 712 4301 tuas
744 4244 1045 4299 commendo
1104 4243 1346 4309 spiritum
1416 4255 1588 4291 meum
1628 4237 1693 4298 ιο,
1746 4254 1873 4291 vere
1921 4250 2163 4292 sanctam

595 4340 777 4394 emisit
810 4337 1066 4390 animam.
1087 4333 1315 4397 Quidam
1343 4337 1525 4383 autem
1563 4342 1627 4381 ex
1655 4330 1723 4382 iis
1747 4329 1836 4398 qui
1870 4330 2167 4398 sepulturae

598 4431 718 4500 ejus
740 4427 1131 4488 inserviebant,
1161 4425 1329 4493 magis
1356 4423 1589 4486 .rustice,
1618 4438 1779 4492 quam
1811 4423 1920 4491 pie,
1963 4422 2015 4475 in
2066 4424 2168 4477 hoc

2263 3249 2570 3301 immobiles
2601 3266 2613 3301 :
2643 3251 2686 3301 is
2740 3265 2872 3316 ergo
2933 3249 3097 3301 simili
3160 3251 3264 3301 [ide
3312 3250 3550 3309 oblatus,
3597 3249 3845 3300 similem

2260 3354 2476 3407 quoque
2506 3341 2833 3392 consecutus
2859 3339 2960 3390 fuit
3002 3338 3368 3390 curationem.
3427 3337 3561 3390 Nam
3603 3352 3733 3389 cum
3796 3338 3845 3390 is

2260 3442 2474 3496 quoque
2539 3437 2739 3480 unctus
2792 3435 2939 3480 esset
2993 3425 3047 3479 in
3105 3428 3339 3496 pedibus
3385 3429 3511 3483 oleo
3564 3426 3844 3489 lacerum,

2262 3521 2511 3589 protinus
2542 3519 2768 3584 exsiliit,
2798 3528 2854 3573 et
2905 3518 3009 3572 fuit
3058 3535 3221 3575 causa
3279 3534 3489 3591 magnae
3536 3521 3845 3590 gratiarum

2262 3612 2515 3671 actionis,
2602 3628 2722 3677 quae
2803 3610 3132 3665 oll‘erebatur
3216 3613 3319 3682 ipsi
3411 3623 3621 3675 sancto,
3738 3614 3842 3682 qui

2263 3711 2570 3765 curaverat,
2616 3712 2668 3755 et
2704 3702 2836 3764 Deo,
2895 3703 2985 3770 qui
3036 3704 3344 3771 prmbuerat
3376 3705 3602 3774 gratiam
3662 3722 3847 3759 cura-

2267 3802 2493 3844 ttonum.

2337 3882 2425 3935 IX.
2465 3883 2670 3935 Rursus
2725 3892 2905 3935 autem
2971 3882 3167 3936 mulier
3225 3894 3415 3936 vexata
3480 3898 3509 3936 a
3569 3884 3846 3948 drcrnone,

2269 3973 2489 4026 liberata
2523 3984 2606 4027 est
2639 3990 2668 4027 a
2701 3976 2941 4042 maligno
2974 3976 3169 4044 Spiritu
3210 3991 3329 4030 eam
3395 3986 3648 4039 vexante,
3705 3993 3842 4031 curn

2267 4064 2439 4117 solum
2464 4066 2787 4115 accessisset
2842 4066 2907 4117 ad
2946 4067 3290 4132 sepulcrum,
3328 4079 3381 4121 et
3413 4071 3637 4137 pulchre
3705 4070 3849 4123 didi-

2268 4156 2454 4219 cisset,
2488 4155 2943 4223 quemadmodum
3016 4158 3101 4208 lux
3160 4162 3504 4226 persequitur
3565 4163 3848 4225 tenebras,

2268 4260 2321 4304 et
2362 4265 2518 4317 quam
2550 4250 2621 4301 sit
2653 4248 2928 4311 terribilis,
2971 4248 3144 4302 bonus
3176 4258 3228 4301 el
3262 4260 3443 4318 gratus
3475 4266 3667 4304 servus
3696 4259 3849 4307 man

2269 4355 2428 4394 Servo
2456 4351 2509 4391 et
2542 4340 2784 4407 fugitivo,
2814 4349 3033 4407 preptcr
3061 4357 3177 4419 eam
3222 4358 3341 4409 qum
3375 4343 3423 4395 ei
3457 4357 3576 4395 eum
3609 4341 3849 4397 Domino

2271 4432 2576 4491 intercedit,
2604 4432 3043 4499 conjunctioncm
3077 4445 3131 4485 et
3161 4434 3606 4489 familiaritatem.
3672 4436 3851 4490 Porro

597 4518 852 4572 mandato
881 4516 1227 4583 exsequendo
1258 4513 1461 4572 allecti,
1498 4526 1604 4563 non
1637 4512 1813 4563 solum
1841 4526 1963 4564 cum
2001 4512 2164 4565 vesti-
2205 4536 2244 4590 ο
2278 4532 2458 4575 autem
2504 4522 2594 4573 am
2629 4537 2844 4590 quoque
2873 4523 3107 4584 muneri,
3139 4540 3256 4592 qum
3294 4527 3436 4593 gravi
3468 4528 3660 4579 morbo
3692 4528 3851 4581 laba-

600 4611 800 4667 mentis
826 4618 881 4662 et
912 4609 1131 4668 calceis.
1165 4606 1367 4676 quibus
1407 4614 1525 4659 erat
1557 4604 1802 4667 indutus,
1841 4603 1937 4659 sed
2002 4604 2167 4657 etiam

599 4718 723 4759 cum
760 4701 1037 4771 stragulis,
1080 4700 1135 4753 in
1192 4700 1391 4767 quibus
1442 4698 1681 4767 jaeebat,
1714 4697 1764 4749 in
1792 4697 1965 4766 lignea
2008 4711 2169 4763 capsa

602 4797 683 4850 sic
768 4792 1110 4862 impositum,
1174 4790 1323 4843 humi
1381 4788 1625 4843 condunt
1672 4803 1821 4850 eum,
1885 4787 1974 4856 qui
2038 4787 2172 4841 nihil

603 4886 837 4940 habebat
867 4884 1091 4953 dignum
1125 4881 1386 4943 tenebris,
1412 4882 1559 4933 nube
1596 4880 1819 4933 omnino
1853 4879 2048 4943 solem,
2081 4888 2172 4933 aut

602 4980 805 5051 lignum
837 4975 1042 5041 modio,
1072 4982 1165 5028 aut
1189 4974 1392 5043 potius,
1423 4975 1466 5028 si
1502 4974 1696 5037 mavis,
1733 4974 1784 5027 in
1817 4974 1951 5028 cella
2004 4990 2171 5043 pena-

602 5072 683 5125 ria
718 5067 1543 5139 pretiosissimumthesaurum,
1579 5074 1635 5119 et
1674 5067 1766 5135 qui
1829 5080 1937 5118 non
1993 5074 2174 5134 potest

603 5160 869 5230 consumi.
904 5158 1010 5213 Sed
1043 5157 1133 5211 ille
1164 5156 1240 5210 sic
1262 5157 1483 5225 quidem
1511 5155 1615 5209 fuit
1664 5156 1918 5210 conditus
1953 5174 1965 5209 :
2030 5154 2172 5212 Deus

602 5260 784 5304 autem
804 5264 914 5302 non
936 5262 1128 5319 passus
1145 5254 1365 5299 csteum
1382 5246 1568 5305 latere,
1595 5246 1690 5299 sed
1716 5260 1840 5298 cum
1865 5247 2041 5303 reddit
2062 5263 2173 5301 ma-

605 5341 859 5396 nifestum
891 5355 1052 5395 causa
1076 5339 1373 5393 multorum
1394 5336 1665 5394 utilitatis.
1700 5338 1790 5393 Sic
1812 5349 1992 5393 autem
2016 5339 2164 5394 facit.

671 5434 787 5489 VII.
824 5434 917 5487 Vir
939 5436 1157 5503 quidam
1191 5449 1220 5486 a
1253 5432 1446 5499 spiritu
1470 5432 1770 5486 vexabatur
1815 5433 2171 5498 daemoniaco,

604 5526 751 5582 Elias
774 5527 1018 5589 nomine,
1051 5541 1173 5580 eum
1201 5533 1322 5594 post
1348 5534 1580 5579 mortem
1612 5524 1789 5579 sancti
1848 5539 1955 5577 non
2018 5526 2168 5579 tntilli

605 5616 720 5671 dies
749 5617 1161 5686 praeteriissent.
1193 5615 1437 5684 Repente
1487 5615 1697 5669 accedit
1738 5616 1805 5670 ad
1838 5616 2167 5686 sepulcrum,

715 5793 756 5825 ³⁸
787 5791 931 5849 Ps'al.
968 5810 1094 5857 xxx,
1118 5794 1169 5847 6.
1283 5794 1322 5824 ”
1357 5790 1499 5848 Psal.
1533 5807 1691 5857 cxxv,
1725 5791 1778 5845 5.

2271 4617 2444 4677 rabat,
2482 4612 2581 4668 fuit
2622 4614 2885 4668 mirabilis
2914 4617 3123 4671 curatio
3186 4618 3385 4669 solutio
3441 4619 3675 4683 sepulcri
3723 4623 3849 4688 pul-

2269 4707 2349 4760 vis
2420 4718 2673 4775 sumptus
2735 4722 2857 4759 cum
2918 4705 3060 4772 lide,
3122 4707 3319 4761 deinde
3376 4726 3514 4777 aqua
3579 4724 3845 4778 conSper-

2270 4812 2382 4861 sus,
2419 4806 2513 4851 aut
2566 4807 2624 4851 ut
2657 4798 2849 4851 melius
2914 4798 3111 4857 dicam,
3155 4800 3272 4867 ejus
3322 4800 3595 4871 Iacrymis,
3647 4815 3703 4856 et
3744 4804 3849 4855 im-

2271 4888 2483 4956 positus
2543 4888 2681 4956 parti
2737 4887 3008 4953 corporis,
3053 4904 3172 4957 quae
3216 4891 3351 4944 male
3381 4906 3437 4943 se
3471 4891 3724 4946 habebat.
3792 4895 3851 4945 Et

2280 4980 2403 5033 ideo
2464 4994 2587 5033 cum
2659 4980 2986 5034 seminasset
3041 4980 3097 5035 in
3156 4982 3411 5052 lacrymis
3458 4982 3722 5038 ferventis
3798 4988 3847 5037 in

2278 5072 2445 5125 Deum
2508 5070 2654 5137 ﬁdei,
2702 5072 2929 5125 messuit
2987 5072 3401 5128 exsultationem
3438 5076 3742 5127 curationis
3787 5078 3847 5126 ”.

2276 5163 2393 5217 Non
2427 5165 2613 5232 paucis
2640 5178 2853 5231 quoque
2892 5164 3009 5216 aliis
3058 5165 3196 5219 male
3248 5165 3480 5227 allectis,
3541 5167 3636 5229 qui
3694 5166 3849 5233 longe

2278 5254 2523 5319 aberant,
2561 5255 2662 5309 tide
2722 5265 2901 5308 autem
2930 5269 3039 5308 non
3076 5266 3227 5311 erant
3282 5258 3460 5327 longe,
3513 5257 3607 5311 hic
3670 5261 3846 5327 pulvis

2280 5344 2345 5398 ad
2381 5360 2473 5398 eos
2502 5345 2719 5409 allatus,
2755 5350 2900 5401 visus
2951 5356 3033 5400 est
3099 5359 3284 5417 aptum
3342 5349 3395 5401 in
3459 5349 3610 5403 omni
3657 5352 3847 5403 morbo

2283 5433 2757 5497 medicamentum,
2791 5435 3010 5503 etquod
3044 5436 3228 5488 multis
3255 5450 3467 5503 quoque
3488 5435 3608 5488 aliis
3675 5436 3846 5490 modis

2281 5535 2395 5577 erat
2426 5526 3060 5594 jucundissimum.Nam
3087 5544 3207 5581 eum
3272 5544 3359 5595 eo,
3422 5529 3565 5597 quod
3624 5530 3849 5583 curabat

2282 5618 2606 5687 certissime,
2687 5619 2919 5673 habebat
2972 5621 3133 5674 etiam
3198 5620 3555 5686 celeritatem,
3617 5632 3672 5677 et
3728 5636 3844 5677 Cum
