3972 6460
121 416 218 483 493

1410 420 1585 479 νιΤΑ
1626 419 1687 478 S.
1722 418 2122 480 EUDOCIMI.

3283 416 3390 481 494

119 536 414 599 celeritate,
452 534 717 590 molestiae
750 537 1097 602 vacuitatem,
1127 547 1180 591 et
1239 552 1362 592 cum
1435 537 1699 592 molestiae
1731 544 1772 597 Α
1804 537 2088 599 rationem,
2116 536 2379 599 ipsorum,
2420 534 2660 602 inquam,
2700 532 3058 603 malignorum
3096 534 3389 603 spirituum

122 630 406 691 rat-nime,
466 632 613 698 quod
640 631 787 684 nulla
812 630 1165 686 eratomnino
1186 630 1442 684 solvenda
1462 646 1697 696 merces,

116 731 162 774 et
197 720 336 773 nihil
378 720 599 790 penitus
631 722 817 777 damni
852 722 1246 792 accipiebatur.
1326 723 1554 777 Deﬁciet
1612 737 1701 777 me

119 816 325 881 tempus
373 823 428 868 et
458 816 655 878 oratio,
698 816 1035 885 defectaeque
1074 823 1238 870 erunt
1300 831 1496 869 manus
1568 818 1702 871 seri-

115 906 314 973 ptionis
374 907 524 976 operi
586 909 911 965 servientes.
1003 908 1049 963 si
1114 909 1449 962 voluerimus
1521 909 1701 962 omnia

116 996 612 1066 comprehendere,
678 1015 797 1067 quae
862 1008 915 1053 et
993 1000 1148 1070 prius
1231 1000 1342 1064 ille,
1443 1000 1533 1056 ubi
1601 999 1702 1053 fuit

112 1091 376 1155 sepultus,
416 1099 471 1141 et
505 1104 650 1144 nunc
684 1092 791 1145 huc
820 1107 1045 1163 quoque
1081 1091 1398 1157 translatus,
1435 1091 1564 1147 facit
1600 1093 1699 1146 mi-

113 1182 313 1236 tacula.

176 1271 241 1326 Χ.
282 1271 559 1337 Quoniam
592 1288 775 1331 autem
812 1277 1191 1331 translationis
1220 1276 1473 1330 meminit
1499 1277 1696 1339 oratio,

110 1363 169 1414 de
241 1378 306 1416 ea
364 1380 587 1434 quoque
658 1367 1001 1422 tractandum
1073 1375 1176 1433 est,
1238 1368 1699 1437 quemadmodum

108 1454 237 1507 facta
274 1456 349 1509 sit
385 1466 438 1511 et
479 1474 729 1527 quamam
766 1460 1135 1523 fueritcausa,
1183 1461 1328 1529 quod
1370 1461 1515 1515 illius
1581 1478 1703 1516 cor-

110 1564 201 1615 pus
220 1550 503 1617 sepultum
534 1552 586 1604 in
612 1551 809 1607 finibus
833 1552 1141 1617 Charsiani,
1163 1554 1232 1608 sit
1259 1556 1310 1608 itt
1331 1556 1477 1609 hanc
1494 1555 1699 1625 regiam

107 1644 428 1697 translatum
458 1645 755 1701 civitatem.
794 1647 986 1718 Magna
1028 1657 1083 1701 et
1135 1650 1288 1703 velox
1353 1664 1472 1717 ejus
1538 1650 1701 1702 mira-

108 1737 354 1790 culorum
405 1736 552 1791 fama
613 1740 667 1791 in
743 1755 940 1795 omnes
995 1749 1179 1810 partes
1234 1741 1587 1809 pervadebat,
1643 1750 1700 1795 et

104 1828 363 1894 implebat
391 1844 551 1883 aures
574 1831 858 1885 omnium:
896 1841 1164 1884 etnatura
1201 1831 1420 1900 quidem
1484 1832 1563 1885 sic
1600 1831 1695 1884 ha-

110 1919 290 1981 bebat,
317 1935 468 1974 nunc
496 1930 679 1974 autem
717 1921 959 1977 velocior
988 1939 1207 1993 quoque
1240 1924 1384 1978 facta
1418 1933 1504 1979 cst
1568 1940 1696 1995 pro-

105 2020 219 2081 pter
248 2012 328 2067 rei
363 2014 691 2068 novitatem.
724 2012 829 2070 Ubi
862 2016 1009 2071 enim
1067 2017 1372 2086 speraverit
1402 2016 1696 2089 quispiam,

105 2106 387 2162 hominem
424 2109 480 2162 in
506 2111 712 2165 mundo
752 2113 1053 2176 viventem,
1087 2122 1142 2167 et
1171 2115 1261 2182 qui
1325 2115 1511 2183 populi
1577 2130 1699 2169 sus-

108 2211 326 2269 ceperat
376 2201 940 2265 administrationem,
1002 2213 1057 2256 et
1106 2203 1200 2272 qui
1268 2204 1495 2274 singulis
1546 2205 1698 2259 horis

106 2296 265 2345 tantis
292 2292 610 2359 agitabatur
638 2290 919 2356 ﬂuctibus,
955 2308 1116 2361 posse
1152 2309 1249 2363 per
1281 2309 1341 2349 se
1383 2296 1694 2364 quiescere,

105 2393 152 2435 et
221 2383 552 2437 interiorem
616 2385 895 2440 hominem
964 2386 1165 2441 habere
1226 2387 1376 2441 nulla
1444 2396 1696 2442 vexatum

104 2475 377 2537 molestia,
416 2474 731 2545 illiesosqne
755 2486 807 2531 et
839 2477 1164 2531 manifestos
1196 2478 1249 2531 in
1283 2494 1341 2531 se
1368 2494 1699 2534 conservare

104 2579 251 2637 typos
286 2568 383 2621 Dei
417 2569 719 2631 memoriae,
753 2578 807 2622 et
874 2570 994 2636 ejus
1053 2579 1198 2623 tnetn
1261 2584 1357 2623 cor
1420 2574 1697 2625 custodire

102 2662 364 2712 mundum
409 2660 481 2711 ab
539 2660 796 2713 omnibus
868 2660 1179 2715 sordibus?
1240 2660 1373 2714 Nam
1436 2662 1693 2731 pietatem

102 2752 316 2813 quidem
350 2764 635 2815 exercere,
671 2760 728 2806 et
758 2753 1011 2821 amplecti
1043 2753 1411 2815 honestatem,
1448 2753 1698 2808 virtutis-

103 2858 198 2910 que
228 2844 639 2914 aliquantisper
695 2854 752 2900 et
802 2846 894 2900 Dei
954 2846 1696 2913 meminissemandatorum,

104 2956 147 2988 ιιι
172 2938 363 2991 multis
395 2938 633 2991 fortasse
688 2937 939 2990 invenies
1001 2954 1065 2992 ex
1129 2940 1197 2993 iis
1254 2940 1439 3005 etiam,
1492 2942 1583 3011 qui
1642 2941 1695 2995 itt

102 3032 302 3083 mundo
334 3031 552 3083 vivunt.
592 3028 713 3083 Non
758 3030 902 3083 enim
960 3044 1054 3083 eos
1084 3031 1309 3085 omnino
1340 3034 1541 3086 virtute
1593 3050 1698 3087 nu-

99 3121 374 3181 dabimns,
409 3129 465 3172 et
502 3129 763 3189 tanquam
813 3122 1089 3191 propriam
1142 3124 1547 3191 possessionem
1616 3127 1697 3179 eis

102 3212 222 3264 solis
267 3212 608 3274 tribuemus,
641 3212 736 3282 qui
776 3221 957 3267 sunta
1010 3216 1216 3269 mundo
1276 3217 1534 3286 separati.
1590 3216 1697 3272 Sed

101 3305 159 3357 ad
201 3314 417 3358 tantam
446 3304 875 3374 impatibilitatis
910 3317 964 3361 ct
988 3307 1203 3362 virtutis
1268 3324 1389 3364 esse
1444 3319 1697 3366 evectum

102 3397 473 3459 altitudinem,
504 3408 565 3449 ut
606 3408 978 3467 consequatur
1007 3401 1129 3468 quis
1155 3401 1384 3471 gratiam
1424 3412 1478 3457 et
1509 3404 1696 3474 splen~

101 3487 279 3539 dorem
317 3486 744 3551 miraculorum,
783 3487 834 3541 id
863 3503 1055 3543 eorum
1093 3491 1267 3543 solum
1307 3492 1537 3553 dixeris.
1600 3496 1696 3562 qui

105 3583 301 3633 mundo
363 3591 417 3633 et
472 3580 771 3630 mundanis
821 3581 1077 3637 erunibus
1146 3586 1373 3635 multam
1453 3586 1689 3639 salutem

102 3677 379 3733 iuverunt,
417 3681 480 3723 er
512 3672 841 3726 solitudines
865 3674 1039 3744 magis
1085 3688 1248 3743 quam
1313 3676 1583 3744 civitates,
1636 3688 1694 3733 et

101 3768 328 3829 deserta,
363 3774 416 3818 et
445 3763 609 3833 longe
658 3780 779 3822 esse
812 3779 1077 3822 remotmu
1109 3773 1177 3823 ab
1235 3770 1424 3824 amicis
1480 3782 1698 3842 propter

103 3856 378 3910 Christum
412 3868 542 3911 sunt
574 3858 830 3926 amplexi,
859 3874 1163 3928 eorumque
1214 3876 1520 3929 paucorum
1560 3882 1573 3917 :
1620 3864 1694 3915 si-

103 3951 314 4015 quidem
389 3963 692 4017 paucorum
724 3952 976 4003 novimus
1008 3966 1125 4003 eam
1151 3967 1269 4019 qua:
1296 3961 1379 4005 est
1414 3968 1511 4021 pro
1566 3954 1697 4007 viri-

104 4040 217 4093 bus.
252 4039 685 4108 perfectionem.

173 4130 265 4185 XI.
285 4130 427 4183 Cum
454 4131 533 4185 sic
554 4146 686 4201 ergo
705 4130 848 4185 fama
868 4134 983 4203 ejus
1016 4134 1206 4191 mortis
1225 4143 1279 4191 et
1306 4137 1692 4194 miraculorum

102 4233 233 4277 esset
266 4225 541 4293 dispersa,
570 4226 692 4294 ejus
731 4235 988 4296 parentes
1028 4228 1135 4301 (eis
1181 4231 1327 4285 enim
1370 4233 1551 4286 adhuc
1608 4232 1697 4284 vi-

103 4319 358 4374 ventibus
382 4329 464 4371 est
502 4329 757 4376 mortuus
784 4322 799 4388 )
832 4330 887 4378 et
917 4323 1153 4378 maxime
1181 4334 1376 4387 mater,
1402 4339 1524 4392 quae
1578 4339 1695 4379 ma-

105 4414 244 4467 ximo
274 4424 332 4467 et
373 4413 799 4481 germanissimo
831 4430 1040 4478 amore,
1074 4425 1133 4470 ut
1171 4417 1312 4472 filios
1352 4417 1533 4471 solent
1582 4433 1695 4472 ma-

107 4516 232 4569 tres,
263 4520 393 4559 eum
420 4505 887 4574 prosequebatur,
921 4523 1177 4577 magnum
1210 4508 1387 4577 ignem
1420 4508 1695 4564 habebant

1810 626 2235 694 morborumque
2292 634 2345 679 et
2379 622 2755 689 aﬂectionum,
2788 633 2846 677 ut
2880 623 2971 692 qui
3029 624 3257 693 perinde
3323 640 3387 679 ac

1807 720 1852 772 si
1886 718 2200 772 horribilem
2240 729 2527 781 terrorem,
2588 730 2641 771 et
2687 717 2948 771 accedere
2994 732 3105 771 non
3159 716 3385 787 perutil-

1807 819 2031 874 tentetn,
2066 812 2143 865 eis
2174 811 2403 864 incutiat
2458 812 2794 880 sepulcrum,
2829 825 2936 863 non
2994 809 3207 879 possint
3255 826 3384 879 per-

1807 920 2057 958 manere:
2101 905 2185 958 vel
2214 904 2395 972 potius
2429 914 2485 958 ut
2533 906 2722 958 hostes
2777 903 2998 972 quidam
3049 914 3102 957 et
3146 904 3383 968 inimici,

1808 994 1899 1062 qui
1956 992 2114 1049 fortis
2172 994 2522 1064 imperatoris
2582 1010 2652 1049 ne
2701 996 2916 1063 possint
2964 994 3185 1064 quidem
3239 995 3385 1049 ferre

1804 1097 2182 1153 conspectum,
2216 1087 2309 1141 sed
2369 1103 2463 1141 eos
2498 1101 2636 1155 quos
2667 1097 2956 1156 ceperunt,
2987 1088 3171 1141 statim
3205 1088 3393 1143 dimit-

1807 1186 1940 1239 tant,
1975 1187 2029 1232 et
2064 1179 2115 1231 in
2138 1178 2313 1249 fugam
2344 1193 2401 1231 se
2428 1178 2725 1247 conjiciant
2758 1196 2772 1245 ;
2808 1178 2921 1232 hzec
2945 1194 3070 1231 cum
3106 1179 3194 1232 illa
3228 1180 3393 1234 vidis-.

1808 1276 1912 1328 set,
1983 1278 2037 1322 et
2086 1270 2341 1337 sepulcro
2387 1269 2584 1323 fuisset
2625 1269 2982 1334 circumfusa,
3032 1270 3278 1338 jucunde
3334 1282 3390 1325 et

1804 1368 2088 1413 etcauore
2122 1360 2379 1426 deﬂebat,
2429 1362 2625 1430 partim
2688 1360 2908 1431 quidem
2961 1363 3130 1417 tilium
3200 1362 3390 1434 lugens

1807 1460 1866 1505 ut
1896 1462 2193 1518 mortuum,
2226 1453 2423 1523 partim
2456 1463 2641 1509 autem
2693 1465 2755 1511 ut
2800 1471 2863 1510 ex
2926 1457 3035 1510 Deo
3091 1456 3385 1523 viventem,

1804 1553 1861 1597 et
1895 1544 2058 1598 tantis
2096 1544 2377 1615 dignatum
2410 1547 2690 1600 miraculis
2718 1547 2999 1602 admirans
3028 1588 3042 1613 ,
3068 1558 3123 1601 et
3186 1560 3243 1603 ut
3268 1564 3392 1618 qua:

1806 1636 1920 1705 ipsa
1952 1652 2169 1707 quoque
2194 1639 2366 1710 gratia
2388 1647 2443 1693 et
2470 1638 2641 1709 gloria
2676 1639 2972 1707 frueretur,
3004 1648 3144 1696 eteo
3167 1643 3391 1698 nomine

1806 1726 2151 1796 gloriaretur.

1876 1818 1989 1872 ΧΗ.
2024 1820 2148 1886 Fili,
2208 1839 2341 1877 voce
2393 1824 2607 1881 dicebat
2639 1824 2853 1892 altiore,
2910 1825 3004 1889 fili,
3062 1825 3150 1880 lux
3187 1834 3391 1881 aeterna

1803 1926 2048 1966 meorum
2074 1914 2381 1979 oculorum,
2411 1917 2506 1981 fili,
2533 1933 2794 1973 arcanum
2831 1919 3104 1987 quoddam
3127 1918 3393 1973 etineﬂiiq

1803 2005 1911 2061 bile
1945 2007 2149 2063 bonum
2180 2011 2503 2080 parentibus
2538 2029 2552 2065 :
2585 2011 2862 2067 undenam
2908 2013 3003 2067 tibi
3072 2012 3189 2067 haec
3243 2013 3391 2070 clara

1802 2106 1858 2152 et
1892 2116 2084 2171 magna
2108 2102 2198 2156 lux
2218 2103 2565 2161 curationum
2600 2104 2620 2157 ?
2653 2102 2939 2160 Undenam
2972 2107 3193 2175 copiosa
3237 2106 3395 2161 ﬂttxit

1802 2195 1971 2262 gratia
2008 2197 2247 2264 Spiritus
2275 2198 2298 2250 ?
2334 2200 2415 2251 An
2438 2208 2566 2253 sunt
2597 2198 2710 2253 hinc
2736 2200 2962 2252 omnino
2987 2200 3088 2268 pia:
3125 2200 3249 2254 vitae
3302 2217 3390 2253 re-

1804 2287 2139 2351 muneratio,
2215 2297 2268 2341 et
2305 2290 2651 2343 occultorum
2708 2291 3011 2345 laborum?
3068 2295 3149 2345 Au
3209 2295 3393 2363 potius

1814 2391 1924 2430 non
1946 2377 2122 2432 solum
2150 2381 2551 2444 remuneratio,
2607 2382 2702 2434 sed
2747 2381 2907 2435 arrha
2953 2390 3014 2436 et
3067 2384 3391 2453 procemium

1803 2470 2095 2535 bonormn,
2128 2488 2249 2541 quae
2284 2478 2333 2529 te
2366 2484 2489 2543 post
2526 2474 2640 2528 haec
2668 2486 2896 2529 manent
2928 2477 2950 2528 ?
2992 2474 3123 2530 Sum
3151 2492 3253 2544 ego
3308 2493 3393 2533 re-

1804 2578 1928 2615 vera
1957 2564 2111 2618 heata
2154 2566 2297 2619 inter
2344 2578 2566 2632 matres,
2627 2584 2749 2637 qua:
2796 2569 2957 2637 digna
2996 2585 3114 2623 sum
3179 2571 3387 2641 habita,

1800 2669 1919 2720 qure
1951 2669 2128 2710 essem
2168 2667 2221 2711 et
2255 2673 2482 2711 vocarer
2542 2669 2714 2713 mater
2758 2661 2880 2714 talis
2949 2661 3063 2715 ﬁlii.
3130 2661 3244 2715 Non
3294 2665 3387 2717 tibi

1802 2746 2035 2816 amplius
2062 2760 2295 2804 contexo
2328 2752 2751 2808 lamentationes
2790 2763 3073 2807 maternas
3126 2763 3388 2824 tanquam

1803 2839 1935 2906 filio,
1968 2843 2062 2897 sed
2099 2854 2354 2913 tanquam
2394 2848 2485 2900 Dei
2522 2849 2705 2901 amico
2729 2846 2961 2918 hymnos
2980 2863 3119 2902 cano
3172 2850 3393 2918 spirita-

1804 2935 1905 2987 les.
1940 2932 2055 2987 Non
2094 2937 2329 3005 amplius
2366 2947 2415 2991 te
2444 2954 2577 2992 voco
2608 2940 2801 3003 lilium,
2832 2950 2886 2993 et
2912 2941 3149 2994 fructum
3189 2942 3395 2999 ventris

1804 3028 1932 3090 mei,
1955 3028 2046 3082 sed
2078 3028 2245 3082 filium
2281 3028 2374 3081 Dei
2411 3045 2508 3098 per
2532 3029 2785 3100 gratiam.
2820 3046 2929 3083 non
2981 3046 3045 3083 ex
3096 3033 3382 3101 sanguini-

1802 3120 1925 3185 bus,
1956 3136 2058 3175 nec
2092 3136 2155 3174 ex
2209 3122 2491 3176 voluntate
2549 3123 2758 3185 carnis,
2814 3124 2907 3177 sed
2958 3139 3146 3178 revera
3204 3134 3392 3178 natum

1726 3250 1767 3305 ϐ
1805 3228 1870 3264 ex
1895 3213 2005 3265 Deo
2039 3213 2103 3265 ¹³.
2150 3215 2322 3276 Quem
2382 3228 2509 3267 cum
2552 3214 2668 3282 ipsa
2725 3216 3006 3283 genueritn
3077 3215 3393 3279 Carnaliter,

1801 3304 1869 3358 ab
1914 3305 2030 3372 ipso
2083 3319 2277 3357 rursus
2342 3306 2581 3359 vicissim
2616 3320 2847 3375 generor
2881 3307 3221 3377 spiritaliter.
3281 3307 3395 3366 Nec

1800 3396 2066 3451 erubesco
2093 3413 2218 3453 eum
2252 3412 2449 3452 vorare
2498 3408 2729 3468 patrem,
2799 3398 2957 3469 cujus
3017 3416 3179 3455 verus
3238 3414 3395 3472 pater

1801 3498 1885 3544 est
1914 3490 2001 3543 ille
2035 3491 2273 3544 ccelcstis
2304 3509 2316 3544 :
2345 3493 2559 3560 cognati
2593 3503 2797 3553 autem,
2826 3493 2999 3563 angeli
3056 3502 3113 3547 et
3170 3505 3390 3550 sancto-

1800 3594 1923 3632 rum
1960 3580 2205 3634 omnium
2234 3580 2409 3644 chori,
2453 3583 2721 3634 honorum
2756 3596 2985 3650 operum
3047 3586 3392 3641 communio-

1801 3683 1891 3731 ne,
1929 3679 1984 3723 et
2031 3672 2340 3738 requalitate
2380 3671 2861 3725 remunerationis.
2892 3670 3093 3725 Curam
3137 3689 3263 3741 gere
3292 3692 3391 3745 pa-

1802 3772 2046 3820 rentum.
2087 3762 2291 3830 quibus
2322 3772 2405 3816 est
2431 3766 2651 3832 gravius
2690 3765 2764 3817 tui
2813 3764 3174 3832 desiderium,
3228 3780 3388 3837 qua.

1800 3862 2074 3907 senectus.
2112 3852 2299 3923 Atqui,
2330 3869 2363 3909 ο
2396 3853 2736 3919 charissime,
2764 3858 2995 3926 pulchre
3020 3860 3225 3913 carnali
3289 3870 3394 3916 tua

1800 3946 1961 3999 matri
1991 3945 2194 4000 referes
2220 3948 2449 4017 gratiam
2481 3964 2578 4015 pro
2607 3948 2751 4002 datis
2796 3949 3091 4015 alimentis,
3127 3952 3172 4007 si
3227 3952 3392 4023 spiri-

1798 4039 1890 4092 tali
1948 4048 2042 4092 tuo
2108 4037 2254 4093 Patri
2325 4040 2435 4093 tuis
2489 4039 2973 4097 intercessionibus
3020 4058 3141 4098 eam
3197 4046 3395 4101 reddas

1799 4131 2149 4186 familiarem.
2210 4132 2448 4187 Pulchre
2527 4149 2747 4204 quoque
2805 4138 2948 4204 patri
3026 4148 3119 4191 tuo
3188 4140 3394 4194 referes

1798 4226 2045 4295 gratiam,
2069 4225 2211 4296 quod
2245 4235 2296 4281 te
2323 4226 2390 4281 ad
2427 4227 2553 4293 hoc,
2586 4240 2838 4292 utesses,
2877 4228 3215 4298 produxerit,
3247 4235 3289 4285 si
3324 4235 3391 4289 ad

1797 4317 1919 4385 ejus
1973 4318 2275 4373 senectutis
2346 4328 2403 4373 et
2468 4320 2861 4374 imbecillitatis
2940 4323 3182 4391 requiem
3240 4325 3395 4381 sinus

1801 4409 2037 4463 Abrahae
2067 4410 2319 4479 petieris.
2366 4410 2491 4465 Ηειιε
2548 4426 2694 4465 nunc
2730 4412 2798 4467 ad
2858 4423 2909 4467 te
2966 4416 3308 4472 contendunt
3338 4429 3392 4472 et

1800 4502 1970 4571 patris
2000 4502 2252 4565 canities.
2290 4511 2345 4557 et
2377 4504 2633 4558 matrisin
2657 4515 2814 4573 partu
2834 4504 3072 4571 dolores,
3095 4515 3151 4561 et
3202 4508 3390 4566 ubera.

107 4598 156 4650 in
192 4596 523 4661 visceribus,
560 4598 725 4652 simul
753 4598 972 4667 quidem
1004 4610 1058 4654 ct
1090 4600 1339 4654 utfilium
1373 4600 1694 4656 desideran-
1728 4601 1771 4655 D
1799 4610 1920 4664 quae
1951 4604 2032 4661 ῑιιι
2064 4596 2154 4665 (illi
2188 4613 2245 4651 es
2269 4598 2495 4651 υῐιηιῖθκ
2529 4608 2681 4667 Ρτιτιο
2706 4599 3236 4667 Ρειτυείυευδυιίδῑί,
3267 4616 3395 4656 cum

106 4700 200 4753 tes,
227 4698 284 4744 et
315 4687 611 4756 cupientes
636 4689 880 4758 conspici
916 4701 1174 4759 parentes
1218 4691 1363 4760 ejus,
1424 4690 1515 4760 qui
1563 4692 1700 4747 adeo

107 4782 281 4835 clarus
319 4788 443 4835 erat
473 4779 779 4836 miraculis.
810 4778 981 4835 Mater
1001 4798 1131 4851 ergo
1166 4798 1274 4837 non
1331 4782 1516 4839 ferens
1577 4802 1700 4840 cor-

105 4877 185 4930 dis
208 4880 511 4946 impetum,
539 4873 823 4941 arbitrata,
856 4891 979 4931 esse
1009 4878 1138 4946 quid
1171 4893 1399 4947 parvum
1440 4891 1495 4932 et
1536 4881 1691 4933 nihili

107 4971 442 5034 faciendum,
478 4980 533 5024 et
574 4984 681 5023 nou
719 4972 852 5026 satis
885 4973 1096 5026 ftrmam
1124 4973 1227 5042 pim
1259 4973 1421 5026 matri
1459 4989 1693 5029 excusa-

110 5064 310 5115 tionem
337 5062 441 5117 via:
478 5060 876 5129 longitudinem
915 5073 971 5117 et
1004 5064 1309 5119 senectutis
1352 5065 1698 5121 imbecillita-

110 5162 232 5219 tem,
286 5158 487 5209 harum
566 5154 812 5207 omnium
888 5156 1095 5210 nullam
1170 5157 1379 5214 ducens
1405 5160 1698 5227 rationem,

111 5245 347 5317 profecta
383 5244 644 5317 Byzantio
679 5245 745 5300 ad
786 5247 861 5308 id,
908 5248 1053 5316 quod
1096 5248 1207 5319 jam
1274 5252 1425 5319 prius
1444 5251 1703 5316 diximus,

109 5337 468 5393 Charsianum
523 5336 832 5391 incredibili
872 5339 1121 5406 pervenit
1151 5339 1453 5394 celeritate.
1502 5341 1706 5399 Deinde

110 5448 222 5485 cum
261 5431 572 5497 aspexisset
618 5445 811 5485 eorum
849 5430 1277 5500 multitudinem,
1322 5432 1415 5502 qui
1479 5434 1699 5493 assidue

110 5520 438 5577 accedebant
464 5522 533 5575 ad
562 5522 904 5592 sepulcrum,
947 5533 1002 5577 et
1057 5523 1285 5589 donum,
1342 5527 1485 5595 quod
1550 5544 1699 5583 asse-

110 5616 436 5683 quebantur,
475 5613 567 5679 qui
608 5614 800 5668 multis
831 5623 884 5667 et
921 5616 1087 5669 variis
1114 5616 1438 5672 laborabant
1490 5620 1699 5673 morbis

111 5716 158 5759 et
179 5704 592 5766 affectionibus,
623 5714 679 5759 et
700 5721 862 5775 quam
891 5706 1123 5763 celerem
1148 5708 1591 5779 adipiscebanlur
1609 5728 1703 5765 cu-

206 5894 429 5949 "Joan.
455 5908 499 5956 ι,
528 5891 618 5946 15.

1806 4702 1964 4741 esses
1993 4687 2173 4741 adhuc
2198 4686 2398 4743 infans.
2432 4687 2634 4742 Ciiram
2663 4703 2792 4758 gere
2818 4698 3131 4757 parentum,
3202 4706 3392 4746 curam

1803 4795 1931 4850 gere
1959 4790 2340 4851 cognatorum.
2369 4780 2698 4843 Laetabitur,
2730 4790 2814 4836 sat
2848 4782 2982 4845 scio,
3006 4783 3174 4849 Deus,
3232 4802 3394 4854 quem

1805 4883 1859 4927 tu
1893 4874 2272 4929 honorandum
2307 4876 2586 4931 ccnsesin
2651 4876 2991 4948 parentibus,
3043 4892 3182 4945 quos
3239 4880 3397 4949 jubet

1802 4967 1949 5021 illius
1988 4977 2320 5039 praeceptum
2356 4969 2649 5033 honorare,
2684 4977 2875 5039 utpote
2900 4968 3047 5039 quod
3098 4984 3196 5038 per
3244 4970 3396 5040 ipsos

1803 5059 1981 5116 honor
2016 5061 2082 5115 ad
2128 5060 2279 5115 illum
2326 5060 2555 5115 feratur.
2604 5060 2736 5114 Nam
2783 5071 2837 5115 et
2889 5062 3099 5131 primus
3150 5063 3396 5119 omnium

1806 5162 1891 5208 est
1929 5162 2106 5223 pater,
2141 5163 2195 5209 et
2224 5153 2427 5225 opifex,
2461 5163 2518 5209 et
2546 5170 2734 5221 causa,
2775 5164 2835 5209 ut
2856 5155 2925 5209 ad
2978 5157 3106 5222 hoc,
3163 5164 3224 5210 ut
3261 5157 3395 5218 sint.

1808 5246 2202 5314 producantur.

1876 5338 2021 5393 Xlll.
2059 5337 2184 5392 Haec
2209 5336 2366 5403 dixit,
2398 5348 2455 5393 et
2476 5340 2631 5410 jubet
2660 5341 2771 5396 tolli
2802 5341 3066 5411 lapidem,
3100 5351 3154 5396 et
3180 5358 3395 5411 capsato

1816 5433 1958 5487 trahi
1986 5442 2136 5485 extra
2166 5438 2608 5488 manumeutum.
2654 5432 2815 5499 Quod
2838 5450 2963 5489 cum
2994 5436 3195 5487 factum
3230 5448 3395 5499 esset,

1813 5527 1905 5582 ubi
1944 5541 2007 5581 ea
2035 5525 2280 5596 iubente,
2313 5535 2536 5594 apertus
2588 5536 2673 5581 est
2699 5529 2930 5591 loculus,
2958 5527 3205 5583 cernitur
3240 5530 3403 5583 mira-

1812 5618 2019 5682 culum,
2056 5628 2110 5672 et
2132 5618 2198 5671 ad
2235 5616 2531 5671 videndum
2565 5617 2991 5685 divinissimum,
3023 5630 3078 5674 et
3105 5620 3170 5674 ad
3205 5621 3394 5676 dicen-

1815 5714 1943 5766 dum
1972 5710 2462 5783 jucundissimum,
2499 5721 2552 5768 et
2583 5714 2651 5769 ad
2682 5732 2767 5779 ea.
2818 5732 2937 5784 quae
2979 5722 3398 5787 prmcesserant,
