3972 6440
581 401 688 463 495

1901 387 2183 449 MENSIS
2221 386 2516 449 IULIUS.

3749 375 3876 439 496,

581 511 950 597 conﬁrmanda
982 510 1394 570 validissimum.
1420 508 1616 563 Decem
1659 515 1714 560 et
1761 513 1883 560 octo
1933 515 2155 556 menses
2193 511 2233 562 Α
2267 498 2653 554 miraculorum
2685 497 2820 552 tales
2876 495 3123 551 ostendit
3155 494 3387 548 radios?
3435 493 3513 547 Ex
3541 500 3594 545 te
3617 489 3855 559 pulcher

581 595 956 681 praterierant
977 614 1098 676 post
1124 613 1378 668 mortem,
1403 603 1564 672 etqui
1593 609 1672 655 tot
1710 607 1838 652 ante
1874 595 1992 650 dies
2038 601 2157 648 erat

581 717 851 768 mortuus,
877 700 1082 756 nullum
1106 697 1300 753 habuit
1331 697 1569 766 signum,
1599 707 1710 747 non
1759 689 2006 760 corporis
2055 686 2160 741 ﬁu-

582 798 822 862 xionem,
845 809 950 850 non
965 789 1303 863 compaginis
1319 786 1673 851 solutionem,
1691 798 1800 838 non
1818 781 2001 838 carnis
2020 793 2153 834 con-

583 889 972 959 sumptionem,
993 899 1101 938 non
1137 883 1438 951 nigrorem,
1459 892 1568 932 non
1598 874 1806 941 aliquid
1830 874 1974 944 quod
2009 881 2158 927 esset

581 981 891 1041 evanidum,
926 973 1186 1044 autquod
1241 970 1619 1032 emarcuisset,
1685 977 1742 1022 et
1799 973 1946 1020 esset
1984 965 2155 1032 lique-

582 1075 782 1128 factum
813 1089 826 1126 :
863 1070 956 1126 sed
995 1077 1138 1122 totus
1171 1065 1453 1122 videbatur
1505 1075 1723 1125 recens,
1757 1058 1988 1129 perinde
2023 1069 2088 1109 ac
2111 1054 2158 1108 si

583 1181 759 1236 nuper
800 1179 922 1218 eum
967 1160 1278 1228 reliquisset
1307 1157 1510 1212 anima.
1543 1150 1947 1222 Propemodum
2005 1145 2155 1200 vide-

584 1262 780 1316 bantur
810 1270 932 1311 esse
963 1253 1204 1308 membra
1237 1263 1358 1306 cum
1387 1258 1558 1313 motu,
1589 1259 1741 1316 gena:
1766 1257 1890 1298 cum
1937 1239 2157 1303 rubore,

582 1353 733 1408 labra
757 1365 880 1405 cum
909 1347 1060 1410 llorc,
1099 1359 1162 1399 os
1191 1359 1316 1400 cum
1358 1339 1630 1394 anhelitu.
1658 1334 2067 1394 Eaistimasses,
2105 1333 2160 1384 te

584 1459 712 1501 eum
770 1442 996 1497 omnino
1050 1437 1234 1491 videre
1289 1448 1401 1488 non
1459 1438 1759 1492 mortuum,
1819 1425 1914 1480 sed
1985 1421 2164 1493 potius

584 1535 971 1596 dormientem,
995 1538 1088 1584 aut
1117 1527 1356 1597 seipsum
1385 1522 1751 1591 colligentem,
1778 1527 1831 1572 et
1852 1516 2165 1586 diligentius

586 1628 786 1698 aliquid
820 1624 1193 1679 meditantem.
1225 1619 1394 1673 Porro
1429 1614 1757 1682 autemipsa:
1776 1609 1994 1671 tunicae,
2033 1607 2164 1676 ipsa:

586 1731 761 1777 vestes
791 1716 1039 1789 stragula:
1076 1714 1211 1769 adeo
1264 1719 1420 1765 erant
1468 1710 1694 1776 integra:
1729 1711 1784 1757 et
1843 1701 2042 1763 illaesae,
2107 1710 2162 1752 et

589 1815 735 1867 nullo
765 1813 1095 1867 detrimento
1141 1803 1346 1857 affecta:
1394 1801 1559 1872 (quod
1615 1795 1810 1851 attinet
1857 1791 1924 1846 ad
1981 1791 2164 1859 sepul-

2267 591 2486 661 quidem
2512 589 2836 660 germinavit
2877 590 3108 659 palmes,
3136 587 3231 642 sed
3259 587 3400 653 apud
3447 601 3545 638 nos
3589 583 3857 653 produxit

2268 683 2454 737 botros
2481 681 2892 745 miraculorum,
2927 689 2982 734 et
3005 679 3056 734 ei
3080 679 3304 747 placuit,
3333 689 3389 730 ut
3417 693 3516 730 nos
3542 679 3858 729 [tueremur

2270 782 2450 826 musto
2515 771 2812 842 gratiarqu
2874 779 2928 823 et
2967 768 3340 823 curationum.
3396 768 3518 820 Non
3557 773 3678 818 erat
3739 764 3861 819 Deo

2268 863 2506 927 diﬁieile,
2526 864 2570 917 si
2591 861 2732 916 unde
2750 860 3033 930 processit,
3061 875 3182 914 eum
3209 859 3472 912 voluisset
3505 857 3634 910 illuc
3664 870 3862 909 rursus

2270 956 2568 1012 divertere.
2599 954 2675 1008 Ne
2712 952 2948 1008 videaris
2973 967 3102 1021 ergo
3161 964 3463 1020 repugnare
3494 949 3707 1018 judicio
3761 946 3862 999 Dei

2271 1058 2325 1104 et
2356 1047 2646 1110 voluntati,
2680 1061 2861 1116 neque
2893 1045 3054 1099 nobis
3083 1043 3296 1097 divinas
3321 1043 3523 1113 gratias
3583 1041 3862 1093 invideas.

2271 1140 2346 1196 Ne
2379 1155 2481 1195 nos
2515 1139 2663 1194 fonte
2696 1138 3026 1208 priraveris,
3060 1136 3150 1204 qui
3186 1150 3296 1187 non
3338 1133 3499 1187 nobis
3551 1132 3709 1193 solis,
3762 1133 3865 1185 sed

2271 1234 2432 1288 etiam
2461 1229 2825 1285 communiter
2853 1227 3110 1281 omnibus
3142 1224 3310 1278 estad
3333 1222 3625 1276 fruendum
3659 1235 3868 1291 prope--

2271 1325 2431 1378 situs.
2483 1323 2564 1376 Ad
2622 1322 2852 1390 gloriam
2909 1319 3004 1373 tibi
3030 1317 3256 1381 suﬁicit,
3312 1314 3459 1385 quod
3521 1317 3640 1382 ejus
3685 1323 3870 1367 mater

2272 1419 2613 1486 apparueris,
2657 1415 2897 1484 decujus
2927 1413 3090 1466 etiam
3142 1417 3364 1464 mortuo
3414 1420 3648 1472 corpore
3714 1415 3869 1457 tanta

2271 1521 2354 1565 est
2407 1511 2708 1564 contentio.
2783 1506 2891 1559 Nos
2950 1510 3189 1574 priusex
3243 1502 3346 1554 hac
3375 1498 3616 1566 expelles
3660 1496 3871 1566 patria,

2271 1618 2434 1672 quam
2463 1602 2566 1656 hoc
2599 1603 2744 1656 bono
2773 1600 2932 1654 nobis
2967 1615 2996 1654 a
3058 1596 3168 1650 Deo
3209 1595 3337 1648 dato
3384 1602 3631 1646 nostram
3678 1589 3872 1660 prives

2273 1697 2527 1768 patriam.
2573 1695 2663 1747 Illa
2697 1703 2988 1762 postquam
3029 1690 3146 1742 haec
3182 1687 3465 1749 audiisset,
3505 1685 3689 1738 sciens
3742 1696 3874 1736 esse

2275 1784 2379 1838 sibi
2439 1782 2659 1852 aliquod
2748 1781 3052 1850 sapientius
3124 1775 3455 1845 capiendum
3542 1774 3870 1834 consilium,

589 1903 789 1974 turam)
811 1911 972 1970 atque
1001 1900 1041 1952 si
1067 1897 1300 1951 fuissent
1333 1865 1523 1963 positae
1562 1889 1615 1944 in
1643 1902 1786 1951 arca,
1842 1894 1896 1940 et
1924 1883 2159 1952 diligen-
2191 1867 2236 1926 Β
2269 1876 2497 1946 quievit.
2529 1873 2737 1928 Deinde
2775 1883 2956 1929 autem
2990 1869 3392 1939 cumjussisset
3423 1881 3618 1922 omnes
3657 1865 3873 1929 valere,

588 2010 669 2053 ter
697 1970 1001 2052 custoditze.
1046 1987 1139 2042 Est
1173 1986 1404 2040 mortuis
1433 1980 1757 2050 corporibus
1787 1990 1856 2030 ex
1913 1989 1973 2028 se
2031 1970 2165 2042 quid

588 2085 943 2160 injucundum
973 2097 1036 2135 ac
1071 2088 1292 2132 tetrum.
1350 2075 1445 2128 Est
1483 2070 1725 2125 vestibus
1779 2079 1994 2135 quoque
2047 2076 2167 2130 qua:

589 2152 748 2252 longe
780 2173 1355 2246 temporejacuerunt,
1395 2172 1448 2219 et
1489 2163 1610 2217 aliis
1663 2155 1928 2231 ejusmodi
1994 2152 2168 2207 malus

589 2249 809 2347 quidam
838 2270 994 2332 odor,
1026 2275 1080 2320 et
1105 2264 1196 2332 qui
1233 2259 1465 2316 oﬁendit
1499 2255 1808 2312 odoratum.
1841 2249 1956 2304 Illic
1983 2256 2166 2301 autem

589 2339 726 2423 nihil
749 2360 1044 2436 ejusmodi,
1073 2359 1166 2413 sed
1200 2358 1375 2410 bonus
1405 2351 1563 2412 odor,
1599 2356 1654 2400 et
1676 2344 1874 2415 gratia,
1915 2349 1971 2395 et
2015 2339 2168 2392 dele-

591 2431 1063 2525 etatio,vtanquam
1086 2464 1196 2504 non
1234 2443 1451 2516 aliquod
1483 2439 1794 2510 sepulcrum
1822 2443 1877 2488 et
1930 2431 2166 2490 loculus,

592 2553 686 2608 sed
714 2521 1088 2604 hortus'esset
1109 2549 1353 2612 apertus.
1386 2533 1695 2588 Probantur
1720 2542 1782 2581 ea
1829 2538 1950 2596 qua:
2023 2521 2170 2576 dicta

591 2656 740 2704 sunt.
775 2653 832 2698 et
861 2637 1005 2710 quod
1035 2647 1236 2704 corpus
1269 2637 1416 2684 esset
1447 2625 1628 2680 adhuc
1661 2621 1934 2690 integrum
1978 2625 2035 2671 et
2080 2629 2169 2669 re-

590 2750 741 2800 cens,
776 2748 840 2788 ex
861 2732 968 2786 hoc
995 2725 1142 2798 quod
1165 2721 1430 2792 sequitur.

662 2826 803 2882 XIV.
834 2821 1067 2890 Quidam
1103 2813 1432 2875 monachus,
1463 2807 1668 2875 Joseph
1711 2803 1954 2865 nomine,
1992 2812 2170 2852 sacer—

593 2926 713 2988 dos,
731 2919 888 2989 etqui
908 2911 1095 2987 pietati
1114 2908 1392 2968 studebat,
1420 2916 1542 2958 cum
1568 2910 1699 2953 tunc
1719 2897 1957 2959 adesset,
1983 2891 2169 2961 subje-

593 2980 994 3069 ctis'manibus,
1025 3011 1079 3056 et
1105 2997 1389 3067 amplexus
1409 2999 1708 3051 mortuum,
1734 2987 2037 3042 conabatur
2063 2980 2173 3035 eri-

592 3101 841 3176 gere.llle
860 3106 1042 3153 autem
1075 3091 1369 3149 cedebatet
1387 3080 1680 3138 videbatur
1705 3092 1919 3148 parere,
1947 3085 2001 3128 et
2024 3073 2170 3142 seip-

596 3167 717 3252 sum
771 3192 1010 3246 tradere.
1031 3185 1456 3248 Erectusitaque
1478 3171 1781 3229 iuitvirilie
1817 3167 2168 3229 admirabilis,

594 3283 839 3340 articulis
872 3287 927 3334 et
945 3273 1299 3344 compagibus
1325 3279 1472 3321 recte
1501 3265 1645 3318 inter
1668 3274 1793 3316 sese
1817 3257 2171 3312 habentibus.

595 3375 747 3444 Quod
779 3387 904 3426 cum
938 3368 1159 3422 vidisset
1190 3360 1492 3433 presbyter,
1528 3365 1583 3410 et
1621 3364 1771 3410 metu
1802 3361 1947 3405 esset
1997 3347 2176 3418 reple-

599 3440 705 3530 tus,
740 3462 945 3533 rogavit
991 3468 1049 3512 ut
1080 3455 1425 3527 permitteret
1456 3465 1518 3503 ea
1559 3446 1798 3506 auferre,
1830 3440 2029 3508 quibus
2061 3446 2177 3490 erat

597 3525 842 3610 indutus.
874 3550 995 3618 Ipse
1030 3525 1212 3600 autem
1235 3555 1428 3595 rursus
1453 3537 1654 3608 paruit,
1681 3543 1737 3588 et
1800 3545 1992 3583 manus
2017 3525 2179 3580 remi-

597 3649 668 3703 sit
706 3641 1028 3715 presbytero
1052 3645 1108 3692 et
1166 3633 1358 3705 pedes,
1403 3631 1550 3684 utiis
1574 3635 1824 3681 uteretur
1883 3629 1940 3673 ut
1996 3619 2174 3671 vellet.

598 3737 760 3793 Exuit
807 3709 937 3802 ergo
988 3743 1114 3784 eum
1165 3724 1425 3780 sacerdos
1476 3719 1687 3781 tunica,
1743 3724 1798 3770 et
1846 3727 1972 3768 eum
2003 3709 2174 3764 altera

598 3829 794 3887 induit.
818 3827 861 3879 Δ
894 3821 1122 3893 pedibus
1172 3830 1301 3871 vero
1338 3820 1555 3868 amovet
1582 3825 1691 3864 non
1730 3809 1904 3862 solum
1937 3807 2177 3867 calceos,

597 3924 692 3979 sed
726 3937 790 3976 ea
818 3917 1007 3981 etiam,
1035 3927 1156 3983 quae
1201 3911 1352 3964 intus
1381 3913 1539 3963 erant
1591 3919 1655 3960 ex
1715 3903 1891 3957 serico
1923 3899 2175 3967 imposita

598 4018 850 4091 pedibus.
877 4012 1003 4068 Haec
1041 4022 1172 4079 ergo
1226 4005 1409 4060 omnia
1463 4013 1572 4055 tam
1606 3999 1764 4052 facile
1801 3996 1948 4058 fecit,
1973 3992 2182 4047 etcitra

602 4083 770 4164 ullum
815 4105 1079 4166 laborem,
1170 4095 1399 4166 perinde
1450 4108 1513 4147 ac
1544 4094 1587 4146 si
1649 4089 1740 4144 ille
1784 4102 1946 4158 opem
2012 4083 2184 4138 ferret

599 4199 898 4261 sacerdoti,
961 4204 1014 4250 et
1102 4207 1163 4248 se
1238 4189 1502 4251 traderet,
1603 4193 1662 4238 ut
1742 4197 1808 4236 eo
1895 4175 2183 4233 commode

603 4296 676 4349 uti
704 4301 910 4364 posset.
973 4284 1182 4341 Deinde
1247 4295 1375 4336 eum
1441 4291 1640 4332 rursus
1696 4273 1930 4327 reclinat
1984 4269 2040 4320 in
2096 4282 2181 4327 ea,

601 4360 889 4460 qua—prius
945 4389 1083 4446 erat,
1137 4376 1343 4446 ﬁgura:
1399 4371 1537 4427 adeo
1567 4379 1624 4424 ut
1680 4367 1734 4421 id
1777 4374 1948 4420 totum
2001 4360 2185 4415 divino

603 4451 807 4537 factum
887 4475 959 4531 sit
1035 4469 1295 4531 consilio,
1356 4463 1503 4536 quod
1556 4462 1636 4516 sic
1686 4457 1936 4528 sepultus
1996 4451 2182 4513 fuerit,

2269 1971 2493 2025 domum
2531 1969 2848 2023 revertitur.
2884 1968 2978 2020 Ille
3002 1981 3132 2021 vero
3163 1965 3286 2033 pius
3337 1965 3392 2016 in
3429 1963 3622 2031 primis
3669 1970 3876 2013 mona-

2270 2064 2410 2118 chus
2438 2071 2495 2118 et
2509 2060 2871 2124 sacerdos,de
2889 2074 2996 2127 quo
3021 2057 3170 2128 prius
3200 2057 3455 2119 diximus,
3499 2068 3624 2108 cum
3644 2064 3875 2107 reman-

2272 2158 2453 2223 sisset,
2487 2166 2543 2211 ct
2571 2155 2783 2210 dierum
2870 2151 3226 2207 multitudine
3267 2165 3488 2204 omnem
3537 2147 3880 2216 expulsisset

2271 2251 2662 2321 suspicionem,
2688 2259 2743 2303 et
2770 2249 2824 2302 in
2848 2263 2911 2302 eo
2934 2244 3294 2302 custodiendo
3311 2243 3589 2298 eﬁ'ecisset
3609 2239 3876 2296 custodes

2274 2341 2645 2404 socordiores,
2705 2349 2874 2392 noctu
2923 2339 3223 2407 ingressus,
3258 2337 3507 2390 divinum
3561 2330 3879 2386 suﬂ'uratus

2275 2442 2358 2487 est
2389 2434 2733 2496 thesaurum,
2755 2441 2808 2485 et
2840 2446 2964 2485 cum
2999 2430 3148 2483 furto
3168 2427 3400 2495 aufugit.
3453 2426 3560 2479 Sed
3593 2426 3737 2478 odor
3768 2423 3883 2476 mi-

2277 2526 2588 2581 raculorum
2625 2523 2871 2580 ostendit
2904 2519 3444 2594 unguentum,quod
3475 2518 3784 2580 celabatur,
3822 2526 3880 2570 et

2277 2621 2595 2676 morborum
2629 2619 2844 2673 curatio
2873 2617 2974 2671 fuit
3010 2617 3141 2670 Iurti
3177 2613 3510 2670 accusatrix.

2346 2710 2486 2764 XVI.
2518 2709 2714 2763 Mulier
2747 2710 2893 2763 enim
2933 2712 3207 2776 quaedam,
3241 2709 3373 2762 dum
3418 2707 3466 2760 is
3488 2707 3544 2759 in
3576 2707 3663 2760 via
3691 2704 3881 2760 ferre-

2277 2813 2387 2867 tur,
2410 2811 2464 2857 et
2489 2801 2726 2872 quicum
2759 2801 3008 2856 ferebant
3056 2804 3110 2853 in
3138 2801 3401 2869 quodam,
3475 2809 3535 2852 ut
3589 2808 3673 2851 est
3739 2811 3882 2852 con-

2279 2904 2627 2956 sentaneum.
2677 2894 2878 2949 vellent
2907 2893 3027 2948 loco
3058 2892 3404 2962 requiescere
3431 2907 3444 2943 :
3472 2891 3586 2954 illa,
3618 2889 3882 2958 inquam,

2278 3002 2401 3040 cum
2435 3001 2464 3039 a
2501 2985 2738 3056 maligno
2766 2995 3058 3040 vexaretur
3078 2984 3298 3053 spiritu,
3334 2986 3388 3036 in
3415 2985 3655 3038 loculum
3679 2983 3879 3044 irruit,

2280 3089 2334 3134 et
2354 3080 2593 3149 graviter
2612 3079 2826 3141 iusiliit,
2860 3087 2914 3131 et
2933 3078 3103 3131 veluti
3129 3093 3158 3130 a
3184 3092 3383 3147 magno
3407 3076 3574 3130 ﬁuctu
3608 3076 3716 3130 fuit
3741 3090 3881 3130 exa~

2279 3171 2466 3240 gitata.
2531 3171 2738 3225 Deinde
2788 3186 2912 3225 cum
3000 3179 3251 3224 sanctum
3306 3169 3642 3238 turpissimis
3723 3176 3885 3222 esset

2279 3259 2541 3315 insectata
2578 3263 2900 3323 maledictis,
2943 3275 3054 3312 non
3102 3259 3192 3311 illa
3239 3259 3459 3326 quidem
3484 3259 3742 3320 omnino,
3780 3257 3882 3311 sed

2280 3354 2370 3418 qui
2405 3369 2525 3406 eam
2576 3352 2942 3417 inhabitabat,
2995 3365 3157 3420 quem
3214 3349 3592 3403 adversarium
3639 3348 3883 3416 dixeris,

2282 3451 2438 3508 fortis
2471 3449 2561 3504 ille
2593 3450 2662 3502 ab
2695 3464 2760 3502 eo
2794 3462 3094 3516 percussus
3127 3445 3381 3507 recessit,
3410 3444 3600 3499 abiens
3634 3445 3687 3497 in
3733 3443 3882 3506 loca,

2281 3548 2347 3602 ad
2378 3559 2496 3616 qua
2529 3559 2557 3597 ε
2600 3543 2710 3596 Deo
2742 3541 2923 3595 fuerat
2947 3539 3371 3595 condemnatus.
3401 3538 3494 3592 Illa
3514 3549 3700 3592 autem
3741 3553 3883 3592 sana

2281 3642 2499 3693 domum
2526 3649 2715 3687 rursus
2757 3641 2842 3686 est
2893 3646 3136 3685 reversa.
3201 3630 3318 3682 Non
3378 3630 3598 3698 longum
3653 3639 3883 3698 tempus

2283 3732 2686 3789 intercesserat,
2719 3734 2774 3778 et
2827 3724 2976 3793 virgo
3010 3720 3258 3790 quaedam
3289 3721 3543 3788 praetecta
3596 3729 3886 3772 monaste-

2284 3823 2369 3885 rii,
2393 3817 2538 3889 quod
2591 3815 2888 3869 vocabatur
2922 3813 3283 3869 Mantineum.
3331 3823 3454 3862 cum
3489 3815 3706 3862 secreto
3739 3823 3889 3878 quo-

2284 3915 2409 3969 dam
2436 3923 2486 3966 et
2513 3909 2665 3981 gravi
2697 3905 2888 3962 morbo
2910 3904 3205 3966 laboraret,
3226 3910 3282 3956 et
3310 3917 3419 3956 non
3444 3910 3625 3970 posset
3654 3916 3885 3969 graves,

2284 4020 2418 4074 quos
2454 4000 2728 4057 sentiebat
2757 4013 2823 4053 ex
2857 4013 2943 4061 eo,
2975 3995 3117 4050 ferre
3141 3995 3381 4055 dolores,
3411 4007 3531 4046 cum
3563 3993 3890 4046 rescivisset

2288 4093 2418 4149 illud
2453 4102 2730 4148 mortuum
2792 4091 2961 4143 vitam
3016 4086 3252 4140 aﬂerens
3315 4098 3515 4154 corpus
3552 4082 3766 4149 afferri,
3831 4094 3886 4139 et

2288 4199 2485 4255 magna
2518 4182 2623 4238 ﬁde
2657 4179 2894 4236 etanimi
2916 4178 3113 4235 ardore
3164 4177 3214 4231 ei
3278 4175 3419 4229 facta
3478 4174 3721 4238 obviam,
3764 4186 3890 4230 tau-

2288 4291 2449 4345 quam
2480 4275 2687 4330 viventi
2718 4282 2774 4328 et
2803 4272 3046 4327 audienti
3078 4279 3268 4324 sancto
3294 4268 3360 4322 ad
3392 4266 3633 4323 loculum
3658 4267 3709 4322 ei
3730 4283 3889 4322 mor-

2290 4371 2416 4424 bum
2452 4368 2700 4428 dixisset,
2755 4364 2998 4419 ardentis
3062 4360 3186 4415 ﬁdei
3228 4358 3562 4424 mercedem,
3641 4361 3887 4418 celerem

2291 4460 2500 4514 invenit
2529 4457 2890 4511 curationem.
2927 4453 3212 4525 Ejusmodi
3247 4453 3506 4509 miracula
3571 4452 3810 4516 faciens,
3832 4463 3890 4508 et

604 4586 665 4631 ut
700 4583 818 4629 erat
865 4577 1071 4622 antea:
1103 4571 1162 4617 ut
1227 4561 1311 4616 vel
1382 4573 1449 4611 ex
1500 4556 1604 4609 hoc
1644 4560 1789 4610 esset
1838 4545 2182 4602 manifestum
2217 4556 2264 4615 ο
2291 4570 2410 4610 eam
2437 4569 2466 4607 ει
2507 4551 2618 4606 ι)ρο
2643 4551 2868 4621 gloriam
2903 4549 3238 4619 admiscens.
3284 4547 3602 4618 Byzantium
3653 4548 3886 4602 tandem

601 4668 876 4726 omnibus,
919 4658 1064 4731 quod
1127 4663 1251 4725 post
1334 4648 1673 4721 sepulturam
1748 4639 2009 4697 manserit
2061 4651 2185 4689 cor-

603 4777 706 4832 pus
787 4728 1067 4827 potentius
1146 4747 1374 4804 interitu
1445 4751 1500 4798 et
1573 4737 1957 4795 dissolutione.
2028 4728 2185 4794 Quod

605 4830 822 4925 quidem
847 4849 1021 4902 visum
1048 4841 1234 4898 multis
1269 4837 1617 4895 daemonibus
1661 4841 1716 4885 et
1761 4830 1971 4886 morbis
2021 4843 2187 4884 causa

608 4923 731 5010 ltuit,
762 4951 822 4997 ut
863 4941 1162 5009 lugerent;
1207 4941 1265 4986 et
1291 4930 1515 4984 merito.
1561 4928 1619 4978 Si
1665 4925 1811 4977 enim
1862 4923 2023 4976 etiam
2064 4936 2190 4974 cum

607 5049 755 5091 esset
779 5033 1130 5092 absconsum,
1160 5031 1275 5080 erat
1294 5021 1378 5077 eis
1408 5017 1675 5081 terribile,
1705 5023 1994 5084 postquam
2016 5028 2189 5082 appa-

611 5130 719 5183 ruit
744 5122 1016 5195 quomodo
1048 5132 1158 5173 non
1197 5124 1344 5171 esset
1400 5109 1693 5181 ejusmodi,
1746 5118 1804 5160 ut
1851 5121 1959 5159 non
2011 5113 2190 5174 posset

612 5217 835 5274 omnino
854 5210 1112 5268 sustineri
1125 5208 1156 5262 A?

685 5308 797 5362 XV.
821 5305 960 5372 Quid
1002 5300 1268 5374 posthaec
1302 5308 1386 5352 est
1413 5302 1770 5351 consecutum
1805 5292 1827 5345 ?
1883 5289 2192 5346 Contende-

615 5405 706 5456 bat
735 5407 928 5459 mater,
960 5407 1116 5450 sacro
1149 5389 1363 5446 sublato
1404 5402 1656 5455 corpore,
1686 5387 1907 5440 demum
1965 5385 2191 5438 reverti.

618 5495 743 5549 Haec
763 5489 931 5553 enim,
954 5486 1185 5549 dicebat,
1214 5483 1370 5538 stella
1410 5497 1477 5536 ex
1505 5495 1624 5535 meo
1660 5491 1849 5533 ventre
1905 5493 2023 5533 orta
2089 5486 2190 5530 est.

617 5588 720 5653 Qui
757 5592 936 5639 autem
961 5579 1013 5631 in
1040 5592 1101 5631 ea
1133 5574 1450 5630 habitabant
1494 5573 1739 5642 regione,
1791 5569 2196 5624 contendebant

622 5694 729 5732 non
757 5672 1082 5733 concedere,
1124 5676 1182 5721 ut
1214 5667 1266 5719 id
1288 5665 1693 5737 aggrederetur,
1727 5664 1866 5715 Nam
1890 5662 2018 5727 etsi,
2045 5660 2194 5714 dice.

625 5771 777 5832 bant,
804 5781 868 5820 ex
894 5771 944 5817 te
974 5758 1240 5831 processit
1264 5757 1351 5811 illa
1373 5756 1548 5820 stella,
1579 5755 1822 5811 cernitur
1852 5761 2031 5806 tamen
2056 5751 2196 5820 apud

626 5860 1019 5919 nosoccidissc.
1040 5842 1467 5924 Quomodo-ergo
1491 5865 1612 5906 eum
1635 5868 1663 5907 λ
1681 5849 2090 5912 nobisauieres,
2109 5846 2197 5915 qui

2286 4646 2655 4704 introducitur
2704 4658 2906 4713 corpus
2980 4642 3302 4711 parentibus
3384 4641 3885 4711 jucundissimum,

2290 4739 2721 4807 mortalibusque
2754 4733 3134 4802 utilissimum,
3172 4734 3328 4788 malis
3362 4734 3651 4802 spiritibus
3684 4743 3888 4801 poten-

2292 4834 2419 4893 tius,
2449 4827 2862 4894 aegritudinibus
2891 4835 2947 4881 et
2977 4827 3182 4880 morbis
3211 4824 3465 4890 validius,
3505 4823 3888 4880 medicamen-

2295 4934 2409 4976 tum
2444 4934 2567 4974 vere
2599 4919 3020 4988 inexpugnabile
3053 4934 3067 4970 :
3115 4932 3295 4987 neque
3330 4917 3519 4973 valens
3559 4917 3745 4972 solum
3785 4921 3887 4974 ad-

2294 5028 2484 5066 versus
2522 5026 2686 5066 unum
2721 5009 2994 5072 morbum,
3025 5008 3140 5072 sed,
3185 5020 3242 5063 ut
3272 5007 3440 5063 semel
3487 5004 3694 5072 dicam,
3752 5008 3888 5062 resi-

2295 5116 2444 5158 stens
2472 5103 2743 5155 omnibus.

2369 5200 2538 5252 Mater
2562 5210 2689 5263 ergo
2724 5194 2842 5247 lecta
2870 5193 2960 5247 tali
2996 5191 3173 5246 reditu
3215 5189 3331 5256 ﬁlii,
3358 5200 3412 5246 et
3440 5189 3604 5245 simul
3629 5201 3800 5253 caput
3833 5192 3884 5243 in

2295 5288 2754 5351 Christotoliens,
2797 5286 3254 5355 splendoremque
3311 5291 3366 5336 et
3415 5273 3885 5351 magniﬁcentiam

2299 5384 2350 5437 in
2406 5394 2653 5451 tempore
2731 5377 3053 5442 ostendens,
3124 5373 3337 5443 argenti
3398 5388 3597 5442 magno
3656 5386 3884 5445 sumptu

2297 5490 2513 5544 capsam
2550 5473 2726 5526 induit
2755 5490 2766 5524 :
2802 5487 2908 5527 non
2935 5473 3110 5524 solum
3154 5468 3206 5522 id
3240 5467 3470 5532 faciens,
3533 5477 3801 5538 tanquam
3835 5472 3885 5523 in

2300 5568 2525 5638 gratiam
2566 5565 2677 5625 ﬁlii,
2710 5566 2802 5618 sed
2832 5579 2957 5618 eum
2990 5561 3215 5615 studens
3265 5562 3555 5623 honorare,
3624 5569 3886 5632 tanquam

2303 5659 2396 5713 Dei
2434 5657 2666 5711 amicum
2702 5674 2714 5709 :
2775 5665 2830 5708 ut
2867 5652 2997 5706 illud
3057 5653 3276 5722 quidem
3312 5659 3458 5705 esset
3519 5662 3756 5713 naturae,
3793 5655 3889 5706 hoc

2304 5768 2432 5805 vero
2468 5751 2538 5819 pii
2571 5748 2760 5812 animi,
2788 5757 2841 5800 et
2872 5747 3070 5799 mentis
3098 5745 3268 5798 Deum
3329 5744 3586 5798 amantis.
3630 5744 3768 5798 Cum
3812 5744 3888 5796 sic

2305 5859 2432 5914 ergo
2471 5855 2685 5911 capsum
2725 5849 2948 5910 argento
2980 5847 3233 5910 parentes
3261 5839 3452 5907 Optimi
3481 5838 3883 5894 circumdedis-
