3972 6500
133 421 203 482 ιθ]
815 427 1280 488 MARTYRIUM
1322 427 1374 488 S.
1423 427 1718 490 SOPHME
1760 432 1850 490 El‘
1897 433 2270 495 FlLlARUM
2315 435 2513 495 EJUS.
3221 435 3324 493 498

131 542 232 596 sent,
256 534 339 587 hoc
363 550 492 589 vere
523 550 739 591 sacrum
783 537 1043 607 templum
1101 537 1384 608 deponunt
1410 539 1465 593 in
1519 540 1642 610 pul-
1673 548 1718 606 Α
1748 555 1937 595 πηοτιυς
1969 540 2244 611 fugantur,
2277 541 2449 596 morbi
2481 541 2786 605 solvuntur,
2818 551 2871 596 et
2892 541 3033 596 Deus
3062 541 3116 594 in
3148 545 3324 595 omni-

130 623 224 677 rhro
237 626 438 694 templo,
463 627 611 694 quod
643 628 740 697 ipsi
759 628 998 698 Deiparae
1017 638 1465 694 construxerant,
1489 647 1644 687 com-
1753 632 1874 694 bus.
1907 641 1960 686 et
1990 648 2087 703 per
2116 633 2301 688 omnia
2331 633 2970 705 gloriﬁcatur.Quoniam
3008 648 3133 686 eum
3165 632 3326 688 decet

128 729 270 769 munes
294 716 602 772 hominibus
631 719 807 774 en‘ecti
839 720 1238 784 benefactores,
1275 721 1404 776 dato
1475 724 1642 789 dono,
1753 725 1932 779 omnis
1961 724 2152 794 gloria,
2187 727 2364 781 honor
2393 736 2448 780 et
2477 725 2743 791 adoratio,
2795 739 2943 780 nunc
2995 731 3051 779 et
3109 737 3327 794 semper

128 807 228 873 quod
251 810 548 864 extenditur
578 811 632 864 in
677 812 1068 881 sempiternum
1107 828 1122 864 :
1156 828 1254 883 per
1320 829 1479 884 quem
1534 816 1644 871 da-
1752 827 1807 872 et
1847 818 1901 872 in
1937 820 2131 880 saecula
2149 820 2500 874 saeculorum.
2530 819 2722 872 Amen.

757 1089 1467 1246 MENSIS
1586 1088 2654 1347 A_UGUSTUS.

706 1435 1350 1532 ΜΑΡΤΥΡΙΟΝ
1422 1442 1654 1530 ΤΩΝ
1729 1435 2073 1528 ΑΓΙΩΝ
2145 1439 2274 1528 Γῖ

1153 1442 1350 1530 ION
1422 1442 1654 1530 ΤΩΝ
1729 1435 2073 1528 ΑΓΙΩΝ
2145 1433 2717 1528 ΓΥΝᾹΙΚΩΝ

1399 1600 2028 1736 ΣΟΦΙΑΣ

1230 1797 1354 1853 ΚΑΙ
1383 1793 1520 1851 ΤΩΝ
1552 1794 1959 1851 ΘΥΓΑΤΕΡΩΝ
1990 1794 2224 1849 ΑΥἸἮΣ

375 1933 1091 2076 ΠΙΣΤΕΩΣ,
1192 1925 1884 2046 ΕΛΠΙΔΟΣ
2002 1930 2282 2040 ΚΑΙ
2398 1927 3067 2044 ΑΓΑΠΗΣ.

567 2226 1302 2321 MARTYBIUM
1381 2224 2099 2318 SANCTARUM
2180 2221 2828 2314 MULIERUM

1307 2397 2140 2518 SO‘PHle

1411 2586 1492 2637 ΕΤ
1526 2583 1678 2636 EJUS
1708 2581 2017 2635 FILIARUM

687 2708 1093 2845 FIDE],
1233 2705 1514 2810 SPEI
1625 2704 1792 2807 ET
1925 2669 2750 2809 CHABI'FATIS.

425 2925 626 2985 (Laline
651 2922 778 2983 apud
800 2917 1000 2968 Surium
1027 2913 1086 2964 ad
1109 2914 1241 2963 diem
1271 2915 1286 2964 ι
1322 2913 1554 2976 Augusti;
1583 2912 1752 2963 Grece
1785 2927 1846 2963 ex
1876 2914 1981 2962 cod.
2015 2924 2104 2960 ms.
2133 2911 2289 2960 (πονο.
2322 2913 2457 2961 Paris
2501 2923 2552 2959 n.
2583 2911 2838 2980 l526,sac
2897 2913 3006 2969 ιιι.)

180 3222 242 3273 Α’.
271 3223 421 3275 Μετὰ
464 3221 526 3274 τὸ
556 3219 952 3290 διαγγελθῆναι
992 3219 1272 3288 πανταχοῦ
1302 3220 1360 3271 τὸ
1402 3221 1674 3290 σωτήριον
1707 3223 1748 3286 Β

1847 3219 1886 3274 Ι.
1921 3216 2217 3290 Postquam
2254 3217 2448 3273 fuisset
2467 3217 2721 3272 salutaris
2777 3217 3090 3288 praedicatio
3154 3218 3353 3289 ubique

127 3313 368 3382 γήιυγμα,
398 3312 761 3383 πλωρηθῆναί
804 3327 864 3364 τε
898 3309 968 3363 τὰ
1001 3309 1180 3364 πάντα
1218 3308 1312 3362 τοῦ
1337 3310 1541 3378 γνῶναι
1577 3309 1671 3363 τὸν

1785 3313 2121 3375 annuntiata,
2153 3320 2210 3366 et
2241 3310 2425 3366 omnia
2452 3317 2637 3365 essent
2667 3310 2869 3379 repleta
2905 3311 3217 3382 cognitione
3250 3311 3353 3366 Do-

126 3402 312 3472 λύριον,
343 3407 511 3458 οἱονεὶ
553 3404 810 3472 λείψανον
834 3403 1032 3466 κακίας
1073 3402 1349 3473 Ἀδριανὸς
1376 3404 1474 3474 τὴν
1503 3403 1666 3457 αὑτο-

1782 3403 1929 3469 mini,
1964 3402 2129 3456 veluti
2153 3401 2399 3470 quaedam
2431 3403 2653 3456 sceleris
2667 3401 2912 3472 reliquiae
2940 3403 3206 3458 Adrianus
3238 3402 3350 3457 Ro-

126 3497 330 3566 κρατορα
373 3497 663 3566 Ῥημαίων
707 3496 910 3547 διέπων
936 3496 1131 3564 ἀρχὴν.
1165 3495 1365 3562 πολλὴν
1401 3496 1559 3566 εἴπερ
1586 3513 1669 3558 τις

1787 3510 2059 3550 manorum
2088 3493 2474 3548 administrans
2533 3491 2822 3564 imperium
2847 3535 2862 3559 ,
2899 3495 2953 3548 in
2983 3493 3148 3550 falsos
3203 3495 3355 3561 deos,

124 3584 249 3646 ᾰλὲος
269 3587 360 3656 τὴν
407 3588 546 3656 πρδς
573 3585 702 3648 τοὺς
730 3585 1120 3654 ψευδωνύμως
1149 3583 1302 3646 θεοὺς
1326 3585 1674 3640 ἐπεδείκνυτο

1790 3588 1871 3658 qui
1914 3586 2292 3650 nominantur,
2357 3586 2681 3640 ostendebat
2738 3585 3056 3656 plurimam,
3110 3585 3154 3640 si
3215 3585 3358 3642 ullus

125 3673 558 3748 δεισιδαιμονίαν,
617 3679 746 3740 τοὺς
797 3677 894 3747 μὲν
956 3675 1219 3740 θωπείαις
1276 3675 1671 3749 ὑπερχόμενος,

1791 3675 2426 3749 ι1ἱυε,ευρετειὶιίοιιεω,
2474 3675 2608 3731 alios
2640 3676 2860 3744 quidem
2916 3675 3162 3730 alliciens
3213 3675 3359 3731 blan-

123 3768 220 3828 τοὺς
244 3770 297 3822 δὲ
322 3772 414 3824 καὶ
439 3771 702 3831 ἀπειλαῖς
736 3769 1155 3838 καταπλήττων.
1190 3767 1326 3823 Κατ’
1359 3772 1535 3823 ἐκεῖνο
1568 3769 1676 3822 τοί-

1790 3769 1947 3832 litiis,
1982 3769 2116 3823 alios
2165 3776 2350 3824 autem
2380 3768 2544 3823 etiam
2579 3766 2744 3821 minis
2777 3765 3054 3822 territans.
3107 3765 3204 3821 Illo
3259 3782 3358 3820 au-

125 3872 197 3905 ννν
223 3860 428 3929 καιροῦ,
463 3861 606 3927 γυνή
639 3875 723 3920 τις
750 3857 982 3928 εὐσεϐὴς
1017 3860 1112 3910 καὶ
1146 3857 1413 3926 φιλόθεος,
1439 3857 1679 3928 τοῦνομα

1792 3871 1891 3917 lem
1921 3869 2165 3930 tempore
2193 3858 2390 3914 mulier
2433 3858 2679 3927 quaedam
2715 3859 2801 3929 pia
2837 3867 2892 3914 et
2947 3857 3219 3930 religiosa,
3259 3873 3360 3914 no-

123 3947 281 4015 Σοφία,
303 3953 492 4018 γένους
517 3953 634 4004 τῶν
654 3949 952 4018 ἐπιφανῶν,
978 3949 1158 4019 χώρας
1193 3949 1430 4013 Ἰταλῶν,
1453 3949 1679 4019 χηρείαν

1799 3955 1936 4008 mine
1955 3951 2180 4022 Sophia,
2200 3953 2343 4007 clara
2373 3966 2595 4024 genere,
2620 3951 2752 4006 Itala
2802 3950 3043 4017 natione,
3067 3967 3191 4007 cum
3216 3961 3367 4007 esset

125 4041 374 4094 ὑποστᾶσα
431 4044 637 4112 ἀνδρὸς
679 4040 985 4110 Θυγατράσι
1027 4041 1215 4110 μόναις
1249 4042 1399 4113 τρισὶ
1433 4043 1522 4096 τὸν
1566 4042 1680 4113 βίον

1793 4046 2005 4103 viduata
2039 4046 2258 4113 marito,
2285 4061 2408 4102 cum
2437 4045 2612 4101 tribus
2651 4045 2864 4101 ﬁliabus
2893 4044 3023 4101 solis
3057 4044 3219 4100 vitam
3245 4045 3361 4116 agi-

124 4131 364 4185 ὲςαὶενεν.
413 4132 571 4201 Αὕτη
606 4132 675 4199 τῇ
727 4131 1057 4201 περιωνύμῳ
1083 4133 1193 4184 τῶν
1227 4134 1437 4186 πόλεων
1489 4133 1681 4206 Ῥώμῃ

1798 4140 1953 4195 .abat.
1984 4137 2056 4192 Ea
2070 4154 2193 4193 cum
2215 4137 2376 4193 simul
2410 4153 2533 4194 cum
2552 4137 2871 4208 virginibus,
2899 4152 3021 4208 qua:
3047 4136 3366 4191 erantvalda

123 4220 483 4295 ἐπιδημήσασα
505 4226 635 4286 ταῖς
657 4221 949 4293 παρθένοις
975 4223 1111 4293 ἐσμοῦ
1145 4225 1278 4278 πολὺ
1301 4226 1361 4278 τὸ
1379 4226 1565 4297 χάριεν
1589 4228 1682 4280 καὶ

1799 4238 2050 4296 ιοηεειαι,
2107 4237 2161 4282 et
2193 4228 2471 4298 elegantes
2525 4227 2708 4281 animo
2775 4238 2829 4281 et
2879 4240 3132 4295 corpore,
3179 4225 3367 4280 Roma:

127 4315 384 4384 ἐπαγωγὸν
442 4319 714 4388 ἐχούσαις
772 4319 911 4370 κατά
949 4335 1006 4370 τε
1041 4318 1201 4387 σῶμα
1233 4319 1326 4370 καὶ
1346 4319 1446 4388 τὴν
1477 4317 1680 4387 ψυχὴν,

1801 4329 1994 4377 νει-σοιτί
2023 4329 2188 4385 esset,
2219 4318 2466 4374 nonfuit
2517 4331 2704 4373 errore
2756 4317 3000 4382 seducta,
3065 4331 3242 4389 neque
3299 4319 3369 4373 ad

125 4402 201 4468 οιχ
227 4404 441 4472 ὑπήχθη
477 4407 550 4473 τῇ
589 4403 795 4474 πλάνῃ,
835 4404 951 4456 οὐδὲ
988 4405 1123 4473 προς
1148 4404 1248 4474 τὴν
1273 4403 1366 4457 τοῦ
1390 4404 1684 4468 δυσσεϐοῦς

1799 4413 1937 4482 ωρὶἰ
1981 4410 2323 4481 imperatoris
2408 4409 2694 4462 reclinavit
2774 4407 3114 4478 religidnem,
3210 4407 3367 4464 factis

126 4492 474 4561 βασιλεύοντος
515 4497 827 4566 Θρησκείαν
868 4497 1152 4561 ἀπέκλινε,
1201 4498 1320 4550 λίαν
1358 4498 1457 4569 τὴν
1489 4498 1684 4570 κλῆσιν

1797 4503 1920 4574 ipsis
2017 4502 2244 4572 pulchre
2334 4515 2492 4556 suam
2570 4499 2868 4555 ostendens
2943 4499 3365 4570 appellationem

125 4586 198 4636 ἐπὶ
227 4589 326 4642 τῶν
355 4590 542 4658 ἔργων
572 4587 924 4651 δεικνὲονσα,
955 4589 987 4658 ἡ
1018 4588 1115 4658 τῆς
1143 4588 1348 4642 ἄνωθεν
1390 4591 1558 4654 ὄντως
1598 4608 1685 4644 σο·

1799 4613 1909 4666 qua:
1939 4609 2138 4650 nomen
2165 4609 2291 4650 vere
2357 4593 2675 4662 sumpsisset
2708 4609 2737 4646 a
2791 4607 3024 4662 superna
3077 4593 3367 4662 sapientia,

127 4682 224 4744 φίας
252 4683 570 4753 ἐπώνυμος.
621 4681 686 4734 Ἠ
708 4681 814 4751 γὰρ
837 4681 1042 4734 ἄνωθεν
1089 4684 1274 4750 σοφῖα,
1307 4683 1470 4752 φησὶν
1493 4685 1520 4735 ὁ
1542 4683 1684 4746 θεῖος

1802 4699 1846 4743 et
1880 4689 2155 4743 diceretur
2178 4686 2405 4755 Sophia.
2428 4685 2560 4751 Qua:
2587 4691 2670 4739 est
2698 4684 2843 4739 enim
2873 4683 3108 4754 desuper
3140 4681 3370 4754 Sapien-

137 4769 379 4836 Ὶὰκωῦος,
412 4775 648 4842 πρῶτον
685 4770 781 4838 μὲν
816 4772 950 4840 ἁγνή
987 4775 1154 4836 ἐστιν,
1190 4775 1383 4826 ἔπειτα
1411 4773 1683 4845 εἰρηνικὴ,

1797 4780 1886 4842 tia,
1920 4778 2096 4847 inquit
2123 4777 2340 4832 divinus
2381 4776 2637 4841 Iacobus,
2661 4775 2896 4846 primum
2917 4775 3140 4844 quidem
3168 4775 3365 4845 pudica

128 4863 372 4936 εὐπειθὴς,
435 4865 625 4936 μεστὴ
660 4861 844 4924 ιλέους
892 4865 985 4915 καὶ
1044 4864 1273 4933 καρπῶν
1310 4865 1550 4931 ἀγαθῶν.
1598 4866 1686 4932 Ἐξ

1805 4880 1895 4936 est,
1927 4870 2122 4926 deinde
2175 4869 2424 4941 paciﬁca,
2457 4868 2725 4932 modesta,
2759 4867 3043 4928 obediens.
3078 4867 3238 4936 plena
3272 4870 3373 4920 mi-

130 4945 187 5003 ὧν
215 4958 312 5026 γὰρ
341 4961 367 5008 ὁ
397 4961 502 5027 τῆς
535 4955 750 5028 ἀρετῆς
785 4956 913 5024 παρ’
942 4957 1084 5024 αὑτῇ
1117 4958 1324 5026 καρπὸς
1357 4958 1689 5029 ὲγνωρὶζετο

1800 4961 2092 5018 sericordia
2123 4970 2178 5016 et
2212 4959 2478 5014 fructibus
2511 4959 2692 5014 bonis.
2731 4957 2808 5012 Eo
2837 4956 3010 5022 enim,
3034 4957 3199 5028 .quod
3255 4958 3368 5011 vir—

129 5046 221 5106 ταῖς
272 5047 587 5118 θυγατράσι
660 5048 760 5108 τὰς
804 5050 1179 5115 προσηγορίας
1251 5049 1558 5117 ἡρμόζετο·
1597 5048 1691 5102 καὶ

1807 5054 1932 5110 tutis
1970 5055 2181 5108 fructus
2214 5061 2359 5123 apud
2399 5066 2519 5106 eam
2592 5048 3016 5120 agnoscebatur,
3093 5049 3375 5119 adaptavit

132 5137 321 5192 ἐκεῖναι·
361 5141 533 5193 παλιν
597 5138 982 5204 ἀληθευούσας
1035 5139 1240 5202 ταύτας
1294 5141 1424 5209 παρ’
1471 5142 1691 5204 ἑαυταῖς

1806 5147 2012 5201 filiabus
2073 5147 2186 5200 suis
2243 5144 2688 5216 appellationes:
2743 5152 2796 5197 et
2826 5143 2931 5196 illa;
2965 5157 3155 5197 rursus
3217 5142 3269 5195 in
3315 5157 3374 5197 se

132 5227 392 5299 ὲδείκννον,
430 5233 530 5285 καὶ
561 5229 726 5283 οὐδὲν
753 5229 961 5300 ἀπᾷδον
1009 5229 1129 5281 οὐδὲ
1159 5230 1438 5301 ἀλλότριον
1466 5226 1612 5300 εῑχον
1640 5234 1689 5285 οἱ

1807 5239 2162 5295 ostendebant
2191 5252 2312 5293 esse
2341 5252 2522 5302 veras,
2577 5250 2758 5306 neque
2839 5235 3113 5290 habebant
3163 5234 3375 5302 aliquid

136 5322 286 5376 13.5160:
309 5326 406 5393 τῆς
438 5325 634 5397 ῥίζης.

1804 5331 1962 5396 rami,
1992 5329 2137 5399 quod
2167 5329 2502 5398 discreparet
2529 5337 2622 5382 aut
2651 5336 2796 5382 esset
2824 5326 3060 5380 alienum
3092 5340 3122 5379 a
3171 5325 3372 5380 radice.

189 5413 252 5468 Β.
296 5416 451 5471 Ἐπεὶ
493 5417 555 5470 δὲ
603 5411 765 5482 παρὰ
803 5414 936 5465 πᾶσι
977 5411 1288 5484 διεϐεϐόητο
1317 5417 1351 5486 ἦ
1386 5433 1444 5469 τε
1480 5415 1696 5480 σύνεσις

1875 5421 1941 5476 11.
1971 5422 2106 5479 Cum
2133 5430 2314 5476 autem
2329 5420 2696 5476 celebraretur
2712 5417 2854 5488 apud
2873 5432 3063 5471 omnes
3088 5426 3141 5472 et
3166 5417 3375 5470 illarum

136 5507 324 5561 ἐκείνων
375 5510 474 5561 καὶ
514 5511 548 5578 ἡ
592 5510 771 5576 ἀρετὴ
819 5505 911 5556 καὶ
946 5506 1004 5557 τὸ
1041 5509 1178 5575 πρὸς
1225 5508 1461 5578 Χριστὸν
1510 5507 1692 5573 σέὸας,

1811 5513 2091 5583 prudentia
2126 5513 2392 5575 etvirtus,
2430 5521 2484 5566 et
2515 5512 2568 5564 in
2600 5507 2880 5562 Christum
2912 5508 3118 5578 religio,
3151 5522 3260 5560 non
3294 5507 3379 5559 le-

139 5599 214 5654 olx
255 5604 493 5671 ἐνεγκὼν
533 5602 564 5652 ὁ
616 5597 718 5652 τοῦ
775 5597 971 5665 φθόνον
1029 5600 1228 5670 πατὴρ,
1286 5602 1372 5654 διὰ
1410 5600 1695 5670 βασκάνων

1809 5622 1932 5662 rens
1957 5615 2109 5676 pater
2131 5607 2368 5672 invidiae,
2390 5621 2484 5675 per
2511 5602 2720 5657 invidos
2741 5601 2926 5657 oculos
2956 5600 3241 5669 cujusdam
3264 5601 3377 5651 An-

140 5691 398 5764 ὁίξθαλμῶν
441 5693 737 5759 Ἀντιόχου
781 5689 924 5751 τινος
960 5690 1172 5760 ἀνδρὸς,
1211 5691 1308 5762 τὴν
1345 5696 1442 5762 τῆς
1492 5692 1696 5756 πόλεως

1807 5700 1974 5754 tiochi
2002 5739 2016 5764 ,
2035 5700 2194 5766 cuius
2213 5699 2334 5753 lidei
2355 5696 2642 5753 commissa
2663 5696 2836 5750 fuerat
2861 5693 3180 5764 prmfectura
3202 5692 3373 5757 urbis,

144 5788 366 5856 πρόνοιαν
415 5781 896 5852 πεπιστευμένου,
953 5785 1048 5854 τὴν
1087 5785 1367 5839 εὐσέϐειαν
1419 5786 1598 5840 αὐτῶν
1631 5786 1705 5857 τῷ

1808 5790 2068 5862 signiﬁcat
2108 5790 2416 5861 imperatori
2441 5804 2626 5845 carum
2653 5788 2930 5858 pietatem,
2976 5795 3029 5840 et
3079 5799 3169 5838 eas
3197 5783 3376 5838 defert
