3972 6526
578 423 684 487 499

1812 427 2094 487 MENSIS
2140 425 2565 493 AUGUSTUS.

3749 429 3843 493 500

588 526 772 607 lingua
790 536 975 591 dolosa
1012 536 1212 606 impius
1246 546 1295 591 et
1341 538 1519 591 verbis
1546 538 1676 592 odii.
1718 537 1978 594 Protinus
2034 556 2144 610 ergt

2274 538 2483 605 βασιλεί
2537 540 2706 610 δήλην
2751 544 2915 604 ποιεῖ,
2976 540 3069 593 καὶ
3127 541 3195 594 τὰ
3242 542 3362 593 κατ’
3404 541 3576 603 αὑτὰς
3628 539 3841 610 γλώσσῃ

591 628 681 682 ille
699 629 774 681 ira
792 630 1032 699 percitus
1054 630 1481 693 inconsiderata,
1508 646 1602 685 eos
1630 648 1766 702 quos
1794 633 1973 687 solent
1997 649 2163 687 voca-

583 737 641 775 re
660 721 1023 791 apparitores,
1048 722 1212 775 mittit
1236 722 1303 776 ad
1324 738 1417 778 eas
1450 724 1816 780 adducendas.
1848 725 1953 780 Illae
1977 736 2162 780 autem

580 829 703 866 cum
735 812 1053 868 didicissent
1082 827 1301 868 causam
1354 830 1544 869 eorum
1595 817 1884 882 adventus,
1928 833 2162 887 cumque

578 904 902 976 corporibus
924 916 1106 959 essent
1131 907 1542 973 inscparabiles.
1578 911 1747 980 magis
1802 914 1965 964 etiam
2024 928 2161 965 con-

574 998 941 1067 iungerentur
963 996 1180 1065 spiritu,
1212 1000 1347 1053 nihil
1399 1002 1753 1055 ostendentes
1803 1001 1944 1071 liiitr,
2014 1003 2158 1067 quod

574 1098 683 1144 non
711 1105 836 1143 cum
878 1092 1053 1149 matre
1084 1094 1432 1155 conveniret,
1468 1101 1526 1147 ut
1560 1110 1679 1163 qua:
1739 1094 2159 1150 inveniebantur

574 1181 723 1234 inter
764 1198 819 1237 se
845 1184 1088 1240 fraterne
1126 1186 1457 1252 consentire,
1492 1195 1545 1240 et
1576 1196 1733 1241 erant
1763 1186 1929 1240 velati
1957 1201 2154 1241 corona

572 1275 672 1330 sibi
697 1279 921 1346 aequalis
946 1298 960 1333 :
982 1296 1101 1351 quae
1127 1297 1224 1351 per
1251 1282 1395 1351 ipsas
1417 1290 1471 1335 et
1500 1291 1725 1334 matrem
1758 1281 2149 1350 complebatur,

570 1368 828 1426 alacriter
883 1372 1121 1427 iverunt.
1170 1374 1465 1442 Postquam
1523 1382 1704 1428 autem
1744 1373 2005 1427 sederunt
2056 1388 2153 1443 pro

569 1460 832 1516 tribunali
866 1463 1111 1532 praefecti
1143 1464 1318 1529 urbis,
1355 1479 1478 1521 cum
1506 1462 1637 1533 ipsa;
1692 1479 1815 1517 cum
1862 1464 1953 1532 qui
1998 1463 2152 1525 dixit,

568 1562 679 1603 non
699 1569 821 1608 esse
846 1556 1118 1610 timendos
1144 1571 1239 1611 eos
1293 1556 1386 1625 qui
1460 1556 1717 1610 occidunt
1771 1572 1971 1626 corpus
2021 1557 2061 1621 ¹,
2099 1564 2155 1610 et

568 1645 841 1714 pollicitus
878 1659 959 1702 est
984 1666 1011 1703 a
1043 1665 1100 1704 se
1128 1649 1358 1703 dandam
1386 1664 1507 1703 esse
1564 1650 1913 1718 sapientiam,
1965 1647 2154 1702 Domi-

568 1750 698 1790 num
727 1738 1094 1805 invocassent,
1142 1750 1196 1795 et
1223 1755 1282 1795 se
1344 1741 1525 1797 crucis
1579 1740 1745 1808 ﬁgura
1806 1740 2150 1806 muniissettt,

2268 626 2418 697 δολία
2452 630 2545 679 καὶ
2576 628 2757 698 λόγοις
2800 630 2991 699 μίσους
3025 632 3054 683 ὀ
3087 629 3355 699 δυσσεϐὴς
3394 633 3640 699 φανεροῖ.
3666 631 3843 698 Παρα-

2267 717 2461 788 χρῆμα
2484 719 2665 773 τοίνυν
2689 721 2851 784 αὐτὸς
2870 721 3142 790 ἀλογίστῳ
3178 720 3335 791 θυμῷ
3374 722 3678 790 ἐπιτρέψας
3702 720 3842 789 οὓςή

2266 810 2415 874 τάξις
2440 813 2820 881 προτίκτωρας
2844 808 2951 866 οἶδε
2994 813 3195 876 καλεῖν,
3230 812 3323 866 ἐπὶ
3346 815 3408 866 τὸ
3434 814 3665 885 ἀγαγεῖν
3702 814 3845 867 ἐκεί-

2266 919 2364 964 νας
2413 904 2710 970 ἐκπέμπει.
2752 904 2817 956 Αἰ
2848 903 2903 955 δὲ
2939 904 3038 973 τῆς
3079 904 3388 973 παρουσίας
3418 904 3604 955 αὐτῶν
3645 902 3846 971 μαθοῦ-

2268 1011 2359 1046 σαι
2396 982 2455 1047 τὸ
2478 997 2673 1059 αῐτιον,
2705 996 3006 1063 ἀδιαίρετοι
3040 998 3372 1066 σωματικῶς
3392 992 3553 1049 οὖσαι
3578 998 3677 1048 καὶ
3709 996 3844 1047 κατὰ

2265 1085 2483 1153 πνεῦμα
2540 1085 2740 1153 μᾶλλον
2804 1086 3155 1153 συνήπτοντο,
3192 1086 3345 1137 οὐδέν
3378 1101 3437 1137 τε
3486 1083 3840 1150 ασύμεξωνον,

2261 1177 2452 1247 ὥσπερ
2480 1178 2720 1245 εἴρηται,
2755 1176 2891 1245 πρὸς
2916 1175 3014 1244 τὴν
3047 1176 3261 1243 μητέρα
3289 1174 3731 1242 ἐπιδειξάμεναι,
3758 1173 3847 1221 καὶ

2260 1268 2520 1334 ἀλλήλαις
2571 1266 2780 1333 ἀδελφὰ
2825 1263 3121 1335 φρονοῦσαι
3163 1266 3511 1333 ηὑρίσκοντο,
3550 1264 3647 1314 καὶ
3683 1260 3846 1313 οἱονεὶ

2261 1361 2527 1427 στέφανος
2560 1356 2700 1427 ἦσαν
2755 1358 2933 1426 ἐαυτῷ
2985 1359 3124 1420 ἴσος,
3162 1358 3229 1410 δι’
3259 1356 3439 1409 αὐτῶν
3476 1372 3533 1407 τε
3591 1353 3692 1405 καὶ
3750 1352 3843 1418 τῆς

2263 1453 2471 1521 purple
2496 1450 3016 1521 συμπληρούμενος.
3056 1452 3141 1511 '0;
3172 1449 3228 1501 δὲ
3263 1450 3357 1501 ἐπὶ
3384 1448 3474 1499 τοῦ
3507 1442 3841 1513 ἡγεμονικοῦ

2258 1542 2605 1609 κατέστησαν
2639 1542 2902 1607 βήματος,
2931 1538 3019 1588 τὸν
3049 1538 3277 1590 εἰπόντα
3304 1537 3378 1606 μὴ
3408 1535 3722 1604 φοϐηθῆναι
3741 1531 3845 1584 ἀπὸ

2256 1634 2365 1686 τῶν
2426 1631 2842 1685 ἀποκτενόντων
2896 1628 2956 1679 τὸ
2998 1626 3177 1696 σῶμα,
3231 1628 3559 1698 δοθήσεσθαι
3592 1643 3654 1677 τε
3714 1623 3845 1692 παρ’

2256 1727 2418 1789 αὑτοῦ
2456 1726 2650 1795 σοφίαν
2694 1724 3173 1792 ἐπαγγειλαμένου
3215 1723 3702 1791 ἐπικαλεσάμεναι
3731 1720 3844 1771 Κύ-

566 1832 717 1883 omni
781 1831 976 1883 timore
1028 1832 1301 1899 deposito,
1390 1840 1665 1886 steterunt
1727 1848 1850 1886 cum
1904 1833 2029 1886 t‘orti
2094 1843 2144 1887 et

2257 1837 2389 1890 ριον,
2429 1819 2521 1872 καὶ
2553 1818 2631 1887 τῷ
2674 1817 2955 1886 σταυρικῷ
2988 1815 3143 1883 τύπῳ
3169 1814 3673 1882 περιφραξάμεναι,
3708 1829 3845 1865 παν-

568 1930 838 1987 ‘gcneroso
883 1922 1088 1975 animo.
1123 1921 1299 1976 Judex
1366 1933 1570 1987 autem,
1651 1925 1915 1993 conjectis
1984 1926 2035 1977 in
2061 1942 2151 1979 eas

565 2010 761 2073 oculis,
795 2026 918 2065 cum
960 2011 1169 2065 vultum
1203 2012 1744 2078 vidissetliberalem,
1804 2026 2154 2085 mentemque

566 2116 816 2172 magnam
870 2113 926 2157 et
983 2105 1324 2173 praeclaram,
1381 2106 1469 2158 cui
1521 2105 1727 2159 ferebat
1779 2110 2151 2163 testimonium

564 2194 847 2249 oculorum
887 2196 1177 2250 cthabitus
1208 2195 1490 2260 modestia,
1552 2198 1775 2252 mittens
1821 2198 1969 2270 i‘ungi
2028 2216 2151 2254 mu—

562 2287 930 2358 nerejudicis,
952 2304 1247 2343 conversus
1262 2298 1346 2343 est
1370 2290 1435 2344 ad
1472 2290 1909 2347 admirationem.

633 2443 719 2496 Ill.
755 2443 1089 2498 Cumautem
1119 2454 1345 2498 matrem
1367 2460 1532 2514 prope
1561 2446 2148 2509 curassetsistendam,

561 2546 615 2592 et
646 2536 765 2589 illas
794 2537 1137 2591 scmovisset:
1164 2537 1283 2591 Non
1320 2553 1482 2607 parva
1514 2548 1661 2600 sunt,
1698 2538 1895 2607 inquit,
1947 2554 1980 2593 ο
2024 2556 2148 2595 mu-

563 2626 680 2695 lier,
710 2645 825 2697 quae
851 2632 1111 2684 adversus
1132 2640 1182 2684 te
1203 2631 1546 2685 deferuntur.
1576 2632 1629 2686 Si
1656 2633 1873 2701 quidem
1894 2650 2000 2687 non
2027 2650 2149 2703 par-

561 2736 625 2773 va
662 2736 746 2774 res
773 2730 877 2784 est,
908 2737 1118 2776 morum
1152 2738 1179 2775 a
1206 2725 1523 2791 parentibus
1569 2727 1893 2780 traditurum
1939 2737 1995 2782 et
2019 2726 2148 2781 reli-

558 2814 737 2881 gionis
774 2816 1015 2884 negatio.
1054 2814 1164 2869 Cur
1188 2831 1317 2887 ergo
1349 2816 1721 2871 Romanorum
1757 2821 2032 2891 regionem
2055 2823 2153 2875 im-

558 2908 770 2976 plevisti
789 2908 1022 2962 tumultu
1038 2910 1463 2979 etdissensione,
1484 2914 1708 2967 omnino
1722 2930 1831 2967 non
1850 2930 1972 2968 esse
1992 2916 2145 2981 deos,

558 3001 653 3055 sed
678 3016 774 3054 eos
804 3017 924 3056 esse
955 3005 1131 3056 solum
1165 3004 1388 3057 nomina
1420 3020 1541 3073 quae
1562 3007 1872 3074 rebusipsis
1901 3017 2144 3074 careant,

558 3093 861 3147 asserens?
886 3093 981 3146 Dic
1004 3108 1134 3162 ergo
1191 3110 1352 3163 quam
1382 3094 1617 3163 primum
1662 3098 1913 3165 patriam,
1950 3113 2141 3168 genus,

2256 1913 2345 1975 τὸς
2372 1912 2680 1967 ducat-5.11:
2706 1910 2879 1971 δέους,
2917 1909 3054 1976 μετὰ
3081 1905 3333 1974 γενναίου
3365 1904 3458 1955 τοῦ
3488 1906 3843 1972 φρονήματος

2256 2006 2518 2071 ἔστησαν.
2567 2002 2722 2055 Ἐπεὶ
2777 2002 2832 2053 δὲ
2893 2000 3127 2061 ταύταις.
3168 1999 3231 2051 τὸ
3286 1997 3443 2067 ὄμμα
3488 1994 3765 2047 ἐπέϐαλεν
3819 1996 3846 2045 ὁ

2255 2098 2510 2161 δικάζων,
2550 2095 2673 2147 ἰδὼν
2706 2096 3046 2162 παράστημα
3075 2091 3293 2156 εὐγενὲς
3328 2089 3423 2142 καὶ
3455 2087 3688 2157 μέγεθος
3725 2086 3847 2141 δια-

2255 2188 2428 2256 νοίας,
2464 2186 2574 2238 ἀπό
2612 2201 2673 2236 τε
2701 2184 2809 2235 τῶν
2844 2180 3141 2249 ὀφθαλμῶν
3172 2180 3267 2232 καὶ
3310 2182 3409 2247 τῆς
3439 2178 3530 2229 τοῦ
3556 2177 3845 2245 σχήματος

2258 2278 2708 2351 μαρτυρούμενον
2754 2271 3075 2343 εὐκοσμίας,
3108 2271 3169 2323 τὸ
3209 2271 3448 2335 δικάζειν
3478 2269 3661 2337 ἀφεὶς,
3711 2268 3844 2337 πρὸς

2254 2372 2315 2425 τὸ
2350 2374 2449 2425 Θαυ
2461 2370 2655 2439 μάζειν
2682 2370 2974 2436 ἐτράπετο.

2326 2462 2401 2516 Γ’.
2427 2463 2539 2531 Τὴν
2559 2460 2652 2513 οὖν
2684 2459 2897 2528 μητέρα
2929 2455 3153 2525 πλησίον
3184 2468 3707 2522 παραστησαμενος,
3743 2452 3845 2505 χά-

2254 2557 2436 2617 κείνας
2466 2570 2568 2605 που
2608 2550 2886 2621 μεταθεὶς,
2920 2548 2995 2598 Οὐ
3044 2546 3236 2615 μικρὰ,
3264 2544 3446 2613 φησιν,
3473 2536 3516 2593 ὦ
3549 2542 3737 2606 γύναι,
3776 2542 3844 2592 τα

2254 2650 2396 2701 κατὰ
2436 2646 2517 2709 σὲ,
2552 2644 2712 2711 εἴπερ
2744 2640 2864 2693 οὐδέ
2913 2637 3109 2708 μικρὸν
3146 2633 3652 2704 πατροπαραδότων
3699 2629 3843 2681 ἐθῶν

2252 2744 2347 2794 καὶ
2378 2736 2741 2804 σεϐασμάτων
2775 2734 3001 2801 ἄρνησις
3036 2748 3048 2759 ·
3082 2730 3169 2781 ἵνα
3206 2728 3257 2780 τί
3285 2728 3377 2780 οῦν
3407 2727 3503 2795 τὴν
3544 2723 3843 2793 Ῥωμαίων

2251 2831 2495 2903 ταραχῆς
2531 2828 2833 2895 ἐνέπλησας
2891 2824 2984 2875 καὶ
3031 2822 3405 2890 διχοστασίας,
3459 2818 3594 2887 μηδέ
3638 2817 3702 2869 τὸ
3736 2834 3845 2869 πα-

2257 2926 2435 2996 ράπαν
2466 2919 2606 2974 εἶναι
2632 2919 2809 2982 θεοὺς,
2836 2914 2949 2969 ἀλλ’
2977 2914 3220 2983 ὀνόματα
3248 2912 3408 2982 μόνον
3440 2910 3637 2970 αὐτοὺς
3664 2910 3844 2962 τελεῖν

2252 3018 2595 3089 πραγμάτων
2624 3015 2828 3084 ἔρημα,
2883 3007 3304 3076 διατεινομένης
3353 3005 3493 3072 Λέγε
3546 3004 3739 3055 τοίνυν
3784 3002 3846 3055 τὸ

2250 3112 2414 3178 τάχος
2461 3108 2717 3177 πατρίδα,
2762 3105 2942 3171 γένος,
2990 3102 3160 3170 ὄνομα
3193 3099 3378 3153 καὶτὸ
3421 3096 3608 3159 σέϐας.
3655 3095 3727 3149 Ἦ
3760 3096 3844 3165 δὲ,

556 3200 758 3238 nomen
782 3194 833 3239 et
885 3185 1223 3256 religionem.
1259 3186 1352 3241 Illa
1376 3198 1556 3243 autem
1589 3207 1600 3241 :
1634 3190 1875 3243 Primum
1897 3191 2143 3258 quidem,

2259 3203 2485 3271 Πρῶτον
2522 3199 2621 3267 μὲν
2675 3196 2819 3264 ἐμοὶ,
2877 3194 3004 3263 ἔφη.
3066 3196 3159 3245 καὶ
3214 3191 3492 3259 ἐξαίρετον
3528 3190 3734 3258 ὄνομα,
3782 3192 3847 3242 τὸ

555 3277 754 3347 inquit,
819 3277 953 3331 mihi
1001 3287 1085 3333 est
1133 3281 1469 3349 praecipuum
1527 3297 1750 3344 nomen,
1809 3297 1875 3334 ex
1926 3281 2146 3335 Christo

556 3370 839 3439 appellari.
860 3368 1065 3438 SOphia
1096 3381 1299 3433 autem,
1329 3379 1415 3425 est
1439 3371 1570 3425 milii
1590 3373 1908 3441 impositum
1941 3390 2141 3430 nomen

558 3479 587 3515 ιι
620 3461 960 3531 parentibus.
994 3460 1183 3517 Genus
1222 3462 1363 3518 duco
1405 3480 1468 3519 ex
1508 3464 1575 3519 iis
1622 3468 1713 3535 qui
1775 3468 1981 3537 primos
2030 3483 2146 3521 ma-

554 3554 816 3622 gistratus
857 3552 1217 3622 gcsseruntin
1240 3550 1416 3615 Italia,
1450 3554 1503 3604 in
1533 3565 1639 3621 qua
1662 3557 1826 3607 etiam
1851 3571 1971 3607 sum
1992 3566 2140 3609 nata.

555 3646 703 3699 Inter
729 3647 911 3699 omnia
936 3660 1089 3709 vero,
1118 3653 1177 3700 ut
1206 3660 1235 3699 a
1269 3660 1355 3700 me
1384 3644 1591 3700 dictum
1626 3655 1728 3707 est,
1758 3647 1958 3717 glorior
1981 3648 2140 3702 invo-

552 3736 767 3791 catione
802 3734 908 3790 mei
938 3734 1138 3791 Christi
1166 3744 1221 3790 et
1253 3736 1491 3800 Domini,
1514 3736 1601 3791 cui
1629 3737 1703 3791 iui
1739 3738 1918 3794 oblata
1961 3743 2139 3795 conti-

553 3841 663 3883 nuo
689 3829 757 3882 ab
792 3837 939 3892 ortu,
970 3838 1025 3882 et
1054 3830 1142 3882 cui
1168 3828 1338 3883 obtuli
1368 3830 1603 3885 fructum
1629 3834 1734 3887 mei
1784 3836 1921 3889 uteri
1956 3852 1969 3889 :
2012 3852 2139 3906 pro-

553 3931 675 3991 pter
702 3935 863 3991 quem
895 3921 1057 3976 etiam
1075 3922 1324 3976 venimus
1345 3924 1398 3976 in
1430 3924 1576 3977 hanc
1608 3924 1980 3980 Romanorum
2007 3928 2143 3981 civi-

551 4022 742 4074 tatem,
771 4024 830 4066 ut
853 4027 975 4067 cum
1004 4022 1206 4066 rectam
1242 4012 1400 4065 (idem
1438 4026 1609 4082 usque
1636 4013 1701 4067 ad
1732 4023 1961 4068 mortem
2000 4031 2135 4070 con-

552 4105 973 4169 servaverimus,
1039 4104 1331 4173 pulchrum
1392 4105 1650 4162 viaticum
1685 4107 1999 4172 allerentes,
2037 4126 2136 4179 pro

549 4196 771 4252 Cbrism
802 4204 1109 4266 susceptam
1140 4197 1595 4264 decertationem,
1630 4209 1687 4253 et
1724 4209 2078 4256 transeuntes
2106 4218 2137 4257 a

552 4296 727 4342 morte
763 4287 816 4341 in
853 4288 1037 4350 vitam,
1072 4287 1316 4341 ltasredes
1352 4289 1527 4343 simus
1562 4291 1968 4361 bonorumquse
2009 4306 2138 4347 sunt

550 4381 661 4434 illic
692 4381 977 4448 promissa.

622 4474 711 4527 ιν.
748 4472 953 4527 Horum
982 4475 1273 4529 verborum
1306 4475 1634 4540 libertatem,
1667 4485 1721 4529 et
1743 4478 2136 4535 cumiibertate

2252 3292 2537 3347 καλεῖσθαι
2581 3289 2691 3344 ἀπὸ
2717 3286 2954 3357 Χριστοῦ
2981 3303 2994 3317 ο
3033 3285 3206 3351 Σοφία
3234 3284 3290 3336 δὲ
3320 3286 3380 3334 τὸ
3425 3283 3532 3334 ἀπὸ
3568 3282 3681 3332 τῶν
3705 3300 3846 3349 γεν-

2248 3381 2491 3451 νητόρων
2522 3378 2754 3444 λέγομαι
2781 3393 2793 3406 ·
2822 3375 3013 3440 γένους
3036 3369 3382 3438 τυγχάνουσα
3408 3368 3516 3419 τῶν
3542 3369 3644 3428 τὰς
3678 3370 3846 3438 πρώ-

2246 3484 2346 3528 τας
2388 3464 2563 3535 ἁρχὰς
2616 3459 3102 3530 περιὸεὗλημένων
3160 3459 3217 3508 ἐν
3280 3456 3506 3526 Ἰταλίᾳ·
3567 3456 3695 3508 ὅθεν
3746 3458 3846 3509 καὶ

2247 3557 2538 3628 ὥρμημαι.
2586 3556 2676 3608 Ἑν
2708 3555 2845 3605 πᾶσι
2873 3551 2954 3615 δὲ,
2993 3549 3069 3613 ὥς
3105 3566 3195 3620 μοι
3235 3549 3477 3620 εἴρηται,
3506 3551 3574 3619 τῇ
3598 3550 3846 3619 ἐπικλή-

2250 3668 2332 3703 σει
2359 3647 2454 3702 τοῦ
2482 3647 2617 3716 ἐμοῦ
2642 3646 2915 3700 Δεσπότου
2949 3643 3188 3717 Χριστοῦ
3218 3644 3559 3714 σεμνύνομαι
3602 3643 3845 3712 μᾶλλον,

2245 3742 2290 3815 ᾧ
2338 3744 2433 3795 καὶ
2483 3740 2862 3811 προσηνέχθην
2906 3739 3067 3801 εὐθὺς
3121 3738 3185 3789 ἐκ
3234 3739 3565 3806 γεννήσεως,
3602 3737 3702 3788 καὶ
3748 3738 3848 3807 τὸν

2243 3834 2349 3886 τῶν
2381 3832 2531 3901 ἐμῶν
2583 3830 2791 3883 ὠδίνων
2836 3829 3048 3896 καρπὸν
3099 3829 3476 3896 προσενήνοχα
3500 3844 3513 3856 ο
3543 3827 3609 3877 δι’
3644 3827 3711 3879 ὃν
3749 3828 3849 3880 καὶ

2246 3930 2324 3988 εἰς
2351 3926 2506 3994 τήνδε
2547 3924 2643 3991 τὴν
2705 3922 2995 3988 Ῥωμαίων
3046 3920 3526 3987 παραγεγόναμεν,
3564 3919 3639 3976 ὡς
3673 3921 3748 3972 ἂν
3784 3923 3847 3974 τι

2248 4018 2374 4086 περὶ
2400 4016 2497 4085 τὴν
2530 4015 2712 4066 πίστιν
2737 4013 2884 4079 ὑγιὲς
2929 4012 3092 4082 μέχρι
3126 4014 3219 4063 καὶ
3252 4011 3418 4063 αὑτοῦ
3453 4010 3692 4063 θανάτου
3722 4015 3847 4067 δια-

2244 4111 2581 4181 τηρήσασαι,
2630 4108 2724 4161 καὶ
2776 4106 2937 4159 καλὸν
2990 4104 3201 4176 ἐφόδιον
3238 4106 3337 4174 τὴν
3398 4105 3539 4174 ὑπὲρ
3582 4106 3848 4174 Χριστοῦ

2242 4198 2473 4265 ἄθλησιν
2510 4196 2874 4264 ἐπαγόμεναι.
2915 4193 3224 4263 μεταδᾶσαί
3276 4210 3336 4244 τε
3386 4194 3495 4244 ἀπὸ
3525 4192 3621 4244 τοῦ
3660 4194 3848 4248 Θανά-

2244 4306 2336 4339 του
2367 4291 2445 4350 είς
2474 4289 2569 4355 τὴν
2596 4288 2738 4353 ζωὴν
2769 4287 2875 4338 τῶ)
2906 4287 2962 4336 ἐν
2996 4285 3355 4350 ἐπαγγελίαις
3376 4285 3585 4334 ὲκεῖῡεν
3623 4286 3851 4357 κληρο-

2243 4381 2381 4450 νομή
2393 4396 2573 4448 σωμεν
2601 4378 2844 4444 ἀγαθῶν.

2315 4474 2386 4527 Δ’.
2424 4471 2600 4527 Τῶνδε
2659 4472 2764 4523 τῶν
2801 4471 3064 4541 ῥημάτων
3103 4469 3131 4521 ὁ
3181 4468 3447 4538 δυσσεϐὴς
3484 4470 3583 4539 τὴν
3615 4471 3854 4527 ἐλευθε-

550 4566 876 4636 sapientiam
904 4566 1205 4619 admiratus
1230 4575 1312 4620 est
1344 4568 1562 4635 impius.
1590 4568 1657 4623 Ut
1688 4571 1780 4637 qui
1813 4580 1992 4624 autem
2026 4572 2132 4639 iam

2254 4571 2369 4640 ρίαν
2412 4570 2508 4621 καὶ
2558 4570 2617 4619 τι
2657 4566 2795 4637 μετὰ
2838 4564 3152 4636 παρρησίας
3200 4563 3491 4617 εὐσύνετον
3549 4564 3641 4617 διὰ
3708 4567 3854 4620 Θαύ-

554 4660 735 4729 primo
752 4659 893 4712 facto
920 4658 1164 4728 periculo
1200 4668 1345 4713 esset
1397 4671 1709 4728 superatus.
1753 4670 1881 4716 tunc
1913 4664 2131 4732 quidem

552 4753 763 4807 distulit
790 4752 1059 4821 virginum
1085 4753 1563 4820 interrogationem
1598 4771 1611 4817 ;
1654 4756 1791 4823 apud
1846 4758 2133 4825 quamdam

554 4856 735 4900 autem
753 4844 1032 4897 mulierem
1058 4844 1265 4897 ordinis
1283 4846 1566 4907 senatorii,
1587 4849 2132 4911 nominel‘alladiam.

555 4940 707 5007 jubet
736 4953 830 4992 eas
864 4952 988 4991 cum
1009 4946 1182 4991 matre
1207 4938 1435 5002 servari,
1470 4939 1743 5007 imperans
1765 4949 1822 4992 ut
1852 4956 1944 4995 eas
1976 4942 2134 4999 tertio

554 5030 641 5085 die
673 5030 1007 5098 produceret
1036 5028 1101 5082 ad
1136 5030 1624 5086 examinationcm.
1664 5030 1768 5087 illa:
1804 5042 1982 5085 autem
2025 5035 2136 5087 otio

552 5125 696 5194 quod
714 5125 794 5179 eis
815 5125 1001 5179 datum
1022 5124 1218 5187 fuerat,
1247 5134 1391 5179 recte
1414 5134 1629 5178 utentes
1656 5128 1892 5180 animum
1909 5103 2134 5181 adhibe-

557 5224 686 5276 bant
712 5220 891 5285 matri,
923 5234 1042 5287 quae
1074 5218 1152 5272 eis
1184 5219 1447 5273 suadebat
1477 5235 1537 5273 ea
1569 5221 1765 5288 quibus
1811 5231 1925 5275 erat
1977 5238 2132 5291 opus.

559 5312 944 5367 Dicebatenim
981 5312 1217 5382 ciszEgo
1247 5313 1487 5382 quidem,
1510 5328 1541 5367 ο
1573 5314 1781 5369 dilectu:
1818 5317 1958 5377 ﬁlia,
2010 5331 2131 5369 cum

560 5422 653 5461 vos
684 5406 985 5459 secundum
1022 5420 1242 5459 carnem
1273 5408 1605 5475 genuissem,
1638 5408 2047 5462 omnidoctrina
2080 5418 2132 5462 ct

556 5500 726 5555 sacris
755 5499 976 5553 Litteris
1003 5499 1199 5554 erudii.
1235 5497 1505 5564 Quoniam
1555 5510 1732 5554 autem
1790 5513 2002 5571 tempus
2020 5518 2135 5557 ~vos

559 5600 714 5645 vocat
747 5591 811 5645 ad
830 5600 1129 5653 certamen,
1156 5604 1400 5643 meorum
1432 5592 1720 5646 verborum
1756 5594 1964 5648 fructus
1994 5610 2132 5663 qua-

555 5682 621 5734 lis
654 5683 743 5745 sit,
777 5682 826 5734 in
863 5682 1012 5738 vobis
1052 5692 1344 5752 appareat:
1375 5694 1430 5737 et
1460 5683 1550 5737 diu
1577 5700 1602 5740 a
1647 5687 1795 5741 vobis
1817 5687 2130 5741 meditatam

663 5864 674 5887 '
708 5860 897 5928 Matth,
925 5881 974 5928 χ,
1006 5863 1097 5917 ΞΒ.

2248 4681 2414 4732 ματος
2452 4660 2851 4728 ποιησάμενος,
2887 4658 2962 4717 ὡς
2997 4658 3098 4725 ἤδη
3124 4655 3212 4706 διὰ
3244 4657 3341 4721 τῆς
3375 4656 3596 4727 πρώτης
3633 4663 3853 4732 πείρας

2242 4760 2341 4825 τὴν
2380 4752 2549 4825 ἧτταν
2574 4750 2889 4818 δεξάμενος,
2921 4747 3039 4799 τότε
3116 4748 3214 4816 μὲν
3257 4748 3354 4817 τὴν
3382 4748 3519 4818 πρὸς
3559 4751 3662 4815 τὰς
3694 4772 3856 4824 παρ,

2245 4852 2432 4908 Οένονς
2474 4844 2742 4917 ἐρώτησιν
2794 4842 3114 4910 ῦπερέοετο,
3155 4841 3303 4908 παρά
3352 4857 3458 4890 τινι
3515 4842 3570 4892 δὲ
3603 4849 3851 4908 γυναικὶ

2242 4941 2352 4994 τῶν
2372 4940 2469 5007 τῆς
2494 4937 2795 5003 συγκλήτου
2823 4933 3049 4996 τάξεωὲν
3074 4930 3313 4997 τοῦνομα
3335 4930 3633 5003 Παλλαδίᾳ⁹
3662 4950 3782 5005 πρε
3796 4956 3853 4990 ³“

2244 5036 2424 5088 τάττει
2490 5027 2881 5099 φυλάττεσθαι,
2940 5026 3134 5094 τρίτην
3201 5024 3419 5093 ἡμέραν
3474 5036 3851 5097 παραγαγεῖν

2246 5129 2414 5189 αὑτὰς
2448 5127 2525 5185 εἰς
2556 5123 2828 5193 ἐρώτησιν
2874 5115 3167 5176 κελεύσας.
3211 5116 3276 5168 Αἱ
3309 5116 3365 5169 δὲ
3397 5116 3497 5186 τὴν
3532 5117 3853 5189 δεδομένην

2246 5221 2442 5290 σχολὴν
2461 5217 2517 5269 εὖ
2548 5215 2866 5280 διαϐέμεναι
2908 5213 2975 5280 τῇ
3004 5212 3201 5281 ,μητρὶ
3228 5202 3521 5279 προσεῖχον
3548 5213 3616 5262 τὰ
3640 5212 3851 5267 δέοντα

2242 5307 2604 5378 παραινούσῃ.
2644 5303 2839 5369 Ἷεζλεγε
2879 5302 2986 5370 γὰρ
3037 5302 3263 5362 αὐταῖς·
3329 5300 3473 5367 Ἐγὼ
3522 5301 3626 5369 μὲν
3662 5304 3847 5374 ὑμᾶς,

2243 5393 2286 5451 ὦ
2331 5401 2496 5451 τέκνα
2551 5394 2883 5463 ποθούμενα,
2941 5392 3000 5444 τὸ
3040 5390 3185 5443 κατὰ
3236 5391 3414 5450 σάρκα
3483 5396 3847 5465 γεννήσασα.

2246 5494 2462 5563 παιδείᾳ
2502 5492 2650 5560 πάσῃ
2678 5488 2771 5540 καὶ
2808 5488 2970 5555 ἱεροῖς
3015 5482 3191 5549 λόγοις
3236 5484 3643 5556 anapaestum.
3676 5489 3849 5546 Ἐπεὶ

2245 5584 2338 5640 οὖν
2361 5585 2550 5655 καιρὸς
2576 5584 2654 5643 είς
2680 5579 2866 5649 ἀγῶνα
2891 5578 3222 5647 παρακαλεῖ,
3252 5579 3279 5629 ὁ
3325 5578 3430 5629 τῶν
3460 5579 3613 5648 ἐμῶν
3653 5583 3848 5653 λόγων

2246 5682 2455 5758 καρπὸς
2512 5681 2715 5742 ὁποῖος,
2763 5678 2818 5732 ἐν
2867 5676 2992 5746 ὑμῖν
3045 5671 3266 5739 ὀφθήτω
3295 5688 3309 5703 ’
3350 5674 3443 5726 καὶ
3493 5674 3569 5745 μὴ
3614 5676 3719 5749 τὴν
3775 5683 3846 5732 ἐκ
