3972 6442
557 338 660 403 503

1810 346 2094 409 MENSIS
2136 351 2565 416 AUCUS’I'US.

3724 345 3825 409 504

560 464 818 521 tanquam
857 454 959 509 hoc
1014 459 1175 513 modo
1215 476 1315 517 nos
1367 463 1654 518 territurus
1718 472 1938 533 propter
1988 474 2138 516 natu-

2248 466 2321 528 ὡς
2354 468 2431 537 τῷ
2466 470 2651 539 τρόπῳ
2682 470 2854 539 τούτῳ
2884 470 3138 539 ’έοὸήσων
3171 470 3314 538 ἡμᾶς
3348 464 3437 520 διὰ
3466 464 3563 535 τῆν
3592 465 3828 536 ςτῖυςικὴν

564 545 728 603 ralem
776 546 918 602 inter
961 564 1061 605 nos
1103 552 1332 607 invicem
1386 556 1827 619 consensionem,
1872 556 2053 611 neseis
2091 564 2141 610 te

560 639 723 695 nobis
781 648 835 694 et
896 639 973 695 illi
1023 648 1352 700 annuntiare
1402 647 1669 703 bonorum
1724 648 2137 719 perfectionem.

559 728 705 794 Quid
776 730 923 785 enim
999 732 1333 789 Christianis
1395 746 1572 807 potest
1646 755 1770 794 esse
1820 739 2140 808 jucundius,

562 836 725 890 quam
780 822 888 892 pati
939 839 1037 893 pro
1085 824 1342 881 Christo?
1391 828 1616 883 Etiamsi
1658 847 1767 887 non
1816 832 2144 885 haberemus

563 912 720 976 tales,
769 928 891 982 quae
934 929 1250 984 sperantur,
1290 922 1779 987 remunerationes,
1826 940 1989 992 quam
2034 938 2140 974 non

558 1005 746 1076 gloria:
790 1009 1163 1075 praestantiam
1218 1023 1453 1082 superat,
1498 1015 1608 1084 pati
1652 1031 1747 1083 pro
1792 1029 1859 1067 eo
1903 1014 1994 1083 qui
2044 1029 2143 1067 nos

560 1099 845 1155 formavit?
874 1102 1100 1167 Quando
1147 1114 1327 1160 autem
1382 1108 1535 1162 nobis
1574 1108 1736 1162 etiam
1777 1118 2021 1177 paratum
2060 1115 2142 1162 est

560 1208 789 1264 regnum
842 1194 1125 1253 caelorum.
1178 1206 1233 1251 et
1282 1197 1503 1260 divitiae,
1549 1198 1602 1250 in
1651 1213 1786 1267 quas
1846 1214 1952 1253 non
1999 1198 2140 1251 cadit

557 1284 834 1350 interitus,
887 1297 939 1342 et
983 1290 1263 1358 perceptio
1313 1290 1580 1346 bonorum
1642 1305 1995 1352 :eternorum.
2048 1307 2140 1347 co-

555 1375 677 1428 nari
711 1389 812 1429 nos
864 1378 1149 1431 traducere
1185 1393 1213 1431 a
1244 1392 1428 1435 nostra
1462 1382 1735 1436 sententia
1778 1382 2141 1451 promissione

555 1462 852 1521 bonorum.
884 1480 1003 1534 quae
1033 1476 1163 1521 sunt
1188 1470 1253 1523 ad
1300 1480 1536 1540 tempus,
1563 1480 1644 1529 εει
1673 1480 1860 1542 aperta
1906 1472 2136 1527 insania.

556 1554 638 1610 Ne
671 1554 877 1611 fallaris
906 1571 1058 1627 ergo,
1103 1559 1290 1629 judex.
1329 1559 1511 1629 Neque
1538 1562 1680 1615 enim
1712 1571 2001 1617 assentans
2031 1572 2143 1616 tra-

558 1646 677 1711 hes,
707 1662 882 1718 neque
928 1650 1161 1717 puniens
1191 1666 1290 1704 nos
1334 1663 1620 1707 convertes
1656 1672 1667 1706 :
1711 1654 1804 1708 sed
1850 1662 1979 1707 tunc
2024 1670 2139 1707 ma-

550 1741 730 1803 jorem
779 1738 975 1795 afferes
1019 1742 1351 1808 molestiam,
1396 1745 1439 1799 si
1493 1760 1721 1813 parcens
1776 1746 1922 1807 huic.
1977 1761 2137 1816 quam

559 1836 614 1881 tu
652 1829 992 1897 magnifacis,
1026 1832 1296 1901 juventuti
1344 1848 1400 1889 et
1434 1834 1853 1904 pulchritudini,
1899 1852 2007 1890 non
2063 1837 2138 1891 sis

552 1936 746 1993 graves
772 1922 1019 1978 illaturus
1053 1926 1347 1980 cruciatus.
1390 1925 1499 1981 Nos
1529 1928 1672 1981 enim
1707 1927 1909 1983 damno
1938 1928 2139 1985 allicies

558 2012 826 2081 majorum
884 2012 1155 2069 bonorum
1194 2017 1677 2073 remunerationis.
1718 2019 2007 2089 Postquam
2040 2036 2139 2075 au-

556 2102 693 2158 divit
727 2103 894 2173 judex
937 2104 1077 2159 hanc
1141 2105 1349 2161 firmam
1382 2118 1438 2163 et
1476 2119 1819 2165 constantem
1858 2110 2135 2166 defensio-

556 2212 681 2250 nem
712 2198 897 2253 statuit
941 2213 1035 2255 eas
1066 2213 1319 2271 separare
1350 2217 1380 2256 a
1408 2217 1465 2257 se
1514 2202 1769 2267 invicem,
1812 2214 1865 2259 et
1897 2205 2137 2276 singula-

556 2290 652 2342 tim
700 2303 794 2345 cas
840 2290 1111 2345 adducere
1141 2293 1207 2345 ad
1248 2294 1727 2361 examinationem,
1764 2304 1821 2349 ut
1867 2296 1947 2350 sic
1998 2312 2135 2366 quo-

551 2396 660 2449 que
691 2396 784 2435 eas
829 2382 1035 2453 majore
1068 2381 1314 2440 adiceret
1364 2385 1630 2448 molestia,
1670 2395 1727 2439 ut
1764 2387 1841 2441 eis
1893 2398 2138 2442 uteretur

554 2474 1024 2530 imbecillioribus.
1067 2476 1202 2532 Cum
1232 2486 1413 2532 autem
1448 2478 1840 2549 interrogasset
1870 2481 1935 2535 de
1980 2490 2137 2538 aetate

551 2579 608 2623 et
635 2568 949 2624 nominibus
976 2569 1426 2641 uniuscujusque,
1458 2581 1512 2628 et
1542 2586 1572 2627 a
1606 2580 1781 2629 matre
1813 2574 2132 2645 accepisset,

555 2678 719 2717 unam
752 2662 973 2733 quidem
1015 2664 1194 2719 vocari
1221 2664 1434 2732 Fidem,
1475 2676 1532 2721 et
1566 2667 1676 2735 jam
1728 2682 1887 2738 agere
1928 2684 2135 2722 annum

552 2754 868 2823 duodecim;
905 2756 1127 2811 alteram
1159 2766 1340 2812 autem
1370 2758 1585 2813 duobus
1616 2759 1775 2813 annis
1808 2775 1927 2815 esse
1955 2760 2135 2830 priore

554 2847 847 2912 minorem,
894 2862 1015 2915 quae
1048 2858 1275 2903 vocatur
1312 2848 1481 2918 Spes;
1533 2850 1747 2904 tertiam
1805 2862 1988 2907 autem
2036 2870 2135 2907 no-

553 2938 747 2993 minari
825 2939 1043 3010 quidem
1126 2938 1479 3007 Charitatem,
1560 2957 1668 2997 uno
1733 2952 1915 2999 autem
1993 2961 2136 3001 anno

552 3047 674 3088 esse
726 3033 969 3088 secunda
1023 3033 1337 3088 minorem:
1391 3032 1622 3104 primam
1676 3036 1839 3105 jussit
1898 3037 2135 3106 primum

2247 560 2379 627 πρ³ις
2411 560 2645 629 ἀλλήλας
2671 562 3040 630 συμπάθειαν,
3071 560 3304 629 λέληθας
3337 560 3470 630 ἡμῖν
3508 576 3569 612 τε
3600 558 3829 626 κάκείνῃ

2246 647 2343 715 τὴν
2406 650 2716 721 τελειότητα
2763 652 2871 704 τῶν
2921 652 3144 719 ἀγαθῶν
3194 650 3714 718 εὐαγγελιζόμενος·
3766 650 3832 701 Τί

2247 742 2353 809 γὰρ
2377 742 2640 811 ἠδύτερον
2669 744 3013 815 Χριστιανοῖς
3042 744 3132 796 τοῦ
3162 744 3303 811 ὑπὲρ
3330 741 3574 812 Χριστοῦ
3605 742 3824 805 παθείν;

2248 834 2356 886 Καὶ
2385 836 2433 886 εί
2471 834 2548 904 μὴ
2576 834 2836 897 τοιαύτας
2868 833 3230 903 ὲλπιζομένας
3258 835 3484 903 εἴχομεν
3502 832 3829 895 ἀντιδόσεις,

2244 926 2359 979 ἀλλ’
2392 928 2524 980 αὑτό
2554 944 2615 994 γε
2669 928 2729 980 τὸ
2760 928 2987 997 πάσχειν
3038 928 3179 995 ὑπὲρ
3226 926 3319 979 τοῦ
3367 926 3677 984 πλάσαντος
3714 924 3833 976 τίνα

2243 1016 2399 1085 ὁῦξης
2432 1018 2740 1089 ὑπερϐολὴν
2772 1018 3091 1072 καταλείπει
3116 1034 3131 1083 ;
3158 1018 3331 1070 Ὅταν
3365 1017 3422 1070 δὲ
3452 1017 3547 1069 καὶ
3580 1016 3832 1083 οὖρανῶν

2244 1109 2377 1178 ημῖν
2404 1108 2761 1179 ὶτοιμάζηται
2803 1110 3074 1180 βασιλεία,
3109 1110 3207 1161 καὶ⁵
3248 1109 3478 1170 πλοῦτος
3517 1106 3829 1176 ἄφθαρτος,

2244 1197 2335 1249 καὶ
2363 1197 2598 1250 αίωνίων
2624 1198 2923 1261 ἀπόλαυσις
2952 1197 3193 1265 ἀγαθῶν,
3220 1195 3280 1248 τὸ
3306 1196 3665 1265 μεταπείσειν
3689 1196 3829 1256 ὅλως

2243 1284 2540 1354 ἐπιχειρεῖν
2582 1284 2803 1353 ἀγαθῶν
2848 1285 3204 1355 προσκαίρων
3236 1284 3618 1351 ἐπαγγελίαις,
3647 1284 3836 1353 μωρία

2244 1376 2440 1445 σιφής.
2475 1376 2565 1446 Μὴ
2595 1377 2774 1430 τοίνυν
2814 1378 3028 1441 ἀπατῶ,
3050 1377 3281 1431 δικαστά
3306 1392 3320 1405 ·
3354 1374 3477 1427 οὕτε
3514 1378 3623 1444 γάρ
3662 1374 3833 1426 κολα-

2244 1464 2420 1517 κεύων
2465 1465 2738 1529 ἐλκύσεις,
2784 1465 2908 1519 οὔτε
2942 1465 3186 1529 κολάζων
3240 1464 3605 1535 μετατρέψεις
3638 1463 3831 1532 ἡμᾶς’

2242 1555 2379 1609 ἀλλά
2420 1555 2540 1608 τότε
2579 1556 2781 1627 μᾶλλον
2826 1558 3090 1622 ἀνιάσεις,
3135 1558 3253 1624 εἴγε
3308 1556 3625 1625 φειδόμενος
3669 1554 3836 1623 ἡμῶν

2240 1647 2339 1715 τῆς
2378 1648 2523 1717 μέγα
2574 1648 2725 1719 παρά
2772 1649 2857 1701 σοι
2907 1647 3111 1718 ταύτης
3156 1645 3526 1718 νομιζομένης
3564 1647 3829 1717 νεότητος

2242 1743 2338 1792 καὶ
2388 1739 2489 1811 τῆς
2533 1739 2702 1812 ὥρας,
2744 1741 2806 1794 οὐ
2844 1740 3087 1810 χαλεπὰς
3120 1740 3345 1807 ἐπάξεις
3385 1741 3484 1802 τὰς
3532 1739 3789 1801 κολάσεις
3817 1755 3831 1767 ·

2173 1810 2213 1867 Β
2245 1810 2547 1904 ζημιώσας
2585 1810 2695 1905 γὰρ
2732 1835 2955 1895 πάντως
2996 1834 3107 1886 τῶν
3157 1834 3421 1904 μειζόνων
3470 1830 3700 1899 ἀγαθῶν
3733 1831 3837 1899 τὴν

2245 1924 2543 1979 ἀντίδοσιν.
2586 1924 2803 1995 Ταύτην
2855 1926 2931 1989 ὡς
2977 1927 3177 1996 ἢκουσε
3211 1927 3311 1990 τὴν
3351 1925 3517 1993 ἀτενῆ
3565 1924 3664 1978 καὶ
3695 1924 3839 1977 ἀπό-

2243 2034 2395 2069 τονον
2427 2018 2455 2070 ὁ
2486 2017 2722 2083 δικάζων
2755 2018 3079 2086 ἀπολογίαν,
3114 2018 3257 2087 ἔγνω
3288 2018 3484 2072 διελεῖν
3519 2017 3694 2079 αὐτὰς
3731 2016 3835 2070 ἀπ’

2240 2109 2507 2177 ἀλλήλων,
2555 2111 2651 2163 καὶ
2702 2110 2845 2162 κατὰ
2893 2111 3026 2171 μίαν
3082 2111 3326 2178 εἰσάγειν
3372 2108 3508 2178 πρὸς
3536 2110 3637 2178 τὴν
3689 2108 3835 2176 ἐρώ-

2239 2201 2430 2270 τεισινξ,
2471 2202 2555 2253 ἶνα
2586 2201 2678 2254 καὶ
2728 2202 2929 2270 μᾶλλον
2960 2201 3101 2255 οὕτω
3143 2203 3387 2273 λυπήσῃ,
3424 2202 3519 2253 καὶ
3548 2201 3623 2262 ὼς
3659 2200 3835 2252 ἀσθε-

2243 2293 2525 2363 νεστέραις
2582 2294 2875 2362 χρήσαιτο.
2949 2293 3265 2363 Ἐρωτήσας
3310 2294 3366 2347 δὲ
3413 2292 3673 2363 καὶπερὶ
3727 2291 3837 2358 τῆς

2240 2384 2458 2452 ἡλικίας
2506 2384 2741 2453 ἑκάστης
2790 2384 2887 2436 καὶ
2944 2384 3076 2454 περί
3104 2384 3214 2437 τῶν
3240 2386 3541 2455 ὀνομάτων,
3588 2382 3687 2437 καὶ
3715 2383 3834 2436 ὑπὸ

2239 2478 2340 2545 τῆς
2386 2476 2799 2546 ⁶γεννησαμένης
2835 2476 3045 2545 μαθὼν,
3086 2476 3184 2548 τὴν
3240 2475 3341 2547 μὲν
3392 2477 3580 2529 Πίστιν
3619 2494 3679 2529 τε
3722 2494 3831 2529 κα-

2238 2568 2449 2623 λεῖσθαι
2488 2570 2582 2621 καὶ
2616 2569 2718 2639 ήδη
2748 2569 3052 2621 δωδέκατον
3087 2568 3207 2631 ἔτος
3233 2568 3415 2621 ἀνύειν
3437 2584 3449 2599 ·
3480 2566 3578 2637 τὴν
3611 2566 3669 2620 δὲ
3706 2566 3838 2620 δυσὶ

2242 2660 2458 2732 χρόνοις
2491 2661 2889 2731 λείπεσθαιτῆς
2918 2660 3195 2731 προτέρας
3217 2655 3285 2731 ἦς
3309 2662 3342 2728 ὴ
3374 2659 3565 2727 κλῆσις
3597 2658 3791 2719 Ἐλπίς
3814 2696 3826 2709 .

2238 2758 2338 2826 τὴν
2366 2755 2422 2808 δὲ
2453 2754 2646 2827 τρίτην
2681 2754 2934 2825 ’Λγάπην
2973 2754 3072 2824 μὲν
3099 2750 3488 2821 ὀνομάζεσθαι,
3522 2749 3607 2803 ὲνὶ
3638 2749 3697 2802 δὲ
3728 2753 3835 2819 τῆς

2238 2852 2499 2922 δευτέρας
2550 2852 2795 2921 ὑστερεῖν
2836 2850 2946 2904 ἔτει
2985 2852 3085 2920 τὴν
3129 2847 3353 2920 πρώτην
3387 2846 3837 2919 παραντησάμε-

2241 2962 2329 3007 νος
2350 2961 2364 2975 ο
2396 2943 2591 3008 Θῦσον,
2620 2937 2666 2998 ὦ
2700 2945 2902 3007 νεανὶς,
2950 2943 3127 3011 ἔλεγε,
3156 2946 3222 3013 τῇ
3260 2942 3539 3014 ’Δρτέμιδι
3564 2958 3579 2973 ’
3606 2941 3667 2994 οὐ
3703 2954 3838 2995 καε-

2241 3037 2331 3090 νόν
2381 3052 2461 3087 σοι
2485 3032 2643 3087 τοῦτο
2664 3034 3076 3105 προστάττομεν
3104 3033 3165 3086 τδ
3186 3033 3493 3104 ἐπίταγμα,
3528 3031 3645 3087 ἀλλ’
3686 3032 3837 3103 ὅπερ

552 3126 804 3198 produci,
841 3136 941 3181 et:
980 3126 1261 3191 Saerillca,
1298 3126 1454 3191 dixit,
1493 3126 1690 3192 Dianae,
1732 3146 1765 3184 ο
1814 3131 2130 3186 adolescen-

2245 3127 2307 3178 ἐκ
2333 3122 2531 3178 πολλοῦ
2565 3124 2669 3195 ἤδη
2721 3124 2814 3177 καὶ
2844 3122 2973 3195 παρ’
3004 3122 3162 3195 ἡμῶν
3192 3122 3426 3190 γίνεται.

556 3219 665 3275 tnla
712 3236 725 3273 :
764 3234 872 3275 non
917 3220 1022 3275 hoc
1075 3219 1171 3275 tibi
1209 3235 1411 3275 novum
1463 3220 1811 3291 imperamus,
1861 3222 1955 3277 sed
1991 3225 2135 3294 quod

554 3328 585 3368 a
618 3310 773 3365 nobis
814 3324 1031 3381 quoque
1073 3311 1132 3365 lit
1164 3309 1393 3379 jamdiu.

634 3402 744 3457 Vll.
778 3403 869 3456 Illa
902 3412 1084 3459 autem
1119 3416 1374 3471 tanquam
1403 3419 1470 3458 eo
1500 3403 1616 3473 ipso
1662 3404 1819 3459 vellet
1846 3405 2134 3461 ostendere

556 3508 657 3550 eos
681 3495 881 3549 frustra
916 3494 1063 3565 ipsas
1096 3508 1402 3565 separasse,
1437 3497 1680 3551 volentes
1704 3512 1769 3550 ex
1804 3497 1975 3551 tribus
2006 3512 2137 3551 con-

560 3595 761 3643 textam
824 3586 1197 3643 romminut‘re
1255 3596 1523 3650 catenam,
1585 3596 1640 3643 ut
1690 3586 1782 3659 qui
1824 3587 2137 3660 ignorarent

556 3695 679 3733 esse
714 3680 761 3731 ei
819 3695 881 3733 ex
939 3681 1047 3734 alto
1104 3681 1383 3734 audaciam
1433 3690 1485 3734 et
1526 3682 1851 3745 doctrinam,
1902 3698 2134 3747 quonam

558 3772 766 3832 scilicet
840 3773 997 3827 modo
1056 3781 1307 3842 Oporteat
1372 3772 1702 3843 respondere
1740 3773 1827 3826 :0
1881 3782 2134 3837 vestram,

558 3866 791 3927 dicebat,
832 3882 955 3934 qua:
988 3866 1039 3918 in
1076 3866 1401 3935 profundum
1442 3882 1610 3935 usque
1661 3877 1928 3935 penetrat,
1981 3867 2135 3921 caeci-

562 3969 746 4017 mem,
805 3956 895 4025 qui
959 3964 1063 4010 tam
1134 3958 1330 4012 misere
1380 3957 1744 4017 cecutientes,
1819 3956 1938 4011 aliis
1975 3959 2135 4010 etiam

559 4047 725 4102 vultis
756 4062 875 4102 esse
919 4046 1017 4100 via:
1053 4046 1219 4101 duces
1254 4064 1270 4101 :
1300 4057 1355 4101 et
1386 4063 1574 4117 cogere
1609 4048 1793 4113 vultis,
1836 4057 1893 4102 ut
1944 4063 2137 4117 proce-

557 4143 749 4196 damus
782 4141 1061 4195 vobiscum
1092 4139 1157 4195 ad
1188 4141 1434 4195 eamdem
1466 4140 1605 4195 viam
1650 4141 1938 4195 interitus!
1978 4141 2139 4206 Quis-

560 4250 685 4289 nam
727 4246 909 4287 autem
946 4234 1131 4297 homo,
1168 4234 1211 4285 si
1244 4232 1437 4299 sapiat,
1489 4231 1910 4302 persuadebitur
1939 4248 1968 4285 a
2011 4248 2139 4285 vero

560 4326 780 4396 quidem
828 4324 937 4379 Deo
978 4324 1251 4385 recedere,
1286 4324 1442 4390 cujus
1491 4339 1749 4376 manuum
1803 4338 1966 4392 opera
2014 4331 2141 4375 sunt

560 4420 681 4473 (veli
717 4429 770 4473 et
815 4426 977 4483 terra,
1018 4427 1073 4471 et
1101 4417 1278 4470 omnia
1313 4430 1431 4486 quae
1460 4425 1588 4470 sunt
1619 4416 1671 4468 in
1702 4416 1780 4469 eis
1816 4433 1829 4467 :
1860 4413 1927 4469 ad
1975 4430 2138 4485 Opera

2310 3391 2381 3443 2'.
2432 3388 2495 3442 Ἡ
2528 3386 2585 3441 δὲ
2618 3386 2805 3460 ῶσπερ
2836 3386 3067 3442 αὐτόθεν
3103 3384 3479 3451 ὲπ.δείξασθαι
3511 3383 3825 3454 βουλομένη

2240 3485 2321 3536 ὅτι
2357 3483 2447 3535 ἐπὶ
2478 3482 2697 3553 ματαίῳ
2732 3482 2831 3553 τὴν
2857 3480 3127 3551 διαίρεσιν
3150 3470 3336 3533 θύτῶν
3364 3479 3697 3549 ἐποιήσαντο
3731 3478 3836 3548 τὴν

2240 3578 2302 3628 ὲκ
2344 3574 2513 3645 τριῶν
2566 3573 2755 3643 σειρὰν
2808 3572 3070 3624 λεπτῦναι
3114 3570 3449 3639 βουλόμενοι,
3500 3569 3839 3637 ἀγνοοῦντες

2240 3671 2319 3722 ὅτι
2355 3666 2563 3722 ἄνωθεν
2608 3665 2670 3720 τὸ
2721 3665 2923 3739 θάρσος
2971 3665 3186 3727 αὑταῖς,
3236 3662 3331 3714 καὶ
3382 3661 3544 3732 ἡτοῦ
3595 3662 3719 3725 πῶς
3752 3663 3840 3715 δεῖ

2241 3762 2632 3829 ἀπολογεῖσθαι
2680 3756 3041 3812 διδασκαλίαο
3080 3757 3143 3807 Ὢ
3191 3755 3292 3824 τῆς
3338 3756 3418 3817 εἰς
3476 3752 3643 3823 βάθος
3672 3754 3839 3824 ὑμῶν

2240 3851 2623 3923 διικνουμένης
2680 3848 3016 3922 πωρώσεως,
3060 3846 3281 3916 ἐλεγεν²
3326 3847 3376 3900 οἳ
3433 3846 3640 3909 ἀθλίως
3684 3846 3841 3902 οὕτω

2242 3946 2670 4015 τυφλώττοντες,
2733 3944 2830 3997 καὶ
2882 3944 3092 4015 ἑτέροις
3140 3936 3280 3995 εἶναι
3322 3941 3505 4006 ὁδηγοὶ
3542 3940 3837 4008 βούλεσθε.

2244 4041 2335 4089 καὶ
2370 4038 2503 4107 πρὸς
2540 4037 2639 4107 τὴν
2683 4034 2854 4106 αὐτὴν
2904 4034 3035 4104 ὑμῖν
3092 4033 3345 4103 χωρῆσαι
3394 4031 3493 4102 τῆς
3548 4030 3840 4095 ἀπωλείας

2243 4134 2358 4184 ὁδὸν
2416 4128 2781 4198 ἀναγκάζετε.
2844 4127 2941 4191 Τίς
2996 4127 3044 4181 δ’
3090 4128 3156 4182 ἀν
3195 4124 3479 4196 εύφρονῶν
3535 4123 3837 4196 ἄνθρωπος

2246 4222 2497 4293 πεισθείη
2558 4221 2867 4289 ἀποστῆναι
2923 4220 3022 4289 μὲν
3082 4218 3173 4271 τοῦ
3228 4216 3486 4287 ἀληθινοῦ
3554 4217 3732 4282 θεοῦ,
3768 4214 3835 4272 οὗ

2244 4314 2383 4380 ἔργα
2441 4311 2638 4381 χειρῶν
2700 4307 2927 4380 οὐρανὸς
2982 4308 3079 4362 καὶ
3137 4308 3206 4376 γῆ
3267 4304 3362 4359 καὶ
3408 4305 3477 4358 τά
3524 4306 3582 4357 ὲν
3639 4305 3837 4370 αὐτοῖς

2246 4406 2503 4465 ἃπαντα,
2552 4401 2735 4470 ἔργοις
2781 4400 2839 4454 δὲ
2896 4397 3098 4471 χειρῶν
3155 4398 3518 4469 ἀνθρωπίνων
3552 4396 3628 4462 ὡς
3684 4398 3839 4463 θεοῖς

560 4520 744 4569 autem
778 4524 1036 4564 manuum
1079 4509 1384 4570 hominum,
1429 4517 1681 4577 tanquam
1717 4509 1783 4563 ad
1823 4508 1952 4563 deos
1988 4521 2138 4563 acce-

2252 4494 2595 4567 προσελθεῖν,
2649 4495 2743 4548 καὶ
2795 4492 2976 4555 αὐτοῖς
3013 4494 3040 4545 ὁ
3088 4491 3211 4544 νοῦν
3246 4491 3384 4560 ἔχων
3423 4492 3676 4560 ἀνοήτοις
3705 4490 3839 4544 οὖσι

558 4606 708 4667 dere,
738 4614 797 4657 et
833 4602 896 4656 iis
939 4616 1057 4671 qua:
1107 4609 1233 4654 sunt
1283 4600 1479 4655 mentis
1535 4601 1798 4670 expertia,
1843 4609 1897 4653 et
1942 4600 2136 4669 surda.

560 4697 721 4766 eiiget
751 4693 957 4748 cultum
998 4692 1236 4745 offerre?
1263 4690 1447 4745 Fuerit
1495 4692 1597 4747 hoc
1638 4706 1885 4745 summus
1926 4700 2137 4760 stupor,

560 4797 615 4841 et
652 4798 757 4841 tarn
800 4801 991 4840 eorum
1018 4783 1109 4853 qui
1147 4782 1359 4851 jubenl,
1400 4799 1558 4850 quam
1591 4785 1679 4851 qui
1714 4793 1923 4853 parent,
1954 4799 2140 4838 amen-

566 4881 660 4933 tia.
693 4879 799 4933 Fac
845 4893 975 4948 ergo
1025 4876 1167 4946 quod
1210 4875 1309 4939 vis,
1364 4884 1417 4929 et
1456 4873 1653 4944 quibus
1702 4875 1783 4928 vis
1842 4890 1939 4928 nos
1992 4874 2141 4928 trade

566 4972 740 5026 malis.
788 4970 975 5024 Melius
1018 4979 1101 5025 est
1144 4969 1289 5023 enim
1333 4969 1480 5037 prius
1524 4968 1632 5036 pati
1662 4966 1864 5030 omnia,
1893 4966 2021 5021 dum
2054 4982 2142 5019 sa-

565 5069 767 5136 pimus,
819 5078 981 5134 quam
1037 5060 1349 5131 persuaderi
1402 5072 1460 5115 ut
1522 5060 1642 5114 talia
1686 5059 1968 5115 faciamus.
2014 5058 2143 5125 Qua:

565 5160 710 5212 dicta
769 5158 1005 5223 fuerant,
1064 5153 1275 5223 replent
1315 5153 1391 5205 ira
1441 5154 1712 5220 judicem;
1752 5162 1805 5205 et
1852 5168 1975 5206 cum
2031 5166 2141 5205 non

569 5261 756 5320 posset
788 5253 1141 5318 persuadere,
1180 5246 1247 5301 ad
1295 5246 1399 5299 vim
1445 5245 1747 5300 faciendam
1794 5260 1851 5299 se
1887 5246 2139 5298 contulit.

564 5344 726 5397 Jubet
759 5355 891 5411 ergo
908 5338 958 5393 ei
998 5338 1159 5393 adimi
1191 5347 1422 5401 vestem,
1457 5347 1509 5389 et
1540 5336 1789 5391 manibus
1836 5350 1974 5404 pone
2021 5336 2142 5390 vin-

570 5430 695 5494 ctis,
736 5447 855 5484 eam
890 5428 1057 5499 virgis
1093 5428 1365 5483 verberari
1403 5427 1763 5497 gravissimis.
1796 5426 1931 5479 Cum
1962 5437 2143 5479 autem

570 5522 907 5593 eXperientia
972 5520 1235 5590 majorem
1294 5518 1607 5576 ostenderet
1677 5519 2039 5573 constantiam
2091 5526 2144 5573 et

572 5615 1006 5670 vehementiores
1056 5611 1304 5683 spiritus,
1364 5622 1418 5667 et
1464 5617 1687 5679 martyr,
1746 5626 1851 5664 non
1907 5621 1963 5665 ut
2026 5625 2145 5679 qua:

574 5708 739 5777 virgis
794 5705 1109 5769 caederetur,
1151 5705 1245 5761 sed
1302 5715 1361 5759 ut
1414 5718 1533 5773 qua:
1590 5704 1724 5758 rosis
1774 5715 2136 5774 spat-geretur,

578 5801 753 5873 potius
782 5809 923 5855 esset
956 5796 1169 5865 affecta,
1208 5813 1272 5852 ne
1303 5798 1563 5854 vibicibus
1595 5795 1805 5865 quidem
1838 5798 1887 5850 in
1921 5812 2143 5865 torpere

2246 4592 2336 4643 καὶ
2355 4590 2557 4657 κωφοῖς
2576 4588 2954 4656 προσαγαγεῖν
2974 4585 3262 4654 λατρεία-λς
3289 4583 3437 4652 δεινὴ
3464 4582 3623 4634 τοῦτο
3648 4600 3840 4652 παρα-

2246 4680 2469 4750 πληξία,
2501 4679 2669 4747 δεινὴ,
2704 4676 2937 4729 καὶτῶν
2972 4676 3334 4728 κελευόύντων
3371 4674 3465 4725 καὶ
3502 4674 3611 4724 τῶν
3645 4673 3841 4725 πειθο-

2248 4778 2424 4843 μένων
2449 4774 2627 4827 άνοια.
2658 4770 2872 4840 Πρᾶττε
2903 4766 3195 4838 τοιγαροῦν
3217 4766 3245 4820 ὃ
3277 4766 3481 4838 βούλει,
3512 4766 3607 4818 καὶ
3642 4760 3728 4829 οἷς
3765 4767 3836 4820 ἂν

2247 4867 2427 4937 βούλει
2476 4863 2773 4931 παραδίδου
2823 4865 3043 4926 κακοῖς·
3085 4862 3297 4931 βέλτιον
3344 4863 3453 4928 γάρ
3486 4860 3669 4913 πάντα
3726 4879 3838 4915 πα-

2246 4957 2358 5008 Οεῖν
2399 4958 2686 5026 πρότερον,
2740 4954 2845 5017 ἕως
2892 4952 2952 5005 τὸ
3006 4954 3225 5021 φρονεῖν
3266 4950 3483 5020 ἔχομεν,
3521 4951 3553 5020 ἦ
3597 4952 3838 5006 τοιαῦτα

2245 5049 2443 5119 δρᾶσαι
2482 5049 2794 5117 πεισθῆναι.
2838 5044 3025 5114 Θυμοῦ
3066 5046 3134 5098 τὰ
3169 5044 3408 5114 ῥηθέντα
3429 5042 3704 5113 πληροῦσι
3736 5046 3836 5098 τὸν

2247 5139 2508 5210 δικαστὴν
2546 5142 2639 5193 καὶ
2670 5139 2763 5190 τοῦ
2793 5139 3000 5189 πείθειν
3034 5140 3324 5210 ἀπορήσας
3355 5137 3556 5207 ἐχώρει
3598 5136 3743 5205 πρὸς
3773 5141 3837 5191 τὺ

2251 5234 2555 5305 βιάζεσοαι.
2594 5231 2818 5284 Κελεύει
2847 5232 3053 5303 ταύτης
3083 5231 3440 5302 ἀφαιρεῖσθαι
3469 5229 3568 5297 τὴν
3594 5229 3834 5301 ἐσθῆτα,

2249 5330 2342 5381 καὶ
2375 5331 2562 5397 χεῖρας
2602 5326 2777 5378 ὀπίσω
2808 5325 3056 5379 δεθεῖσαν
3109 5324 3329 5395 ῥάϐδοις
3364 5320 3693 5393 βαρυτάτοις
3727 5322 3833 5374 τύ-

2248 5418 2499 5471 πτεσθαι.
2533 5416 2687 5468 Ἐπεὶ
2720 5416 2775 5469 δὲ
2806 5417 2972 5469 πλέον
3002 5417 3035 5484 ὴ
3069 5416 3232 5486 πεῖρα
3250 5414 3312 5468 τὸ
3352 5411 3579 5481 στερρὸν
3608 5410 3831 5465 ἐδείκνυ

2248 5512 2341 5565 τοῦ
2392 5511 2763 5580 φρονήματος,
2795 5509 2889 5562 καὶ
2932 5510 2964 5575 ἡ
3000 5508 3206 5578 μάρτυς
3231 5509 3308 5569 ὡς
3339 5505 3401 5558 οὐ
3432 5503 3827 5574 ραὁδιζομένη,

2252 5586 2387 5661 ἆλλά
2419 5605 2593 5676 ῥόδοις
2636 5603 2834 5672 μᾶλλον
2898 5599 3200 5670 βαλλομένη
3240 5598 3492 5660 διέκειτο,
3532 5612 3610 5665 μη
3645 5594 3672 5645 ι
3713 5612 3833 5663 μω-

2253 5700 2450 5751 λώπων
2510 5696 2587 5767 τῷ
2645 5696 2859 5765 σώματι
2922 5691 3095 5761 αὐτῆς
3158 5688 3621 5760 ἐπιφαινομένων.
3692 5685 3832 5754 πρὸς

2254 5792 2509 5863 ὠμότητα
2552 5789 2755 5858 μᾶλλον
2788 5789 2814 5838 ὁ
2861 5785 3145 5857 δικαστὴς,
3178 5782 3481 5851 ἠρεθίζετο,
3522 5776 3610 5829 καὶ
3640 5775 3832 5851 impe-
