3972 6494
180 411 262 472 505

918 403 1379 463 MARTYRIUM
1433 402 1496 463 S.
1540 400 1845 460 SOPHl/E
1888 402 1980 461 ET
2018 402 2397 464 FILIARUM
2442 405 2647 467 EJUS.

3294 409 3399 474 506

182 522 326 591 tipou;
368 520 537 590 αὐτῆς
566 518 874 589 ἐκκοπῆναι
900 516 1025 579 τοὺς
1076 516 1316 588 μαστοὺς
1348 514 1705 585 προστάττει.

1839 513 1931 582 jus
1963 518 2377 586 apparentibus,
2414 518 2744 573 incitabatur
2769 518 3124 589 magisjndcx
3171 522 3239 577 ad
3272 538 3401 579 cru-

180 615 265 667 Καὶ
290 609 347 682 ἦν
379 612 508 665 ἰδεῖν
544 594 604 662 tu
638 610 813 680 τούτῳ
859 608 1145 680 τεράστιόν
1178 624 1232 660 τι
1265 608 1499 677 πρᾶγμα
1529 621 1713 659 καινο·

179 706 497 775 τομούμενον.
529 703 680 758 Ἀντὶ
705 703 816 772 γὰρ
860 702 1096 771 αἵματος
1138 700 1359 771 κρουνοὶ
1411 698 1712 770 κατέρρεον

180 799 412 867 γάλακτος
434 814 447 828 ·
499 798 638 866 ὅπερ
684 795 777 849 xui.
810 796 888 848 ἔτι
937 792 1164 847 πλείονα
1204 792 1284 863 τῷ
1310 790 1588 854 δικάζοντι
1621 790 1714 841 τὸν

178 888 321 957 θυμὸν
342 888 572 956 ἀνῆπτε,
605 889 697 941 καὶ
739 886 869 956 πρὸ;
897 884 1110 955 ἐσχάρᾳ
1139 882 1567 955 πυρακτωθείσῃ
1598 882 1715 934 ἔπι-

180 979 362 1048 τεθῄναι
407 980 613 1049 ταύτην
671 977 1028 1031 διεκελεύετο.
1093 974 1235 1029 Ἀλλ’
1282 974 1474 1043 ὥσπερ
1509 975 1716 1036 ἐκεῖνος

180 1068 379 1140 πονηρὸς
407 1068 483 1122 ὢν
514 1068 764 1131 ἐπινοίας
803 1067 903 1119 οὐκ
945 1066 1146 1135 ἠπόρει
1174 1063 1312 1133 πρὸς
1341 1064 1401 1116 τὸ
1441 1062 1715 1125 κολάζειν,

181 1161 323 1223 οὕτως
340 1160 613 1227 δἈγαθὸς
646 1159 807 1211 πάλιν
831 1158 921 1212 διὰ
943 1159 1054 1211 τῶν
1084 1156 1442 1226 ἐπαγομένων
1472 1152 1716 1217 δοξάζειν

180 1256 258 1320 τήν
282 1253 431 1320 ἁγίαν
482 1252 541 1304 οὐ
570 1251 958 1321 διελίμπανεν
991 1254 1129 1320 ὅπερ
1162 1244 1256 1302 οὖν
1305 1244 1589 1300 κάνταῦθα
1635 1242 1721 1312 γί-

180 1348 320 1397 νεται.
349 1342 417 1395 Τὸ
441 1340 553 1412 πῧρ
582 1341 687 1411 γάρ
715 1333 887 1410 αὐτὴν
919 1340 1091 1410 παρα)
1105 1338 1237 1392 αὸὸν
1265 1336 1455 1406 ἀπαοῆ
1484 1336 1721 1405 διετήρει

180 1438 257 1503 τὴν
290 1432 415 1487 ίδὲαν
458 1430 728 1487 ἀποϐαλδν
760 1433 1081 1503 ὲνέργειαν,’
1126 1426 1247 1483 εἶτα
1285 1431 1381 1485 καὶ
1413 1426 1572 1491 αὖθις
1626 1428 1727 1497 ἀρ-

182 1526 339 1577 Θεῖσαν
361 1524 587 1590 ὲκεῖοεν,
617 1525 696 1586 είς
714 1522 954 1592 τήγανον
984 1518 1251 1593 βληθῆναι
1298 1520 1515 1575 κελεύει
1551 1518 1725 1590 πίσσῃ

180 1614 436 1667 summa»
455 1614 548 1667 xui.
564 1614 846 1684 ἀσφάλτῳ.
866 1612 984 1682 Ἐφ’
1001 1606 1063 1668 οὗ
1086 1614 1261 1667 στᾶσα
1281 1613 1449 1683 μέσου
1470 1608 1727 1680 ἀτρέπτῳ

182 1707 259 1759 καὶ
283 1706 479 1761 ἀπαθεῖ
506 1705 585 1775 τῷ
612 1706 889 1777 προσώπῳ
917 1707 1019 1774 τὴν
1043 1704 1253 1759 ἀνωθεν
1283 1705 1468 1758 ἐκάλει
1503 1703 1726 1755 ἐπικου-

184 1798 285 1868 ρίαν
304 1816 317 1830 ·
347 1800 439 1854 καὶ
468 1798 632 1863 εὐθὺς
665 1800 724 1852 τὸ
766 1798 875 1865 πῦρ
902 1798 1086 1850 οὐκέτι
1115 1792 1183 1866 ἦν
1218 1794 1348 1864 πῦρ,
1385 1794 1478 1847 καὶ
1507 1793 1566 1845 τδ
1595 1792 1725 1861 φλέ-

182 1907 261 1955 γον
306 1892 379 1953 είς
426 1890 751 1960 ψυχρότητα
792 1888 1177 1959 μετεϐάλλετο,
1225 1885 1302 1950 ὡς
1346 1886 1527 1939 δοκεῖν
1575 1882 1728 1955 παρὰ

1813 607 2105 673 delitatem,
2141 620 2197 664 et
2222 610 2376 679 jubet
2399 611 2449 665 ei
2488 610 2752 665 mamillas
2790 612 3061 667 exscindi.
3100 611 3237 668 Tum
3268 616 3402 671 lice-

1814 700 1905 755 bat
1937 700 1992 754 in
2031 716 2095 756 ea
2150 702 2339 757 videre
2390 717 2505 757 rem
2556 717 2754 757 novam
2789 711 2845 757 et
2892 704 3285 772 prodigiosam.
3338 701 3400 763 Ei

1815 790 1961 846 enim
2011 806 2111 861 pro
2163 795 2431 864 sanguine
2469 793 2711 849 ﬂuebant
2744 794 2842 849 rivi
2872 794 3050 855 lactis.
3084 796 3241 863 Quod
3282 800 3405 869 qui-

1816 882 1939 937 dem
1989 883 2158 952 judici
2203 886 2469 956 majorem
2524 886 2704 941 adhuc
2751 887 2886 942 iram
2942 892 3296 956 accendebat,
3349 902 3408 947 et

1819 988 1984 1043 supra
2041 976 2361 1032 candentem
2410 976 2594 1033 focum
2646 993 2768 1033 eam
2807 980 2966 1050 jussit
3014 981 3245 1051 imponi.
3301 982 3410 1038 Sed

1820 1070 2096 1137 quomodo
2144 1070 2234 1125 ille
2264 1086 2387 1125 cum
2438 1081 2587 1127 esset
2627 1073 2822 1135 malus,
2869 1072 3027 1128 facile
3066 1075 3412 1147 exc0gitabat

1820 1157 2085 1226 supplicia
2117 1176 2129 1209 :
2165 1159 2237 1213 ita
2265 1159 2427 1213 etiam
2467 1163 2644 1213 bonus
2673 1158 2815 1213 Deus
2857 1174 2955 1229 per
2980 1174 3042 1213 ea
3074 1175 3194 1228 quae
3226 1162 3410 1214 inten-

1823 1250 2100 1311 tabantur,
2136 1259 2380 1305 sanctam
2428 1264 2538 1304 non
2584 1251 2837 1306 cessabat
2887 1250 3217 1321 gloriﬁcare.
3258 1251 3418 1317 Quod

1825 1342 1914 1396 hic
1950 1356 2169 1411 quoque
2216 1343 2495 1397 usuvenit.
2531 1341 2667 1397 Nam
2710 1358 2834 1396 cum
2884 1343 3026 1414 ignis
3061 1357 3180 1398 eam
3216 1358 3419 1413 appre-

1829 1432 2127 1493 hendisset,
2203 1431 2567 1487 conservabat
2623 1432 2871 1498 illasam,
2931 1433 3131 1488 amissa
3200 1433 3419 1503 propria

1827 1524 2165 1593 operatione.
2205 1521 2411 1579 Deinde
2442 1538 2639 1578 rursus
2672 1538 2889 1593 quoque
2921 1524 3072 1580 illinc
3122 1524 3419 1584 sublatam.

1827 1616 2145 1686 jubetinjici
2165 1616 2220 1670 in
2243 1616 2571 1685 sartaginem
2599 1615 2718 1685 pice
2735 1599 3022 1670 accensam
3044 1624 3097 1669 et
3122 1615 3416 1670 bitumine.

1830 1708 1889 1763 In
1935 1709 2097 1779 cujus
2129 1714 2286 1764 stans
2312 1708 2516 1774 medio,
2552 1705 2823 1762 constanti
2854 1715 2909 1761 et
2940 1706 3167 1762 minime
3202 1707 3423 1762 turbato

1831 1799 1984 1854 vultu
2034 1814 2336 1868 supernum
2388 1800 2663 1855 invocavit
2711 1798 2997 1854 auxilium.
3041 1798 3111 1854 Et
3160 1800 3424 1855 continuo

1834 1891 1974 1961 ignis
2000 1906 2107 1946 non
2140 1900 2257 1945 erat
2284 1890 2447 1962 ignis,
2485 1900 2541 1947 et
2570 1891 2737 1947 ardor
2762 1900 3003 1946 mutatus
3036 1890 3142 1945 fuit
3170 1891 3225 1945 in
3262 1890 3417 1965 frigi-

182 1982 379 2050 λειμῶνι
403 1981 663 2053 δροσώδιι
694 1981 789 2033 καὶ
822 1982 879 2035 εν
912 1980 1020 2052 πόᾳ
1048 1981 1156 2034 τινὶ
1195 1979 1413 2051 μαλακῇ
1438 1978 1538 2050 τήν
1565 1978 1729 2046 ἁγίαν

1839 1982 2055 2037 ditatem
2090 1982 2271 2037 :adeo
2320 1991 2381 2037 ut
2409 1982 2687 2038 videretur
2715 1983 2769 2036 in
2819 1981 3037 2037 roscido
3076 1992 3231 2052 prato
3274 1993 3329 2037 et
3362 1985 3420 2037 in

181 2071 420 2124 διαναπαύ
431 2090 487 2124 σε
496 2070 639 2125 σθαι.

1839 2072 1983 2128 molli
2025 2072 2194 2129 herba
2223 2082 2411 2129 sancta
2439 2072 2805 2143 requiescere.

242 2163 314 2215 ﬂ'.
354 2164 540 2226 Οὕτως
565 2160 662 2217 οὖν
693 2163 914 2217 πάντων
944 2161 1053 2217 τῶν
1080 2162 1443 2236 ἐπαγομένων
1471 2161 1733 2229 κολαστη-

1906 2163 2044 2218 νιιι.
2104 2164 2195 2220 Sic
2218 2179 2348 2235 ergo
2378 2166 2659 2229 omnibus,
2703 2180 2823 2234 quas
2851 2164 3253 2227 inferebantur,
3288 2178 3425 2233 sup-

185 2253 295 2324 ρὶων
322 2256 468 2308 οιδὲν
504 2258 604 2327 μὲν
642 2256 742 2327 τὴν
775 2258 1034 2329 μάρτυρα
1060 2256 1155 2309 τοῦ
1182 2254 1421 2326 Χριστοῦ
1462 2253 1732 2324 βλαπτόν-

1839 2254 2014 2326 pliciis
2061 2264 2353 2325 martyrem
2401 2254 2620 2324 quidem
2667 2252 2872 2309 Christi
2902 2253 3038 2308 nihil
3074 2253 3425 2318 laedentibus,

182 2362 293 2411 των,
322 2349 443 2409 τοὺς
485 2348 730 2417 δρῶντας
763 2349 820 2402 δὲ
853 2350 1053 2419 μᾶλλον
1085 2350 1163 2411 είς
1200 2346 1389 2417 θαῦμα
1414 2346 1733 2413 κινούντων,

1839 2364 1930 2405 eos
1961 2357 2166 2415 autem,
2211 2348 2305 2417 qui
2340 2346 2704 2418 aspiciebant,
2752 2346 3105 2402 moventibus
3150 2346 3217 2401 ad
3252 2346 3427 2400 admi-

183 2435 269 2489 οὐκ
294 2437 424 2507 ἔχων
469 2441 497 2491 ὃ
531 2457 582 2493 τι
633 2440 729 2493 καὶ
758 2440 1005 2510 δράσειεν
1041 2441 1068 2491 ὀ
1113 2437 1206 2491 τοῦ
1237 2437 1477 2508 πονηροῦ
1509 2440 1737 2509 γνήσιος

186 2529 480 2601 ὑπηρέτης,
524 2532 614 2583 τὶν
661 2533 749 2585 διὰ
796 2532 982 2599 ξίφους
1038 2530 1268 2583 Θάνατον
1325 2530 1737 2599 ἀποφθέγγεται

185 2624 289 2673 κατ’
325 2624 517 2690 αὐτῆς.
542 2617 616 2675 Οὗ
648 2620 1082 2689 διαγγελθέντος,
1115 2619 1329 2691 φανερά
1352 2615 1419 2699 ᾖν
1453 2620 1487 2690 ἡ
1526 2620 1737 2690 μάρτυς

186 2711 375 2781 πλήρης
424 2709 560 2767 οὖσα
595 2712 802 2784 χαρᾶς⁸
840 2714 906 2784 τῇ
954 2712 1121 2784 μητρί
1161 2729 1219 2765 τε
1263 2712 1509 2784 προσῆγε
1551 2711 1737 2781 δέησιν

185 2802 305 2873 ὑπὲρ
335 2805 608 2875 Θυγατρδς
641 2803 920 2877 εὔχεσθαι,
950 2806 1045 2859 καὶ
1067 2806 1187 2869 ταῖς
1216 2803 1475 2874 ἀδελφαῖς
1505 2803 1739 2876 παρῄνει

182 2897 332 2966 ’μηὸὶν
364 2897 463 2969 τῆς
495 2895 637 2967 πρὸς
670 2898 730 2950 τὸ
766 2896 1019 2969 βραϐεῖον
1047 2898 1145 2966 τῆς
1188 2897 1301 2952 ἀνω
1331 2898 1575 2968 κλήσεως
1596 2892 1740 2948 ’καθ-

185 2992 374 3054 υφεῖναι
432 2991 710 3057 σπουδῆς·
757 2987 980 3055 Οἴδατε,
1014 2988 1270 3057 λέγουσα,
1302 2988 1408 3041 τίνι
1442 2987 1739 3051 συνεταξά-

187 3078 327 3147 μεθα,
379 3082 471 3134 καὶ
521 3076 585 3133 οὗ
613 3082 680 3150 τῇ
725 3079 986 3149 σφραγῖδι
1022 3080 1500 3150 ἀνεσημάνθημεν.
1534 3079 1739 3132 Τούτου

1840 2444 2128 2507 rationem,
2163 2443 2417 2498 nesciens
2446 2442 2705 2512 quidnam
2758 2451 2943 2513 ageret
2988 2439 3209 2511 maligni
3260 2438 3427 2493 mini-

1839 2544 1954 2587 ster
2008 2548 2320 2600 germanus,
2378 2534 2432 2587 in
2488 2549 2608 2589 eam
2645 2534 2834 2588 mortis
2892 2532 3073 2604 gladio
3132 2532 3429 2589 inferenda

1840 2624 2157 2693 pronuntiat
2185 2625 2539 2679 sententiam.
2586 2623 2743 2689 Quod
2774 2640 2901 2678 cum
2955 2633 3104 2679 esset
3132 2623 3183 2678 ei
3212 2637 3427 2677 renum-

1840 2719 2052 2783 tiatum,
2100 2727 2349 2788 apertum
2378 2725 2515 2782 erat,
2551 2717 2747 2789 gaudio
2794 2717 3010 2787 plenam
3060 2730 3182 2771 esse
3217 2724 3425 2787 marty-

1842 2827 1977 2866 rem.
2010 2814 2137 2878 ρυλε
2168 2821 2397 2869 matrem
2450 2821 2534 2865 est
2572 2820 2793 2881 precata
2816 2851 2831 2874 ,
2860 2818 2921 2864 ut
2945 2817 3129 2865 oraret
3166 2822 3266 2878 pro
3296 2806 3427 2873 tilia,

1843 2913 1897 2959 et
1933 2919 2147 2959 sorores
2180 2913 2265 2958 est
2314 2904 2623 2967 exhortata,
2666 2912 2727 2956 ut
2776 2915 2885 2956 non
2934 2899 3249 2956 dubitarent
3281 2899 3424 2953 mori

1844 3010 1942 3065 pro
1984 2996 2372 3063 consequendo
2413 2995 2603 3049 bravio
2645 3002 2867 3047 aeternas
2915 2990 3267 3044 vocationis:
3310 2988 3431 3043 Sci-

1846 3082 1935 3149 tis,
1989 3082 2200 3147 dicens,
2252 3082 2339 3137 cui
2381 3098 2583 3137 nomen
2630 3081 2879 3137 dedimus
2926 3088 2983 3134 et
3026 3080 3185 3148 cujus
3238 3092 3432 3133 sumus

184 3174 249 3233 είς
276 3172 497 3242 ῖσχατον
524 3174 791 3243 ἐμμεῖναι
825 3177 891 3245 τῇ
918 3173 1184 3244 ὁμολογίᾳ
1209 3174 1283 3243 μὴ
1313 3174 1734 3243 ἐκκακὴσωμεν·

1845 3176 2070 3246 signatae
2115 3175 2417 3247 signaculo.
2451 3174 2513 3230 ιιι
2554 3175 2672 3244 ejus
2706 3172 2772 3228 ad
2815 3171 2979 3226 linem
3043 3184 3215 3241 usque
3254 3170 3431 3240 persi-

182 3262 267 3330 μία
295 3265 474 3336 μήτηρ
506 3266 663 3336 ἡμᾶς
691 3264 956 3334 ἐγείνατο,
984 3265 1018 3335 ή
1051 3264 1190 3333 αὑτὴ
1218 3266 1316 3327 τὰς
1341 3265 1491 3333 τρεῖς
1514 3263 1741 3334 ἀνεθρέ-

179 3354 329 3419 ψατο,
363 3360 466 3412 διὸ
501 3361 639 3428 μιᾶς
671 3359 990 3429 ἐτράφημεν
1022 3358 1120 3428 τὴν
1180 3357 1502 3427 σωματικὴν
1532 3356 1740 3427 τροφήν

181 3464 228 3498 τε
253 3453 337 3502 καὶ
372 3454 469 3521 τὴν
502 3454 889 3521 πνευματικήν
914 3468 927 3483 ·
954 3450 1012 3503 ἓν
1043 3451 1103 3503 τὸ
1122 3450 1272 3514 τέλος
1300 3452 1393 3503 καὶ
1414 3452 1536 3513 ταῖς
1561 3449 1742 3519 τρισὶν

181 3539 321 3606 ῖστω,
365 3544 486 3603 ταῖς
524 3542 784 3607 ἀδελφαῖς
832 3542 1039 3609 ἁδελφά
1073 3541 1301 3610 φανήτω
1367 3541 1463 3592 καὶ
1496 3540 1565 3591 τὰ
1608 3556 1742 3608 φρο-

182 3636 395 3701 νήματα⁶
424 3635 632 3687 οἰκεῖον
667 3633 972 3703 ὑπόδειγμα
992 3634 1113 3697 ταῖς
1140 3630 1261 3702 μετ’
1285 3630 1475 3703 αὐτὴν,
1494 3635 1527 3703 ή
1549 3632 1741 3703 πρώτη

181 3724 422 3787 γενέσθω.
453 3724 687 3789 Τούτοις
720 3727 777 3780 αι
829 3727 1059 3795 ἀδελφαὶ
1103 3727 1217 3789 τοῖς
1266 3724 1449 3793 λόγοις
1499 3727 1742 3797 ἑπιρρω-

183 3811 391 3879 adsidui,
442 3818 539 3869 καὶ
570 3817 674 3885 τὴν
712 3816 967 3885 μάρτυρα
1012 3813 1410 3884 προσειποῦσαι
1444 3812 1513 3865 τά
1555 3814 1743 3867 τελευο

178 3903 285 3955 ταία
337 3906 433 3957 καὶ
483 3906 902 3969 ἀσπασάμεναι,
964 3903 1157 3972 ἠξίουν
1211 3904 1353 3969 ὑπὲρ
1418 3902 1595 3954 αὐτῶν
1646 3902 1741 3954 τοῦ

178 3998 336 4048 κοινοῦ
388 3998 656 4066 δεηθῆναι
713 3995 1007 4062 Δεσπότου,
1062 3994 1153 4047 τδν
1204 3994 1323 4048 ῖσον
1370 3993 1508 4064 αὐτῇ
1541 3995 1743 4067 δρόμον

175 4087 382 4142 διελθεῖν
432 4089 834 4159 ἀπροσκόπωε,
884 4090 971 4143 ῖνα
1010 4088 1102 4143 καὶ
1139 4088 1248 4141 τῶν
1296 4087 1427 4142 ἰσων
1466 4089 1742 4155 ἀξιωθῶσι

177 4182 461 4249 στεφάνων.

231 4272 301 4329 Θ’.
371 4274 434 4330 Ἢ
486 4276 549 4330 δὲ
605 4274 833 4345 γενναία
891 4275 1076 4348 μήτηρ
1132 4275 1287 4330 οὐδὲν
1345 4276 1567 4344 ἀγεννὲς
1620 4274 1741 4329 οὐδὲ

178 4368 499 4441 μικρόιῖνυχον
527 4387 584 4423 τι
608 4369 709 4421 καὶ
731 4370 1043 4436 γυναικεῖον
1072 4369 1379 4439 πάσχουσα,
1412 4367 1526 4421 ἀλλ’
1551 4364 1742 4439 ὥσπερ

168 4460 445 4531 είδουμένη
482 4459 753 4512 ταπεινὸν
787 4461 882 4512 καὶ
915 4458 1136 4524 ἀνάξιον
1165 4459 1437 4529 θυγατρὸς
1480 4453 1742 4531 τοιαύτης

171 4557 251 4609 καὶ
276 4556 468 4610 παθεῖν
512 4558 613 4609 καὶ
662 4556 858 4621 εἰπεῖν,
899 4552 1033 4618 ὅλως
1067 4550 1134 4627 ἦν
1164 4554 1367 4623 ὑψηλὴ,
1395 4553 1531 4618 ὅλως
1567 4571 1743 4625 μεγα-

170 4644 386 4720 λόφρων,
418 4648 588 4701 τοῦτο
617 4646 936 4717 λυπουμένη
966 4647 1146 4717 μόνον,
1183 4644 1258 4717 μή
1295 4646 1393 4706 τὰς
1434 4643 1602 4708 ἄλλας
1642 4646 1739 4698 ίδοι

173 4742 349 4809 μικρὸν
377 4755 431 4792 τι
466 4735 567 4793 τοῦ
614 4734 1061 4805 παραδείγματος
1106 4734 1207 4805 τῆς
1258 4733 1481 4805 πρώτης
1516 4736 1741 4789 ἀπολει-

172 4830 397 4900 uesicae,
433 4833 536 4886 καὶ
573 4826 906 4900 κινδυνεύσῃ
941 4829 1067 4897 μιᾶς
1095 4828 1329 4898 ὀφθῆναι
1360 4827 1527 4899 μόνης
1556 4828 1651 4881 καὶ
1678 4828 1739 4881 οὐ

168 4925 314 4990 τριῶν
345 4926 621 4979 τοιούτων
682 4918 821 4977 εἶναι
865 4922 1049 4994 μήτηρ
1074 4921 1295 4993 γνησία.
1324 4920 1414 4975 Διὸ
1449 4922 1541 4974 καὶ
1570 4921 1742 4988 ἀξίοις

169 5018 254 5085 τὴν
298 5018 467 5073 παῖδα
516 5016 859 5084 προέπεμπε
912 5016 1121 5083 λόγοις·
1192 5013 1338 5082 Ἐγὼ
1380 5015 1479 5083 μέν
1520 5031 1604 5075 σε,
1644 5015 1740 5067 Θύ-

170 5121 342 5179 γατερ,
369 5110 679 5180 ὶγέννησα,
702 5106 958 5175 λέγουσα,
991 5105 1087 5159 καὶ
1118 5105 1313 5167 πόνους
1342 5104 1547 5159 ὠδίνων
1579 5109 1743 5176 ἐκαρ-

169 5198 357 5272 τέρησαι
385 5204 481 5258 ἐπὶ
518 5204 635 5260 σοί,
680 5199 775 5251 καὶ¹
809 5202 886 5262 εἰς
915 5197 1073 5252 τοῦτό
1115 5212 1176 5249 σε
1209 5195 1426 5269 ἡλικίας
1462 5198 1742 5267 τρέφουσα

169 5286 356 5360 ἦτα-γον
378 5313 390 5326 ·
431 5293 583 5364 πλὴν
624 5290 764 5344 ἀλλά
790 5289 985 5358 ἀπέχω
1023 5288 1091 5341 τά
1118 5290 1352 5358 τροφαῖα
1382 5288 1499 5352 νῦν.
1549 5288 1742 5358 ἀπέχω

173 5382 265 5435 τῶν
306 5387 488 5442 πόνων
544 5385 657 5447 τὰς
706 5381 1005 5444 ἀντιδόσεις
1055 5382 1236 5451 πολλῷ
1289 5381 1362 5451 τῷ
1414 5381 1644 5451 μείζονι.
1680 5382 1742 5435 Εί

172 5476 263 5543 γὰρ
290 5479 381 5531 καὶ
406 5476 613 5549 μηδεὶς
640 5471 871 5526 δύναται
895 5472 1151 5540 γονεῦσιν
1175 5470 1484 5525 ἀντιδοῦναι
1513 5472 1741 5541 χάριτας

170 5564 278 5629 ταας
318 5566 469 5637 (πῶς
503 5568 623 5637 γὰρ
681 5564 815 5634 παρ’
854 5557 933 5618 ὧν
979 5564 1114 5618 αὐτὸ
1161 5563 1221 5616 τὸ
1264 5560 1405 5616 είναι
1455 5562 1739 5633 εῐληφενς)

173 5660 288 5715 ά)λά
335 5662 401 5713 σύ
460 5679 560 5731 μοι
620 5658 806 5714 πάντα
860 5659 1302 5731 μεγαλοπρεπῶς
1350 5659 1735 5723 ἀποδέδωκας,

174 5753 525 5827 τοιαύτηςὲμὶ
562 5752 1094 5823 Θυγατρδςμητέρα
1117 5751 1363 5816 δείξασα.
1395 5749 1567 5815 οὕτως
1595 5752 1734 5819 ὑπὲρ

177 5838 386 5903 Χριστοῦ
448 5843 869 5916 μεγαλοψύχως
914 5843 1214 5917 ἀθλήσασα.
1272 5842 1411 5913 Πρδς
1450 5843 1506 5894 ὃν
1557 5843 1735 5908 ἄπιθι,

1843 3277 1989 3322 stere
2022 3268 2387 3329 confessione,
2440 3280 2508 3320 ne
2561 3265 2772 3336 ignavia
2810 3262 3059 3318 adducta:
3091 3260 3427 3316 dubitemus.

1849 3359 1964 3414 Una
2002 3369 2175 3412 mater
2218 3373 2316 3411 nos
2354 3359 2560 3427 genuit,
2604 3355 2798 3433 eadem
2833 3362 2945 3407 tres
2985 3352 3139 3415 aluit,
3189 3350 3259 3405 ab
3319 3366 3428 3405 una

1846 3467 2037 3508 sumus
2110 3451 2354 3506 educata:
2426 3458 2534 3503 tam
2607 3445 2876 3517 corporali
2940 3444 3201 3500 alimento
3260 3459 3427 3515 quam

1846 3546 2111 3615 spiritali;
2147 3546 2217 3601 sit
2246 3560 2387 3599 unus
2418 3541 2542 3597 linis
2568 3540 2730 3596 etiam
2762 3539 2959 3599 tribus,
2992 3538 3277 3592 sororibus
3318 3536 3430 3591 sint

1845 3637 2066 3691 sororiae
2112 3646 2167 3689 et
2196 3648 2466 3706 germana:
2517 3634 2847 3686 voluntates.
2880 3628 2964 3684 Sit
3007 3628 3185 3700 prima
3234 3629 3423 3682 dome-

1848 3730 2046 3785 sticum
2091 3727 2393 3797 exemplar,
2426 3726 2491 3782 iis
2534 3743 2654 3797 qua:
2682 3742 2803 3782 eam
2852 3735 3279 3795 consequentur.
3322 3723 3418 3780 His

1846 3823 2029 3877 Verbis
2085 3822 2418 3877 contirmatze
2474 3834 2714 3884 sorores,
2763 3833 2888 3871 cum
2927 3827 3220 3887 martyrem
3275 3816 3414 3869 allo-

1844 3924 2092 3980 quentes.
2130 3920 2441 3965 extremum
2478 3912 2528 3965 ei
2565 3909 2683 3965 vale
2734 3909 3023 3972 dixissent,
3064 3914 3323 3979 rogarunt
3356 3917 3419 3961 ut

1846 4021 1946 4076 pro
1986 4020 2043 4057 se
2075 4016 2426 4057 communem
2482 4009 2799 4070 precaretur
2850 3999 3167 4062 Dominum,
3218 4008 3276 4052 ut
3306 3999 3426 4052 sine

1846 4098 2148 4154 oll‘ensione
2200 4110 2422 4151 cursum
2466 4094 2515 4148 ei
2555 4110 2739 4163 parem
2782 4104 3128 4162 peragerent,
3178 4101 3237 4144 ut
3271 4106 3430 4160 pares

1846 4204 2062 4260 quoque
2089 4194 2563 4254 consequerentur
2594 4200 2850 4239 coronas.
3254 4182 3257 4186 ι

1917 4281 2008 4336 IX.
2080 4279 2358 4335 Generosa
2406 4285 2588 4332 autem
2641 4288 2838 4338 mater,
2895 4291 3007 4331 non
3070 4274 3428 4340 illiberaliter,

1844 4390 2025 4449 neque
2078 4374 2279 4445 pusillo
2309 4384 2363 4427 et
2396 4371 2716 4427 effeminato
2754 4369 2945 4423 animo
2981 4382 3039 4421 se
3074 4381 3289 4439 gerens,
3334 4367 3430 4423 sed

1776 4510 1819 4567 Β
1849 4464 2075 4536 perinde
2115 4479 2175 4517 ac
2229 4464 2561 4517 erubescens
2601 4458 2806 4531 aliquid
2837 4459 3037 4523 facere,
3088 4465 3183 4513 aut
3222 4458 3429 4522 dicere,

1847 4558 1991 4628 quod
2030 4566 2175 4611 esset
2232 4557 2502 4627 abjectum
2544 4564 2600 4609 et
2651 4552 2933 4623 indignum
2989 4549 3082 4603 tali
3124 4548 3255 4611 ﬁlia,
3311 4559 3430 4602 erat

1844 4651 2066 4706 omnino
2106 4649 2286 4721 magni
2326 4661 2381 4702 et
2408 4647 2609 4702 excelsi
2635 4644 2826 4707 animi,
2857 4642 2999 4697 hanc
3032 4640 3211 4696 solum
3243 4640 3429 4695 animo

1845 4745 2121 4814 accipiens
2157 4742 2485 4805 molestiam,
2511 4754 2581 4794 ne
2614 4738 2823 4794 videret
2853 4737 2986 4791 alias
3021 4737 3209 4805 primae
3238 4749 3429 4788 exem-

1845 4836 1993 4909 plum
2051 4851 2159 4889 non
2226 4833 2460 4903 assequi,
2516 4842 2571 4886 et
2603 4831 2815 4886 veniret
2866 4829 2920 4882 in
2974 4827 3303 4898 periculum,
3358 4841 3428 4879 ne

1847 4932 2009 4983 unius
2044 4929 2234 4988 solius.
2275 4937 2329 4981 et
2377 4940 2483 4978 non
2541 4924 2701 4977 trium
2752 4921 3032 4977 videretur
3079 4931 3200 4973 esse
3255 4926 3429 4971 mater

1844 5033 2119 5089 germana.
2160 5016 2424 5081 Quocirca
2480 5012 2643 5068 tiliam
2698 5012 2874 5081 dignis
2910 5008 3094 5064 verbis
3131 5021 3428 5078 proseque-

1847 5112 2048 5165 batur:
2085 5108 2193 5177 l-Zgo
2245 5105 2490 5174 quidem,
2533 5121 2567 5159 ο
2602 5103 2730 5166 filia,
2785 5110 2837 5155 te
2890 5101 3075 5169 genui,
3113 5099 3325 5162 dicens,
3372 5107 3428 5151 et

1845 5210 2076 5270 propter
2111 5208 2161 5251 te
2210 5198 2303 5250 tuli
2342 5206 2529 5265 partus
2562 5193 2799 5255 dolores,
2836 5200 2891 5245 et
2936 5199 2988 5245 te
3048 5189 3299 5243 nutriens
3330 5187 3429 5243 de-

1844 5290 1971 5345 duxi
2009 5289 2075 5343 ad
2128 5291 2265 5342 lianc
2323 5300 2494 5353 usque
2553 5294 2766 5339 aetatem
2820 5281 2964 5336 :sed
3018 5295 3167 5335 nunc
3214 5278 3426 5348 accipio

1847 5384 2150 5436 mercedem
2198 5380 2603 5441 alimentorum,
2651 5376 2859 5445 accipio
2890 5374 3137 5429 laborum
3171 5386 3425 5426 remune-

1844 5479 2102 5535 rationes.
2154 5484 2353 5538 easque
2407 5469 2811 5539 multiplicatas.
2882 5463 3018 5520 Nam
3074 5462 3177 5517 etsi
3240 5461 3427 5518 nullus

1844 5568 2015 5637 possit
2053 5576 2236 5632 parem
2274 5561 2497 5631 gratiam
2541 5557 2747 5611 referre
2777 5555 3095 5625 parentibus
3130 5550 3426 5621 (quomodo

1844 5661 1987 5713 enim
2016 5668 2137 5709 cum
2170 5652 2238 5707 ab
2266 5654 2332 5707 iis
2362 5653 2558 5722 ipsum,
2581 5648 2725 5719 quod
2756 5664 2961 5713 sumus,
2995 5637 3421 5715 acceperimul?)

1847 5760 1903 5806 tu
1956 5758 2135 5801 tamen
2173 5746 2302 5799 mihi
2340 5744 2521 5798 omnia
2574 5741 2914 5796 abundanter
2961 5734 3263 5797 reddidisti,
3296 5749 3422 5789 cum

1850 5858 1935 5896 me
1998 5838 2116 5893 talis
2188 5838 2305 5894 lilia
2355 5846 2579 5892 matrem
2651 5850 2769 5889 esse
2812 5832 3137 5891 ostenderis.
3196 5838 3253 5885 et
3314 5836 3420 5882 ram
