3972 6438
480 374 579 441 Sll

1760 377 2041 439 MENSIS
2080 375 2504 438 AUGUSTUS.

3650 371 3755 441 512

480 485 575 540 sed
603 483 997 556 propemodum
1049 485 1224 555 ipsum
1262 486 1428 540 etiam
1456 485 1671 556 jussum
1699 488 2064 558 prave-aiens,

2186 485 2358 551 μόνον,
2409 482 2545 537 άλλά
2587 482 2788 553 μικροῦ
2823 481 2923 536 καὶ
2970 480 3103 539 αὐτὸ
3135 483 3197 537 τὸ
3230 486 3565 555 πρόσταγμα
3606 486 3754 554 φθά-

481 576 533 630 in
580 574 817 629 mediam
871 574 1144 629 flammam
1199 575 1433 640 insiluit,
1481 587 1739 648 tanquam
1804 579 1861 633 in
1899 593 2069 649 aquas

479 666 682 722 calidas
736 675 793 721 et
819 666 1034 721 lavacra
1074 667 1421 724 suavissima.
1452 669 1709 725 Protinus
1758 684 1886 740 ergo
1918 669 2071 724 llam-

484 768 573 808 ma
630 753 847 823 quidem
900 753 1330 821 diﬂ'undebatur,
1358 767 1414 811 et
1469 759 1916 829 apprehendebat
1975 773 2071 813 eos

477 846 568 915 qui
587 846 1025 903 circumstabant.
1054 846 1257 920 Tetigit
1281 861 1463 905 autem
1489 851 1628 920 ignis
1659 853 1832 922 ipsum
1853 867 2069 921 quoque

474 934 731 1002 judicem,
750 944 862 990 tum
890 944 950 991 ut
975 936 1330 991 ulcisceretur
1350 939 1706 1007 impietatem,
1738 948 1849 993 tum
1873 950 1931 993 ut
1954 941 2069 1010 ipse

481 1026 709 1080 minime
741 1026 1035 1093 dubitaret,
1084 1027 1179 1083 sed
1207 1037 1453 1083 uteretur
1487 1032 1668 1101 seipso
1701 1038 1836 1086 teste
1873 1031 2069 1087 divinae

481 1118 762 1186 potentiae.
813 1118 905 1173 Sic
949 1133 1079 1191 ergo
1133 1134 1223 1175 res
1262 1119 1478 1189 quidem
1538 1121 1833 1191 impiorum
1866 1122 2068 1179 afficie-

479 1209 695 1262 bantur
734 1210 1031 1277 dedecore;
1100 1211 1503 1283 gloriflcabatur
1562 1224 1746 1269 autem
1793 1212 1937 1270 Deus
1971 1230 2070 1286 per

480 1318 635 1357 suam
689 1315 1010 1375 martyrem.
1080 1307 1259 1363 Judici
1308 1320 1491 1364 autem
1547 1310 1687 1365 male
1730 1325 1789 1366 se
1833 1312 2071 1367 habebat

481 1410 545 1449 ea
581 1411 705 1466 pars
744 1399 1008 1468 corporis,
1058 1414 1225 1468 quam
1265 1398 1481 1453 flamma
1516 1400 1788 1471 tetigerat,
1818 1410 1872 1456 et
1900 1402 2068 1456 mittit

479 1489 765 1558 quosdam,
795 1491 887 1560 qui
913 1499 1161 1546 sanctam
1190 1491 1545 1546 adducerent.
1565 1492 1667 1558 Qui
1698 1502 1881 1549 autem
1911 1494 2066 1550 missi

483 1578 724 1644 fuerant,
747 1581 935 1637 vident
965 1583 1229 1653 quosdam
1274 1584 1523 1638 candidis
1553 1584 1771 1639 indutos
1805 1586 2065 1652 vestibus,

478 1669 714 1741 eleganti
764 1682 818 1727 et
850 1673 1080 1728 honesta
1114 1675 1315 1744 specie,
1348 1676 1438 1744 qui
1489 1675 1574 1730 vel
1608 1676 1720 1731 sola
1748 1675 1924 1731 forma
1973 1690 2069 1747 po-

482 1764 658 1816 terant
691 1763 963 1818 adducere
996 1764 1048 1817 in
1092 1765 1509 1819 admirationem
1539 1783 1552 1830 ;
1598 1767 1688 1836 qui
1727 1767 1891 1821 etiam
1922 1782 2067 1837 saepe

2174 591 2360 639 νουσα,
2415 576 2504 628 ἰπὶ
2552 574 2723 645 μέσης
2774 575 2941 644 ἠλατο
2990 573 3089 645 τῆς
3143 574 3367 644 φλογὸς,
3420 576 3614 647 ὥσπερ
3662 578 3759 630 tul

2174 667 2394 737 θερμῶν
2436 666 2646 719 ὑδάτων
2692 666 2785 719 καὶ
2830 665 3073 736 λουτρῶν
3132 665 3346 736 ἥδιστα.
3412 668 3749 737 Παραυτίκα

2174 758 2367 829 γοῦνή
2404 760 2502 828 μὲν
2545 757 2676 826 φλὸξ
2722 758 2991 829 διεχεῖτο,
3049 759 3147 811 καὶ
3196 757 3308 811 τῶν
3361 763 3754 825 περιεστώτων

2174 849 2590 919 ἐπελαμϐάνετο
2612 864 2626 879 ο
2657 851 2863 919 ἥπτετο
2885 850 2940 903 δι
2968 851 3061 904 καὶ
3090 850 3258 903 αὑτοῦ
3295 850 3388 903 τοῦ
3412 852 3753 917 δικάζοντος,

2175 941 2294 1009 ἀμα
2344 941 2441 1010 μὲν
2496 938 2595 1011 τὴν
2635 940 2892 994 ἀσέϐειαν
2947 941 3311 1009 ἀμυνόμενον,
3351 943 3446 995 καὶ
3500 944 3760 1011 πρὺςλτδ

2177 1035 2344 1105 μηδὲν
2376 1036 2538 1089 αὐτὸν
2572 1034 2883 1104 ἀμφίϐολον
2911 1033 3078 1103 ἔχειν,
3126 1034 3242 1087 ἀλλ’
3286 1034 3465 1103 ἑαυτῷ
3509 1036 3758 1105 μάρτυρι

2174 1126 2410 1196 χρῆσθαι
2440 1126 2541 1194 τῆς
2569 1124 2664 1179 τοῦ
2695 1123 2831 1178 Θεοῦ
2855 1124 3162 1193 δυνάμεως.
3196 1124 3384 1188 Οὕτως
3415 1115 3511 1179 οὖν
3554 1126 3623 1178 τά
3654 1114 3758 1195 μὲν

2172 1217 2281 1270 τῶν
2324 1216 2541 1270 ἀσεϐῶν
2590 1215 2985 1288 κατῃσχύνετο,
3027 1215 3161 1278 Θεὸς
3203 1216 3259 1269 δὲ
3302 1216 3392 1269 διὰ
3438 1217 3536 1283 τῆς
3584 1217 3760 1269 αὐτοῦ

2177 1308 2453 1378 μάρτυρος
2483 1306 2767 1372 ἐδοξάζετο
2787 1321 2802 1335 ’
2838 1304 2956 1377 εἶχε
2988 1306 3044 1359 δ)
3076 1306 3170 1359 καὶ
3200 1306 3279 1377 τῷ
3314 1308 3547 1379 δικαστῇ
3582 1310 3759 1376 πονή-

2177 1417 2280 1471 ρως
2310 1400 2369 1452 τὸ
2396 1398 2829 1469 παραπολαῦσαι)
2876 1398 2974 1467 τῆς
3008 1398 3207 1468 φλογὸς
3242 1402 3409 1471 μέρος
3438 1400 3533 1453 τοῦ
3567 1401 3761 1469 σώμα-

2172 1509 2284 1557 τος,
2337 1493 2431 1545 καὶ
2482 1492 2693 1561 πέμπει
2742 1491 2891 1552 τινὰς
2946 1491 3174 1555 ἄξοντας
3214 1494 3314 1562 τὴν
3359 1494 3543 1561 ἀγίαν.
3584 1494 3649 1547 οἱ
3700 1494 3762 1546 ϐλ

2173 1583 2521 1654 πεμφθέντες
2553 1581 3029 1652 λευκημονοῦντας
3063 1582 3251 1653 ἑώρων
3280 1586 3433 1649 τινας
3465 1585 3762 1655 εὐπροσὼ-

2176 1694 2311 1739 πους
2346 1677 2430 1729 ὅτι
2467 1676 2704 1746 μάλιστα
2744 1674 2841 1727 καὶ
2873 1676 3170 1744 χαρίεντας
3203 1675 3468 1745 εκπληξιν
3513 1678 3623 1731 ἀπὸ
3657 1678 3765 1747 τῆς

2178 1769 2392 1838 μορφῆς
2443 1766 2692 1835 έμποιεῐν
2736 1767 3104 1836 δυναμένουςυ
3150 1766 3203 1819 οἳ
3271 1770 3366 1821 καὶ
3402 1769 3670 1833 πολλάκις
3703 1773 3767 1823 ιν

481 1854 580 1907 visi
614 1855 832 1908 fuerant
863 1871 987 1909 cum
1027 1855 1185 1910 beata
1229 1858 1432 1911 versari
1473 1858 1525 1912 in
1556 1858 1800 1925 fornace,
1834 1869 1889 1915 et
1914 1860 2073 1915 simul

2186 1860 2241 1925 τῇ
2266 1857 2480 1925 καμίνῳ
2504 1855 2759 1917 συνόντες
2785 1857 2849 1924 τῇ
2888 1856 3140 1926 μακαρίᾳ
3163 1856 3257 1907 καὶ
3280 1860 3765 1927 συναναφέροντες

480 1960 605 1998 cum
654 1960 717 1999 ea
753 1961 947 2016 preces
998 1946 1252 2002 fundere.
1303 1947 1440 2004 Cum
1494 1960 1675 2003 autem
1713 1950 1794 2004 eis
1825 1961 2067 2005 sanctam

482 2041 812 2097 conantibus
860 2057 1057 2112 capere
1103 2043 1293 2097 soluta:
1324 2054 1513 2097 essent
1542 2044 1801 2108 desteraa,
1834 2061 1940 2099 non
1976 2062 2071 2099 va-

484 2129 664 2184 lentes
719 2129 922 2200 aliquid
964 2130 1203 2201 amplius
1263 2129 1444 2185 facere
1491 2148 1505 2183 :
1549 2131 1839 2201 Egredere,
1870 2134 2070 2189 clama-

483 2218 641 2285 bant,
683 2221 877 2274 ancilla
921 2219 1016 2276 Dei
1065 2237 1078 2274 :
1118 2231 1277 2276 vocat
1326 2232 1377 2277 te
1416 2223 1602 2293 judex.
1660 2225 1793 2289 Quae
1846 2225 1947 2279 etsi
2005 2240 2069 2280 ex

484 2311 609 2380 igne
651 2326 869 2382 egressa
916 2322 1063 2367 esset
1093 2314 1280 2377 illaesa,
1318 2328 1443 2367 cum
1475 2314 1520 2367 ei
1553 2317 1783 2367 omnino
1817 2331 1925 2369 non
1970 2332 2071 2369 no-

484 2404 693 2459 cuisset
732 2404 893 2475 ignis,
925 2414 981 2460 et
1012 2405 1212 2476 impius
1257 2420 1456 2476 corpus
1496 2406 1719 2460 haberet
1757 2407 1937 2462 adhuc
1967 2424 2055 2463 se-

488 2496 888 2561 iniustulatum,
928 2506 985 2551 et
1026 2513 1089 2551 ex
1129 2498 1246 2567 ipso
1291 2506 1479 2567 posset
1520 2497 1823 2569 intelligere
1860 2519 1872 2553 :
1921 2515 2072 2554 cras-

486 2602 609 2642 sam
670 2599 853 2643 tamen
911 2588 1111 2642 nubem
1165 2588 1353 2646 ferens
1401 2590 1451 2642 in
1508 2593 1703 2655 oculis,
1749 2602 1864 2645 erat
1916 2593 2071 2660 plane

484 2679 773 2749 insipiens.
831 2679 1127 2749 PrOpterca
1177 2680 1228 2733 in
1276 2695 1396 2733 eam
1456 2696 1647 2736 rursus
1706 2684 1809 2737 alia
1862 2684 2075 2737 induxit

488 2770 773 2841 supplicia,
814 2770 1045 2842 etjubet
1090 2772 1211 2841 ejus
1254 2772 1495 2826 membra
1547 2774 1784 2843 transﬁgi
1823 2774 2069 2827 terebris.

486 2863 625 2917 Cum
678 2875 860 2918 autem
931 2872 1137 2935 martyr
1189 2864 1398 2917 habens
1435 2866 1660 2917 omnino
1712 2876 1945 2919 mentem
2006 2867 2073 2922 ad

490 2953 659 3008 Deum
690 2956 980 3017 sublatam,
1010 2970 1200 3019 parum
1236 2964 1327 3009 aut
1357 2956 1493 3008 nihil
1526 2967 1743 3011 curaret
1776 2967 2067 3027 tormenta,

487 3062 610 3100 eam
644 3055 818 3101 morte
856 3048 1205 3102 condemnat.
1256 3045 1411 3114 Quod
1449 3049 1667 3118 quidem
1711 3066 1834 3105 cum
1866 3053 2078 3123 audiis:

488 3146 573 3191 set
607 3136 1030 3205 adolescentula,
1062 3141 1215 3211 cujus
1246 3154 1356 3193 non
1394 3149 1549 3193 erant
1575 3142 1759 3209 pusilli
1793 3150 1846 3194 et
1876 3143 2072 3196 mulie-

489 3228 618 3283 bres
662 3230 908 3299 spiritus,
982 3240 1038 3283 et
1080 3239 1387 3297 reputasset
1442 3230 1541 3286 hoc
1592 3244 1711 3288 esse
1776 3233 1939 3286 veluti
1999 3211 2146 3287 si-C

494 3320 788 3387 gnaculum
819 3328 875 3371 et
902 3318 1212 3373 firmitatem
1246 3335 1354 3373 sure
1390 3319 1444 3373 in
1491 3321 1656 3376 Deum
1690 3322 2076 3390 confessionis,

492 3426 715 3481 magnas
762 3409 871 3467 Deo
904 3416 1013 3483 egit
1043 3415 1243 3485 gratias
1281 3433 1293 3467 :
1327 3414 1441 3484 Ago
1473 3416 1567 3469 tibi
1616 3418 1835 3486 gratias,
1870 3418 2078 3484 dicens,

491 3504 675 3557 divina
707 3504 969 3567 Trinitas,
1001 3521 1107 3559 una
1137 3506 1419 3568 divinitas,
1450 3522 1556 3557 una
1601 3508 1794 3577 gloria,
1836 3525 1944 3562 una
1982 3526 2079 3577 po-

492 3598 688 3657 tentia,
727 3596 871 3665 quod
919 3605 971 3651 te
1014 3605 1068 3651 et
1099 3598 1206 3652 tuis
1248 3596 1578 3666 martyribus
1626 3599 1761 3652 meis
1805 3601 2083 3657 sororibus

492 3689 710 3757 dignam
743 3706 850 3752 me,
883 3704 1003 3759 quae
1044 3703 1163 3742 sum
1207 3688 1451 3749 minima,
1496 3690 1804 3745 reddidisti.
1830 3692 2082 3752 Concede

494 3792 698 3842 autem,
744 3790 801 3833 ut
846 3790 1022 3835 mater
1045 3794 1163 3834 mea
1210 3790 1330 3851 post
1368 3796 1548 3834 meum
1578 3782 1864 3837 decessum
1895 3788 2081 3840 tandiu

498 3872 569 3923 sit
624 3869 676 3922 in
722 3870 825 3925 hac
867 3872 1063 3928 misera
1105 3874 1217 3926 vita
1276 3881 1577 3939 superstes,
1626 3881 1687 3925 ut
1738 3875 1842 3929 tuis
1876 3875 2085 3932 ancillis

495 3962 637 4033 justa
678 3963 860 4017 faciat.

571 4133 709 4190 XIV.
754 4134 891 4192 Cum
923 4138 1003 4194 sic
1036 4149 1257 4209 precata
1301 4151 1448 4197 esset
1487 4142 1643 4198 beata
1684 4144 1935 4202 Charitas
1984 4146 2081 4201 ad.

502 4230 767 4282 miratth
806 4229 928 4283 filia
959 4239 1135 4283 mater
1172 4232 1506 4286 admirabilis
1542 4249 1640 4301 pro
1682 4249 1745 4287 ea
1786 4246 1867 4290 est
1898 4253 2087 4305 preca-

504 4329 581 4382 ta,
621 4334 729 4371 non
772 4328 833 4372 ut
865 4333 985 4373 eam
1046 4320 1255 4375 videret
1315 4321 1515 4390 vivam,
1544 4332 1600 4377 et
1640 4323 1803 4396 longo
1843 4334 2087 4396 tempore

502 4419 729 4479 viveret.
783 4431 1012 4473 mortem
1062 4419 1347 4491 eﬂugiens,
1389 4433 1446 4475 et
1480 4436 1600 4475 eam
1634 4423 1807 4477 solam
1862 4424 2089 4479 haberet

2177 1946 2314 2017 αὐτῇ
2359 1948 2458 2010 τὰς
2489 1948 2655 2017 εὐχὰς
2690 1946 3017 2016 έθεάθησαν.
3076 1947 3233 2001 Ἐπεὶ
3270 1943 3365 2001 οὖν
3408 1948 3765 2017 ἐπιχειροῦσι

2177 2039 2393 2099 τούτοις
2432 2036 2531 2111 τὴν
2575 2039 2739 2107 ἁγίαν
2787 2038 2976 2090 λαϐεῖν
3030 2040 3297 2109 παρεῖντο
3352 2042 3408 2092 αί
3452 2038 3651 2106 δεξιαὶ,
3698 2040 3765 2092 ού

2178 2129 2470 2196 δυνάμενοί
2518 2147 2569 2182 τι
2620 2130 2821 2196 δρᾶσαι
2856 2128 3019 2180 πλέον
3045 2145 3059 2160 ο
3121 2128 3320 2193 Ἐξιθι,
3359 2130 3555 2195 ἐϐόων,
3593 2131 3623 2200 ἡ
3660 2129 3767 2183 τοῦ

2176 2219 2317 2274 Θεοῦ
2356 2219 2543 2289 δούλη,
2584 2223 2612 2273 ὀ
2644 2218 2881 2283 δικάζων
2916 2218 3093 2273 καλεῖ.
3143 2220 3230 2283 Ὠς
3258 2219 3354 2274 οῦν
3392 2221 3617 2285 ἀθικτος
3647 2222 3766 2275 ἀπὸ

2181 2310 2277 2364 τοῦ
2320 2310 2495 2382 πυρὸς
2542 2308 2766 2381 ἐξῆλθεν
2805 2307 2957 2364 οὐδὲν
2997 2309 3172 2381 αὐτὴν
3220 2312 3281 2364 τὸ
3326 2314 3592 2383 παράπαν
3628 2312 3767 2383 βλά-

2180 2404 2407 2472 ψαντος,
2440 2405 2466 2456 ὁ
2499 2402 2766 2473 δυσσεϐὴς
2799 2404 2977 2455 καίτοι
3016 2403 3356 2472 ἡμίφλεκτον
3391 2405 3473 2458 ἔτι
3505 2406 3565 2457 τὸ
3595 2407 3769 2469 σῶμα

2181 2496 2343 2566 ἔχων,
2398 2495 2491 2549 καὶ
2545 2492 2638 2561 ἀφ’
2691 2493 2887 2546 ἑαυτοῦ
2937 2495 3181 2546 συνεῖναι
3230 2494 3554 2565 δυνάμενος,
3609 2497 3813 2566 ὅμως

2181 2588 2327 2658 παχὺ
2361 2588 2540 2657 φέρων
2574 2586 2633 2638 το
2659 2586 2747 2639 ἐπὶ
2776 2586 2883 2637 τῶν
2909 2586 3223 2653 ὀφθαλμῶν
3243 2590 3341 2658 τῆς
3362 2587 3540 2657 ψυχῆς
3577 2590 3770 2656 νέφος,

2183 2681 2447 2741 ἀσύνετος
2492 2674 2580 2747 ἦν.
2638 2678 2749 2729 Καὶ
2796 2676 2884 2728 διὰ
2925 2676 3086 2728 τοῦτο
3133 2677 3227 2729 καὶ
3274 2676 3433 2739 αὖθις
3487 2680 3772 2750 τιμωρίας

2183 2772 2394 2841 ἐπῆγεν
2429 2770 2645 2839 ιτερας,
2685 2771 2778 2822 καὶ
2806 2769 3104 2832 τρυπάνοις
3132 2769 3304 2840 αὐτὴν
3328 2769 3539 2823 κελεύει
3566 2770 3775 2826 διαπε-

2184 2862 2446 2933 ρονᾶσθαι
2482 2862 2549 2915 τά
2582 2862 2739 2932 μέλη.
2789 2858 2945 2915 Ἐπεὶ
2980 2848 3035 2914 δὲ
3067 2861 3166 2933 τὴν
3199 2861 3449 2915 διάνοιαν
3497 2862 3590 2917 διά
3622 2880 3774 2918 παν-

2181 2958 2269 3018 τὸς
2297 2955 2432 3027 πρὸς
2459 2955 2594 3009 Θεὸν
2625 2955 2823 3025 ἔχουσα
2855 2954 2961 3007 τῶν
2988 2955 3353 3024 ἐπαγομένων
3381 2955 3541 3025 ὀλίγα
3565 2959 3777 3028 ἐφρόν-

2182 3048 2331 3109 τιζεν
2363 3046 2395 3115 ἢ
2424 3045 2601 3108 οὐδὲν,
2654 3047 2746 3098 τὸν
2789 3044 2874 3098 ϐιά
2926 3044 3115 3114 ξίφους
3160 3047 3391 3102 θάνατον
3444 3051 3543 3102 καὶ
3590 3052 3773 3120 αὐτῆς

2185 3136 2529 3205 κατακρίνει,
2572 3138 2709 3208 ὅπερ
2730 3139 2761 3209 ἡ
2784 3138 2951 3209 μηδὲν
2974 3139 3196 3207 ἀγεννὲς
3223 3142 3358 3209 μηδὲ
3378 3141 3519 3209 θῆλυ
3539 3145 3776 3212 φρονοῦ-

2183 3249 2252 3285 σα
2292 3232 2472 3293 νεᾶνις
2499 3230 2802 3294 ἀκούσασα,
2835 3232 2931 3284 καὶ
2959 3230 3148 3300 ὥσπερ
3181 3231 3451 3301 σφραγῖδα
3483 3232 3643 3286 τοῦτο
3670 3237 3775 3289 καὶ

2182 3324 2484 3393 ἀσφάλειαν
2530 3323 2631 3390 τῆς
2688 3321 2825 3390 πρὸς
2880 3320 3012 3373 Θεὸν
3056 3319 3349 3389 ὀμολογίας
3398 3322 3772 3397 λογισαμένη,

2185 3415 2388 3475 πολλὰς
2416 3414 2685 3484 ὡμολόγει
2711 3412 2786 3483 τῷ
2814 3412 2932 3483 Θεῷ
2965 3414 3196 3484 χάριτας
3216 3428 3230 3443 ⁸
3283 3411 3611 3485 Εὐχαριστῶ
3656 3434 3770 3485 σοι,

2183 3509 2440 3573 λέγουσα,
2481 3508 2599 3561 θεία
2646 3507 2847 3577 Τριάς,
2908 3507 3005 3577 μία
3058 3502 3272 3577 θεότης,
3332 3507 3429 3577 μία
3474 3507 3627 3572 δόξα,
3661 3511 3771 3579 μία

2192 3602 2445 3673 δύναμις,
2478 3602 2557 3656 ὅτι
2594 3600 2690 3655 καί
2724 3618 2789 3672 με
2821 3600 2916 3654 τοῦ
2944 3600 3234 3670 νυμτρῶνος
3261 3600 3356 3653 τοῦ
3391 3601 3483 3654 σοῦ
3518 3602 3616 3655 καὶ
3657 3602 3774 3656 τῶν

2187 3692 2295 3748 σῶν
2380 3694 2678 3765 μαρτύρων
2747 3693 2859 3746 τῶν
2918 3692 3069 3762 ίμῶν
3130 3693 3383 3760 ἀδελφῶν
3446 3696 3609 3760 ἀξίαν
3667 3696 3775 3768 τὴν

2186 3785 2478 3852 ἐλαχίστην
2526 3782 2756 3845 ἔδειξας.
2804 3783 2903 3841 Δδς
2952 3781 3010 3833 δὲ
3067 3782 3161 3834 καὶ
3190 3783 3290 3851 τὴν
3340 3785 3481 3852 ἐμὴν
3545 3788 3773 3858 μητέρα

2190 3875 2327 3945 μετά
2351 3877 2449 3946 τὴν
2468 3874 2606 3946 ἐμὴν
2635 3873 2895 3945 τελευτὴν
2920 3872 2997 3943 τῷ
3020 3873 3353 3945 ταλαιπώρῳ
3377 3876 3551 3945 τούτῳ
3572 3880 3779 3951 ἐπιζῆο

2189 3986 2279 4022 σαι
2325 3968 2447 4040 βίῳ,
2482 3970 2607 4023 ὅσον
2641 3968 2710 4021 τὶ
2758 3967 3126 4038 νενομισμένα
3156 3968 3277 4031 ταῖς
3323 3970 3444 4032 σαῖς
3487 3967 3772 4039 θεραπαι-

2187 4061 2327 4114 νίσιν
2358 4048 2812 4130 ἀφοσιώσασθαι.

2264 4156 2364 4209 lA'.
2405 4154 2563 4207 Οὖτω
2603 4153 2704 4221 τῆς
2749 4154 3030 4222 μακαρίας
3066 4152 3355 4221 δεηθείσης
3411 4154 3685 4225 ’Λγάπης,
3740 4158 3777 4227 ἡ

2189 4244 2286 4313 τῆς
2343 4244 2653 4313 θαυμασίας
2715 4243 2989 4310 θυγατρὸς
3048 4242 3333 4311 θαυμασία
3397 4245 3583 4313 μήτηρ
3645 4250 3778 4300 τινὰ

2190 4334 2333 4404 ὑπὲρ
2366 4332 2538 4402 αὐτῆς
2593 4331 2780 4400 δέησιν
2815 4332 3075 4393 ὲποιείτο,
3109 4330 3209 4399 οὐχ
3256 4330 3344 4383 ἵνα
3380 4331 3562 4394 ζῶσαν
3598 4333 3778 4403 αὐτὴν

2189 4428 2316 4500 δρᾷ,
2377 4425 2489 4478 οὐδ’
2544 4425 2632 4479 ῐνα
2686 4426 2899 4497 μακρὸν
2944 4424 3138 4494 χρόνον
3192 4424 3331 4495 βιῴη
3390 4424 3482 4477 τὸν
3537 4424 3778 4480 θάνατον

504 4512 932 4565 consolationem
981 4522 1037 4566 et
1083 4528 1236 4583 spem
1303 4516 1625 4580 senectutis,
1673 4530 1797 4569 cum
1840 4516 1909 4570 ab
1968 4517 2078 4570 aliis

2194 4517 2533 4588 ἐκφυγοῦσα,
2568 4520 2664 4572 καὶ
2711 4517 3067 4587 παραμυθίαν
3106 4517 3276 4586 αὐτὴν
3311 4518 3481 4587 μόνην
3510 4518 3628 4587 ἔχοι
3677 4522 3778 4572 καὶ

507 4612 653 4658 esset
697 4604 911 4659 deserta
974 4604 1221 4671 filiabus;
1269 4604 1407 4658 nihil
1468 4605 1663 4659 horum
1714 4616 1798 4659 est
1846 4614 2087 4673 precata,

508 4704 602 4748 aut
631 4696 829 4758 voluit;
877 4695 992 4749 haec
1020 4697 1168 4749 enim
1213 4695 1491 4764 judicabat
1536 4711 1659 4750 esse
1712 4707 1946 4750 matrum
1988 4698 2092 4751 illi-

508 4787 708 4841 beralis
752 4797 807 4841 et
842 4788 1023 4857 pusilli
1075 4787 1265 4849 animi,
1309 4795 1366 4841 et
1413 4803 1534 4857 qua:
1584 4788 1870 4842 intuentur
1911 4789 2087 4843 solum

505 4878 575 4931 ad
623 4878 677 4931 id
716 4878 858 4945 quod
910 4877 1087 4940 adest,
1124 4886 1175 4930 et
1219 4876 1365 4945 quod
1406 4874 1663 4928 videtur:
1711 4875 1805 4929 sed
1855 4883 1910 4928 ut
1961 4891 2093 4929 con-

510 4970 795 5023 venientcr
829 4969 949 5038 ejus
999 4967 1283 5038 proposito
1331 4967 1610 5035 acciperet
1662 4970 2091 5022 consummatio-

508 5081 656 5129 nem,
682 5071 737 5118 et
758 5063 899 5117 bona
924 5062 1063 5117 facta
1094 5064 1270 5118 bonus
1298 5071 1618 5131 sequeretur
1648 5062 1847 5115 exitus.
1881 5061 2091 5127 Quam-

508 5173 700 5226 obrem
752 5170 819 5225 ad
867 5178 1102 5224 mortem
1167 5170 1217 5223 ei
1268 5169 1477 5223 addens
1527 5168 1793 5233 animum,
1840 5174 1895 5222 et
1924 5170 1991 5223 ad
2033 5168 2095 5221 fl-

513 5279 641 5319 nem
698 5278 893 5317 cursus
947 5262 1277 5317 conﬁrmans
1320 5277 1335 5315 :
1383 5258 1551 5330 Euge,
1599 5259 1837 5324 dicebat,
1874 5276 1905 5314 ο
1952 5260 2091 5324 ﬁlia;

516 5372 550 5410 o
580 5357 685 5409 mei
740 5354 879 5410 uteri
941 5369 1131 5409 revera
1185 5354 1316 5408 felix
1359 5354 1574 5423 planta!
1606 5367 1639 5406 o
1681 5366 1803 5421 quae
1855 5352 2095 5407 honora-

514 5451 643 5506 visti
721 5448 1004 5519 parentes!
1050 5463 1082 5501 ο
1127 5462 1247 5516 qua:
1293 5448 1459 5501 Deum
1516 5447 1570 5501 in
1620 5447 1725 5501 tuis
1784 5445 2093 5515 glorificasti

519 5544 798 5598 membris.
844 5540 977 5607 Quis
1032 5556 1139 5594 non
1183 5549 1331 5594 tuam
1386 5539 1627 5593 laudabit
1680 5538 2097 5593 fortitudinem?

517 5638 650 5697 Quis
684 5650 792 5689 non
814 5633 980 5687 animi
1013 5631 1179 5686 robur
1203 5630 1667 5686 etconstantiam?
1686 5630 1830 5684 Vade
1860 5632 1923 5685 ad
1949 5646 2097 5686 com-

522 5742 741 5781 munem
780 5725 1092 5788 Dominum,
1127 5722 1190 5776 ad
1232 5722 1549 5787 thalamum,
1581 5723 1633 5775 in
1669 5737 1828 5791 quem
1863 5739 1969 5776 non
2012 5739 2098 5776 ca-

522 5818 608 5871 dit
661 5816 937 5881 interitus,
980 5815 1043 5869 ad
1084 5816 1321 5883 quietem
1364 5826 1547 5867 revera
1588 5814 1818 5875 beatam,
1856 5815 2094 5869 laborum

2195 4610 2510 4680 γηροκόμον
2562 4608 2751 4661 ὲλπίδα
2800 4607 2908 4657 τῶν
2958 4606 3133 4660 ἄλλων
3190 4606 3512 4675 θυγατέρων
3559 4608 3777 4677 ἔρημος

2192 4704 2363 4757 οὖσα·
2407 4703 2560 4755 οὖδὲν
2605 4700 2845 4752 τοιοῦτον
2886 4699 2920 4769 ἡ
2968 4698 3173 4767 ηῦξατο
3225 4698 3547 4767 ἡὴθέλησε.
3584 4698 3780 4751 Ταῦτα

2193 4796 2303 4865 γὰρ
2348 4795 2591 4861 ἀγεννῶν
2633 4792 2813 4859 ἔκρινε
2857 4792 3112 4860 μητέρων
3161 4791 3255 4841 καὶ
3310 4792 3445 4857 πρὸς
3490 4789 3550 4841 τὸ
3595 4792 3780 4859 παρὸν

2200 4888 2362 4959 μόνον
2404 4885 2742 4957 βλεπουσῶν,
2778 4883 2892 4936 ἀλλ’
2931 4880 3073 4932 ὥστε
3107 4881 3255 4933 κατά
3290 4882 3391 4951 τὴν
3426 4880 3600 4948 αὐτῆς
3634 4882 3778 4951 πρός

2196 4983 2347 5035 θεσιν
2384 4982 2478 5032 καὶ
2510 4980 2609 5049 τὴν
2645 4977 2925 5029 τελείωσιν
2962 4972 3225 5036 δέξασθαι
3275 4972 3371 5024 καὶ
3404 4971 3595 5032 καλαῖς
3625 4975 3777 5042 πρά-

2198 5072 2311 5137 East
2345 5070 2507 5123 καλὸν
2558 5068 2928 5136 ἀκολουθῆσαι
2978 5065 3075 5118 καὶ
3127 5065 3299 5126 τέλος.
3344 5063 3435 5115 Διὸ
3482 5061 3576 5113 καὶ
3633 5062 3783 5132 πρὸς

2196 5167 2289 5218 τὸν
2317 5165 2548 5216 θανατον
2581 5160 2958 5227 έπαλείφουσα
3006 5156 3237 5225 ταύτην,
3276 5156 3370 5207 καὶ
3412 5153 3548 5223 πρὸς
3582 5153 3643 5205 τὸ
3678 5154 3778 5206 τοῦ

2196 5256 2402 5327 δρόμου
2463 5254 2613 5313 τέλος
2687 5249 3113 5322 ὲπιρῤωννῦσα·
3172 5247 3337 5315 Εῦγε,
3407 5239 3452 5299 ὦ
3507 5244 3777 5313 θύγατερ,

2198 5350 2372 5417 ἔλεγε,
2407 5342 2451 5400 ὧ
2486 5344 2722 5415 γαστρὸς
2772 5343 2910 5413 ὲμῆς
2963 5341 3239 5412 μακάριον
3286 5340 3455 5401 ὅντως
3505 5336 3697 5405 φυτὸν,
3732 5330 3781 5390 ὦ

2199 5442 2377 5509 γονεῖς
2404 5441 2705 5511 τιμήσασα,
2757 5430 2801 5490 ὦ
2855 5436 2991 5489 Θεὸν
3059 5438 3116 5487 ὲν
3166 5436 3282 5495 τοῖς
3327 5432 3439 5493 σοῖς
3496 5428 3780 5494 δοξάσασα

2208 5532 2395 5601 μέλεσι
2422 5546 2435 5559 ·
2472 5529 2555 5591 τίς
2584 5544 2642 5580 σε
2677 5529 2774 5596 τῆς
2806 5523 3030 5593 ἀνδρίας
3062 5523 3164 5575 ούκ
3204 5519 3522 5585 ὲπαινέσει;
3555 5518 3639 5582 τίς
3675 5519 3781 5587 τῆς

2202 5624 2522 5693 καρτερίας,
2575 5620 2661 5683 τίς
2708 5618 2808 5685 τῆς
2858 5616 3207 5678 ένστάσεωςς
3270 5612 3461 5667 Ἀπιθι
3519 5611 3658 5678 πρὸς
3687 5611 3781 5661 τὸν

2203 5716 2379 5769 κοινὸν
2411 5714 2710 5780 Δεσπότην,
2750 5708 2889 5777 πρὸς
2914 5708 3005 5759 τὸν
3050 5705 3317 5774 νυμερῶνα
3347 5702 3438 5754 τὴν
3469 5702 3777 5776 ἄφθαρτον,

2204 5805 2340 5874 πρὸς
2366 5804 2461 5873 τὴν
2501 5801 2774 5872 μακαρίαν
2806 5799 2971 5860 ὅντως
3002 5799 3327 5858 ἀνάπαυσιν,
3364 5792 3775 5861 ἁπολειψαμένη
