  <div class='ocr_page' id='page_1' title='image "/cluster/home/n/w/nwhite01/storage/ocr_20150623/115/ien.35556001659887/266.png"; bbox 0 0 3972 6470; ppageno 0'>
   <div class='ocr_carea' id='block_1_1' title="bbox 207 409 307 473">
    <p class='ocr_par' dir='ltr' id='par_1_1' title="bbox 207 409 307 473">
     <span class='ocr_line' id='line_1_1' title="bbox 207 409 307 473; baseline 0 -2"><span class='ocrx_word' id='word_1_1' title='bbox 207 409 307 473; x_wconf 73' lang='grc'><strong>513</strong></span> 
     </span>
    </p>
   </div>
   <div class='ocr_carea' id='block_1_2' title="bbox 1483 405 2208 470">
    <p class='ocr_par' dir='ltr' id='par_1_2' title="bbox 1483 405 2208 470">
     <span class='ocr_line' id='line_1_2' title="bbox 1483 405 2208 470; baseline -0.006 -1"><span class='ocrx_word' id='word_1_2' title='bbox 1483 407 1654 470; x_wconf 82' lang='lat' dir='ltr'><strong>VITA</strong></span> <span class='ocrx_word' id='word_1_3' title='bbox 1700 405 1760 468; x_wconf 93' lang='lat' dir='ltr'><strong>S.</strong></span> <span class='ocrx_word' id='word_1_4' title='bbox 1807 406 2208 470; x_wconf 79' lang='lat' dir='ltr'><strong>STEPHANI.</strong></span> 
     </span>
    </p>
   </div>
   <div class='ocr_carea' id='block_1_3' title="bbox 3363 405 3466 470">
    <p class='ocr_par' dir='ltr' id='par_1_3' title="bbox 3363 405 3466 470">
     <span class='ocr_line' id='line_1_3' title="bbox 3363 405 3466 470; baseline -0.029 0"><span class='ocrx_word' id='word_1_5' title='bbox 3363 405 3466 470; x_wconf 71' lang='grc'><strong>514</strong></span> 
     </span>
    </p>
   </div>
   <div class='ocr_carea' id='block_1_4' title="bbox 199 515 1786 591">
    <p class='ocr_par' dir='ltr' id='par_1_4' title="bbox 199 517 1777 591">
     <span class='ocr_line' id='line_1_4' title="bbox 199 517 1777 591; baseline 0.001 -21"><span class='ocrx_word' id='word_1_6' title='bbox 199 518 304 571; x_wconf 78' lang='grc' dir='ltr'><strong>τῶν</strong></span> <span class='ocrx_word' id='word_1_7' title='bbox 331 517 514 572; x_wconf 76' lang='grc' dir='ltr'>ἄθλων</span> <span class='ocrx_word' id='word_1_8' title='bbox 550 520 648 583; x_wconf 74' lang='grc' dir='ltr'><strong>τάς</strong></span> <span class='ocrx_word' id='word_1_9' title='bbox 682 519 937 591; x_wconf 74' lang='grc' dir='ltr'>ἀμοιϐάς.</span> <span class='ocrx_word' id='word_1_10' title='bbox 970 521 1066 583; x_wconf 78' lang='lat'><strong>&#39;0;</strong></span> <span class='ocrx_word' id='word_1_11' title='bbox 1095 536 1186 573; x_wconf 87' lang='grc' dir='ltr'><strong>σου</strong></span> <span class='ocrx_word' id='word_1_12' title='bbox 1221 519 1308 571; x_wconf 65' lang='grc' dir='ltr'><strong>τὸν</strong></span> <span class='ocrx_word' id='word_1_13' title='bbox 1344 517 1610 586; x_wconf 78' lang='grc' dir='ltr'>στέφανον</span> <span class='ocrx_word' id='word_1_14' title='bbox 1639 536 1777 586; x_wconf 81' lang='grc' dir='ltr'>φαν-</span> 
     </span>
    </p>
   </div>
   <div class='ocr_carea' id='block_1_5' title="bbox 1892 515 3469 591">
    <p class='ocr_par' dir='ltr' id='par_1_5' title="bbox 1892 515 3469 590">
     <span class='ocr_line' id='line_1_5' title="bbox 1892 515 3469 590; baseline -0.001 -15"><span class='ocrx_word' id='word_1_15' title='bbox 1892 529 2174 590; x_wconf 84' lang='lat' dir='ltr'><strong>aceeptura</strong></span> <span class='ocrx_word' id='word_1_16' title='bbox 2210 517 2703 574; x_wconf 87' lang='lat' dir='ltr'><strong>remunerationes.</strong></span> <span class='ocrx_word' id='word_1_17' title='bbox 2739 518 2813 575; x_wconf 90' lang='lat' dir='ltr'><strong>Ut</strong></span> <span class='ocrx_word' id='word_1_18' title='bbox 2854 517 3063 573; x_wconf 75' lang='lat' dir='ltr'><strong>visione</strong></span> <span class='ocrx_word' id='word_1_19' title='bbox 3113 515 3469 588; x_wconf 81' lang='lat' dir='ltr'><strong>apprehende</strong></span> 
     </span>
    </p>
   </div>
   <div class='ocr_carea' id='block_1_6' title="bbox 199 610 1783 684">
    <p class='ocr_par' dir='ltr' id='par_1_6' title="bbox 199 610 1783 684">
     <span class='ocr_line' id='line_1_6' title="bbox 199 610 1783 684; baseline 0.002 -21"><span class='ocrx_word' id='word_1_20' title='bbox 199 611 440 679; x_wconf 76' lang='grc' dir='ltr'>τάξομαι</span> <span class='ocrx_word' id='word_1_21' title='bbox 481 610 641 684; x_wconf 78' lang='grc' dir='ltr'>δεξιᾷ</span> <span class='ocrx_word' id='word_1_22' title='bbox 690 617 996 684; x_wconf 78' lang='grc' dir='ltr'>Δεσποτικῇ</span> <span class='ocrx_word' id='word_1_23' title='bbox 1033 611 1486 684; x_wconf 73' lang='grc' dir='ltr'>προτεινόμενονί</span> <span class='ocrx_word' id='word_1_24' title='bbox 1535 612 1624 674; x_wconf 86' lang='grc' dir='ltr'>Ὠς</span> <span class='ocrx_word' id='word_1_25' title='bbox 1656 611 1783 675; x_wconf 82' lang='grc' dir='ltr'>τοὺς</span> 
     </span>
    </p>
   </div>
   <div class='ocr_carea' id='block_1_7' title="bbox 199 701 1784 775">
    <p class='ocr_par' dir='ltr' id='par_1_7' title="bbox 199 701 1784 775">
     <span class='ocr_line' id='line_1_7' title="bbox 199 701 1784 775; baseline -0.003 -16"><span class='ocrx_word' id='word_1_26' title='bbox 199 704 463 771; x_wconf 75' lang='grc' dir='ltr'><strong>ἀγγέλους</strong></span> <span class='ocrx_word' id='word_1_27' title='bbox 516 704 631 772; x_wconf 84' lang='grc' dir='ltr'>ὁρῶ</span> <span class='ocrx_word' id='word_1_28' title='bbox 679 706 990 775; x_wconf 76' lang='grc' dir='ltr'><strong>χαίροντας,</strong></span> <span class='ocrx_word' id='word_1_29' title='bbox 1060 704 1154 756; x_wconf 84' lang='grc' dir='ltr'>καὶ</span> <span class='ocrx_word' id='word_1_30' title='bbox 1202 703 1300 772; x_wconf 74' lang='grc' dir='ltr'>τὴν</span> <span class='ocrx_word' id='word_1_31' title='bbox 1353 701 1450 773; x_wconf 78' lang='grc' dir='ltr'>σὴν</span> <span class='ocrx_word' id='word_1_32' title='bbox 1503 702 1784 756; x_wconf 77' lang='grc' dir='ltr'><strong>τελείωσιν</strong></span> 
     </span>
    </p>
   </div>
   <div class='ocr_carea' id='block_1_8' title="bbox 199 787 1784 862">
    <p class='ocr_par' dir='ltr' id='par_1_8' title="bbox 199 787 1784 862">
     <span class='ocr_line' id='line_1_8' title="bbox 199 787 1784 862; baseline -0.002 -18"><span class='ocrx_word' id='word_1_33' title='bbox 199 793 610 860; x_wconf 78' lang='grc' dir='ltr'>ἀναμένονταςι</span> <span class='ocrx_word' id='word_1_34' title='bbox 670 795 733 845; x_wconf 83' lang='grc' dir='ltr'><strong><em>Ὠ</em></strong></span> <span class='ocrx_word' id='word_1_35' title='bbox 784 794 926 857; x_wconf 77' lang='grc' dir='ltr'>οἵαις</span> <span class='ocrx_word' id='word_1_36' title='bbox 980 792 1091 854; x_wconf 75' lang='grc' dir='ltr'><strong>ιγὼ</strong></span> <span class='ocrx_word' id='word_1_37' title='bbox 1131 791 1280 862; x_wconf 87' lang='grc' dir='ltr'>τρίσι</span> <span class='ocrx_word' id='word_1_38' title='bbox 1328 791 1635 861; x_wconf 77' lang='grc' dir='ltr'><strong>θυγατράσι</strong></span> <span class='ocrx_word' id='word_1_39' title='bbox 1684 787 1784 860; x_wconf 81' lang='grc' dir='ltr'>τὴν</span> 
     </span>
    </p>
   </div>
   <div class='ocr_carea' id='block_1_9' title="bbox 199 879 1784 956">
    <p class='ocr_par' dir='ltr' id='par_1_9' title="bbox 199 879 1784 956">
     <span class='ocr_line' id='line_1_9' title="bbox 199 879 1784 956; baseline -0.003 -17"><span class='ocrx_word' id='word_1_40' title='bbox 199 881 412 954; x_wconf 76' lang='grc' dir='ltr'>τριάδα.</span> <span class='ocrx_word' id='word_1_41' title='bbox 466 885 784 955; x_wconf 76' lang='grc' dir='ltr'>τετίμηκαί</span> <span class='ocrx_word' id='word_1_42' title='bbox 829 881 931 940; x_wconf 76' lang='grc' dir='ltr'>Οἷα</span> <span class='ocrx_word' id='word_1_43' title='bbox 981 885 1151 956; x_wconf 86' lang='grc' dir='ltr'>δῶρα,</span> <span class='ocrx_word' id='word_1_44' title='bbox 1201 879 1289 938; x_wconf 85' lang='grc' dir='ltr'>οἷα</span> <span class='ocrx_word' id='word_1_45' title='bbox 1336 883 1555 951; x_wconf 84' lang='grc' dir='ltr'>θύματα</span> <span class='ocrx_word' id='word_1_46' title='bbox 1614 900 1784 952; x_wconf 80' lang='grc' dir='ltr'>προσ-</span> 
     </span>
    </p>
   </div>
   <div class='ocr_carea' id='block_1_10' title="bbox 204 975 1784 1048">
    <p class='ocr_par' dir='ltr' id='par_1_10' title="bbox 204 975 1784 1048">
     <span class='ocr_line' id='line_1_10' title="bbox 204 975 1784 1048; baseline -0.001 -20"><span class='ocrx_word' id='word_1_47' title='bbox 204 977 412 1048; x_wconf 64' lang='grc' dir='ltr'>ήνεγκα</span> <span class='ocrx_word' id='word_1_48' title='bbox 442 976 654 1047; x_wconf 76' lang='grc' dir='ltr'>ταύτῃί</span> <span class='ocrx_word' id='word_1_49' title='bbox 692 977 959 1039; x_wconf 87' lang='grc' dir='ltr'>Τοιαύτας</span> <span class='ocrx_word' id='word_1_50' title='bbox 993 978 1182 1045; x_wconf 73' lang='grc' dir='ltr'>εὐχὰς,</span> <span class='ocrx_word' id='word_1_51' title='bbox 1215 975 1491 1038; x_wconf 78' lang='grc' dir='ltr'>τοιούτους</span> <span class='ocrx_word' id='word_1_52' title='bbox 1529 975 1719 1042; x_wconf 83' lang='grc' dir='ltr'>λόγους</span> <span class='ocrx_word' id='word_1_53' title='bbox 1752 976 1784 1044; x_wconf 74' lang='grc' dir='ltr'><strong>ἡ</strong></span> 
     </span>
    </p>
   </div>
   <div class='ocr_carea' id='block_1_11' title="bbox 203 1067 1784 1140">
    <p class='ocr_par' dir='ltr' id='par_1_11' title="bbox 203 1067 1784 1140">
     <span class='ocr_line' id='line_1_11' title="bbox 203 1067 1784 1140; baseline -0.003 -19"><span class='ocrx_word' id='word_1_54' title='bbox 203 1069 343 1139; x_wconf 82' lang='grc' dir='ltr'>καλὴ</span> <span class='ocrx_word' id='word_1_55' title='bbox 385 1072 573 1139; x_wconf 84' lang='grc' dir='ltr'>μήτηρ</span> <span class='ocrx_word' id='word_1_56' title='bbox 605 1070 815 1139; x_wconf 50' lang='grc' dir='ltr'>ἐξόδιον</span> <span class='ocrx_word' id='word_1_57' title='bbox 845 1073 913 1140; x_wconf 80' lang='grc' dir='ltr'>τῇ</span> <span class='ocrx_word' id='word_1_58' title='bbox 955 1068 1193 1138; x_wconf 79' lang='grc' dir='ltr'>θυγατρὶ</span> <span class='ocrx_word' id='word_1_59' title='bbox 1229 1067 1613 1137; x_wconf 80' lang='grc' dir='ltr'>παρασχοῦσα,</span> <span class='ocrx_word' id='word_1_60' title='bbox 1649 1067 1784 1136; x_wconf 74' lang='grc' dir='ltr'>πρὸς</span> 
     </span>
    </p>
   </div>
   <div class='ocr_carea' id='block_1_12' title="bbox 200 1159 1779 1232">
    <p class='ocr_par' dir='ltr' id='par_1_12' title="bbox 200 1159 1779 1232">
     <span class='ocr_line' id='line_1_12' title="bbox 200 1159 1779 1232; baseline -0.003 -19"><span class='ocrx_word' id='word_1_61' title='bbox 200 1163 298 1230; x_wconf 81' lang='grc' dir='ltr'>τὴν</span> <span class='ocrx_word' id='word_1_62' title='bbox 337 1161 684 1231; x_wconf 76' lang='grc' dir='ltr'>ποθουμένην</span> <span class='ocrx_word' id='word_1_63' title='bbox 713 1161 832 1213; x_wconf 84' lang='grc' dir='ltr'>ὁδὸν</span> <span class='ocrx_word' id='word_1_64' title='bbox 863 1162 1193 1232; x_wconf 74' lang='grc' dir='ltr'>παρέπεμψε</span> <span class='ocrx_word' id='word_1_65' title='bbox 1214 1177 1229 1194; x_wconf 75' lang='grc' dir='ltr'><strong>ο</strong></span> <span class='ocrx_word' id='word_1_66' title='bbox 1263 1161 1354 1213; x_wconf 73' lang='grc' dir='ltr'>τὸν</span> <span class='ocrx_word' id='word_1_67' title='bbox 1398 1159 1599 1227; x_wconf 80' lang='grc' dir='ltr'>αὐχένα</span> <span class='ocrx_word' id='word_1_68' title='bbox 1635 1159 1779 1228; x_wconf 74' lang='grc' dir='ltr'><strong>οὖνὴ</strong></span> 
     </span>
    </p>
   </div>
   <div class='ocr_carea' id='block_1_13' title="bbox 204 1252 1779 1325">
    <p class='ocr_par' dir='ltr' id='par_1_13' title="bbox 204 1252 1779 1325">
     <span class='ocr_line' id='line_1_13' title="bbox 204 1252 1779 1325; baseline -0.003 -18"><span class='ocrx_word' id='word_1_69' title='bbox 204 1256 457 1325; x_wconf 83' lang='grc' dir='ltr'>μακαρία</span> <span class='ocrx_word' id='word_1_70' title='bbox 511 1253 846 1324; x_wconf 73' lang='grc' dir='ltr'>προτείνασα</span> <span class='ocrx_word' id='word_1_71' title='bbox 897 1254 989 1306; x_wconf 68' lang='grc' dir='ltr'><strong>τὸν</strong></span> <span class='ocrx_word' id='word_1_72' title='bbox 1043 1254 1184 1323; x_wconf 84' lang='grc' dir='ltr'>ὑπὲρ</span> <span class='ocrx_word' id='word_1_73' title='bbox 1248 1252 1487 1322; x_wconf 80' lang='grc' dir='ltr'>Χριστοῦ</span> <span class='ocrx_word' id='word_1_74' title='bbox 1548 1252 1779 1304; x_wconf 79' lang='grc' dir='ltr'>θάνατον</span> 
     </span>
    </p>
   </div>
   <div class='ocr_carea' id='block_1_14' title="bbox 201 1340 1783 1415">
    <p class='ocr_par' dir='ltr' id='par_1_14' title="bbox 201 1340 1783 1415">
     <span class='ocr_line' id='line_1_14' title="bbox 201 1340 1783 1415; baseline -0.003 -17"><span class='ocrx_word' id='word_1_75' title='bbox 201 1346 411 1415; x_wconf 73' lang='grc' dir='ltr'>ὑπέστη</span> <span class='ocrx_word' id='word_1_76' title='bbox 443 1345 764 1414; x_wconf 74' lang='grc' dir='ltr'>προθύμως,</span> <span class='ocrx_word' id='word_1_77' title='bbox 790 1340 856 1414; x_wconf 78' lang='grc' dir='ltr'>ἧς</span> <span class='ocrx_word' id='word_1_78' title='bbox 885 1345 948 1396; x_wconf 82' lang='grc' dir='ltr'>τὸ</span> <span class='ocrx_word' id='word_1_79' title='bbox 979 1346 1139 1415; x_wconf 83' lang='grc' dir='ltr'>σῶμα</span> <span class='ocrx_word' id='word_1_80' title='bbox 1168 1346 1201 1414; x_wconf 73' lang='grc' dir='ltr'>ἡ</span> <span class='ocrx_word' id='word_1_81' title='bbox 1230 1345 1411 1415; x_wconf 76' lang='grc' dir='ltr'>μήτηρ</span> <span class='ocrx_word' id='word_1_82' title='bbox 1455 1342 1783 1412; x_wconf 78' lang='grc' dir='ltr'><strong>περιπαθῶς</strong></span> 
     </span>
    </p>
   </div>
   <div class='ocr_carea' id='block_1_15' title="bbox 203 1432 1786 1504">
    <p class='ocr_par' dir='ltr' id='par_1_15' title="bbox 203 1432 1786 1504">
     <span class='ocr_line' id='line_1_15' title="bbox 203 1432 1786 1504; baseline -0.002 -17"><span class='ocrx_word' id='word_1_83' title='bbox 203 1437 318 1504; x_wconf 76' lang='grc' dir='ltr'>ἅμα</span> <span class='ocrx_word' id='word_1_84' title='bbox 357 1435 455 1487; x_wconf 72' lang='grc' dir='ltr'>καὶ</span> <span class='ocrx_word' id='word_1_85' title='bbox 495 1433 742 1495; x_wconf 72' lang='grc' dir='ltr'>εὐλαὸῶς</span> <span class='ocrx_word' id='word_1_86' title='bbox 781 1434 1198 1503; x_wconf 75' lang='grc' dir='ltr'>κατησπάζετο,</span> <span class='ocrx_word' id='word_1_87' title='bbox 1251 1433 1312 1485; x_wconf 90' lang='grc' dir='ltr'><strong>τό</strong></span> <span class='ocrx_word' id='word_1_88' title='bbox 1347 1450 1402 1484; x_wconf 91' lang='grc' dir='ltr'><strong>τε</strong></span> <span class='ocrx_word' id='word_1_89' title='bbox 1439 1433 1534 1501; x_wconf 83' lang='grc' dir='ltr'>τῆς</span> <span class='ocrx_word' id='word_1_90' title='bbox 1573 1432 1786 1500; x_wconf 79' lang='grc' dir='ltr'>φύσεως</span> 
     </span>
    </p>
   </div>
   <div class='ocr_carea' id='block_1_16' title="bbox 203 1522 1788 1594">
    <p class='ocr_par' dir='ltr' id='par_1_16' title="bbox 203 1522 1788 1594">
     <span class='ocr_line' id='line_1_16' title="bbox 203 1522 1788 1594; baseline -0.001 -18"><span class='ocrx_word' id='word_1_91' title='bbox 203 1527 296 1576; x_wconf 82' lang='grc' dir='ltr'>καὶ</span> <span class='ocrx_word' id='word_1_92' title='bbox 342 1527 405 1577; x_wconf 80' lang='grc' dir='ltr'>τὸ</span> <span class='ocrx_word' id='word_1_93' title='bbox 456 1525 556 1594; x_wconf 83' lang='grc' dir='ltr'>τῆς</span> <span class='ocrx_word' id='word_1_94' title='bbox 609 1523 836 1593; x_wconf 82' lang='grc' dir='ltr'>γνώμης</span> <span class='ocrx_word' id='word_1_95' title='bbox 887 1525 1141 1586; x_wconf 82' lang='grc' dir='ltr'>ποιοῦσα,</span> <span class='ocrx_word' id='word_1_96' title='bbox 1188 1522 1534 1576; x_wconf 82' lang='grc' dir='ltr'>εὐωδιάσασά</span> <span class='ocrx_word' id='word_1_97' title='bbox 1583 1541 1642 1575; x_wconf 84' lang='grc' dir='ltr'><strong>τε</strong></span> <span class='ocrx_word' id='word_1_98' title='bbox 1694 1523 1788 1575; x_wconf 74' lang='grc' dir='ltr'>καὶ</span> 
     </span>
    </p>
   </div>
   <div class='ocr_carea' id='block_1_17' title="bbox 203 1615 1788 1687">
    <p class='ocr_par' dir='ltr' id='par_1_17' title="bbox 203 1615 1788 1687">
     <span class='ocr_line' id='line_1_17' title="bbox 203 1615 1788 1687; baseline -0.001 -19"><span class='ocrx_word' id='word_1_99' title='bbox 203 1617 627 1687; x_wconf 81' lang='grc' dir='ltr'>περιστείλασα,</span> <span class='ocrx_word' id='word_1_100' title='bbox 667 1618 815 1679; x_wconf 83' lang='grc' dir='ltr'>ὅπως</span> <span class='ocrx_word' id='word_1_101' title='bbox 841 1617 949 1669; x_wconf 76' lang='grc' dir='ltr'>ἔδει</span> <span class='ocrx_word' id='word_1_102' title='bbox 984 1620 1080 1685; x_wconf 78' lang='grc' dir='ltr'>τὴν</span> <span class='ocrx_word' id='word_1_103' title='bbox 1115 1616 1208 1668; x_wconf 74' lang='grc' dir='ltr'>καὶ</span> <span class='ocrx_word' id='word_1_104' title='bbox 1240 1615 1453 1685; x_wconf 80' lang='grc' dir='ltr'>μητέρα</span> <span class='ocrx_word' id='word_1_105' title='bbox 1500 1615 1595 1666; x_wconf 72' lang='grc' dir='ltr'>καὶ</span> <span class='ocrx_word' id='word_1_106' title='bbox 1636 1615 1788 1681; x_wconf 81' lang='grc' dir='ltr'>φιλο-</span> 
     </span>
    </p>
   </div>
   <div class='ocr_carea' id='block_1_18' title="bbox 205 1705 1786 1780">
    <p class='ocr_par' dir='ltr' id='par_1_18' title="bbox 205 1705 1786 1780">
     <span class='ocr_line' id='line_1_18' title="bbox 205 1705 1786 1780; baseline -0.004 -18"><span class='ocrx_word' id='word_1_107' title='bbox 205 1713 486 1780; x_wconf 70' lang='grc' dir='ltr'>μάρτυρα,</span> <span class='ocrx_word' id='word_1_108' title='bbox 525 1708 964 1779; x_wconf 82' lang='grc' dir='ltr'>μεγαλοπρεπῶς</span> <span class='ocrx_word' id='word_1_109' title='bbox 995 1724 1052 1760; x_wconf 82' lang='grc' dir='ltr'><strong>τε</strong></span> <span class='ocrx_word' id='word_1_110' title='bbox 1089 1707 1186 1760; x_wconf 74' lang='grc' dir='ltr'>καὶ</span> <span class='ocrx_word' id='word_1_111' title='bbox 1211 1705 1534 1775; x_wconf 71' lang='grc' dir='ltr'>φιλοτίμως,</span> <span class='ocrx_word' id='word_1_112' title='bbox 1571 1707 1663 1757; x_wconf 72' lang='grc' dir='ltr'>καὶ</span> <span class='ocrx_word' id='word_1_113' title='bbox 1687 1707 1786 1756; x_wconf 80' lang='grc' dir='ltr'>ὅσα</span> 
     </span>
    </p>
   </div>
   <div class='ocr_carea' id='block_1_19' title="bbox 202 1797 1784 1869">
    <p class='ocr_par' dir='ltr' id='par_1_19' title="bbox 202 1797 1784 1869">
     <span class='ocr_line' id='line_1_19' title="bbox 202 1797 1784 1869; baseline -0.004 -17"><span class='ocrx_word' id='word_1_114' title='bbox 202 1803 366 1869; x_wconf 71' lang='grc' dir='ltr'>νόμος</span> <span class='ocrx_word' id='word_1_115' title='bbox 414 1802 508 1852; x_wconf 79' lang='grc' dir='ltr'><strong>ἐπὶ</strong></span> <span class='ocrx_word' id='word_1_116' title='bbox 555 1801 821 1861; x_wconf 86' lang='grc' dir='ltr'>τοιούτοις</span> <span class='ocrx_word' id='word_1_117' title='bbox 867 1799 1120 1866; x_wconf 84' lang='grc' dir='ltr'>γίνεσθαι</span> <span class='ocrx_word' id='word_1_118' title='bbox 1166 1798 1444 1866; x_wconf 76' lang='grc' dir='ltr'>λειψάνοις</span> <span class='ocrx_word' id='word_1_119' title='bbox 1493 1797 1784 1856; x_wconf 81' lang='grc' dir='ltr'>τελέσασα,</span> 
     </span>
    </p>
   </div>
   <div class='ocr_carea' id='block_1_20' title="bbox 1887 609 3468 682">
    <p class='ocr_par' dir='ltr' id='par_1_20' title="bbox 1887 609 3468 682">
     <span class='ocr_line' id='line_1_20' title="bbox 1887 609 3468 682; baseline -0.001 -15"><span class='ocrx_word' id='word_1_120' title='bbox 1887 627 2164 678; x_wconf 83' lang='lat' dir='ltr'><strong>coronam,</strong></span> <span class='ocrx_word' id='word_1_121' title='bbox 2201 627 2323 682; x_wconf 67' lang='lat' dir='ltr'><strong>qua:</strong></span> <span class='ocrx_word' id='word_1_122' title='bbox 2353 613 2575 668; x_wconf 85' lang='lat' dir='ltr'><strong>dextera</strong></span> <span class='ocrx_word' id='word_1_123' title='bbox 2609 612 2819 667; x_wconf 90' lang='lat' dir='ltr'><strong>Domini</strong></span> <span class='ocrx_word' id='word_1_124' title='bbox 2858 611 3169 682; x_wconf 72' lang='lat' dir='ltr'><strong>porrigitur.</strong></span> <span class='ocrx_word' id='word_1_125' title='bbox 3207 609 3275 665; x_wconf 92' lang='lat' dir='ltr'><strong>Ut</strong></span> <span class='ocrx_word' id='word_1_126' title='bbox 3309 611 3468 666; x_wconf 80' lang='lat' dir='ltr'><strong>video</strong></span> 
     </span>
    </p>
   </div>
   <div class='ocr_carea' id='block_1_21' title="bbox 1886 705 3464 776">
    <p class='ocr_par' dir='ltr' id='par_1_21' title="bbox 1886 705 3464 776">
     <span class='ocr_line' id='line_1_21' title="bbox 1886 705 3464 776; baseline -0.002 -18"><span class='ocrx_word' id='word_1_127' title='bbox 1886 705 2107 776; x_wconf 76' lang='lat' dir='ltr'><strong>angelos</strong></span> <span class='ocrx_word' id='word_1_128' title='bbox 2135 705 2400 770; x_wconf 72' lang='lat' dir='ltr'><strong>laetantes.</strong></span> <span class='ocrx_word' id='word_1_129' title='bbox 2429 715 2481 760; x_wconf 89' lang='lat' dir='ltr'><strong>et</strong></span> <span class='ocrx_word' id='word_1_130' title='bbox 2509 711 2890 772; x_wconf 75' lang='lat' dir='ltr'><strong>exspectantes</strong></span> <span class='ocrx_word' id='word_1_131' title='bbox 2923 712 3071 756; x_wconf 88' lang='lat' dir='ltr'><strong>tuam</strong></span> <span class='ocrx_word' id='word_1_132' title='bbox 3109 718 3464 757; x_wconf 87' lang='lat' dir='ltr'><strong>consumma-</strong></span> 
     </span>
    </p>
   </div>
   <div class='ocr_carea' id='block_1_22' title="bbox 1887 795 3468 868">
    <p class='ocr_par' dir='ltr' id='par_1_22' title="bbox 1887 795 3468 868">
     <span class='ocr_line' id='line_1_22' title="bbox 1887 795 3468 868; baseline -0.003 -16"><span class='ocrx_word' id='word_1_133' title='bbox 1887 799 2110 852; x_wconf 87' lang='lat' dir='ltr'><strong>tionem.</strong></span> <span class='ocrx_word' id='word_1_134' title='bbox 2177 796 2221 850; x_wconf 95' lang='grc' dir='ltr'><strong>Ο</strong></span> <span class='ocrx_word' id='word_1_135' title='bbox 2275 799 2470 867; x_wconf 82' lang='lat' dir='ltr'><strong>quibus</strong></span> <span class='ocrx_word' id='word_1_136' title='bbox 2531 811 2630 868; x_wconf 91' lang='lat' dir='ltr'><strong>ego</strong></span> <span class='ocrx_word' id='word_1_137' title='bbox 2696 796 2865 851; x_wconf 88' lang='lat' dir='ltr'><strong>tribus</strong></span> <span class='ocrx_word' id='word_1_138' title='bbox 2923 795 3137 858; x_wconf 79' lang='lat' dir='ltr'><strong>filiabus</strong></span> <span class='ocrx_word' id='word_1_139' title='bbox 3207 796 3468 850; x_wconf 83' lang='lat' dir='ltr'><strong>honoravi</strong></span> 
     </span>
    </p>
   </div>
   <div class='ocr_carea' id='block_1_23' title="bbox 1886 884 3467 958">
    <p class='ocr_par' dir='ltr' id='par_1_23' title="bbox 1886 884 3467 958">
     <span class='ocr_line' id='line_1_23' title="bbox 1886 884 3467 958; baseline -0.003 -16"><span class='ocrx_word' id='word_1_140' title='bbox 1886 888 2208 943; x_wconf 81' lang='lat' dir='ltr'><strong>Trinitatem</strong></span> <span class='ocrx_word' id='word_1_141' title='bbox 2242 889 2459 958; x_wconf 88' lang='lat' dir='ltr'><strong>:qualia</strong></span> <span class='ocrx_word' id='word_1_142' title='bbox 2497 888 2660 952; x_wconf 89' lang='lat' dir='ltr'><strong>dona,</strong></span> <span class='ocrx_word' id='word_1_143' title='bbox 2699 889 2887 957; x_wconf 83' lang='lat' dir='ltr'><strong>quales</strong></span> <span class='ocrx_word' id='word_1_144' title='bbox 2929 888 2976 941; x_wconf 88' lang='lat' dir='ltr'><strong>ei</strong></span> <span class='ocrx_word' id='word_1_145' title='bbox 3018 887 3188 940; x_wconf 83' lang='lat' dir='ltr'><strong>obtuli</strong></span> <span class='ocrx_word' id='word_1_146' title='bbox 3222 884 3467 940; x_wconf 75' lang='lat' dir='ltr'><strong>sufﬁtus?</strong></span> 
     </span>
    </p>
   </div>
   <div class='ocr_carea' id='block_1_24' title="bbox 1887 978 3469 1050">
    <p class='ocr_par' dir='ltr' id='par_1_24' title="bbox 1887 978 3469 1050">
     <span class='ocr_line' id='line_1_24' title="bbox 1887 978 3469 1050; baseline -0.003 -16"><span class='ocrx_word' id='word_1_147' title='bbox 1887 979 2045 1035; x_wconf 84' lang='lat' dir='ltr'><strong>Tales</strong></span> <span class='ocrx_word' id='word_1_148' title='bbox 2082 997 2292 1050; x_wconf 85' lang='lat' dir='ltr'><strong>preces,</strong></span> <span class='ocrx_word' id='word_1_149' title='bbox 2343 983 2467 1034; x_wconf 90' lang='lat' dir='ltr'><strong>talia</strong></span> <span class='ocrx_word' id='word_1_150' title='bbox 2516 982 2680 1034; x_wconf 79' lang='lat' dir='ltr'><strong>verba</strong></span> <span class='ocrx_word' id='word_1_151' title='bbox 2712 996 2835 1034; x_wconf 91' lang='lat' dir='ltr'><strong>cum</strong></span> <span class='ocrx_word' id='word_1_152' title='bbox 2869 981 3084 1049; x_wconf 84' lang='lat' dir='ltr'><strong>egregia</strong></span> <span class='ocrx_word' id='word_1_153' title='bbox 3135 989 3306 1031; x_wconf 86' lang='lat' dir='ltr'><strong>mater</strong></span> <span class='ocrx_word' id='word_1_154' title='bbox 3346 978 3469 1030; x_wconf 69' lang='lat' dir='ltr'><strong>filiae</strong></span> 
     </span>
    </p>
   </div>
   <div class='ocr_carea' id='block_1_25' title="bbox 1887 1068 3472 1142">
    <p class='ocr_par' dir='ltr' id='par_1_25' title="bbox 1887 1068 3472 1142">
     <span class='ocr_line' id='line_1_25' title="bbox 1887 1068 3472 1142; baseline -0.003 -16"><span class='ocrx_word' id='word_1_155' title='bbox 1887 1073 2207 1142; x_wconf 74' lang='lat' dir='ltr'><strong>pra-buisset</strong></span> <span class='ocrx_word' id='word_1_156' title='bbox 2242 1075 2513 1135; x_wconf 74' lang='lat' dir='ltr'><strong>viaticum,</strong></span> <span class='ocrx_word' id='word_1_157' title='bbox 2549 1081 2837 1141; x_wconf 89' lang='lat' dir='ltr'><strong>prosecuta</strong></span> <span class='ocrx_word' id='word_1_158' title='bbox 2874 1083 2954 1125; x_wconf 89' lang='lat' dir='ltr'><strong>est</strong></span> <span class='ocrx_word' id='word_1_159' title='bbox 2982 1071 3046 1123; x_wconf 90' lang='lat' dir='ltr'><strong>ad</strong></span> <span class='ocrx_word' id='word_1_160' title='bbox 3078 1069 3216 1122; x_wconf 85' lang='lat' dir='ltr'><strong>viam</strong></span> <span class='ocrx_word' id='word_1_161' title='bbox 3252 1068 3472 1122; x_wconf 86' lang='lat' dir='ltr'><strong>deside-</strong></span> 
     </span>
    </p>
   </div>
   <div class='ocr_carea' id='block_1_26' title="bbox 1891 1162 3472 1231">
    <p class='ocr_par' dir='ltr' id='par_1_26' title="bbox 1891 1162 3472 1231">
     <span class='ocr_line' id='line_1_26' title="bbox 1891 1162 3472 1231; baseline -0.003 -17"><span class='ocrx_word' id='word_1_162' title='bbox 1891 1172 2086 1217; x_wconf 86' lang='lat' dir='ltr'><strong>ratam.</strong></span> <span class='ocrx_word' id='word_1_163' title='bbox 2133 1163 2342 1216; x_wconf 88' lang='lat' dir='ltr'><strong>Collum</strong></span> <span class='ocrx_word' id='word_1_164' title='bbox 2406 1164 2585 1230; x_wconf 81' lang='lat' dir='ltr'><strong>itaque</strong></span> <span class='ocrx_word' id='word_1_165' title='bbox 2638 1162 2924 1231; x_wconf 78' lang='lat' dir='ltr'><strong>porrigens</strong></span> <span class='ocrx_word' id='word_1_166' title='bbox 2990 1162 3164 1220; x_wconf 88' lang='lat' dir='ltr'><strong>beata,</strong></span> <span class='ocrx_word' id='word_1_167' title='bbox 3221 1172 3472 1229; x_wconf 90' lang='lat' dir='ltr'><strong>prompto</strong></span> 
     </span>
    </p>
   </div>
   <div class='ocr_carea' id='block_1_27' title="bbox 1887 1249 3472 1320">
    <p class='ocr_par' dir='ltr' id='par_1_27' title="bbox 1887 1249 3472 1320">
     <span class='ocr_line' id='line_1_27' title="bbox 1887 1249 3472 1320; baseline -0.002 -14"><span class='ocrx_word' id='word_1_168' title='bbox 1887 1262 1942 1306; x_wconf 86' lang='lat' dir='ltr'><strong>et</strong></span> <span class='ocrx_word' id='word_1_169' title='bbox 1969 1254 2134 1308; x_wconf 89' lang='lat' dir='ltr'><strong>alacri</strong></span> <span class='ocrx_word' id='word_1_170' title='bbox 2185 1254 2366 1307; x_wconf 89' lang='lat' dir='ltr'><strong>animo</strong></span> <span class='ocrx_word' id='word_1_171' title='bbox 2406 1253 2569 1306; x_wconf 87' lang='lat' dir='ltr'><strong>subiit</strong></span> <span class='ocrx_word' id='word_1_172' title='bbox 2609 1261 2837 1306; x_wconf 90' lang='lat' dir='ltr'><strong>mortem</strong></span> <span class='ocrx_word' id='word_1_173' title='bbox 2875 1265 2970 1320; x_wconf 90' lang='lat' dir='ltr'><strong>pro</strong></span> <span class='ocrx_word' id='word_1_174' title='bbox 3015 1249 3256 1305; x_wconf 88' lang='lat' dir='ltr'><strong>Christo.</strong></span> <span class='ocrx_word' id='word_1_175' title='bbox 3302 1251 3472 1318; x_wconf 87' lang='lat' dir='ltr'><strong>Cujus</strong></span> 
     </span>
    </p>
   </div>
   <div class='ocr_carea' id='block_1_28' title="bbox 1888 1344 3472 1415">
    <p class='ocr_par' dir='ltr' id='par_1_28' title="bbox 1888 1344 3472 1415">
     <span class='ocr_line' id='line_1_28' title="bbox 1888 1344 3472 1415; baseline -0.001 -18"><span class='ocrx_word' id='word_1_176' title='bbox 1888 1360 2084 1411; x_wconf 89' lang='lat' dir='ltr'><strong>corpus</strong></span> <span class='ocrx_word' id='word_1_177' title='bbox 2119 1356 2290 1400; x_wconf 85' lang='lat' dir='ltr'><strong>mater</strong></span> <span class='ocrx_word' id='word_1_178' title='bbox 2334 1347 2491 1399; x_wconf 86' lang='lat' dir='ltr'><strong>simul</strong></span> <span class='ocrx_word' id='word_1_179' title='bbox 2541 1360 2664 1398; x_wconf 87' lang='lat' dir='ltr'><strong>eum</strong></span> <span class='ocrx_word' id='word_1_180' title='bbox 2714 1360 2903 1415; x_wconf 80' lang='lat' dir='ltr'><strong>magna</strong></span> <span class='ocrx_word' id='word_1_181' title='bbox 2935 1344 3218 1398; x_wconf 66' lang='lat' dir='ltr'><strong>affectione</strong></span> <span class='ocrx_word' id='word_1_182' title='bbox 3259 1353 3312 1396; x_wconf 85' lang='lat' dir='ltr'><strong>et</strong></span> <span class='ocrx_word' id='word_1_183' title='bbox 3352 1345 3472 1413; x_wconf 85' lang='lat' dir='ltr'><strong>pie-</strong></span> 
     </span>
    </p>
   </div>
   <div class='ocr_carea' id='block_1_29' title="bbox 1890 1436 3472 1504">
    <p class='ocr_par' dir='ltr' id='par_1_29' title="bbox 1890 1436 3472 1504">
     <span class='ocr_line' id='line_1_29' title="bbox 1890 1436 3472 1504; baseline -0.002 -15"><span class='ocrx_word' id='word_1_184' title='bbox 1890 1445 1995 1489; x_wconf 85' lang='lat' dir='ltr'><strong>tate</strong></span> <span class='ocrx_word' id='word_1_185' title='bbox 2029 1446 2110 1489; x_wconf 91' lang='lat' dir='ltr'><strong>est</strong></span> <span class='ocrx_word' id='word_1_186' title='bbox 2141 1437 2383 1503; x_wconf 81' lang='lat' dir='ltr'><strong>amplexa</strong></span> <span class='ocrx_word' id='word_1_187' title='bbox 2421 1453 2433 1488; x_wconf 72' lang='grc' dir='ltr'><strong>τ</strong></span> <span class='ocrx_word' id='word_1_188' title='bbox 2469 1436 2780 1504; x_wconf 86' lang='lat' dir='ltr'><strong>facieusque</strong></span> <span class='ocrx_word' id='word_1_189' title='bbox 2826 1436 2967 1504; x_wconf 87' lang='lat' dir='ltr'><strong>quod</strong></span> <span class='ocrx_word' id='word_1_190' title='bbox 3001 1436 3216 1488; x_wconf 82' lang='lat' dir='ltr'><strong>volebat</strong></span> <span class='ocrx_word' id='word_1_191' title='bbox 3251 1436 3386 1488; x_wconf 88' lang='lat' dir='ltr'><strong>ratio</strong></span> <span class='ocrx_word' id='word_1_192' title='bbox 3417 1444 3472 1487; x_wconf 75' lang='lat' dir='ltr'><strong>et</strong></span> 
     </span>
    </p>
   </div>
   <div class='ocr_carea' id='block_1_30' title="bbox 1890 1526 3470 1595">
    <p class='ocr_par' dir='ltr' id='par_1_30' title="bbox 1890 1526 3470 1595">
     <span class='ocr_line' id='line_1_30' title="bbox 1890 1526 3470 1595; baseline -0.001 -15"><span class='ocrx_word' id='word_1_193' title='bbox 1890 1541 2102 1589; x_wconf 89' lang='lat' dir='ltr'><strong>natura,</strong></span> <span class='ocrx_word' id='word_1_194' title='bbox 2138 1543 2258 1581; x_wconf 88' lang='lat' dir='ltr'><strong>cum</strong></span> <span class='ocrx_word' id='word_1_195' title='bbox 2295 1528 2470 1595; x_wconf 90' lang='lat' dir='ltr'><strong>ipsum</strong></span> <span class='ocrx_word' id='word_1_196' title='bbox 2503 1526 2782 1590; x_wconf 82' lang='lat' dir='ltr'><strong>sulliisset,</strong></span> <span class='ocrx_word' id='word_1_197' title='bbox 2808 1537 2861 1580; x_wconf 93' lang='lat' dir='ltr'><strong>et</strong></span> <span class='ocrx_word' id='word_1_198' title='bbox 2891 1537 2946 1580; x_wconf 91' lang='lat' dir='ltr'><strong>ut</strong></span> <span class='ocrx_word' id='word_1_199' title='bbox 2973 1527 3200 1580; x_wconf 76' lang='lat' dir='ltr'><strong>decebat</strong></span> <span class='ocrx_word' id='word_1_200' title='bbox 3242 1537 3470 1579; x_wconf 78' lang='lat' dir='ltr'><strong>matrem</strong></span> 
     </span>
    </p>
   </div>
   <div class='ocr_carea' id='block_1_31' title="bbox 1891 1617 3476 1692">
    <p class='ocr_par' dir='ltr' id='par_1_31' title="bbox 1891 1617 3476 1692">
     <span class='ocr_line' id='line_1_31' title="bbox 1891 1617 3476 1692; baseline -0.003 -15"><span class='ocrx_word' id='word_1_201' title='bbox 1891 1631 1946 1677; x_wconf 91' lang='lat' dir='ltr'><strong>et</strong></span> <span class='ocrx_word' id='word_1_202' title='bbox 2020 1631 2308 1692; x_wconf 86' lang='lat' dir='ltr'><strong>martyrum</strong></span> <span class='ocrx_word' id='word_1_203' title='bbox 2380 1631 2676 1680; x_wconf 83' lang='lat' dir='ltr'><strong>amantem.</strong></span> <span class='ocrx_word' id='word_1_204' title='bbox 2741 1618 3020 1687; x_wconf 87' lang='lat' dir='ltr'><strong>splendide</strong></span> <span class='ocrx_word' id='word_1_205' title='bbox 3071 1629 3122 1672; x_wconf 94' lang='lat' dir='ltr'><strong>et</strong></span> <span class='ocrx_word' id='word_1_206' title='bbox 3192 1617 3476 1687; x_wconf 74' lang='lat' dir='ltr'><strong>magnifice</strong></span> 
     </span>
    </p>
   </div>
   <div class='ocr_carea' id='block_1_32' title="bbox 1890 1709 3476 1780">
    <p class='ocr_par' dir='ltr' id='par_1_32' title="bbox 1890 1709 3476 1780">
     <span class='ocr_line' id='line_1_32' title="bbox 1890 1709 3476 1780; baseline -0.004 -16"><span class='ocrx_word' id='word_1_207' title='bbox 1890 1715 2307 1780; x_wconf 85' lang='lat' dir='ltr'><strong>composuisset,</strong></span> <span class='ocrx_word' id='word_1_208' title='bbox 2358 1719 2412 1764; x_wconf 91' lang='lat' dir='ltr'><strong>et</strong></span> <span class='ocrx_word' id='word_1_209' title='bbox 2455 1726 2516 1763; x_wconf 91' lang='lat' dir='ltr'><strong>ea</strong></span> <span class='ocrx_word' id='word_1_210' title='bbox 2573 1709 2814 1768; x_wconf 82' lang='lat' dir='ltr'><strong>fecisset,</strong></span> <span class='ocrx_word' id='word_1_211' title='bbox 2863 1724 2980 1777; x_wconf 73' lang='lat' dir='ltr'><strong>qum</strong></span> <span class='ocrx_word' id='word_1_212' title='bbox 3026 1709 3093 1762; x_wconf 90' lang='lat' dir='ltr'><strong>de</strong></span> <span class='ocrx_word' id='word_1_213' title='bbox 3140 1723 3290 1761; x_wconf 90' lang='lat' dir='ltr'><strong>more</strong></span> <span class='ocrx_word' id='word_1_214' title='bbox 3340 1709 3476 1764; x_wconf 83' lang='lat' dir='ltr'><strong>fiunt</strong></span> 
     </span>
    </p>
   </div>
   <div class='ocr_carea' id='block_1_33' title="bbox 1893 1800 3476 1871">
    <p class='ocr_par' dir='ltr' id='par_1_33' title="bbox 1893 1800 3476 1871">
     <span class='ocr_line' id='line_1_33' title="bbox 1893 1800 3476 1871; baseline -0.001 -15"><span class='ocrx_word' id='word_1_215' title='bbox 1893 1803 1943 1856; x_wconf 90' lang='lat' dir='ltr'><strong>in</strong></span> <span class='ocrx_word' id='word_1_216' title='bbox 1991 1804 2152 1857; x_wconf 90' lang='lat' dir='ltr'><strong>rebus</strong></span> <span class='ocrx_word' id='word_1_217' title='bbox 2194 1802 2521 1871; x_wconf 72' lang='lat' dir='ltr'><strong>huiusmodi,</strong></span> <span class='ocrx_word' id='word_1_218' title='bbox 2556 1802 2608 1855; x_wconf 92' lang='lat' dir='ltr'><strong>id</strong></span> <span class='ocrx_word' id='word_1_219' title='bbox 2659 1815 2873 1871; x_wconf 91' lang='lat' dir='ltr'><strong>quoque</strong></span> <span class='ocrx_word' id='word_1_220' title='bbox 2911 1802 2962 1854; x_wconf 89' lang='lat' dir='ltr'><strong>in</strong></span> <span class='ocrx_word' id='word_1_221' title='bbox 3015 1803 3216 1869; x_wconf 88' lang='lat' dir='ltr'><strong>templo</strong></span> <span class='ocrx_word' id='word_1_222' title='bbox 3247 1800 3476 1870; x_wconf 82' lang='lat' dir='ltr'><strong>deponit</strong></span> 
     </span>
    </p>
   </div>
   <div class='ocr_carea' id='block_1_34' title="bbox 202 1875 1786 1961">
    <p class='ocr_par' dir='ltr' id='par_1_34' title="bbox 202 1887 1782 1959">
     <span class='ocr_line' id='line_1_34' title="bbox 202 1887 1782 1959; baseline -0.004 -15"><span class='ocrx_word' id='word_1_223' title='bbox 202 1896 310 1954; x_wconf 81' lang='grc' dir='ltr'>τοῖς</span> <span class='ocrx_word' id='word_1_224' title='bbox 341 1892 456 1944; x_wconf 88' lang='grc' dir='ltr'><strong>τῶν</strong></span> <span class='ocrx_word' id='word_1_225' title='bbox 488 1890 736 1959; x_wconf 78' lang='grc' dir='ltr'>ἀδελφῶν</span> <span class='ocrx_word' id='word_1_226' title='bbox 767 1891 862 1945; x_wconf 75' lang='grc' dir='ltr'>καὶ</span> <span class='ocrx_word' id='word_1_227' title='bbox 891 1891 1054 1943; x_wconf 70' lang='grc' dir='ltr'>τοῦτο</span> <span class='ocrx_word' id='word_1_228' title='bbox 1097 1889 1402 1951; x_wconf 78' lang='grc' dir='ltr'>συνάπτει,</span> <span class='ocrx_word' id='word_1_229' title='bbox 1439 1889 1532 1938; x_wconf 72' lang='grc' dir='ltr'>καὶ</span> <span class='ocrx_word' id='word_1_230' title='bbox 1562 1887 1639 1956; x_wconf 77' lang='grc' dir='ltr'><strong>τῷ</strong></span> <span class='ocrx_word' id='word_1_231' title='bbox 1672 1887 1782 1955; x_wconf 80' lang='grc' dir='ltr'>ναῷ</span> 
     </span>
    </p>
   </div>
   <div class='ocr_carea' id='block_1_35' title="bbox 1892 1875 3480 1961">
    <p class='ocr_par' dir='ltr' id='par_1_35' title="bbox 1892 1893 3480 1961">
     <span class='ocr_line' id='line_1_35' title="bbox 1892 1893 3480 1961; baseline -0.001 -15"><span class='ocrx_word' id='word_1_232' title='bbox 1892 1893 2046 1946; x_wconf 87' lang='lat' dir='ltr'><strong>simul</strong></span> <span class='ocrx_word' id='word_1_233' title='bbox 2077 1908 2200 1946; x_wconf 90' lang='lat' dir='ltr'><strong>cum</strong></span> <span class='ocrx_word' id='word_1_234' title='bbox 2239 1895 2538 1957; x_wconf 83' lang='lat' dir='ltr'><strong>sororibus,</strong></span> <span class='ocrx_word' id='word_1_235' title='bbox 2576 1894 2719 1960; x_wconf 89' lang='lat' dir='ltr'><strong>quod</strong></span> <span class='ocrx_word' id='word_1_236' title='bbox 2757 1893 2844 1947; x_wconf 85' lang='lat' dir='ltr'><strong>illa</strong></span> <span class='ocrx_word' id='word_1_237' title='bbox 2893 1893 3041 1960; x_wconf 88' lang='lat' dir='ltr'><strong>prius</strong></span> <span class='ocrx_word' id='word_1_238' title='bbox 3076 1893 3334 1961; x_wconf 68' lang='lat' dir='ltr'><strong>prmi-lare</strong></span> <span class='ocrx_word' id='word_1_239' title='bbox 3385 1908 3480 1944; x_wconf 83' lang='lat' dir='ltr'><strong>ex-</strong></span> 
     </span>
    </p>
   </div>
   <div class='ocr_carea' id='block_1_36' title="bbox 205 1980 1786 2053">
    <p class='ocr_par' dir='ltr' id='par_1_36' title="bbox 205 1980 1786 2053">
     <span class='ocr_line' id='line_1_36' title="bbox 205 1980 1786 2053; baseline -0.003 -18"><span class='ocrx_word' id='word_1_240' title='bbox 205 1984 542 2053; x_wconf 87' lang='grc' dir='ltr'>κατατίθησι</span> <span class='ocrx_word' id='word_1_241' title='bbox 583 1983 781 2048; x_wconf 82' lang='grc' dir='ltr'>ταῦτα,</span> <span class='ocrx_word' id='word_1_242' title='bbox 816 1983 874 2035; x_wconf 86' lang='grc' dir='ltr'>ὃν</span> <span class='ocrx_word' id='word_1_243' title='bbox 911 1983 1069 2049; x_wconf 77' lang='grc' dir='ltr'>ἔτυχε</span> <span class='ocrx_word' id='word_1_244' title='bbox 1121 1981 1392 2050; x_wconf 73' lang='grc' dir='ltr'>πρότερον</span> <span class='ocrx_word' id='word_1_245' title='bbox 1427 1980 1786 2045; x_wconf 79' lang='grc' dir='ltr'>ἀναστήσασα</span> 
     </span>
    </p>
   </div>
   <div class='ocr_carea' id='block_1_37' title="bbox 204 2069 1786 2141">
    <p class='ocr_par' dir='ltr' id='par_1_37' title="bbox 204 2069 1786 2141">
     <span class='ocr_line' id='line_1_37' title="bbox 204 2069 1786 2141; baseline -0.001 -17"><span class='ocrx_word' id='word_1_246' title='bbox 204 2074 536 2141; x_wconf 70' lang='grc' dir='ltr'>φιλοκάλως,</span> <span class='ocrx_word' id='word_1_247' title='bbox 569 2075 708 2140; x_wconf 75' lang='grc' dir='ltr'>μέγα</span> <span class='ocrx_word' id='word_1_248' title='bbox 732 2090 785 2124; x_wconf 86' lang='grc' dir='ltr'><strong>τι</strong></span> <span class='ocrx_word' id='word_1_249' title='bbox 811 2074 1002 2141; x_wconf 81' lang='grc' dir='ltr'>χρῆμα</span> <span class='ocrx_word' id='word_1_250' title='bbox 1025 2070 1118 2123; x_wconf 75' lang='grc' dir='ltr'>καὶ</span> <span class='ocrx_word' id='word_1_251' title='bbox 1141 2069 1418 2140; x_wconf 79' lang='grc' dir='ltr'>θησαυρὸν</span> <span class='ocrx_word' id='word_1_252' title='bbox 1441 2069 1786 2138; x_wconf 81' lang='grc' dir='ltr'>ἁδαπάνητον</span> 
     </span>
    </p>
   </div>
   <div class='ocr_carea' id='block_1_38' title="bbox 204 2163 1784 2234">
    <p class='ocr_par' dir='ltr' id='par_1_38' title="bbox 204 2163 1784 2234">
     <span class='ocr_line' id='line_1_38' title="bbox 204 2163 1784 2234; baseline 0 -19"><span class='ocrx_word' id='word_1_253' title='bbox 204 2168 233 2234; x_wconf 79' lang='grc' dir='ltr'><strong>ὴ</strong></span> <span class='ocrx_word' id='word_1_254' title='bbox 301 2164 664 2233; x_wconf 78' lang='grc' dir='ltr'>φιλόχριστος</span> <span class='ocrx_word' id='word_1_255' title='bbox 736 2163 909 2225; x_wconf 78' lang='grc' dir='ltr'>ὅντως</span> <span class='ocrx_word' id='word_1_256' title='bbox 969 2163 1338 2234; x_wconf 84' lang='grc' dir='ltr'>δωρησαμένη</span> <span class='ocrx_word' id='word_1_257' title='bbox 1412 2165 1784 2234; x_wconf 81' lang='grc' dir='ltr'>Χριστιανοίς,</span> 
     </span>
    </p>
   </div>
   <div class='ocr_carea' id='block_1_39' title="bbox 205 2253 1784 2324">
    <p class='ocr_par' dir='ltr' id='par_1_39' title="bbox 205 2253 1784 2324">
     <span class='ocr_line' id='line_1_39' title="bbox 205 2253 1784 2324; baseline -0.001 -19"><span class='ocrx_word' id='word_1_258' title='bbox 205 2256 348 2308; x_wconf 73' lang='grc' dir='ltr'>ἴασιν</span> <span class='ocrx_word' id='word_1_259' title='bbox 382 2254 590 2324; x_wconf 75' lang='grc' dir='ltr'>ψυχῆς,</span> <span class='ocrx_word' id='word_1_260' title='bbox 632 2256 776 2307; x_wconf 82' lang='grc' dir='ltr'>ίασιν</span> <span class='ocrx_word' id='word_1_261' title='bbox 817 2253 1091 2324; x_wconf 82' lang='grc' dir='ltr'>σώματος,</span> <span class='ocrx_word' id='word_1_262' title='bbox 1126 2253 1478 2324; x_wconf 75' lang='grc' dir='ltr'>ἀπρόσκοπον</span> <span class='ocrx_word' id='word_1_263' title='bbox 1515 2253 1633 2323; x_wconf 80' lang='grc' dir='ltr'>βίου</span> <span class='ocrx_word' id='word_1_264' title='bbox 1670 2255 1784 2306; x_wconf 77' lang='grc' dir='ltr'>δια-</span> 
     </span>
    </p>
   </div>
   <div class='ocr_carea' id='block_1_40' title="bbox 206 2347 1786 2418">
    <p class='ocr_par' dir='ltr' id='par_1_40' title="bbox 206 2347 1786 2418">
     <span class='ocr_line' id='line_1_40' title="bbox 206 2347 1786 2418; baseline -0.002 -17"><span class='ocrx_word' id='word_1_265' title='bbox 206 2350 420 2418; x_wconf 78' lang='grc' dir='ltr'>γωγὴν,</span> <span class='ocrx_word' id='word_1_266' title='bbox 461 2348 600 2418; x_wconf 70' lang='grc' dir='ltr'>πρὸς</span> <span class='ocrx_word' id='word_1_267' title='bbox 634 2347 766 2400; x_wconf 79' lang='grc' dir='ltr'>Θεὸν</span> <span class='ocrx_word' id='word_1_268' title='bbox 803 2348 1100 2411; x_wconf 77' lang='grc' dir='ltr'>οἱκείωσιν,</span> <span class='ocrx_word' id='word_1_269' title='bbox 1147 2347 1400 2417; x_wconf 80' lang='grc' dir='ltr'>μεγάλων</span> <span class='ocrx_word' id='word_1_270' title='bbox 1433 2347 1656 2414; x_wconf 80' lang='grc' dir='ltr'>ἀγαθῶν</span> <span class='ocrx_word' id='word_1_271' title='bbox 1683 2364 1786 2398; x_wconf 80' lang='grc' dir='ltr'>πα-</span> 
     </span>
    </p>
   </div>
   <div class='ocr_carea' id='block_1_41' title="bbox 207 2435 1778 2510">
    <p class='ocr_par' dir='ltr' id='par_1_41' title="bbox 207 2435 1778 2510">
     <span class='ocr_line' id='line_1_41' title="bbox 207 2435 1778 2510; baseline -0.003 -19"><span class='ocrx_word' id='word_1_272' title='bbox 207 2443 368 2509; x_wconf 76' lang='grc' dir='ltr'>ροχὴν</span> <span class='ocrx_word' id='word_1_273' title='bbox 405 2440 695 2510; x_wconf 78' lang='grc' dir='ltr'>δωρεῖσθαι</span> <span class='ocrx_word' id='word_1_274' title='bbox 727 2440 1047 2508; x_wconf 77' lang='grc' dir='ltr'>δυνάμενον.</span> <span class='ocrx_word' id='word_1_275' title='bbox 1087 2435 1217 2491; x_wconf 77' lang='grc' dir='ltr'>Εἶτα</span> <span class='ocrx_word' id='word_1_276' title='bbox 1250 2440 1390 2508; x_wconf 69' lang='grc' dir='ltr'>μετὰ</span> <span class='ocrx_word' id='word_1_277' title='bbox 1425 2439 1527 2505; x_wconf 71' lang='grc' dir='ltr'>τὴν</span> <span class='ocrx_word' id='word_1_278' title='bbox 1561 2439 1778 2505; x_wconf 78' lang='grc' dir='ltr'>ἐκείνης</span> 
     </span>
    </p>
   </div>
   <div class='ocr_carea' id='block_1_42' title="bbox 202 2529 1784 2600">
    <p class='ocr_par' dir='ltr' id='par_1_42' title="bbox 202 2529 1784 2600">
     <span class='ocr_line' id='line_1_42' title="bbox 202 2529 1784 2600; baseline -0.003 -16"><span class='ocrx_word' id='word_1_279' title='bbox 202 2535 516 2593; x_wconf 83' lang='grc' dir='ltr'>τελείωσιν,</span> <span class='ocrx_word' id='word_1_280' title='bbox 572 2533 746 2600; x_wconf 85' lang='grc' dir='ltr'>τριῶν</span> <span class='ocrx_word' id='word_1_281' title='bbox 795 2532 931 2582; x_wconf 80' lang='grc' dir='ltr'>ὅλων</span> <span class='ocrx_word' id='word_1_282' title='bbox 988 2529 1216 2598; x_wconf 76' lang='grc' dir='ltr'>ἡμερῶν</span> <span class='ocrx_word' id='word_1_283' title='bbox 1263 2530 1695 2596; x_wconf 77' lang='grc' dir='ltr'>διαγενομένων,</span> <span class='ocrx_word' id='word_1_284' title='bbox 1753 2532 1784 2597; x_wconf 81' lang='grc' dir='ltr'>ἡ</span> 
     </span>
    </p>
   </div>
   <div class='ocr_carea' id='block_1_43' title="bbox 206 2616 1789 2688">
    <p class='ocr_par' dir='ltr' id='par_1_43' title="bbox 206 2616 1789 2688">
     <span class='ocr_line' id='line_1_43' title="bbox 206 2616 1789 2688; baseline -0.004 -14"><span class='ocrx_word' id='word_1_285' title='bbox 206 2624 505 2680; x_wconf 65' lang='grc' dir='ltr'>καλλίπαις</span> <span class='ocrx_word' id='word_1_286' title='bbox 558 2620 699 2688; x_wconf 80' lang='grc' dir='ltr'>αὓτη</span> <span class='ocrx_word' id='word_1_287' title='bbox 761 2621 945 2688; x_wconf 84' lang='grc' dir='ltr'>μήτηρ</span> <span class='ocrx_word' id='word_1_288' title='bbox 999 2617 1296 2684; x_wconf 77' lang='grc' dir='ltr'>ἐξελθοῦσα</span> <span class='ocrx_word' id='word_1_289' title='bbox 1348 2619 1450 2685; x_wconf 76' lang='grc' dir='ltr'>τὴν</span> <span class='ocrx_word' id='word_1_290' title='bbox 1491 2617 1635 2685; x_wconf 82' lang='grc' dir='ltr'>ὑπὲρ</span> <span class='ocrx_word' id='word_1_291' title='bbox 1681 2616 1789 2668; x_wconf 88' lang='grc' dir='ltr'><strong>τῶν</strong></span> 
     </span>
    </p>
   </div>
   <div class='ocr_carea' id='block_1_44' title="bbox 207 2708 1789 2782">
    <p class='ocr_par' dir='ltr' id='par_1_44' title="bbox 207 2708 1789 2782">
     <span class='ocr_line' id='line_1_44' title="bbox 207 2708 1789 2782; baseline -0.003 -18"><span class='ocrx_word' id='word_1_292' title='bbox 207 2715 368 2782; x_wconf 68' lang='grc' dir='ltr'>ἱερῶν</span> <span class='ocrx_word' id='word_1_293' title='bbox 404 2713 615 2764; x_wconf 79' lang='grc' dir='ltr'>παίδων</span> <span class='ocrx_word' id='word_1_294' title='bbox 638 2713 938 2763; x_wconf 82' lang='grc' dir='ltr'>τελέσουσα</span> <span class='ocrx_word' id='word_1_295' title='bbox 969 2711 1219 2779; x_wconf 76' lang='grc' dir='ltr'>μνήμην,</span> <span class='ocrx_word' id='word_1_296' title='bbox 1252 2708 1546 2778; x_wconf 77' lang='grc' dir='ltr'>προσφῦσα</span> <span class='ocrx_word' id='word_1_297' title='bbox 1579 2711 1643 2778; x_wconf 80' lang='grc' dir='ltr'>τῇ</span> <span class='ocrx_word' id='word_1_298' title='bbox 1680 2708 1789 2760; x_wconf 89' lang='grc' dir='ltr'><strong>τῶν</strong></span> 
     </span>
    </p>
   </div>
   <div class='ocr_carea' id='block_1_45' title="bbox 783 2802 1786 2873">
    <p class='ocr_par' dir='ltr' id='par_1_45' title="bbox 783 2802 1786 2873">
     <span class='ocr_line' id='line_1_45' title="bbox 783 2802 1786 2873; baseline 0 -18"><span class='ocrx_word' id='word_1_299' title='bbox 783 2805 952 2872; x_wconf 86' lang='grc' dir='ltr'>Τίμια</span> <span class='ocrx_word' id='word_1_300' title='bbox 1016 2802 1169 2873; x_wconf 76' lang='grc' dir='ltr'>παρὰ</span> <span class='ocrx_word' id='word_1_301' title='bbox 1217 2803 1335 2872; x_wconf 81' lang='grc' dir='ltr'><strong>Θεῷ</strong></span> <span class='ocrx_word' id='word_1_302' title='bbox 1385 2802 1626 2870; x_wconf 65' lang='grc' dir='ltr'>θύματα,</span> <span class='ocrx_word' id='word_1_303' title='bbox 1659 2802 1786 2872; x_wconf 74' lang='grc' dir='ltr'>ἔφη.</span> 
     </span>
    </p>
   </div>
   <div class='ocr_carea' id='block_1_46' title="bbox 202 2898 1788 2969">
    <p class='ocr_par' dir='ltr' id='par_1_46' title="bbox 202 2898 1788 2969">
     <span class='ocr_line' id='line_1_46' title="bbox 202 2898 1788 2969; baseline -0.004 -16"><span class='ocrx_word' id='word_1_304' title='bbox 202 2901 603 2969; x_wconf 76' lang='grc' dir='ltr'>τετελειωμένα</span> <span class='ocrx_word' id='word_1_305' title='bbox 637 2899 1076 2968; x_wconf 77' lang='grc' dir='ltr'>καλλιερήματα,</span> <span class='ocrx_word' id='word_1_306' title='bbox 1103 2898 1329 2962; x_wconf 79' lang='grc' dir='ltr'>δέξασθε</span> <span class='ocrx_word' id='word_1_307' title='bbox 1360 2899 1458 2966; x_wconf 78' lang='grc' dir='ltr'>τὴν</span> <span class='ocrx_word' id='word_1_308' title='bbox 1498 2899 1655 2966; x_wconf 83' lang='grc' dir='ltr'>ὑμῶν</span> <span class='ocrx_word' id='word_1_309' title='bbox 1682 2915 1788 2966; x_wconf 87' lang='grc' dir='ltr'>μη-</span> 
     </span>
    </p>
   </div>
   <div class='ocr_carea' id='block_1_47' title="bbox 203 2986 1788 3063">
    <p class='ocr_par' dir='ltr' id='par_1_47' title="bbox 203 2986 1788 3063">
     <span class='ocr_line' id='line_1_47' title="bbox 203 2986 1788 3063; baseline -0.003 -18"><span class='ocrx_word' id='word_1_310' title='bbox 203 2995 336 3063; x_wconf 78' lang='grc' dir='ltr'>τέρα</span> <span class='ocrx_word' id='word_1_311' title='bbox 410 2995 685 3058; x_wconf 82' lang='grc' dir='ltr'>σύσκηνον</span> <span class='ocrx_word' id='word_1_312' title='bbox 761 2993 875 3052; x_wconf 87' lang='grc' dir='ltr'>τοῖς</span> <span class='ocrx_word' id='word_1_313' title='bbox 956 2992 1254 3059; x_wconf 73' lang='grc' dir='ltr'>ὑμετέροις</span> <span class='ocrx_word' id='word_1_314' title='bbox 1321 2986 1402 3051; x_wconf 73' lang='grc' dir='ltr'>οἷς</span> <span class='ocrx_word' id='word_1_315' title='bbox 1483 2992 1788 3042; x_wconf 83' lang='grc' dir='ltr'>κατοικεῖτε</span> 
     </span>
    </p>
   </div>
   <div class='ocr_carea' id='block_1_48' title="bbox 207 3080 1784 3152">
    <p class='ocr_par' dir='ltr' id='par_1_48' title="bbox 207 3080 1784 3152">
     <span class='ocr_line' id='line_1_48' title="bbox 207 3080 1784 3152; baseline -0.006 -16"><span class='ocrx_word' id='word_1_316' title='bbox 207 3084 583 3152; x_wconf 83' lang='grc' dir='ltr'>σκηνώμασιν.</span> <span class='ocrx_word' id='word_1_317' title='bbox 619 3082 804 3132; x_wconf 82' lang='grc' dir='ltr'>Ταῦτα</span> <span class='ocrx_word' id='word_1_318' title='bbox 855 3081 983 3149; x_wconf 74' lang='grc' dir='ltr'>ἔφη,</span> <span class='ocrx_word' id='word_1_319' title='bbox 1022 3081 1116 3132; x_wconf 77' lang='grc' dir='ltr'>καὶ</span> <span class='ocrx_word' id='word_1_320' title='bbox 1152 3080 1484 3148; x_wconf 79' lang='grc' dir='ltr'>συναπήχθη</span> <span class='ocrx_word' id='word_1_321' title='bbox 1523 3083 1635 3140; x_wconf 72' lang='grc' dir='ltr'>τοῖς</span> 
     </span>
    </p>
   </div>
   <div class='ocr_carea' id='block_1_49' title="bbox 212 3172 1786 3248">
    <p class='ocr_par' dir='ltr' id='par_1_49' title="bbox 212 3172 1786 3248">
     <span class='ocr_line' id='line_1_49' title="bbox 212 3172 1786 3248; baseline -0.004 -17"><span class='ocrx_word' id='word_1_322' title='bbox 212 3197 375 3248; x_wconf 84' lang='grc' dir='ltr'>μασιν</span> <span class='ocrx_word' id='word_1_323' title='bbox 423 3179 456 3245; x_wconf 80' lang='grc' dir='ltr'><strong>ἠ</strong></span> <span class='ocrx_word' id='word_1_324' title='bbox 501 3177 747 3244; x_wconf 86' lang='grc' dir='ltr'>γενναία,</span> <span class='ocrx_word' id='word_1_325' title='bbox 791 3177 884 3227; x_wconf 70' lang='grc' dir='ltr'>καὶ</span> <span class='ocrx_word' id='word_1_326' title='bbox 933 3174 1103 3227; x_wconf 82' lang='grc' dir='ltr'>ὓπνον</span> <span class='ocrx_word' id='word_1_327' title='bbox 1153 3172 1371 3226; x_wconf 79' lang='grc' dir='ltr'>ὕπνωσε</span> <span class='ocrx_word' id='word_1_328' title='bbox 1421 3175 1511 3226; x_wconf 86' lang='grc' dir='ltr'>τὸν</span> <span class='ocrx_word' id='word_1_329' title='bbox 1562 3172 1786 3236; x_wconf 83' lang='grc' dir='ltr'>δικαίοις</span> 
     </span>
    </p>
   </div>
   <div class='ocr_carea' id='block_1_50' title="bbox 209 3265 1788 3340">
    <p class='ocr_par' dir='ltr' id='par_1_50' title="bbox 209 3265 1788 3340">
     <span class='ocr_line' id='line_1_50' title="bbox 209 3265 1788 3340; baseline -0.003 -18"><span class='ocrx_word' id='word_1_330' title='bbox 209 3271 546 3340; x_wconf 73' lang='grc' dir='ltr'>ἁρμόζοντα,</span> <span class='ocrx_word' id='word_1_331' title='bbox 583 3270 616 3339; x_wconf 81' lang='grc' dir='ltr'>ἠ</span> <span class='ocrx_word' id='word_1_332' title='bbox 657 3272 842 3338; x_wconf 73' lang='grc' dir='ltr'>μήτηρ</span> <span class='ocrx_word' id='word_1_333' title='bbox 879 3265 1251 3337; x_wconf 81' lang='grc' dir='ltr'>προστεθεῖσα</span> <span class='ocrx_word' id='word_1_334' title='bbox 1291 3269 1410 3328; x_wconf 80' lang='grc' dir='ltr'>ταῖς</span> <span class='ocrx_word' id='word_1_335' title='bbox 1458 3265 1788 3333; x_wconf 82' lang='grc' dir='ltr'>θυγατράσι,</span> 
     </span>
    </p>
   </div>
   <div class='ocr_carea' id='block_1_51' title="bbox 209 3356 1792 3432">
    <p class='ocr_par' dir='ltr' id='par_1_51' title="bbox 209 3356 1792 3432">
     <span class='ocr_line' id='line_1_51' title="bbox 209 3356 1792 3432; baseline -0.003 -18"><span class='ocrx_word' id='word_1_336' title='bbox 209 3367 297 3416; x_wconf 83' lang='grc' dir='ltr'><strong>καί</strong></span> <span class='ocrx_word' id='word_1_337' title='bbox 326 3366 483 3432; x_wconf 77' lang='grc' dir='ltr'>κοινῇ</span> <span class='ocrx_word' id='word_1_338' title='bbox 511 3361 676 3414; x_wconf 84' lang='grc' dir='ltr'>πάλιν</span> <span class='ocrx_word' id='word_1_339' title='bbox 703 3362 780 3430; x_wconf 81' lang='grc' dir='ltr'>τῷ</span> <span class='ocrx_word' id='word_1_340' title='bbox 810 3362 918 3414; x_wconf 85' lang='grc' dir='ltr'><strong>τῶν</strong></span> <span class='ocrx_word' id='word_1_341' title='bbox 940 3359 1115 3428; x_wconf 83' lang='grc' dir='ltr'>ἁγίων</span> <span class='ocrx_word' id='word_1_342' title='bbox 1154 3356 1318 3428; x_wconf 80' lang='grc' dir='ltr'>χορῷ.</span> <span class='ocrx_word' id='word_1_343' title='bbox 1344 3357 1409 3410; x_wconf 78' lang='grc' dir='ltr'><strong>Αἰ</strong></span> <span class='ocrx_word' id='word_1_344' title='bbox 1439 3357 1571 3424; x_wconf 75' lang='grc' dir='ltr'>γοῦν</span> <span class='ocrx_word' id='word_1_345' title='bbox 1607 3358 1792 3410; x_wconf 86' lang='grc' dir='ltr'>συνελ-</span> 
     </span>
    </p>
   </div>
   <div class='ocr_carea' id='block_1_52' title="bbox 209 3448 1786 3520">
    <p class='ocr_par' dir='ltr' id='par_1_52' title="bbox 209 3448 1786 3520">
     <span class='ocr_line' id='line_1_52' title="bbox 209 3448 1786 3520; baseline -0.004 -15"><span class='ocrx_word' id='word_1_346' title='bbox 209 3456 397 3509; x_wconf 85' lang='grc' dir='ltr'>θοῦσαι</span> <span class='ocrx_word' id='word_1_347' title='bbox 443 3452 793 3520; x_wconf 76' lang='grc' dir='ltr'>φιλευσεόεῐς</span> <span class='ocrx_word' id='word_1_348' title='bbox 839 3454 907 3506; x_wconf 78' lang='grc' dir='ltr'><strong>τὰ</strong></span> <span class='ocrx_word' id='word_1_349' title='bbox 953 3451 1325 3520; x_wconf 82' lang='grc' dir='ltr'>νενομισμένα</span> <span class='ocrx_word' id='word_1_350' title='bbox 1376 3450 1472 3502; x_wconf 76' lang='grc' dir='ltr'>καὶ</span> <span class='ocrx_word' id='word_1_351' title='bbox 1521 3448 1609 3500; x_wconf 83' lang='grc' dir='ltr'><strong>ἐπ’</strong></span> <span class='ocrx_word' id='word_1_352' title='bbox 1650 3449 1786 3515; x_wconf 84' lang='grc' dir='ltr'>αὐτῇ</span> 
     </span>
    </p>
   </div>
   <div class='ocr_carea' id='block_1_53' title="bbox 207 3541 1790 3611">
    <p class='ocr_par' dir='ltr' id='par_1_53' title="bbox 207 3541 1790 3611">
     <span class='ocr_line' id='line_1_53' title="bbox 207 3541 1790 3611; baseline -0.006 -14"><span class='ocrx_word' id='word_1_353' title='bbox 207 3548 524 3608; x_wconf 76' lang='grc' dir='ltr'>τελέσασαι,</span> <span class='ocrx_word' id='word_1_354' title='bbox 591 3548 656 3610; x_wconf 79' lang='grc' dir='ltr'>τῇ</span> <span class='ocrx_word' id='word_1_355' title='bbox 707 3547 857 3611; x_wconf 75' lang='grc' dir='ltr'>κοινῇ</span> <span class='ocrx_word' id='word_1_356' title='bbox 931 3544 1040 3595; x_wconf 86' lang='grc' dir='ltr'><strong>τῶν</strong></span> <span class='ocrx_word' id='word_1_357' title='bbox 1091 3541 1411 3609; x_wconf 84' lang='grc' dir='ltr'>Θυγατέρων</span> <span class='ocrx_word' id='word_1_358' title='bbox 1462 3541 1604 3607; x_wconf 82' lang='grc' dir='ltr'>σορῷ</span> <span class='ocrx_word' id='word_1_359' title='bbox 1657 3555 1790 3589; x_wconf 78' lang='grc' dir='ltr'>κατ·-</span> 
     </span>
    </p>
   </div>
   <div class='ocr_carea' id='block_1_54' title="bbox 208 3629 1788 3703">
    <p class='ocr_par' dir='ltr' id='par_1_54' title="bbox 208 3629 1788 3703">
     <span class='ocr_line' id='line_1_54' title="bbox 208 3629 1788 3703; baseline -0.004 -16"><span class='ocrx_word' id='word_1_360' title='bbox 208 3640 409 3688; x_wconf 79' lang='grc' dir='ltr'>έθεντο.</span> <span class='ocrx_word' id='word_1_361' title='bbox 467 3635 616 3686; x_wconf 78' lang='grc' dir='ltr'>Ἔδει</span> <span class='ocrx_word' id='word_1_362' title='bbox 659 3635 768 3700; x_wconf 77' lang='grc' dir='ltr'><strong>γὰρ</strong></span> <span class='ocrx_word' id='word_1_363' title='bbox 801 3634 990 3703; x_wconf 81' lang='grc' dir='ltr'>ὥσπερ</span> <span class='ocrx_word' id='word_1_364' title='bbox 1017 3636 1125 3685; x_wconf 87' lang='grc' dir='ltr'><strong>τῶν</strong></span> <span class='ocrx_word' id='word_1_365' title='bbox 1158 3633 1367 3700; x_wconf 80' lang='grc' dir='ltr'>ψυχῶν,</span> <span class='ocrx_word' id='word_1_366' title='bbox 1419 3629 1559 3681; x_wconf 77' lang='grc' dir='ltr'>οὕτω</span> <span class='ocrx_word' id='word_1_367' title='bbox 1595 3630 1660 3699; x_wconf 81' lang='grc' dir='ltr'><strong>δὴ</strong></span> <span class='ocrx_word' id='word_1_368' title='bbox 1691 3630 1788 3681; x_wconf 78' lang='grc' dir='ltr'>καὶ</span> 
     </span>
    </p>
   </div>
   <div class='ocr_carea' id='block_1_55' title="bbox 215 3719 1790 3795">
    <p class='ocr_par' dir='ltr' id='par_1_55' title="bbox 215 3719 1790 3795">
     <span class='ocr_line' id='line_1_55' title="bbox 215 3719 1790 3795; baseline -0.003 -16"><span class='ocrx_word' id='word_1_369' title='bbox 215 3731 314 3779; x_wconf 71' lang='grc' dir='ltr'><strong>τῶν</strong></span> <span class='ocrx_word' id='word_1_370' title='bbox 360 3727 636 3794; x_wconf 82' lang='grc' dir='ltr'>σωμάτων</span> <span class='ocrx_word' id='word_1_371' title='bbox 674 3726 804 3795; x_wconf 84' lang='grc' dir='ltr'>μίαν</span> <span class='ocrx_word' id='word_1_372' title='bbox 834 3725 1014 3776; x_wconf 77' lang='grc' dir='ltr'>αὐτῶν</span> <span class='ocrx_word' id='word_1_373' title='bbox 1049 3719 1190 3776; x_wconf 78' lang='grc' dir='ltr'>εἶναι</span> <span class='ocrx_word' id='word_1_374' title='bbox 1225 3722 1325 3794; x_wconf 78' lang='grc' dir='ltr'>τὴν</span> <span class='ocrx_word' id='word_1_375' title='bbox 1371 3722 1678 3786; x_wconf 85' lang='grc' dir='ltr'>κατοικίαν,</span> <span class='ocrx_word' id='word_1_376' title='bbox 1709 3724 1790 3784; x_wconf 78' lang='grc' dir='ltr'><strong>είς</strong></span> 
     </span>
    </p>
   </div>
   <div class='ocr_carea' id='block_1_56' title="bbox 208 3815 1789 3888">
    <p class='ocr_par' dir='ltr' id='par_1_56' title="bbox 208 3815 1789 3888">
     <span class='ocr_line' id='line_1_56' title="bbox 208 3815 1789 3888; baseline -0.003 -18"><span class='ocrx_word' id='word_1_377' title='bbox 208 3819 363 3883; x_wconf 64' lang='grc' dir='ltr'>δόξαν</span> <span class='ocrx_word' id='word_1_378' title='bbox 394 3820 636 3888; x_wconf 83' lang='grc' dir='ltr'>Πατρὸς,</span> <span class='ocrx_word' id='word_1_379' title='bbox 683 3818 805 3870; x_wconf 77' lang='grc' dir='ltr'><strong>Υίοῦ</strong></span> <span class='ocrx_word' id='word_1_380' title='bbox 833 3819 926 3870; x_wconf 75' lang='grc' dir='ltr'>καὶ</span> <span class='ocrx_word' id='word_1_381' title='bbox 959 3817 1118 3886; x_wconf 81' lang='grc' dir='ltr'>ἁγίου</span> <span class='ocrx_word' id='word_1_382' title='bbox 1152 3815 1493 3884; x_wconf 78' lang='grc' dir='ltr'>Πνεύματος,</span> <span class='ocrx_word' id='word_1_383' title='bbox 1522 3816 1621 3885; x_wconf 78' lang='grc' dir='ltr'>τῆς</span> <span class='ocrx_word' id='word_1_384' title='bbox 1658 3816 1789 3882; x_wconf 77' lang='grc' dir='ltr'>μιᾶς</span> 
     </span>
    </p>
   </div>
   <div class='ocr_carea' id='block_1_57' title="bbox 209 3905 1790 3985">
    <p class='ocr_par' dir='ltr' id='par_1_57' title="bbox 209 3905 1790 3985">
     <span class='ocr_line' id='line_1_57' title="bbox 209 3905 1790 3985; baseline -0.004 -23"><span class='ocrx_word' id='word_1_385' title='bbox 209 3910 483 3980; x_wconf 73' lang='grc' dir='ltr'>θεότητος,</span> <span class='ocrx_word' id='word_1_386' title='bbox 593 3911 792 3981; x_wconf 76' lang='grc' dir='ltr'>πρέπει</span> <span class='ocrx_word' id='word_1_387' title='bbox 826 3913 974 3964; x_wconf 73' lang='grc' dir='ltr'>πᾶσα</span> <span class='ocrx_word' id='word_1_388' title='bbox 1015 3910 1165 3976; x_wconf 78' lang='grc' dir='ltr'>δόξα,</span> <span class='ocrx_word' id='word_1_389' title='bbox 1202 3909 1360 3979; x_wconf 75' lang='grc' dir='ltr'>τιμὴ,</span> <span class='ocrx_word' id='word_1_390' title='bbox 1409 3909 1502 3960; x_wconf 82' lang='grc' dir='ltr'>καὶ</span> <span class='ocrx_word' id='word_1_391' title='bbox 1550 3905 1790 3974; x_wconf 85' lang='grc' dir='ltr'>προσκύ-</span> 
     </span>
    </p>
   </div>
   <div class='ocr_carea' id='block_1_58' title="bbox 210 3997 1786 4074">
    <p class='ocr_par' dir='ltr' id='par_1_58' title="bbox 210 3997 1786 4074">
     <span class='ocr_line' id='line_1_58' title="bbox 210 3997 1786 4074; baseline -0.004 -16"><span class='ocrx_word' id='word_1_392' title='bbox 210 4022 380 4074; x_wconf 75' lang='grc' dir='ltr'>νησις,</span> <span class='ocrx_word' id='word_1_393' title='bbox 409 4004 505 4056; x_wconf 78' lang='grc' dir='ltr'>νῦν</span> <span class='ocrx_word' id='word_1_394' title='bbox 537 4011 629 4056; x_wconf 83' lang='grc' dir='ltr'>καὶ</span> <span class='ocrx_word' id='word_1_395' title='bbox 658 4006 740 4063; x_wconf 81' lang='grc' dir='ltr'><strong>είς</strong></span> <span class='ocrx_word' id='word_1_396' title='bbox 771 4006 895 4063; x_wconf 64' lang='grc' dir='ltr'>τοὺς</span> <span class='ocrx_word' id='word_1_397' title='bbox 928 4003 1132 4064; x_wconf 89' lang='grc' dir='ltr'>αἰῶνας</span> <span class='ocrx_word' id='word_1_398' title='bbox 1163 4002 1273 4053; x_wconf 90' lang='grc' dir='ltr'><strong>τῶν</strong></span> <span class='ocrx_word' id='word_1_399' title='bbox 1302 4001 1540 4053; x_wconf 78' lang='grc' dir='ltr'>αἰώνων.</span> <span class='ocrx_word' id='word_1_400' title='bbox 1588 3997 1786 4067; x_wconf 83' lang='grc' dir='ltr'>Ἀμήν.</span> 
     </span>
    </p>
   </div>
   <div class='ocr_carea' id='block_1_59' title="bbox 205 2805 723 2875">
    <p class='ocr_par' dir='ltr' id='par_1_59' title="bbox 205 2805 723 2875">
     <span class='ocr_line' id='line_1_59' title="bbox 205 2805 723 2875; baseline -0.006 -19"><span class='ocrx_word' id='word_1_401' title='bbox 205 2808 480 2875; x_wconf 47' lang='grc' dir='ltr'>λειψάνων</span> <span class='ocrx_word' id='word_1_402' title='bbox 541 2805 684 2873; x_wconf 77' lang='grc' dir='ltr'>σορῷ</span> <span class='ocrx_word' id='word_1_403' title='bbox 715 2823 723 2832; x_wconf 90' lang='grc'>·</span> 
     </span>
    </p>
   </div>
   <div class='ocr_carea' id='block_1_60' title="bbox 1891 1983 3472 2054">
    <p class='ocr_par' dir='ltr' id='par_1_60' title="bbox 1891 1983 3472 2054">
     <span class='ocr_line' id='line_1_60' title="bbox 1891 1983 3472 2054; baseline 0 -16"><span class='ocrx_word' id='word_1_404' title='bbox 1891 1986 2172 2048; x_wconf 83' lang='lat' dir='ltr'><strong>citaverat,</strong></span> <span class='ocrx_word' id='word_1_405' title='bbox 2218 2000 2328 2040; x_wconf 88' lang='lat' dir='ltr'><strong>rem</strong></span> <span class='ocrx_word' id='word_1_406' title='bbox 2370 1999 2616 2054; x_wconf 78' lang='lat' dir='ltr'><strong>magnam</strong></span> <span class='ocrx_word' id='word_1_407' title='bbox 2662 1991 2715 2036; x_wconf 86' lang='lat' dir='ltr'><strong>et</strong></span> <span class='ocrx_word' id='word_1_408' title='bbox 2746 1983 3078 2047; x_wconf 89' lang='lat' dir='ltr'><strong>thesaurum,</strong></span> <span class='ocrx_word' id='word_1_409' title='bbox 3111 1985 3204 2052; x_wconf 85' lang='lat' dir='ltr'><strong>qui</strong></span> <span class='ocrx_word' id='word_1_410' title='bbox 3227 1985 3472 2038; x_wconf 84' lang='lat' dir='ltr'><strong>consumi</strong></span> 
     </span>
    </p>
   </div>
   <div class='ocr_carea' id='block_1_61' title="bbox 1892 2073 3476 2145">
    <p class='ocr_par' dir='ltr' id='par_1_61' title="bbox 1892 2073 3476 2145">
     <span class='ocr_line' id='line_1_61' title="bbox 1892 2073 3476 2145; baseline 0 -16"><span class='ocrx_word' id='word_1_411' title='bbox 1892 2091 2004 2129; x_wconf 89' lang='lat' dir='ltr'><strong>non</strong></span> <span class='ocrx_word' id='word_1_412' title='bbox 2067 2083 2267 2144; x_wconf 86' lang='lat' dir='ltr'><strong>potest,</strong></span> <span class='ocrx_word' id='word_1_413' title='bbox 2323 2091 2450 2127; x_wconf 71' lang='lat' dir='ltr'><strong>vere</strong></span> <span class='ocrx_word' id='word_1_414' title='bbox 2507 2089 2698 2128; x_wconf 85' lang='lat' dir='ltr'><strong>amans</strong></span> <span class='ocrx_word' id='word_1_415' title='bbox 2757 2074 2958 2128; x_wconf 81' lang='lat' dir='ltr'><strong>Christi</strong></span> <span class='ocrx_word' id='word_1_416' title='bbox 3018 2073 3220 2126; x_wconf 80' lang='lat' dir='ltr'><strong>femina</strong></span> <span class='ocrx_word' id='word_1_417' title='bbox 3286 2075 3476 2145; x_wconf 65' lang='lat' dir='ltr'><strong>largin</strong></span> 
     </span>
    </p>
   </div>
   <div class='ocr_carea' id='block_1_62' title="bbox 1891 2166 3474 2236">
    <p class='ocr_par' dir='ltr' id='par_1_62' title="bbox 1891 2166 3474 2236">
     <span class='ocr_line' id='line_1_62' title="bbox 1891 2166 3474 2236; baseline -0.001 -14"><span class='ocrx_word' id='word_1_418' title='bbox 1891 2169 2219 2223; x_wconf 87' lang='lat' dir='ltr'><strong>Christianis</strong></span> <span class='ocrx_word' id='word_1_419' title='bbox 2279 2167 2543 2222; x_wconf 88' lang='lat' dir='ltr'><strong>medelam</strong></span> <span class='ocrx_word' id='word_1_420' title='bbox 2615 2166 2830 2230; x_wconf 67' lang='lat' dir='ltr'><strong>animae,</strong></span> <span class='ocrx_word' id='word_1_421' title='bbox 2887 2166 3150 2220; x_wconf 84' lang='lat' dir='ltr'><strong>medelam</strong></span> <span class='ocrx_word' id='word_1_422' title='bbox 3210 2168 3474 2236; x_wconf 80' lang='lat' dir='ltr'><strong>corporis.</strong></span> 
     </span>
    </p>
   </div>
   <div class='ocr_carea' id='block_1_63' title="bbox 1891 2257 3474 2324">
    <p class='ocr_par' dir='ltr' id='par_1_63' title="bbox 1891 2257 3474 2324">
     <span class='ocr_line' id='line_1_63' title="bbox 1891 2257 3474 2324; baseline -0.003 -10"><span class='ocrx_word' id='word_1_423' title='bbox 1891 2260 2212 2314; x_wconf 68' lang='lat' dir='ltr'><strong>inoffensam</strong></span> <span class='ocrx_word' id='word_1_424' title='bbox 2286 2261 2405 2311; x_wconf 73' lang='lat' dir='ltr'><strong>vita:</strong></span> <span class='ocrx_word' id='word_1_425' title='bbox 2456 2259 2903 2321; x_wconf 86' lang='lat' dir='ltr'><strong>trausactionem,</strong></span> <span class='ocrx_word' id='word_1_426' title='bbox 2956 2257 3067 2310; x_wconf 93' lang='lat' dir='ltr'><strong>Dco</strong></span> <span class='ocrx_word' id='word_1_427' title='bbox 3131 2259 3474 2324; x_wconf 80' lang='lat' dir='ltr'><strong>conjunctio-</strong></span> 
     </span>
    </p>
   </div>
   <div class='ocr_carea' id='block_1_64' title="bbox 1895 2347 3474 2419">
    <p class='ocr_par' dir='ltr' id='par_1_64' title="bbox 1895 2347 3474 2419">
     <span class='ocr_line' id='line_1_64' title="bbox 1895 2347 3474 2419; baseline -0.004 -13"><span class='ocrx_word' id='word_1_428' title='bbox 1895 2368 2044 2415; x_wconf 86' lang='lat' dir='ltr'><strong>nem,</strong></span> <span class='ocrx_word' id='word_1_429' title='bbox 2077 2359 2131 2405; x_wconf 92' lang='lat' dir='ltr'><strong>et</strong></span> <span class='ocrx_word' id='word_1_430' title='bbox 2173 2349 2262 2419; x_wconf 92' lang='lat' dir='ltr'><strong>qui</strong></span> <span class='ocrx_word' id='word_1_431' title='bbox 2307 2358 2483 2418; x_wconf 91' lang='lat' dir='ltr'><strong>potest</strong></span> <span class='ocrx_word' id='word_1_432' title='bbox 2531 2364 2723 2419; x_wconf 83' lang='lat' dir='ltr'><strong>magna</strong></span> <span class='ocrx_word' id='word_1_433' title='bbox 2761 2347 2904 2402; x_wconf 89' lang='lat' dir='ltr'><strong>bona</strong></span> <span class='ocrx_word' id='word_1_434' title='bbox 2943 2348 3207 2416; x_wconf 82' lang='lat' dir='ltr'><strong>pra-bere.</strong></span> <span class='ocrx_word' id='word_1_435' title='bbox 3269 2347 3474 2401; x_wconf 88' lang='lat' dir='ltr'><strong>Deinde</strong></span> 
     </span>
    </p>
   </div>
   <div class='ocr_carea' id='block_1_65' title="bbox 1893 2441 3480 2512">
    <p class='ocr_par' dir='ltr' id='par_1_65' title="bbox 1893 2441 3480 2512">
     <span class='ocr_line' id='line_1_65' title="bbox 1893 2441 3480 2512; baseline -0.003 -13"><span class='ocrx_word' id='word_1_436' title='bbox 1893 2460 2015 2499; x_wconf 91' lang='lat' dir='ltr'><strong>cum</strong></span> <span class='ocrx_word' id='word_1_437' title='bbox 2047 2454 2156 2497; x_wconf 90' lang='lat' dir='ltr'><strong>tres</strong></span> <span class='ocrx_word' id='word_1_438' title='bbox 2188 2442 2382 2512; x_wconf 80' lang='lat' dir='ltr'><strong>integri</strong></span> <span class='ocrx_word' id='word_1_439' title='bbox 2410 2442 2526 2496; x_wconf 90' lang='lat' dir='ltr'><strong>dies</strong></span> <span class='ocrx_word' id='word_1_440' title='bbox 2559 2441 3001 2496; x_wconf 86' lang='lat' dir='ltr'><strong>intercessissent</strong></span> <span class='ocrx_word' id='word_1_441' title='bbox 3029 2453 3148 2510; x_wconf 91' lang='lat' dir='ltr'><strong>post</strong></span> <span class='ocrx_word' id='word_1_442' title='bbox 3177 2441 3321 2494; x_wconf 93' lang='lat' dir='ltr'><strong>illius</strong></span> <span class='ocrx_word' id='word_1_443' title='bbox 3348 2457 3480 2494; x_wconf 89' lang='lat' dir='ltr'><strong>con-</strong></span> 
     </span>
    </p>
   </div>
   <div class='ocr_carea' id='block_1_66' title="bbox 1894 2533 3476 2605">
    <p class='ocr_par' dir='ltr' id='par_1_66' title="bbox 1894 2533 3476 2605">
     <span class='ocr_line' id='line_1_66' title="bbox 1894 2533 3476 2605; baseline -0.003 -14"><span class='ocrx_word' id='word_1_444' title='bbox 1894 2537 2336 2602; x_wconf 89' lang='lat' dir='ltr'><strong>summationem,</strong></span> <span class='ocrx_word' id='word_1_445' title='bbox 2399 2550 2612 2605; x_wconf 81' lang='lat' dir='ltr'><strong>egressa</strong></span> <span class='ocrx_word' id='word_1_446' title='bbox 2675 2535 2790 2588; x_wconf 72' lang='lat' dir='ltr'><strong>haec</strong></span> <span class='ocrx_word' id='word_1_447' title='bbox 2841 2535 3176 2604; x_wconf 78' lang='lat' dir='ltr'><strong>cgregiarum</strong></span> <span class='ocrx_word' id='word_1_448' title='bbox 3245 2533 3476 2587; x_wconf 90' lang='lat' dir='ltr'><strong>filiarum</strong></span> 
     </span>
    </p>
   </div>
   <div class='ocr_carea' id='block_1_67' title="bbox 1891 2626 3476 2696">
    <p class='ocr_par' dir='ltr' id='par_1_67' title="bbox 1891 2626 3476 2696">
     <span class='ocr_line' id='line_1_67' title="bbox 1891 2626 3476 2696; baseline -0.003 -14"><span class='ocrx_word' id='word_1_449' title='bbox 1891 2640 2064 2682; x_wconf 84' lang='lat' dir='ltr'><strong>mater</strong></span> <span class='ocrx_word' id='word_1_450' title='bbox 2121 2644 2220 2696; x_wconf 89' lang='lat' dir='ltr'><strong>pro</strong></span> <span class='ocrx_word' id='word_1_451' title='bbox 2274 2627 2636 2681; x_wconf 74' lang='lat' dir='ltr'><strong>sacrosanctis</strong></span> <span class='ocrx_word' id='word_1_452' title='bbox 2691 2626 2900 2679; x_wconf 86' lang='lat' dir='ltr'><strong>liliabus</strong></span> <span class='ocrx_word' id='word_1_453' title='bbox 2976 2635 3260 2692; x_wconf 82' lang='lat' dir='ltr'><strong>peraetura</strong></span> <span class='ocrx_word' id='word_1_454' title='bbox 3325 2641 3476 2679; x_wconf 82' lang='lat' dir='ltr'><strong>com-</strong></span> 
     </span>
    </p>
   </div>
   <div class='ocr_carea' id='block_1_68' title="bbox 1891 2712 3471 2783">
    <p class='ocr_par' dir='ltr' id='par_1_68' title="bbox 1891 2712 3471 2783">
     <span class='ocr_line' id='line_1_68' title="bbox 1891 2712 3471 2783; baseline -0.005 -9"><span class='ocrx_word' id='word_1_455' title='bbox 1891 2717 2363 2781; x_wconf 86' lang='lat' dir='ltr'><strong>memorationem,</strong></span> <span class='ocrx_word' id='word_1_456' title='bbox 2393 2717 2658 2771; x_wconf 89' lang='lat' dir='ltr'><strong>accedens</strong></span> <span class='ocrx_word' id='word_1_457' title='bbox 2692 2716 2756 2768; x_wconf 83' lang='lat' dir='ltr'><strong>ad</strong></span> <span class='ocrx_word' id='word_1_458' title='bbox 2809 2714 3044 2767; x_wconf 86' lang='lat' dir='ltr'><strong>loculqu</strong></span> <span class='ocrx_word' id='word_1_459' title='bbox 3079 2712 3429 2783; x_wconf 82' lang='lat' dir='ltr'><strong>reliquiarum</strong></span> <span class='ocrx_word' id='word_1_460' title='bbox 3461 2735 3471 2766; x_wconf 93' lang='lat'>:</span> 
     </span>
    </p>
   </div>
   <div class='ocr_carea' id='block_1_69' title="bbox 1893 2806 3481 2879">
    <p class='ocr_par' dir='ltr' id='par_1_69' title="bbox 1893 2806 3481 2879">
     <span class='ocr_line' id='line_1_69' title="bbox 1893 2806 3481 2879; baseline -0.005 -12"><span class='ocrx_word' id='word_1_461' title='bbox 1893 2813 2169 2875; x_wconf 71' lang='lat' dir='ltr'><strong>Pretiosac,</strong></span> <span class='ocrx_word' id='word_1_462' title='bbox 2222 2810 2376 2870; x_wconf 78' lang='lat' dir='ltr'><strong>dixit,</strong></span> <span class='ocrx_word' id='word_1_463' title='bbox 2435 2809 2580 2879; x_wconf 89' lang='lat' dir='ltr'><strong>apud</strong></span> <span class='ocrx_word' id='word_1_464' title='bbox 2647 2806 2816 2861; x_wconf 83' lang='lat' dir='ltr'><strong>Deum</strong></span> <span class='ocrx_word' id='word_1_465' title='bbox 2859 2807 3066 2866; x_wconf 72' lang='lat' dir='ltr'><strong>hostire.</strong></span> <span class='ocrx_word' id='word_1_466' title='bbox 3103 2817 3481 2860; x_wconf 78' lang='lat' dir='ltr'><strong>consummata</strong></span> 
     </span>
    </p>
   </div>
   <div class='ocr_carea' id='block_1_70' title="bbox 1893 2899 3480 2973">
    <p class='ocr_par' dir='ltr' id='par_1_70' title="bbox 1893 2899 3480 2973">
     <span class='ocr_line' id='line_1_70' title="bbox 1893 2899 3480 2973; baseline -0.005 -15"><span class='ocrx_word' id='word_1_467' title='bbox 1893 2914 1946 2958; x_wconf 87' lang='lat' dir='ltr'><strong>et</strong></span> <span class='ocrx_word' id='word_1_468' title='bbox 1999 2904 2225 2973; x_wconf 86' lang='lat' dir='ltr'><strong>pulchre</strong></span> <span class='ocrx_word' id='word_1_469' title='bbox 2266 2903 2414 2956; x_wconf 82' lang='lat' dir='ltr'><strong>litata</strong></span> <span class='ocrx_word' id='word_1_470' title='bbox 2475 2901 2758 2964; x_wconf 88' lang='lat' dir='ltr'><strong>sacrificia,</strong></span> <span class='ocrx_word' id='word_1_471' title='bbox 2808 2899 3038 2969; x_wconf 83' lang='lat' dir='ltr'><strong>accipite</strong></span> <span class='ocrx_word' id='word_1_472' title='bbox 3085 2909 3319 2953; x_wconf 79' lang='lat' dir='ltr'><strong>vestram</strong></span> <span class='ocrx_word' id='word_1_473' title='bbox 3362 2914 3480 2952; x_wconf 85' lang='lat' dir='ltr'><strong>ma-</strong></span> 
     </span>
    </p>
   </div>
   <div class='ocr_carea' id='block_1_71' title="bbox 1895 2991 3477 3060">
    <p class='ocr_par' dir='ltr' id='par_1_71' title="bbox 1895 2991 3477 3060">
     <span class='ocr_line' id='line_1_71' title="bbox 1895 2991 3477 3060; baseline -0.006 -11"><span class='ocrx_word' id='word_1_474' title='bbox 1895 3006 2028 3049; x_wconf 87' lang='lat' dir='ltr'><strong>trem</strong></span> <span class='ocrx_word' id='word_1_475' title='bbox 2093 2995 2538 3050; x_wconf 86' lang='lat' dir='ltr'><strong>contubernalem</strong></span> <span class='ocrx_word' id='word_1_476' title='bbox 2595 2995 2646 3047; x_wconf 93' lang='lat' dir='ltr'><strong>in</strong></span> <span class='ocrx_word' id='word_1_477' title='bbox 2718 2992 2934 3052; x_wconf 77' lang='lat' dir='ltr'><strong>vestris,</strong></span> <span class='ocrx_word' id='word_1_478' title='bbox 3003 3007 3125 3060; x_wconf 70' lang='lat' dir='ltr'><strong>qua:</strong></span> <span class='ocrx_word' id='word_1_479' title='bbox 3205 2991 3477 3056; x_wconf 75' lang='lat' dir='ltr'><strong>habitatis,</strong></span> 
     </span>
    </p>
   </div>
   <div class='ocr_carea' id='block_1_72' title="bbox 1893 3083 3478 3145">
    <p class='ocr_par' dir='ltr' id='par_1_72' title="bbox 1893 3083 3478 3145">
     <span class='ocr_line' id='line_1_72' title="bbox 1893 3083 3478 3145; baseline -0.001 -6"><span class='ocrx_word' id='word_1_480' title='bbox 1893 3087 2275 3139; x_wconf 85' lang='lat' dir='ltr'><strong>tabernaculis.</strong></span> <span class='ocrx_word' id='word_1_481' title='bbox 2321 3087 2447 3138; x_wconf 75' lang='lat' dir='ltr'><strong>llaec</strong></span> <span class='ocrx_word' id='word_1_482' title='bbox 2499 3084 2655 3145; x_wconf 80' lang='lat' dir='ltr'><strong>dixit,</strong></span> <span class='ocrx_word' id='word_1_483' title='bbox 2704 3094 2754 3136; x_wconf 90' lang='lat' dir='ltr'><strong>et</strong></span> <span class='ocrx_word' id='word_1_484' title='bbox 2789 3085 2948 3134; x_wconf 85' lang='lat' dir='ltr'><strong>simul</strong></span> <span class='ocrx_word' id='word_1_485' title='bbox 2997 3099 3119 3136; x_wconf 89' lang='lat' dir='ltr'><strong>eum</strong></span> <span class='ocrx_word' id='word_1_486' title='bbox 3160 3083 3242 3136; x_wconf 89' lang='lat' dir='ltr'><strong>his</strong></span> <span class='ocrx_word' id='word_1_487' title='bbox 3296 3085 3478 3138; x_wconf 81' lang='lat' dir='ltr'><strong>verbis</strong></span> 
     </span>
    </p>
   </div>
   <div class='ocr_carea' id='block_1_73' title="bbox 1895 3175 3480 3246">
    <p class='ocr_par' dir='ltr' id='par_1_73' title="bbox 1895 3175 3480 3246">
     <span class='ocr_line' id='line_1_73' title="bbox 1895 3175 3480 3246; baseline -0.003 -14"><span class='ocrx_word' id='word_1_488' title='bbox 1895 3179 2154 3232; x_wconf 84' lang='lat' dir='ltr'><strong>abscessit</strong></span> <span class='ocrx_word' id='word_1_489' title='bbox 2184 3178 2378 3230; x_wconf 86' lang='lat' dir='ltr'><strong>mulier</strong></span> <span class='ocrx_word' id='word_1_490' title='bbox 2411 3175 2648 3246; x_wconf 81' lang='lat' dir='ltr'><strong>egregia,</strong></span> <span class='ocrx_word' id='word_1_491' title='bbox 2692 3185 2745 3228; x_wconf 89' lang='lat' dir='ltr'><strong>et</strong></span> <span class='ocrx_word' id='word_1_492' title='bbox 2776 3189 2993 3238; x_wconf 90' lang='lat' dir='ltr'><strong>somno,</strong></span> <span class='ocrx_word' id='word_1_493' title='bbox 3027 3177 3116 3243; x_wconf 85' lang='lat' dir='ltr'><strong>qui</strong></span> <span class='ocrx_word' id='word_1_494' title='bbox 3144 3176 3308 3241; x_wconf 84' lang='lat' dir='ltr'><strong>justis</strong></span> <span class='ocrx_word' id='word_1_495' title='bbox 3343 3191 3480 3228; x_wconf 87' lang='lat' dir='ltr'><strong>con-</strong></span> 
     </span>
    </p>
   </div>
   <div class='ocr_carea' id='block_1_74' title="bbox 1897 3266 3478 3340">
    <p class='ocr_par' dir='ltr' id='par_1_74' title="bbox 1897 3266 3478 3340">
     <span class='ocr_line' id='line_1_74' title="bbox 1897 3266 3478 3340; baseline -0.002 -18"><span class='ocrx_word' id='word_1_496' title='bbox 1897 3272 2060 3340; x_wconf 80' lang='lat' dir='ltr'><strong>gruit,</strong></span> <span class='ocrx_word' id='word_1_497' title='bbox 2095 3271 2388 3324; x_wconf 84' lang='lat' dir='ltr'><strong>obtlormiit</strong></span> <span class='ocrx_word' id='word_1_498' title='bbox 2431 3279 2604 3322; x_wconf 83' lang='lat' dir='ltr'><strong>mater</strong></span> <span class='ocrx_word' id='word_1_499' title='bbox 2651 3267 2832 3322; x_wconf 81' lang='lat' dir='ltr'><strong>addita</strong></span> <span class='ocrx_word' id='word_1_500' title='bbox 2870 3266 3102 3326; x_wconf 82' lang='lat' dir='ltr'><strong>ﬁliabus,</strong></span> <span class='ocrx_word' id='word_1_501' title='bbox 3144 3276 3196 3318; x_wconf 89' lang='lat' dir='ltr'><strong>et</strong></span> <span class='ocrx_word' id='word_1_502' title='bbox 3228 3282 3478 3319; x_wconf 83' lang='lat' dir='ltr'><strong>cominu-</strong></span> 
     </span>
    </p>
   </div>
   <div class='ocr_carea' id='block_1_75' title="bbox 1897 3357 3478 3428">
    <p class='ocr_par' dir='ltr' id='par_1_75' title="bbox 1897 3357 3478 3428">
     <span class='ocr_line' id='line_1_75' title="bbox 1897 3357 3478 3428; baseline -0.001 -14"><span class='ocrx_word' id='word_1_503' title='bbox 1897 3363 1950 3414; x_wconf 90' lang='lat' dir='ltr'><strong>ni</strong></span> <span class='ocrx_word' id='word_1_504' title='bbox 2010 3377 2196 3415; x_wconf 86' lang='lat' dir='ltr'><strong>rursus</strong></span> <span class='ocrx_word' id='word_1_505' title='bbox 2267 3361 2435 3413; x_wconf 89' lang='lat' dir='ltr'><strong>choro</strong></span> <span class='ocrx_word' id='word_1_506' title='bbox 2504 3369 2839 3413; x_wconf 87' lang='lat' dir='ltr'><strong>sanctorum.</strong></span> <span class='ocrx_word' id='word_1_507' title='bbox 2912 3357 3045 3412; x_wconf 86' lang='lat' dir='ltr'><strong>Cum</strong></span> <span class='ocrx_word' id='word_1_508' title='bbox 3130 3367 3308 3412; x_wconf 90' lang='lat' dir='ltr'><strong>autem</strong></span> <span class='ocrx_word' id='word_1_509' title='bbox 3377 3359 3478 3428; x_wconf 67' lang='lat' dir='ltr'><strong>pias</strong></span> 
     </span>
    </p>
   </div>
   <div class='ocr_carea' id='block_1_76' title="bbox 1896 3448 3480 3517">
    <p class='ocr_par' dir='ltr' id='par_1_76' title="bbox 1896 3448 3480 3517">
     <span class='ocr_line' id='line_1_76' title="bbox 1896 3448 3480 3517; baseline -0.003 -11"><span class='ocrx_word' id='word_1_510' title='bbox 1896 3451 2282 3506; x_wconf 79' lang='lat' dir='ltr'><strong>convenissent</strong></span> <span class='ocrx_word' id='word_1_511' title='bbox 2331 3449 2572 3513; x_wconf 72' lang='lat' dir='ltr'><strong>feminae,</strong></span> <span class='ocrx_word' id='word_1_512' title='bbox 2604 3450 2654 3502; x_wconf 94' lang='lat' dir='ltr'><strong>ei</strong></span> <span class='ocrx_word' id='word_1_513' title='bbox 2680 3463 2899 3517; x_wconf 90' lang='lat' dir='ltr'><strong>quoque</strong></span> <span class='ocrx_word' id='word_1_514' title='bbox 2927 3449 3089 3515; x_wconf 73' lang='lat' dir='ltr'><strong>iustis</strong></span> <span class='ocrx_word' id='word_1_515' title='bbox 3120 3448 3274 3500; x_wconf 88' lang='lat' dir='ltr'><strong>factis</strong></span> <span class='ocrx_word' id='word_1_516' title='bbox 3309 3449 3480 3516; x_wconf 90' lang='lat' dir='ltr'><strong>depo-</strong></span> 
     </span>
    </p>
   </div>
   <div class='ocr_carea' id='block_1_77' title="bbox 1896 3542 3479 3612">
    <p class='ocr_par' dir='ltr' id='par_1_77' title="bbox 1896 3542 3479 3612">
     <span class='ocr_line' id='line_1_77' title="bbox 1896 3542 3479 3612; baseline -0.001 -12"><span class='ocrx_word' id='word_1_517' title='bbox 1896 3556 2123 3602; x_wconf 86' lang='lat' dir='ltr'><strong>suerunt</strong></span> <span class='ocrx_word' id='word_1_518' title='bbox 2178 3545 2229 3597; x_wconf 90' lang='lat' dir='ltr'><strong>in</strong></span> <span class='ocrx_word' id='word_1_519' title='bbox 2271 3549 2548 3599; x_wconf 76' lang='lat' dir='ltr'><strong>communi</strong></span> <span class='ocrx_word' id='word_1_520' title='bbox 2608 3543 2785 3598; x_wconf 90' lang='lat' dir='ltr'><strong>loculo</strong></span> <span class='ocrx_word' id='word_1_521' title='bbox 2845 3543 3101 3598; x_wconf 87' lang='lat' dir='ltr'><strong>filiarum.</strong></span> <span class='ocrx_word' id='word_1_522' title='bbox 3178 3542 3479 3612; x_wconf 80' lang='lat' dir='ltr'><strong>Oportebat</strong></span> 
     </span>
    </p>
   </div>
   <div class='ocr_carea' id='block_1_78' title="bbox 1896 3635 3472 3707">
    <p class='ocr_par' dir='ltr' id='par_1_78' title="bbox 1896 3635 3472 3707">
     <span class='ocr_line' id='line_1_78' title="bbox 1896 3635 3472 3707; baseline -0.003 -15"><span class='ocrx_word' id='word_1_523' title='bbox 1896 3641 2062 3704; x_wconf 89' lang='lat' dir='ltr'><strong>enim,</strong></span> <span class='ocrx_word' id='word_1_524' title='bbox 2114 3637 2384 3707; x_wconf 89' lang='lat' dir='ltr'><strong>quomodo</strong></span> <span class='ocrx_word' id='word_1_525' title='bbox 2440 3637 2769 3700; x_wconf 90' lang='lat' dir='ltr'><strong>animarum,</strong></span> <span class='ocrx_word' id='word_1_526' title='bbox 2822 3635 2894 3689; x_wconf 87' lang='lat' dir='ltr'><strong>ita</strong></span> <span class='ocrx_word' id='word_1_527' title='bbox 2951 3635 3115 3689; x_wconf 78' lang='lat' dir='ltr'><strong>etiam</strong></span> <span class='ocrx_word' id='word_1_528' title='bbox 3185 3649 3472 3703; x_wconf 88' lang='lat' dir='ltr'><strong>corporum</strong></span> 
     </span>
    </p>
   </div>
   <div class='ocr_carea' id='block_1_79' title="bbox 1897 3726 3478 3792">
    <p class='ocr_par' dir='ltr' id='par_1_79' title="bbox 1897 3726 3478 3792">
     <span class='ocr_line' id='line_1_79' title="bbox 1897 3726 3478 3792; baseline -0.003 -9"><span class='ocrx_word' id='word_1_529' title='bbox 1897 3746 2015 3785; x_wconf 87' lang='lat' dir='ltr'><strong>esse</strong></span> <span class='ocrx_word' id='word_1_530' title='bbox 2056 3745 2218 3782; x_wconf 90' lang='lat' dir='ltr'><strong>unam</strong></span> <span class='ocrx_word' id='word_1_531' title='bbox 2287 3728 2672 3781; x_wconf 81' lang='lat' dir='ltr'><strong>habitationem</strong></span> <span class='ocrx_word' id='word_1_532' title='bbox 2718 3742 2732 3777; x_wconf 90' lang='lat'><strong>:</strong></span> <span class='ocrx_word' id='word_1_533' title='bbox 2779 3727 2844 3778; x_wconf 90' lang='lat' dir='ltr'><strong>ad</strong></span> <span class='ocrx_word' id='word_1_534' title='bbox 2912 3727 3135 3792; x_wconf 81' lang='lat' dir='ltr'><strong>gloriam</strong></span> <span class='ocrx_word' id='word_1_535' title='bbox 3209 3726 3383 3778; x_wconf 82' lang='lat' dir='ltr'><strong>Patris</strong></span> <span class='ocrx_word' id='word_1_536' title='bbox 3424 3736 3478 3778; x_wconf 89' lang='lat' dir='ltr'><strong>et</strong></span> 
     </span>
    </p>
   </div>
   <div class='ocr_carea' id='block_1_80' title="bbox 1897 3817 3471 3889">
    <p class='ocr_par' dir='ltr' id='par_1_80' title="bbox 1897 3817 3471 3889">
     <span class='ocr_line' id='line_1_80' title="bbox 1897 3817 3471 3889; baseline -0.004 -15"><span class='ocrx_word' id='word_1_537' title='bbox 1897 3821 2040 3882; x_wconf 75' lang='lat' dir='ltr'><strong>FiUi,</strong></span> <span class='ocrx_word' id='word_1_538' title='bbox 2091 3830 2146 3875; x_wconf 91' lang='lat' dir='ltr'><strong>et</strong></span> <span class='ocrx_word' id='word_1_539' title='bbox 2196 3818 2434 3889; x_wconf 89' lang='lat' dir='ltr'><strong>Spiritus</strong></span> <span class='ocrx_word' id='word_1_540' title='bbox 2481 3818 2678 3883; x_wconf 87' lang='lat' dir='ltr'><strong>sancti,</strong></span> <span class='ocrx_word' id='word_1_541' title='bbox 2728 3819 2890 3872; x_wconf 89' lang='lat' dir='ltr'><strong>uuius</strong></span> <span class='ocrx_word' id='word_1_542' title='bbox 2931 3817 3254 3876; x_wconf 84' lang='lat' dir='ltr'><strong>divinitatis.</strong></span> <span class='ocrx_word' id='word_1_543' title='bbox 3311 3835 3471 3885; x_wconf 75' lang='lat' dir='ltr'><strong>qtlnm</strong></span> 
     </span>
    </p>
   </div>
   <div class='ocr_carea' id='block_1_81' title="bbox 1896 3897 3480 3978">
    <p class='ocr_par' dir='ltr' id='par_1_81' title="bbox 1896 3897 3480 3978">
     <span class='ocr_line' id='line_1_81' title="bbox 1896 3897 3480 3978; baseline 0 -16"><span class='ocrx_word' id='word_1_544' title='bbox 1896 3908 2052 3963; x_wconf 88' lang='lat' dir='ltr'><strong>decet</strong></span> <span class='ocrx_word' id='word_1_545' title='bbox 2091 3897 2494 3978; x_wconf 80' lang='lat' dir='ltr'><strong>omnis/gloria,</strong></span> <span class='ocrx_word' id='word_1_546' title='bbox 2551 3907 2725 3962; x_wconf 90' lang='lat' dir='ltr'><strong>honor</strong></span> <span class='ocrx_word' id='word_1_547' title='bbox 2770 3916 2823 3960; x_wconf 90' lang='lat' dir='ltr'><strong>et</strong></span> <span class='ocrx_word' id='word_1_548' title='bbox 2881 3907 3147 3972; x_wconf 78' lang='lat' dir='ltr'><strong>adoratio,</strong></span> <span class='ocrx_word' id='word_1_549' title='bbox 3221 3923 3362 3961; x_wconf 89' lang='lat' dir='ltr'><strong>nunc</strong></span> <span class='ocrx_word' id='word_1_550' title='bbox 3425 3917 3480 3962; x_wconf 86' lang='lat' dir='ltr'><strong>et</strong></span> 
     </span>
    </p>
   </div>
   <div class='ocr_carea' id='block_1_82' title="bbox 1899 3997 2824 4052">
    <p class='ocr_par' dir='ltr' id='par_1_82' title="bbox 1899 3997 2824 4052">
     <span class='ocr_line' id='line_1_82' title="bbox 1899 3997 2824 4052; baseline -0.004 0"><span class='ocrx_word' id='word_1_551' title='bbox 1899 4000 1953 4052; x_wconf 92' lang='lat' dir='ltr'><strong>in</strong></span> <span class='ocrx_word' id='word_1_552' title='bbox 1992 3998 2185 4052; x_wconf 56' lang='lat' dir='ltr'><strong>saicula</strong></span> <span class='ocrx_word' id='word_1_553' title='bbox 2227 3998 2574 4051; x_wconf 65' lang='lat' dir='ltr'><strong>surculorum.</strong></span> <span class='ocrx_word' id='word_1_554' title='bbox 2629 3997 2824 4049; x_wconf 83' lang='lat' dir='ltr'><strong>Amen.</strong></span> 
     </span>
    </p>
   </div>
   <div class='ocr_carea' id='block_1_83' title="bbox 1673 4363 2018 4483">
    <p class='ocr_par' dir='ltr' id='par_1_83' title="bbox 1673 4363 2018 4483">
     <span class='ocr_line' id='line_1_83' title="bbox 1673 4363 2018 4483; baseline -0.02 0"><span class='ocrx_word' id='word_1_555' title='bbox 1673 4363 2018 4483; x_wconf 83' lang='lat' dir='ltr'><strong>VlTA</strong></span> 
     </span>
    </p>
   </div>
   <div class='ocr_carea' id='block_1_84' title="bbox 927 4611 2770 4775">
    <p class='ocr_par' dir='ltr' id='par_1_84' title="bbox 927 4611 2770 4775">
     <span class='ocr_line' id='line_1_84' title="bbox 927 4611 2770 4775; baseline -0.007 0"><span class='ocrx_word' id='word_1_556' title='bbox 927 4619 1280 4775; x_wconf 84' lang='lat' dir='ltr'><strong>SAN</strong></span> <span class='ocrx_word' id='word_1_557' title='bbox 1307 4617 1615 4771; x_wconf 84' lang='lat' dir='ltr'><strong>CTI</strong></span> <span class='ocrx_word' id='word_1_558' title='bbox 1805 4611 2770 4767; x_wconf 83' lang='lat' dir='ltr'><strong>STEPHANI</strong></span> 
     </span>
    </p>
   </div>
   <div class='ocr_carea' id='block_1_85' title="bbox 1434 4880 2281 4943">
    <p class='ocr_par' dir='ltr' id='par_1_85' title="bbox 1434 4880 2281 4943">
     <span class='ocr_line' id='line_1_85' title="bbox 1434 4880 2281 4943; baseline -0.002 -1"><span class='ocrx_word' id='word_1_559' title='bbox 1434 4885 1528 4943; x_wconf 82' lang='grc' dir='ltr'><strong>ΡΑ</strong></span> <span class='ocrx_word' id='word_1_560' title='bbox 1544 4881 1662 4942; x_wconf 73' lang='lat' dir='ltr'><strong>WE</strong></span> <span class='ocrx_word' id='word_1_561' title='bbox 1711 4881 1810 4942; x_wconf 86' lang='lat' dir='ltr'><strong>ET</strong></span> <span class='ocrx_word' id='word_1_562' title='bbox 1860 4883 1915 4941; x_wconf 88' lang='lat' dir='ltr'><strong>M</strong></span> <span class='ocrx_word' id='word_1_563' title='bbox 1929 4880 2281 4940; x_wconf 69' lang='lat' dir='ltr'><strong>AllTYRlS.</strong></span> 
     </span>
    </p>
   </div>
   <div class='ocr_carea' id='block_1_86' title="bbox 1017 5041 2671 5112">
    <p class='ocr_par' dir='ltr' id='par_1_86' title="bbox 1017 5041 2671 5112">
     <span class='ocr_line' id='line_1_86' title="bbox 1017 5041 2671 5112; baseline -0.007 -14"><span class='ocrx_word' id='word_1_564' title='bbox 1017 5048 1218 5112; x_wconf 82' lang='lat' dir='ltr'><strong>(Latine</strong></span> <span class='ocrx_word' id='word_1_565' title='bbox 1239 5047 1367 5109; x_wconf 84' lang='lat' dir='ltr'><strong>apud</strong></span> <span class='ocrx_word' id='word_1_566' title='bbox 1399 5045 1595 5096; x_wconf 91' lang='lat' dir='ltr'><strong>Surium</strong></span> <span class='ocrx_word' id='word_1_567' title='bbox 1618 5043 1676 5091; x_wconf 90' lang='lat' dir='ltr'><strong>ad</strong></span> <span class='ocrx_word' id='word_1_568' title='bbox 1701 5043 1831 5090; x_wconf 87' lang='lat' dir='ltr'><strong>diem</strong></span> <span class='ocrx_word' id='word_1_569' title='bbox 1858 5042 1888 5088; x_wconf 72' lang='lat'><strong>2</strong></span> <span class='ocrx_word' id='word_1_570' title='bbox 1908 5041 2138 5104; x_wconf 80' lang='lat' dir='ltr'><strong>Augusti.</strong></span> <span class='ocrx_word' id='word_1_571' title='bbox 2155 5042 2323 5095; x_wconf 77' lang='lat' dir='ltr'><strong>Graece</strong></span> <span class='ocrx_word' id='word_1_572' title='bbox 2345 5055 2443 5090; x_wconf 89' lang='lat' dir='ltr'><strong>non</strong></span> <span class='ocrx_word' id='word_1_573' title='bbox 2469 5041 2671 5099; x_wconf 78' lang='lat' dir='ltr'><strong>exstat.)</strong></span> 
     </span>
    </p>
   </div>
   <div class='ocr_carea' id='block_1_87' title="bbox 278 5366 3470 5449">
    <p class='ocr_par' dir='ltr' id='par_1_87' title="bbox 278 5366 3470 5449">
     <span class='ocr_line' id='line_1_87' title="bbox 278 5366 3470 5449; baseline -0.006 -12"><span class='ocrx_word' id='word_1_574' title='bbox 278 5382 397 5448; x_wconf 85' lang='lat' dir='ltr'><strong>Quo</strong></span> <span class='ocrx_word' id='word_1_575' title='bbox 429 5387 680 5449; x_wconf 84' lang='lat' dir='ltr'><strong>tempore</strong></span> <span class='ocrx_word' id='word_1_576' title='bbox 732 5379 1049 5436; x_wconf 81' lang='lat' dir='ltr'><strong>Valerianus</strong></span> <span class='ocrx_word' id='word_1_577' title='bbox 1108 5386 1160 5432; x_wconf 82' lang='lat' dir='ltr'><strong>et</strong></span> <span class='ocrx_word' id='word_1_578' title='bbox 1198 5372 1788 5444; x_wconf 86' lang='lat' dir='ltr'><strong>Gallienusimpietatis</strong></span> <span class='ocrx_word' id='word_1_579' title='bbox 1819 5378 1865 5438; x_wconf 85' lang='grc' dir='ltr'>ι)</span> <span class='ocrx_word' id='word_1_580' title='bbox 1896 5371 2198 5436; x_wconf 88' lang='lat' dir='ltr'><strong>detulisset,</strong></span> <span class='ocrx_word' id='word_1_581' title='bbox 2218 5376 2408 5426; x_wconf 86' lang='lat' dir='ltr'><strong>omnes</strong></span> <span class='ocrx_word' id='word_1_582' title='bbox 2426 5370 2545 5438; x_wconf 84' lang='lat' dir='ltr'><strong>ejus</strong></span> <span class='ocrx_word' id='word_1_583' title='bbox 2560 5366 3470 5435; x_wconf 84' lang='lat' dir='ltr'><strong>facultatesipsehaberetetquos-</strong></span> 
     </span>
    </p>
   </div>
   <div class='ocr_carea' id='block_1_88' title="bbox 209 5460 1789 5537">
    <p class='ocr_par' dir='ltr' id='par_1_88' title="bbox 209 5460 1789 5537">
     <span class='ocr_line' id='line_1_88' title="bbox 209 5460 1789 5537; baseline -0.004 -14"><span class='ocrx_word' id='word_1_584' title='bbox 209 5482 508 5526; x_wconf 85' lang='lat' dir='ltr'><strong>sectatores</strong></span> <span class='ocrx_word' id='word_1_585' title='bbox 524 5460 901 5537; x_wconf 72' lang='lat' dir='ltr'><strong>imperabant,</strong></span> <span class='ocrx_word' id='word_1_586' title='bbox 922 5470 1352 5526; x_wconf 82' lang='lat' dir='ltr'><strong>Christianorum</strong></span> <span class='ocrx_word' id='word_1_587' title='bbox 1385 5465 1789 5534; x_wconf 88' lang='lat' dir='ltr'><strong>quamplurimi,</strong></span> 
     </span>
    </p>
   </div>
   <div class='ocr_carea' id='block_1_89' title="bbox 211 5556 1794 5636">
    <p class='ocr_par' dir='ltr' id='par_1_89' title="bbox 211 5556 1794 5636">
     <span class='ocr_line' id='line_1_89' title="bbox 211 5556 1794 5636; baseline -0.006 -16"><span class='ocrx_word' id='word_1_588' title='bbox 211 5568 598 5622; x_wconf 79' lang='lat' dir='ltr'><strong>acerbissimos</strong></span> <span class='ocrx_word' id='word_1_589' title='bbox 653 5572 914 5636; x_wconf 84' lang='lat' dir='ltr'><strong>tyrannos</strong></span> <span class='ocrx_word' id='word_1_590' title='bbox 956 5565 1311 5626; x_wconf 78' lang='lat' dir='ltr'><strong>declinantes,</strong></span> <span class='ocrx_word' id='word_1_591' title='bbox 1336 5561 1640 5614; x_wconf 78' lang='lat' dir='ltr'><strong>latitabant.</strong></span> <span class='ocrx_word' id='word_1_592' title='bbox 1676 5556 1794 5611; x_wconf 84' lang='lat' dir='ltr'><strong>Non</strong></span> 
     </span>
    </p>
   </div>
   <div class='ocr_carea' id='block_1_90' title="bbox 209 5656 1796 5729">
    <p class='ocr_par' dir='ltr' id='par_1_90' title="bbox 209 5656 1796 5729">
     <span class='ocr_line' id='line_1_90' title="bbox 209 5656 1796 5729; baseline -0.008 -15"><span class='ocrx_word' id='word_1_593' title='bbox 209 5662 636 5715; x_wconf 79' lang='lat' dir='ltr'><strong>deeranttamen</strong></span> <span class='ocrx_word' id='word_1_594' title='bbox 666 5657 760 5729; x_wconf 92' lang='lat' dir='ltr'><strong>qui</strong></span> <span class='ocrx_word' id='word_1_595' title='bbox 799 5656 917 5712; x_wconf 83' lang='lat' dir='ltr'><strong>fidei</strong></span> <span class='ocrx_word' id='word_1_596' title='bbox 949 5667 1225 5712; x_wconf 88' lang='lat' dir='ltr'><strong>certamen</strong></span> <span class='ocrx_word' id='word_1_597' title='bbox 1255 5656 1572 5717; x_wconf 82' lang='lat' dir='ltr'><strong>subeuntes,</strong></span> <span class='ocrx_word' id='word_1_598' title='bbox 1597 5661 1796 5722; x_wconf 87' lang='lat' dir='ltr'><strong>marty-</strong></span> 
     </span>
    </p>
   </div>
   <div class='ocr_carea' id='block_1_91' title="bbox 213 5742 1796 5821">
    <p class='ocr_par' dir='ltr' id='par_1_91' title="bbox 213 5742 1796 5821">
     <span class='ocr_line' id='line_1_91' title="bbox 213 5742 1796 5821; baseline -0.005 -21"><span class='ocrx_word' id='word_1_599' title='bbox 213 5751 275 5802; x_wconf 87' lang='lat' dir='ltr'><strong>rii</strong></span> <span class='ocrx_word' id='word_1_600' title='bbox 309 5750 549 5821; x_wconf 89' lang='lat' dir='ltr'><strong>palmam</strong></span> <span class='ocrx_word' id='word_1_601' title='bbox 592 5757 1040 5818; x_wconf 87' lang='lat' dir='ltr'><strong>assequerentur.</strong></span> <span class='ocrx_word' id='word_1_602' title='bbox 1079 5747 1207 5801; x_wconf 83' lang='lat' dir='ltr'><strong>Erat</strong></span> <span class='ocrx_word' id='word_1_603' title='bbox 1279 5746 1422 5799; x_wconf 88' lang='lat' dir='ltr'><strong>enim</strong></span> <span class='ocrx_word' id='word_1_604' title='bbox 1449 5743 1529 5794; x_wconf 82' lang='lat' dir='ltr'><strong>lex</strong></span> <span class='ocrx_word' id='word_1_605' title='bbox 1550 5742 1796 5811; x_wconf 83' lang='lat' dir='ltr'><strong>proposi-</strong></span> 
     </span>
    </p>
   </div>
   <div class='ocr_carea' id='block_1_92' title="bbox 215 5834 1792 5914">
    <p class='ocr_par' dir='ltr' id='par_1_92' title="bbox 215 5834 1792 5914">
     <span class='ocr_line' id='line_1_92' title="bbox 215 5834 1792 5914; baseline -0.008 -16"><span class='ocrx_word' id='word_1_606' title='bbox 215 5847 265 5892; x_wconf 75' lang='lat' dir='ltr'><strong>ta</strong></span> <span class='ocrx_word' id='word_1_607' title='bbox 313 5852 371 5897; x_wconf 91' lang='lat' dir='ltr'><strong>ut</strong></span> <span class='ocrx_word' id='word_1_608' title='bbox 409 5839 728 5914; x_wconf 88' lang='lat' dir='ltr'><strong>quicunque</strong></span> <span class='ocrx_word' id='word_1_609' title='bbox 755 5837 1123 5895; x_wconf 82' lang='lat' dir='ltr'><strong>Christianum</strong></span> <span class='ocrx_word' id='word_1_610' title='bbox 1177 5837 1454 5892; x_wconf 84' lang='lat' dir='ltr'><strong>hominem</strong></span> <span class='ocrx_word' id='word_1_611' title='bbox 1492 5834 1792 5888; x_wconf 84' lang='lat' dir='ltr'><strong>latitantem</strong></span> 
     </span>
    </p>
   </div>
   <div class='ocr_carea' id='block_1_93' title="bbox 1898 5458 3472 5532">
    <p class='ocr_par' dir='ltr' id='par_1_93' title="bbox 1898 5458 3472 5532">
     <span class='ocr_line' id='line_1_93' title="bbox 1898 5458 3472 5532; baseline -0.004 -16"><span class='ocrx_word' id='word_1_612' title='bbox 1898 5479 2116 5532; x_wconf 89' lang='lat' dir='ltr'><strong>cunque</strong></span> <span class='ocrx_word' id='word_1_613' title='bbox 2141 5463 2376 5516; x_wconf 88' lang='lat' dir='ltr'><strong>honores</strong></span> <span class='ocrx_word' id='word_1_614' title='bbox 2397 5461 2451 5514; x_wconf 91' lang='lat' dir='ltr'><strong>in</strong></span> <span class='ocrx_word' id='word_1_615' title='bbox 2468 5461 2709 5514; x_wconf 87' lang='lat' dir='ltr'><strong>exercitu</strong></span> <span class='ocrx_word' id='word_1_616' title='bbox 2727 5459 2987 5528; x_wconf 88' lang='lat' dir='ltr'><strong>petiisset,</strong></span> <span class='ocrx_word' id='word_1_617' title='bbox 3008 5458 3252 5511; x_wconf 90' lang='lat' dir='ltr'><strong>obtinere</strong></span> <span class='ocrx_word' id='word_1_618' title='bbox 3266 5465 3472 5525; x_wconf 89' lang='lat' dir='ltr'><strong>posset.</strong></span> 
     </span>
    </p>
   </div>
   <div class='ocr_carea' id='block_1_94' title="bbox 1898 5550 3476 5624">
    <p class='ocr_par' dir='ltr' id='par_1_94' title="bbox 1898 5550 3476 5624">
     <span class='ocr_line' id='line_1_94' title="bbox 1898 5550 3476 5624; baseline -0.002 -18"><span class='ocrx_word' id='word_1_619' title='bbox 1898 5554 1994 5606; x_wconf 88' lang='lat' dir='ltr'><strong>lllo</strong></span> <span class='ocrx_word' id='word_1_620' title='bbox 2038 5555 2198 5624; x_wconf 81' lang='lat' dir='ltr'><strong>igitur</strong></span> <span class='ocrx_word' id='word_1_621' title='bbox 2230 5562 2473 5621; x_wconf 87' lang='lat' dir='ltr'><strong>tempore</strong></span> <span class='ocrx_word' id='word_1_622' title='bbox 2528 5551 2588 5603; x_wconf 87' lang='grc' dir='ltr'><strong>Β.</strong></span> <span class='ocrx_word' id='word_1_623' title='bbox 2655 5551 2912 5604; x_wconf 67' lang='lat' dir='ltr'><strong>Romana:</strong></span> <span class='ocrx_word' id='word_1_624' title='bbox 2977 5552 3124 5604; x_wconf 89' lang='lat' dir='ltr'><strong>urbis</strong></span> <span class='ocrx_word' id='word_1_625' title='bbox 3185 5550 3476 5619; x_wconf 88' lang='lat' dir='ltr'><strong>episcopus</strong></span> 
     </span>
    </p>
   </div>
   <div class='ocr_carea' id='block_1_95' title="bbox 1900 5642 3476 5714">
    <p class='ocr_par' dir='ltr' id='par_1_95' title="bbox 1900 5642 3476 5714">
     <span class='ocr_line' id='line_1_95' title="bbox 1900 5642 3476 5714; baseline -0.003 -15"><span class='ocrx_word' id='word_1_626' title='bbox 1900 5646 2232 5714; x_wconf 88' lang='lat' dir='ltr'><strong>Stephanus,</strong></span> <span class='ocrx_word' id='word_1_627' title='bbox 2267 5659 2391 5697; x_wconf 92' lang='lat' dir='ltr'><strong>cum</strong></span> <span class='ocrx_word' id='word_1_628' title='bbox 2439 5653 2611 5697; x_wconf 92' lang='lat' dir='ltr'><strong>totum</strong></span> <span class='ocrx_word' id='word_1_629' title='bbox 2667 5644 2873 5696; x_wconf 92' lang='lat' dir='ltr'><strong>clerum</strong></span> <span class='ocrx_word' id='word_1_630' title='bbox 2932 5652 3338 5713; x_wconf 76' lang='lat' dir='ltr'><strong>congregasset.</strong></span> <span class='ocrx_word' id='word_1_631' title='bbox 3398 5642 3476 5695; x_wconf 89' lang='lat' dir='ltr'><strong>sic</strong></span> 
     </span>
    </p>
   </div>
   <div class='ocr_carea' id='block_1_96' title="bbox 1899 5735 3475 5802">
    <p class='ocr_par' dir='ltr' id='par_1_96' title="bbox 1899 5735 3475 5802">
     <span class='ocr_line' id='line_1_96' title="bbox 1899 5735 3475 5802; baseline -0.003 -10"><span class='ocrx_word' id='word_1_632' title='bbox 1899 5755 2024 5793; x_wconf 92' lang='lat' dir='ltr'><strong>eum</strong></span> <span class='ocrx_word' id='word_1_633' title='bbox 2045 5737 2250 5793; x_wconf 78' lang='lat' dir='ltr'><strong>affatus</strong></span> <span class='ocrx_word' id='word_1_634' title='bbox 2278 5746 2399 5792; x_wconf 88' lang='lat' dir='ltr'><strong>est:</strong></span> <span class='ocrx_word' id='word_1_635' title='bbox 2436 5737 2704 5802; x_wconf 82' lang='lat' dir='ltr'><strong>Audistis,</strong></span> <span class='ocrx_word' id='word_1_636' title='bbox 2743 5737 2938 5790; x_wconf 83' lang='lat' dir='ltr'><strong>fratres</strong></span> <span class='ocrx_word' id='word_1_637' title='bbox 2973 5748 3027 5789; x_wconf 92' lang='lat' dir='ltr'><strong>et</strong></span> <span class='ocrx_word' id='word_1_638' title='bbox 3072 5735 3475 5795; x_wconf 82' lang='lat' dir='ltr'><strong>commilitones</strong></span> 
     </span>
    </p>
   </div>
   <div class='ocr_carea' id='block_1_97' title="bbox 1902 5829 3474 5898">
    <p class='ocr_par' dir='ltr' id='par_1_97' title="bbox 1902 5829 3474 5898">
     <span class='ocr_line' id='line_1_97' title="bbox 1902 5829 3474 5898; baseline -0.004 -12"><span class='ocrx_word' id='word_1_639' title='bbox 1902 5833 2029 5898; x_wconf 90' lang='lat' dir='ltr'><strong>mei,</strong></span> <span class='ocrx_word' id='word_1_640' title='bbox 2069 5834 2509 5891; x_wconf 79' lang='lat' dir='ltr'><strong>crudelissimum</strong></span> <span class='ocrx_word' id='word_1_641' title='bbox 2571 5834 2808 5887; x_wconf 84' lang='lat' dir='ltr'><strong>edictum</strong></span> <span class='ocrx_word' id='word_1_642' title='bbox 2871 5831 3094 5896; x_wconf 83' lang='lat' dir='ltr'><strong>diaboli,</strong></span> <span class='ocrx_word' id='word_1_643' title='bbox 3141 5842 3194 5885; x_wconf 86' lang='lat' dir='ltr'><strong>ut</strong></span> <span class='ocrx_word' id='word_1_644' title='bbox 3243 5829 3284 5881; x_wconf 77' lang='lat' dir='ltr'><strong>si</strong></span> <span class='ocrx_word' id='word_1_645' title='bbox 3353 5830 3474 5896; x_wconf 73' lang='lat' dir='ltr'><strong>quis</strong></span> 
     </span>
    </p>
   </div>
  </div>
