3972 6446
513 365 620 427 515

1751 371 2038 431 MENSIS
2090 374 2524 434 AUGUSTUS.

3659 375 3762 434 516

501 482 867 538 Christianum
901 483 1321 554 deprehenderit
1347 525 1360 549 ,
1397 501 1587 540 omnes
1639 485 1757 555 ejus
1796 487 2080 544 facultates
2106 496 2156 555 Α
2182 493 2419 548 Tttulum
2443 499 2689 545 vocatum
2722 490 2890 546 fuisse
2914 491 3171 553 diximus,
3207 492 3386 561 itaque
3447 492 3764 547 Nemesim“

503 575 616 643 ipse
638 576 930 645 possideat.
956 576 1146 630 Moneo
1167 577 1328 646 igitur
1357 593 1469 643 vos,
1505 579 1719 639 fratres,
1744 591 1801 632 ut
1832 591 2076 636 terrenas

499 667 715 720 divitias
737 671 1119 730 eontemuatis,
1143 685 1250 735 quo
1279 670 1514 724 eteleslis
1534 674 1681 740 regni
1711 671 2074 727 [nereditatem

500 760 782 828 percipere
833 763 1088 829 possitis:
1149 760 1321 814 Nolite
1380 762 1738 830 hujusmuudi
1807 765 2078 832 principes

497 853 854 917 extimescere
887 867 899 902 :
927 854 1018 906 sed
1055 852 1220 905 Deum
1281 855 1400 907 coeli
1461 866 1515 906 et
1576 864 1732 909 terra:
1766 856 2077 919 Dominum,

497 943 723 1011 ejusque
748 944 1080 1011 unigenitum
1112 944 1302 997 Filium
1323 943 1504 998 Jesnm
1532 945 1802 999 Christum
1834 949 2076 1009 adorare,

501 1036 650 1087 illum
665 1036 844 1095 colite,
863 1038 926 1088 ad
958 1037 1105 1089 illum
1126 1036 1423 1106 confugite.
1443 1039 1532 1106 qui
1557 1050 1732 1106 potest
1761 1054 1860 1092 nos
1890 1053 2079 1092 omnes

504 1127 796 1194 criperede
818 1127 1070 1180 manibus
1135 1128 1474 1183 inimicorum
1531 1133 1848 1183 nostrorum
1912 1143 1967 1185 et
2012 1133 2078 1186 de

501 1220 694 1273 diaboli
733 1220 938 1272 malitia
979 1221 1229 1274 liberatos
1281 1236 1379 1275 sua
1426 1223 1595 1291 gratia
1633 1224 2002 1277 corroborare.

573 1304 636 1356 II.
664 1302 814 1358 Tunc
842 1309 1119 1374 presbyter
1157 1309 1398 1376 quidam,
1453 1310 1670 1363 nemine
1701 1311 1916 1365 Bonus:
1946 1312 2074 1373 Nos,

500 1392 716 1462 inquit,
783 1404 1027 1449 terrenas
1116 1409 1332 1450 nostras
1406 1398 1688 1454 facultates
1772 1402 2080 1470 relinquere

501 1487 554 1537 in
589 1487 772 1539 animo
805 1487 1091 1551 habemus,
1115 1489 1359 1556 quinimo
1397 1494 1713 1560 sanguinem
1739 1492 1914 1560 ipsum
1956 1508 2079 1561 pro-

505 1583 624 1645 pter
661 1579 942 1630 Dominum
1003 1593 1249 1633 nostrum
1303 1579 1486 1634 Jesum
1530 1583 1834 1647 Christum,
1880 1586 2074 1650 ctejus

502 1669 737 1722 nominis
789 1669 1182 1725 confessmuem
1229 1674 1511 1725 effundere
1571 1677 1736 1740 parati
1783 1691 1991 1738 sumus,
2025 1686 2080 1729 ut

500 1761 652 1816 illum
671 1762 883 1828 assequi
913 1762 1054 1831 digni
1077 1762 1392 1816 elficiamur.
1421 1764 1511 1815 His
1531 1765 1709 1825 dictis,
1730 1783 1918 1824 omnes
1967 1769 2080 1823 cle-

2182 585 2234 636 in
2269 600 2460 650 aquam
2491 584 2726 646 demisit,
2761 593 2815 637 et
2845 583 3137 651 baptizavit
3171 587 3224 636 in
3289 586 3507 640 nomine
3565 587 3765 651 Patris,

2183 683 2236 726 et
2265 675 2481 737 l’ilii,et
2511 674 2743 741 Spiritus
2776 675 2970 728 sancti.
3031 676 3168 729 Cum
3247 691 3373 729 vero
3431 693 3495 730 ex
3556 679 3768 745 piscina

2179 767 2418 829 exiisset,
2445 769 2606 832 erepit
2659 765 2826 833 ipsius
2860 767 2964 819 lilia
3006 769 3242 820 clamare
3277 787 3288 820 :
3349 769 3424 824 En
3478 770 3764 824 hominem

2181 859 2358 918 video,
2393 859 2483 925 qui
2517 859 2691 926 tetigit
2750 860 2936 910 oculos
2990 873 3160 919 meos,
3213 860 3264 911 in
3315 859 3473 928 cujus
3525 861 3764 914 circuitu

2181 965 2388 1018 magna:
2425 951 2560 1003 lucis
2592 951 2850 1018 Splendor
2879 961 3121 1018 apparet.
3175 950 3329 1004 Tunc
3362 951 3677 1019 Stephanus
3713 963 3769 1006 et

2180 1035 2351 1105 ipsam
2385 1039 2623 1092 Nemesii
2655 1039 2814 1091 filiam
2852 1039 3164 1107 baptizavit,
3189 1055 3305 1107 qum
3343 1039 3542 1094 Luetlla
3577 1051 3770 1096 vocata

2178 1142 2282 1182 est.
2332 1127 2408 1180 Es
2446 1130 2547 1181 hoc
2611 1139 2855 1196 tempore
2925 1129 3077 1180 multi
3129 1137 3414 1196 emperuut
3475 1128 3540 1180 ad
3597 1130 3771 1197 pedes

2182 1218 2325 1272 beati
2363 1217 2632 1284 pontificis
2686 1217 2949 1286 Stephani
3001 1232 3060 1271 se
3103 1229 3473 1286 prosternere,
3530 1227 3583 1270 et
3639 1234 3770 1271 cum

2182 1305 2433 1373 Iacrymis
2485 1305 2812 1372 baptismum
2848 1306 2914 1358 ab
2941 1320 3006 1359 eo
3034 1318 3240 1374 petere.
3273 1306 3365 1359 Illo
3395 1307 3575 1375 itaque
3653 1308 3771 1367 die.

2179 1411 2286 1463 quo
2319 1396 2520 1450 Lucilla
2544 1397 2816 1465 baptizata
2844 1405 2944 1458 est,
2967 1412 3142 1450 mares
3163 1409 3216 1450 et
3240 1397 3456 1450 femiute
3479 1399 3771 1467 sexaginta

2178 1488 2286 1543 duo
2340 1487 2597 1556 baptizati
2653 1499 2802 1542 sunt.
2857 1487 2948 1542 Sic
3008 1489 3190 1555 igitur,
3238 1489 3423 1542 divina
3457 1490 3632 1558 gratia
3707 1500 3772 1542 et

2183 1594 2290 1648 Ope
2321 1579 2632 1648 adjuvante,
2671 1579 2824 1632 multi
2863 1579 2962 1631 viri
2995 1577 3161 1632 Deum
3203 1590 3511 1634 metuentes
3543 1597 3608 1634 ex
3634 1595 3776 1649 gen-

2191 1673 2352 1736 tibus,
2383 1672 2598 1725 beatum
2636 1674 2942 1740 pontificem
2985 1673 3324 1740 Stephanum
3381 1674 3660 1738 adierunt,
3714 1683 3775 1725 ut

2182 1767 2248 1820 ab
2279 1766 2372 1819 illo
2394 1765 2600 1819 Christi
2641 1767 2969 1834 baptismum
2997 1767 3330 1834 acciperent.
3373 1763 3491 1818 Mox
3524 1765 3608 1817 ille
3641 1781 3777 1818 san-

503 1853 600 1904 riei
641 1852 706 1904 ad
750 1853 1043 1905 beatissimi
1076 1854 1348 1919 pontificis
1392 1856 1558 1923 pedes
1589 1860 1865 1924 prostrati,
1917 1861 2080 1930 signi-
2115 1841 2154 1894 Β
2185 1856 2461 1910 ctissimus
2515 1855 2781 1924 pontifex,
2821 1853 3062 1924 Spiritus
3097 1855 3268 1908 sancti
3301 1855 3472 1924 gratia
3507 1855 3776 1916 refertus,

502 1943 752 2008 ficarunt,
800 1945 941 2012 quod
973 1947 1201 2014 quisque
1238 1950 1467 2014 gentiles
1528 1949 1672 2002 domi
1741 1965 1850 2004 sum
1912 1951 2082 2005 habe~

503 2048 605 2099 ret,
629 2037 717 2104 qui
745 2037 1006 2104 baptizari
1041 2047 1310 2103 Optarent.
1343 2039 1524 2107 Itaque
1544 2055 1571 2093 a
1594 2042 1846 2108 pontifice
1873 2058 2083 2109 quaere-

503 2127 634 2180 bant
668 2143 792 2180 num
835 2128 976 2201 alio,
1030 2145 1096 2180 au
1150 2129 1214 2183 ad
1271 2145 1393 2183 eum
1457 2132 1576 2184 illos
1626 2133 1839 2187 ducturi
1879 2144 2080 2196 essent.

501 2235 609 2289 quo
670 2219 929 2286 baptizari
998 2231 1237 2284 possent.
1291 2220 1462 2276 Jussit
1525 2224 1684 2292 igitur
1730 2227 2080 2282 beatissimus

503 2313 813 2381 episcOpus,
842 2322 898 2365 ut
926 2323 1146 2380 postero
1175 2313 1261 2366 die
1289 2314 1356 2366 ad
1391 2322 1656 2383 cryptam,
1707 2319 2078 2386 quit-appella-

502 2415 588 2458 tur
619 2402 940 2472 Nepotiaua,
969 2419 1159 2458 omnes
1189 2405 1568 2459 convenirent.
1636 2406 1772 2460 Cum
1821 2408 1984 2477 igitur
2015 2407 2082 2462 ad

502 2512 620 2551 eam
677 2506 916 2565 cryptam
965 2499 1370 2560 convenissent,
1426 2498 1632 2552 inventi
1674 2507 1802 2551 sunt
1832 2497 1942 2553 illic
1971 2508 2078 2554 tam

503 2605 704 2649 mares.
764 2606 925 2658 quam
970 2589 1205 2653 femiuaz,
1228 2599 1450 2644 centum
1493 2600 1547 2644 et
1575 2600 1730 2654 octo;
1789 2607 1927 2659 quos
1983 2592 2073 2647 illo

505 2682 623 2749 ipso
654 2681 743 2736 die
769 2681 1017 2735 Pontifex
1073 2681 1126 2733 in
1176 2683 1396 2735 nomine
1455 2683 1662 2736 Domini
1709 2685 1882 2736 nostri
1940 2683 2070 2736 .Iesu

501 2771 704 2824 Christi
738 2771 1080 2825 sanctissimo
1100 2771 1426 2839 baptismate
1455 2782 1507 2825 et
1525 2773 1643 2826 aliis
1658 2773 1859 2826 divinis
1880 2784 2079 2842 myste-

507 2863 605 2916 riis
634 2863 996 2927 consecravit,
1041 2871 1096 2917 et
1135 2873 1192 2916 ut
1250 2862 1353 2916 illis
1386 2862 1653 2930 placatum
1693 2879 1754 2916 ac
1789 2864 2079 2932 propitium

504 2953 670 3006 Deum
706 2954 972 3014 redderet,
1017 2954 1340 3008 sacriticium
1393 2954 1607 3020 obtulit,
1645 2957 1830 3024 sicque
1886 2973 2078 3010 omnes

504 3055 970 3099 sacramentorum
1002 3047 1290 3114 participes
1318 3047 1444 3099 facti
1472 3057 1622 3100 sunt.

583 3137 668 3189 Ill.
703 3138 778 3191 Eo
798 3147 976 3190 autem
1001 3140 1108 3202 die,
1133 3138 1222 3207 qui
1244 3139 1502 3207 deinceps
1522 3148 1742 3192 secutus
1759 3149 1863 3203 est,
1889 3143 2076 3195 beatus

505 3231 825 3298 Stephanus
859 3229 1133 3282 ordinavit
1200 3239 1309 3283 tres
1364 3230 1734 3299 presbyteros,
1790 3241 1844 3285 et
1873 3242 2077 3301 septem

501 3323 781 3384 diaconos,
819 3336 881 3374 ac
912 3321 1182 3374 sexdecim
1205 3320 1433 3375 clericos
1479 3331 1532 3376 et
1565 3323 1758 3377 sedens
1799 3340 1987 3378 omnes
2021 3325 2085 3377 il-

502 3416 581 3469 los
627 3414 858 3467 docebat
909 3413 974 3465 de
1019 3428 1181 3482 regno
1217 3412 1344 3471 Dei.
1377 3429 1441 3468 ac
1467 3415 1535 3468 de
1609 3415 1942 3482 sempiterna
1991 3417 2081 3470 illa

504 3510 632 3568 vita,
667 3523 785 3575 qua:
803 3507 978 3558 futura
998 3515 1099 3558 est.
1131 3505 1250 3558 Mox
1283 3506 1782 3575 coeperunt-populi
1833 3522 1896 3559 ex
1929 3507 2081 3564 Cive-

501 3602 583 3655 cis
631 3609 685 3652 et
713 3597 933 3666 reliquis
953 3598 1201 3667 gentibus
1231 3599 1293 3649 ad
1333 3612 1455 3651 eum
1479 3597 1686 3659 venire,
1737 3601 1827 3666 qui
1871 3599 2080 3655 divinos

502 3706 782 3746 sermones
843 3691 1146 3764 audientes,
1173 3707 1201 3744 a
1235 3688 1518 3764 Stephano
1545 3691 1796 3759 pontifice
1827 3691 2071 3760 baptizao

503 3785 720 3836 bantur.
759 3784 969 3834 Interea
995 3783 1369 3848 venitquidam
1408 3783 1659 3834 tribunus
1693 3782 1946 3845 militum,
1975 3782 2082 3847 Ue—

511 3875 972 3936 mesiusnomine,
1016 3873 1098 3928 cui
1138 3884 1254 3928 erat
1286 3873 1387 3926 ﬁlia
1430 3874 1586 3927 unica
1643 3888 1764 3942 qua:
1821 3876 1888 3927 ab
1929 3875 2083 3928 iucu-

506 3969 719 4022 nabulis
783 3975 1001 4034 apertos
1035 3965 1252 4034 quidem
1287 3965 1476 4018 oculos
1501 3965 1786 4026 habuerat.
1822 3967 1914 4019 sed
1943 3965 2077 4018 nihil

504 4063 724 4116 mnnino
755 4059 1070 4128 aspiciebat.
1104 4057 1196 4109 Ille
1226 4071 1284 4109 se
1315 4057 1380 4110 ad
1415 4057 1553 4110 beati
1583 4057 1854 4124 pontificis
1911 4057 2079 4127 pedes

503 4153 814 4222 prostravit,
872 4164 934 4202 ac
993 4148 1162 4201 dixit:
1217 4147 1324 4202 Oro
1362 4157 1433 4209 te,
1475 4146 1741 4216 pontifex.
1783 4157 1840 4200 ut
1898 4163 1982 4199 me
2028 4155 2080 4199 et

505 4243 664 4299 filiam
691 4255 864 4294 meam
922 4239 1187 4306 baptizes,
1255 4253 1360 4306 quo
1421 4247 1472 4292 et
1547 4239 1663 4306 ipsa
1717 4238 2076 4302 illuminetur,

505 4346 558 4392 et
583 4337 792 4388 animas
857 4342 1072 4386 nostras
1148 4330 1215 4384 ab
1273 4331 1493 4384 aeternis
1550 4331 1792 4384 tenebris
1859 4332 2078 4398 eripias,

502 4426 752 4496 quoniam
793 4424 859 4477 ad
917 4424 1056 4479 hanc
1094 4437 1264 4490 usque
1299 4421 1438 4474 diem
1469 4434 1688 4488 semper
1751 4421 1803 4471 in
1828 4421 2080 4473 aerumnis

501 4529 556 4573 et
587 4517 864 4573 doloribus
899 4523 1118 4583 propter
1137 4513 1298 4581 hujus
1327 4510 1448 4565 filiae
1480 4525 1611 4565 mete
1634 4509 1930 4563 carcitatem
1963 4526 2080 4563 ver-

500 4616 650 4662 satus
681 4603 778 4658 fui.
803 4602 958 4656 Tune
984 4601 1175 4654 beatus
1206 4601 1495 4670 episcopus
1526 4618 1537 4652 :
1573 4599 1626 4653 Si
1656 4599 1852 4667 credis,
1877 4600 2076 4669 inquit,

499 4713 564 4753 ex
605 4705 716 4750 toto
751 4695 937 4755 corde,
973 4694 1154 4746 omnia
1205 4693 1301 4746 tibi
1353 4693 1599 4747 credenti
1648 4708 1906 4748 concessa
1957 4692 2078 4747 fuc-

498 4790 628 4843 rint.
648 4787 725 4840 Ad
756 4786 868 4839 hate
894 4783 1176 4836 Nemesius
1198 4783 1481 4836 tribunus:
1512 4785 1623 4853 Ego
1653 4784 1717 4836 ad
1743 4785 1881 4836 hanc
1908 4799 2078 4853 usque

497 4880 641 4934 diem
669 4886 780 4932 toto
808 4875 989 4928 animo
1015 4873 1241 4936 credidi,
1298 4882 1354 4926 et
1378 4889 1521 4928 nunc
1586 4874 1751 4928 credo
1785 4875 2072 4928 Dominum

497 4971 681 5026 Jesum
715 4969 992 5024 Christum
1024 4966 1192 5019 Deum
1215 4982 1335 5020 esse
1368 4967 1459 5036 qui
1497 4968 1714 5036 aperuit
1736 4967 1924 5022 oculos
1953 4970 2077 5020 caeci

501 5065 608 5118 nati
641 5081 653 5117 :
690 5076 868 5131 neque
901 5059 1045 5114 enim
1069 5059 1319 5111 humanis
1345 5059 1589 5111 consiliis
1651 5059 1940 5126 impulsus,
1986 5057 2080 5112 sed

499 5157 620 5224 ejus
655 5156 828 5223 ipsius
859 5153 1160 5215 vocatione,
1197 5151 1262 5205 ad
1296 5150 1640 5204 sanctitatem
1681 5159 1824 5204 tuam
1858 5152 2005 5205 veni.

571 5243 662 5298 IV.
698 5243 790 5296 llis
822 5243 1044 5304 auditis,
1069 5241 1250 5294 statim
1283 5240 1475 5296 beatus
1517 5240 1765 5310 pontifex
1807 5241 2080 5295 hominem

500 5339 656 5394 illum
700 5331 924 5389 adduxit
1001 5333 1067 5387 ad
1112 5332 1289 5386 locum
1363 5334 1676 5402 quemdam,
1731 5335 1822 5400 qui
1858 5341 2078 5386 voratur

501 5429 717 5484 Titulus
743 5424 976 5496 pastoris
1009 5439 1283 5494 ;cumque
1313 5434 1368 5477 et
1400 5425 1600 5493 ipsum,
1657 5434 1711 5478 et
1742 5424 1860 5491 ejus
1915 5423 2080 5477 tiliam

500 5520 834 5577 catechismo
861 5515 1228 5583 instruxisset,
1261 5517 1715 5585 quemadmodum
1755 5514 2080 5570 Christiana:

503 5613 626 5668 fidei
655 5622 894 5664 canones
918 5615 972 5661 et
996 5608 1130 5660 ordo
1148 5608 1404 5674 postulat,
1427 5608 1587 5675 jussit
1606 5622 1700 5661 eos
1716 5609 1966 5676 jejunare
1987 5623 2081 5665 us-

503 5720 604 5772 que
623 5703 688 5758 ad
709 5715 1008 5769 vesperam.
1035 5699 1167 5752 Cum
1205 5705 1387 5752 autem
1429 5701 1669 5754 venisset
1697 5700 1826 5753 hora
1861 5714 2081 5767 vesper-

503 5800 636 5868 tina,
668 5796 945 5855 benedixit
1007 5811 1157 5863 aqua:
1228 5795 1279 5848 iu
1345 5810 1408 5850 eo
1445 5794 1583 5854 loco,
1608 5812 1767 5864 quem
1841 5795 2080 5863 pastoris

2183 1947 2346 2014 cmpit
2369 1947 2802 2001 Christianorum
2839 1947 3241 2000 multitudinem
3273 1948 3324 2000 in
3363 1964 3529 2001 unum
3586 1947 3774 2000 locum

2183 2053 2512 2103 convocare,
2539 2039 2837 2106 divinaque
2873 2037 3043 2092 olIicia
3073 2037 3376 2092 celebrabat
3399 2041 3450 2090 in
3467 2047 3776 2106 martyrum

2181 2131 2444 2195 latibulis,
2472 2148 2592 2200 qua:
2634 2142 2833 2201 cryptae
2879 2131 3226 2200 appellantur
3280 2148 3293 2184 :
3355 2146 3462 2197 quo
3519 2140 3777 2200 tempore

2180 2221 2496 2276 Nemesium
2533 2234 2740 2291 patrem
2774 2221 2995 2276 Lucillte
3023 2222 3299 2276 ordinavit
3328 2222 3645 2276 diaconum.

2255 2310 2320 2364 V.
2356 2311 2652 2379 Impietatis
2684 2327 2810 2365 vero
2849 2323 3149 2365 sectatores
3206 2314 3425 2381 quidam
3471 2328 3595 2367 cum
3654 2315 3779 2370 haec

2184 2404 2538 2464 audivissent,
2601 2403 2824 2472 insuper
2850 2412 2906 2457 et
2954 2403 3271 2457 Nemesium
3307 2404 3590 2457 tribunum
3641 2422 3773 2460 cum

2184 2505 2294 2550 tota
2322 2495 2522 2549 familia
2557 2494 2759 2550 Christi
2793 2495 2955 2550 fidem
3020 2497 3239 2561 sectari,
3290 2497 3676 2566 baptismoque
3720 2509 3779 2554 et

2186 2583 2310 2637 fidei
2342 2585 2546 2638 lumine
2564 2585 2834 2652 adjurum,
2859 2586 3156 2638 cmcilatetn
3182 2585 3462 2654 pristinam
3476 2587 3776 2656 abjecisse,

2187 2693 2300 2730 rem
2331 2677 2645 2731 detulerunt
2675 2679 2740 2732 ad
2764 2679 3109 2733 Glabrionem
3146 2689 3199 2732 et
3233 2680 3523 2733 Maximum
3558 2697 3771 2735 consu-

2180 2770 2280 2832 ies,
2309 2769 2554 2822 homines
2569 2771 2772 2843 scilicet
2806 2771 3104 2840 impietatis
3119 2771 3271 2824 valde
3303 2772 3778 2830 studiosos.'l'unc

2183 2863 2260 2916 illi
2294 2863 2360 2916 de
2395 2877 2456 2916 ea
2493 2877 2550 2916 re
2569 2864 2958 2929 consultantes,
2981 2874 3377 2932 praeceperunt,
3415 2876 3474 2920 ut
3512 2882 3773 2936 quocun-

2187 2971 2293 3024 que
2330 2956 2382 3008 in
2445 2957 2562 3008 loco
2618 2955 2902 3009 Nemcsins
2953 2956 3216 3010 diaconus
3274 2957 3506 3012 inveniri
3559 2971 3776 3026 posset,

2184 3048 2412 3100 omnino
2446 3047 2780 3114 gravissimis
2805 3047 3084 3114 suppliciis
3119 3047 3472 3116 allligeretur.
3503 3049 3639 3110 Cum
3670 3067 3744 3106 au
3766 3088 3778 3095 -

2183 3146 2288 3191 tem
2318 3136 2602 3191 Nemesius
2639 3138 2752 3206 ipse
2787 3138 3017 3208 quodam
3064 3138 3152 3193 die
3205 3155 3304 3209 per
3347 3142 3488 3194 viam
3533 3143 3775 3211 Appiam

2187 3230 2290 3283 iter
2316 3229 2959 3299 faceret,etessetprope
2989 3230 3171 3286 Martis
3207 3233 3490 3302 templum,
3527 3243 3580 3288 et
3607 3234 3774 3291 Vale-

2185 3322 2404 3374 rianum
2447 3337 2509 3376 ac
2543 3321 2828 3374 Maximum
2858 3323 3054 3390 impios
3090 3323 3338 3377 homines
3375 3325 3606 3391 videret,
3677 3329 3779 3396 qui

2185 3422 2244 3466 ut
2269 3421 2428 3466 antea
2459 3423 2852 3467 consueverant
2881 3411 3175 3467 foedissima
3202 3415 3545 3472 daemonibus
3601 3422 3780 3473 sacri-

2184 3505 2301 3560 ficia
2344 3505 2665 3567 offerebant,
2701 3507 2771 3559 ita
2806 3505 2972 3560 Deum
3067 3509 3246 3578 ipsum
3297 3508 3447 3562 flexis
3535 3512 3776 3579 genibus

2183 3597 2358 3649 oravit
2393 3616 2404 3648 :
2440 3597 2669 3649 Domine
2710 3598 2848 3651 Deus
2871 3608 3083 3652 creator
3117 3599 3238 3653 corli
3264 3610 3319 3653 et
3351 3609 3530 3662 terrm,
3564 3603 3776 3670 dissipa

2184 3689 2405 3740 consilia
2424 3697 2476 3740 et
2495 3689 2797 3752 machinas,
2825 3690 3018 3757 quibus
3048 3691 3295 3742 diabolus
3318 3691 3584 3744 humanas
3607 3707 3778 3745 men-

2186 3789 2264 3832 tes
2296 3781 2552 3848 pervertit
2585 3781 2821 3849 ;dissipa
2850 3796 2966 3840 eas.
2988 3795 3190 3848 quaeso,
3210 3797 3304 3850 per
3323 3798 3519 3835 nomen
3555 3782 3776 3840 Domini

2184 3873 2352 3926 nostri
2401 3873 2528 3927 .Iesu
2606 3872 2814 3927 Christi
2886 3872 3006 3927 Filii
3069 3873 3168 3938 tui,
3236 3889 3397 3942 quem
3457 3876 3650 3929 misisti
3720 3879 3777 3933 in

2186 3965 2332 4018 hunc
2364 3966 2648 4036 mundum.
2692 3966 2922 4018 Contere
2964 3966 3245 4030 Satanam,
3277 3976 3336 4018 ut
3381 3968 3565 4021 miseri
3613 3970 3774 4022 etin-

2184 4054 2370 4106 felices
2394 4055 2480 4107 isti
2499 4055 2565 4106 ab
2581 4056 2698 4122 ejus
2728 4056 2932 4120 laqueis
2946 4055 3141 4120 quibus
3163 4054 3355 4106 irretiti
3379 4064 3504 4108 sunt
3527 4056 3778 4125 eripian-

2184 4154 2294 4208 tur,
2328 4161 2388 4199 ac
2425 4127 2706 4198 humanis.
2743 4146 2990 4199 manibus
3055 4145 3312 4200 fabricata
3345 4147 3637 4200 simulacra
3679 4151 3780 4204 dc-

2185 4239 2577 4305 relinquentes,
2620 4247 2915 4307 agnoscant
2948 4247 2998 4290 te
3029 4237 3272 4290 omnium
3308 4254 3490 4292 rerum
3540 4251 3767 4295 creato-

2193 4341 2327 4390 rem,
2355 4327 2524 4378 Deum
2555 4334 2611 4380 et
2647 4325 2864 4379 Patrem
2911 4327 3366 4394 omnipotentem,
3438 4333 3493 4380 et
3544 4331 3778 4386 unicum

2189 4415 2386 4470 Fllium
2420 4427 2572 4471 tuum
2613 4419 2901 4474 Dominum
2943 4417 3128 4473 Jesum
3167 4419 3466 4473 Christum.
3493 4419 3586 4474 IIIa
3651 4424 3776 4490 ipsa

2116 4525 2157 4580 ι)
2190 4509 2321 4562 hora
2354 4508 2560 4577 impius
2587 4509 2851 4564 Maximus
2896 4527 2924 4564 a
2972 4511 3218 4565 da‘mone
3266 4522 3574 4581 correptus,
3630 4531 3774 4570 voce

2195 4614 2386 4668 magna
2411 4600 2580 4668 empit
2607 4598 3182 4654 clamarezNemcsius
3216 4613 3362 4652 nunc
3394 4598 3570 4654 factus
3612 4601 3781 4657 Chri-

2183 4691 2390 4745 stianus
2413 4706 2496 4742 me
2521 4690 2779 4743 incendit.
2817 4691 2951 4743 Ecce
2969 4691 3112 4746 illius
3133 4693 3308 4747 oratio
3331 4709 3416 4747 me
3437 4695 3664 4747 cruciat.
3696 4697 3776 4750 Ex

2192 4782 2282 4836 illa
2301 4783 2460 4850 igitur
2479 4781 2606 4834 hora
2634 4784 2835 4850 egressi
2867 4799 2896 4836 e
2919 4784 3434 4853 templo,jusserunt
3461 4783 3778 4840 Nemesium

2191 4874 2442 4928 detineri.
2478 4875 2612 4928 Cum
2653 4890 2780 4929 vero
2822 4877 2911 4943 qui
2943 4891 3066 4928 eum
3114 4884 3421 4943 tenuerant,
3451 4879 3781 4935 verberibus

2192 4967 2491 5038 pulsarent,
2516 4976 2738 5034 repente
2766 4967 3028 5020 Maximus
3056 4968 3252 5022 consul
3281 4969 3475 5024 efflavit
3505 4969 3774 5026 animam.

2265 5058 2855 5127 V’I.Itaquei\'emesius
2876 5060 3273 5117 statimductus
3306 5071 3390 5114 est
3421 5060 3489 5113 ad
3525 5060 3779 5116 Valeria—

2183 5169 2312 5207 num
2347 5153 2402 5205 in
2437 5151 2720 5221 palatium,
2751 5153 2894 5219 quod
2923 5154 3134 5207 Claudii
3174 5153 3401 5206 nomine
3430 5153 3771 5222 appellatur.

2185 5243 2356 5308 Quem
2391 5244 2470 5296 sic
2494 5241 2686 5297 affatus
2721 5245 3177 5298 estValerianus:
3209 5243 3276 5296 Et
3331 5245 3552 5299 ubinam
3587 5257 3694 5310 est,
3742 5264 3774 5299 ο

2185 5335 2427 5398 Nemesi,
2463 5335 2752 5403 prudentia
2787 5339 2873 5389 illa
2910 5345 3019 5399 tua,
3044 5350 3205 5404 quam
3235 5349 3450 5407 semper
3481 5335 3533 5386 in
3571 5345 3624 5388 te
3679 5353 3775 5391 co-

2184 5427 2489 5497 gnovitnus,
2525 5438 2635 5481 tum
2671 5427 2724 5479 in
2781 5427 3022 5480 consiliis
3052 5428 3329 5492 ineundis,
3370 5438 3482 5480 tum
3511 5427 3566 5480 in
3605 5431 3774 5483 rebus

2185 5518 2435 5589 gerendis
2478 5518 2888 5572 firmissimam?
2938 5518 3016 5571 An
3067 5520 3383 5588 ignoramus
3437 5533 3566 5580 nos,
3632 5517 3766 5586 quid

2186 5610 2704 5679 optimum,quidve
2737 5609 3035 5677 pessimum
3103 5611 3192 5665 sit.
3243 5609 3446 5679 quippe
3513 5609 3610 5677 qui
3665 5621 3774 5661 non

2187 5703 2333 5756 aliud
2362 5713 2412 5756 te
2440 5703 2802 5756 adhortantur
2844 5711 2902 5755 ut
2937 5701 3125 5765 facias,
3158 5701 3264 5755 uisi
3295 5702 3441 5770 quod
3474 5699 3772 5754 utilitatem

2189 5795 2286 5847 tibi
2319 5795 2512 5849 afferre
2544 5795 2734 5862 possit,
2765 5805 2823 5847 ut
2851 5794 3058 5847 scilicet
3089 5809 3208 5862 quae
3236 5810 3358 5849 vera
3391 5801 3520 5845 sunt
3557 5790 3771 5861 ample-
