3972 6456
186 399 277 464 51⁸1

1427 394 1599 455 νιΤΑ
1644 392 1707 456 S.
1749 393 2153 454 STEPHANI.

3324 400 3435 465 518

184 522 349 575 ciens,
383 509 517 562 deos
555 507 704 576 ipsos
735 518 842 559 non
870 505 1112 571 deseras,
1151 519 1286 574 quos
1326 507 1473 561 omni
1508 515 1751 577 tempore
1780 514 1827 571 Λ
1855 503 2065 559 miseris
2096 502 2273 557 modis
2306 511 2358 558 te
2386 517 2722 560 consumam.
2748 505 2872 563 Haec
2891 508 3046 575 dixit,
3083 518 3141 565 et
3171 509 3432 583 Sempro-

184 621 209 659 a
238 602 471 674 pueritia
504 599 723 654 coluisti
755 607 812 654 et
853 609 1141 653 veneratus
1165 598 1267 653 es?
1327 599 1407 653 Ad
1474 600 1589 655 lizcc
1647 598 1751 654 Nc-

186 692 378 748 mesius
400 691 670 744 diaconus
691 706 703 741 :
723 687 857 759 Ego,
880 689 1073 757 inquit,
1104 688 1524 743 scelestissimus
1552 688 1755 742 verita-

183 796 281 842 tem
302 788 473 855 ipsam
506 784 926 851 dereliqueram.
965 790 1019 835 et
1050 781 1369 849 sanguinem
1401 781 1751 835 innocentem

182 876 500 940 et'fuderam,
535 883 590 928 et
620 874 686 928 ad
727 876 827 927 hoc
850 888 1020 940 usque
1048 883 1261 941 tempus
1315 872 1558 941 peccatis
1614 887 1752 926 one-

181 979 323 1021 ratus
354 968 569 1022 fueram
608 983 624 1031 ;
670 966 761 1022 sed
796 964 1001 1018 Christi
1062 962 1279 1017 Domini
1313 973 1365 1017 et
1417 963 1511 1016 Dei
1542 962 1754 1016 miscri-

182 1062 357 1115 cordia
424 1061 588 1114 modo
644 1058 882 1125 adjutus,
945 1056 1163 1109 tandem
1200 1055 1511 1109 Creatorem
1571 1069 1750 1107 meum

181 1152 423 1221 cognovi,
470 1151 625 1219 cujus
686 1150 953 1215 baptismo
982 1146 1315 1200 illumiiiatus
1360 1162 1499 1207 sum,
1556 1147 1646 1213 qui
1699 1152 1755 1199 et

183 1247 360 1298 cordis
395 1244 501 1297 mei
536 1240 721 1295 oculos
748 1242 985 1308 aperuit,
1017 1249 1069 1293 et
1103 1241 1382 1308 corporeis
1448 1239 1567 1294 ﬁlia:
1618 1253 1755 1294 mea:

184 1334 393 1402 pupillis
427 1334 612 1385 lumen
662 1330 919 1384 restituit.
958 1328 1113 1383 Hunc
1134 1330 1321 1395 adoro,
1361 1330 1505 1384 hunc
1564 1332 1751 1394 timeo,

185 1429 299 1481 huic
333 1425 543 1493 cultum
575 1434 629 1477 et
661 1439 853 1493 preces
881 1425 1105 1491 supplex
1152 1422 1342 1486 offero,
1403 1425 1557 1495 cujus
1603 1425 1756 1481 auxi-

183 1519 302 1569 lium
331 1531 550 1584 scmper
578 1516 901 1583 implorabo,
943 1525 998 1568 et
1048 1516 1339 1570 simulacra
1372 1518 1579 1581 omnia,
1634 1532 1753 1585 qua:

182 1612 451 1663 damones
486 1623 608 1661 esse
634 1609 884 1677 cognovi,
918 1616 973 1662 et
1006 1610 1146 1676 ipsa,
1187 1619 1243 1662 et
1295 1624 1485 1663 eorum
1519 1610 1753 1665 cultores

182 1714 393 1750 aversor
431 1709 780 1751 etexseeror.
805 1699 955 1751 'l'iinc
988 1701 1065 1752 ait
1087 1700 1400 1753 Valerianus
1424 1719 1434 1753 :
1456 1700 1593 1755 Nota
1622 1701 1753 1753 mihi

184 1799 301 1843 sunt
334 1790 597 1842 veneficia
642 1801 751 1853 tua,
792 1792 991 1857 quibus
1033 1791 1297 1845 humanas
1340 1793 1511 1846 caedes
1542 1803 1754 1859 patrare

183 1895 337 1933 ausus
357 1896 438 1941 es,
464 1881 666 1950 quippe
684 1881 841 1947 quiet
864 1880 1154 1934 Maximum
1178 1882 1457 1935 consulem
1482 1884 1589 1937 tuis
1612 1899 1747 1953 prae-

184 1972 347 2041 stigiis
369 1972 438 2026 de
459 1972 637 2025 medio
659 1971 923 2024 sustuliSti
965 1992 977 2025 :
1014 1975 1145 2040 quin
1172 1974 1335 2027 etiam
1363 1974 1540 2029 adhuc
1568 1985 1756 2029 contra

184 2075 417 2117 nostram
464 2073 520 2117 et
565 2063 875 2131 reipublicae
906 2063 1135 2117 salutem
1182 2074 1386 2120 temere
1424 2067 1757 2121 christiano-

183 2170 294 2209 rum
320 2168 489 2207 causa
522 2151 645 2205 talia
673 2152 933 2206 veneﬁcia
958 2168 1217 2209 exercere
1243 2170 1349 2208 non
1380 2155 1623 2212 desistis.

247 2244 355 2299 VII.
416 2243 516 2296 His
553 2243 737 2306 dictis,
775 2244 1098 2298 Valerianus
1151 2245 1229 2298 ira
1288 2246 1550 2314 percitus.
1592 2248 1757 2317 jussit

183 2336 323 2388 illum
358 2335 412 2388 in
444 2335 662 2403 privato
691 2347 912 2387 carcere
942 2334 1199 2399 detineri,
1240 2352 1427 2405 quem,
1465 2355 1589 2392 eum
1619 2355 1757 2409 opus

184 2428 386 2489 fuisset,
426 2426 732 2480 sistendum
776 2428 1054 2495 praecepit.
1099 2427 1272 2483 Jussit
1300 2430 1465 2483 etiam
1498 2429 1755 2500 Sempro-

183 2520 324 2572 nium
368 2518 611 2572 Neniesii
647 2515 930 2582 famulum,
966 2518 1185 2571 domino
1216 2534 1315 2573 suo
1353 2522 1753 2587 ﬁdelissimum,

184 2610 285 2665 illic
309 2625 510 2679 prmsto
534 2625 674 2673 esse,
707 2624 869 2677 aquo
901 2610 1148 2678 ejusdem
1175 2610 1414 2667 Nemesii
1446 2622 1555 2666 tum
1591 2614 1752 2677 facta,

183 2710 288 2756 tum
325 2705 469 2756 bona
497 2703 680 2756 omnia
712 2703 1122 2771 inquirerentur
1148 2723 1161 2756 :
1191 2705 1349 2774 cujus
1390 2710 1557 2760 etiam
1593 2708 1755 2761 liliam

185 2792 435 2848 Lucillam
465 2794 733 2849 custodiri
763 2795 1019 2864 praecepit
1045 2794 1187 2863 apud
1209 2796 1535 2849 sceleratam
1562 2813 1756 2865 quam-

187 2886 302 2940 dam
344 2888 661 2949 mulierem,
699 2889 923 2941 nomine
963 2886 1273 2941 Maximam.
1308 2887 1534 2943 Postcro
1576 2900 1756 2945 autem

186 2976 263 3031 die
314 2979 484 3047 jussit
556 2979 936 3046 iniquissimus
1001 2979 1319 3032 Valerianus
1374 2980 1757 3049 Sempronium

187 3070 315 3121 tradi
356 3069 577 3122 cuidam
614 3068 853 3131 tribuno,
886 3069 979 3138 qui
1024 3072 1319 3125 vocabatur
1360 3070 1662 3143 Olympius,
1699 3086 1759 3130 ut

1854 597 2004 650 nium
2055 594 2469 649 custodiendum
2523 598 2741 652 tradidit
2774 598 3017 654 Tertullo
3054 600 3294 668 cuidam,
3329 602 3432 657 do-

1856 702 1975 741 mus
2037 702 2150 741 suae
2202 686 2575 756 gubernatori.
2639 690 2924 758 ljxuperiae
2973 702 3152 745 autem
3213 693 3431 764 conjugi

1854 776 2265 848 Olympiusipsc
2282 780 2544 843 narravit,
2566 783 3021 848 quemadmodum
3047 783 3425 853 Sempronius,

1854 868 1980 923 Jesu
2011 868 2213 923 Christi
2268 870 2363 924 Dei
2401 874 2482 925 sui
2518 873 2738 927 nomine
2786 874 3063 938 invocato,
3096 874 3281 931 Martis
3310 876 3430 931 ido-

1855 958 1965 1013 lum
1998 961 2414 1015 cmnniinuerat.

1928 1051 2062 1107 Vlll.
2101 1050 2254 1107 Tunc
2290 1052 2556 1122 Exuperia
2592 1070 2760 1108 uxor:
2796 1057 2854 1109 Si
2899 1066 3067 1120 tanta,
3103 1057 3303 1127 inquit,
3350 1070 3434 1113 est

1856 1141 2058 1196 Christi
2088 1145 2345 1212 potentia,
2373 1155 2629 1213 quantam
2660 1146 2814 1207 dicis,
2846 1150 3012 1200 satius
3044 1150 3199 1203 nobis
3232 1160 3316 1203 cst
3341 1150 3439 1203 de-

1858 1233 1987 1289 hinc
2037 1236 2159 1289 illos
2203 1236 2349 1305 ipsos
2396 1238 2527 1291 deos
2578 1240 2907 1307 relinquere,
2942 1241 3033 1308 qui
3091 1256 3268 1309 neque
3329 1243 3435 1297 sibi

1856 1338 2032 1392 neque
2064 1325 2223 1379 nobis
2263 1341 2420 1394 opem
2450 1326 2591 1383 ferre
2626 1340 2876 1395 possunt.
2921 1330 3242 1394 Quaeramus
3272 1330 3435 1400 igitur

1859 1413 2030 1468 Deum
2081 1416 2254 1481 illum,
2280 1418 2371 1485 qui
2402 1418 2637 1472 Nemesii
2688 1421 2888 1475 tribuni
2919 1422 3036 1475 lilia:
3074 1422 3439 1477 lumeiircsti-

1858 1505 1983 1557 tuit.
2021 1504 2174 1559 Tunc
2206 1504 2489 1577 Olympius
2525 1510 2771 1563 Tertullo
2820 1514 3101 1580 pra-ecpit,
3141 1521 3200 1566 ut
3247 1514 3437 1567 mitius

1858 1611 1916 1651 se
1944 1610 2156 1667 gereret
2176 1608 2299 1653 cum
2329 1601 2675 1670 Sempronio,
2702 1604 2971 1672 siquidem
2999 1604 3234 1659 Neniesii
3265 1621 3439 1675 pecu-

1858 1690 1963 1744 niis
2023 1692 2363 1759 inquirendis
2424 1696 2537 1763 ipse
2611 1713 2831 1765 operam
2889 1700 3021 1752 dare
3077 1701 3269 1752 vellet..
3324 1698 3439 1753 Hoc

1859 1778 2173 1833 mandatum
2200 1792 2492 1836 exsecutus
2526 1796 2610 1839 est
2650 1785 2947 1842 Tertullus.
2986 1788 3269 1859 Olympius
3303 1805 3437 1844 vero

1859 1882 1981 1920 cum
2011 1870 2243 1941 conjuge
2269 1870 2562 1941 Exuperia,
2594 1883 2650 1929 et
2680 1877 2841 1931 unico
2864 1878 2976 1931 ﬁlio
3004 1877 3308 1941 Theodulo,
3347 1880 3436 1934 illa

1858 1957 1975 2027 ipsa
1998 1964 2161 2012 nocte
2199 1973 2497 2025 venerunt,
2550 1975 2605 2019 et
2636 1966 2702 2020 ad
2744 1969 2911 2035 pedes
2958 1968 3268 2037 Sempronii
3306 1984 3437 2039 pro.

1859 2049 2039 2112 strati,
2074 2048 2368 2105 dixerunt:
2393 2052 2504 2106 Nos
2536 2055 2698 2123 paulo
2727 2067 2855 2109 ante
2888 2057 3090 2111 Christi
3125 2059 3432 2126 potentiam

1858 2139 2239 2211 cognovimus,
2270 2159 2461 2197 verum
2495 2146 2705 2201 scilicet
2759 2147 2927 2200 Deum
2975 2148 3128 2202 illum
3163 2163 3305 2214 esse,
3336 2149 3433 2219 qui

1856 2233 2093 2289 Neinesii
2121 2234 2321 2289 tribuni
2355 2236 2473 2288 ﬁlia:
2497 2237 2779 2290 oculorum
2817 2239 3001 2292 lumen
3035 2239 3204 2293 dedit.
3234 2239 3439 2305 Quam-

1857 2326 2044 2381 obrem
2106 2338 2158 2384 te
2186 2344 2494 2399 precamur,
2545 2339 2603 2382 ut
2648 2346 2809 2384 cures
2862 2332 3020 2386 nobis
3046 2333 3160 2387 dari
3194 2335 3432 2388 salutare

1856 2419 2126 2487 baptisma
2159 2421 2214 2473 in
2249 2421 2470 2474 nomine
2509 2419 2637 2474 Jesu
2675 2423 2906 2482 Christi,
2944 2440 3109 2492 quem
3141 2435 3197 2478 tu
3233 2428 3432 2495 praedi-

1857 2522 1967 2563 cas.
2000 2508 2300 2579 Respondit
2332 2513 2687 2580 SempiOnius
2714 2531 2725 2565 :
2764 2512 2826 2567 Si
2866 2516 3245 2583 paenitentiam
3279 2518 3438 2587 agitis

1857 2617 1923 2656 ex
1962 2611 2075 2655 toto
2108 2603 2272 2657 corde
2303 2615 2506 2668 vestro,
2554 2605 2827 2675 benignus
2863 2616 2946 2659 est
3004 2609 3147 2663 Deus
3177 2625 3352 2675 meus,
3382 2620 3437 2665 et

1858 2696 2089 2764 accipiet
2112 2711 2205 2749 vos
2249 2698 2625 2765 pnauitentiam
2654 2711 2898 2762 agentes.
2926 2700 3082 2755 Tunc
3108 2700 3428 2771 Olympius:

1857 2787 2106 2857 Jamjam,
2142 2789 2338 2856 inquit,
2390 2790 2608 2854 faciam,
2658 2802 2715 2844 ut
2754 2794 2945 2847 credas
2979 2810 3061 2848 me
3115 2806 3228 2849 toto
3271 2797 3438 2851 cordo

1857 2878 2060 2933 Christi
2093 2880 2185 2933 Dei
2211 2882 2371 2934 ﬁdem
2414 2883 2590 2950 sequi.
2623 2881 2749 2937 lliee
2776 2885 2936 2949 dixit,
2968 2897 3024 2940 et
3053 2890 3237 2944 statim
3268 2890 3430 2943 cubi-

1859 2973 2039 3025 culum
2088 2978 2363 3043 patefecit,
2410 2978 2463 3031 iii
2517 2994 2625 3046 quo
2679 2980 2915 3035 habebat
2968 2985 3138 3037 multa
3192 2994 3246 3037 et
3291 2986 3440 3039 varia

1858 3062 2023 3118 idola.
2060 3066 2267 3130 Quibus
2295 3068 2532 3123 ostensis
2568 3087 2579 3122 :
2612 3069 2714 3135 Eii,
2742 3072 2936 3140 inquit,
2972 3073 3284 3144 Semproni,
3319 3078 3435 3131 haec

186 3168 543 3227 torqueretur,
586 3169 640 3212 et
676 3160 742 3213 de
776 3161 999 3215 domino
1045 3163 1217 3231 ipsius
1266 3178 1362 3232 per
1405 3181 1529 3219 eum
1576 3168 1757 3236 iiiqui-
1784 3184 1827 3246 ρ
1861 3161 2042 3213 omnia
2084 3162 2371 3215 simulacra
2411 3163 2463 3214 in
2502 3174 2774 3231 potestate
2816 3176 2905 3219 tua
2965 3177 3094 3221 sunt
3141 3185 3155 3221 :
3198 3168 3282 3222 fac
3317 3170 3423 3225 illis

186 3262 406 3305 reretur.
445 3252 602 3306 Illum
643 3254 803 3323 igitur
833 3254 1115 3323 Olympius
1157 3257 1241 3310 his
1275 3259 1451 3311 verbis
1476 3276 1764 3329 aggressus

186 3354 264 3398 est
312 3345 650 3399 :Novistine
684 3362 787 3414 qua
830 3348 897 3401 de
950 3362 1113 3402 causa
1169 3349 1259 3403 hic
1302 3362 1429 3405 ante
1474 3367 1575 3405 nos
1620 3370 1757 3407 con-

186 3434 400 3489 stitutus
430 3451 492 3489 es
522 3436 545 3487 ?
592 3434 719 3488 Haec
748 3436 834 3489 ille
862 3438 956 3489 ait.
982 3439 1061 3491 Ad
1088 3454 1208 3505 qua:
1240 3439 1593 3509 Sempronius
1628 3445 1765 3497 nihil

186 3528 478 3593 respondit.
518 3524 629 3579 Sed
670 3526 1030 3581 nihilominus
1080 3530 1365 3599 Olympius
1406 3550 1419 3586 ε
1469 3534 1754 3601 Ausculta,

186 3616 369 3686 inquit,
422 3618 743 3688 Semproni,
783 3631 839 3674 et
869 3622 954 3675 fac
985 3624 1132 3691 quod
1168 3625 1365 3693 jubeiit
1402 3627 1766 3695 imperatores

188 3713 348 3764 nostri
378 3728 393 3764 :
420 3713 511 3766 sin
559 3710 766 3774 minus,
810 3714 999 3765 multis
1030 3722 1085 3765 et
1116 3716 1281 3767 variis
1316 3720 1605 3771 tormentis
1637 3734 1764 3771 cru-

187 3804 428 3858 ciaberis.
464 3803 738 3859 Ostendas
775 3804 939 3874 igitur
985 3806 1141 3860 nobis
1170 3806 1409 3861 Nemcsii
1441 3809 1647 3864 domini
1681 3811 1760 3864 tii'i

187 3894 485 3959 facultates,
537 3897 738 3950 deinde
765 3912 894 3951 vero
923 3898 1171 3966 propitiis
1196 3900 1420 3953 deorum
1450 3914 1758 3957 nostrorum

187 3990 497 4043 numinibus
521 3992 824 4043 sacrilices.
847 3990 928 4043 Ad
954 3991 1067 4044 bme
1094 3990 1487 4061 Sempronius:
1514 3997 1565 4049 Si
1594 3996 1762 4050 facul-

189 4089 315 4133 tates
343 4079 557 4133 domini
588 4079 694 4131 niei
731 4078 968 4132 Nemesii
1004 4082 1258 4147 requiris,
1299 4085 1435 4137 scito
1464 4086 1580 4138 illas
1608 4103 1635 4139 a
1675 4101 1759 4147 me

187 4170 393 4226 Christo
422 4172 600 4225 fuisse
632 4170 877 4236 oblatas;
910 4185 1018 4225 non
1054 4172 1200 4225 enim
1239 4183 1445 4237 nostra,
1479 4176 1573 4229 sed
1616 4176 1758 4253 illius

190 4272 330 4317 erant
360 4264 525 4317 bona.
555 4263 712 4328 Quod
738 4279 864 4317 vero
892 4264 1031 4316 dicis
1073 4274 1127 4317 ct
1159 4280 1243 4317 me
1272 4268 1526 4330 hortaris,
1572 4278 1627 4322 ut
1658 4271 1759 4323 diis

191 4355 284 4407 tuis
321 4354 656 4416 sacriﬁcem,
702 4355 848 4409 nullo
888 4356 1052 4411 modo
1089 4356 1288 4411 faciam
1318 4377 1330 4413 :
1359 4358 1577 4413 Christo
1611 4362 1755 4414 enim

188 4448 424 4504 sacrifico
478 4448 576 4503 Dei
621 4449 856 4503 viventis
904 4450 1041 4504 Filio
1101 4452 1427 4507 sacriﬁcium
1480 4454 1654 4508 laudis
1704 4463 1759 4507 et

1868 3252 2124 3319 quidquid
2172 3252 2322 3306 libet.
2370 3253 2473 3306 Cui
2519 3255 2878 3326 Sempronius
2914 3276 2928 3312 :
2964 3260 3093 3327 Age,
3144 3262 3440 3317 simulacra

1868 3342 1968 3394 ista
1996 3344 2175 3395 omnia
2227 3346 2480 3398 manibus
2529 3348 2763 3415 proiiriis
2815 3359 3063 3413 contere,
3099 3366 3345 3419 auroque
3385 3364 3441 3406 et

1868 3444 2113 3503 argento,
2159 3451 2224 3488 ex
2272 3439 2469 3504 qudius
2517 3440 2767 3494 confecta
2800 3452 2948 3505 sunt,
2988 3443 3111 3510 igne
3158 3446 3433 3508 conﬂatis,

1867 3541 2136 3594 pauperes
2168 3542 2459 3597 congrega,
2509 3540 2564 3583 et
2618 3532 2724 3585 illis
2776 3531 2891 3587 haec
2944 3535 3232 3590 distribue.
3289 3537 3444 3593 Ferit

1868 3620 2071 3679 omnia,
2111 3635 2230 3687 quise
2274 3621 2636 3689 Sempronius
2684 3623 2921 3687 dixerat,
2958 3626 3265 3695 Olympius.
3303 3629 3445 3685 nihil

1866 3725 2088 3777 prorsus
2135 3713 2413 3765 dubitans.
2474 3714 2720 3782 llepcntc
2768 3730 2899 3769 vero
2931 3718 3116 3772 audita
3152 3730 3238 3774 cst
3277 3736 3378 3773 vox
3410 3738 3441 3775 e

1867 3801 2026 3863 cmlo,
2056 3800 2288 3855 dicens:
2329 3803 2385 3855 in
2440 3812 2511 3867 te,
2555 3808 2865 3873 SeMproni,
2903 3814 3171 3877 requievit
3218 3814 3443 3880 spiritus

1866 3906 2038 3947 meus.
2081 3895 2393 3949 Audierant
2439 3911 2630 3949 vocem
2684 3899 2831 3954 illam
2896 3900 3185 3972 Olympius
3227 3915 3276 3957 cl
3321 3908 3443 3974 ejus

1866 4003 2022 4047 uxor,
2050 3996 2104 4039 et
2146 3990 2197 4037 in
2229 3987 2331 4040 ﬁde
2362 3989 2474 4055 ipsa
2506 3989 2628 4042 facti
2670 4003 2800 4045 sunt
2833 3995 3123 4061 ﬁrmiores,
3170 3998 3239 4051 ob
3282 3998 3443 4067 idque

1865 4078 1929 4133 ad
1957 4078 2196 4135 salutare
2225 4080 2491 4147 baptisma
2526 4083 2915 4150 promptiores.
2952 4090 3137 4154 Itaque
3182 4092 3443 4157 Sempro-

1862 4172 2011 4224 nium
2031 4171 2412 4241 precabantur,
2439 4181 2689 4240 petentes
2713 4185 2771 4229 ut
2800 4177 3035 4245 sigillum
3060 4181 3262 4233 Christi
3296 4183 3445 4235 acci-

1866 4274 2079 4333 perent,
2098 4274 2151 4317 et
2170 4280 2267 4333 per
2286 4280 2481 4332 aquam
2501 4282 2563 4317 ac
2580 4265 2841 4335 Spiritum
2860 4272 3041 4323 denuo
3060 4286 3439 4329 nascerentur.

1936 4356 2029 4409 1X.
2085 4358 2277 4409 Omnia
2331 4358 2445 4408 lircc
2498 4358 2856 4425 Sempronius
2906 4364 3165 4417 Nemesio
3220 4368 3444 4419 domino

1866 4468 1965 4508 suo
1992 4454 2199 4509 retulit.
2233 4453 2362 4520 Qum
2396 4471 2520 4509 cum
2555 4455 2844 4510 Neincsius
2872 4458 3200 4522 accepisset,
3240 4458 3439 4510 celeri-

188 4542 557 4603 confessionis,
580 4540 739 4593 cuiet
757 4543 1014 4595 dominus
1039 4558 1194 4597 meus
1216 4545 1756 4616 Nemesiusseipsum
1791 4522 1836 4577 θ
1868 4557 1949 4602 ter
1986 4548 2121 4602 adiit
2163 4550 2229 4601 ad
2282 4549 2656 4601 beatissimum
2708 4548 3022 4616 pontilicem
3072 4546 3438 4616 Stephanum,

187 4630 388 4687 obtulit.
422 4633 564 4685 Cum
610 4631 725 4685 hac
754 4632 983 4688 dixisset
1014 4633 1399 4705 Sempronius,
1436 4636 1619 4691 furore
1669 4653 1759 4690 ae-

187 4735 369 4779 census
406 4734 494 4780 est
531 4723 836 4795 Olympius,
872 4734 925 4779 et
952 4727 1279 4782 satellitibus
1302 4729 1434 4783 dixit
1462 4745 1476 4782 :
1506 4728 1757 4784 Proster-

187 4812 289 4869 nite
335 4817 622 4870 hominem
674 4816 859 4882 istum,
889 4827 945 4871 et
993 4820 1157 4888 virgis
1208 4821 1497 4889 percutitc.
1554 4822 1759 4876 AlIcrte

187 4916 300 4962 ante
336 4910 492 4963 illum
528 4910 693 4964 deum
731 4907 957 4964 Martem
1003 4926 1067 4966 ac
1121 4914 1409 4981 tripodem,
1444 4922 1503 4967 ut
1540 4914 1624 4967 vel
1656 4914 1759 4967 diis

192 4997 311 5067 ipsis
362 5002 527 5054 thura
570 4998 787 5063 oﬂ‘erat,
824 5001 904 5054 vel
954 5002 1073 5056 sine
1122 5002 1529 5059 intermissione
1579 5006 1757 5075 aliqua

190 5091 341 5161 virgis
389 5090 758 5162 percutiatur.
793 5092 1028 5147 Allatuni
1058 5095 1219 5165 igitur
1257 5111 1483 5151 aureum
1507 5099 1757 5171 [aereum]

188 5180 359 5239 Martis
387 5185 601 5239 idolum
634 5197 740 5237 una
771 5198 893 5239 cum
926 5186 1158 5255 tripode,
1192 5186 1245 5240 in
1274 5199 1572 5258 conspectu
1604 5189 1761 5243 Seni-

188 5278 345 5343 pronii
371 5279 616 5333 locatum
645 5277 766 5331 fuit.
792 5276 945 5343 Quod
968 5294 1093 5333 cum
1120 5280 1475 5348 Sempronius
1502 5283 1718 5337 vidisset
1742 5300 1755 5337 :

187 5367 450 5435 Conterat,
496 5368 701 5437 inquit,
740 5377 791 5422 te
824 5368 1089 5424 Dominus
1125 5370 1287 5426 Jesus
1315 5371 1565 5427 Christus
1591 5374 1759 5428 Filius

188 5455 271 5512 Dei
298 5461 422 5515 vivi.
461 5459 582 5514 lloc
621 5459 761 5514 dixit
792 5458 1173 5529 Sempronius,
1203 5477 1266 5516 ac
1296 5473 1521 5533 repente
1554 5465 1755 5519 idolum

190 5549 305 5605 illud
351 5554 430 5608 sic
477 5554 837 5623 liquefactum
874 5563 979 5617 est,
1010 5554 1166 5623 quasi
1207 5570 1330 5609 cera
1360 5557 1485 5625 igne
1516 5558 1755 5613 admoto.

189 5640 327 5706 Quod
373 5661 501 5699 cum
560 5645 791 5698 vidisset
843 5644 1148 5715 Olympius,
1208 5656 1431 5717 stupore
1474 5650 1756 5717 perculsus

188 5735 444 5793 obmutuit
472 5755 485 5791 :
512 5752 638 5790 mox
662 5751 795 5791 vero
823 5736 967 5792 domi
986 5753 1098 5793 sua:
1118 5739 1265 5793 illum
1290 5740 1553 5794 custodiri
1572 5742 1755 5810 jussit,

190 5825 360 5885 dicens
391 5847 405 5888 :
440 5828 559 5885 llac
586 5838 752 5887 nocte
786 5830 972 5885 omnia
1001 5837 1272 5889 tormenta
1302 5833 1399 5889 tibi
1427 5833 1672 5897 alferani,
1699 5842 1752 5887 et

1862 4641 2020 4708 eique
2050 4656 2163 4693 rem
2199 4656 2417 4694 omnem
2449 4642 2721 4709 exposuit.
2765 4640 2855 4693 Ille
2900 4655 3032 4693 vero
3060 4640 3281 4693 Christo
3321 4642 3430 4694 Deo

1862 4745 2053 4788 nostro
2106 4733 2331 4802 gloriam
2384 4733 2557 4797 dedit,
2606 4742 2660 4787 ct
2704 4734 2951 4801 proxima
2997 4742 3157 4786 nocte
3204 4733 3441 4803 Olympii

1866 4828 2086 4881 domum
2118 4825 2272 4879 adiit.
2304 4825 2424 4888 Quo
2449 4827 2584 4888 viso,
2615 4825 2799 4878 statim
2830 4822 3112 4894 Olympius
3134 4827 3435 4892 prostravit

1861 4934 1920 4973 se
1954 4920 2018 4972 ad
2058 4918 2329 4985 pontiﬁcis
2360 4919 2529 4987 pedes
2571 4934 2677 4971 una
2703 4934 2825 4971 cum
2860 4934 3029 4972 uxore
3054 4920 3347 4988 Exuperia,
3380 4928 3438 4973 et

1862 5012 1971 5066 lilio
2026 5010 2328 5065 Theoduio.
2395 5012 2785 5065 Ercxitautem
2850 5012 2970 5065 illos
3048 5012 3437 5066 sanctissimus

1863 5104 2127 5174 pontifex,
2170 5114 2333 5174 atque
2378 5104 2755 5174 interrogavit,
2791 5119 2861 5157 an
2900 5105 3188 5159 crederent
3235 5106 3287 5158 iii
3325 5104 3433 5158 lio-

1864 5197 2073 5250 minum
2104 5207 2349 5249 nostrum
2380 5195 2565 5250 Jcsum
2600 5198 2899 5250 Christum.
2932 5198 3031 5251 Cui
3059 5212 3251 5251 omnes
3303 5211 3437 5250 con-

1862 5287 2013 5343 cordi
2048 5290 2228 5341 animo
2262 5288 2667 5357 responderunt
2704 5304 2717 5341 :
2754 5287 3066 5351 Credimus,
3114 5288 3278 5341 Pater
3316 5303 3440 5341 san-

1861 5382 2121 5456 ctissime,
2145 5382 2199 5434 in
2220 5381 2454 5442 Patrem,
2479 5390 2535 5434 et
2556 5382 2772 5444 Filium,
2794 5392 2850 5436 et
2874 5380 3138 5451 Spiritum
3161 5393 3435 5438 sanctum.

1863 5470 2016 5527 Tunc
2075 5473 2321 5541 pontifex
2364 5486 2459 5527 cos
2500 5474 2797 5539 baptizavit
2847 5475 2899 5527 iii
2938 5475 3159 5528 nomine
3210 5484 3436 5535 sanctte.

1862 5564 2350 5618 coiisubstantialis
2407 5573 2461 5617 et
2518 5564 2818 5619 individua
2880 5577 3045 5632 atque
3111 5566 3437 5617 vivilicaiitis

1862 5653 2167 5710 Trinitatis.
2228 5654 2608 5711 Ostenderunt
2665 5668 2847 5712 autem
2904 5658 2982 5711 illi
3021 5667 3076 5711 et
3110 5657 3272 5721 idola,
3316 5671 3436 5724 quze

1864 5748 2101 5814 prepriis
2130 5748 2382 5801 inanibus
2408 5750 2865 5803 Cnniininuerant.
2892 5751 3007 5813 Qua
3036 5751 3101 5802 de
3126 5764 3182 5802 re
3206 5748 3435 5800 sanctis-

1864 5838 2033 5890 simus
2068 5838 2311 5906 pontifex
2362 5837 2561 5907 gratias
2594 5840 2696 5909 egit
2743 5840 2875 5906 Deo,
2913 5851 2965 5895 ct
3009 5856 3104 5908 pro
3134 5840 3236 5893 illis
3268 5839 3437 5893 sacri-
