3972 6438
531 366 637 434 519

1778 366 2062 427 MENSIS
2101 366 2250 425 AUG
2268 364 2530 426 USTUS.

3690 367 3800 428 520

529 483 707 537 licium
761 482 963 537 obtulit
1020 482 1259 553 benigno
1321 489 1374 534 et
1403 480 1597 535 salutis
1643 489 1843 535 nostrae
1892 480 2104 534 auctori
2139 490 2181 542 Α
2214 495 2328 534 rum
2378 478 2638 546 reliquias
2690 476 2983 546 diligenter
3028 476 3265 544 inquiras
3331 478 3465 535 Cum
3508 476 3609 533 hoc
3646 494 3809 530 man—

529 570 763 627 Domino
835 570 965 627 Jesu
1010 572 1261 637 Christo;
1306 586 1514 641 eosque
1565 580 1766 625 sancta:
1812 571 2107 625 oblationis

523 663 823 733 participes
847 664 997 719 fecit.
1023 667 1212 735 Itaque
1229 672 1340 718 tota
1363 664 1450 717 illa
1473 664 1668 718 domus
1692 662 1887 735 gaudio
1908 678 2107 734 magno

527 762 583 807 ct
635 752 910 808 hilaritate
947 754 1149 823 repleta
1181 763 1287 809 cst.

604 845 674 898 X.
718 844 939 900 Tertius
1010 847 1128 899 dies
1173 848 1535 916 pmterierat,
1592 861 1715 900 cum
1787 846 2109 900 Valerianus

534 946 588 990 et
660 936 946 990 Gallienus
1016 937 1373 1006 imperatores
1424 939 1582 992 valde
1638 938 1787 1005 impii
1841 938 1956 991 haec
2004 951 2108 989 au-

532 1028 776 1091 dierunt,
810 1028 901 1095 qui
948 1027 1129 1081 furore
1171 1029 1410 1094 accensi,
1458 1030 1744 1097 jusserunt
1794 1027 2108 1079 Nemesium

530 1119 737 1185 etcjhs
788 1119 949 1171 tiliam
1005 1117 1297 1181 Lucillam,
1342 1120 1548 1173 indicta
1604 1133 1789 1173 causa.
1843 1117 2107 1185 torqueri.

536 1208 642 1263 Sed
670 1225 793 1261 cum
830 1209 994 1263 nullis
1025 1212 1309 1263 tormentis
1337 1212 1403 1263 de
1436 1210 1711 1264 sententia
1744 1210 1949 1262 moveri
1984 1224 2109 1277 pos—

530 1308 676 1361 sent,
706 1300 827 1354 illos
852 1302 1171 1356 obtruncari
1215 1303 1519 1370 jusserunt.
1562 1302 1625 1354 Et
1655 1303 1777 1370 quia
1815 1301 2111 1371 cupiebant

528 1388 750 1442 Lucille
801 1391 943 1459 patri
989 1394 1344 1461 persuadere,
1375 1401 1435 1445 ut
1469 1392 1794 1448 sententiam
1849 1402 2108 1455 mutaret,

527 1490 905 1548 prazeeperunt
937 1482 1198 1537 Lucillain
1236 1483 1386 1552 prius
1425 1483 1765 1537 obtruncari.
1808 1482 1945 1536 Cum
1979 1498 2111 1536 vero

526 1584 582 1629 et
616 1574 860 1629 Nemesii
890 1577 1233 1645 propositum
1267 1576 1459 1630 stabile
1509 1586 1675 1644 atque
1705 1575 1985 1629 immobile
2015 1590 2111 1629 co-

526 1670 866 1736 gnovissent,
904 1668 1056 1722 illum
1088 1670 1253 1722 etiam
1286 1670 1463 1722 securi
1502 1668 1715 1737 percuti
1742 1668 2027 1737 jusserunt
2056 1667 2109 1721 in

526 1758 649 1813 loco
675 1759 791 1819 illo,
814 1760 907 1828 qui
925 1768 1009 1813 est
1026 1760 1168 1813 inter
1192 1760 1328 1813 duas
1354 1762 1488 1819 vias.
1515 1761 1743 1828 Appiam
1767 1769 1820 1813 et
1839 1758 2109 1824 Latinam,

525 1865 636 1903 non
685 1849 845 1919 longe
895 1848 962 1904 ab
999 1850 1134 1904 urbe
1178 1850 1370 1905 Roma.
1431 1850 1655 1905 Postera
1714 1851 1802 1906 die
1861 1851 2109 1906 nefarius
2147 1840 2187 1895 Β

527 1940 849 1997 Valerianus
874 1942 1039 2013 jussit
1068 1941 1474 2016 Sempronium.
1510 1944 1729 2014 publice
1755 1944 2112 2006 audiendum,

524 2033 665 2087 sisti.
701 2033 802 2087 Cui
855 2034 994 2087 dixit
1030 2051 1045 2085 :
1083 2034 1267 2099 Quare
1316 2050 1427 2089 non
1465 2038 1707 2090 consulis
1740 2038 1835 2089 tibi
1896 2037 2018 2105 ipsi,
2060 2045 2115 2090 et

524 2124 633 2178 diis
665 2135 718 2179 te
743 2124 996 2194 subjicis,
1035 2140 1132 2194 per
1180 2143 1315 2196 quos
1363 2132 1620 2183 universa
1665 2138 1861 2182 natura
1900 2130 2111 2199 regitur

526 2224 579 2268 et
604 2215 943 2284 gubernatur
965 2218 987 2268 ?
1008 2218 1265 2272 Christus
1289 2234 1373 2273 me
1396 2221 1533 2289 regit
1550 2229 1601 2273 et
1620 2220 1906 2289 gubernat,
1936 2221 2115 2290 inquit

526 2306 916 2375 Sempronius,
947 2310 1036 2377 qui
1062 2319 1116 2361 et
1144 2310 1287 2363 hanc
1313 2310 1642 2364 sententiam
1668 2312 1802 2365 mihi
1826 2312 2115 2365 confirma-

543 2398 642 2451 vit.
680 2396 835 2453 Tunc
866 2397 1036 2467 jussit
1062 2400 1383 2455 Valerianus
1411 2400 1793 2472 Sempronium
1839 2402 1893 2454 in
1930 2403 2111 2471 ignem

525 2489 753 2559 conjici.
785 2490 985 2545 Milites
1041 2492 1205 2562 igitur
1254 2508 1377 2546 cum
1419 2493 1597 2563 ignem
1652 2493 1880 2549 multum
1918 2508 2115 2547 accen-

525 2581 755 2645 dissent,
789 2592 1039 2637 sanetum
1075 2583 1227 2637 illum
1272 2585 1449 2639 virum
1477 2584 1887 2654 Sempronium,
1916 2586 2114 2639 vinclis

527 2682 651 2739 post
676 2682 825 2743 terga
861 2674 1141 2736 manibus,
1178 2676 1233 2728 in
1283 2676 1518 2729 mediam
1556 2675 1824 2729 ﬂammam
1859 2676 2115 2745 conjece-

530 2771 677 2816 runt.
707 2763 893 2833 Itaque
919 2766 1271 2820 beatissimus
1294 2774 1501 2837 martyr
1524 2766 1883 2837 Sempronius
1909 2767 1963 2821 in
1996 2782 2111 2821 mc-

540 2855 626 2909 die
664 2852 886 2909 ﬂamma
954 2856 1192 2926 positus,
1225 2858 1475 2927 spiritum
1540 2855 1672 2911 Jesu
1706 2857 1923 2911 Chrism
1959 2872 2114 2911 com.

529 2949 829 3002 mendavit.
861 2950 1123 3004 Pretiosa:
1179 2960 1360 3002 autem
1394 2950 1569 3018 ipsitls
1602 2949 1848 3019 reliquiae
1898 2950 2113 3004 intacta:

530 3049 969 3106 permanserunt.
1028 3040 1187 3095 Venit
1237 3049 1423 3095 autem
1470 3042 1663 3097 beatus
1693 3040 1941 3112 pontifex
1979 3042 2107 3097 Ste-

2209 571 2393 625 datum
2421 571 2723 638 accepisset
2751 568 3113 631 Tertullinus,
3151 581 3271 637 post
3300 573 3438 625 duos
3475 572 3595 625 dies
3626 587 3797 640 quam

2210 662 2490 731 presbyter
2524 661 2809 714 ordinatus
2849 670 2954 721 est,
2988 676 3017 713 a
3058 660 3238 713 Marco
3284 662 3501 718 tribuno
3548 678 3805 731 compre-

2218 754 2441 813 hensus,
2463 754 2527 806 ad
2550 752 2893 805 Valerianum
2914 751 3150 805 ducitur.
3167 752 3266 805 Cui
3296 752 3642 807 Valerianus:
3666 757 3803 823 Age,

2214 844 2414 910 inquit,
2443 842 2647 895 domini
2676 842 2748 895 tui
2772 844 3031 909 pecunias
3066 843 3173 895 huc
3198 842 3333 895 affer
3359 861 3371 905 ;
3402 858 3583 898 secus.
3631 846 3808 898 inter-

2212 935 2431 988 ficieris.
2468 935 2545 987 Ad
2578 936 2691 987 hzec
2712 931 3048 987 Tertullinus
3082 936 3371 1003 respondit
3401 954 3414 989 :
3445 938 3500 989 Si
3537 950 3602 1002 pe
3643 940 3807 991 unias

2213 1026 2421 1079 domini
2463 1026 2569 1078 mei
2600 1034 2656 1078 et
2716 1036 2770 1077 lu
2825 1027 3026 1080 habere
3081 1030 3259 1094 cupis,
3316 1037 3577 1080 aeternam
3632 1030 3805 1079 vitam

2213 1117 2429 1186 assequi
2463 1120 2702 1186 poteris;
2734 1132 2858 1169 nam
2892 1118 2979 1170 ille
3012 1133 3110 1185 pro
3133 1118 3357 1171 Christo
3389 1120 3655 1179 moriens,
3691 1118 3813 1173 Deo

2218 1210 2319 1278 ipsi
2355 1208 2646 1262 facultates
2676 1224 2804 1262 suas
2852 1210 3065 1272 obtulit,
3108 1210 3161 1261 in
3195 1210 3381 1264 futuro
3416 1210 3505 1263 illo
3541 1227 3664 1265 aevo
3709 1227 3812 1265 cas

2216 1310 2558 1370 recepturus.
2594 1301 2647 1356 Si
2682 1318 2811 1372 ergo
2838 1311 2892 1357 et
2934 1312 2988 1356 tu
3018 1318 3140 1357 vere
3173 1304 3226 1356 in
3266 1302 3434 1356 Deum
3473 1305 3807 1363 credideris.

2219 1405 2479 1464 mutaque
2503 1410 2566 1449 ac
2595 1410 2792 1449 sensus
2818 1397 3064 1464 expertia
3089 1397 3228 1449 idola
3258 1406 3578 1452 exsecratus
3603 1397 3803 1460 fueris,

2216 1485 2528 1539 misericors
2567 1494 2623 1539 et
2661 1486 2901 1539 clemens
2943 1486 3083 1541 Deus
3115 1496 3167 1540 te
3204 1489 3583 1555 poenitentiam
3636 1503 3811 1559 agen-

2219 1586 2327 1630 tem
2369 1576 2754 1646 amplectetur.
2809 1576 2964 1632 Tunc
3019 1578 3156 1629 dixit
3208 1576 3529 1633 Valerianus
3587 1598 3600 1631 :
3661 1583 3810 1651 Ergo

2217 1668 2424 1721 domini
2466 1668 2541 1721 tui
2598 1668 2847 1737 pecunia:
2883 1677 3143 1721 arternam
3176 1669 3337 1721 vitam
3373 1670 3446 1722 illi
3509 1671 3809 1725 afferunt?

2218 1760 2474 1821 Maxime,
2515 1761 2691 1831 inquit
2746 1760 3110 1827 Tertullinus,
3154 1770 3207 1815 et
3261 1777 3367 1814 non
3410 1764 3592 1818 solum
3642 1775 3813 1819 aeter—

2219 1868 2345 1907 nam
2382 1856 2575 1917 vitam,
2606 1852 2700 1906 sed
2738 1864 3067 1923 perpetuum
3122 1855 3287 1906 etiam
3348 1869 3577 1921 regnum
3618 1858 3813 1909 conci-

2220 1946 2377 1999 Iiant.

2288 2033 2426 2088 XIII.
2472 2034 2568 2088 His
2602 2035 2823 2099 auditis,
2870 2036 3192 2090 Valerianus
3224 2038 3289 2090 ad
3342 2052 3437 2090 eos
3485 2052 3808 2091 sermonem

2223 2128 2483 2197 dirigens,
2530 2128 2620 2197 qui
2653 2128 2884 2183 aderant
2916 2147 2928 2182 :
2957 2129 3181 2195 Delirat,
3224 2129 3420 2199 inquit,
3455 2129 3810 2185 Tertullinus

2218 2222 2339 2276 iste.
2372 2221 2760 2275 Prosternatur
2798 2222 2962 2291 igitur
2996 2222 3050 2275 in
3082 2232 3305 2285 terram,
3332 2232 3385 2277 et
3417 2224 3605 2278 multis
3632 2226 3810 2295 virgis

2218 2314 2578 2382 percutiatur.
2616 2314 2804 2381 Itaque
2832 2329 2955 2367 eum
2996 2313 3057 2367 Β.
3086 2315 3425 2371 Tertullinus
3474 2317 3597 2371 sine
3632 2319 3812 2372 mise-

2218 2406 2451 2460 ricordia
2485 2406 2889 2470 verberarctur,
2914 2421 3045 2459 voce
3068 2422 3259 2477 magna
3286 2408 3500 2464 dicebat
3531 2427 3543 2465 :
3580 2407 3811 2464 Gratias

2216 2512 2316 2568 ago
2353 2497 2471 2559 tibi,
2519 2497 2747 2551 Domine
2777 2496 2904 2551 Jesu
2938 2496 3178 2557 Christe,
3213 2498 3354 2569 quod
3391 2513 3501 2551 non
3527 2498 3809 2568 disjunxi-

2218 2590 2288 2644 sti
2324 2606 2412 2643 me
2436 2606 2464 2643 a
2498 2591 2722 2644 domino
2751 2606 2874 2645 meo
2927 2600 2982 2643 et
3010 2606 3168 2645 servo
3204 2598 3296 2644 tuo
3323 2589 3595 2662 Olympio,
3623 2595 3721 2661 qui
3754 2605 3813 2647 et

2215 2697 2303 2736 me
2332 2683 2628 2737 antecessit
2664 2684 2926 2752 martyrio
2970 2682 3212 2736 functus.
3248 2684 3383 2737 Cum
3435 2684 3618 2753 itaque
3660 2686 3812 2737 inter

2215 2774 2447 2827 verbera
2483 2784 2535 2826 ct
2564 2775 2750 2841 plagas
2781 2774 2885 2826 hoc
2907 2772 3135 2831 diceret,
3167 2774 3329 2840 jussit
3354 2774 3651 2841 imperator
3682 2778 3811 2843 ejus

2214 2864 2478 2918 lateribus
2539 2862 2721 2933 ignem
2773 2862 2986 2931 subjici.
3037 2862 3135 2915 Cui
3208 2862 3402 2917 nefarii
3450 2876 3612 2934 atque
3647 2866 3809 2935 impii

2218 2954 2471 3010 homines
2493 2955 2599 3009 hoc
2617 2970 2762 3025 saepe
2782 2954 3164 3009 incnleahant:
3194 2954 3495 3010 Tertulline
3514 2958 3809 3028 sacrilege.

2216 3050 2383 3105 redde
2416 3050 2679 3117 pecunias
2722 3048 2928 3101 domini
2974 3048 3071 3102 tui.
3124 3047 3319 3102 Beatus
3366 3064 3498 3102 vero
3531 3048 3809 3106 Tertulli-

530 3132 749 3199 phanus
798 3148 919 3185 cum
972 3134 1187 3188 clericis
1219 3144 1275 3189 et
1322 3135 1451 3189 viris
1485 3134 1773 3205 religiosis,
1826 3138 2110 3204 sanctique
2138 3171 2181 3227 ο
2219 3157 2323 3196 nus
2350 3143 2623 3196 constanti
2662 3142 2845 3195 animo
2879 3152 3042 3211 atque
3068 3142 3221 3196 hilari
3258 3142 3409 3196 vultu
3440 3143 3657 3199 dicebat
3695 3145 3809 3199 Va-

528 3221 838 3291 Sempronii
879 3222 1135 3293 reliquias
1165 3225 1403 3295 collegit,
1454 3234 1512 3279 et
1549 3224 1668 3278 illas
1715 3238 1841 3277 cum
1875 3222 2109 3294 Olympii

525 3317 905 3377 etsociorum,
962 3318 1053 3383 qui
1114 3319 1266 3384 prius
1320 3324 1545 3386 propter
1602 3315 1879 3372 Christum
1942 3319 2111 3373 inter-

528 3406 650 3461 fecti
679 3406 917 3471 fuerant,
947 3409 1314 3464 sanctissimis
1364 3410 1612 3479 reliquiis
1643 3411 1952 3466 collocavit.

609 3497 699 3551 λι.
760 3499 889 3554 Post
950 3501 1155 3554 multos
1215 3501 1335 3553 dies
1390 3500 1715 3553 Valerianus
1749 3512 1801 3553 et
1834 3501 2112 3555 Gallienus

526 3599 816 3659 coeperunt
857 3593 1074 3646 beatum
1126 3591 1443 3661 episcopum
1502 3590 1842 3661 Stephanum
1892 3603 1945 3647 ct
1992 3598 2111 3664 ejus

526 3680 734 3734 clerum
773 3682 1052 3751 inquirere
1106 3701 1121 3736 :
1174 3683 1304 3753 quin
1376 3684 1539 3737 etiam
1604 3684 1784 3740 edicto
1837 3688 2111 3757 preposito

521 3771 829 3841 jusserunt,
856 3781 917 3827 ut
944 3774 1261 3845 ubicunque
1286 3776 1493 3829 inventi
1519 3776 1773 3839 fuissent,
1796 3790 1913 3846 post
1944 3783 2111 3835 multa

526 3871 583 3914 et
615 3862 759 3915 varia
792 3871 1093 3925 tormenta,
1149 3874 1328 3917 morte.
1359 3865 1713 3919 acerbissima
1754 3880 2109 3923 necarentur.

526 3952 714 4021 Itaque
776 3954 986 4007 detenti
1047 3966 1175 4009 sunt
1240 3957 1427 4012 clerici
1489 3958 1800 4025 duodecim,
1864 3976 2106 4031 quorum

524 4045 746 4098 nomina
787 4046 901 4101 haec
936 4054 1064 4101 sunt
1102 4067 1115 4103 :
1170 4046 1431 4115 Fausms,
1466 4048 1711 4116 Maurus,
1764 4052 2105 4115 Primitivus,

520 4128 840 4192 Columnius
884 4137 1331 4211 [Calumniosus],
1378 4141 1642 4209 Joannes,
1680 4144 2106 4215 Exuperantius,

522 4226 777 4295 Cyrillus,
800 4227 1131 4291 Honoratus.
1169 4228 1512 4285 Theodosius
1537 4231 1928 4305 [Theodorus].
1954 4235 2107 4289 Basi-

522 4322 647 4387 lius,
668 4323 945 4391 Castulus,
983 4324 1246 4382 Donatus.
1274 4326 1375 4393 Qui
1408 4344 1531 4382 cum
1560 4329 1745 4385 multis
1775 4330 2108 4386 cruciatibus

523 4421 926 4482 torquerentur,
954 4429 1130 4483 neque
1150 4416 1343 4470 adduci
1367 4427 1591 4486 possent
1611 4428 1673 4473 ut
1691 4419 1941 4476 facerent
1963 4423 2107 4492 quod

2217 3234 2438 3288 Ieriano
2470 3253 2481 3288 :
2514 3235 2645 3305 Age,
2687 3234 2877 3298 miser,
2938 3234 3019 3286 fac
3053 3233 3341 3286 celerrime
3374 3235 3635 3302 quidquid
3694 3240 3808 3300 vis,

2220 3337 2279 3381 ut
2304 3343 2403 3396 per
2440 3327 2759 3382 incendium
2797 3338 2847 3378 et
2888 3325 3140 3378 ﬂammas
3183 3326 3319 3379 istas
3342 3341 3428 3379 me
3463 3328 3806 3385 sacrificium

2221 3420 2333 3472 Deo
2355 3426 2565 3488 gratum
2598 3416 2793 3470 offerre
2824 3418 3046 3485 possim.
3084 3416 3238 3470 Tunc
3269 3418 3436 3482 jussit
3476 3419 3814 3478 Valerianus

2221 3510 2585 3579 Tertullinum
2624 3524 2732 3561 non
2765 3510 2999 3578 amplius
3037 3511 3338 3571 verberari.
3384 3513 3478 3566 sed
3515 3515 3653 3567 tradi
3706 3515 3809 3567 Sa-

2220 3605 2383 3675 pritio
2432 3604 2583 3657 urbis
2625 3604 2865 3674 praisidi,
2918 3604 3005 3659 cui
3038 3606 3172 3659 dixit
3225 3625 3237 3659 :
3288 3606 3420 3678 Age,
3464 3610 3684 3677 require
3740 3613 3812 3667 ab

2222 3697 2325 3751 isto
2372 3698 2635 3767 pecunias
2686 3696 2922 3769 Olympii
2962 3698 3167 3751 domini
3222 3699 3345 3765 sui;
3418 3701 3620 3757 deinde
3672 3718 3812 3774 coge

2221 3789 2371 3841 illum
2408 3791 2513 3842 diis
2549 3789 2757 3844 libare:
2792 3791 2936 3858 quod
2964 3792 3067 3843 nisi
3103 3791 3317 3856 fecerit,
3350 3794 3517 3849 variis
3551 3806 3802 3851 tormen-

2221 3880 2289 3931 tis
2325 3878 2625 3933 crucietur.

2298 3968 2433 4025 XIV.
2468 3971 2605 4025 Cum
2660 3971 2765 4025 hoc
2800 3973 3115 4026 mandatum
3157 3974 3459 4044 accepisset
3506 3978 3809 4050 Sapritius,

2218 4064 2401 4116 statim
2431 4057 2666 4119 tribunal
2713 4063 2817 4119 sibi
2869 4064 3048 4134 parari
3087 4065 3249 4135 jussit
3293 4066 3343 4119 in
3398 4083 3464 4121 co
3508 4066 3650 4133 loco,
3713 4087 3807 4150 qui

2219 4155 2520 4211 Mamertini
2555 4158 2749 4212 domus
2803 4158 3129 4229 appellatur,
3184 4161 3549 4231 praecepitque
3605 4163 3810 4219 adduci

2216 4248 2281 4300 ad
2313 4263 2369 4301 se
2400 4259 2714 4317 martyrem,
2740 4266 2988 4317 praecone
3018 4251 3095 4304 sic
3124 4253 3401 4307 indicente
3432 4272 3447 4308 :
3487 4256 3812 4313 Adducatur

2218 4338 2325 4391 huc
2360 4338 2657 4410 sacrilegus
2688 4336 3026 4393 Tertullinus
3083 4358 3096 4393 :
3139 4342 3418 4397 Adductus
3467 4346 3650 4422 Itaque
3703 4351 3813 4403 fuit

2217 4428 2580 4491 Tertullinus,
2611 4443 2774 4499 quem
2808 4444 3007 4499 praeses
3034 4429 3411 4500 interrogavit,
3443 4447 3552 4500 quo
3579 4440 3811 4491 nomine

518 4504 657 4573 jussi
748 4514 942 4572 erant,
1025 4515 1306 4576 postremo
1374 4509 1732 4579 imperatores
1827 4514 2103 4583 jusserunt
2139 4527 2190 4585 ι)
2223 4531 2529 4575 vocaretur.
2575 4521 2675 4575 Cui
2716 4519 3400 4583 Tertullinus:Peccator,
3445 4522 3640 4591 inquit,
3680 4540 3809 4579 sum

524 4595 648 4651 illos
700 4596 1015 4653 obtruncari
1074 4600 1128 4653 in
1179 4601 1264 4653 via
1319 4615 1440 4670 qua
1484 4602 1794 4672 appellatur
1846 4607 2119 4675 Aquaadu-

522 4692 666 4741 ctus.
688 4684 931 4751 Quorum
954 4689 1261 4744 veneranda
1282 4704 1508 4759 corpora
1529 4692 1738 4747 curavit
1760 4692 2116 4761 Tertullinus,

522 4780 614 4847 qui
633 4777 812 4834 fuerat
832 4778 1062 4851 Olympii
1096 4795 1308 4845 servus,
1335 4782 1585 4850 quamvis
1605 4784 1785 4839 adhuc
1806 4796 1955 4843 esset
1983 4802 2118 4856 gen-

525 4871 652 4939 tilis,
685 4880 951 4925 eteorum
989 4868 1248 4938 reliquias
1270 4868 1511 4939 reposuit
1546 4884 1717 4939 prope
1746 4885 1973 4940 corpora
1990 4889 2117 4928 san~

522 4975 736 5020 ctorum
767 4961 952 5018 Juvini
988 4970 1044 5016 et
1073 4960 1291 5028 Basilei,
1322 4962 1377 5016 in
1413 4962 1500 5019 via
1527 4960 1743 5019 Latina.
1774 4964 1889 5020 Cal.
1922 4966 2060 5038 Aug.

600 5078 725 5133 XII.
784 5077 913 5133 Ilaec
989 5092 1114 5133 eum
1178 5077 1484 5131 audivisset
1535 5078 1729 5134 beatus
1805 5078 2118 5150 Stephanus

523 5168 804 5239 pontifex,
830 5167 995 5238 jussit
1023 5166 1090 5221 ad
1138 5180 1199 5220 se
1229 5165 1495 5221 accersiri
1526 5164 1919 5236 Tcrtullinum,
1945 5185 2106 5239 quem

524 5261 715 5333 multis
751 5259 1165 5315 hortationibus
1193 5258 1262 5312 ad
1293 5258 1662 5313 Christianam
1692 5260 1852 5314 fidem
1879 5276 2112 5317 conver-

524 5367 643 5407 sum
663 5350 931 5405 docuitde
961 5344 1133 5419 regno
1163 5348 1285 5415 Dei,
1307 5357 1363 5403 et
1390 5349 1887 5419 sempiternaeyitz
1913 5362 2117 5421 myste-

526 5444 621 5498 riis
662 5442 914 5508 initiavit,
960 5426 1418 5511 sanctissimoque
1481 5441 1808 5510 baptismate
1839 5444 2113 5514 purgavit,

526 5545 690 5606 atque
716 5535 870 5590 illum
924 5534 1105 5590 adhuc
1153 5533 1277 5587 alba
1321 5543 1471 5588 veste
1516 5534 1795 5600 indutum,
1829 5536 2113 5592 ordinavit

527 5628 925 5699 presbyterum.
983 5624 1157 5692 Quem
1208 5640 1333 5679 cum
1392 5626 1669 5680 docuisset
1723 5625 1791 5679 de
1842 5626 2019 5679 salute
2048 5642 2111 5681 ac

525 5721 730 5775 caelesti
758 5735 927 5789 regno
956 5728 1178 5775 sanctus
1207 5717 1453 5789 pontifex
1497 5736 1511 5774 :
1545 5718 1695 5781 Esto,
1728 5719 1902 5787 inquit
1933 5762 1947 5785 ,
1992 5720 2111 5786 tibi,

526 5813 719 5878 frater,
776 5814 881 5867 hoc
910 5828 1049 5867 onus
1082 5812 1421 5882 impositum,
1461 5820 1520 5864 ut
1554 5810 1849 5865 multorum
1902 5820 2107 5881 marty-

2225 4628 2345 4684 ego,
2381 4627 2572 4667 servus
2601 4626 2884 4665 servorum
2913 4610 3042 4667 Iesu
3075 4612 3300 4668 Christi.
3336 4613 3489 4669 Tunc
3529 4614 3811 4685 Sapritius

2226 4717 2433 4773 praeses
2474 4703 2551 4757 sic
2581 4718 2704 4756 eum
2736 4702 2934 4757 allatus
2969 4711 3055 4757 est
3089 4720 3101 4755 :
3144 4704 3444 4758 Considera
3481 4721 3600 4774 qua:
3652 4722 3812 4763 nunc

2225 4796 2319 4850 tibi
2358 4796 2771 4865 precipiuntur,
2804 4804 2861 4850 et
2890 4794 3009 4849 sine
3041 4811 3193 4850 mora
3227 4795 3417 4863 facias,
3460 4800 3605 4867 quod
3653 4800 3808 4865 dico,

2222 4896 2282 4939 ut
2312 4885 2483 4940 vivas.
2540 4886 2636 4939 Eia
2687 4884 2851 4954 igitur
2897 4883 3000 4939 diis
3049 4882 3319 4950 sacrifica,
3355 4892 3408 4938 et
3442 4883 3632 4947 redde,
3681 4901 3811 4955 quae

2218 4978 2498 5051 jubemus,
2551 4979 2694 5031 bona
2747 4975 2983 5047 Olympii
3033 4976 3243 5029 domini
3299 4977 3409 5042 tui;
3465 4978 3548 5030 sin
3595 4978 3804 5043 minus,

2232 5081 2639 5125 tormentorum
2663 5068 2949 5141 suppliciis
2970 5077 3329 5138 consumptus
3356 5066 3542 5122 fueris.
3579 5069 3659 5122 Ad
3687 5071 3805 5125 haec

2222 5162 2504 5232 respondit
2532 5144 2872 5215 Tertullinus
2902 5176 2915 5212 :
2949 5158 3005 5214 Si
3042 5172 3235 5213 nosses
3269 5168 3488 5214 :eterns:
3521 5160 3648 5215 vitae
3683 5161 3806 5216 feli-

2220 5256 2469 5320 citatem,
2504 5270 2613 5308 non
2664 5270 2816 5310 esses
2846 5254 2914 5309 de
2966 5253 3224 5323 prresenti
3275 5253 3475 5308 sarculo
3508 5252 3705 5308 anxius
3741 5269 3806 5309 ac

2219 5351 2503 5411 sollicitus,
2561 5362 2622 5401 ea
2664 5361 2863 5401 curans
2890 5361 3010 5416 quas
3053 5361 3082 5399 a
3114 5346 3475 5407 daemonibus,
3510 5360 3651 5412 quos
3702 5361 3803 5401 vos

2219 5445 2422 5507 colitis,
2456 5451 2846 5511 suggeruntur,
2883 5446 2938 5493 et
2984 5438 3080 5493 tibi
3116 5446 3170 5493 et
3204 5437 3280 5491 tui
3323 5436 3597 5492 similibus
3633 5448 3805 5492 aster.

2220 5552 2318 5591 nos
2370 5534 2644 5589 cruciatus
2676 5531 2925 5585 afferent.
2960 5528 3054 5584 llis
3082 5529 3304 5596 auditis,
3338 5527 3610 5599 Sapritius
3661 5545 3804 5599 pne.

2219 5644 2305 5681 ses
2326 5625 2488 5695 jussit
2520 5621 2810 5675 Tertullini
2842 5621 3038 5677 faciem
3072 5621 3343 5690 lapidibus
3394 5621 3603 5677 collidi.
3657 5622 3805 5677 Sau-

2219 5731 2339 5773 ctus
2392 5732 2520 5771 vero
2591 5715 2952 5780 Tertullinus,
2988 5714 3099 5769 Deo
3156 5714 3357 5785 gratias
3406 5729 3596 5784 agens,
3665 5715 3806 5769 dixit

2220 5810 2430 5882 praesidi
2464 5826 2475 5861 :
2514 5809 2592 5861 Tu
2630 5824 2806 5861 uicum
2841 5824 2901 5862 os
2948 5806 3220 5878 confringi
3258 5806 3489 5877 jussisti.
3522 5814 3579 5861 et
3615 5803 3805 5861 Domi-
