3972 6480
150 390 240 453 521

1386 388 1566 449 VITA
1612 387 1673 445 S.
1718 386 2119 450 STEPHANI.

3265 388 3369 452 522

148 516 241 556 nus
297 517 450 557 meus
483 500 645 556 Jesus
676 497 947 560 Christus.
996 513 1155 568 quem
1194 513 1292 569 ego
1332 499 1472 561 colo,
1527 510 1579 553 to
1644 512 1707 551 ac
1736 506 1779 559 Α
1810 499 2157 555 beatissimus
2222 501 2465 571 pontifex
2508 517 2535 553 a
2592 501 2913 557 satellitibus
2966 506 3118 554 extra
3167 503 3366 554 mtenia

144 594 405 648 diabolum
430 592 754 647 idololatria:
783 599 1060 646 auctorem
1088 599 1353 644 conteret.
1374 588 1529 644 Tunc
1564 604 1701 660 prae-

146 700 224 739 ses
264 684 404 737 dixit
467 682 555 737 his
601 684 693 752 qui
749 693 1044 752 praesentes
1081 689 1238 735 erant
1282 701 1294 735 :
1330 680 1565 736 Curnam
1606 682 1705 734 iste

146 784 382 827 moratur
429 771 665 843 Olympii
709 772 970 841 pecunias
1016 771 1289 827 reddere?
1348 772 1415 825 Et
1467 772 1532 825 ad
1582 787 1703 824 eum

145 880 474 921 conversus:
504 866 636 935 Age,
671 864 866 935 inquit,
893 862 1025 917 atl‘er
1052 863 1313 925 pecunias
1347 878 1481 932 quas
1518 863 1703 929 debes,

146 967 193 1011 et
244 957 353 1010 diis
409 956 676 1021 sacritica,
734 970 805 1009 ne
875 953 1053 1023 capite
1106 954 1488 1015 obtruncatus,
1542 954 1706 1007 vitam

149 1049 385 1102 amittas.
443 1046 745 1116 ReSpondit
788 1045 1122 1101 Tertullinus
1166 1064 1179 1099 :
1228 1043 1339 1113 Ego
1375 1045 1426 1096 in
1476 1044 1708 1097 Domino

149 1156 266 1194 meo
317 1139 450 1193 Jesu
509 1139 747 1203 Christo,
789 1138 879 1191 cui
918 1138 1151 1201 credidi,
1210 1137 1568 1191 confirmatus
1633 1136 1704 1190 ita

144 1248 281 1295 sum,
314 1243 371 1286 et
404 1232 478 1285 ita
504 1232 655 1284 illum
685 1228 888 1285 habere
913 1230 1093 1299 cupio,
1127 1237 1185 1282 ut
1215 1232 1535 1296 praesentem
1567 1224 1729 1280 haue

145 1324 302 1376 vitam
344 1338 444 1392 pro
479 1322 649 1375 nihilo
681 1321 901 1389 ducam,
943 1320 1101 1391 cujus
1129 1320 1308 1374 nullos
1352 1330 1530 1375 certos
1572 1321 1707 1373 fines

144 1414 473 1469 constitutos
504 1412 685 1467 video.

208 1503 323 1557 XV.
389 1503 517 1557 Haec
565 1504 793 1558 audiens
840 1502 1131 1573 Sapritius,
1193 1504 1376 1558 furore
1422 1516 1707 1565 accensus,

139 1598 296 1665 jussit
326 1593 694 1649 Tertullinum
741 1594 795 1647 in
839 1594 986 1662 ligno
1009 1594 1249 1658 extendi,
1296 1603 1349 1647 ct
1399 1594 1579 1648 nervis
1614 1595 1706 1647 ditt

144 1686 441 1741 verberari.
466 1685 601 1739 Cum
631 1686 794 1755 igitur
821 1685 1001 1738 nervis
1028 1685 1329 1738 caederetur
1352 1682 1708 1748 Tertullinus,

145 1780 412 1833 clamabat
443 1796 455 1830 :
492 1779 718 1829 Domine
744 1776 872 1830 Jesu
892 1776 1129 1839 Christe,
1160 1790 1226 1827 ne
1250 1774 1471 1830 deseras
1497 1789 1711 1830 servum

1809 602 1866 644 et
1894 600 2102 659 portam
2134 590 2361 660 Appiam
2390 589 2456 644 ad
2484 590 2745 660 templum
2778 589 2983 643 Martis.
3016 586 3134 655 Quo
3162 588 3215 641 in
3248 589 3368 642 loco

1808 681 2101 751 episcopus
2142 680 2283 751 ipse,
2342 680 2597 736 omnibus
2640 682 3038 749 spectantibus,
3079 679 3266 736 oculos
3314 679 3369 731 in

1809 773 2003 828 etelum
2040 774 2238 839 erexit,
2268 788 2331 828 ac
2369 773 2503 827 dixit
2551 790 2564 827 :
2621 773 2848 827 Domine
2886 772 3045 836 Deus,
3074 772 3233 827 Pater
3265 771 3371 826 Do—

1812 864 1943 917 tnini
1982 865 2153 919 nostri
2180 863 2310 919 Jesu
2338 864 2562 929 Christi,
2600 866 2692 935 qui
2725 864 2968 919 evertisti
3014 864 3207 917 turrim
3237 878 3372 917 con-

1814 955 2045 1009 fusionis
2078 956 2223 1025 apud
2280 954 2634 1026 Babylonem,
2683 956 2925 1019 destrue,
2977 969 3183 1024 quaeso.
3229 966 3376 1007 nunc

1812 1056 1866 1100 et
1896 1046 2075 1101 locum
2112 1047 2279 1111 hunc,
2321 1048 2378 1102 in
2411 1063 2517 1117 quo
2547 1047 2747 1103 diaboli
2778 1047 3096 1116 superstitio
3139 1061 3236 1115 per
3260 1046 3378 1099 ido-

1813 1138 1989 1192 lorum
2034 1137 2237 1193 cultum
2280 1150 2586 1195 exercetur.
2632 1139 2769 1194 Cum
2809 1139 2921 1193 hzec
2956 1136 3187 1192 dixisset
3236 1152 3373 1206 pon-

1816 1228 1969 1293 tifex,
2020 1241 2248 1298 repente
2290 1230 2432 1284 facto
2479 1228 2723 1284 touitruo
2764 1238 2820 1283 et
2858 1229 3071 1301 fulgure
3112 1234 3371 1292 maximo,

1816 1320 2080 1390 templum
2130 1320 2318 1375 Martis
2369 1336 2561 1392 magna
2620 1336 2683 1374 ex
2720 1331 2873 1390 parte
2923 1320 3152 1374 corruit.
3218 1319 3374 1385 Quod

1816 1412 2063 1466 videntes
2083 1412 2307 1476 milites,
2338 1413 2713 1482 perterrefacti
2754 1413 3106 1483 aufugerunt,
3138 1428 3203 1467 ac
3250 1414 3379 1468 reli-

1816 1511 2057 1574 querttnt
2112 1504 2488 1558 beatissimum
2529 1504 2866 1573 Stephanum
2930 1520 3052 1559 cum
3121 1507 3380 1560 omnibus

1816 1592 2164 1654 Christianis.
2208 1594 2297 1663 qui
2352 1609 2477 1647 eum
2533 1595 2703 1649 secuti
2761 1594 3000 1651 fuerant.
3045 1596 3231 1667 Itaque
3291 1596 3378 1650 illa

1820 1682 1938 1751 ipsa
1968 1681 2101 1735 hora
2135 1680 2197 1734 Β.
2238 1680 2555 1751 Stephanus
2601 1682 2733 1737 abiit
2768 1698 2890 1737 cum
2932 1683 3184 1739 omnibus
3228 1684 3385 1741 Chri-

1821 1774 2032 1838 stianis,
2098 1789 2235 1843 quos
2299 1790 2482 1829 secum
2547 1774 2801 1839 habebat,
2861 1775 2928 1829 ad
3012 1777 3382 1831 cmmeterium

147 1882 315 1927 tuum.
344 1868 443 1937 qui
487 1869 644 1921 fidem
696 1877 749 1921 et
793 1881 943 1935 spem
997 1882 1150 1921 suam
1181 1866 1232 1920 in
1287 1876 1337 1921 te
1369 1868 1651 1925 collocavit
1696 1886 1709 1922 :
1744 1842 1789 1897 Β
1825 1863 1882 1917 Β.
1913 1842 2245 1937 Lucillte[al.
2271 1864 2533 1936 Lucinae],
2560 1866 2649 1920 ubi
2683 1864 2870 1920 multis
2897 1866 3379 1921 adhortationibus

145 1961 235 2016 sed
269 1962 337 2014 da
379 1961 543 2025 vires,
580 1959 714 2013 utin
770 1968 955 2014 sancta
984 1969 1039 2013 et
1072 1970 1217 2013 recta
1244 1960 1587 2014 confessione
1620 1968 1708 2013 tua

145 2064 518 2117 perseverem,
556 2049 818 2118 quoniam
861 2058 918 2103 tu
977 2064 1037 2104 es
1091 2064 1219 2119 spes
1274 2064 1413 2112 mea,
1454 2048 1552 2103 Fili
1615 2049 1711 2103 Dei

146 2140 266 2194 vivi.
323 2138 446 2192 Mos
502 2140 666 2209 jussit
736 2138 1008 2209 Sapritius
1067 2138 1432 2195 Tertullinum
1487 2141 1539 2194 in
1593 2150 1711 2195 rota

145 2231 417 2299 suspendi.
458 2232 595 2285 Dum
626 2231 786 2299 igitur
813 2232 864 2284 in
901 2240 1015 2285 rota
1057 2232 1322 2300 penderet
1365 2232 1556 2287 beatus
1601 2233 1714 2299 ille,

146 2320 377 2388 Spiritus
424 2323 599 2376 sancti
653 2322 920 2378 auxilium
972 2322 1286 2379 invocabat.
1340 2323 1477 2379 Cum
1534 2335 1716 2379 autem

148 2413 314 2481 ipsius
341 2414 585 2468 animum
616 2430 680 2470 ac
727 2416 1066 2486 propositqu
1098 2416 1170 2469 ita
1198 2416 1412 2471 firmum
1446 2425 1499 2471 et
1530 2417 1721 2471 stabile

149 2507 370 2561 vidisset
419 2505 713 2577 Sapritius,
766 2517 824 2560 ut
867 2508 1072 2560 moveri
1118 2522 1226 2561 non
1284 2518 1486 2576 posset,
1538 2507 1723 2561 retulit

150 2594 439 2651 Valeriano
462 2603 720 2667 tyranno,
747 2597 1111 2651 Tertullinum
1134 2598 1301 2653 nullis
1334 2600 1519 2663 minis,
1554 2598 1721 2653 nullis

150 2686 646 2749 adhortationibus,
705 2687 875 2741 nullis
928 2688 1167 2758 denique
1226 2688 1568 2743 cruciatibus
1633 2698 1726 2744 aut

151 2779 417 2834 machinis
448 2779 646 2833 adduci
683 2794 862 2849 posse,
891 2789 949 2834 ut
974 2780 1057 2835 vel
1080 2779 1187 2834 diis
1218 2780 1479 2847 immolet,
1508 2781 1591 2835 vel
1629 2782 1725 2838 do-

153 2872 275 2925 mini
316 2872 400 2924 sui
459 2870 743 2925 facultates
776 2886 837 2925 ac
865 2872 1122 2940 pecunias
1145 2871 1197 2925 in
1220 2871 1461 2925 medium
1507 2872 1722 2927 afferat.

153 2964 297 3019 ‘l'uuc
334 2963 651 3018 Valerianus
681 2967 1005 3019 sententiam
1058 2965 1261 3030 ferens,
1296 2966 1456 3035 jussit
1482 2965 1730 3021 Tertulli-

154 3071 275 3108 num
290 3053 684 3109 obtruncari.E
703 3064 817 3109 rota
836 3055 998 3125 igitur
1012 3057 1517 3127 depositus,ductus
1532 3068 1615 3111 est
1634 3074 1730 3128 per

154 3143 286 3195 viam
310 3143 558 3197 Latinam
575 3144 641 3198 ad
661 3144 959 3198 seetmdum
981 3146 1129 3198 urbis
1149 3145 1519 3216 Iapidem,quo
1538 3148 1589 3200 in
1613 3149 1729 3203 loco

156 3234 249 3289 fuit
278 3235 460 3305 capite
483 3236 858 3290 obtruncatus.
886 3235 1015 3303 Ejus
1038 3244 1219 3291 autem
1243 3236 1507 3307 reliquias
1529 3237 1586 3291 Β.
1606 3239 1730 3293 Ste-

157 3328 361 3394 phanus
397 3326 639 3396 collegit,
689 3335 742 3381 et
768 3326 1016 3396 sepelivit
1041 3328 1094 3381 in
1134 3338 1339 3399 crypta.
1362 3344 1479 3399 qua:
1504 3345 1731 3385 arenosa

157 3416 377 3481 dicitur,
400 3418 577 3488 pridie
601 3417 866 3472 Kalendas
884 3421 1111 3491 August.
1135 3418 1291 3491 [Cod.
1309 3422 1428 3475 Kal.
1455 3422 1728 3496 Augusti].

222 3509 362 3562 XVI.
396 3510 625 3563 Postero
661 3518 840 3564 autem
877 3512 963 3566 die
995 3511 1320 3566 Valerianus
1354 3514 1500 3567 misit
1530 3518 1730 3569 cohor-

160 3610 280 3661 tem,
306 3615 430 3667 quz
449 3600 671 3653 beatum
692 3602 1003 3668 pontificem
1031 3602 1371 3671 Stephanum
1398 3620 1522 3661 cum
1542 3609 1728 3662 multis

159 3688 388 3753 clericis,
425 3689 765 3760 presbyteris
801 3706 865 3746 ac
914 3691 1167 3747 diaeonis
1208 3695 1725 3765 comprehenderet.

158 3781 284 3838 Cum
318 3785 489 3855 igitur
513 3783 755 3855 pontifex
778 3793 833 3839 et
861 3786 981 3855 ejus
1010 3787 1195 3841 clerici
1227 3803 1352 3843 cum
1381 3805 1447 3844 eo
1473 3806 1729 3862 compre-

162 3873 310 3926 hensi
339 3883 551 3936 essent,
592 3875 815 3943 plurimi
863 3872 1164 3931 Christiani
1213 3877 1461 3949 lugentes
1509 3880 1731 3951 alonge

161 3965 275 4017 illos
309 3965 704 4031 sequebantur.
732 3966 923 4018 Postea
957 3982 1091 4020 vero
1121 3984 1285 4036 quam
1321 3968 1381 4022 Β.
1419 3970 1731 4040 Stephanus

155 4059 301 4127 jussu
343 4054 619 4109 Valeriani
653 4064 780 4110 ante
809 4057 980 4127 ipsius
1012 4060 1252 4114 tribunal
1306 4063 1460 4118 stetit
1501 4082 1514 4118 :
1549 4064 1729 4130 Tune,

162 4150 332 4219 inquit
371 4147 795 4204 seelestissimus
835 4150 1156 4220 imperator,
1185 4168 1246 4207 es
1270 4154 1358 4209 ille
1392 4154 1727 4225 Stephanus,

162 4243 246 4312 qui
274 4239 683 4311 rempublicam
713 4251 955 4295 nostram
988 4243 1310 4311 perturbare
1340 4260 1404 4299 ac
1433 4248 1731 4304 dissolvere

165 4346 461 4404 aggressus
514 4346 597 4395 es,
635 4331 839 4401 quique
888 4333 1133 4388 consiliis
1167 4344 1217 4389 et
1282 4339 1576 4409 praestigiis
1625 4340 1732 4396 tuis

162 4426 359 4478 suades
377 4423 605 4493 populo,
634 4432 691 4475 ut
717 4438 746 4475 a
772 4425 996 4479 deorum
1028 4425 1174 4480 cultu
1197 4427 1504 4483 desciscat?
1532 4434 1731 4489 Adbaac

1814 1955 2154 2011 Christianos
2210 1958 2617 2021 consolabatur,
2680 1958 2830 2027 ipsos
2880 1957 3112 2011 hortans
3159 1967 3214 2011 et
3258 1972 3387 2013 cor-

1817 2041 2103 2108 roborans,
2139 2060 2209 2100 ne
2247 2056 2597 2117 tyrannorum
2628 2048 2802 2101 minas
2835 2056 2890 2102 et
2908 2057 3173 2101 tormenta
3201 2046 3388 2100 formi-

1820 2133 2031 2197 darent,
2052 2149 2174 2188 cum
2204 2136 2465 2190 Dominus
2485 2139 2601 2204 ipse
2631 2136 2775 2190 dicat
2810 2154 2825 2190 :
2852 2135 3029 2189 Nolite
3064 2138 3248 2190 timere
3298 2154 3387 2191 eoa

1824 2227 2156 2292 qui'possuut
2183 2229 2419 2281 occidere
2453 2244 2662 2297 corpus,
2710 2228 2949 2281 animum
2978 2244 3098 2282 vero
3129 2244 3231 2282 non
3264 2246 3386 2298 pos.

1820 2327 1938 2369 sunt
1971 2319 2203 2371 occidere
2242 2336 2260 2372 :
2286 2321 2463 2373 timete
2490 2320 2661 2380 illum,
2706 2321 2794 2389 qui
2836 2330 3001 2387 potest
3052 2330 3100 2372 et
3150 2322 3389 2374 animam

1823 2417 1870 2462 et
1900 2424 2087 2477 corpus
2114 2410 2329 2477 perdere
2368 2411 2421 2463 in
2450 2410 2737 2479 gehennam
2782 2411 2820 2463 ί.
2856 2410 2951 2464 His
2988 2410 3388 2465 adhortationi-

1826 2501 1927 2554 hus
1986 2500 2165 2555 bonus
2214 2502 2301 2556 ille
2352 2508 2536 2571 pastor
2579 2501 2827 2572 proprias
2860 2515 2991 2555 oves
3034 2502 3388 2564 confirmans,

1827 2592 2022 2645 obtulit
2051 2591 2269 2646 Christo
2294 2592 2403 2647 Deo
2430 2593 2793 2662 omnipotenti
2822 2593 3176 2646 oblationem.

1899 2683 2059 2739 XV'll.
2092 2686 2162 2738 At
2199 2685 2395 2754 impius
2420 2685 2760 2747 Valerianus,
2794 2700 2915 2740 cum
2946 2695 3001 2739 et
3028 2685 3213 2739 Martis
3258 2696 3393 2740 tem-

1834 2778 1983 2847 plum
2025 2789 2275 2829 eversum
2318 2776 2507 2840 fuisse,
2554 2785 2612 2829 et
2660 2774 3096 2832 Christianorum
3147 2778 3395 2831 multitu-

1831 2868 2012 2921 dinem
2060 2883 2183 2920 cum
2245 2868 2502 2937 pontifice
2565 2867 2841 2936 Stephano
2893 2882 3015 2921 esse
3063 2868 3386 2929 audivisset.

1834 2960 1978 3011 misit
2016 2957 2213 3013 milites
2240 2957 2399 3026 longe
2442 2957 2626 3025 plures
2658 2957 2744 3011 his
2794 2972 2932 3026 quos
2959 2967 3118 3011 antea
3149 2958 3394 3013 miserat.

1834 3052 1937 3118 Qui
1972 3067 2095 3108 eum
2136 3051 2434 3113 venissent,
2473 3050 2802 3103 invenerunt
2827 3050 3043 3103 beatum
3084 3044 3395 3121 poniiticem

1838 3142 2176 3212 Stephanum
2228 3140 2337 3194 Deo
2389 3140 2718 3195 sacrificium
2769 3140 3111 3197 oerrentem.
3177 3144 3395 3199 Illorum

1835 3242 2016 3287 autem
2043 3233 2281 3287 adventu
2304 3241 2525 3287 sanctus
2560 3232 2851 3305 episcopus
2882 3233 3019 3287 nihil
3050 3237 3399 3303 perturbatus

1832 3334 1938 3389 est,
1987 3325 2081 3377 sed
2122 3325 2417 3392 tranquillo
2450 3333 2506 3377 et
2560 3324 2748 3393 quieto
2801 3326 2985 3378 animo
3032 3324 3249 3380 Christo
3290 3328 3400 3382 Deo

1835 3415 2160 3470 sacrificium
2191 3416 2411 3479 obtulit,
2458 3425 2620 3484 atque
2661 3414 2863 3470 ibidem
2895 3416 3075 3486 capite
3108 3418 3401 3474 obtrunca-

1835 3518 1925 3563 tus
1960 3518 2063 3573 est,
2107 3517 2304 3576 quarto
2347 3507 2532 3562 Nonas
2587 3508 2839 3579 Augusti.
2897 3508 3192 3564 Christiani
3246 3528 3398 3574 vero,

1832 3598 1924 3668 qui
1947 3608 2103 3653 erant
2126 3598 2254 3661 illic,
2274 3611 2476 3650 cumse
2506 3598 2596 3650 tali
2625 3608 2844 3666 pastore
2869 3601 3090 3655 orbatos
3114 3602 3396 3665 vidissent,

1834 3690 2032 3744 multas
2064 3690 2327 3759 lacryinas
2362 3687 2695 3743 effuderunt.
2744 3688 2876 3757 Ejus
2906 3699 3091 3744 autem
3135 3705 3401 3745 veneran-

1840 3780 1969 3835 dum
2012 3794 2213 3848 corpus
2282 3781 2337 3833 in
2394 3780 2482 3833 illa
2535 3781 2723 3834 eadem
2766 3790 2952 3850 crypta
3003 3781 3399 3851 deposuerunt.

1839 3873 1927 3927 ubi
1960 3882 2014 3927 ct
2047 3872 2167 3943 ejus
2208 3872 2429 3941 sanguis
2463 3872 2670 3925 effusus
2718 3873 2915 3935 fuerat,
2955 3872 3009 3925 in
3062 3875 3147 3927 via
3202 3876 3399 3945 Appia,

1836 3967 1887 4020 in
1919 3982 2022 4033 qua
2058 3976 2259 4037 martyr
2297 3965 2385 4020 ille
2409 3966 2579 4019 multa
2610 3978 2733 4018 cum
2766 3977 2897 4033 pace
2929 3968 3194 4035 requievit
3226 3967 3326 4039 (l).

1912 4058 2100 4113 XVIII.
2163 4059 2365 4114 Eodem
2421 4060 2508 4115 die
2578 4054 2779 4113 milites
2831 4058 3097 4113 idolorum
3158 4064 3400 4119 cultores

1833 4152 2119 4206 diaconum
2180 4151 2254 4219 (ἓ)
2296 4153 2583 4219 quemdam
2668 4151 3014 4219 invenerunt,
3067 4154 3399 4212 Tharsitium

1834 4244 2079 4307 nomine,
2130 4244 2225 4313 qui
2274 4244 2622 4314 purissimum
2674 4247 2874 4301 Christi
2923 4263 3121 4316 corpus
3172 4248 3399 4305 ferebat.

1834 4338 2384 4409 Comprehenderunt
2438 4337 2605 4407 igitur
2654 4336 2806 4392 illum
2856 4339 3060 4392 milites
3111 4355 3123 4391 :
3174 4355 3405 4409 cumquo

1836 4434 2107 4488 curiosius
2144 4433 2212 4486 ab
2234 4449 2301 4487 eo
2330 4433 2691 4500 inquirerent,
2715 4435 2974 4503 quidnam
3002 4450 3187 4488 secum
3208 4434 3401 4495 ferret.

161 4523 381 4569 sanctus
409 4511 700 4582 episcopus
728 4509 1042 4581 Stephanus
1095 4519 1379 4584 respondit
1409 4538 1423 4574 :
1451 4519 1559 4589 Ego
1591 4537 1733 4575 rem—
1768 4530 1808 4584 D
1838 4534 1894 4578 et
1923 4524 2040 4593 ipse
2070 4523 2350 4592 indignum
2382 4524 2652 4591 judicaret
2681 4534 2808 4578 ante
2839 4540 3036 4593 porcos
3081 4527 3403 4595 margaritas

160 4609 435 4679 publicam
495 4620 606 4659 non
648 4606 930 4677 perturba,
986 4605 1081 4661 sed
1136 4607 1407 4663 admoneo
1441 4622 1498 4665 et
1546 4613 1734 4668 hortor

160 4714 351 4754 omnes
380 4697 655 4759 homines,
688 4706 749 4751 ut
775 4697 1053 4752 derelictis
1082 4697 1449 4768 daemonibus,
1482 4705 1572 4773 qui
1600 4706 1735 4762 ado-

162 4799 352 4845 rantur
402 4787 458 4841 in
491 4782 613 4840 istis
646 4787 843 4840 vestris
900 4788 1079 4855 idolis,
1116 4792 1183 4846 ad
1225 4807 1411 4847 verum
1478 4794 1643 4850 Deum
1674 4814 1732 4853 se

161 4887 513 4937 convertant.
554 4876 716 4949 Ergo,
751 4876 925 4945 inquit
957 4880 1302 4945 Valerianus,
1335 4893 1391 4936 tu
1423 4888 1609 4939 statim
1644 4887 1729 4940 in-

164 4969 523 5025 terﬁciendus
548 4985 630 5034 es,
678 4978 738 5023 ut
771 4969 861 5023 alii
900 4973 1153 5043 exemplo
1188 4982 1283 5029 tuo
1329 4979 1726 5046 perterrefacti,

164 5062 493 5133 resipiscam
525 5069 582 5114 et
614 5065 817 5115 vivant.
853 5061 948 5118 His
979 5064 1165 5133 dictis,
1196 5068 1360 5139 jussit
1388 5070 1440 5123 in
1467 5071 1725 5141 templum

166 5155 345 5209 Martis
398 5153 741 5224 Stephanum
808 5157 1121 5224 pontificem
1192 5160 1342 5224 duci,
1400 5172 1561 5232 atque
1619 5162 1731 5217 illic

169 5250 499 5303 sententiam
529 5248 596 5302 de
644 5247 734 5302 illo
790 5251 1157 5319 pronuntiari.
1196 5253 1403 5309 Ductus
1446 5267 1527 5310 est
1568 5256 1730 5325 igitur

268 5434 282 5463 '
319 5429 511 5483 Μυσὴ.
546 5446 596 5489 x,
624 5428 716 5484 28.

236 5591 311 5661 (1)
341 5586 625 5661 ιιιηεοά.
652 5603 683 5661 _t
719 5582 1043 5661 Sepelier'unt
1068 5600 1253 5661 corpus
1299 5586 1414 5653 ejus
1456 5600 1570 5661 cum
1608 5584 1725 5661 ipsa

168 5656 564 5727 sede'sanyuine
612 5656 729 5722 ejus
770 5657 1059 5727 aspersam
1091 5658 1271 5709 eadem
1299 5665 1503 5724 crypta,
1541 5656 1728 5707 inloco

168 5723 254 5805 qui
270 5723 470 5805 dicitur
496 5727 864 5805 (Ianuari-unt
896 5726 1100 5805 Calist't'.
1137 5744 1154 5775 ι

234 5804 306 5875 (ἐ)
341 5796 465 5857 Lat.
505 5797 628 5851 eod.
664 5796 987 5849 arquthmu.
1025 5794 1154 5847 Nam
1186 5810 1294 5851 non
1324 5795 1588 5853 acoluthis
1614 5792 1731 5848 lan-

478 5892 758 5953 PATBOL.
795 5889 906 5946 fin.
948 5892 1115 5953 CXV.

1840 4612 2127 4684 projicere,
2160 4612 2304 4666 nulla
2344 4612 2550 4667 ratione
2584 4612 2778 4667 adduci
2812 4613 3009 4683 potuit,
3038 4622 3098 4667 ut
3122 4616 3405 4669 sanctissi-

1842 4720 1988 4770 mum
2025 4718 2088 4758 ac
2130 4704 2481 4773 purissimum
2520 4714 2918 4759 sacramentum
2954 4706 3181 4773 impuris
3224 4705 3403 4759 homi-

1841 4797 2000 4851 nibus
2032 4798 2317 4849 revelaret.
2358 4796 2534 4865 Virgis
2572 4796 2735 4867 igitur
2776 4808 2831 4850 et
2865 4796 3136 4865 lapidibus
3164 4812 3404 4867 eousque

1839 4888 2173 4943 Tharsitium
2218 4888 2607 4948 contuderunt,
2646 4888 2822 4957 quoad
2876 4888 3130 4955 spiritum
3183 4888 3401 4945 efﬂavit.

1836 4980 1974 5035 Cum
2014 4996 2141 5033 vero
2169 4980 2289 5049 ejus
2318 4996 2517 5051 corpus
2550 4982 2802 5034 exanime
2836 4993 2931 5047 per
2961 4987 3161 5033 terram
3189 4980 3402 5035 voluta-

1840 5076 2014 5133 retur,
2046 5072 2249 5126 curiosi
2280 5081 2336 5126 et
2369 5072 2620 5141 sacrilegi
2654 5072 2855 5127 milites
2887 5085 3062 5141 neque
3109 5073 3213 5127 sub
3258 5072 3401 5127 ulnis

1841 5164 1981 5219 intra
2009 5162 2269 5229 manicas,
2300 5178 2475 5234 neque
2504 5165 2605 5217 sub
2637 5164 2877 5218 vestibus
2907 5162 3108 5232 aliquid
3156 5163 3404 5216 invenire

1844 5264 2159 5325 potuerunt.
2192 5254 2400 5310 llelicto
2428 5255 2590 5325 igitur
2637 5255 2737 5321 sic,
2796 5264 2856 5308 ut
2904 5264 3042 5318 erat,
3093 5255 3404 5309 venerando

1840 5593 1977 5645 tum,
2015 5586 2107 5639 sed
2138 5600 2191 5640 et
2228 5587 2379 5644 laicis
2423 5590 2557 5664 olim
2577 5594 2957 5664 persecutione
3017 5605 3240 5664 urgente
3270 5609 3403 5650 con-

1836 5668 2049 5779 cessum
2079 5666 2195 5712 erat
2233 5668 2511 5729 acceptam
2545 5661 2597 5715 in
2627 5663 2863 5719 Ecclesia
2890 5661 3281 5721 Eucharistiam
3305 5667 3408 5720 do-

1838 5740 1984 5778 mum
2038 5741 2177 5779 crre.
2916 5748 2923 5752 δ

1838 5740 1984 5778 mum
2018 5740 2177 5782 terre.
2916 5748 2923 5752 ”

3058 5900 3123 5962 17
