3972 6438
587 380 694 443 523

1832 368 2118 428 MENSIS
2158 371 2576 435 AUGUSTUS.

3730 380 3838 443 521

590 496 682 549 illo
722 489 979 545 Tharsitii
1011 500 1259 555 corpore,
1300 482 1467 535 multo
1499 495 1621 535 cum
1668 489 1885 547 stupore
1929 478 2152 548 auiugc-
2183 485 2228 542 Α
2258 485 2481 538 rtissimi
2513 484 2775 553 Stephani
2813 486 3083 554 pontificis
3111 495 3166 542 et
3202 486 3452 557 martyris
3481 489 3689 554 locum,
3732 491 3839 546 Xi-

590 595 738 649 runt,
764 595 820 638 et
848 582 911 636 ad
943 580 1130 649 Appia:
1165 578 1261 630 vim
1294 584 1504 645 portam
1544 572 1846 634 venientes,
1876 570 2145 623 Christia-

588 690 683 727 nos
700 672 896 726 multos
928 672 1273 723 invenerunt.
1301 663 1419 717 Mox
1455 652 1741 716 Valeriano
1767 674 1879 713 rem
1925 674 2143 714 omnem

586 778 907 834 exposuere.
939 761 1032 815 lllo
1064 769 1244 813 autem
1278 759 1396 827 ipso
1436 756 1523 809 die
1554 753 1846 808 Christiani
1879 768 2144 807 veneran-

586 857 712 908 dum
744 853 959 923 gloriosi
994 851 1244 920 martyris
1272 846 1529 900 'l‘harsitii
1559 860 1755 914 corpus
1807 844 1860 897 in
1891 854 2147 899 ccemete-

590 948 667 998 rio
704 945 889 999 Calisti
946 946 999 997 in
1038 944 1119 996 via
1174 940 1348 1009 Appia
1402 939 1795 1007 deposuerunt.
1855 935 1982 989 Post
2037 933 2151 988 hac

585 1038 1023 1092 Christianorum
1065 1033 1304 1087 Ecclesia
1337 1031 1389 1083 in
1428 1044 1594 1082 unum
1625 1028 1874 1089 collecta,
1930 1026 1983 1079 in
2019 1041 2148 1080 san-

2256 588 2396 631 stum
2437 577 2689 632 Romane
2721 579 2872 633 urbis
2901 581 3215 649 episcopum
3241 581 3656 635 constituerunt
3680 596 3841 636 nono

2257 671 2532 724 Kalendas
2569 671 2844 740 Septemb.
2878 673 3040 725 tertio
3095 687 3241 727 anno
3282 672 3580 736 Valeriani,
3615 682 3670 727 et
3705 673 3841 727 Gal—

2256 762 2383 815 lieni
2415 762 2654 817 secundo
2680 762 2754 832 (3)
2791 781 2801 815 :
2838 762 2890 816 in
2915 762 3069 817 nobis
3100 772 3279 817 autem
3306 774 3569 833 regnante
3596 765 3842 820 Domino

2259 863 2447 907 nostro
2484 853 2614 907 Jesu
2653 854 2874 908 Christo
2908 871 2922 908 :
2974 854 3058 909 cui
3098 856 3169 908 sit
3210 855 3379 925 gloria
3419 864 3475 910 et
3535 856 3840 925 imperium

2259 962 2408 1001 nunc
2437 955 2491 1001 et
2514 948 2755 1016 semper,
2788 956 2845 1001 et
2866 947 2920 1001 in
2952 947 3146 1001 saecula
3180 948 3529 1002 saeculorum.
3556 951 3740 1003 Amen

663 1221 737 1294 (5)
773 1222 1020 1277 Mendum
1059 1224 1149 1277 hic
1176 1222 1459 1292 irrepsisse
1487 1220 1602 1275 vult
1629 1218 1892 1272 Baronius
1920 1230 2063 1271 anno
2103 1213 2209 1269 260
2242 1217 2668 1287 ponendumque
2725 1232 2928 1272 annum
2963 1217 3228 1272 Valeriani
3286 1230 3538 1286 quartum
3594 1228 3652 1272 et
3715 1215 3844 1270 Gal-

589 1289 715 1345 lieni
751 1294 993 1349 tertium.

592 1471 3817 1514 ______________________.______________.

1469 1507 1855 1518 _____———

1790 1670 2659 1792 ΜΑΡΤΥΡΙΟΝ

1151 1908 1378 1994 ΤΟΥ
1451 1904 1787 1991 ΑΓΙΟΥ
1861 1889 2633 1988 ΠΑΝΕΝΔΟΞΟΥ
2708 1892 3287 1984 ΜΑΡΤΥΡΟΣ

1838 2095 2586 2229 ΕΥΠΛΟΥ.

1780 2530 2655 2649 MARTYRIUM

988 2793 1395 2882 SANCTI
1525 2781 2690 2915 GLORIOSISSIMIQUE
2833 2775 3447 2865 MARTYBIS

1904 3005 2532 3161 EUPLI.

1049 3286 1130 3347 (12
1152 3281 1385 3345 Augusti.
1411 3308 1468 3317 —-
1491 3279 1563 3329 Ex
1596 3274 1933 3325 monumentis
1954 3271 2093 3322 Eccl.
2117 3273 2299 3323 Grecae
2332 3269 2473 3319 Joan.
2510 3268 2648 3329 Bapt.
2682 3266 2941 3328 Coteleril,
2969 3272 3095 3315 tom.
3127 3265 3163 3321 l,
3197 3278 3244 3328 ρ.
3276 3262 3407 3325 191.)

666 3628 709 3682 1.
752 3619 1114 3691 Temporibus
1145 3608 1461 3667 Diocletiani
1491 3617 1546 3662 et
1579 3603 1886 3659 Maximiani
1924 3601 2160 3669 impera-

2333 3593 2411 3648 A'.
2442 3594 2596 3646 Κατὰ
2627 3592 2753 3654 τοὺς
2782 3590 3006 3657 καιροὺς
3032 3588 3414 3660 Διοκλητιανοῦ
3444 3591 3536 3644 καὶ
3562 3591 3851 3664 Μαξιμια-

596 3732 795 3778 torum,
831 3723 1014 3768 tantus
1037 3705 1334 3763 idololatris
1354 3703 1532 3755 fervor
1552 3696 1825 3751 insederat
1846 3708 1940 3763 per
1970 3704 2158 3745 omnes

595 3811 847 3880 regiones
869 3814 921 3857 et
954 3800 1180 3859 insulas,
1211 3807 1266 3849 ut
1298 3792 1439 3847 idola
1472 3799 1667 3844 cuncta
1696 3783 2161 3854 erigerentJlise-

593 3874 723 3952 runt
752 3904 932 3949 autem
973 3892 1331 3959 imperatores
1372 3881 1659 3952 quemdam
1690 3877 1908 3931 nomine
1964 3874 2159 3926 Penta-

594 4002 788 4060 gurum
824 3986 876 4037 in
910 3982 1046 4035 fines
1078 3976 1372 4048 provincia:
1413 3972 1630 4034 Siciliae,
1667 3969 1757 4037 qui
1789 3966 1968 4020 omnia
2020 3962 2161 4017 idola

594 4058 848 4149 erigeret,
884 4070 1229 4128 Christianos
1262 4080 1391 4121 vero
1422 4066 1644 4132 impune
1677 4058 2015 4128 disperderet
2041 4072 2161 4124 gra-

594 4174 863 4240 vibusque
918 4171 1194 4234 torqueret
1216 4158 1521 4230 suppliciis.
1576 4155 1799 4224 Utergo
1824 4150 2071 4223 pervenit
2097 4149 2163 4203 ad

592 4266 854 4319 Catenam
882 4259 1178 4321 civitatem,
1213 4251 1554 4306 Calvisianus
1577 4248 1643 4302 de
1671 4261 1821 4301 more
1848 4245 1989 4314 plebi
2017 4243 2164 4297 urbis

594 4355 854 4424 praecepit
902 4350 1115 4405 obviam
1149 4344 1370 4416 prodire
1411 4342 1460 4395 ei
1491 4340 1583 4410 qui
1622 4339 1689 4393 ab
1747 4334 2165 4405 imperatoribus

596 4452 795 4505 missus
820 4447 1023 4501 fuerat.
1050 4443 1125 4495 Ea
1151 4439 1352 4510 quippe
1382 4435 1663 4506 gentilium
1692 4428 2034 4485 consuetudo
2062 4434 2163 4481 cst.

600 4542 663 4597 Et
693 4542 971 4611 ingressus
1007 4543 1092 4589 est
1117 4528 1532 4600 Pentagurusin
1574 4525 1784 4579 urbem.
1815 4521 1968 4575 Tunc
2007 4519 2169 4589 jussit

597 4610 939 4689 Calvisianus
996 4624 1233 4682 tribunal
1295 4636 1454 4677 suum
1493 4616 1755 4673 constitui
1790 4614 1846 4668 in
1899 4614 2018 4667 loco
2076 4610 2167 4679 qui

598 4725 864 4781 Achillius
916 4720 1254 4792 appellatur;
1289 4714 1355 4767 ad
1405 4714 1520 4767 lucc
1566 4721 1847 4780 praecones
1874 4704 2015 4758 mitti
2075 4716 2170 4773 per

600 4820 805 4889 plateas
828 4814 1088 4876 civitatis,
1120 4827 1228 4881 quo
1280 4805 1517 4863 universi
1570 4802 1950 4859 convenirent.

679 5073 746 5125 ll.
796 5073 961 5143 igitur
988 5086 1110 5125 cum
1136 5069 1471 5137 Pentagurus
1504 5064 1558 5118 in
1598 5061 1867 5119 diabolico
1903 5076 2002 5115 suo
2033 5059 2171 5113 solio

604 5168 817 5219 sederet
869 5177 974 5215 una
1026 5175 1149 5214 cum
1212 5158 1540 5223 Calvisiano,
1592 5157 1883 5211 universus
1940 5153 2173 5223 populus

600 5264 959 5327 congregatus
986 5263 1069 5309 est
1098 5262 1223 5307 ante
1248 5251 1485 5307 tribunal
1520 5266 1731 5304 eorum.
1789 5247 1949 5301 Tunc
1973 5246 2171 5298 Penta-

602 5364 768 5417 gurus
817 5346 1133 5417 postulavit,
1169 5345 1253 5399 his
1303 5343 1371 5397 ad
1407 5341 1773 5397 Calvisianum
1803 5338 1985 5393 verbis
2016 5350 2169 5390 usus:

604 5440 768 5493 Istine
796 5454 987 5494 omnes
1031 5448 1255 5493 deorum
1286 5446 1600 5491 nostrorum
1628 5431 1947 5501 religionem
1982 5430 2171 5484 obser-

601 5533 774 5585 vant?
812 5531 1112 5600 ReSpondit
1160 5528 1507 5585 Calvisianus
1559 5528 1675 5579 sic:
1712 5522 1909 5578 Cuncti
1938 5522 1993 5575 hi
2026 5536 2167 5591 quos

601 5625 778 5692 pietas
836 5629 925 5675 tua
987 5619 1286 5687 conspicit,
1337 5618 1563 5671 deorum
1623 5623 1938 5667 nostrorum
1997 5609 2165 5666 cultui

602 5714 770 5769 dediti
800 5720 949 5766 sunt.
998 5711 1127 5776 Quae
1177 5718 1463 5780 postquam
1517 5704 1723 5761 audivit
1756 5719 1784 5757 a
1832 5702 2163 5767 Calvisiano,

603 5804 790 5857 turbas
828 5800 988 5866 iussit
1017 5801 1237 5856 dimitti.
1298 5797 1498 5852 Deinde
1544 5796 1879 5867 Pentagurus
1921 5793 2157 5848 edictum

2266 3686 2355 3739 νοῦ
2386 3685 2493 3737 τῶν
2531 3683 2822 3754 βασιλέων,
2858 3683 3101 3744 τοιοῦτος
3130 3681 3299 3751 θυμὸς
3326 3685 3391 3751 τῇ
3423 3683 3855 3756 εἰδωλολατρείᾳ

2265 3774 2483 3842 ἐγένετο
2513 3772 2634 3825 καθ’
2666 3772 2903 3839 ἑκάστην
2936 3770 3119 3839 χώραν
3146 3773 3241 3822 καὶ
3276 3772 3454 3837 νῆσον,
3491 3770 3631 3822 ὥστε
3665 3777 3855 3827 πάντα

2262 3868 2331 3919 τὰ
2357 3865 2549 3918 εἴδωλα
2577 3864 2871 3932 ἐξεγεῖραι.
2909 3862 3269 3915 ’.ἀπέστειλαν
3292 3862 3349 3914 δὲ
3379 3865 3425 3914 οί
3454 3862 3699 3931 βασιλεῖς
3730 3883 3855 3919 τινα

2263 3959 2484 4027 ὀνόματι
2535 3957 2913 4024 Πεντάγουρον
2951 3956 3008 4007 ὲν
3050 3956 3164 4017 τοῖς
3214 3954 3385 4025 ὁρίοις
3433 3956 3532 4025 τῆς
3573 3958 3857 4028 ἐπαρχίας

2265 4052 2539 4113 Σικελίας,
2599 4051 2776 4103 πάντα
2825 4049 2894 4103 τὰ
2957 4050 3150 4102 εἴδωλα
3205 4050 3522 4117 ἐξεγεῖραι,
3572 4053 3667 4105 καὶ
3723 4056 3857 4116 τοὺς

2266 4141 2622 4212 Χριστιανοὺς
2645 4141 2834 4203 ἀθώως
2853 4140 3191 4208 ἀναλωθῆναι
3216 4143 3309 4191 καὶ
3330 4142 3530 4203 δειναῖς
3551 4146 3857 4212 τιμωρίαις

2269 4231 2684 4303 βασανισθῆναι.
2729 4230 2905 4295 Ὣςνδὲ
2935 4230 3170 4299 ἔφθασεν
3208 4234 3264 4284 ἐν
3294 4233 3359 4303 τῇ
3391 4234 3615 4287 Κατανα
3640 4253 3719 4290 ων
3757 4240 3860 4291 πό-

2267 4324 2347 4376 λει
2371 4366 2385 4389 ,
2432 4323 2576 4376 κατὰ
2621 4322 2680 4375 τὸ
2716 4322 2904 4383 εἰωθὸς
2942 4322 3233 4374 ἐκέλευσεν
3264 4325 3289 4376 6
3324 4324 3692 4387 Καλϐισιανὸς
3736 4332 3857 4391 τοῖς

2269 4414 2444 4482 ὄχλοις
2459 4414 2559 4480 τῆς
2582 4412 2787 4474 πόλεως
2810 4412 3111 4481 ἀπάντησιν
3140 4413 3468 4481 ποιήσασθαι
3491 4415 3585 4466 τοῦ
3609 4416 3860 4473 ἀποστα-

2268 4506 2449 4570 λέν-ξος
2482 4505 2585 4559 ὑπὸ
2610 4505 2719 4559 τῶν
2750 4503 3039 4575 βασιλέων,
3068 4504 3141 4564 ὡς
3168 4504 3288 4566 ἔθος
3313 4500 3379 4577 ἦν
3403 4506 3513 4559 τῶν
3551 4507 3859 4580 Ἑλλήνων,

2273 4603 2381 4654 Καὶ
2410 4601 2656 4671 είσῆλθεν
2683 4603 2709 4653 6
2756 4600 3129 4666 Πεντάγουρος
3158 4601 3213 4650 ὲν
3245 4600 3313 4668 τῇ
3355 4599 3531 4653 πόλει.
3560 4601 3695 4654 Τότε
3731 4605 3859 4658 ἐκέ-

2271 4694 2461 4745 λευσεν
2499 4696 2526 4745 6
2557 4691 2919 4753 Καλϐισιανδς
2953 4689 3013 4741 τὸ
3044 4689 3399 4758 τριϐωνάλιον
3430 4691 3595 4743 αὐτοῦ
3625 4694 3857 4766 τεθῆναι

2274 4788 2331 4837 ὲν
2367 4784 2444 4853 τῷ
2471 4784 2619 4852 τόπῳ
2655 4783 2731 4853 τῷ
2774 4781 3056 4851 λεγομένῳ
3105 4780 3377 4852 Ἀχιλλίῳ.
3417 4782 3528 4837 Καὶ
3557 4784 3857 4841 ἐκέλευσεν

2276 4873 2520 4941 κήρυκας
2543 4872 2912 4942 ἀποσταλῆναι
2937 4874 3076 4926 κατὰ
3098 4875 3195 4938 τὰς
3217 4873 3477 4936 πλατείας
3493 4875 3591 4942 τῆς
3616 4876 3855 4944 πόλεως,

2202 4960 2243 5018 C
2276 4963 2414 5016 ὥστε
2441 4965 2644 5026 πάντας
2665 4964 3135 5035 συναθροισθῆναι.

2347 5055 2421 5108 B‘.
2446 5057 2575 5108 Τότε
2607 5058 2633 5107 6
2666 5057 3041 5123 Πεντὰγουρος
3068 5054 3360 5119 καθεσθεὶς
3379 5058 3438 5111 ὲν
3461 5056 3538 5123 τῷ
3553 5059 3857 5133 διαϐολικῴ

2274 5152 2437 5207 αὐτοῦ
2469 5150 2643 5219 θρόνῳ
2687 5150 2784 5200 σὺν
2817 5148 2892 5216 τῷ
2925 5148 3300 5219 Καλϐισιανῷ,
3337 5152 3703 5225 συνηθροίσθη
3746 5160 3857 5217 πᾶς

2273 5246 2300 5297 6
2330 5243 2455 5305 λαὸς
2483 5239 2789 5309 ἔμπροσθεν
2810 5238 2903 5292 τοῦ
2923 5239 3166 5310 βήματος
3189 5242 3386 5294 αὐτῶν.
3413 5242 3543 5294 Τότε
3563 5243 3856 5298 ἐκέλευσεν

2272 5337 2301 5386 6
2356 5333 2758 5400 Πεντάγυυρος,
2808 5331 2981 5399 λέγων
3037 5332 3173 5401 πρὸς
3233 5330 3631 5386 Καλϐισιανόνο
3692 5332 3853 5389 Οὗτοι

2276 5424 2478 5485 πάντες
2518 5422 2619 5492 τὴν
2650 5422 2759 5474 τῶν
2791 5422 2924 5473 θεῶν
2956 5423 3112 5491 ήμῶν
3162 5422 3422 5490 λατρείαν
3475 5426 3851 5494 ἐπιτε).οὗσιν;

2285 5512 2631 5583 Ἀποκριθεὶς
2670 5513 2725 5565 δὲ
2756 5515 2783 5565 6
2816 5514 3175 5576 Καλὸισιανδς
3206 5509 3357 5569 εἶπεν
3379 5532 3392 5546 ·
3428 5516 3668 5579 Τούτους
3715 5521 3852 5572 πάν·

2272 5621 2372 5668 τας
2392 5604 2483 5667 οὓς
2511 5604 2722 5675 καθορᾷ
2738 5606 2772 5675 ἡ
2801 5604 2868 5674 σὴ
2888 5603 3139 5658 εὐσέϐεια
3159 5605 3258 5677 τὴν
3281 5607 3389 5659 τῶν
3415 5604 3553 5657 θεῶν
3572 5607 3737 5676 ἡμῶν
3760 5610 3853 5659 λα-

2273 5698 2458 5768 τρείαν
2479 5696 2839 5750 ἐπιτελοῦσιν.
2868 5694 3054 5750 Ταῦτα
3072 5696 3127 5751 δὲ
3151 5698 3394 5761 ἀκούσας
3416 5697 3520 5765 ὑῖηὺ
3548 5700 3851 5752 Καλϐισια-

2276 5790 2391 5859 νοῦ,
2417 5790 2669 5846 ἐκέλευσε
2704 5793 2831 5855 τοὺς
2859 5791 3051 5863 ὅχλοὺς
3084 5793 3446 5862 ἀπολυθῆναι.
3480 5784 3617 5849 Τότε
3660 5798 3688 5847 6
3716 5795 3851 5849 Πενο
