3972 6496
615 415 720 479 527

1853 420 2138 481 MENSIS
2177 425 2602 488 AllGUSTUS.

3740 436 3826 497 528

613 527 878 582 dilaniant
901 567 914 589 .
947 527 1269 596 nudumque.
1307 543 1390 580 me
1422 526 1807 581 voluntastare
1839 542 1966 584 ante.
1989 531 2148 587 diabo

2287 553 2387 604 μου
2439 537 2813 603 καταξέουσιν,
2866 544 2958 593 καὶ
3016 546 3217 612 γυμνιῦν
3273 563 3338 615 με
3400 546 3678 616 βούλονται
3735 564 3825 600 πα·

613 620 774 673 ιὶειιιη
831 633 989 672 suum
1041 615 1308 680 tribunal,
1358 617 1523 671 induc
1566 634 1650 672 me
1710 633 1873 673 carne
1928 621 2178 676 incorru-

611 716 829 782 ptionis.
855 729 1032 782 neque
1060 713 1286 767 istorum
1319 722 1586 767 tormenta
1617 715 1878 770 adversus
1925 733 2010 770 me
2039 733 2176 785 pra:—

610 807 990 862 valeant.Tum
1023 822 1124 862 vox
1160 821 1190 860 e
1226 805 1364 859 cmlo
1411 805 1593 860 audita
1622 815 1728 870 est,
1764 807 2070 877 hujusmodi
2108 809 2176 864 ad

609 919 733 956 eum
781 920 794 955 :
831 900 1076 966 Confide,
1112 900 1320 970 Euple;
1356 901 1478 956 forti
1507 903 1580 958 sis
1627 905 1832 958 animo.
1891 903 2024 958 Nam
2056 921 2176 958 vera

609 995 771 1049 vestis
797 994 890 1048 tibi
939 1003 1239 1064 prmparata
1307 1007 1409 1050 est.
1475 994 1604 1049 Post
1638 996 1784 1064 quod
1836 996 2177 1051 Calvisianus

604 1100 810 1154 praeses
839 1085 975 1139 dixit
1014 1104 1026 1138 :
1069 1084 1162 1139 Vel
1205 1101 1349 1140 nunc
1396 1101 1503 1139 non
1531 1087 1789 1140 destitisti
1824 1087 1892 1140 ab
1925 1088 2040 1141 istis
2069 1088 2176 1142 tuis

608 1180 800 1250 nugis?
825 1178 1114 1250 Ingredere
1136 1219 1149 1243 ,
1183 1178 1287 1232 diis
1312 1179 1580 1244 sacriﬁca,
1647 1189 1702 1231 ut
1734 1180 1903 1232 multa
1935 1180 2074 1234 bona
2108 1183 2173 1234 ab

607 1273 824 1328 invictis
865 1271 1284 1342 imperatoribus
1338 1272 1598 1341 accipias,
1638 1281 1934 1341 nosterque
1974 1273 2172 1327 evades

605 1365 1182 1434 amicus,etingenlia
1228 1364 1446 1431 przemia
1517 1378 1612 1432 per
1661 1379 1755 1418 nos
1795 1365 2168 1433 consequeris.

603 1459 838 1513 Sanctus
866 1456 1071 1526 Euplus
1098 1457 1172 1510 ita
1219 1455 1431 1511 locutus
1475 1466 1582 1509 est:
1620 1454 1676 1508 In
1712 1455 1813 1509 hoc
1866 1471 2166 1526 cognosce,

603 1548 925 1619 perditionis
950 1549 1022 1602 fili
1045 1586 1061 1611 ,
1091 1549 1340 1616 operarie
1367 1549 1570 1602 diaboli
1595 1589 1610 1612 ,
1642 1549 1788 1618 quod
1815 1565 1951 1603 auro
1977 1563 2168 1618 argen-

603 1653 764 1712 toque
799 1643 900 1696 hos
931 1656 1123 1696 omnes
1157 1641 1397 1694 adducas
1428 1641 1490 1692 ad
1525 1641 1731 1693 cultum
1763 1640 2053 1694 idolorum.
2087 1638 2165 1692 Ad

603 1737 717 1790 hmo
743 1735 820 1789 ira
847 1749 1108 1789 accensus
1147 1743 1409 1803 tyrannus
1443 1731 1786 1785 Calvisianus
1809 1771 1823 1794 ,
1884 1731 2165 1799 imperavit

602 1827 824 1882 malleos
848 1825 1124 1885 fabricari.
1152 1833 1206 1878 et
1226 1823 1501 1877 verberari
1526 1838 1684 1876 crura
1714 1823 1877 1876 illius.
1906 1823 2011 1877 Sed
2041 1823 2169 1878 bea-

2286 630 2548 697 ραστῆσαι
2605 632 2693 682 ἐπὶ
2733 633 2791 683 “to
2846 633 3151 687 διαίολικλιν
3207 637 3386 690 αὐτῶν
3427 639 3598 708 βῆμα,
3633 637 3826 690 ἐνδυτόν

2287 735 2352 786 με
2397 722 2569 787 σάρκα
2601 721 2926 790 ἀφθαρσίας,
2957 727 3048 778 καὶ
3081 726 3154 796 μὴ
3184 727 3248 779 τὰ
3274 728 3478 779 τούτοιν
3509 727 3715 796 βάσανα
3756 729 3829 778 ιν-

2286 809 2578 876 ισχύσωσιν
2601 811 2685 861 ἐπ’
2706 812 2825 880 ὲμέ.
2852 815 2956 866 Καὶ
2980 816 3129 886 φωνὴ
3153 817 3211 880 ἐξ
3245 816 3475 885 οὐρανοῦ
3498 817 3734 886 ἠκούσθη
3751 817 3826 868 λέ·

2280 913 2449 962 γουοα
2476 899 2609 968 πρὸς
2641 901 2822 953 αὐτόν·
2847 902 3066 971 Θάρσει,
3097 903 3294 971 Εὖπλε,
3323 908 3413 958 καὶ
3442 907 3596 974 ῐσχυε
3617 921 3633 938 ο
3661 909 3717 957 τὸ
3738 907 3827 973 γὰρ

2280 986 2485 1056 ἔνδυμα
2519 989 2579 1042 τὸ
2609 989 2860 1059 ἀληθινὸν
2888 996 3194 1065 ἡτοιμάσθη
3240 1014 3343 1050 σοι.
3373 997 3507 1048 Τότε
3541 996 3826 1048 Καλϐισισ-

2281 1073 2367 1137 νὸς
2402 1079 2428 1129 6
2458 1077 2697 1148 ἔπαρχος
2737 1075 2892 1132 εἶπεν
2914 1099 2928 1113 ·
2975 1082 3090 1135 Κᾶν
3127 1083 3219 1135 νῦν
3249 1087 3349 1137 οὐκ
3379 1085 3622 1152 ἀπέστης
3654 1085 3716 1136 εκ
3742 1080 3828 1150 τῆς

2277 1167 2547 1238 φλυαρίας
2575 1187 2665 1222 σου
2691 1187 2704 1234 ;
2751 1172 3000 1238 Εἴσελθε,
3041 1179 3135 1227 καὶ
3166 1175 3324 1228 θῦσον
3351 1179 3463 1238 τοῖς
3493 1175 3637 1236 θεοῖς
3662 1191 3676 1204 ·
3699 1177 3828 1233 ὅπως

2277 1259 2449 1313 πολλὰ
2494 1261 2673 1328 ἀγαθὰ
2716 1265 2864 1334 παρά
2903 1265 3012 1317 τῶν
3057 1268 3340 1338 ἀηττήτων
3392 1267 3657 1336 βασιλέων
3706 1267 3828 1317 ἀπο-

2275 1348 2436 1420 λήψῃ,
2476 1354 2568 1406 καὶ
2607 1355 2760 1424 ἡμῶν
2807 1357 2957 1424 φίλος
3000 1359 3118 1428 ἔσῃ,
3164 1360 3256 1412 καὶ
3292 1358 3492 1422 πολλὰς
3530 1359 3829 1430 ἀντιλήψεις

2275 1442 2404 1510 παρ’
2445 1445 2603 1512 ἡμῶν
2637 1448 2929 1518 ἁποτεύξῃ.
2981 1451 3039 1502 '0
3083 1452 3236 1518 άγιος
3272 1448 3484 1511 Εὖπλος
3522 1447 3677 1502 εἶπεν
3701 1465 3714 1478 ⁸
3754 1451 3830 1500 Ἑν

2273 1533 2445 1602 τούτῳ
2466 1534 2878 1612 γνῶθι,.υῐὶ,τῆς
2905 1540 3201 1602 ἀπωλείας,
3224 1541 3430 1608 ἑργάτα
3452 1540 3546 1593 τοῦ
3570 1539 3826 1600 διαῦὁλου,

2273 1625 2354 1678 ὅτι
2396 1629 2453 1678 ὲν
2494 1629 2684 1698 χρυσῴ
2725 1632 2819 1683 καὶ
2855 1631 3083 1702 ἀργύρῳ
3116 1633 3339 1695 τούτους
3377 1634 3585 1696 πάντας
3633 1632 3830 1693 πείθεις

2273 1724 2598 1784 προσκυνεῖν
2627 1725 2695 1774 τὰ
2741 1724 2955 1777 εἴδωλα.
3003 1725 3144 1794 Πρὸς
3173 1725 3345 1778 ταῦτα
3378 1724 3654 1792 θυμωθεὶς
3684 1729 3711 1779 6
3742 1725 3830 1778 τύ-

2274 1825 2466 1877 ραννος
2495 1812 2876 1878 Καλῦισιανδς,
2905 1817 3161 1868 ἐκέλευσε
3196 1815 3408 1887 σφύρας
3439 1817 3714 1884 γενέσθαι,
3747 1816 3831 1867 καὶ

604 1930 689 1973 tus
722 1916 927 1986 Euplus
969 1916 1134 1969 istum
1169 1914 1355 1968 habuit
1392 1928 1734 1968 sermonem:
1773 1914 2002 1981 Insano,
2039 1916 2154 1969 insi-

2272 1903 2387 1963 ταῖς
2423 1904 2658 1971 κνήμαις
2681 1905 3006 1962 τύπτεσθαι.
3044 1910 3101 1962 '0
3128 1910 3182 1962 δὲ
3218 1909 3492 1979 μακάριος
3524 1905 3734 1969 Εὖπλος
3764 1904 3833 1959 εἴ·

600 2013 786 2078 piens,
816 2009 978 2064 corde
1001 2022 1164 2074 caece,
1200 2023 1298 2061 cur
1335 2007 1466 2061 mihi
1516 2005 1684 2061 infers
1727 2016 1993 2060 tormenta
2036 2007 2167 2062 tua?

597 2104 654 2158 Si
681 2111 865 2172 potes,
894 2100 1013 2154 aliis
1051 2099 1337 2168 suppliciis
1367 2114 1602 2169 propera
1639 2114 1727 2154 me
1757 2098 1991 2155 allicere.

666 2365 890 2422 V.Tunc
915 2367 983 2423 ad
1014 2367 1148 2422 iram
1181 2377 1488 2424 concitatus
1515 2377 1775 2438 tyrannus
1795 2367 2159 2432 Calvisianus,

572 2441 751 2528 ljussit
779 2458 998 2513 beatum
1041 2459 1271 2528 Euplum
1330 2459 1599 2517 devinciri
1627 2500 1641 2522 ,
1671 2467 1724 2512 et
1768 2473 2020 2527 magnum
2059 2459 2161 2512 im-

591 2552 1026 2620 maculatumque
1060 2549 1413 2620 Evangelium
1467 2550 1670 2620 alligari
1709 2551 1849 2605 collo
1878 2551 2026 2620 ejus,
2059 2551 2160 2606 sic-

588 2661 693 2714 que
725 2646 882 2715 quasi
934 2659 1032 2715 per
1088 2643 1383 2699 ludibrium
1432 2644 1626 2698 abduci
1679 2644 1731 2696 in
1774 2660 2070 2699 carcerein.
2101 2643 2157 2699 In

587 2752 746 2806 quem
793 2738 1040 2806 ingresso
1063 2736 1224 2790 beato
1277 2737 1480 2805 Euplo,
1516 2735 2154 2811 pratcepitCalvisianus,

587 2831 732 2883 fores
759 2828 994 2882 carceris
1044 2827 1247 2898 signari
1281 2829 1482 2882 annulo
1515 2831 1636 2896 ejus
1664 2868 1677 2892 ,
1739 2839 1904 2894 utque
1954 2829 2156 2883 milites

583 2919 835 2979 eumdem
867 2933 1142 2973 carcerem
1193 2917 1381 2972 sedulo
1418 2917 1776 2970 custodirent.
1808 2915 1944 2971 Cum
1974 2928 2151 2971 autem

585 3014 770 3067 beatus
792 3009 997 3081 Euplus
1017 3011 1067 3064 in
1098 3025 1318 3065 carcere
1350 3017 1560 3078 septem
1591 3011 1705 3064 dies
1735 3027 1798 3065 ac
1821 3019 2025 3078 septem
2055 3026 2152 3063 no-

577 3113 695 3157 ctes
724 3101 1094 3168 transegisset,
1118 3102 1208 3156 siti
1237 3103 1401 3170 coepit
1433 3101 1699 3156 laborare.
1762 3102 2024 3166 Quocirca
2061 3117 2152 3154 ex-

2271 2009 2406 2047 πεν·
2475 1997 2700 2066 ’Ἄφρων
2763 2000 2859 2052 καὶ
2914 2001 3142 2052 άσύνετε
3201 2005 3294 2054 καὶ
3353 2005 3524 2069 τυφλὲ
3577 2007 3644 2073 τῇ
3710 2019 3834 2071 καρ-

2268 2087 2379 2156 δίᾳ,
2409 2090 2459 2140 τι
2493 2106 2582 2158 μοι
2629 2091 2916 2161 ὲπιφέρεις
2955 2093 3055 2156 τὰς
3103 2093 3368 2163 βασάνους
3396 2111 3525 2159 σου;
3579 2097 3642 2147 El
3688 2098 3834 2148 δυναι

2267 2179 2357 2229 τόν
2409 2181 2489 2232 σοί
2549 2184 2731 2245 ἐστιν,
2791 2184 2980 2254 ἑτέρας
3053 2184 3315 2254 βασάνους
3387 2187 3686 2253 ἐπενέγκαι
3750 2203 3832 2254 μοι

2273 2287 2529 2326 σπευσον.

2335 2364 2411 2419 Ε’.
2450 2365 2580 2415 Τότε
2617 2364 2894 2434 θυμωθεὶς
2925 2368 2953 2418 6
2990 2368 3252 2438 τύραννος
3285 2370 3654 2432 Καλϐισιανδς
3677 2412 3692 2434 ,
3721 2371 3833 2421 ἐκέ-

2261 2451 2452 2508 λευσεν
2493 2456 2714 2522 δεθῆναι
2755 2459 2843 2511 τὸν
2891 2462 3161 2529 μακάριον
3208 2460 3438 2526 Εὒπλον,
3475 2466 3567 2514 καὶ
3605 2467 3665 2515 τὺ
3697 2465 3832 2532 μέγα

2261 2545 2532 2614 ἄχραντον
2554 2548 2882 2618 Εὺα-ίγέλιον
2901 2553 3117 2622 δεθῆναι
3138 2555 3227 2606 ὲπὶ
3249 2555 3338 2606 τὸν
3356 2555 3631 2625 τράχηλον
3650 2556 3831 2617 αὑτοῦ,

2261 2640 2353 2686 καὶ
2377 2636 2451 2698 ὠς
2479 2639 2568 2690 ἐπὶ
2609 2642 2990 2712 ἑμπαὶγματος
3017 2647 3326 2713 ἀπάγεσθαι
3351 2649 3512 2700 αὑτὸν
3540 2651 3599 2700 ἐν
3637 2652 3714 2720 τῷ
3735 2650 3827 2700 δε-

2260 2729 2576 2799 σμωτηρίῳ.
2594 2731 2938 2794 ,Εἰσελθόντος
2957 2736 3012 2787 δὲ
3036 2738 3126 2788 τοῦ
3151 2740 3423 2808 μακαρίου
3447 2739 3665 2792 Εὔκλου
3689 2748 3743 2794 ἐν
3770 2745 3830 2810 τῇ

2259 2818 2816 2888 φυλακῇ,,ἐκέλευσεν
2845 2825 2873 2873 6
2899 2825 3259 2887 Καλϐισιανὸς
3299 2828 3713 2896 σφραγισθῆναι
3740 2837 3831 2898 την

2259 2907 2428 2978 θύραυν
2473 2908 2566 2962 τοῦ
2608 2910 2988 2983 δεσμωτηρίου
3030 2916 3106 2984 τῷ
3142 2916 3459 2987 δακτυλιδίῖρ
3501 2922 3693 2986 αὑτοῦ,
3743 2924 3830 2973 καὶ

2255 3003 2590 3072 στρατιώτας
2629 3005 2884 3073 ἀσφαλῶς
2930 3009 3221 3075 φυλάττειν
3264 3013 3362 3080 τὴν
3410 3013 3681 3085 φυλακήν.
3728 3016 3832 3068 Καὶ

2258 3095 2486 3162 ποιήσας
2512 3098 2539 3146 6
2572 3098 2837 3164 μακάριος
2870 3099 3077 3161 Εὒπλος
3115 3105 3171 3153 ἐν
3207 3105 3270 3170 τῇ
3300 3105 3515 3175 φυλακῇ
3537 3107 3679 3159 ἑπτὰ
3702 3111 3834 3177 ὴμέ-

585 3195 752 3247 ten-sis
773 3193 1021 3247 inanibus
1050 3194 1226 3246 oravit
1257 3212 1268 3244 :
1300 3193 1442 3246 Here
1476 3193 1703 3246 Domine
1731 3192 1858 3246 Jesu
1903 3193 2149 3258 Christe,

2260 3199 2356 3252 ρας
2378 3184 2471 3236 καὶ
2496 3186 2634 3238 ἑπτὰ
2656 3187 2876 3252 νύκτας,
2898 3189 3171 3260 ἐδίψησεν.
3218 3191 3491 3258 Ἐκτεὶνας
3515 3198 3571 3251 δὲ
3591 3202 3690 3263 τὰς
3725 3205 3834 3271 χεῖ-

586 3301 742 3340 verus
773 3285 916 3340 Deus
950 3294 1156 3348 noster,
1181 3284 1270 3353 qui
1301 3284 1397 3338 das
1423 3299 1602 3339 escam
1635 3283 1778 3338 omni
1809 3283 1956 3336 carni
1977 3285 2012 3344 ',
2058 3282 2150 3351 qui
2181 3261 2224 3293 υ

581 3391 671 3444 per
706 3377 936 3447 Moysem
971 3393 1185 3430 servum
1220 3387 1372 3430 tuum
1405 3375 1529 3430 filiis
1559 3375 1768 3429 lsraelis
1797 3389 1947 3442 aqua:
1973 3375 2150 3427 abun-
2192 3428 2204 3447 I

578 3471 814 3527 dantiam
846 3469 1069 3539 largitus
1087 3484 1145 3522 es
1173 3472 1223 3530 ',
1243 3471 1332 3537 qui
1357 3466 1712 3536 Sampsonem
1753 3482 1847 3534 per
1867 3481 2058 3534 aquam
2087 3481 2146 3519 cx

582 3561 794 3616 maxilla
855 3561 1104 3614 eductam
1136 3558 1421 3626 irrorasti’,
1445 3559 1536 3630 qui
1581 3558 1863 3614 laetitlcasti
1897 3573 1996 3612 nos
2024 3574 2148 3630 pre-

576 3656 715 3707 tioso
769 3652 1110 3720 maximeque
1175 3652 1409 3723 glorioso
1468 3653 1816 3722 baptismate,
1881 3655 1970 3722 qui
2024 3655 2146 3710 Jor-

576 3749 769 3802 danico
795 3747 1001 3800 fluento
1032 3755 1086 3799 et
1110 3748 1331 3798 lavacro
1363 3747 1487 3798 vita:
1515 3747 1840 3798 immortalis
1866 3749 2027 3798 etiam
2053 3763 2145 3800 su-

578 3855 671 3910 per
707 3849 904 3893 terram
963 3837 1268 3894 contrivisti
1321 3837 1644 3901 inimicum;
1686 3847 1744 3901 tu
1793 3837 1909 3906 ipse
1965 3853 2140 3902 nunc,

579 3930 802 3988 nomine
841 3929 970 3985 Jesu
1025 3929 1279 3992 Christe,
1331 3928 1537 3997 impera
1576 3926 1779 3980 fontem
1818 3941 1971 3996 aquae
2009 3927 2143 3981 vivae

574 4025 837 4078 scaturire
871 4039 936 4077 ex
999 4036 1218 4076 carcere
1284 4019 1520 4082 hoc,de
1567 4033 1671 4087 qua
1728 4020 1964 4072 cxsatier
2013 4035 2027 4084 ;
2084 4027 2142 4072 ut

573 4125 868 4188 agnoscant
897 4114 1076 4169 cuncti
1105 4155 1120 4178 ,
1150 4129 1258 4167 non
1290 4126 1413 4165 esse
1446 4109 1614 4165 Deum
1637 4111 1803 4164 alium
1839 4119 2036 4180 praeter
2067 4119 2138 4174 te,

575 4206 820 4260 Domine.
873 4204 1024 4258 Hanc
1054 4219 1269 4274 precem
1304 4217 1427 4256 cum
1465 4201 1553 4254 ille
1604 4199 2019 4270 complevisset,
2050 4215 2139 4252 rc-

572 4306 730 4363 pente
769 4311 920 4365 aquae
963 4294 1117 4363 cOpia
1158 4297 1298 4345 intra
1337 4305 1612 4345 carcerem
1671 4289 1949 4353 manavit;
1984 4289 2138 4358 isque

569 4389 752 4458 gratiis
809 4389 944 4442 actis
1003 4387 1260 4448 hibit,ct
1317 4383 1630 4453 glorificans
1688 4389 1968 4445 sanctam,
2011 4397 2139 4436 con-

563 4481 982 4540 substantialem
1004 4519 1018 4542 ,
1056 4476 1321 4531 vivificam
1398 4473 1715 4528 Trinitatem
1740 4513 1754 4537 ,
1800 4475 1962 4544 carpit
1992 4475 2134 4542 psal-

2258 3291 2354 3342 ρας
2380 3277 2541 3330 αὑτοῦ
2571 3281 2597 3330 6
2626 3281 2889 3349 μακάριος
2921 3282 3130 3347 Εῧπλος
3162 3283 3312 3339 εἶπεν
3334 3307 3347 3321 °
3380 3293 3629 3343 Δέσποτα
3666 3296 3831 3362 Κύριε

2267 3369 2439 3438 Ἰησοῦ
2471 3373 2693 3440 Χριστὲ,
2730 3376 2757 3426 6
2785 3377 3036 3444 ἀληθινὸς
3073 3379 3201 3441 Θεὸς
3235 3383 3413 3448 ἡμῶν,
3444 3385 3471 3433 6
3497 3383 3677 3446 ὀδοὺς
3706 3403 3830 3456 τρο-

2259 3463 2365 3529 φὴν
2397 3464 2549 3535 πάσῃ
2579 3469 2760 3534 σαρκὶ,
2792 3471 2817 3518 6
2841 3468 2926 3520 διὰ
2953 3469 3233 3532 Μωῡσέως
3263 3473 3356 3526 τοῦ
3375 3474 3712 3544 θεράποντάς
3736 3497 3827 3532 σου
3863 3530 3867 3533 ,

2250 3552 2427 3618 δώσας
2453 3557 2774 3630 πλησμονὴν
2799 3560 3006 3614 ὑδάτων
3028 3567 3137 3625 τοῖς
3167 3566 3300 3628 uici;
3325 3567 3565 3636 Ἰσραὴλ,
3589 3575 3620 3624 ὀ
3645 3574 3830 3642 δροσί-

2251 3663 2348 3709 σας
2376 3649 2466 3701 τὸν
2494 3651 2729 3720 Σαμψὼν
2759 3653 2911 3707 ὕδατι
2942 3660 3005 3708 ὲκ
3028 3662 3298 3724 σιαγόνος,
3322 3661 3350 3710 6
3371 3663 3655 3730 εὐφράνας
3683 3671 3829 3735 ἡμᾶς

2247 3740 2325 3808 τῷ
2344 3744 2511 3811 τιμίῳ
2533 3747 2622 3793 καὶ
2643 3745 2980 3816 ὑπερενδόξῳ
3003 3749 3359 3818 βαπτίσματι,
3381 3755 3496 3822 ότῴ
3517 3756 3831 3829 Ἰορδανείῳ

2250 3831 2450 3901 ῥείθρῳ
2482 3834 2576 3886 καὶ
2599 3834 2809 3905 λουτρῷ
2840 3837 2940 3906 τῆς
2974 3839 3244 3895 ἀθανάτου
3275 3841 3422 3912 ζωῆς
3453 3851 3547 3897 καὶ
3588 3850 3830 3920 ιπὶ·γῆς

2245 3922 2336 4014 τδν
2385 3924 2665 3995 ἀλλότριον
2719 3930 3049 3999 συντρίψαςο
3114 3935 3210 3986 καὶ
3259 3933 3352 3986 νῦν
3403 3939 3587 4005 αὐτὸς,
3653 3944 3828 4014 Κύριε

2259 4013 2432 4082 Ἰησοῦ
2458 4016 2680 4085 Χριστὲ,
2702 4020 2964 4074 κέλευσον
2988 4025 3050 4076 ἐκ
3072 4025 3165 4078 τοῦ
3191 4025 3572 4097 δεσμωτηρίου
3605 4013 3828 4099 τούτου,

2247 4102 2436 4196 ὕδατος
2471 4109 2653 4179 πηγὴν
2699 4111 2899 4175 ζῶντος
2947 4116 3229 4182 ἐκϐλύσαι,
3273 4122 3367 4172 καὶ
3406 4123 3466 4186 ἐξ
3508 4124 3684 4179 αὑτοῦ
3734 4129 3830 4196 ἐμ-

2245 4195 2548 4265 πλησθῆναι
2590 4216 2655 4269 με
2676 4241 2690 4264 ,
2729 4202 2814 4253 ἴνα
2848 4203 3017 4271 γνῶσι
3061 4207 3256 4268 πάντες
3287 4210 3368 4262 ὅτι
3400 4214 3499 4264 οὐκ
3538 4214 3661 4269 ἐστι
3693 4195 3825 4281 θεὸς

2241 4289 2398 4349 ἄλλος
2429 4289 2566 4359 πλὴν
2594 4291 2710 4355 σοῦ,
2744 4293 2936 4363 Κύριε.
2971 4297 3079 4348 Καὶ
3113 4298 3501 4368 πληρώσαντος
3530 4308 3703 4359 αὑτοῦ
3730 4310 3828 4378 τὴν

2241 4381 2405 4472 εοξχὴν
2436 4382 2676 4450 ταύτην,
2714 4386 2866 4450 ἄφνω
2906 4388 3137 4454 ἀνῆλθεν
3179 4392 3467 4463 πλησμονὴ
3500 4395 3702 4462 ὓδατος
3739 4403 3826 4451 ἐν-

2239 4471 2391 4522 δοθεν
2433 4472 2528 4542 τῆς
2579 4474 2847 4544 φυλακῆς.
2900 4478 3010 4529 Καὶ
3053 4480 3459 4553 εὐχαριστήσας
3494 4486 3687 4541 ἔπιεν·
3735 4497 3829 4546 καὶ

564 4573 710 4631 lere,
757 4584 820 4624 ac
868 4567 1194 4622 ineﬂ'abilem
1265 4565 1358 4620 Dei
1416 4582 1539 4633 erga
1591 4566 1835 4617 homines
1892 4578 2128 4616 amorem

2260 4564 2465 4628 ίοξάσας
2483 4567 2758 4636 τὴνλὰγίαν
2780 4573 2868 4623 καὶ
2893 4573 3175 4641 ὁμοούσιον
3193 4579 3285 4629 καὶ
3305 4579 3566 4642 ζωοποιδν
3588 4586 3826 4656 Τριάδα,

558 4661 812 4720 laudibus
840 4660 1134 4715 celebrare.

628 4838 716 4892 Vl.
779 4838 1045 4892 Caeterum
1089 4845 1212 4906 post
1270 4847 1478 4905 septem
1537 4837 1656 4890 illos
1708 4837 1870 4898 dies,
1935 4837 2131 4890 iterum

561 4930 838 4986 mandavit
862 4929 1214 4995 itnpiissimus
1252 4929 1623 4992 Calvisiauus,
1657 4929 1872 4981 beatum
1906 4928 2133 4996 Euplum

561 5022 801 5073 vinctum
842 5018 966 5072 duci
1005 5018 1069 5072 ad
1120 5016 1368 5070 tribunal.
1417 5016 1664 5086 Cumque
1721 5016 1942 5086 profecti
1997 5017 2132 5070 fuis-

558 5119 680 5165 sent
716 5110 929 5164 lictores
955 5150 970 5174 ,
1010 5119 1064 5164 et
1120 5109 1462 5177 aperuissent
1501 5125 1794 5173 carcerem,
1849 5109 2132 5164 confestim

562 5202 813 5254 viderunt
859 5215 1117 5266 aquarum
1163 5200 1515 5256 afﬂuentiam.
1548 5201 1746 5254 Verum
1798 5202 1990 5256 beatus
2021 5203 2132 5255 Eu-

561 5294 677 5359 plus
702 5307 899 5362 aquam
929 5291 1198 5359 increpuit
1223 5308 1412 5355 manu,
1463 5291 1658 5360 illaque
1685 5294 1923 5346 evanuit.
1961 5293 2131 5356 Quam

558 5399 670 5438 rem
701 5384 756 5436 in
783 5397 1004 5438 carcere
1034 5392 1238 5453 gestam
1292 5384 1471 5437 intuiti
1525 5384 1806 5446 satellites,
1879 5384 2134 5438 dixerunt

2228 4655 2429 4724 ἤρξατο
2456 4657 2677 4726 ψάλλειν
2709 4662 2803 4714 καὶ
2835 4665 3002 4714 αἰνεῖν
3045 4669 3142 4734 τὴν
3174 4669 3383 4734 ἄφατον
3414 4673 3583 4724 αὑτοῦ
3627 4655 3830 4742 φιλαν-

2231 4745 2502 4815 θρωπίαν.

2305 4837 2394 4907 q’.
2425 4841 2533 4892 Kal
2568 4844 2706 4910 μετὰ
2739 4845 2836 4907 τὰς
2867 4847 3005 4900 ἑπτά
3045 4851 3278 4920 ἡμέρας,
3311 4854 3564 4908 ἐκέλευσε
3601 4860 3775 4915 πάλιν
3802 4865 3829 4917 6

2233 4933 2595 4995 άσεῦέστατος
2647 4935 3048 5007 Καλϐισιανὸς,
3106 4943 3327 5012 δέσμιον
3383 4947 3476 5000 τὸν
3537 4958 3828 5023 μακάριον

2235 5023 2444 5076 Εὖπλον
2506 5025 2740 5096 ἀχθῆναι
2793 5030 3104 5100 ἔμπροσθεν
3159 5035 3254 5086 τοῦ
3318 5036 3559 5109 βήματος
3625 5047 3824 5104 αὑτοῦ.

2247 5117 2615 5171 ’Λπελθόντων
2646 5120 2701 5172 δὲ
2736 5123 2844 5174 τῶν
2876 5124 3185 5193 ὑπηρετῶν,
3220 5132 3313 5182 καὶ
3353 5135 3695 5196 ἀνοιξάντων
3725 5144 3825 5210 τὴν

2237 5208 2504 5275 φυλακὴν,
2548 5213 2700 5279 ἄφνω
2747 5209 2884 5265 εἶδον
2931 5219 3028 5284 τὴν
3078 5219 3398 5292 πλησμονὴν
3444 5226 3540 5277 τοῦ
3596 5208 3822 5300 ὓδατος.

2247 5300 2607 5396 Ἐπιτιμήσας
2633 5305 2690 5355 δὲ
2723 5306 2783 5358 τὸ
2809 5307 2950 5377 ὕδωρ
2973 5311 3000 5361 6
3026 5313 3299 5383 μακάριος
3328 5312 3535 5382 Εὗπλος
3568 5327 3638 5393 τῇ
3673 5330 3822 5396 χειρὶ

2235 5394 2420 5488 αὑτοῦ,
2456 5396 2657 5465 ἀφανὲς
2693 5400 2928 5466 ἐγένετο.
2975 5404 3193 5466 Ἰδόντες
3223 5407 3279 5457 δὲ
3313 5408 3372 5460 τὺ
3401 5414 3630 5479 γεγονὸς
3662 5419 3724 5471 ἐν

554 5477 698 5531 inter
729 5493 788 5532 se
827 5495 840 5532 :
880 5479 1099 5546 Magnus
1126 5488 1206 5533 est
1235 5478 1380 5533 Deus
1410 5477 1646 5530 hominis
1668 5481 1840 5532 istius.
1877 5479 1942 5531 Et
1995 5478 2128 5531 cd'u-

553 5582 701 5624 ctum
745 5569 967 5625 Beatum
1010 5586 1039 5624 e
1082 5583 1321 5636 carcere,
1351 5573 1697 5626 adduxerunt
1736 5576 1800 5627 ad
1834 5573 2125 5627 Calvisiani

558 5663 812 5719 tribunal.
847 5662 951 5729 Qui
987 5663 1040 5716 in
1075 5663 1268 5719 faciem
1343 5666 1485 5719 beati
1515 5663 1674 5733 Eupli
1736 5668 1918 5720 oculos
1949 5665 2120 5734 conji-

2237 5486 2449 5556 φυλακῇ
2491 5491 2538 5540 οἱ
2579 5491 2870 5558 ὑπηρέται,
2924 5495 3004 5555 εἰς
3051 5495 3309 5567 ἀλλήλους
3348 5501 3535 5566 ἔλεγον
3563 5520 3576 5532 °
3623 5486 3824 5577 Μέγας

2232 5581 2379 5630 ἐστὶν
2409 5581 2436 5629 6
2467 5582 2597 5642 Θεὸς
2627 5581 2716 5634 τοῦ
2748 5584 3035 5654 ἀνθρώπου
3069 5588 3279 5646 τούτου.
3321 5594 3429 5645 Καὶ
3460 5599 3825 5665 παραλαϐὼ-

2231 5689 2317 5732 τες
2347 5672 2434 5724 τδν
2459 5676 2732 5745 μακάριον
2757 5679 2819 5728 ὲκ
2842 5677 2934 5730 τοῦ
2959 5680 3354 5754 δεσμωτηρίου,
3382 5684 3624 5757 ἤνεγκαν
3654 5696 3821 5746 αὑτὸν

664 5846 680 5879 ⁸
715 5845 856 5899 l’sal.
888 5862 1080 5914 cxxxv,
1117 5847 1207 5904 25.

1317 5851 1333 5882 ’
1364 5848 1531 5906 Exod.
1563 5866 1693 5917 xvn,
1725 5852 1777 5906 6.
1903 5854 1921 5886 ⁸
1951 5855 2125 5912 Judic.
2162 5873 2247 5924 xv,
2290 5862 2372 5915 19.
