3972 6498
159 436 249 499 529
1229 431 1517 491 ORATIO
1559 428 1658 490 DE
1695 429 1982 491 SANCTA
2027 428 2301 488 MARIA.

3291 426 3398 490 530

154 543 446 616 ἑμπροσθιν
486 544 581 596 τοῦ
622 543 866 612 βήματος
921 541 1310 595 Καλϐισιανοῦ.
1363 543 1475 594 Kal
1520 542 1714 612 ἐμϐλέ-

1823 542 2004 596 ciens:
2067 539 2274 594 Saltem
2331 552 2514 604 nunc,
2581 537 2774 607 inquit,
2844 536 3086 592 sacriﬁea
3151 535 3256 590 diis
3295 550 3397 588 no-

149 640 240 702 ψις
279 637 356 697 εἰς
391 635 453 686 τὸ
493 635 789 704 πρῆσωπον
823 634 918 686 τοῦ
962 633 1235 703 μακαρίου
1273 630 1489 685 Εῦπλου
1527 629 1712 685 εἶπεν·

150 725 252 779 Kiv
289 725 384 777 νῦν
426 723 590 778 θῦσον
629 728 741 789 τοῖς
775 723 918 786 θεοῖς
951 724 1131 792 ἡμῶν,
1176 723 1283 792 πρὸ
1325 724 1418 776 τοῦ
1449 723 1526 793 τῷ
1571 723 1716 792 ξίφει

151 836 196 869 σε
218 817 586 886 ἀναλωθῆναι.
627 819 686 870 Ὀ
711 817 764 869 δὲ
788 816 942 882 ἅγιος
967 811 1176 878 Εὗπλος
1199 811 1353 868 εἶπεν
1374 833 1386 846 ·
1422 816 1714 885 Παράνομε

147 913 229 962 καὶ
259 909 424 978 τυφλὶ
453 913 518 978 τῇ
558 909 772 979 καρδίᾳ,
804 910 1011 978 ὲργάτα
1040 909 1134 961 τοῦ
1165 907 1432 970 διαϐόλου,
1463 908 1557 960 καὶ
1590 907 1715 960 σύν-

145 1004 290 1070 θρονε
338 1003 530 1063 αὑτοῦ,
581 1005 665 1064 τίς
711 1003 892 1072 παρεᾷ
933 1002 994 1055 τὸ
1041 1001 1155 1069 φῶς
1203 1003 1297 1071 τῆς
1340 1001 1573 1070 ἡμέρας,
1621 1003 1717 1053 καὶ

150 1098 429 1164 πορεύεται
459 1097 516 1146 ἐν
546 1099 610 1165 τῇ
642 1097 862 1166 escaria;
897 1094 1080 1148 Ταῦτα
1117 1091 1209 1148 οὖν
1240 1094 1479 1155 ἀκούσας
1508 1093 1714 1147 Καλϐι-

146 1188 316 1248 atavo;
371 1188 399 1239 ό
452 1186 738 1255 τύραννος,
792 1188 1094 1258 ἐταράχθη,
1147 1189 1242 1241 καὶ
1298 1187 1552 1239 ἐκέλευσε
1604 1187 1716 1246 τοῖς

143 1279 438 1346 ὑπηρέταις
496 1278 659 1331 αὐτοῦ
718 1279 938 1348 δεθῆναι
989 1279 1080 1331 τὸν
1143 1280 1412 1349 μακάριον
1463 1274 1714 1341 Εὖπλον,

142 1372 227 1422 καὶ
287 1371 539 1440 σιδηραῖς
584 1369 825 1437 ὀγκίνοις
879 1370 978 1434 τὰς
1010 1370 1181 1433 ἀκοὰς
1238 1368 1541 1431 πιέζεσθαι.
1606 1367 1716 1420 Kal

141 1465 358 1530 ἄγουσιν
397 1463 562 1516 αὑτὸν
605 1463 695 1515 ἐπὶ
720 1463 781 1514 τὸ
842 1461 1026 1530 βῆμα·
1085 1461 1182 1514 καὶ
1231 1461 1474 1530 συνήχθη
1522 1461 1631 1522 πᾶς
1688 1459 1715 1510 ὁ

140 1557 254 1616 λειος
292 1554 402 1604 τῶν
435 1569 494 1604 τε
537 1553 749 1604 πιστῶν
789 1552 894 1605 καὶ·
924 1553 1193 1614 ἀπίστων,
1234 1551 1308 1612 ὡς
1345 1552 1434 1603 ἐπὶ
1475 1551 1717 1620 μεγίστῳ

141 1647 390 1714 θεάματι.
448 1646 508 1699 '0
549 1646 603 1698 δὲ
643 1647 1008 1709 ἀσεϐέστατος
1051 1645 1421 1707 Καλϐισιανὸς
1461 1645 1715 1698 ἐκέλευσε

138 1736 353 1804 τεθῆναι
387 1738 481 1789 τον
511 1737 704 1803 θρόνον
734 1736 898 1789 αὑτοῦ
937 1736 1166 1802 πλησίον
1198 1739 1295 1802 τῆς
1340 1734 1586 1801 φυλακῆς
1615 1732 1714 1801 ἐμ.-

139 1829 370 1896 προσθεν
403 1828 499 1879 τοῦ
533 1828 757 1894 λουτροῦ
786 1827 880 1878 τοῦ
912 1827 1064 1888 ὄντος
1105 1825 1332 1892 πλησίον
1373 1827 1540 1894 αὐτῆς
1574 1826 1714 1876 κατὰ

1819 634 1978 700 stris,
2008 643 2298 703 antequam
2324 629 2501 703 gladio
2533 630 2836 701 perimaris.
2855 628 3156 699 Respondit
3178 638 3398 682 sanctus

1820 727 2026 794 Euplus
2049 746 2057 777 :
2084 726 2354 796 Improbe,
2380 741 2519 781 casce
2544 725 2707 780 corde
2731 724 3000 787 ,ministcr
3026 723 3227 777 diaboli
3247 723 3396 792 ejus-

1818 833 1923 886 que
1954 819 2100 872 socie
2129 818 2179 872 in
2207 817 2342 872 solio
2365 860 2377 880 ,
2436 818 2558 888 quis
2587 816 2690 871 diei
2719 816 2900 870 lumen
2935 814 3220 883 relinquit,
3253 821 3312 866 ut
3341 814 3393 866 in

1822 909 2064 963 tenebris
2088 909 2366 964 ambulet?
2399 907 2493 963 His
2523 909 2726 962 auditis
2755 907 3392 975 Calvisianustyrannus.

1820 1010 2125 1054 commotus
2157 1011 2239 1055 est
2284 1041 2297 1065 ,
2327 1015 2391 1054 ac
2438 999 2634 1054 indixit
2686 999 2951 1054 ministris
2983 998 3096 1051 suis
3128 1039 3140 1059 ,
3168 998 3388 1050 beatum

1823 1092 2054 1161 Euplum
2081 1093 2271 1164 ligari,
2328 1104 2491 1163 atque
2549 1092 2737 1146 ferreis
2786 1091 3003 1147 uncinis
3059 1107 3221 1144 aures
3277 1091 3394 1160 ejus

1825 1185 2113 1238 contundi.
2151 1185 2365 1238 Ducunt
2387 1200 2512 1252 ergo
2545 1184 2693 1238 illum
2731 1184 2796 1237 ad
2829 1183 3068 1238 tribunal
3097 1200 3109 1235 :
3142 1183 3397 1237 convenit

1821 1291 1950 1328 vero
1981 1276 2271 1330 universus
2299 1278 2534 1346 populus
2562 1284 2668 1330 tam
2729 1271 2967 1328 ﬁdeliuin
3000 1289 3162 1343 quam
3204 1272 3394 1326 inﬁde-

1822 1365 1949 1418 lium
1975 1407 1989 1428 ,
2023 1365 2174 1436 quasi
2213 1352 2602 1419 ad'maximum
2649 1364 3044 1434 spectaculum.
3079 1362 3147 1416 At
3181 1362 3396 1430 impiis-

1818 1457 1989 1512 simus
2024 1459 2363 1513 Calvisianus
2413 1458 2583 1513 voluit
2613 1459 2809 1512 solium
2862 1473 3022 1511 suum
3085 1456 3209 1525 poni
3241 1455 3393 1521 juxta

1819 1566 2137 1617 Carcerem,
2179 1567 2363 1608 coram
2435 1549 2650 1605 lavacro
2707 1550 2849 1619 quod
2910 1549 3116 1603 carceri
3185 1547 3394 1616 adjacet

1820 1663 2006 1702 versus
2043 1646 2350 1700 meridiem.
2398 1645 2643 1713 Cumque
2683 1645 2914 1698 sedisset
2964 1657 3129 1711 super
3167 1642 3392 1710 impium

1820 1741 2011 1794 solium
2042 1753 2200 1793 suum
2232 1780 2245 1803 ,
2275 1739 2437 1806 jussit
2491 1739 2709 1794 beatum
2753 1735 2981 1805 Euplum
3027 1734 3201 1804 capite
3241 1743 3393 1786 trun-

1823 1831 1954 1884 cari.
1996 1829 2093 1884 l-lic
2141 1844 2276 1884 vero
2312 1830 2535 1899 impium
2566 1831 2798 1884 maxime
2848 1827 3132 1898 praesidem
3167 1825 3392 1894 rogavit.

140 1921 506 1988 μεσημϐρίαν.
534 1921 643 1973 Kal
669 1918 1024 1981 καθεσθέντος
1055 1918 1219 1971 αὐτοῦ
1243 1918 1333 1970 ἐπὶ
1365 1915 1457 1970 τοῦ
1487 1917 1714 1980 ἀσεϐοῦς

1823 1934 1880 1974 ut
1910 1921 2169 1990 temporis
2206 1923 2549 1976 intervallum
2589 1922 2687 1992 ipsi
2718 1920 2783 1974 ad
2817 1918 3144 1990 precandum
3193 1929 3394 1970 conce-

139 2010 293 2063 αὑτοῦ
322 2012 539 2078 θρόνου,
569 2010 856 2062 ἐκέλευσεν
883 2008 1392 2078 ἁποκεφαλισθῆναι
1417 2011 1506 2063 τὸν
1535 2011 1714 2078 μακά-

138 2123 244 2175 ριον
287 2100 521 2158 Εῦπλον.
563 2104 620 2155 '0
668 2103 723 2155 δὲ
778 2103 1049 2172 μακάριος
1100 2097 1310 2165 Εὗπλος
1371 2104 1715 2173 παρεκάλεσε

136 2197 220 2248 τὸν
263 2196 633 2249 ἀσεϐέστατον
671 2195 1060 2260 Καλϐισιανδν,
1088 2187 1275 2247 λα’ὁεῖν
1307 2195 1468 2248 αὑτὸν
1507 2196 1715 2264 διορίαν

135 2287 220 2340 τοῦ
252 2287 684 2352 προσεύξασθαι.
723 2288 831 2339 Kal
861 2287 1076 2349 ἀνοίξας
1105 2285 1166 2338 τὸ
1198 2286 1352 2353 ἅγιον
1384 2285 1717 2354 Εὑαγγέλιον

136 2379 220 2431 τοῦ
271 2377 436 2441 Θεοῦ,
483 2378 686 2449 ἤρξατο
730 2377 1087 2445 ἀναγγέλλειν
1127 2379 1224 2440 τὰς
1266 2377 1712 2448 θαυματουργίας

136 2469 220 2521 τοῦ
269 2470 482 2538 Κυρίου
551 2470 706 2540 ἡμῶν
757 2469 933 2539 Ἰησοῦ
963 2469 1220 2539 Χριστοῦ.
1262 2469 1371 2522 Kal
1416 2470 1605 2522 πολλοὶ
1649 2470 1712 2522 ἐκ

134 2560 223 2614 τοῦ
262 2563 425 2632 ὄχλου
465 2563 847 2630 ἐφωτίσθησαν
885 2562 953 2613 δι’
995 2560 1182 2614 αὑτοῦ.
1223 2559 1332 2612 Kal
1374 2560 1511 2628 μετᾶ
1541 2558 1713 2612 ταῦτα

138 2652 598 2719 προσευξάμενος,
630 2654 832 2722 ἤκουσε
864 2654 1048 2721 φωνῆς
1073 2649 1130 2716 ἐξ
1156 2648 1387 2720 οὐρανοῦ
1416 2649 1680 2718 λεγούσης
1699 2665 1711 2676 ·

1821 2011 2062 2066 deretur.
2091 2013 2294 2078 Quare,
2329 2023 2518 2083 aperto
2541 2022 2729 2066 sancto
2766 2012 2856 2065 Dei
2900 2008 3192 2078 Evangelio
3214 2046 3226 2067 ,
3257 2020 3393 2074 prae-

1820 2103 2000 2155 dicare
2032 2104 2200 2173 caepit
2235 2103 2450 2158 Domini
2491 2104 2659 2158 nostri
2687 2103 2812 2158 Jesu
2863 2102 3062 2158 Christi
3113 2098 3393 2156 miracula,

1819 2195 1952 2249 adeo
1990 2205 2046 2248 ut
2079 2211 2108 2249 e
2141 2195 2296 2264 plebe
2343 2197 2494 2250 multi
2533 2211 2628 2264 per
2664 2210 2787 2250 eum
2829 2192 3110 2248 illuniinati
3160 2189 3378 2244 iuerint.

1819 2284 2012 2340 Postea
2050 2303 2172 2343 eum
2191 2296 2417 2350 orasset,
2433 2287 2638 2341 audivit
2665 2301 2853 2342 vocem
2873 2301 2902 2339 e
2919 2285 3057 2339 cmlo
3082 2283 3356 2337 dicentem
3377 2293 3391 2331 :

1825 2381 1973 2435 Bono
2003 2385 2077 2437 sis
2118 2385 2328 2450 animo,
2373 2386 2580 2455 Euple;
2626 2385 2816 2440 beatus
2868 2399 2925 2438 cs
2975 2393 3064 2446 tu;
3115 2380 3274 2440 veni,
3313 2395 3398 2432 re-

1823 2473 2044 2542 quiesce
2073 2488 2194 2526 cum
2231 2475 2298 2527 iis
2344 2476 2436 2543 qui
2463 2475 2530 2528 ab
2591 2475 2746 2527 initio
2785 2473 3071 2540 hucusque
3120 2466 3249 2522 mihi
3280 2466 3395 2535 pla-

1825 2571 2076 2616 cuerunt.
2115 2563 2354 2617 Tandem
2395 2573 2618 2633 accepta
2671 2564 2939 2618 sententia
2965 2601 2978 2626 ,
3026 2575 3120 2629 per
3159 2557 3393 2628 gladium

1823 2655 2082 2723 martyrio
2114 2665 2526 2710 consummatus
2549 2665 2655 2709 est.

136 2745 356 2814 Θάρσει,
400 2743 579 2799 Εὗπλε
604 2761 620 2778 ⁶
657 2747 749 2800 καὶ
786 2749 1058 2818 μακάριος
1093 2743 1143 2800 εἷ
1195 2747 1296 2800 σύο
1336 2746 1515 2817 δεῦρο,
1553 2747 1908 2802 ἑπαναπαύου
1945 2753 2081 2820 μετὰ
2124 2753 2234 2804 τῶν
2283 2754 2379 2805 ἀπ’
2407 2752 2598 2814 αἰῶνος
2631 2749 3111 2820 εὐαρεστητὰντιιιν
3150 2763 3258 2816 μοι.
3288 2744 3396 2796 Kal

134 2843 310 2896 λαϐὼν
340 2845 440 2912 τὴν
473 2844 774 2913 ἀπόφασιν,
808 2845 1098 2915 ἐτελειώθη
1129 2843 1216 2897 διὰ
1256 2844 1350 2896 τοῦ
1387 2844 1594 2913 ξεφους.

197 2935 270 2990 Ζ’.
315 2937 476 2998 Τινὲς
515 2935 571 2987 δὲ
609 2937 719 2987 τῶν
760 2936 1120 3005 φι).οχρίστων
1163 2934 1416 3004 μοναχῶν
1457 2934 1710 3003 λαϐόντες

133 3030 188 3080 si.
225 3030 412 3096 τίμιον
440 3027 608 3082 αὑτοῦ
648 3027 900 3096 λείψανον
922 3068 936 3092 ,
993 3027 1286 3080 κατέθεντο
1321 3026 1455 3080 αὐτὸ
1495 3027 1552 3078 ὲν
1586 3027 1708 3077 tm-

135 3123 290 3188 σήμῳ
316 3122 490 3190 τόπῳ,
535 3123 591 3172 ὲν
626 3115 670 3187 ᾧ
705 3122 911 3189 ἰάματα
941 3120 1340 3173 ἐπιτελοῦνται.
1389 3117 1711 3188 Ἐτελειὼθη

133 3210 182 3259 δὲ
233 3208 404 3260 αὑτοῦ
449 3211 480 3277 ἡ
533 3211 818 3278 μαρτυρία
857 3211 915 3261 ἐν
961 3210 1100 3277 καλῇ
1151 3209 1413 3277 ὁμολογίᾳ
1459 3209 1590 3277 μηνὶ
1613 3209 1717 3260 Ad-

133 3301 345 3370 γούστῳ
384 3301 682 3372 δωδεκάτῃ,
716 3302 772 3352 ὲν
809 3300 886 3367 τῷ
923 3302 1150 3368 ὀνόματι
1194 3301 1286 3351 τοῦ
1323 3300 1524 3367 Κυρίου
1558 3301 1718 3368 ἡμῶν

144 3395 313 3463 Ἰησοῦ
365 3395 629 3465 Χριστοῦ,
682 3388 785 3462 ᾧὴ
828 3395 953 3460 δόξα
993 3396 1089 3449 καὶ
1131 3394 1192 3447 τὸ
1241 3395 1464 3464 κράτος,
1500 3394 1598 3446 σὺν
1639 3391 1719 3463 τῷ

134 3487 302 3556 Πατρὶ
346 3489 442 3538 καὶ
481 3487 559 3552 τῷ
599 3487 741 3554 ἁγίῳ
773 3488 1077 3555 ῐῐνεύματι,
1105 3487 1200 3540 νῦν
1247 3487 1342 3540 καὶ
1390 3485 1476 3539 ἀεὶ
1517 3485 1610 3538 καὶ
1641 3485 1720 3547 εἰς

134 3580 250 3641 τοὺς
279 3579 492 3640 αἰῶνας
519 3579 630 3630 τῶν
655 3579 888 3631 αἰώνων.
923 3578 1119 3648 Ἀμήν.

139 3752 3197 3783 W

1892 2931 2000 2986 Vil.
2034 2932 2262 2998 Quidam
2293 2947 2422 2987 vero
2443 2949 2471 2988 e
2507 2933 2709 2988 Christi
2731 2933 3064 2988 amatoribus
3091 2932 3394 2994 monachis.

1819 3026 2082 3093 pretiosas
2130 3027 2247 3096 ejus
2299 3025 2552 3098 reliquias
2621 3028 2903 3094 collectas,
2942 3027 3312 3097 deposuerunt
3341 3028 3392 3080 in

1819 3113 1937 3168 loco
1971 3115 2163 3186 insigni
2191 3135 2204 3172 :
2238 3119 2325 3172 ubi
2357 3122 2669 3175 morborum
2699 3123 3012 3176 curationes
3034 3129 3392 3191 peraguntur.

1821 3205 1988 3261 Porro
2016 3207 2135 3276 ejus
2164 3211 2479 3280 martyrium
2509 3213 2560 3264 iu
2590 3213 2842 3282 praeclara
2874 3213 3216 3267 confessione
3239 3226 3392 3266 com-

1823 3299 2024 3366 pictum
2053 3300 2152 3356 fuit
2203 3303 2530 3359 duodecimo
2555 3305 2644 3360 die
2678 3307 2879 3361 mensis
2911 3305 3133 3375 Augusti
3163 3324 3176 3371 ;
3211 3303 3262 3359 in
3303 3321 3400 3360 nc-

1825 3391 1971 3446 mine
1998 3392 2208 3448 Domini
2235 3399 2402 3450 nostri
2426 3397 2555 3450 Jesu
2580 3397 2805 3462 Christi,
2833 3399 2918 3451 cui
2939 3399 3104 3468 gloria
3136 3413 3197 3451 ac
3217 3399 3390 3467 impe-

1826 3480 1969 3541 rium
1989 3528 2003 3552 ,
2034 3502 2154 3541 cum
2182 3486 2342 3543 Patre
2367 3499 2420 3542 et
2449 3498 2638 3544 sancto
2663 3488 2890 3559 Spiritu,
2922 3505 3068 3544 nunc
3100 3500 3152 3545 et
3182 3489 3397 3558 semper

1827 3589 1889 3638 et.
1918 3580 1972 3631 in
2004 3579 2200 3634 saecula
2236 3577 2578 3632 saeculorum.
2639 3577 2829 3631 Anien.

3217 3753 3383 3765 -ρ

1541 3931 2001 4023 ORATIO

270 4129 422 4199 Quae
463 4128 683 4184 tractat
714 4139 748 4183 δ
783 4122 1146 4186 venerando
1179 4130 1421 4209 ortu_et
1461 4125 2301 4209 educationesanctissimm
2340 4127 2625 4190 Domina)
2661 4128 2903 4192 Nostrae
2936 4129 3246 4209 Deipares,

1306 4206 1378 4266 Et
1407 4215 1549 4266 ortu
1585 4204 1809 4266 Christi
1849 4207 1962 4266 Dei
1998 4209 2221 4283 nostri,

779 4287 852 4348 Et
886 4301 1290 4362 quoscunque
1312 4286 1745 4366 _co_ntigerunt
1775 4284 1852 4343 ad
1887 4287 2201 4366 viviﬁcum
2233 4289 2366 4366 ejus
2388 4287 2756 4351 decessum.

607 4367 677 4425 Et
711 4373 1012 4443 praeterea
1048 4362 1372 4445 quomodo
1410 4363 1473 4421 in
1509 4370 1796 4440 apertum
1836 4365 2075 4445 prolata
2113 4366 2192 4445 sit
2230 4362 2505 4444 pretiosa
2539 4371 2675 4445 ejus
2724 4368 2936 4429 vestis.

637 4441 1280 4524 Et'quemadm’odum
1315 4441 1409 4502 hin
1443 4457 1685 4519 magna;
1728 4441 1887 4520 opes
1919 4442 2098 4505 fuere
2128 4441 2496 4506 ChriStianis
2530 4441 2894 4508 reconditae.

393 4567 666 4627 Auctore
697 4568 991 4645 Symeone
1032 4567 1473 4643 Metaphraste,
1509 4568 1618 4643 qui
1650 4570 2173 4644 gravissimorum
2206 4572 2471 4631 Patrum
2498 4571 2710 4631 utitur
2744 4574 3140 4633 testimoniis.

139 4733 301 4795 tApud
325 4733 536 4784 Surlum
571 4734 630 4782 ad
660 4733 1132 4800 diemtt_5_Augusti.
1179 4735 1558 4800 -—Fragmenta
1611 4734 1776 4800 Gra‘ca
1821 4736 2060 4800 nonnulla
2079 4733 2402 4800 subiecimus
2447 4753 2560 4800 qua
2581 4745 2783 4788 exstant
2823 4742 2872 4790 'tn
2917 4742 3100 4793 Catena
3141 4742 3198 4788 ad
3255 4740 3396 4793 Luc.

851 4795 1175 4857 Evangetium
1199 4811 1343 4857 quam
1367 4795 1524 4846 edidit
1548 4796 1678 4845 card.
1719 4799 1851 4857 Aug.
1889 4796 1982 4846 Mai
2006 4796 2055 4845 in
2079 4795 2199 4850 Vn;
2226 4799 2416 4849 Scurr.
2445 4795 2564 4851 tom.
2592 4800 2699 4862 IX.)

196 5124 237 5178 I.
275 5121 584 5193 Oportebat
639 5137 829 5178 revera
875 5122 1147 5195 Virginem
1175 5166 1188 5187 ,
1246 5125 1385 5180 sicut
1429 5125 1546 5197 ipsa
1608 5126 1702 5182 Dei
1735 5131 1784 5191 D
1812 5088 1936 5199 que,
1975 5131 2089 5188 Filii
2119 5134 2321 5190 cedens
2344 5135 2575 5207 legibus,
2635 5143 2846 5206 gratum
2898 5135 3100 5191 habere
3134 5137 3207 5200 id,
3251 5141 3396 5207 quod

132 5215 192 5267 ad
219 5215 478 5270 homines
512 5217 726 5269 venturi
762 5217 980 5271 inventa
1010 5227 1092 5272 est
1118 5217 1339 5286 dignum
1362 5228 1417 5271 et
1449 5219 1558 5273 Deo
1591 5235 1722 5274 con-

134 5307 365 5361 veniens
402 5306 805 5370 habitaculum,
868 5310 938 5362 ita
988 5325 1135 5365 nunc
1185 5310 1330 5364 illam
1382 5309 1450 5364 ad
1487 5313 1721 5368 encomii

134 5408 519 5469 argumentum
568 5399 728 5453 nobis
785 5401 1150 5470 propositum,
1213 5403 1428 5474 dignam
1479 5402 1717 5474 linguam

134 5506 253 5546 rsse
295 5503 676 5554 consecutam,
711 5507 832 5560 quae
862 5508 950 5547 res
979 5493 1100 5562 ejus
1129 5493 1406 5564 eleganter
1448 5507 1713 5563 narraret,

135 5593 183 5634 et
212 5579 640 5638 convenientem
690 5585 739 5640 ei
777 5586 988 5640 laudem
1034 5586 1272 5642 aﬂ‘erret.
1310 5587 1414 5642 Sed
1447 5591 1709 5659 quoniam

134 5689 238 5739 quo
270 5675 374 5729 hoc
419 5683 504 5729 est
534 5677 732 5745 mz‘jus,
770 5693 834 5731 eo
867 5678 1141 5734 diilicilius
1186 5681 1440 5748 explicari
1500 5690 1710 5750 potest,

139 5781 232 5830 pro
276 5768 484 5824 viribus
516 5768 706 5824 saltem
740 5770 903 5825 alacri
945 5772 1128 5826 animo
1158 5774 1331 5827 danda
1379 5783 1462 5830 est
1509 5789 1668 5843 opera
1700 5816 1713 5841 ,

144 5864 194 5906 ut
229 5867 475 5915 texamus
509 5861 626 5930 ejus
659 5859 1048 5918 laudationem.
1086 5864 1195 5920 Scit
1251 5865 1394 5919 enim
1431 5867 1543 5936 ipsa
1577 5881 1713 5935 quo-

1827 5223 1884 5276 lit
1925 5241 2022 5293 pro
2059 5225 2285 5280 viribus.
2324 5226 2623 5281 Dicendum
2660 5236 2744 5281 est
2793 5243 2955 5297 ergo,
2993 5237 3048 5282 et
3101 5229 3396 5300 diligenter

1821 5317 2178 5382 narrandum,
2207 5328 2262 5372 et
2297 5318 2442 5372 unde
2469 5330 2584 5373 orta
2618 5319 2863 5389 sit,quos
2895 5331 3150 5389 parentes
3187 5323 3394 5377 habue-

1822 5408 1929 5468 rit,
1979 5408 2156 5476 deque
2205 5408 2530 5462 educatione
2583 5409 2737 5478 ejus,
2791 5417 2846 5462 et
2897 5408 3005 5464 iine
3059 5413 3222 5465 vitze:
3262 5413 3394 5481 quin

1817 5497 1978 5550 etiam
2015 5512 2355 5569 quaecunque
2397 5501 2467 5553 illi
2502 5502 2843 5570 contigerunt
2886 5517 2952 5555 ex
2997 5503 3179 5556 divina
3212 5503 3396 5558 Provi-

1823 5589 2005 5643 dentia
2065 5601 2118 5645 et
2157 5593 2370 5645 arcanis
2421 5592 2747 5646 rationibus.
2805 5592 2959 5656 Quod
2997 5593 3038 5645 si
3089 5595 3263 5649 oratio
3294 5594 3396 5667 alia

1824 5699 2040 5753 quoque
2082 5685 2515 5754 comprehendit,
2565 5694 2618 5738 et
2654 5685 2961 5739 necessario
3013 5689 3396 5756 persequitur,

1824 5791 1932 5828 non
2001 5785 2084 5830 est
2123 5793 2150 5830 a
2214 5777 2421 5830 ratione
2474 5776 2748 5839 alienum,
2809 5779 2950 5848 quod
3013 5778 3212 5832 factum
3265 5789 3397 5845 est;

1827 5870 2005 5925 omnia
2039 5871 2181 5925 enim
2211 5871 2272 5923 ad
2303 5885 2420 5925 eam
2458 5871 2790 5930 referuntur.
2825 5873 3052 5940 ejusque
3079 5887 3203 5927 sunt
3231 5870 3411 5948 gloria.
