3972 6442
563 388 661 455 531
1819 391 2105 451 MENSIS
2140 389 2566 451 AUGUSTUS.
3704 384 3807 450 532

560 509 615 552 et
646 498 916 552 eucomia.
971 499 1217 565 Quorum
1247 499 1486 555 narratio
1510 516 1619 554 non
1654 499 1758 554 erit
1800 498 1960 553 nobis
2006 499 2131 553 abs-
2161 504 2206 559 Α
2235 500 2357 554 Are.
2409 500 2581 565 gratia
2634 495 2813 560 plena,
2874 495 3071 565 inquit,
3126 495 3375 548 Dominus
3433 504 3622 549 tecum.
3658 496 3811 550 Cun—

562 605 668 657 quc
714 588 817 641 lide
848 587 1026 658 dignis
1054 588 1303 655 testibus,
1355 605 1458 644 nec
1487 597 1735 644 sumetur
1771 604 1835 642 ex
1884 590 2131 657 personis
2241 590 2399 643 traria
2430 587 2501 639 illi
2532 588 2719 657 prima
2755 588 2894 649 voci,
2935 602 3057 656 qua:
3102 587 3240 641 facta
3288 596 3371 639 cst
3400 587 3638 651 mulieri,
3663 603 3813 641 nunc

562 679 899 749 quibuslibet
928 697 941 733 :
974 679 1069 734 sed
1128 695 1289 749 quam
1334 681 1455 747 viri,
1488 682 1687 749 quibus
1734 681 1854 750 jure
1908 679 2132 734 creden-
2240 680 2401 733 verba
2434 680 2569 732 ﬁunt
2597 678 2823 749 Virgini.
2860 678 2951 731 Illa
2975 678 3250 734 doloribus
3287 678 3340 730 in
3368 686 3525 746 partu
3553 677 3817 729 condem-

561 770 692 824 dum
716 778 866 823 estet
890 770 981 840 qui
1006 771 1168 825 simul
1196 786 1318 825 cum
1346 770 1594 825 doctrina
1623 770 1893 840 egregiam
1923 780 2135 839 quoque
2240 782 2364 827 nata
2408 770 2505 825 fuit
2535 780 2754 840 propter
2783 780 3061 839 peccatum
3093 789 3103 823 :
3134 774 3184 824 in
3216 771 3316 824 hac
3337 778 3519 823 autem
3564 786 3661 838 per
3682 770 3818 823 laeti-

570 864 731 917 Vi‘am
760 864 1081 925 “umerum:
1110 863 1399 933 ἀίιῖεεηῑει·
1431 870 1895 933 composueram:
1929 860 2133 930 GFCSO-
2244 868 2370 920 tiam
2403 865 2691 934 expellitur
2714 864 2948 918 tristitia.
2977 865 3034 918 lu
3073 865 3157 917 illa
3188 873 3396 933 partum
3422 871 3820 932 prtecesserunt

568 954 704 1017 rius,
734 956 977 1023 inquam,
1024 955 1322 1024 Nyssenus,
1361 954 1692 1009 Athanasius
1721 952 2136 1015 Alexandrinus»,
2242 956 2457 1009 dolores
2499 973 2511 1007 :
2562 955 2646 1007 hic
2685 968 2814 1007 vero
2847 954 3029 1008 laetitia
3066 964 3150 1007 est
3180 955 3443 1007 obstetrix
3491 962 3708 1021 partus.
3744 952 3825 1004 Ne

566 1041 859 1113 Dionysius
884 1046 1232 1115 Are0pagita,
1265 1055 1319 1098 et
1371 1045 1528 1099 multi
1556 1045 1669 1108 alii,
1721 1043 1815 1113 qui
1864 1057 1964 1095 nec
2014 1049 2140 1093 sunt

567 1137 827 1205 vulgaris,
865 1146 921 1190 ut
948 1138 1207 1198 diximus,
1240 1137 1586 1200 eruditionis,
1624 1145 1679 1190 ct
1710 1145 1838 1190 sunt
1889 1134 1995 1187 vita
2042 1132 2137 1185 ad-

566 1228 844 1281 mirabiles
870 1242 884 1278 :
918 1236 992 1291 et,
1026 1229 1169 1296 quod
1200 1229 1371 1295 majus
1400 1236 1501 1289 est,
1533 1241 1697 1295 quam
1726 1226 1900 1295 ipsum
1926 1238 2141 1293 quoque

567 1318 812 1372 divinum
849 1322 1014 1374 refert
1048 1320 1420 1390 Evangelium.

642 1411 709 1465 ll.
761 1410 881 1464 Jam
913 1412 1057 1465 enim
1095 1412 1311 1466 divinus
1342 1411 1638 1482 Gregorius
1662 1410 1715 1464 in
1747 1408 1989 1463 oratione
2029 1422 2145 1476 quae

570 1504 638 1557 de
671 1512 792 1557 ortu
821 1502 1027 1557 Christi
1068 1504 1136 1559 ab
1183 1504 1300 1572 ipso
1350 1512 1432 1558 est
1481 1502 1889 1571 composita(a).
1925 1504 2039 1555 haec
2080 1500 2147 1554 de

572 1608 634 1646 ea
670 1602 905 1646 tractat:
938 1593 1163 1660 Audivi,
1204 1593 1419 1659 dicens,
1472 1607 1730 1647 arcanam
1764 1591 2052 1662 quamdam
2097 1598 2152 1641 et

570 1686 838 1739 occultam
870 1685 1176 1749 historiam,
1201 1684 1269 1738 de
1296 1699 1359 1738 ea
1390 1682 1503 1739 haec
1528 1693 1840 1736 narrantem
1867 1693 1882 1730 :
1916 1679 2044 1731 Erat
2071 1677 2153 1729 in-

573 1774 739 1844 signis
771 1775 827 1829 in
858 1785 1111 1830 accurata
1134 1776 1284 1839 vita},
1306 1779 1427 1844 qua
1458 1777 1543 1828 est
1576 1789 1642 1826 ex
1674 1772 1818 1841 lege,
1852 1769 2153 1823 institutio-

2244 1049 2451 1112 timeas,
2478 1046 2675 1114 inquit.
2708 1044 2973 1110 Quoniam
3011 1046 3155 1099 enim
3183 1045 3331 1098 omni
3366 1044 3577 1097 mulieri
3616 1051 3825 1096 metum

2244 1138 2400 1191 affert
2426 1147 2613 1207 partus
2639 1135 2993 1205 exspectatio.
3022 1144 3225 1188 metum
3253 1135 3467 1203 expellit
3495 1134 3670 1188 dulcis
3702 1149 3830 1201 par—

2250 1240 2338 1283 tus
2374 1227 2662 1296 promissio
2703 1248 2715 1280 :
2754 1225 2816 1279 In
2847 1236 2993 1279 utero
3040 1226 3317 1294 concipies,
3350 1234 3398 1277 et
3431 1225 3604 1291 paries
3633 1223 3829 1291 ﬁlium.

2248 1330 2296 1375 et
2328 1318 2536 1372 vocabis
2569 1333 2752 1371 nomen
2782 1317 2895 1386 ejus
2921 1316 3095 1369 Jesmu
3125 1316 3164 1370 ³.

2327 1411 2415 1465 ιγ.
2447 1408 2587 1475 Quid
2619 1419 2799 1462 autem
2833 1408 2996 1461 Maria
3024 1408 3045 1459 ?
3079 1408 3219 1461 Audi
3253 1423 3445 1478 puram
3486 1421 3677 1460 vocem
3713 1403 3830 1457 Vir-

2252 1501 2411 1572 ginis.
2447 1498 2683 1566 Angelus
2730 1506 2943 1566 partum
2992 1499 3298 1559 annuntiat,
3355 1506 3407 1550 et
3458 1497 3544 1550 illa
3592 1494 3839 1551 adhaeret

2253 1592 2571 1664 virginitati,
2612 1605 2720 1647 non
2767 1588 3067 1658 corrumpi,
3100 1589 3352 1657 judicans
3398 1604 3519 1643 esse
3572 1600 3837 1657 praestau-

2255 1688 2384 1750 tius,
2416 1698 2575 1755 quam
2628 1682 3024 1751 apparitionem
3072 1679 3271 1750 angeli.
3320 1679 3383 1732 Et
3427 1695 3606 1749 neque
3656 1690 3842 1749 potest

2257 1777 2447 1847 angelo
2497 1790 2607 1829 non
2661 1774 2907 1836 credere,
2969 1786 3145 1841 neque
3201 1772 3436 1826 discedit
3483 1771 3551 1824 ab
3601 1772 3670 1825 iis
3720 1787 3843 1839 qua:

573 1880 665 1929 ne,
726 1876 783 1920 et
836 1867 978 1920 inter
1012 1868 1251 1937 optimos
1275 1866 1525 1937 apprime
1576 1872 1762 1927 notus,
1794 1870 1947 1932 pater
1978 1859 2148 1930 Virgi-

2275 1879 2542 1924 tatucrat.
2594 1867 2709 1932 Est,
2764 1867 2958 1936 inquit,
3014 1866 3151 1920 mihi
3213 1864 3493 1936 prohibita
3547 1879 3675 1917 cum
3725 1865 3845 1917 viro

576 1961 682 2013 nis.
742 1959 1120 2013 Consenuerat
1174 1967 1358 2015 autem
1412 1959 1529 2012 sine
1580 1957 1786 2017 liberis.
1851 1953 1993 2023 quod
2041 1968 2147 2005 non

576 2061 693 2104 erat
734 2052 853 2121 ejus
890 2053 1089 2121 conqu
1141 2063 1264 2121 ap'a
1320 2051 1387 2103 ad
1423 2049 1791 2120 procreandos
1826 2048 1986 2101 ﬁlios.
2020 2044 2150 2099 Erat

579 2158 710 2197 vero
742 2158 807 2196 ex
843 2144 959 2214 lege
989 2144 1208 2212 quidam
1263 2144 1442 2197 honor
1492 2141 1780 2204 matribus,
1832 2156 1990 2209 quem
2045 2154 2151 2192 non

580 2236 1041 2304 adipiscebautur,
1091 2253 1211 2306 qua
1237 2237 1505 2291 carebant
1546 2235 1689 2288 ﬁliis.
1741 2234 1988 2287 imitatur
2027 2245 2156 2300 ergo

580 2344 643 2381 ea
671 2342 888 2396 quoque
922 2328 1034 2392 illa,
1070 2343 1190 2396 quae
1220 2336 1475 2381 narratur
1502 2326 1569 2380 de
1601 2332 1775 2380 matre
1807 2322 2109 2377 Samuelis‘
2138 2363 2151 2377 .

585 2422 795 2473 Etcum
829 2419 1017 2474 fuisset
1059 2420 1197 2474 intra
1228 2422 1428 2489 templa
1468 2430 1803 2482 sanctorum,
1846 2417 1902 2471 ﬁt
1930 2417 2156 2485 supplex

588 2514 715 2575 Deo,
761 2526 954 2577 rogans
996 2527 1065 2565 ne
1112 2513 1387 2565 excideret
1414 2513 1482 2566 ab
1508 2527 1593 2575 ea,
1625 2526 1746 2580 quae
1784 2519 1868 2563 est
1900 2525 1962 2564 ex
2007 2511 2155 2579 lege,

587 2602 990 2668 benedictione,
1024 2618 1147 2656 cum
1187 2602 1237 2655 iu
1291 2602 1461 2673 legem
1510 2603 1643 2656 nihil
1686 2612 1971 2671 peccaret:
2007 2600 2160 2654 ﬁeret

589 2704 772 2746 autem
802 2705 991 2758 mater,
1029 2705 1081 2749 et
1116 2695 1226 2750 Deo
1256 2705 1605 2751 consecraret
1647 2695 1699 2749 id
1729 2694 1871 2764 quod
1907 2703 2158 2763 pareret.

591 2784 727 2839 Cum
766 2796 901 2840 nutu
938 2798 1119 2841 autem
1152 2788 1337 2842 divino
1392 2788 1713 2842 conﬁrmata
1757 2795 1905 2842 esset
1934 2786 2001 2839 ad
2042 2799 2165 2855 gra-

594 2876 747 2941 tiam,
786 2892 947 2944 quam
992 2878 1246 2946 petierat,
1297 2888 1582 2945 postquam
1626 2875 1839 2945 peperit
1890 2875 2119 2942 puellam
2146 2914 2161 2938 ,

592 2983 714 3021 eam
745 2967 962 3036 quidem
992 2968 1296 3022 nominavit
1323 2966 1547 3021 Mariam
1575 2986 1588 3021 :
1620 2974 1679 3021 ut
1710 2966 1795 3020 vel
1848 2966 2026 3035 ipsum
2066 2979 2165 3018 no-

591 3071 718 3110 men
760 3056 1112 3126 signiﬁcaret,
1142 3074 1171 3112 a
1200 3058 1309 3112 Deo
1352 3058 1530 3112 datam
1582 3072 1700 3112 esse
1745 3058 1991 3127 gratiam.
2028 3054 2164 3109 Cum

2256 1962 2619 2017 consuetudo.
2675 1960 2962 2026 Quomodo
3016 1959 3119 2013 erit
3177 1958 3311 2012 mihi
3383 1958 3511 2019 hoc,
3574 1956 3840 2025 quoniam

2257 2058 2432 2111 virum
2466 2070 2577 2109 non
2608 2053 2921 2124 cognosco?
2951 2050 3076 2105 ητα
3107 2066 3209 2104 vox
3254 2050 3456 2114 Mariae,
3490 2058 3575 2103 est
3606 2049 3843 2102 demon—

2259 2149 2449 2203 stratio
2482 2162 2672 2201 eorum
2711 2160 2833 2214 qua:
2857 2157 3058 2197 arcane
3093 2152 3147 2195 et
3180 2142 3395 2196 occulte
3425 2149 3746 2194 narrantur.
3789 2137 3843 2191 Si

2260 2239 2406 2293 enim
2480 2252 2599 2291 eam
2658 2236 2857 2304 Joseph
2932 2244 3219 2301 acceperat
3283 2235 3338 2286 in
3400 2232 3844 2293 matrimonium,

2260 2328 2718 2400 quemadmodum
2762 2326 2810 2379 ei
2838 2324 3012 2379 visum
3040 2334 3125 2381 est
3152 2324 3413 2387 alienum,
3448 2324 3592 2392 quod
3625 2332 3845 2391 partum

2262 2430 2385 2476 ante
2418 2418 2768 2490 signiﬁcaret,
2801 2416 2845 2471 si
2873 2417 2989 2485 ipsa
3015 2416 3238 2470 omnino
3269 2414 3618 2483 exspectabat
3648 2414 3768 2466 ﬁeri
3796 2411 3847 2464 ei

2261 2524 2434 2568 mater
2463 2512 2579 2582 lege
2609 2518 2819 2565 naturze
2845 2510 2867 2562 ?
2896 2508 3126 2574 Quando
3172 2508 3392 2578 quidem
3445 2520 3693 2567 carnem,
3726 2519 3851 2572 qua:

2266 2607 2375 2660 Deo
2430 2604 2607 2658 fuerat
2661 2612 3003 2667 consecrata,
3054 2600 3217 2655 veluti
3272 2597 3540 2668 quoddam
3590 2608 3850 2651 sanctum

2263 2696 2571 2757 donarium,
2638 2693 2901 2745 intactum
2970 2690 3278 2743 conservari
3344 2688 3666 2755 oportebat;
3721 2701 3853 2753 pro-

2266 2794 2449 2857 pterea
2476 2802 2487 2837 :
2511 2784 2623 2839 Etsi
2651 2784 2726 2838 sis
2752 2783 2997 2853 angelus,
3024 2780 3221 2850 inquit.
3243 2779 3342 2833 etsi
3369 2779 3434 2831 de
3463 2777 3600 2830 coelo
3628 2777 3846 2836 venias,

2266 2877 2474 2933 etiamsi
2524 2877 2595 2931 sit
2637 2890 2801 2945 super
2866 2873 3142 2929 hominem
3189 2871 3241 2925 id
3268 2870 3412 2939 quod
3448 2877 3695 2938 apparet,
3737 2884 3852 2921 non

2267 2978 2447 3040 potest
2476 2978 2652 3022 tamen
2686 2967 2821 3030 ﬁeri,
2856 2976 2915 3020 ut
2954 2966 3132 3019 virum
3167 2978 3518 3033 cognoscam.
3550 2959 3849 3025 Quomodo

2268 3076 2396 3132 ergo
2440 3076 2536 3115 ero
2577 3070 2751 3114 mater
2778 3061 2979 3128 absque
3011 3056 3173 3111 viro?
3200 3055 3335 3110 Nam
3378 3053 3581 3122 Joseph
3622 3051 3852 3121 quidem

592 3166 725 3203 vero
749 3152 857 3218 jam
906 3151 1167 3203 crevisset
1221 3150 1421 3218 puella,
1475 3158 1536 3201 ιιι
1582 3162 1691 3200 non
1743 3148 1973 3215 amplius
2032 3159 2237 3234 OPUSC
2273 3153 2396 3207 novi
2440 3167 2722 3222 sponsum,
2768 3152 2942 3204 virum
2977 3159 3155 3203 autem
3205 3162 3313 3199 non
3362 3160 3655 3212 cognosco.
3705 3140 3854 3205 Quid

599 3243 828 3297 haberet
882 3254 1075 3311 sugere
1132 3240 1452 3301 mamillam,
1500 3253 1621 3292 eam
1678 3237 1791 3291 Deo
1841 3236 2080 3300 tradidit,
2114 3247 2170 3292 et

595 3336 930 3404 promissum
1017 3332 1288 3402 implevit,
1344 3338 1399 3384 et
1478 3329 1545 3384 ad
1602 3328 1864 3398 templum
1910 3328 2168 3382 adduxit.

599 3426 923 3481 Sacerdotes
951 3435 1131 3479 autem
1162 3423 1377 3478 interim
1402 3420 1644 3489 quidem,
1674 3419 1741 3472 ad
1769 3419 2173 3471 similitudinem

602 3519 893 3580 Samuelis,
926 3517 1067 3571 inter
1095 3526 1319 3570 sanctos
1351 3512 1657 3567 educabant
1688 3510 1945 3577 puellam.

673 3610 764 3665 Ill.
818 3609 953 3665 Cum
1005 3624 1135 3663 vero
1206 3604 1490 3670 crevisset,
1540 3602 1825 3659 consilium
1893 3614 2172 3673 ceperunt,

610 3702 867 3771 quidnam
902 3718 1057 3756 sacro
1113 3700 1188 3755 illi
1216 3698 1431 3771 corpori
1464 3697 1746 3757 facientes,
1780 3694 1833 3746 in
1867 3695 2035 3746 Deum
2066 3709 2172 3745 non

608 3803 919 3865 peccarent.
974 3792 1105 3846 Eam
1161 3790 1310 3843 enim
1352 3769 1455 3855 legi
1495 3797 1705 3837 natura:
1758 3781 2084 3853 subjungere
2125 3793 2180 3838 ct

609 3904 730 3942 eam
785 3888 915 3939 dare
979 3885 1033 3937 in
1093 3884 1408 3937 servitutem
1458 3878 1506 3932 ei
1566 3877 1655 3947 qui
1712 3876 1852 3931 illam
1907 3877 2176 3943 duceret,

607 3978 899 4033 videbatur
951 3976 1424 4030 absurdissimum.
1480 3970 1858 4024 Existimatum
1903 3980 1985 4024 est
2022 3971 2178 4037 plane

607 4074 972 4143 sacrilegium.
1007 4072 1049 4125 si
1081 4071 1247 4123 divini
1280 4065 1494 4119 donarii
1527 4065 1689 4116 homo
1713 4063 1864 4115 ﬁeret
1892 4061 2174 4114 dominus:

608 4164 1050 4234 quandoquidem
1088 4176 1119 4214 a
1151 4159 1269 4228 lege
1321 4165 1406 4212 est
1453 4154 1829 4220 constitutum,
1865 4160 1923 4206 ut
1954 4153 2180 4207 maritus

609 4271 754 4316 esset
786 4258 1039 4311 dominus
1073 4252 1320 4323 conjugis
1348 4252 1391 4303 ⁸.
1426 4249 1498 4304 Ut
1528 4258 1703 4302 autem
1737 4247 1789 4300 in
1822 4248 2033 4316 templis
2056 4262 2178 4300 ver-

612 4364 865 4410 sarentur
896 4350 1151 4402 mulieres
1183 4360 1308 4399 cum
1342 4341 1733 4407 sacerdotibus,
1779 4351 1834 4395 et
1867 4341 2008 4397 inter
2058 4356 2177 4395 san-

613 4461 732 4504 ctos
766 4446 1102 4507 viderentur,
1130 4453 1313 4509 neque
1343 4436 1459 4507 lege
1490 4433 1922 4506 permittebatur,
1961 4447 2063 4486 nec
2094 4444 2182 4483 res

2273 3258 2402 3315 ergo
2458 3242 2866 3312 paranymphus
2940 3236 3181 3298 Gabriel,
3244 3234 3461 3302 qualem
3544 3229 3854 3283 thalamum

2275 3342 2428 3401 parat
2456 3344 2593 3399 puro
2638 3338 2690 3381 ct
2720 3327 3003 3396 impolluta
3038 3321 3428 3377 matrimonio?
3478 3317 3739 3387 Spiritus,
3771 3316 3857 3368 in-

2276 3424 2415 3491 quit,
2462 3430 2677 3474 sanctus
2710 3417 3036 3487 superveniet
3085 3416 3146 3469 in
3175 3424 3242 3476 te,
3296 3422 3344 3466 et
3372 3413 3542 3465 virtus
3594 3410 3859 3463 Altissimi

2278 3514 2612 3567 obumbrabit
2676 3512 2766 3564 tibi
2792 3510 2835 3564 δ.
2891 3508 2934 3565 Ο
2968 3511 3178 3563 beatam
3239 3506 3385 3560 illam
3432 3518 3677 3564 carnem,
3731 3517 3859 3570 qum

2276 3617 2496 3676 propter
2542 3605 2812 3673 insignem
2865 3601 3181 3670 puritatem.
3232 3598 3428 3650 animae
3480 3596 3623 3648 bona
3672 3594 3740 3647 ad
3798 3609 3861 3646 se

2278 3696 2517 3748 attraxit.
2568 3693 2625 3745 In
2674 3693 2795 3745 aliis
2846 3691 2991 3742 enim
3043 3687 3298 3740 omnibus
3348 3686 3433 3737 vix
3484 3683 3666 3737 anima
3722 3700 3861 3750 pura

2280 3788 2451 3842 sancti
2484 3786 2717 3855 Spiritus
2769 3782 3063 3837 adventum
3100 3776 3410 3848 acceperit:
3450 3776 3537 3829 hic
3582 3784 3765 3828 autem
3803 3776 3864 3828 ﬁt

2278 3896 2403 3936 caro
2468 3876 2707 3946 Spiritus
2766 3871 3191 3943 receptaculum.
3247 3868 3387 3934 Quin
3449 3865 3614 3921 etiam
3676 3864 3861 3917 virtus

2282 3972 2492 4026 Domini
2519 3968 2867 4023 obumbrabit
2899 3967 3014 4020 tibi.
3049 3964 3188 4030 Quid
3216 3963 3330 4017 hac
3357 3974 3647 4032 perarcana
3681 3957 3866 4029 signi-

2282 4064 2407 4116 ﬁcat
2443 4058 2664 4115 oratio?
2691 4056 2930 4110 Christus
2983 4055 3081 4108 Dei
3124 4056 3311 4115 virtus,
3336 4060 3383 4106 et
3432 4051 3531 4104 Dei
3564 4051 3861 4120 sapientia,

2281 4152 2460 4222 inquit
2488 4148 2777 4220 Apostolus
2806 4148 2846 4201 '.
2880 4146 3145 4202 Altissimi
3176 4158 3305 4213 ergo
3368 4141 3462 4193 Dei
3502 4141 3699 4203 virtus,
3733 4156 3861 4209 qua:

2280 4258 2360 4301 est
2389 4244 2640 4299 Christus
2674 4257 2768 4311 per
2798 4241 3088 4294 adventum
3118 4231 3562 4300 sancti,Spiritus
3591 4230 3865 4284 formatur

2283 4338 2335 4391 in
2388 4334 2723 4403 virginitate.
2780 4326 3063 4392 Quomodo
3112 4324 3258 4378 enim
3317 4323 3508 4375 umbra
3563 4335 3860 4389 corporum

2284 4426 2658 4480 conformatur
2720 4423 2901 4493 ﬁgura:
2955 4433 3140 4473 eorum
3201 4429 3320 4485 quae
3380 4412 3720 4484 pr:ecedunt,
3784 4411 3867 4471 ita

615 4550 730 4596 erat
766 4540 1010 4592 honesta.
1044 4534 1136 4589 Eis
1164 4504 1294 4587 vero
1323 4504 1505 4584 de—his
1533 4526 1979 4588 consultantibus,
2012 4539 2041 4576 a
2070 4523 2180 4576 Deo
2212 4507 2254 4562 ι)
2288 4518 2449 4571 etiam
2496 4516 2775 4570 character
2804 4522 2857 4567 et
2887 4512 3060 4582 signa,
3091 4510 3289 4579 quibus
3328 4506 3446 4562 Filii
3502 4504 3597 4559 Dei
3650 4519 3862 4573 cogno-

617 4637 778 4687 datur
810 4629 1125 4691 consilium,
1157 4635 1217 4679 ut
1246 4638 1365 4678 eam
1402 4621 1617 4689 quidem
1654 4621 1785 4674 dent
1816 4618 1931 4672 viro
1961 4614 2180 4670 nomine

618 4718 1100 4792 desponsationis:
1135 4718 1180 4771 is
1209 4724 1392 4769 autem
1425 4712 1543 4765 talis
1573 4720 1737 4773 esset,
1780 4711 1869 4778 qui
1900 4709 1966 4762 ad
2018 4704 2184 4773 \‘irgi-

618 4813 807 4867 nitatis
850 4817 1009 4877 aptus
1053 4813 1199 4861 esset
1228 4801 1553 4859 custodiam.
1586 4800 1844 4853 Inventus
1878 4806 1961 4850 est
2006 4795 2185 4863 itaque

618 4903 843 4971 Joseph,
874 4899 1088 4967 qualem
1111 4894 1391 4965 quaerebat
1414 4892 1569 4953 ratio,
1602 4908 1666 4944 ex
1696 4889 1880 4943 cadent
1910 4886 2048 4939 tribu
2082 4900 2184 4953 qua

620 5004 735 5050 erat
754 4995 939 5063 virgo:
968 4999 1022 5044 et
1047 5004 1113 5044 ex
1142 4984 1373 5042 consilio
1398 4982 1735 5037 sacerdotum
1762 4980 1860 5033 sibi
1886 4977 2186 5046 despondet

627 5085 927 5155 Virginem.
956 5078 1282 5149 Conjunctio
1312 5084 1491 5130 autem
1548 5079 1891 5145 processerat
1924 5084 2091 5136 usque
2118 5066 2183 5119 ad

627 5175 1126 5246 destionsationem.
1168 5170 1323 5224 Tunc
1349 5167 1543 5236 virgini
1592 5162 1891 5219 aGabriclc
1944 5161 2185 5229 aperitur

627 5272 966 5342 mysterium.
994 5270 1161 5322 Erant
1189 5272 1370 5320 autem
1403 5261 1565 5318 verba
1591 5257 1824 5328 mysterii
1860 5252 2183 5308 benedictio.

736 5454 750 5483 ί
790 5448 805 5500 ι
841 5448 968 5515 Reg.
1001 5445 1082 5510 t,i
1124 5457 1273 5511 seqq.
1386 5445 1405 5471 ¹
1435 5441 1573 5496 Gen.
1602 5455 1680 5500 ιιι,
1718 5437 1800 5489 10.

704 5610 777 5675 (l)
826 5605 933 5657 Ἱόὗ
977 5602 1426 5670 Μεταρμαστοῦ.
1476 5601 1560 5659 Ὠς
1594 5600 1701 5665 γὰρ
1730 5597 1924 5665 ἤκουσε
1955 5594 2178 5653 τούτων,

633 5699 792 5759 εὐθὺς
838 5696 941 5749 ὑπὸ
984 5694 1074 5747 τοῦ
1119 5691 1452 5754 ἐνοικοῦντος
1500 5691 1636 5758 αὐτῇ
1688 5686 1997 5753 [Ινεύματος
2045 5683 2191 5735 διαυ-

1914 5436 1931 5463 ³
1972 5434 2099 5484 Luc.
2133 5446 2166 5493 ι,
2201 5431 2310 5483 ‘28-
2338 5430 2425 5481 51.

2288 4611 2456 4665 scitur
2507 4607 2778 4667 divinitas,
2816 4603 3156 4673 apparebunt
3189 4601 3244 4654 in
3298 4600 3438 4667 ejus,
3489 4597 3579 4665 qui
3629 4595 3863 4662 paritur,

2289 4705 2505 4764 virtute,
2534 4708 2593 4752 ut
2626 4697 2716 4766 qui
2747 4699 2919 4765 imago
2948 4703 3004 4748 et
3029 4690 3364 4760 signaculum
3404 4696 3460 4739 et
3485 4683 3862 4742 adumbratio,

2290 4806 2344 4850 et
2405 4791 2658 4861 splendor
2720 4788 2879 4858 primi
2945 4782 3290 4851 exemplaris,
3352 4793 3448 4851 per
3508 4774 3866 4830 admirabiles

2294 4888 2611 4943 ostendatur
2661 4882 3027 4948 operationes.
3092 4875 3157 4929 Et
3201 4874 3316 4929 hare
3363 4871 3580 4941 quidem
3641 4869 3865 4923 divinus

2294 4977 2603 5049 Gregorius.
2637 4973 2754 5027 Alia
2808 4979 2989 5023 autem
3041 4977 3096 5021 et
3122 4979 3331 5020 sacrum
3385 4960 3764 5030 Evangelium,
3810 4966 3868 5010 et

2296 5071 2385 5127 alii
2418 5070 2514 5122 viri
2538 5068 2633 5137 pii,
2667 5080 2729 5117 ac
2760 5062 2851 5116 Dei
2877 5069 3144 5121 amantes,
3179 5072 3319 5125 quos
3348 5051 3777 5111 nominavimus,
3810 5061 3867 5103 et

2296 5175 2523 5232 quorum
2554 5157 2870 5211 nominatim
2911 5168 3015 5206 non
3061 5148 3430 5211 meminimus,
3480 5159 3606 5197 vere
3640 5144 3865 5198 docent.

2373 5251 2433 5304 V.
2475 5250 2550 5317 ti)
2580 5247 2702 5300 Hmc
2743 5260 2872 5311 ergo
2906 5252 3185 5312 postquam
3219 5238 3380 5308 Virgo
3407 5235 3636 5298 audivit,
3680 5234 3863 5288 statim

2946 5424 3015 5474 Ι⁵1
3074 5419 3199 5472 Cor.
3235 5434 3271 5482 ι,
3324 5416 3413 5469 24.

2540 5428 2555 5457 "
2588 5425 2714 5484 ihid,
2748 5421 2833 5477 35.

2290 5590 2553 5658 γασθεῖσα
2582 5586 2670 5635 τὸν
2701 5580 2843 5641 νοῦν,
2874 5577 3123 5645 ἁσμένως
3154 5592 3210 5629 τε
3240 5576 3451 5643 διετέθη
3480 5572 3558 5644 τῷ
3588 5573 3863 5641 ἂπαγγέλ-

2301 5700 2430 5752 part
2455 5696 2468 5711 '
2509 5679 2600 5729 καὶ
2658 5672 2811 5729 Ἰδοὺ
2854 5670 2888 5736 ἠ
2932 5668 3119 5735 δούλη
3151 5668 3391 5735 Κυρίου,
3436 5668 3569 5735 φησὶ
3610 5669 3743 5735 πρὸς
3781 5672 3868 5715 τεν

700 5835 770 5897 (α)
808 5836 934 5896 Opp.
964 5835 1189 5896 Gregorii
1220 5832 1447 5893 Nysseni,
1482 5826 1770 5892 Putroioq’m
1798 5835 1892 5874 tum
1945 5823 2101 5879 XLVI,
2139 5822 2231 5869 col.
2264 5821 2378 5869 llfiﬂ
2405 5819 2464 5878 D,
2496 5818 2626 5866 inter
2650 5813 2793 5863 dubia
2845 5812 2981 5861 Enn.
