3972 6490
151 410 256 476 533

1224 412 1508 473 ORATIO
1547 412 1645 472 DE
1686 411 1969 472 SANCTA
2014 409 2285 470 MARIA.

3290 410 3396 473 534

152 528 331 572 meme
396 516 668 575 lllustrata
723 534 753 573 a
808 520 1035 591 Spiritu,
1110 522 1200 591 qui
1256 524 1307 577 ei
1366 520 1725 580 inbabitabut,
1760 517 1978 580 Atioue
2032 515 2355 571 admirabili.
2393 517 2629 586 Virginis
2658 517 2800 570 enim
2834 518 3125 573 adventum
3156 520 3397 574 admira—

151 610 383 665 libenter
427 613 641 682 accepit
689 614 1058 678 promissum:
1113 623 1167 668 et
1214 612 1344 667 Ecce
1391 613 1587 667 ancilla
1624 610 1726 665 Do-

150 696 301 761 ‘mim’,
328 700 404 755 ait
427 702 640 772 angelo,
670 700 793 757 Fiat
821 704 943 757 mihi
972 704 1257 757 secundum
1284 704 1493 757 verbum
1522 714 1666 755 tuum
1684 704 1725 766 ⁸;

151 790 310 844 simul
345 800 404 845 et
452 792 521 845 ad
554 793 727 862 angeli
771 808 957 849 vocem
990 809 1052 848 ea
1098 804 1278 856 utens,
1330 809 1436 863 qua
1482 811 1576 863 par
1623 803 1727 856 cst,

150 883 428 947 cautione,
463 894 518 937 et
572 893 856 954 postquam
917 885 1023 939 ﬁde
1069 886 1227 955 digna
1270 884 1379 939 visa
1434 895 1617 939 essent
1665 899 1728 939 ea

148 991 266 1043 qua:
294 976 442 1029 dicta
485 977 722 1041 fuerant,
760 978 933 1037 noluit
974 978 1203 1046 amplius
1244 993 1365 1032 esse
1411 977 1727 1033 incredula:

151 1066 239 1119 sed
274 1066 369 1118 illo
400 1065 621 1134 quidem
668 1068 839 1121 evasit
875 1070 1062 1136 primae
1109 1067 1300 1121 matris
1330 1068 1728 1137 deceptionem,

153 1159 253 1211 hoc
285 1160 491 1226 [autem
540 1158 728 1214 vitavit
782 1160 1055 1216 Zacharim
1106 1159 1561 1224 incredulitatem,
1610 1176 1732 1229 quae

154 1250 308 1308 ultra.
343 1264 508 1319 quam
539 1252 779 1315 deceret,
813 1252 1098 1320 processit.

222 1336 315 1391 Vl.
368 1339 446 1405 (2)
499 1340 674 1407 Atque
722 1342 947 1411 angelus
1000 1340 1215 1410 quidem
1270 1342 1338 1396 ab
1368 1357 1430 1395 ea
1484 1343 1727 1397 recessit.

149 1429 452 1484 Consecuta
484 1441 571 1484 est
615 1443 792 1489 autem
832 1431 989 1500 paulo
1020 1442 1141 1501 post
1166 1443 1221 1486 et
1250 1431 1429 1487 Maria:
1458 1448 1580 1487 cum
1622 1442 1734 1487 stu-

151 1519 236 1571 dio
267 1520 333 1576 ad
365 1529 624 1573 montana
668 1519 957 1582 adventus,
1006 1529 1057 1573 et
1105 1519 1223 1589 ejus
1261 1518 1316 1571 in
1367 1519 1588 1573 domum
1636 1518 1734 1571 Za-

152 1610 354 1663 chariae
406 1610 710 1680 ingressus.
757 1611 949 1681 Magno
1009 1610 1152 1665 enim
1219 1610 1401 1664 studio
1455 1610 1736 1664 contendit

153 1701 414 1772 gratulari
448 1702 791 1763 illisabethaz,
843 1711 901 1754 ut
956 1716 1075 1770 qua:
1121 1700 1187 1753 ab
1232 1700 1424 1769 angelo
1457 1700 1735 1755 didicisset

155 1807 343 1845 novam
390 1791 511 1857 ejus
557 1791 995 1860 conceptionem.
1031 1791 1253 1845 Accedit
1283 1806 1433 1861 ergo,
1470 1801 1524 1860 et
1576 1792 1733 1846 beni-

1833 621 1935 667 tur.
1976 610 2177 677 quippe
2209 609 2298 677 qui
2330 609 2447 679 ejus
2476 618 2762 676 superaret
2801 610 3191 673 conditionem,
3257 611 3398 667 Unda

1831 700 1924 753 hoc
1952 700 2100 763 mihi,
2131 700 2319 755 dicens
2350 719 2361 754 :
2396 700 2536 754 sicut
2568 701 2728 756 etiam
2781 700 2919 755 illius
2950 702 3092 756 illius
3120 703 3187 756 de
3218 701 3397 757 Domi-

1831 790 1887 844 ni
1916 790 2157 844 adventu
2192 791 2247 844 in
2293 801 2537 860 tempore
2584 791 2861 859 baptismi.
2914 791 3029 846 Jam
3083 808 3212 848 vero
3259 794 3403 849 hanc

1831 893 2049 947 quoque
2082 890 2309 932 matrem
2338 890 2395 933 et
2441 880 2712 935 dominam
2766 897 2919 936 suam
2970 883 3249 937 nominat:
3303 884 3400 937 sed

1833 974 1997 1025 etiam
2045 971 2387 1027 benedictam
2434 972 2567 1027 dicit
2593 973 2646 1026 in
2684 974 3021 1039 mulieribus,
3054 986 3280 1039 etcum,
3309 978 3401 1045 qui

1833 1058 1886 1112 in
1919 1069 2075 1113 utero
2113 1060 2441 1130 gestabatur,
2473 1060 2709 1117 fructum
2733 1063 2938 1117 ventris
2984 1075 3141 1118 vocat
3171 1064 3405 1119 admira-

1832 1149 2036 1213 biliter,
2094 1150 2272 1220 utqui
2331 1165 2455 1205 cum
2514 1151 2618 1205 viri
2678 1152 2885 1208 semine
2937 1153 3071 1207 nihil
3124 1153 3405 1207 habuisset

1832 1254 2142 1295 commune.

1896 1330 2005 1384 νη.
2028 1332 2344 1401 (Jujusmodi
2362 1348 2493 1389 vero
2512 1342 2596 1389 est
2618 1334 2704 1387 illa
2726 1349 2943 1403 quoque
2964 1351 3151 1390 rursus
3166 1336 3407 1390 admira-

1835 1420 1958 1475 bilis
1982 1420 2157 1475 Mariae
2189 1424 2491 1491 prardictio,
2515 1424 2628 1479 fore
2646 1432 2705 1478 ut
2732 1424 3098 1480 celebraretur
3130 1426 3197 1479 ab
3228 1426 3408 1479 omni-

1835 1511 1936 1565 bus
1957 1513 2416 1582 generationibus.
2442 1513 2561 1568 Non
2584 1515 2730 1569 enim
2752 1514 2830 1586 (5)
2846 1516 3129 1571 sebeatam
3146 1516 3408 1586 praedicat

1836 1618 1971 1658 vana
2007 1614 2150 1659 mota
2178 1606 2509 1676 arrogantia,
2551 1622 2731 1677 neque
2763 1608 2947 1678 lingua
2976 1609 3258 1664 communi
3291 1608 3409 1663 haec

1838 1695 2099 1764 loquitur:
2137 1696 2233 1752 sed
2251 1698 2436 1753 divino
2473 1696 2682 1768 Spiritu
2721 1700 2989 1765 serviens,
3024 1710 3079 1755 et
3109 1701 3161 1755 id
3177 1700 3324 1771 quod
3349 1700 3409 1755 tit

1839 1786 1892 1840 in
1926 1797 2221 1855 aeternum,
2242 1789 2512 1845 divinans.
2545 1789 2852 1861 Magniﬁcat
2882 1802 3063 1847 autem
3097 1793 3265 1848 Deum
3296 1790 3409 1846 Ma—

159 1898 260 1951 gne
303 1882 524 1936 salutat.
564 1882 649 1936 Fit
697 1892 879 1936 autem
928 1883 1176 1937 salutatio
1223 1860 1394 1937 dulcis
1447 1884 1735 1937 exsultatio
1769 1860 1808 1917 Β
1839 1880 1936 1937 ria.
1967 1895 2025 1933 se
2043 1889 2093 1933 et
2119 1882 2349 1938 credere
2401 1860 2703 1939 ostendens
2733 1894 2958 1954 prepter
2989 1900 3175 1939 vocem
3231 1884 3409 1939 Eliss-

157 1973 399 2039 infantis,
435 1974 526 2043 qui
550 1986 667 2029 erat
703 1976 754 2028 iu
790 1987 942 2030 utero
975 1975 1319 2031 Elisabelhze.
1352 1976 1469 2030 Jam
1495 1976 1639 2029 enim
1666 1992 1729 2029 ex

1845 1968 2052 2021 bellum:
2091 1970 2253 2022 Beata
2300 1970 2471 2035 enim,
2503 1971 2703 2039 inquit,
2742 1988 2859 2043 quia
2892 1974 3116 2027 credidit
3174 1974 3309 2043 fore,
3350 1982 3409 2025 ut

158 2076 345 2118 ventre
387 2067 597 2121 sciebat
627 2082 815 2121 servus
855 2068 1162 2133 Dominum,
1187 2068 1276 2137 qui
1309 2077 1424 2121 erat
1459 2068 1510 2120 in
1543 2078 1732 2122 utero:

1845 2078 1903 2115 ea
1932 2063 2292 2130 perﬁciantur,
2327 2079 2442 2133 qua!
2458 2065 2505 2120 ei
2530 2066 2670 2118 dicta
2695 2076 2817 2119 sunt
2841 2083 2873 2119 a
2901 2065 3121 2119 Domino
3151 2066 3225 2129 “;
3252 2075 3312 2119 et
3352 2079 3411 2118 se

159 2162 211 2206 et
238 2169 365 2207 cum
400 2156 662 2210 sensisset
712 2156 831 2223 ejus
856 2156 909 2208 in
955 2156 1217 2209 iuundum
1268 2156 1581 2220 adventum,
1636 2155 1735 2209 mi-
1843 2153 1891 2205 ei
1914 2164 2019 2206 tam
2034 2168 2241 2223 magna:
2269 2154 2343 2206 rci
2372 2154 2655 2209 inservire.
2684 2156 2788 2209 Sed
2814 2156 2929 2209 haec
2952 2156 3169 2225 quidem
3206 2156 3284 2209 sic
3315 2155 3411 2209 ha—

160 2245 387 2299 randum
437 2246 492 2300 in
552 2246 772 2300 modum
817 2246 1117 2301 laetabatur.
1176 2246 1289 2302 Hoc
1335 2248 1481 2301 enim
1544 2256 1730 2315 aperte
1834 2244 1988 2301 bent.
2015 2242 2070 2296 ln
2100 2243 2262 2297 domo
2286 2254 2466 2299 autem
2498 2244 2920 2316 Elisabethteu)
2947 2247 3090 2302 circa
3125 2257 3235 2301 tres
3257 2261 3413 2300 men-

158 2335 499 2400 signiﬁcabat
554 2338 644 2392 illa
694 2339 1006 2392 exsultatio.
1059 2338 1179 2393 Non
1233 2348 1286 2393 te
1330 2351 1512 2393 autem
1565 2339 1730 2393 lateat
1836 2352 1925 2392 ses
1949 2336 2214 2392 habitavit
2240 2337 2424 2393 Maria.
2445 2339 2647 2395 Deinde
2670 2341 2769 2405 sic,
2806 2340 3001 2409 inquit,
3033 2356 3235 2395 reversa
3259 2348 3332 2395 est
3358 2341 3414 2392 in

162 2426 487 2484 Elisabetbae
548 2430 853 2485 reverentia
887 2438 943 2483 et
992 2429 1302 2493 submissio,
1355 2444 1477 2483 cum
1529 2430 1728 2499 praedi-
1835 2431 2044 2484 domum
2063 2447 2233 2484 suam.
2264 2429 2355 2487 Sic
2377 2431 2522 2488 enim
2549 2446 2635 2487 me
2650 2431 2806 2488 docet
2828 2432 3182 2502 Evangelium
3209 2437 3251 2487 τ.
3272 2431 3414 2498 Quid

227 2616 247 2646 ⁸
273 2612 417 2668 Luc.
458 2629 501 2681 ι,
535 2612 626 2669 58.
744 2614 787 2646 ⁸⁸
824 2614 955 2672 ibid.
990 2616 1081 2672 45.
1192 2617 1213 2647 '
1244 2616 1377 2672 ibid.
1410 2617 1498 2673 56.

164 2794 429 2863 ἀγγελονο
463 2794 711 2850 Γένοιτό
732 2813 835 2865 μοι
862 2796 1013 2850 κατὰ
1039 2796 1283 2867 τὸρἦἀ
1309 2814 1424 2854 σου
1449 2816 1462 2831 ·
1494 2798 1610 2870 ἅμα
1638 2800 1738 2871 τήν
1842 2798 2100 2869 ἐσόμενα.
2151 2798 2458 2868 Μεγαλύνει
2500 2799 2557 2853 δὲ
2601 2799 2692 2852 τὶν
2732 2798 2865 2853 Θεὸν
2907 2801 2944 2870 ἡ
2987 2798 3189 2869 Μαρία,
3232 2801 3318 2854 ὅτι
3355 2818 3415 2854 τε

164 2904 217 2939 τε
242 2886 532 2956 ἀκρίϐειαν
549 2888 626 2949 είς
649 2888 771 2939 ὅσον
788 2888 894 2941 ἔδει
919 2890 1051 2959 πρὸς
1070 2890 1168 2960 τὴν
1188 2891 1283 2943 τοῦ
1303 2892 1534 2959 ἀγγέλου
1553 2893 1735 2959 φωνὴν
1840 2891 2087 2943 πιστεύει
2132 2891 2390 2946 δεικνῦσα
2435 2892 2522 2945 διὰ
2564 2892 2663 2962 τὴν
2699 2892 2800 2960 τῆς
2862 2892 3146 2946 Ἐλισάσετ
3194 2894 3379 2965 φωνήν
3400 2909 3412 2922 ·

166 2980 465 3046 φυλάξασα,
491 2980 584 3031 καὶ
606 2979 681 3048 μὴ
709 2979 870 3033 πλέον
891 2981 1029 3051 μετά
1044 2982 1142 3051 τὴν
1163 2982 1499 3047 ἀξιοπιστίαν
1530 2983 1636 3036 τῶν
1655 2985 1735 3037 si-

167 3072 415 3140 ρηνένων
435 3071 661 3141 ἑλομένη
684 3071 985 3127 διαπιστεῖν
1006 3092 1020 3105 ·
1048 3075 1184 3128 ἀλλά
1213 3076 1290 3146 τῷ
1315 3076 1435 3142 μὲν,
1465 3078 1564 3146 τῆς
1599 3093 1735 3149 προ-

168 3164 397 3229 μήτορος
432 3162 532 3233 τὴν
552 3163 1119 3233 ἀπάτηνδιατυγοῦσα
1138 3183 1152 3195 ο
1181 3166 1259 3236 τῷ
1278 3168 1333 3219 δὲ
1361 3167 1420 3221 τὸ
1448 3166 1733 3233 δυσπειθὲς

165 3256 460 3309 ἑκκλίνασα
512 3259 783 3328 Ζαχαρίου
827 3258 923 3312 καὶ
965 3260 1107 3328 πέρα
1146 3260 1239 3315 τοῦ
1274 3260 1452 3325 καλῶς
1500 3261 1732 3332 ἔχοντος.
1764 3243 1805 3300 c

232 3349 309 3417 (ὲ)
347 3351 422 3401 Ού
460 3350 653 3419 φθάνει
686 3351 818 3419 γοῦν
851 3352 1217 3423 ἀσπασαμένη
1253 3353 1352 3424 τὴν
1390 3352 1674 3423 ζΕλισάὁετ
1704 3356 1736 3423 ή
1814 3394 1819 3397 -

168 3444 548 3512 πολεύμνητος
587 3445 875 3498 Δέσποινα·
909 3449 999 3496 καί
1041 3447 1069 3496 ὁ
1101 3447 1416 3515 ἀσπασμὸς,
1462 3447 1741 3516 σκίρτημα

168 3533 253 3586 τοῦ
292 3536 351 3585 ἐν
385 3536 585 3603 γαστρὶ
619 3536 789 3602 αὐτῆς
826 3535 1059 3604 βρέφους
1093 3536 1191 3596 ἡδὺ
1220 3537 1452 3604 γίνεται.
1496 3540 1605 3591 Kal
1635 3541 1740 3608 γὰρ

167 3628 265 3677 ἀπο
288 3628 527 3693 γαστρὸς
549 3624 851 3694 ιμάνθανεν
875 3627 975 3697 ἥδη
1000 3629 1087 3681 τὸν
1113 3629 1171 3681 ὲν
1194 3630 1394 3696 γαστρὶ
1418 3632 1693 3699 Δεσπότην
1715 3634 1742 3685 ὁ

164 3715 369 3779 δοῦλος,
402 3718 495 3769 καὶ
530 3716 628 3789 τὴν
659 3719 738 3781 είς
769 3719 857 3771 τὸν
882 3719 1088 3788 κόσμον
1120 3719 1283 3774 αὐτοῦ
1304 3722 1536 3791 πάροδον
1565 3724 1738 3795 ᾐσθη-

169 3810 346 3877 μένος,
378 3810 675 3878 ὑπερφυῶς
704 3811 880 3881 ἥδετο.
915 3812 1083 3865 Τοῦτο
1112 3814 1217 3884 γὰρ
1251 3814 1311 3866 τὸ
1340 3815 1399 3866 ὲν
1426 3815 1743 3883 ἀγαλλιάσει

167 3900 442 3967 σκίρτημα
474 3900 725 3968 φανερῶς
766 3900 976 3966 ἐδήλου.
1021 3902 1112 3969 Μὴ
1153 3902 1302 3953 λάθοι
1334 3902 1391 3956 δέ
1417 3919 1474 3955 σε
1508 3904 1641 3974 μηδὲ
1686 3905 1744 3958 τὸ

166 3987 277 4039 λίαν
315 3986 541 4057 μέτριόν
570 4004 627 4039 τε
678 3987 771 4039 καὶ
816 3987 1233 4057 ύποχωρητικδν
1280 3988 1563 4044 Ἑλισάδετ
1606 3993 1744 4063 μετά

164 4080 254 4131 καὶ
282 4078 611 4148 θαυμαστῆς
637 4080 733 4150 τῆς
756 4083 1112 4151 προρρήσεως
1131 4095 1145 4109 ’
1172 4081 1350 4152 ᾐδεῖτο
1376 4082 1484 4152 γάρ
1518 4084 1617 4152 τῆν
1646 4088 1744 4155 τῆς

164 4171 447 4241 Παρθένου
479 4171 824 4233 ἐπιστασίαν,
854 4170 929 4232 ὼς
968 4170 1108 4237 ὑπὲρ
1144 4169 1301 4234 ἀξίαν
1335 4170 1502 4224 οὖσαν
1536 4173 1741 4244 αὐτῆςο

166 4266 253 4318 καὶ
275 4264 368 4317 διὰ
395 4261 574 4316 ταῦτα
600 4260 955 4331 διαποροῦσα,
982 4263 1173 4315 Πόθεν
1195 4278 1297 4331 μοι
1329 4264 1527 4327 τοῦτο,
1560 4266 1741 4333 λέγεις

166 4358 411 4427 καθάπερ
455 4356 549 4411 καὶ¹
589 4356 618 4407 ὁ
665 4358 793 4418 παῖς
839 4354 1056 4425 ἐκείνης
1096 4357 1232 4427 πρὸς
1269 4356 1368 4427 τὴν
1410 4361 1745 4429 Δεσποτικὴν

163 4450 336 4502 ἐποίει
378 4447 758 4517 προσέλευσιν,
795 4447 905 4500 Kal
942 4448 1023 4499 σὺ
1058 4446 1206 4514 ἔρχῃ
1232 4450 1385 4515 πρός
1412 4469 1508 4519 με,
1547 4450 1739 4521 λέγων,

165 4544 303 4595 κατά
330 4542 427 4595 τὸν
456 4540 654 4610 καιρὸν
683 4536 779 4593 τοῦ
813 4540 1213 4611 βαπτίσματος.
1249 4542 1388 4614 ’θρα
1420 4544 1475 4595 δὲ
1504 4545 1620 4605 πῶς
1651 4548 1744 4598 καὶ

166 4632 555 4705 προαγορεύει,
604 4634 698 4685 καὶ
748 4634 959 4703 μητέρα
1003 4635 1209 4704 ταύτην
1258 4636 1360 4706 ἥδη
1413 4636 1505 4689 καὶ
1548 4638 1743 4707 κυρίαν

166 4729 361 4796 ἑαυτῆς
394 4722 691 4794 ὀνομάζει·
729 4725 865 4776 ἀλλὰ
903 4728 996 4780 καὶ
1027 4727 1405 4797 εύλογημένην
1439 4731 1496 4780 έν
1529 4730 1742 4797 γυναιξὶ

166 4821 310 4885 λέγει
329 4835 342 4849 ·
369 4820 468 4872 καὶ
496 4817 587 4870 τὸν
610 4817 1045 4887 κυοφορούμενον
1064 4820 1120 4871 έν
1140 4820 1280 4889 αὐτῇ
1308 4823 1517 4891 καρπὸν
1540 4823 1745 4885 κοιλίας

171 4909 492 4976 παραδόξως
546 4908 827 4963 ἀποκαλεῖ.
889 4910 953 4962 Τί
1008 4910 1165 4963 τοῦτο
1224 4912 1600 4981 σημαίνουσα;
1662 4916 1744 4969 ὅτι

171 4999 490 5069 σπέρματος
536 4999 727 5069 ἀνδρὸς
779 4998 1029 5070 οὐδαμῶς
1076 5001 1369 5057 ἐκοινώνει.

234 5114 312 5180 ('5)
350 5110 464 5167 Τοῦ
491 5113 945 5181 Μεταφραστοῦ.
984 5114 1057 5166 Ού
1093 5114 1392 5184 μακαρίζει
1420 5116 1475 5169 δὲ
1509 5116 1705 5187 ἑαυτὴν
1726 5159 1741 5182 ,

170 5205 319 5276 τύφῳ
345 5203 491 5275 κενῷ
514 5205 821 5274 κινηθεῖσα,
856 5206 977 5259 οὐδὲ
1006 5208 1230 5281 γλώσσῃ
1259 5212 1410 5278 κοινῇ
1445 5209 1743 5278 φθέγγεται

170 5294 360 5361 ταῦτα,
378 5296 517 5350 ἀλλά
540 5294 668 5365 θείῳ
681 5295 1382 5366 Πνεύματιλειτουργοῦσα,
1399 5300 1528 5351 αὐτὸ
1556 5301 1612 5353 τὸ
1636 5303 1745 5353 εἰσ-

172 5388 253 5437 αεὶ
304 5390 630 5459 τελούμενον
680 5372 1060 5457 προθεσπίζει,
1093 5392 1186 5443 καὶ
1216 5393 1277 5444 ού
1310 5395 1376 5445 τὰ
1408 5393 1514 5446 ῐδια
1557 5393 1740 5463 μόνον,

170 5477 300 5529 ἀλλά
336 5480 431 5529 καὶ
462 5482 531 5533 τὰ
564 5482 740 5535 κοινά.
772 5478 882 5532 Ποῦ
929 5482 1036 5549 γὰρ
1065 5483 1124 5534 τὸ
1151 5484 1577 5547 ἀλαζονεύεσθαι
1610 5486 1741 5555 παρ’

170 5571 329 5639 αὐτῇ,
380 5571 501 5639 ἥτις
533 5574 627 5623 καὶ
656 5572 848 5645 δούλην
874 5573 1072 5643 ἑαυτὴν
1104 5576 1280 5639 καλεῖ,
1312 5580 1404 5629 καὶ
1432 5577 1531 5647 τὴν
1556 5579 1744 5631 ταπείο

172 5680 329 5715 νωσιν
359 5662 637 5729 ὁμολογεῖ.
675 5667 767 5716 καὶ
798 5666 993 5735 ἀπορεῖ
1023 5665 1121 5737 τὴν
1156 5668 1239 5718 ἐπ’
1272 5669 1408 5736 αύτῇ
1442 5669 1591 5721 θείαν
1623 5669 1742 5723 ὲπί-

170 5754 388 5823 ὗὶεψιν;
412 5753 697 5824 Ιινεύματι
714 5756 894 5809 τοίνυν
915 5757 1042 5827 θείῳ
1062 5760 1375 5830 κινουμένη,
1397 5762 1455 5813 ού
1477 5762 1606 5814 κενά
1624 5778 1742 5813 τινα

174 5848 261 5898 καὶ
309 5849 661 5920 ύπέρκομπα,
705 5845 818 5900 ἀλλ’
861 5848 1210 5905 αύτὶι.ταῦτα
1252 5851 1644 5922 προσαγορεύει
1678 5852 1741 5906 τά

1839 2982 2108 3050 Μακαρία
2141 2982 2269 3053 γὰρ,
2302 2983 2456 3052 φησι,
2490 2984 2529 3051 ἠ
2559 2984 2945 3037 πιστεύσασα
2984 2985 3111 3050 τοῖς
3156 2988 3418 3053 λελαλη-

1840 3073 2043 3145 μένοις
2070 3075 2226 3145 αὺτῇ
2258 3076 2417 3144 παρὰ
2450 3075 2698 3144 Κυρίου·
2728 3076 2822 3129 καὶ
2835 3074 2918 3138 ’ὡς
2947 3078 3168 3146 μεγάλῳ
3192 3076 3419 3148 τοιούτῳ

1842 3169 2106 3241 ὑπηρετεῖ
2126 3172 2414 3241 πράγματι
2435 3187 2451 3204 ο
2478 3168 2614 3225 ἀλλά
2643 3169 2751 3226 Kal
2775 3170 3111 3241 ἡγαλλίασσ
3141 3171 3208 3225 τὸ
3238 3171 3421 3225 πνεῦ-

1836 3260 1922 3331 μά
1942 3278 2061 3330 μου
2094 3264 2191 3317 ἐπὶ
2227 3263 2307 3328 τῷ
2345 3263 2488 3328 Θεῷ.

1914 3353 1988 3423 (4)
2040 3354 2149 3407 Τοῦ
2184 3353 2642 3420 Μεταφραστοῦ.
2687 3348 2814 3423 Ειχε
2858 3354 2957 3423 μὲν
3003 3354 3167 3425 ήτῆς
3210 3354 3421 3409 Ἐλισά-

1845 3447 1939 3501 ὗετ
1960 3448 2109 3502 οἰκία
2147 3449 2245 3518 τὴν
2296 3447 2576 3517 Παρθένον
2618 3447 2829 3501 ένοικον
2859 3448 2992 3517 περὶ
3024 3447 3201 3517 μῆνας
3233 3448 3381 3516 τρεῖς
3402 3463 3415 3477 ·

1845 3539 2095 3593 ἐϐούλετο
2118 3540 2173 3591 δὲ
2210 3540 2343 3609 αὐτῇ
2382 3542 2413 3609 ἡ
2451 3538 2765 3609 παραμονὴ,
2817 3540 2979 3608 τυχὸν
3040 3537 3141 3608 μὲν
3176 3539 3270 3592 καὶ
3319 3537 3416 3589 τοῦ

1848 3631 2150 3701 παραδόξου
2179 3629 2513 3699 κατανοῆσαι
2554 3630 2653 3697 τὴν
2704 3630 2929 3684 ἔκϐασιν
2950 3648 2961 3660 ·
2997 3631 3256 3700 ἠπορεῖτο
3284 3627 3415 3698 γὰρ.

1845 3724 1919 3787 ὡς
1949 3722 2116 3787 είκὺς,
2146 3722 2257 3785 τοῖς
2284 3720 2404 3774 καθ’
2440 3722 2636 3791 ἑαυτήν
2656 3734 2669 3749 '
2719 3722 2811 3773 καὶ
2861 3720 3120 3788 ἔκπληξις
3149 3716 3261 3788 εἶχε
3287 3720 3418 3771 ταύ-

1845 3835 1942 3887 την
1968 3816 2087 3884 οὐχὶ
2118 3814 2315 3883 μετρία
2339 3831 2351 3843 ’
2382 3812 2544 3883 τυχὸν
2590 3813 2645 3865 δὲ
2689 3814 2778 3865 καὶ
2812 3811 3142 3882 συνησθῆναι
3169 3814 3234 3881 τῇ
3276 3810 3418 3864 Ἐλι-

1849 3908 2013 3963 σάϐετ
2042 3907 2111 3960 τὰ.
2139 3905 2361 3959 τοιαῦτα
2400 3904 2662 3972 μεγαλεῖα
2700 3905 2793 3956 καὶ
2828 3904 3157 3971 εὐαγγέλια·
3202 3905 3323 3958 ὓιου
3363 3902 3417 3956 δι

1847 4004 2005 4074 χάριν
2036 4002 2128 4054 ἐπὶ
2159 4001 2308 4070 τρεῖς
2338 3998 2515 4069 μῆνας
2547 3999 2641 4050 καὶ
2695 3997 2769 4067 μὴ
2804 3996 2965 4049 πλέον
3000 3998 3032 4067 ἡ
3060 3996 3351 4061 .συνοικία,
3386 3998 3417 4064 ἢ

1849 4098 2064 4158 πάντως
2094 4092 2167 4157 ὡς
2198 4092 2402 4146 τίκτειν
2452 4088 2750 4158 μελλούσης
2779 4090 2898 4141 τότε
2944 4090 3043 4158 τῆς
3100 4087 3417 4152 Ἐλισάσετς

1846 4189 1909 4242 El
1943 4186 2051 4256 γὰρ
2083 4186 2210 4255 περὶ
2238 4184 2328 4237 τὸν
2354 4184 2511 4237 ἕκτον
2536 4183 2679 4252 μῆνα
2701 4180 2793 4234 τοῦ
2823 4181 3026 4249 ταύτην
3050 4181 3113 4249 δὴ
3138 4179 3420 4233 συλλαϐεῖν

1846 4287 1878 4352 ἡ
1902 4282 1997 4335 τοῦ
2020 4279 2254 4349 ἀγγέλου
2290 4279 2482 4347 γέγονε
2520 4275 2656 4347 πρὸς
2689 4276 2788 4345 τὴν
2823 4274 3101 4346 Παρθένον
3125 4274 3416 4342 ἀποστολὴ,

1846 4377 1983 4446 αὐτὴ
2010 4377 2069 4428 δὲ
2100 4374 2368 4443 γενομένη
2399 4371 2535 4440 πρὸς
2576 4369 2859 4423 Ἐλισάὄετ
2895 4368 3073 4437 μῆνας
3103 4369 3251 4433 τρεῖς
3286 4368 3417 4437 παρ’

1848 4468 1983 4536 αὐτῇ
2012 4466 2261 4535 διαμένῃ,
2285 4462 2505 4530 εὕδηλον
2526 4459 2717 4514 ὅτιτοῦ
2738 4461 2928 4529 χρόνου
2956 4460 3050 4527 τῆς
3079 4458 3415 4527 συλλήψεως,

1846 4561 1905 4613 ὃν
1935 4563 1961 4613 ὁ
1987 4559 2171 4615 ἔνατος
2196 4555 2526 4626 περιγράφει
2564 4551 2692 4621 μὴν,
2720 4550 2891 4620 πέρας
2936 4550 3174 4619 ἔχοντος,
3219 4552 3298 4613 είς
3328 4548 3421 4601 τὸν

1848 4656 2017 4722 αὐτῆς
2043 4650 2189 4706 οἷκον
2212 4650 2488 4703 έπάνεισιν
2511 4648 2546 4717 ἡ
2578 4646 2881 4715 Παρθένος·
2905 4645 2996 4697 καὶ
3025 4644 3213 4696 τούτου
3238 4642 3413 4711 τυχδν.

1848 4748 1937 4801 διὰ
1964 4745 2025 4799 τὸ
2055 4744 2247 4813 μέλλον
2274 4741 2521 4810 ἀπαντᾷν
2563 4739 2768 4805 πλῆθος
2802 4740 2879 4800 εἰς
2909 4738 2996 4791 τὸν
3027 4735 3300 4805 Ζαχαρίου
3338 4728 3421 4788 oi-

1849 4856 1964 4903 κον,
1986 4838 2145 4889 τόκου
2182 4834 2282 4903 μὲν
2306 4831 2457 4902 ὤραν
2484 4830 2581 4900 τῆς
2624 4830 2909 4881 Ἐλισάὅετ
2937 4828 3167 4897 ἐχούσης
3189 4843 3201 4856 ·
3233 4826 3330 4894 τῆς
3363 4825 3420 4877 δὲ

1853 4928 2189 4999 παρθενικῆς
2214 4925 2384 4979 ταῦτα
2405 4921 2585 4985 αἰδοῦς
2620 4922 2721 4975 οὐκ
2745 4921 3078 4990 ἀνεχομένης
3098 4937 3111 4951 ο
3138 4918 3327 4987 ιθιμον
3356 4917 3418 4989 δὴ

1847 5022 1906 5074 ὃν
1933 5018 2236 5086 ὑποχωρεῖν
2270 5015 2366 5075 τὰς
2400 5012 2725 5081 παρθένους,
2762 5013 2980 5064 ἐπειδᾶν
3018 5011 3185 5079 μέλλῃ
3216 5009 3421 5061 τίκτειν

1848 5117 1906 5164 ἐν
1942 5107 2136 5178 γαστρί
2159 5108 2391 5175 ἔχουσα·
2425 5104 2506 5157 δεῖ
2550 5104 2657 5173 γάρ
2706 5103 2800 5156 καὶ
2831 5100 2987 5155 τοῦτο
3022 5102 3247 5154 σκοπεῖν
3276 5116 3287 5128 ·
3320 5100 3419 5170 ἢδη

1849 5203 2059 5272 καὶτῆς
2089 5198 2371 5253 Ἐλισάὅετ
2392 5198 2554 5250 τόκου
2579 5197 2726 5266 ὥραν
2751 5196 3001 5263 ὲγούσης.
3032 5196 3064 5258 ἡ
3088 5194 3276 5259 Μαρία
3302 5192 3422 5245 καί·

1846 5315 1928 5351 τοι
1957 5293 2195 5363 ἀτεχνῶς
2224 5288 2358 5343 οὖσα
2383 5290 2599 5357 ἔγκυος,
2624 5289 2738 5342 ἀλλ’
2766 5284 2881 5352 οὖν,
2915 5286 2991 5349 ὠς
3028 5285 3293 5356 παρθένος
3330 5286 3417 5348 £6-

1849 5390 2076 5443 ίσταται.
2120 5382 2272 5436 Ἐπεὶ
2297 5382 2352 5435 δὲ
2400 5385 2491 5437 καὶ
2520 5385 2604 5443 είς
2624 5381 2715 5434 τὸν
2749 5378 2894 5433 οἶκον
2932 5380 3023 5432 τὸν
3076 5380 3277 5448 ἑαυτῆς
3322 5378 3421 5428 ἑπ-

1846 5480 2096 5550 ανῆλθεν,
2119 5477 2351 5546 ἀλλαχοῦ
2372 5476 2489 5545 μὲν,
2515 5474 2750 5542 οὐδαμοῦ
2767 5490 2781 5505 ’
2811 5476 2925 5526 ἐκεῖ
2943 5474 3000 5525 δὲ
3023 5472 3082 5525 τὺ
3107 5473 3243 5541 μετά
3260 5470 3419 5523 τοῦτο

1845 5574 2104 5637 διάγουσα
2135 5566 2224 5639 ἦν,
2251 5568 2354 5631 ἓως
2398 5566 2637 5633 ἐγγίζειν
2687 5565 2785 5633 ἥδη
2836 5565 2927 5615 τὸν
2971 5564 3068 5631 τῆς
3117 5563 3411 5629 κυοφορέας

1848 5662 2037 5732 καιρὸν
2081 5663 2343 5729 ἔγνωκεν.
2387 5659 2545 5710 Ἀλλὰ
2575 5658 2651 5727 τῷ
2692 5655 2948 5725 Ἱωσὴφῆ
2993 5656 3088 5721 τῆς
3132 5653 3414 5722 Παρθένου

1846 5755 2058 5825 γαστὴρ
2094 5756 2169 5816 είς
2203 5752 2363 5818 ὄγκον
2393 5750 2619 5819 ἀρθεῖσα
2649 5748 2666 5817 (
2694 5748 2875 5817 ἠγνόει
2920 5746 3025 5816 γάρ
3055 5748 3135 5799 ὅτι
3166 5744 3415 5810 Πνεῦμα-

1846 5864 1933 5911 τος
1984 5842 2049 5917 ἦν
2096 5845 2275 5914 ἁγίου)
2327 5844 2620 5911 λογισμοὺς
2682 5840 2872 5904 ἐνῆκεν
2938 5839 3034 5891 οὐκ
3090 5836 3386 5907 εὐπρεπεῖς
