3972 6438
520 373 623 435 639

1758 374 2037 435 MENSIS
2078 373 2503 438 AUGUSTUS.

3649 368 3760 433 510

521 484 656 539 ferre
704 497 952 539 munera.
1014 482 1283 549 Quoniam
1340 495 1519 541 autem
1575 486 1835 551 edictum,
1876 484 2083 540 scilicet
2112 487 2158 541 Δ
2186 502 2379 541 arcana
2410 488 2617 541 ratione
2655 493 2897 556 ceperat.
2943 485 3078 538 Cum
3102 481 3244 539 enim
3271 481 3425 536 multi
3472 497 3537 537 ex
3579 483 3775 539 multis

513 576 908 645 descriptionis,
943 591 1390 646 unumquemque
1433 578 1486 632 in
1528 593 1678 632 suam
1726 578 2087 647 compellebat

519 667 771 736 patriam,
801 667 1000 737 Joseph
1041 682 1262 737 quoque
1304 668 1351 721 ei
1385 684 1603 737 parens,
1639 684 1701 723 ex
1748 668 1987 729 Galiltea,
2020 684 2087 721 ex

516 759 750 823 civitate,
800 759 1040 829 inquam,
1097 757 1383 823 Nazareth,
1432 762 1581 815 venit
1624 762 1675 814 in
1726 760 1987 821 Indicam,
2032 760 2082 812 in

519 848 788 902 Bethleem
840 850 1140 916 civitatem,
1181 865 1300 918 qua:
1326 860 1411 904 est
1455 850 1644 905 civitas
1691 848 1873 902 David.
1913 848 2085 903 Causa

517 955 644 993 vero
687 949 826 1003 erat,
862 954 929 993 eo
960 940 1100 1007 quod
1149 950 1292 996 esset
1324 942 1577 1011 (inquit)
1607 944 1673 995 de
1722 942 1881 995 domo
1909 950 1961 993 et
2009 938 2086 991 l'a-

521 1030 669 1082 milia
704 1030 892 1090 David.
941 1031 1046 1085 hoc
1078 1042 1182 1093 est,
1214 1034 1557 1099 cognatione.
1602 1032 1760 1085 Venit
1800 1040 1977 1085 autem
2020 1030 2086 1084 ad

518 1121 937 1187 descriptionem
1007 1139 1128 1177 cum
1187 1125 1289 1179 hac
1348 1140 1416 1179 ex
1470 1125 1789 1179 mulieribus
1856 1124 2085 1177 maxime

516 1212 825 1268 admirabili
870 1214 1055 1277 Maria,
1088 1232 1207 1284 qua:
1244 1227 1363 1269 erat
1398 1216 1639 1285 gravida.
1682 1214 1899 1268 Etenim
1937 1214 2083 1269 Gali-

516 1305 614 1358 lma
640 1304 858 1372 quidem
901 1318 983 1359 est
1010 1307 1256 1373 quaedam
1290 1307 1435 1375 regio
1464 1306 1757 1361 Palaestinae
1781 1325 1796 1372 ;
1824 1304 2085 1360 Nazaretb

518 1404 693 1449 autem
734 1406 819 1451 est
875 1398 1072 1451 civitas
1117 1396 1368 1451 Calilaeae.
1420 1398 1626 1452 Rursus
1672 1409 1851 1453 autem
1904 1396 2086 1451 Judara

518 1497 600 1541 est
627 1488 895 1554 quaedam,
928 1503 1046 1557 quae
1076 1490 1155 1543 sic
1179 1490 1394 1552 dicitur,
1438 1491 1620 1560 regio;
1652 1489 1929 1543 Bethleem
1959 1504 2088 1543 vero

518 1578 709 1631 civitas
761 1578 979 1635 Judteae.
1034 1581 1209 1649 Atque
1270 1581 1555 1636 Christum
1618 1582 1834 1650 quidem
1896 1595 2087 1635 omnes

519 1669 817 1737 prophetae.
856 1686 963 1723 non
1003 1686 1066 1725 ex
1096 1672 1360 1725 Nazareth
1392 1682 1674 1725 venturum
1699 1670 1968 1734 dicebant,
1993 1668 2086 1723 sed

518 1774 581 1812 es
614 1757 913 1822 Bethleem,
954 1778 1007 1815 et
1042 1763 1157 1816 fore
1199 1773 1255 1815 ut
1282 1762 1391 1816 illic
1429 1772 1725 1832 pareretur.
1761 1762 1899 1815 Ecce
1941 1761 2083 1813 enim

522 1851 615 1903 tibi
648 1854 909 1921 cvestigio
956 1856 1233 1922 proposita
1280 1864 1365 1909 est
1395 1856 1711 1925 prophetia:
1743 1855 1809 1909 Et
1843 1865 1897 1907 tu
1931 1854 2087 1907 Beth-

519 1942 652 1993 leem
686 1952 825 1995 terra
858 1944 1022 2004 Juda,
1060 1962 1391 2016 nequaquam
1421 1964 1473 2001 es
1507 1949 1724 2001 minima
1756 1950 1807 1999 in
1839 1946 2087 2014 principi-

520 2034 611 2086 bus
644 2033 783 2087 Juda
810 2036 866 2087 ".
906 2036 972 2091 Et
1004 2053 1123 2105 qua:
1156 2050 1458 2107 sequuntur
1482 2040 1759 2105 deinceps,
1794 2038 1883 2091 tibi
1910 2039 2088 2095 decla-

522 2134 604 2178 ret
635 2124 985 2195 Evangelium
1016 2127 1081 2179 ν’.
1110 2127 1381 2191 Quoniam
1414 2145 1544 2196 ergo
1575 2128 1922 2181 manifestum
1972 2135 2091 2180 erat

520 2217 775 2271 omnibus
816 2218 1092 2273 Christum
1126 2229 1414 2275 venturum
1446 2236 1509 2274 ex
1562 2220 1859 2283 Bethleem,
1888 2220 2091 2273 idcirco

518 2306 813 2377 Joscplium
833 2322 887 2363 et
910 2308 1151 2371 Mariam.
1168 2312 1255 2381 qui
1276 2313 1380 2367 etsi
1402 2314 1546 2367 cives
1563 2323 1747 2366 essent
1771 2310 2093 2367 Bethleemi-

524 2409 610 2463 tte,
654 2413 714 2451 ea
769 2408 907 2453 terra
936 2400 1347 2468 dimissa(quod
1380 2402 1563 2455 multis
1606 2416 1746 2467 saepe
1778 2399 1992 2460 accidit,
2036 2404 2094 2451 ut

521 2488 759 2543 dimissis
806 2491 872 2545 iis
928 2506 1049 2559 quze
1102 2492 1249 2559 ipsos
1306 2492 1563 2556 tulerunt,
1588 2492 1779 2545 malint
1822 2490 1876 2543 in
1920 2491 2093 2545 aliena

523 2577 770 2632 habitare
809 2578 1075 2645 civitate),
1121 2580 1223 2649 ipsi
1250 2596 1465 2650 quoque
1498 2581 1809 2635 habitabant
1837 2580 1892 2633 in
1921 2580 2094 2634 Naza-

524 2670 665 2732 reth,
724 2672 1102 2737 compellebat,
1155 2682 1214 2725 ut
1254 2673 1456 2727 dictum
1504 2684 1606 2733 est,
1636 2688 1729 2727 eos
1754 2673 1834 2726 vel
1872 2674 2094 2736 invitos,

523 2759 577 2812 in
605 2758 877 2814 Bethleem
932 2762 1192 2829 edictum,
1240 2764 1347 2821 Deo
1402 2764 1787 2818 admirabiliter
1816 2772 1870 2818 et
1903 2773 2098 2834 praeter

522 2850 834 2919 opinionem
868 2854 982 2905 haec
1012 2854 1362 2921 dispensante
1394 2864 1448 2909 et
1480 2866 1752 2911 versante.

595 2942 707 2995 ΧΙΙ.
733 2942 866 2997 Cum
898 2944 1007 2999 illic
1030 2961 1158 3015 ergo
1175 2946 1401 3003 fuissent
1430 2960 1645 3017 propter
1681 2950 2097 3020 descriptionem

522 3033 735 3103 Impleti
762 3047 903 3095 sunt.
933 3037 1107 3105 inquit
1130 3040 1322 3099 ",dies
1353 3050 1408 3091 ut
1432 3040 1583 3107 Virgo
1607 3051 1849 3107 pareret;
1884 3052 1930 3095 et
1960 3044 2099 3109 parit

2190 576 2324 633 locis
2342 578 2410 633 ad
2443 578 2863 647 descriptionem
2906 575 3241 630 conﬂuerent
3277 573 3455 644 (utest
3479 584 3779 629 consenta-

2189 671 2376 739 neum)
2404 678 2460 725 et
2486 671 2603 725 loca
2652 670 2859 724 scilicet
2889 674 3349 737 praeoccuparem,
3376 679 3430 718 et
3472 681 3536 718 ex
3578 680 3645 719 eo
3675 681 3778 719 eos

2188 764 2281 832 qui
2313 764 2571 832 postremi
2612 759 2921 823 veniebant,
2952 761 3003 812 in
3050 772 3273 826 magnas
3306 756 3634 811 abducerent
3668 772 3775 810 an-

2188 856 2411 925 gustias,
2456 854 2607 907 illum
2632 857 2709 909 sic
2738 868 2858 906 cum
2896 851 3015 903 aliis
3052 850 3169 903 loco
3207 857 3479 918 egentem,
3526 864 3773 917 prasepe

2189 941 3025 1016 suscipit:illum,inquam,qui
3070 948 3443 1009 paupertatem
3488 938 3648 1007 elegit
3702 943 3775 992 ab

2189 1041 2364 1103 initio,
2388 1048 2439 1093 et
2468 1054 2587 1093 eam
2654 1035 2943 1089 honoravit
3018 1034 3070 1083 in
3123 1032 3319 1099 seipso.
3378 1030 3484 1083 Sed
3521 1040 3775 1098 pastores

2188 1146 2422 1201 quoque,
2455 1130 2649 1199 inquit,
2688 1134 2843 1181 erant
2901 1127 2955 1179 in
3012 1125 3114 1177 hac
3141 1123 3385 1192 regione,
3425 1131 3654 1191 agentes
3715 1123 3771 1176 in

2189 1233 2347 1276 nocte
2398 1222 2691 1275 custodias.
2733 1218 2809 1271 Ad
2841 1230 2975 1286 quos
3018 1214 3111 1269 Dei
3160 1228 3375 1282 quoque
3421 1214 3639 1266 advenit
3672 1228 3775 1266 an—

2189 1314 2421 1384 geluset
2444 1328 2536 1365 eos
2559 1310 2768 1364 Domini
2792 1308 2959 1378 gloria
2982 1303 3341 1360 cireumfulsit
3370 1341 3383 1354 .
3419 1302 3554 1355 Cum
3588 1314 3775 1355 autem

2187 1405 2427 1459 exterriti
2444 1403 2672 1457 fuissent
2690 1398 2995 1469 spectaculo
3017 1416 3029 1451 :
3052 1396 3354 1449 Timuerunt
3371 1393 3541 1457 enim,
3571 1393 3775 1461 inquit,

2190 1499 2373 1549 timorc
2409 1511 2617 1563 magno,
2637 1490 3143 1562 angelitstimorem,
3192 1487 3357 1555 utqui
3381 1502 3491 1539 non
3514 1486 3778 1538 decenter

2188 1602 2281 1641 eos
2318 1586 2627 1645 invasisset,
2653 1582 2869 1651 expellit
2898 1579 3111 1635 :Nalitc
3151 1577 3352 1639 timere,
3404 1577 3627 1642 dicens;
3664 1593 3783 1629 ecce

2190 1680 2325 1731 enim
2355 1678 2609 1729 annuntio
2638 1677 2777 1729 vobis
2798 1674 3049 1744 gaudium
3092 1686 3340 1736 magnum
3364 1668 3501 1737 quod
3524 1670 3623 1720 erit
3656 1669 3779 1719 uni-

2189 1786 2331 1821 verso
2345 1770 2552 1836 popula.
2571 1782 2678 1820 non
2696 1764 2894 1820 Judreis
2907 1763 3059 1827 solis,
3078 1761 3171 1816 scd
3188 1760 3461 1814 omnibus.
3476 1758 3669 1827 Adjice
3686 1760 3783 1812 ad-

2191 1860 2297 1913 huc
2349 1858 2670 1927 apertiorem
2720 1856 2901 1927 gaudii
2962 1852 3451 1924 signiﬁcationem:
3484 1848 3772 1913 Quoniam,

2191 1952 2383 2018 inquit,
2408 1959 2561 2000 natus
2591 1958 2663 2000 est
2706 1948 2845 2000 vobis
2882 1948 3031 1999 hodie
3056 1944 3302 1998 Salvator
3326 1944 3509 2011 quiest
3539 1940 3784 1997 Christus

2190 2042 2461 2103 Dominus,
2488 2043 2541 2093 in
2573 2040 2783 2093 civitate
2812 2038 3009 2091 David.
3033 2036 3103 2092 Ut
3142 2045 3322 2088 autem
3354 2050 3382 2086 a
3407 2031 3514 2088 Deo
3532 2033 3783 2101 profecta

2190 2144 2244 2189 et
2263 2150 2386 2189 vera
2401 2150 2498 2187 vox
2515 2132 2869 2202 judicaretur,
2885 2129 3002 2197 ejus
3019 2127 3197 2182 statim
3223 2125 3468 2194 sequitur
3489 2122 3784 2175 conﬁrma-

2192 2226 2287 2279 tio.
2337 2223 2580 2292 Repente
2610 2223 2755 2274 enim
2802 2235 2926 2274 cum
2972 2218 3162 2287 angelo
3224 2216 3343 2270 laus
3376 2227 3595 2283 quoque
3618 2212 3785 2265 audi-

2194 2323 2284 2368 tur
2341 2330 2372 2367 a
2442 2312 2785 2368 multitudine
2854 2308 3079 2379 angelici
3154 2307 3447 2366 exercitus.
3520 2304 3781 2359 dicentis:

2194 2406 2371 2462 Gloria
2396 2406 2449 2459 in
2471 2405 2680 2459 excelsis
2701 2404 2830 2469 Deo,
2860 2411 2907 2457 et
2946 2404 3001 2455 in
3026 2408 3165 2454 terra
3186 2415 3292 2469 pax
3316 2396 3611 2449 hominibus
3632 2396 3786 2448 bona:

2195 2499 2475 2553 voluntatis
2494 2498 2559 2552 ".

2263 2588 2407 2642 Xlll.
2430 2588 2687 2651 Quaznam
2716 2600 2844 2639 vero
2862 2583 2938 2652 (7)
2960 2592 3116 2638 erant
3137 2600 3199 2639 ea
3220 2600 3340 2652 qua:
3359 2596 3415 2641 tu
3444 2588 3784 2644 admirabilis

2198 2678 2584 2739 conservabas,
2621 2676 2805 2735 Maria,
2836 2684 2891 2729 et
2929 2674 2982 2727 in
3026 2683 3116 2727 tuo
3163 2675 3328 2729 corde
3357 2679 3784 2733 conlerebas"?

2196 2768 2335 2824 Num
2362 2766 2584 2821 omnino
2602 2774 2655 2818 et
2680 2763 2731 2817 id
2757 2762 2899 2832 quod
2931 2762 3023 2815 tibi
3053 2762 3264 2816 dixerat
3286 2765 3531 2834 angelus,
3561 2776 3783 2835 etquae-

2198 2875 2413 2929 cunque
2463 2872 2656 2912 rursus
2683 2856 2942 2911 dixerunt
2993 2854 3405 2923 pastorestllaee
3435 2857 3548 2925 ipsa
3585 2858 3639 2911 in
3683 2867 3785 2913 tuo

2198 2953 2359 3009 corde
2379 2962 2729 3018 componens.
2750 2956 2945 3000 etcum
2972 2944 3064 2997 illo
3092 2944 3207 3012 ipso
3226 2945 3532 3009 conferens,
3552 2947 3783 3002 videbas

2202 3044 2384 3099 omnia
2430 3041 2496 3093 ad
2526 3052 2694 3091 unum
2728 3033 3018 3091 convenire
3054 3032 3197 3099 quod
3227 3032 3373 3088 Deus
3400 3051 3587 3091 revera
3629 3038 3702 3091 sit
3730 3038 3782 3090 is

526 3122 786 3194 (6}ﬁlium
816 3143 970 3179 suum
1000 3130 1400 3197 primogenitum
1426 3139 1473 3182 et
1507 3131 1684 3199 fasciis
1713 3132 1919 3185 involvit
1956 3150 2095 3195 cum.
2124 3163 2167 3222 ρ
2202 3138 2293 3207 qui
2326 3144 2411 3190 est
2439 3149 2505 3189 cx
2528 3142 2579 3187 te
2605 3136 2861 3193 natus,et
2884 3136 2936 3181 te
2965 3125 3092 3180 fecit
3120 3126 3623 3196 miraculum,quod
3639 3130 3784 3184 caelo

525 3216 616 3284 qui
675 3217 835 3271 nullis
900 3229 1075 3287 potest
1124 3220 1368 3274 terminis
1415 3221 1826 3278 circumscribi:
1892 3233 1945 3279 et
1974 3242 2094 3293 pro-

525 3317 702 3377 pterea
744 3311 880 3378 quod
909 3328 1007 3363 non
1044 3322 1171 3364 esset
1200 3312 1272 3364 eis
1300 3312 1437 3365 locus
1467 3315 1518 3365 in
1553 3314 1855 3376 diversorio,
1882 3331 1915 3367 o
1950 3325 2095 3370 tuam

528 3400 877 3465 inedabileni,
912 3404 1147 3467 Christe,
1197 3414 1420 3474 propter
1478 3420 1562 3459 me
1606 3419 1995 3475 paupertatem,
2042 3413 2096 3465 in

528 3494 751 3556 ιιι-(ινδερί
769 3494 983 3547 reclinat
1017 3512 1153 3553 eum,
1178 3496 1268 3563 qui
1296 3509 1457 3547 omne
1497 3496 1814 3549 alimentum
1840 3500 2099 3564 suppedi-

534 3589 611 3635 tat
632 3597 646 3647 ;
668 3597 791 3635 eum
810 3583 899 3651 qui
928 3599 1265 3653 nequaquam
1297 3584 1411 3654 capi
1432 3593 1631 3656 potest,
1658 3599 1719 3639 ea
1752 3600 1872 3656 qua:
1912 3587 2091 3656 ipsum

642 3745 686 3776 "
712 3743 872 3799 Mich.
904 3762 958 3812 v,
986 3746 1042 3799 2.
1154 3744 1201 3778 ¹δ
1228 3745 1415 3801 Matth.
1454 3762 1513 3813 ll,
1548 3746 1602 3801 6.

600 3934 678 4005 (6)
724 3934 839 3989 Τοῦ
868 3934 1322 4003 Μεταφραστοῦ.
1363 3934 1551 3987 Τίκτει
1589 3933 1697 3988 τὸν
1738 3935 1874 3989 υἱὸν
1912 3937 2101 4004 αὐτῆς

532 4026 639 4079 τὸν
670 4027 1069 4094 πρωτότοκον,
1109 4026 1142 4094 ἡ
1176 4024 1437 4092 ἀμίαντος
1473 4023 1633 4094 κόρη,
1669 4023 1763 4076 καὶ
1793 4028 2102 4094 σπαργανοῐ

530 4118 624 4170 τὸν
657 4118 931 4187 ἀόριστον.
964 4116 1061 4169 καί
1100 4118 1259 4184 παρὰ
1285 4116 1351 4169 τὸ
1380 4116 1467 4185 μὴ
1495 4113 1647 4170 εἶναι
1676 4118 1865 4170 τόπον
1899 4116 2104 4182 αὐτοῖς

530 4208 602 4263 ἐν
638 4206 717 4272 τῷ
748 4209 1141 4274 καταλύματι,
1169 4206 1214 4260 ὣ
1250 4207 1351 4277 τῆς
1380 4208 1588 4275 ἀφάτου
1628 4226 1744 4273 σου,
1778 4208 2001 4276 Χριστὲ,
2036 4208 2103 4261 δι’

533 4301 635 4371 ἐμὲ
666 4301 973 4370 πτωχείαςι
1016 4301 1085 4354 ἐν
1121 4299 1194 4368 τῇ
1229 4299 1426 4369 φάτνῃ
1457 4300 1546 4351 τὸν
1580 4300 1679 4369 τῆς
1709 4300 1915 4369 τροφῆς
1958 4300 2103 4354 ἀπά-

535 4406 634 4460 σης
667 4390 899 4459 χορηγὸν
926 4390 1260 4453 ἀνακλίνει,
1288 4392 1379 4443 τὸν
1408 4390 1661 4461 μηδαμοῦ
1685 4390 2033 4461 χωρούμενον
2069 4392 2102 4461 ἡ
2134 4424 2181 4483 D

535 4482 837 4551 ἁχωρήτως
868 4482 1188 4550 χωρήσασα.
1224 4480 1441 4533 Πολλῶν
1476 4483 1584 4553 γὰρ
1613 4483 1936 4552 πολλαχόθεν
1968 4482 2105 4551 πρὸς

534 4575 632 4645 τὴν
663 4574 877 4643 γραφὴν
907 4574 1095 4644 ὣσπερ
1138 4575 1283 4636 είκὸς
1334 4575 1700 4643 συρρεόντων,
1758 4580 1851 4627 καὶ
1904 4575 2107 4639 πολλὴν

537 4667 785 4721 ἐντεῦθεν
822 4668 933 4726 τοῖς
975 4666 1201 4733 ἔσχατον
1237 4666 1645 4735 ἐπιγενομένοις
1679 4666 2109 4736 περιποιούντων

536 4758 637 4825 τὴν
673 4757 953 4819 στὲνωσιν,
986 4752 1030 4806 ὦ
1060 4753 1158 4819 τῆς
1202 4754 1269 4806 δι’
1296 4753 1397 4823 ἐμὲ
1430 4740 1791 4823 στενοχωρίας
1839 4756 1932 4807 καὶ
1966 4754 2107 4818 ξενι-

536 4849 687 4909 τείας
730 4847 823 4899 τοῦ
858 4847 945 4898 διὰ
983 4847 1200 4898 πάντων
1234 4844 1539 4913 χωροῦντος
1576 4844 1671 4894 καὶ
1714 4845 1895 4893 πᾶσαν
1928 4844 2107 4895 κτίσιν

539 4938 997 5008 ὲμπεριέχοντοςί
1045 4937 1251 4986 ἐκεῖνον
1304 4934 1443 5001 μετὰ
1485 4935 1593 4986 τῶν
1638 4932 1812 4987 ἄλλων
1842 4930 1985 4986 οὕτω
2016 4933 2110 4986 καὶ

540 5031 705 5084 τόπου
738 5026 1187 5097 διαπορούμενον,
1226 5026 1341 5097 οὐχ’
1374 5026 1618 5097 εὑρίσκει
1655 5027 1763 5096 γὰρ
1790 5028 1956 5080 τόπον
1990 5025 2110 5079 οὐδὲ

542 5123 834 5188 κατάλυμα
856 5165 871 5187 ,
906 5123 940 5189 ἠ
973 5122 1146 5191 φάτνη
1176 5119 1386 5189 δέχεται
1422 5119 1518 5189 τὴν
1548 5117 1814 5188 πτωχείαν
1858 5119 2111 5187 ἑλόμενον

546 5215 604 5280 ἐξ
636 5213 831 5282 ἀρχῆς,
873 5213 965 5263 καὶ
1002 5212 1207 5279 ταύτην
1248 5215 1303 5265 ἐν
1334 5210 1509 5279 ἑαυτῷ
1533 5212 1857 5279 τιμήσαντα.
1900 5208 2110 5262 Ἐντεῦ-

546 5307 635 5357 θεν
672 5306 699 5358 ὁ
729 5300 1140 5375 ἁπερίγραπτος
1177 5305 1234 5353 ἐν
1262 5302 1531 5371 σπηλαίῳ,
1560 5301 1781 5368 ὁΛόγος
1811 5304 1868 5353 ὲν
1894 5301 2068 5368 φάτνῃ
2095 5336 2110 5362 ,

542 5402 569 5452 ὁ
614 5398 706 5450 τοῦ
746 5398 954 5463 κόσμου
990 5392 1344 5462 δημιῢυργὸς,
1380 5390 1679 5459 αὐτουργὸς
1711 5393 1800 5443 καὶ
1818 5391 2110 5454 τοῦ.τόκου,

548 5491 640 5542 καὶ
692 5488 881 5555 ὀδηγὸς
930 5484 1091 5537 τοῦτό
1138 5501 1238 5535 που
1277 5484 1481 5549 γίνεται
1521 5482 1683 5544 αὐτὸς
1720 5482 1816 5549 μὲν
1851 5482 2111 5551 μαιεύων,

548 5581 707 5643 αὐτὸς
738 5579 793 5631 δὲ
823 5578 1196 5647 μαιευόμενος.
1237 5576 1327 5626 καὶ
1353 5578 1418 5645 τῇ
1455 5574 1623 5644 μητρὶ
1646 5573 1733 5625 τὸν
1755 5572 1992 5641 Θάλαμον
2023 5589 2117 5639 χα-

553 5673 849 5741 ριζόμενος.
891 5668 1168 5722 Ἐντεὶθεν
1192 5668 1219 5719 ὁ
1243 5669 1454 5720 πάντων
1481 5665 1757 5735 συνοχεὺς,
1788 5666 1843 5717 ὲν
1871 5663 2114 5734 σπαργά-

555 5780 664 5825 νοις
686 5781 697 5792 ·
733 5767 758 5816 ὁ
793 5763 1007 5816 πάντων
1043 5761 1291 5829 τροφεὺς,
1335 5760 1389 5811 ἐν
1424 5760 1535 5821 τοῖς
1570 5756 2117 5829 γαλακτοτροφουμὲ-

1685 3747 1727 3780 ⁸³
1750 3746 1882 3805 Luc.
1904 3762 1964 3814 ll,
1985 3748 2038 3815 6,
2066 3749 2119 3805 7.

2197 3236 2253 3287 et
2270 3236 2410 3281 terra
2442 3240 2549 3278 non
2579 3222 2814 3289 capitur.
2842 3218 2941 3284 Qui
2963 3216 3123 3271 etiam
3147 3217 3374 3285 suscipit
3402 3218 3786 3271 circumcisio-

2196 3335 2322 3375 nem
2348 3316 2675 3374 confirmans
2702 3326 2854 3365 suam
2897 3323 3020 3363 eum
3054 3306 3256 3361 Iudaeis
3284 3310 3691 3379 cognationem,
3709 3326 3784 3363 ne.

2196 3413 2303 3467 illis
2317 3409 2652 3466 occasionem
2672 3406 2934 3476 praeberet
2950 3420 3072 3459 eum
3089 3402 3338 3472 negandi.
3358 3401 3786 3458 Circutnciditur

2200 3513 2378 3557 autem
2418 3512 2607 3556 octavo
2631 3500 2716 3554 die
2737 3514 2831 3552 seu
2878 3498 2963 3552 die
2995 3498 3300 3560 Dominico,
3329 3510 3439 3563 quo
3472 3494 3575 3548 luit
3614 3493 3782 3547 etiam

2197 3591 2542 3652 resurrectio;
2581 3599 2635 3643 et
2657 3588 2817 3643 Jesus
2840 3588 3174 3641 nominatur.
3214 3586 3495 3655 Signilicat
3526 3600 3654 3638 vero
3682 3584 3789 3637 hoc

2234 3751 2277 3783 ¹⁶
2308 3750 2439 3805 ibid.
2473 3750 2627 3806 8-15.
2709 3750 2749 3783 "
2786 3749 2922 3803 ibid.
2950 3748 3034 3803 19.

2207 3956 2353 4000 νοις⁶
2400 3942 2428 3993 ὁ
2482 3941 2700 3994 πάντων
2754 3942 3132 4010 ἀπογραφεὺς,
3187 3944 3246 3994 ὲν
3293 3943 3406 4005 τοῖς
3463 3942 3790 4012 ἀπογραφοο

2210 4032 2412 4102 μένοις.

2278 4144 2545 4213 Ποιμένες
2580 4143 2658 4211 δὲ,
2692 4142 2879 4214 φησιν,
2909 4137 3052 4213 ἦσαν
3081 4143 3140 4196 ὲν
3172 4144 3237 4212 τῇ
3270 4140 3425 4213 χώρᾳ
3452 4140 3647 4214 ταύτῃ,
3683 4160 3791 4211 φυ-

2209 4237 2381 4301 λακὰς
2413 4238 2542 4305 περὶ
2572 4236 2745 4289 νύκτα
2777 4234 3115 4303 ποιούμενοι,
3146 4229 3227 4296 οἷς
3261 4234 3353 4285 κα)⁸
3382 4233 3616 4300 ἄγγελος
3644 4232 3788 4286 Θεοῦ

2209 4332 2435 4399 ἐπέστη.
2456 4332 2550 4381 καὶ
2573 4328 2697 4392 δόξα
2726 4326 2933 4394 Κυρίου
2959 4323 3157 4387 αὐτοὺς
3184 4324 3583 4394 περιέλαμψεν.
3626 4325 3787 4379 Ἐπεὶ

2204 4423 2262 4476 δὲ
2282 4420 2578 4487 κατάφοσοι
2607 4418 2865 4487 γεγόνασι
2891 4418 2969 4487 τῷ
2996 4417 3252 4487 θεάματι,
3274 4416 3300 4470 ό
3319 4417 3571 4485 ἄγγελος,
3597 4416 3673 4479 ὡς
3709 4418 3789 4489 μὴ

2208 4515 2329 4568 καθ’
2361 4513 2511 4583 ὥραν
2548 4513 2851 4567 ἐπελθόντα
2881 4513 2973 4566 τὸν
3018 4513 3182 4580 φόϐον
3214 4512 3317 4574 ἔξω
3349 4513 3512 4574 ποιεῖ,
3543 4509 3638 4578 Μὴ
3680 4529 3789 4580 φο-

2208 4607 2425 4668 ϐεῖσθε,
2444 4607 2640 4675 λέγων,
2656 4605 2787 4659 ίδοὺ
2805 4606 2916 4671 γὰρ
2934 4602 3383 4672 εὐαγγελίζομαι
3403 4600 3548 4671 ὑμῖν
3567 4605 3787 4673 χαρὰν,

2208 4696 2339 4764 ἣτις
2381 4696 2576 4759 ἔσται,
2606 4692 2705 4744 ούκ
2748 4690 3021 4753 Ἰουδαίοις
3051 4690 3233 4759 μόνοις
3253 4731 3267 4755 ,
3303 4690 3418 4745 ἀλλ’
3447 4692 3640 4743 ἅπασι.
3676 4691 3790 4744 Καὶ

2209 4788 2529 4858 προστίθησι
2547 4785 2886 4853 τρανώτερον
2905 4782 3004 4851 τὴν
3027 4782 3124 4855 τῆς
3138 4786 3358 4854 χάριτος
3379 4781 3635 4851 δήλωσιν
3663 4784 3789 4837 ’Ὁτι

2210 4880 2395 4948 φησὶν,
2420 4878 2633 4948 ἐτέχθη
2660 4874 2800 4945 ὑμῖν
2821 4875 3044 4945 Σωτήρ.

2280 5015 2357 5086 (7)
2400 5013 2508 5068 Τοῦ
2531 5011 2988 5082 Μεταφραστοῦ.
3025 5010 3160 5062 Ποία
3187 5009 3294 5081 γὰρ
3326 5004 3393 5081 ἧν
3420 5009 3604 5089 ἕτερα,
3642 5007 3790 5081 ἅπερ

2212 5110 2244 5177 ή
2275 5106 2562 5176 θαυμαστὴ
2596 5106 2917 5173 συνετήρεις
2945 5102 3149 5173 Μαρία,
3175 5103 3268 5155 καὶ
3287 5102 3367 5163 είς
3394 5099 3625 5168 καρδίαν
3657 5117 3790 5155 συνο

2212 5195 2455 5259 έϐαλλες,
2490 5194 2521 5262 ἢ
2565 5193 2781 5255 πάντως
2826 5192 2925 5244 ὅσα
2954 5208 3013 5243 τε
3049 5193 3262 5260 εἰρήκει
3303 5188 3437 5258 πρὸς
3476 5189 3534 5240 σὲ
3564 5190 3591 5240 ὁ
3616 5189 3791 5256 ἅγγε-

2212 5286 2321 5350 λος,
2356 5287 2449 5338 καὶ
2480 5285 2577 5337 ὅσα
2605 5284 2667 5356 δὴ
2698 5284 2862 5337 πάλιν
2893 5284 2942 5336 οἱ
2982 5280 3240 5350 ποιμένες
3271 5276 3460 5343 εἷπον;
3492 5278 3681 5331 Ταῦτα
3712 5284 3793 5341 εἰς

2213 5378 2438 5447 καρδίαν
2476 5376 2611 5446 αὐτὴ
2647 5375 2974 5436 συντιθεῖσα,
3006 5375 3096 5425 καὶ
3130 5372 3289 5425 τοῦτο
3324 5371 3517 5439 ἐκείνῳ
3556 5372 3793 5439 συγκρί-

2213 5490 2401 5532 νουσα,
2445 5473 2577 5541 πρὸς
2621 5470 2678 5523 ἒν
2725 5471 2903 5538 ἑώρας
2944 5468 3237 5537 συνᾴδοντα
3276 5465 3475 5529 πάντα,
3520 5466 3613 5517 καὶ
3656 5465 3793 5530 μίαν

2216 5568 2486 5639 εὓρισκες,
2518 5558 2562 5616 ὦ
2598 5565 2767 5635 μῆτερ
2790 5562 3000 5629 σοφίας,
3023 5563 3123 5631 τὴν
3154 5558 3505 5628 συμφωνίαν·
3538 5558 3623 5608 ὅτι
3657 5553 3793 5616 Θεὸς

2218 5660 2352 5726 πρὸς
2402 5658 2661 5726 ἀλήθειαν
2692 5655 2718 5707 ό
2758 5656 2821 5708 ὲκ
2868 5654 2961 5708 σοῦ
3003 5648 3305 5719 γεννηθεὶς,
3360 5650 3454 5703 καὶ
3498 5646 3556 5696 σὲ
3601 5643 3792 5715 Οαῦμα

2216 5754 2394 5817 δείξας
2425 5748 2573 5819 παρὰ
2605 5745 2773 5799 ταῦτα
2814 5748 3010 5808 πάντα,
3044 5740 3138 5796 καὶ
3165 5742 3312 5813 παρὰ
3340 5740 3555 5793 πάντων
3587 5735 3792 5791 τούτων
