3972 6480
224 423 337 491 541

1325 419 1612 481 ORATIO
1647 419 1746 479 DE
1790 418 2074 481 SANCTA
2113 418 2388 480 MARIA.

3394 426 3503 491 542

227 538 476 593 salutem
499 532 706 605 populi.
738 529 892 599 Quod
917 529 1079 585 etiam
1110 526 1317 598 Virgini
1345 526 1832 597 praedicitangelus
1864 536 1904 587 Α
1937 527 2139 580 tionem
2177 544 2188 579 :
2233 525 2301 579 Et
2334 541 2469 589 ecce,
2527 524 2736 587 dicens.
2766 531 2919 580 homo
2974 540 3093 581 erat
3126 529 3177 582 in
3205 526 3506 587 Jerusalem

228 640 370 684 ante
402 623 929 697 coneeptionem,Et
955 621 1179 685 vocabis,
1213 618 1485 688 inquiens,
1514 634 1698 670 nomen
1718 618 1830 686 ejus

226 710 424 763 Iesum
446 710 512 771 “,
542 702 1049 774 idemqueJosepbo
1073 708 1282 770 postea,
1314 707 1476 766 atque
1504 698 1781 766 subjungit
1815 714 1827 748 :

228 802 357 867 [p.e
386 801 526 853 enim
568 797 770 851 salvum
811 796 965 866 faciet
1023 792 1271 861 populum
1318 806 1473 844 suum
1524 807 1556 843 a
1605 790 1830 857 peccatis

222 910 416 946 eorum
442 893 509 944 ".
535 889 742 943 Deinde
757 889 919 941 etiam
946 901 1135 939 rursus
1151 890 1656 953 exepectattempus
1676 882 1827 951 puri-

225 986 533 1038 ticatmnis.
575 981 857 1050 Postquam
886 978 1029 1031 enim
1062 976 1265 1044 impleti
1297 984 1438 1037 sunt,
1476 975 1669 1042 inquit,
1720 974 1828 1026 dies

220 1076 569 1146 purgationis
624 1074 740 1143 ejus
799 1078 1084 1125 secundum
1127 1070 1287 1138 legent
1354 1068 1519 1136 Moysi
1538 1068 1553 1131 (
1584 1065 1825 1133 comple-

223 1172 476 1219 mentum
497 1176 678 1220 autem
693 1164 905 1217 dierum
929 1171 1046 1215 erat
1065 1159 1557 1229 quadragesimus},
1590 1156 1822 1209 tulerunt

224 1259 505 1313 infantem
563 1257 748 1309 Jesum
817 1255 871 1309 in
923 1253 1245 1313 Jerusalem,
1292 1260 1345 1304 ut
1410 1252 1646 1304 sisterent
1706 1263 1823 1301 eum

222 1349 481 1405 Domino.
514 1349 648 1400 sicut
693 1349 947 1411 scriptum
1000 1345 1158 1397 estin
1218 1343 1323 1412 lege
1373 1341 1583 1394 Domini
1634 1357 1652 1393 :
1685 1340 1821 1403 Quia

221 1455 380 1491 omne
459 1437 816 1490 masculinum
891 1435 1204 1502 adaperiens
1278 1432 1524 1498 vulvam,
1582 1443 1821 1486 sanctum

221 1530 453 1583 Domino
481 1528 751 1580 vocabitur
794 1541 811 1579 :
840 1534 888 1579 et
936 1534 992 1578 ut
1028 1529 1214 1578 darent
1262 1524 1507 1587 hostiam,
1539 1524 1821 1576 secundum

218 1623 363 1687 quod
412 1622 613 1673 dictum
643 1630 715 1673 est
744 1622 799 1672 in
832 1620 944 1688 lege
1007 1618 1239 1681 Domini,
1274 1632 1375 1685 par
1398 1625 1689 1681 turturum,
1726 1626 1817 1670 aut

218 1712 353 1765 duos
406 1711 581 1780 pullos
607 1712 968 1765 columbarum
993 1711 1063 1763 ".

296 1803 435 1858 XIV.
465 1803 573 1860 Sed
610 1806 783 1859 satius
809 1803 1039 1856 fortasse
1063 1800 1140 1869 (8)
1170 1798 1332 1855 luerit
1363 1800 1416 1855 id
1442 1802 1674 1867 solvere,
1708 1816 1815 1870 quo

216 1896 442 1950 videtur
507 1909 806 1965 repugnare
848 1894 993 1946 inter
1029 1894 1406 1963 evangelistas.
1444 1893 1731 1947 Matthmus
1761 1894 1807 1924 “

217 2003 461 2056 namque
503 1988 635 2040 dicit
668 1985 881 2049 Jesum,
907 1995 1197 2055 postquam
1244 1996 1406 2039 natus
1439 1994 1605 2046 esset,
1633 1985 1817 2054 proie-

218 2090 367 2135 ctum
393 2083 443 2134 in
460 2078 778 2149 Egyptum;
800 2077 888 2133 hic
907 2089 1110 2143 autem,
1129 2078 1347 2133 divinus
1370 2078 1596 2142 scilicet,
1620 2078 1811 2142 Lucas,

220 2173 399 2239 ipsum
428 2178 552 2237 post
583 2169 939 2240 quadraginta
962 2169 1079 2224 dies
1102 2168 1322 2223 venisse
1351 2167 1809 2237 Hierosolymam.

1931 619 2014 670 cui
2055 632 2238 670 nomen
2271 614 2512 680 Smteon,
2542 625 2589 669 et
2622 616 2774 670 homo
2802 628 2915 671 erat
2967 620 3167 688 justus,
3200 631 3248 673 et
3277 622 3508 689 Spiritus

1934 709 2146 761 Domini
2186 716 2297 760 erat
2356 709 2411 760 in
2447 708 2583 775 ipso.
2628 708 2769 774 Quin
2808 710 2971 763 etiam
3011 711 3170 767 venit.
3214 712 3411 779 inquit,
3451 715 3506 766 in

1929 798 2132 867 Spiritu
2165 801 2219 852 in
2258 804 2533 865 temptant.
2586 808 2639 853 et
2678 799 2726 853 ei
2774 801 2928 853 ulnas
2977 802 3209 870 praebuit
3262 804 3327 856 ad
3378 818 3504 855 eum

1928 888 2331 954 suscipiendum
2365 890 2431 948 “.
2495 889 2781 952 Quodnam
2841 900 2925 944 est
2991 900 3172 945 autem
3264 893 3505 947 salutare

1928 979 2073 1047 quod
2117 993 2285 1032 senex
2322 978 2438 1032 suis
2474 978 2607 1032 vidit
2636 980 2807 1033 oculis
2839 980 2861 1031 ?
2892 980 3035 1050 ipse.
3087 981 3179 1050 qui
3224 981 3501 1035 desidera-

1929 1072 2106 1130 batur.
2141 1070 2322 1125 Jesus.
2362 1068 2474 1124 Hoc
2520 1071 2663 1123 enim
2710 1086 2906 1127 nomen
2960 1089 3177 1142 quoque
3207 1076 3497 1143 signiﬁcat.

1929 1162 2180 1214 Paratum
2208 1174 2338 1213 vero
2366 1156 2687 1228 fuerat'cjus
2719 1160 3032 1230 mysterium
3065 1162 3290 1214 omnino
3320 1163 3384 1216 ad
3411 1178 3505 1215 sa-

1926 1254 2116 1316 lutem,
2141 1268 2250 1305 non
2274 1252 2406 1306 solis
2433 1250 2655 1316 ludseis,
2679 1254 2773 1306 sed
2802 1253 3005 1305 mundo
3027 1255 3191 1306 etiam
3222 1254 3501 1309 universo.

1927 1346 2040 1400 lloc
2090 1345 2235 1398 enim
2293 1344 2394 1399 sibi
2451 1343 2561 1399 vult
2616 1343 2743 1398 illud
2786 1361 2800 1397 :
2847 1345 3093 1397 Omnium
3140 1346 3503 1414 populorum;

1924 1438 2073 1492 sicut
2102 1437 2268 1491 etiam
2300 1436 2430 1489 illud
2459 1454 2472 1489 :
2510 1435 2711 1490 Lumen
2741 1437 2811 1488 ad
2852 1436 3219 1489 reuelationem
3247 1438 3500 1505 gentium,

1922 1542 1970 1585 et
2017 1531 2245 1600 qloriant
2296 1530 2474 1597 populi
2507 1529 2587 1580 tui
2616 1526 2808 1581 Israel.
2860 1526 2996 1581 Vide
3032 1543 3163 1584 vero
3186 1530 3291 1597 (9),
3338 1545 3499 1598 quam

1920 1630 2173 1676 accurate
2199 1620 2435 1688 loquitur
2458 1617 2789 1689 evangelista
2816 1635 2829 1670 :
2871 1618 3039 1671 Erant
3068 1629 3273 1681 autem,
3300 1619 3498 1686 inquit,

1919 1713 2109 1781 Ioseph
2127 1721 2175 1766 et
2202 1721 2371 1765 muter
2386 1713 2500 1781 ejus
2519 1713 2839 1766 admirantes
2864 1720 3074 1779 propter
3096 1726 3156 1763 ea
3173 1727 3287 1778 qua:
3305 1711 3367 1762 de
3390 1711 3499 1778 ipso

1919 1799 2230 1852 dicebantur
2256 1799 2321 1854 ".
2362 1799 2589 1854 Matrem
2619 1800 2835 1869 quidem
2871 1800 3080 1862 dicens,
3124 1808 3183 1852 ut
3220 1814 3341 1868 quae
3371 1814 3501 1853 vere

1919 1902 2088 1953 esset,
2145 1891 2300 1944 etab
2333 1890 2448 1958 ipsa
2483 1904 2684 1945 vocans
2729 1889 3054 1943 habitudine
3083 1906 3098 1953 ;
3136 1890 3284 1943 illum
3316 1900 3499 1943 autem

1919 1982 2067 2035 nudo
2123 1983 2369 2047 nomine,
2438 1993 2497 2037 ut
2547 1982 2641 2053 qui
2701 1983 2978 2037 videretur
3042 1982 3262 2049 quidem
3322 1992 3499 2051 pater.

1919 2087 2027 2126 non
2063 2084 2208 2127 esset
2240 2085 2425 2128 autem
2456 2090 2663 2128 revera.
2701 2076 2776 2128 Ea
2818 2089 3038 2143 quoque
3073 2053 3284 2126 ratione
3314 2072 3501 2125 ambo-

1918 2165 2021 2219 bus
2066 2166 2285 2234 quidem
2330 2166 2607 2220 benedixit
2647 2165 2869 2219 Sitneon
2902 2183 2916 2229 ;
2952 2166 3139 2219 relicto
3176 2174 3358 2217 autem
3408 2164 3501 2218 Jo-

218 2262 319 2315 Sed
355 2260 496 2315 nihil
552 2262 776 2329 dicunt,
813 2263 956 2330 quod
1018 2262 1163 2315 inter
1210 2276 1269 2315 se
1305 2260 1577 2328 discrepet
1630 2274 1808 2328 neque
1846 2291 1885 2344 Β
1920 2258 2090 2329 seph,
2147 2258 2442 2327 alloquitur
2496 2257 2719 2313 Mariam
2775 2259 2969 2321 solam,
3023 2267 3086 2313 ut
3129 2274 3251 2327 qua:
3305 2257 3500 2311 luisset

218 2355 361 2424 quod
398 2356 473 2408 rei
538 2357 722 2410 obstet
784 2352 1386 2424 consequentim.Cum
1446 2352 1622 2413 enim,
1658 2359 1810 2420 post-

216 2466 377 2519 quam
438 2459 602 2503 natus
664 2459 842 2511 esset,
907 2450 1180 2503 secundus
1213 2464 1390 2502 annus
1447 2448 1805 2516 praeterisset,

218 2544 476 2597 Christus
532 2542 823 2594 abducitur
885 2539 938 2593 in
993 2540 1320 2610 [Egyptuzm
1362 2539 1537 2593 Lucas
1573 2553 1705 2606 ergo
1744 2552 1808 2591 ea

218 2649 333 2701 quae
374 2630 598 2685 interim
650 2630 788 2684 facta
819 2642 965 2693 sunt.
1009 2641 1065 2686 et
1118 2644 1237 2700 qua:
1265 2631 1618 2700 praetermisit
1670 2631 1808 2685 Mat-

218 2726 421 2789 thmus,
456 2721 937 2777 circumcisionem
971 2721 1179 2777 scilicet
1227 2728 1426 2775 tractat
1470 2728 1524 2774 et
1558 2718 1812 2789 puriﬁca-

1917 2352 2164 2405 ministra
2221 2350 2389 2404 divini
2441 2350 2657 2405 consilii
2707 2367 2721 2402 :
2775 2349 2908 2403 Ecce
2954 2352 3125 2411 enim,
3177 2349 3375 2418 inquit,
3416 2348 3499 2400 Itic

1914 2445 2111 2511 positus
2154 2452 2229 2495 est
2264 2443 2316 2494 in
2352 2444 2562 2494 ruinam
2607 2453 2656 2496 et
2710 2444 3144 2495 resurrectionem
3190 2442 3498 2503 multorum,

1916 2545 1963 2587 et
1991 2535 2047 2586 in
2072 2535 2300 2605 signum,
2332 2534 2415 2587 cui
2450 2535 2845 2588 contradicetur
2876 2533 2944 2589 “.
2994 2532 3279 2598 Quomodo
3311 2542 3496 2586 autem

1916 2625 2054 2695 (l0)
2102 2641 2132 2678 a
2181 2633 2257 2688 te,
2301 2626 2547 2680 studiose
2600 2626 2838 2689 auditor,
2891 2628 3159 2695 accipitur
3208 2626 3337 2679 illud
3376 2643 3389 2677 :
3429 2623 3498 2677 Et

1917 2725 2063 2768 tuam
2106 2714 2270 2782 ipsius
2304 2715 2542 2768 animam
2579 2715 2918 2784 pertransibit
2963 2716 3173 2787 gladius
3198 2716 3288 2767 "?
3324 2715 3498 2780 Quid-

284 2912 329 2942 ¹⁸
362 2910 498 2963 Luc.
529 2924 572 2971 ι,
598 2907 688 2961 3i.
770 2907 811 2939 "
843 2904 1034 2959 Matth.
1074 2922 1111 2972 t,
1140 2905 1231 2959 21.
1305 2906 1352 2938 ¹⁰
1381 2904 1514 2961 Luc.
1541 2921 1601 2970 tl,
1628 2904 1802 2960 ει-ιι

1912 2909 1926 2938 ³
1962 2905 2153 2962 Matth.
2178 2922 2240 2971 ιι,
2270 2908 2358 2973 13,
2389 2908 2479 2965 Η.
2534 2910 2579 2941 ”
2614 2909 2746 2965 Luc.
2781 2924 2844 2973 ιι,
2876 2909 2947 2964 25
2978 2908 3068 2965 27.
3151 2909 3201 2942 ”
3239 2909 3373 2966 ibid.
3404 2910 3492 2965 33.

214 2982 259 3012 ’δ
290 2980 426 3035 ibid.
473 2978 567 3034 σι.
645 2979 690 3009 ⁸⁸
723 2977 926 3033 Matth.
968 2992 1029 3042 ιι,
1062 2977 1083 3028 Ι
1122 2992 1279 3048 seqq.

215 3183 672 3252 συντεθειμένων,
716 3181 930 3252 οὐρανῷ
983 3182 1078 3233 καὶ
1125 3182 1195 3251 γῇ
1243 3180 1615 3251 χωρούμενον,
1664 3180 1801 3235 ἀλλὰ
1833 3182 1877 3243 C
1910 3173 2011 3234 εἷθ’
2059 3180 2232 3244 οὕτως
2282 3181 2493 3236 ἐκεῖθεν
2544 3182 2879 3247 ἀνελθόντες,
2924 3185 3005 3248 είς
3048 3182 3302 3255 Ναζαρέτ
3337 3183 3485 3238 αὖθις

214 3278 350 3349 μηδὲ
390 3275 562 3340 ἀξίως
592 3273 889 3343 ύμνολογού
900 3288 1082 3341 μενον.

279 3368 357 3435 (8)
392 3365 507 3422 Τοῦ
531 3362 984 3434 Μεταφραστοῦ.
1005 3360 1294 3428 Ἐνταῦθα,
1326 3362 1428 3417 οὐκ
1449 3362 1635 3434 ἄχαρι,
1667 3363 1803 3418 ἀλλά

210 3466 303 3520 καὶ
324 3466 630 3531 ἀναγκαῖον
652 3462 713 3516 τὸ
735 3461 926 3516 δοκοῦν
943 3460 1426 3525 ἐναντιολογεϊσθαι
1442 3464 1552 3524 τοῖς
1571 3461 1803 3530 εὐαγγε-

210 3557 441 3617 λισταίς,
470 3554 744 3606 ἐπιλῦσαι.
775 3554 897 3616 Πῶς
921 3555 1030 3623 γάρ
1054 3570 1188 3621 φησι
1210 3551 1487 3615 Ματθαῖος
1508 3552 1627 3623 μὲν,
1647 3552 1801 3606 Μετὰ

208 3648 305 3717 τὴν
336 3646 593 3715 γέννησιν
620 3644 699 3705 είς
728 3644 1001 3709 Αἴγυπτον
1024 3642 1230 3706 ἀπάγει
1256 3642 1350 3692 τὸν
1390 3641 1617 3709 Ἰησοῦν·
1645 3634 1803 3706 οὗτος

205 3742 281 3801 δὲ.
308 3742 336 3793 ό
372 3738 518 3801 θεῖος
549 3735 791 3805 δηλονότι
823 3734 1057 3797 Λουκᾶς,
1095 3732 1250 3786 Μετὰ
1276 3733 1688 3801 τεσσαράκοντα
1719 3735 1798 3786 δι-

206 3835 419 3885 εὶευσιν
455 3828 706 3900 ἡμερῶν,
748 3830 829 3891 είς
864 3825 1249 3898 Ἰεροσόλυμας
1287 3825 1437 3878 οὐδὲν
1469 3826 1673 3896 ἀπᾷδον
1710 3826 1799 3879 λέ-

204 3940 391 3991 γοντες
421 3920 700 3987 ἀλλήλοις,
725 3917 851 3971 οὔτε
874 3919 982 3988 μὴν
1009 3921 1075 3989 τῇ
1096 3916 1393 3986 ἀκολουθίᾳ
1420 3916 1515 3969 τοῦ
1538 3917 1799 3987 πρᾶγμα-

202 4031 288 4075 zu;
320 4009 787 4081 προσιστάμενον.
812 4007 1075 4075 Δεύτερον
1109 4007 1219 4072 γὰρ
1249 4006 1369 4067 ἔτος
1398 4006 1497 4075 ἤδη
1535 4008 1673 4074 μετὰ
1696 4009 1799 4075 τὴν

203 4108 464 4173 γέννησιν
494 4097 762 4167 παρελθὸν
786 4098 863 4159 είς
885 4096 1161 4164 Αἴγυπτον
1188 4096 1216 4147 ὀ
1246 4096 1481 4167 Χριστὸς
1500 4098 1793 4166 ἀπάγεται,

203 4196 419 4257 Λουκᾶς
450 4192 508 4245 δὲ
540 4189 611 4243 τὰ
645 4189 795 4251 ἐντὸς
825 4186 1016 4241 τούτου
1055 4188 1348 4257 γενόμενα,
1393 4190 1486 4241 καὶ
1515 4187 1550 4242 ἃ
1581 4189 1796 4259 παρῆκε

204 4288 510 4351 Ματθαῖος,
539 4285 608 4337 τὰ
636 4284 735 4345 τῆς
764 4278 1067 4352 περιτομῆς
1094 4279 1362 4349 λαμϐάνει
1384 4281 1479 4331 καὶ
1507 4280 1600 4332 τοῦ
1628 4279 1795 4332 καθα-

208 4382 429 4455 ρισμοῦ.
463 4380 620 4431 Ἐπεὶ
655 4377 749 4427 καὶ
778 4374 935 4426 τοῦτο
950 4376 1061 4437 τοῖς
1094 4371 1511 4441 εὐαγγελισταῖς
1546 4371 1793 4440 σύνηθες,

206 4480 291 4529 ἵνα
326 4472 521 4544 μηδεὶς
610 4464 887 4534 περιττὸς.
916 4464 993 4525 ὡς
1024 4463 1192 4532 μηδὲν
1218 4463 1358 4533 ἔχων
1386 4465 1562 4516 εἰπεῖν
1592 4465 1757 4517 πλέον
1776 4476 1788 4490 ·

203 4570 297 4623 καὶ
323 4566 470 4620 οὔτω
486 4564 556 4617 τὰ
582 4561 715 4614 πᾶσι
745 4557 1074 4628 παρειμένα,
1103 4556 1238 4609 πᾶσι
1263 4556 1357 4609 καὶ
1380 4557 1791 4624 πεπλήρωνται.

205 4662 324 4724 Ιιῶς
354 4660 414 4713 δὲ
463 4656 690 4709 κάκεῖνο
743 4648 1026 4703 ἐπιλυτέον
1073 4650 1206 4719 ἡμῖν
1268 4644 1783 4719 ἀμφιλογούμειιν,ν;

202 4755 345 4807 κατά
389 4752 488 4819 μὲν
548 4747 656 4813 γὰρ
706 4744 798 4796 τὸν
854 4742 996 4796 θεῖον
1047 4741 1326 4795 Λῐατθαίον
1387 4738 1784 4811 χρηματισθεὶς

203 4847 229 4895 ό
262 4839 483 4909 Ἰωσὴφ,
514 4836 593 4910 είς
617 4832 871 4903 Ναζαρὲτ
898 4833 1115 4902 ἔρχεται
1138 4846 1155 4861 ⁸
1185 4830 1320 4900 ὁμοῦ
1345 4846 1407 4883 τε
1431 4834 1522 4885 τὸν
1540 4830 1784 4884 κίνδυνον
1822 4846 1847 4853 τ

206 4935 421 5003 φεύγων
444 4972 459 4992 ,
496 4932 591 4983 καὶ
624 4929 691 4997 τῇ
733 4924 952 4994 πατρίδι
984 4923 1383 4994 ἐμφιλοχωρείν
1426 4924 1779 4993 βουλόμενος·

203 5029 230 5079 ὁ
255 5026 312 5080 δέ
342 5022 560 5082 Λουκᾶς
611 5019 673 5071 οὔ
714 5034 846 5086 φησι
874 5015 1016 5070 κατά
1037 5017 1282 5086 χρησμὸν
1305 5015 1453 5083 αὐτῷ
1482 5013 1578 5084 τὴν
1598 5014 1781 5082 ἄφιξιν

204 5120 381 5174 ἐκεῖσε
419 5113 707 5183 γενεσθαι,
739 5109 856 5160 ἀλλ’
887 5110 970 5161 ὅτι
1008 5108 1100 5162 τὸν
1133 5107 1418 5176 καθαρμὸν
1456 5106 1780 5174 πληρώσαν-

203 5229 289 5274 τες
316 5210 516 5273 πάντα,
548 5203 683 5273 πρὸς
712 5201 964 5271 Ναζαρὲτ
995 5197 1152 5266 αὖθις
1175 5200 1490 5253 ἐπανελθεῖν
1517 5200 1778 5265 ἔγνωσαν,

207 5306 266 5373 ἢν
302 5302 400 5354 καὶ
443 5297 675 5368 πατρίδα
720 5295 1112 5361 ἐπεγράφοντο.
1158 5295 1233 5357 ὠς
1275 5295 1393 5347 ἐκεῖ
1430 5292 1526 5361 τὴν
1559 5290 1778 5362 οἴκησιν

210 5392 531 5462 πηξάμενοι.
576 5387 771 5441 Ἰστέον
795 5381 889 5438 οὖν
910 5386 992 5438 ὅτι
1017 5384 1108 5437 τὸν
1129 5385 1235 5457 πρὸ
1265 5385 1367 5453 τῆς
1398 5387 1475 5447 εἰς
1508 5382 1777 5448 Αἴγυπτον

208 5484 426 5537 καθόδου
455 5479 646 5550 χρόνον
677 5476 905 5545 ἱστορῶν
930 5478 957 5528 ὁ
990 5477 1225 5542 Λουκᾶς,
1262 5476 1383 5528 οὐδὲ
1406 5475 1512 5543 γάρ
1545 5475 1649 5543 πρὸ
1684 5474 1775 5527 τοῦ

208 5573 492 5645 καθαρμοῦ
550 5571 867 5637 κατήγαγεν
902 5569 968 5621 ἂν
1022 5571 1221 5631 αὐτοὺς
1268 5571 1464 5631 ἐκεῖσε,
1520 5569 1602 5621 ἵνα
1642 5567 1776 5636 μηδὲ

204 5668 347 5733 παρὰ
418 5666 509 5718 τὸν
574 5662 775 5731 νόμον·
840 5661 965 5729 μηδ’
1015 5662 1095 5713 ὅτι
1147 5656 1239 5714 οὖν
1292 5662 1537 5729 γένηται,
1607 5658 1775 5712 ταῦτά

204 5774 362 5827 φησιν
389 5774 399 5783 ·
429 5756 627 5824 ἔμενον
650 5752 757 5821 γὰρ
784 5752 1124 5823 καθαρθῆναι
1144 5755 1379 5815 πάντως,
1414 5750 1531 5805 εἶτα
1560 5754 1635 5813 είς
1667 5750 1776 5803 Να-

203 5849 361 5920 Carpit
392 5847 590 5913 ἐλθεῖν,
628 5847 721 5898 κα“ι
757 5844 875 5899 τότε
907 5846 968 5916 δὴ
1004 5845 1305 5915 καταϐῆναι
1352 5846 1427 5907 εἰς
1463 5844 1768 5912 Αἴγυπτον·

1840 3289 1849 3298 ·
1905 3273 2080 3324 ἐλθεῖν
2120 3273 2524 3340 ἐγκελεύονται.
2572 3275 2685 3343 Πρὸ
2730 3274 2921 3329 τούτου
2957 3276 3013 3328 δέ
3055 3276 3308 3343 οὐδαμῶς
3352 3271 3492 3345 ἦσαν

1905 3363 2370 3434 χρηματισθέντες
2396 3366 2572 3419 ἐκεῖσε
2602 3369 2814 3439 φοιτᾷν⁹
2846 3368 2962 3422 ἀλλ’
2984 3368 3488 3439 ἐμφιλοχωροῠντες

1910 3455 1984 3519 ὡς
2016 3456 2231 3526 ἔφημεν
2261 3460 2327 3527 τῇ
2362 3458 2583 3527 πατρίδι
2606 3499 2619 3521 ,
2654 3460 2994 3529 αὖθαιρέτως
3023 3461 3167 3514 τοῦτ’
3196 3461 3486 3527 ἔπραττον.

1918 3550 2069 3601 Ἐπεὶ
2096 3550 2203 3619 γὰρ
2226 3551 2356 3618 παρ’
2378 3550 2532 3604 ούδέν
2562 3550 2749 3620 ἓτερον
2776 3552 2808 3622 ἠ
2846 3551 2924 3614 είς
2947 3552 3195 3622 Βηθλεέμ
3222 3550 3491 3616 ἀνάδασις

1904 3641 2148 3709 γέγονεν,
2178 3641 2210 3711 ἢ
2242 3642 2329 3694 διὰ
2361 3645 2459 3709 τὴν
2494 3643 2849 3712 ἀπογραφὴν,
2888 3645 2979 3696 καὶ⁵
3016 3644 3137 3697 ούδέ
3174 3647 3364 3714 στῆναι
3395 3644 3487 3696 ού-

1902 3736 2076 3803 δαμοῦ
2108 3732 2275 3805 εἶχον,
2309 3736 2694 3807 πληρώσαντες
2726 3740 2827 3810 ἥδη
2860 3740 2929 3793 δι’
2964 3742 3101 3807 ὅπερ
3134 3741 3382 3809 ἀνῆλθον,
3407 3741 3487 3803 είς

1902 3827 2001 3895 τὴν
2041 3829 2292 3897 Ναζαρὲτ
2338 3830 2630 3900 κατῄεσαν.
2670 3831 2745 3882 Ού
2792 3832 2969 3885 τοίνυν
3014 3832 3290 3898 ἀντιλογία
3336 3831 3487 3899 παρὰ

1903 3923 2015 3975 τοῖς
2043 3919 2485 3988 εύαγγελισταῖς,
2517 3922 2656 3974 ἀλλά
2693 3921 2951 3991 διάφορος
2976 3926 3290 3993 ἀπαγγελία
3310 3941 3323 3955 ’
3358 3926 3487 3979 ἀλλο

1904 4012 1961 4065 δέ
1999 4012 2113 4065 ἐστι
2140 4014 2414 4082 διαφόρως
2449 4014 2644 4072 εἰπεῖν.
2674 4018 2766 4065 καὶ
2803 4014 2931 4067 ἄλλο
2962 4014 3217 4077 ἐναντίως

1976 4104 2052 4171 (9)
2083 4105 2193 4157 Τοῦ
2217 4105 2676 4173 Μεταφραστοῦ.
2709 4105 2852 4174 Ὅρα
2874 4105 2932 4157 δέ
2967 4123 3055 4174 μοι
3086 4107 3175 4157 καὶ
3202 4104 3294 4157 τοῦ
3319 4104 3475 4171 εὐαγ-

1902 4194 2152 4265 γελιστοῦ
2170 4198 2270 4263 τὴν
2293 4197 2581 4265 ἀκρίϐειαν
2601 4211 2618 4229 ο
2649 4198 2747 4264 τὴν
2778 4196 2876 4263 μὲν
2905 4196 3013 4263 γὰρ
3065 4198 3276 4265 μητέρα
3306 4193 3477 4259 εἶπεν,

1903 4291 1999 4344 ἆτε
2044 4290 2106 4353 δὴ
2155 4290 2246 4341 καὶ
2288 4288 2504 4357 ἀληθῶς
2544 4283 2732 4349 οὖσαν,
2776 4288 2869 4341 ἀπ’
2905 4287 3073 4358 αὐτῆς
3115 4288 3344 4351 καλέσας
3379 4288 3476 4355 τῆς

1904 4382 2142 4449 σχέσεως
2164 4399 2176 4412 ο
2212 4382 2306 4434 τὸν
2335 4380 2392 4432 δὲ
2418 4380 2525 4433 ἀπὸ
2549 4380 2703 4449 ψιλοῦ
2729 4379 2823 4433 τοῦ
2856 4380 3137 4448 ὀνόματος,
3162 4381 3237 4444 ὠς
3267 4379 3478 4449 πατέρα

1900 4471 2158 4524 δοκοῦντα
2193 4472 2312 4538 μὲν,
2344 4471 2416 4538 μὴ
2447 4470 2573 4522 ὄντα
2602 4471 2657 4521 δέ
2688 4472 2821 4536 πρὸς
2850 4471 3129 4539 ἀλήθειαν.

1973 4563 2085 4633 (l0)
2126 4565 2235 4618 Τοῦ
2283 4562 2745 4632 Μεταφραστοῦ.
2793 4562 2915 4624 Πῶς
2956 4580 3039 4617 σοι
3087 4563 3164 4633 τῷ
3212 4562 3478 4632 φιλολόγῳ

1896 4658 2137 4726 ἀκροατῇ
2185 4655 2359 4709 ταῦτα
2412 4655 2781 4725 ληφθήσεταις
2832 4656 2924 4705 καὶ
2965 4656 3019 4706 τί
3053 4671 3184 4707 ποτε
3227 4654 3336 4723 ἄρα
3375 4656 3475 4725 τὴν

1895 4748 2171 4816 ῥομφαίαν
2221 4747 2427 4813 ταύτην
2472 4743 2855 4813 ὑποληπτέονς
2902 4744 2935 4813 ἢ
2975 4747 3076 4816 τὴν
3115 4744 3472 4814 ἀμφιδολεαν,

1891 4838 1981 4891 τὸν
2011 4837 2426 4906 σκανδαλισμὸν,
2448 4838 2509 4889 τὸ
2538 4842 2918 4909 πειρατήριον,
2944 4840 3086 4907 ἅπερ
3113 4842 3171 4893 ἐν
3197 4840 3273 4907 τῷ
3296 4839 3473 4909 καιρῷ

1890 4928 1984 4982 τοῦ
2005 4930 2261 4999 σταυροῦ,
2293 4930 2392 5000 τὴν
2419 4932 2516 5001 τῆς
2544 4932 2706 4998 ἁγίας
2739 4931 3015 4999 Παρθένου
3045 4928 3226 4998 διῆλθε
3251 4930 3430 5001 ψυχήν
3454 4950 3469 4999 ;

1891 5022 2000 5074 Καὶ
2053 5020 2144 5074 συῦ
2201 5020 2295 5075 οὖν
2341 5023 2531 5089 αὐτῆς,
2564 5025 2613 5075 εί
2649 5022 2746 5075 καὶ⁸
2786 5021 2967 5083 καλῶς
3010 5021 3078 5075 τά
3120 5021 3213 5074 τοῦ
3262 5023 3469 5091 Κυρίου

1890 5113 2094 5167 ἀνωθεν
2118 5112 2422 5184 ἐδιδάχθης,
2448 5112 2645 5183 ἀψεταί
2671 5130 2756 5178 τις
2786 5115 2967 5178 σάλος,
2998 5114 3092 5165 καὶ
3115 5112 3467 5180 διακρίνουσα

1890 5206 2013 5258 καθ’
2042 5204 2241 5275 ἑαυτὴν
2270 5206 2368 5279 ἔσῃ
2392 5220 2410 5241 ο
2446 5206 2590 5267 εἰκὸς
2613 5207 2670 5259 δέ
2701 5206 2795 5257 καὶ
2815 5206 2915 5276 τὴν
2944 5205 3122 5275 λύπην
3156 5203 3464 5266 αἰνίξασθαι

1886 5298 1974 5350 διά
2001 5299 2098 5367 τῆς
2132 5299 2426 5368 ῥομφαίαςο
2463 5299 2497 5368 ἥ
2529 5314 2592 5368 γε
2627 5299 2768 5353 κατά
2796 5300 2887 5373 τδν
2917 5299 3110 5369 καιρὸν
3135 5297 3229 5352 toﬁ
3260 5298 3462 5361 πάθους

1892 5389 2156 5457 συνέσχεν
2202 5390 2395 5460 αὐτὴν,
2428 5390 2730 5458 ἀγνοοῦσαν
2767 5389 2842 5452 ὡς
2877 5390 2972 5443 καὶ
3017 5388 3181 5442 αὑτοῦ
3226 5388 3462 5442 θανάτου

1884 5480 2037 5533 ἔσται
2074 5484 2433 5551 περικρατής.
2479 5482 2630 5533 Ἐπεὶ
2662 5482 2756 5535 καὶ
2788 5480 2945 5533 τοῦτο
2972 5479 3169 5549 δηλοῦν
3209 5479 3460 5549 βούλεται

1883 5575 1962 5634 τὸ,
1988 5575 2180 5635 Ὅπως
2202 5574 2279 5626 ἂν
2304 5574 2818 5642 ἀποκαλυφθῶσιν
2842 5573 2908 5625 ἐκ
2930 5571 3178 5626 πολλῶν
3203 5572 3460 5639 καρδιῶν

1883 5663 2289 5733 διαλογισμοί·
2322 5666 2403 5717 ὅτι
2428 5665 2566 5734 μετὰ
2591 5665 2656 5715 τὰ
2683 5665 2952 5717 σκάνδαλα
2972 5664 3172 5733 δηλαδὴ
3199 5663 3391 5725 ταῦτα,
3419 5662 3454 5715 ἀ

1883 5758 1980 5825 τὴν
2037 5756 2261 5825 καρδίαν
2317 5758 2423 5808 τῶν
2477 5755 2733 5825 μαθητῶν
2782 5757 3008 5810 διέσεισε
3060 5756 3153 5808 καὶ
3209 5755 3449 5825 Μαρίας,

1886 5850 2058 5920 βραχὺ
2098 5851 2151 5906 τὸ
2186 5851 2242 5901 ἐν
2286 5849 2455 5921 μέσῳ,
2507 5849 2597 5902 καὶ
2638 5852 2820 5919 ταχεῖα
2858 5849 2937 5912 τίς
2978 5846 3260 5916 ἐπέλαμψε
3306 5849 3451 5916 παρὰ
