3972 6504
476 409 586 474 543

1749 381 2030 470 MENSIS
2069 405 2500 470 AUGUSTUS.

3642 395 3747 464 δη

477 537 601 573 nam
662 537 788 590 ergo
831 522 1146 578 existimare
1175 533 1394 592 Oportet
1441 525 1589 577 hunc
1633 537 1753 576 esse
1789 515 2128 592 gladium?A
2173 522 2356 574 statim
2433 529 2624 574 testem
2701 518 3048 573 adduxerunt
3114 517 3453 586 prophetam,
3525 515 3616 582 qui
3692 516 3746 567 et

475 609 611 664 Num
644 612 1066 676 dubitationem,
1107 616 1502 676 ostensionem,
1533 616 1904 677 tentationem,
1941 627 2060 682 quae

478 704 532 756 in
596 713 844 771 tempore
895 708 1073 760 crucis
1129 717 1314 770 tuam,
1371 725 1404 762 ο
1457 708 1639 776 Virgo,
1696 717 2061 776 pervaserunt

479 794 763 849 animam?
823 793 898 848 Te
971 812 1099 866 ergo
1179 798 1348 865 ipsam
1403 813 1619 866 quoque
1654 798 1862 850 etiamsi
1899 799 2058 852 desu-

480 900 574 946 per
605 885 814 936 Domini
850 887 1078 954 pulchre
1124 903 1211 941 res
1250 889 1512 947 didicisti.
1545 889 1777 957 attinget
1823 889 2063 958 aliquid?

477 976 913 1030 Convenientius
988 987 1072 1031 est
1137 991 1319 1033 autem
1358 1019 1372 1043 ,
1439 981 1584 1048 quod
1662 981 1910 1035 dolorem
1978 982 2060 1050 ip-

478 1081 597 1117 sum
671 1067 829 1135 gladii
902 1069 1122 1122 nomine
1192 1070 1616 1140 signiﬁcaverit,
1685 1073 1778 1140 qui
1844 1072 2060 1140 quidem

481 1166 724 1222 tempore
792 1157 1068 1212 Passionis
1127 1177 1245 1214 eam
1320 1149 1546 1214 invasit.
1604 1161 1735 1215 Nam
1803 1163 1854 1216 id
1921 1164 2061 1231 (μιηά

479 1248 680 1299 dicitur
749 1266 761 1300 :
826 1249 886 1302 Ut
940 1252 1230 1303 revelantur
1291 1269 1354 1304 ex
1413 1254 1588 1306 multis
1632 1257 1872 1308 cordibus
1926 1258 2068 1324 cogi-

480 1339 731 1393 tationes.
775 1340 840 1390 ad
883 1340 1181 1408 discipulos
1235 1345 1424 1412 magis,
1467 1361 1625 1411 quam
1675 1346 1740 1398 ad
1789 1362 1904 1397 eam
1947 1362 2065 1414 pcr-

482 1430 654 1482 tinere
704 1431 961 1485 videtur:
1007 1449 1204 1501 nempe
1265 1436 1410 1502 quod
1457 1446 1578 1503 post
1638 1439 1967 1490 tentationes
2013 1446 2065 1490 et

479 1521 875 1578 dubitationes.
934 1539 1053 1591 quae
1113 1541 1207 1576 cur
1251 1540 1439 1578 eoruut
1487 1539 1904 1591 concusserunt,
1959 1545 2063 1582 non

483 1615 712 1664 multum
787 1615 1046 1681 temporis
1099 1616 1439 1680 intercessit,
1492 1629 1546 1672 et
1601 1621 1754 1672 velox
1818 1621 2063 1690 quaedam

486 1703 664 1754 illuxit
723 1718 751 1754 a
819 1701 928 1757 Deo
999 1706 1235 1769 curatio,
1301 1723 1491 1760 eorum
1567 1711 1781 1764 animos
1851 1712 2067 1779 replens

483 1795 898 1860 tranquillitate,
935 1804 989 1847 et
1015 1797 1080 1847 ad
1109 1797 1267 1849 ﬁdem
1299 1814 1451 1851 suam
1486 1800 1815 1856 conﬁrmans
1856 1803 2066 1871 magni-

483 1882 674 1934 tudine
726 1885 1166 1938 resurrectionis.

555 1972 669 2027 XV.
712 1973 819 2028 Sed
891 1975 942 2029 id
993 1979 1137 2045 quod
1192 1981 1396 2049 C(Epit,
1451 1995 1810 2052 persequatur
1869 1993 2062 2055 oratio,

481 2076 536 2118 ct
567 2081 759 2118 rursus
788 2066 1019 2133 accipiat
1053 2084 1113 2120 ea
1147 2086 1266 2137 qua-
1313 2075 1678 2138 praetermisit.
1713 2076 1842 2130 Cum
1893 2084 2062 2142 enim,

483 2155 680 2225 inquit,
717 2166 874 2209 natus
907 2169 1036 2210 esset
1064 2157 1216 2213 Jesus
1239 2162 1292 2213 in
1314 2161 1572 2217 Bethleem
1604 2165 1776 2230 ludas,
1812 2171 1863 2221 in
1892 2172 2067 2225 diebus

485 2249 704 2304 Herodis
771 2253 904 2318 regis
935 2255 1029 2306 ²⁸⁶.
1086 2253 1298 2308 Vides?
1344 2256 1410 2308 Et
1440 2266 1650 2327 lempus
1701 2262 1856 2316 nobis
1904 2280 2068 2317 evan-

481 2343 700 2410 gelista,
735 2353 788 2394 et
823 2346 1022 2409 locum,
1069 2356 1125 2399 et
1169 2349 1550 2402 auctoritatem
1600 2352 1849 2407 similiter
1903 2358 2068 2425 signi-

485 2437 608 2486 licat
662 2437 1091 2491 :auctoritatem
1156 2441 1396 2508 quidem,
1458 2450 1516 2495 ut
1577 2458 1701 2497 eum
1765 2446 1834 2500 ab
1902 2447 2070 2501 altero

487 2519 704 2574 Herode
791 2524 1070 2580 discernat
1136 2543 1200 2580 ac
1261 2531 1580 2600 distinguat,
1651 2535 1742 2602 qui
1805 2535 2068 2592 Joannem

483 2612 838 2667 interfecerat
863 2616 936 2679 ¹⁶;
967 2616 1056 2668 ille
1081 2618 1227 2670 enim
1273 2630 1390 2673 erat
1427 2625 1717 2686 tetrarcha,
1753 2625 1840 2680 hic
1889 2640 2067 2683 autem

491 2719 636 2771 rex;
693 2705 872 2761 locum
939 2722 1069 2761 vero
1119 2718 1173 2762 et
1225 2719 1463 2780 tempus,
1525 2730 1625 2768 nos
1691 2720 2069 2774 transmittens

483 2798 548 2850 ad
602 2801 938 2867 prophetias.
977 2800 1219 2865 Quarum
1265 2804 1493 2856 alteram
1545 2808 1765 2869 quidem
1822 2813 2071 2877 praedixit

491 2888 786 2942 Micharas:
859 2889 923 2941 Et
960 2899 1015 2942 tu
1082 2891 1368 2960 Bethleem,
1427 2895 1637 2958 dicens,
1697 2910 1840 2952 terra
1901 2901 2066 2966 Juda,

487 2997 822 3050 nequaquam
892 2998 944 3034 es
1009 2984 1228 3037 minima
1300 2986 1356 3038 in
1414 2989 1735 3055 principibus
1811 2990 1954 3044 Iuda
2004 2996 2067 3047 ’⁷.

487 3072 725 3124 Alteram
764 3089 890 3126 vero
924 3074 1093 3128 Jacob
1127 3078 1431 3145 patriarcha
1469 3095 1482 3130 :
1520 3080 1638 3131 Non
1668 3082 1868 3147 deﬁciet
1902 3086 2070 3146 enim,

2170 612 2445 665 Bethleem
2515 608 2852 679 magnifacit,
2909 618 3050 662 etex
3074 621 3136 661 ea
3187 605 3382 659 ducem
3443 603 3744 659 exiturum.

2165 714 2220 758 et
2263 704 2520 772 p0pulum
2576 702 2937 756 lsraeliticum
2987 701 3054 753 ab
3104 714 3170 753 eo
3231 711 3354 751 esse
3409 695 3743 765 pascendum

2165 792 2430 860 przrdicit.
2468 791 2558 844 Sic
2605 791 2640 843 ii
2669 792 2760 860 qui
2801 797 2958 842 erant
3007 801 3194 841 revera
3237 784 3466 847 inimici,
3512 796 3744 836 necesse

2166 887 2438 941 habebant
2489 887 2572 939 vel
2614 886 2763 939 inviti
2810 885 3023 953 aperire
3069 880 3436 952 praphetiatn,
3487 877 3584 930 etsi
3629 891 3742 929 non

2165 993 2399 1031 onmem.
2431 977 2585 1041 Quod
2612 978 2756 1029 enim
2783 976 3040 1041 deinceps
3084 971 3349 1040 sequitur,
3379 969 3743 1028 reticuerunt,

2162 1071 2306 1140 quod
2347 1080 2469 1123 cst:
2509 1069 2761 1138 Egressus
2791 1070 2902 1136 ejus
2937 1069 2998 1120 ab
3028 1067 3200 1128 initio,
3245 1081 3275 1116 α
3303 1064 3484 1114 diebus
3533 1061 3747 1112 eterni-

2168 1165 2314 1218 tatis.
2363 1162 2472 1216 Cur
2516 1162 2594 1216 sic
2652 1160 2960 1215 fecerunt?
3017 1158 3170 1223 Quod
3225 1157 3336 1225 regi
3388 1157 3748 1222 loquerentur

2165 1258 2233 1309 ad
2302 1257 2550 1322 gratiam.
2613 1254 2704 1307 llle
2759 1262 2940 1304 autem
3001 1250 3131 1319 quid
3183 1247 3363 1301 facit?
3419 1244 3744 1300 Clanculum

2168 1357 2324 1401 vocat
2365 1347 2566 1415 Magos,
2599 1345 2887 1414 diligenter
2931 1350 3306 1410 perscrutatur
3354 1339 3553 1392 stultus
3609 1347 3749 1389 tem-

2169 1453 2271 1506 pus
2320 1437 2512 1496 stellas,
2560 1449 2680 1501 quae
2746 1431 2996 1500 apparuit
3065 1431 3165 1491 eis,
3242 1428 3354 1496 jam
3427 1425 3750 1496 aggrediens

2170 1527 2237 1580 de
2304 1526 2485 1579 medio
2541 1525 2728 1578 tollere
2784 1523 2831 1575 id
2898 1537 3006 1590 quo
3080 1533 3268 1575 natum
3339 1519 3533 1572 fuerat.
3593 1515 3750 1581 Quod

2170 1619 2388 1687 quidem
2446 1631 2553 1669 non
2601 1615 2774 1667 solum
2818 1621 2936 1666 erat
2977 1611 3252 1673 amentiae,
3301 1610 3395 1663 sed
3440 1609 3605 1661 etiam
3662 1607 3750 1659 iu-

2171 1712 2355 1765 saniac.
2405 1709 2574 1776 Cujus
2629 1705 2773 1758 modi
2801 1703 2946 1756 enim
2989 1710 3142 1753 erant
3171 1715 3233 1753 ea
3289 1716 3408 1768 qua:
3439 1699 3577 1754 clam
3635 1697 3752 1750 Ma-

2173 1803 2254 1869 gis
2304 1800 2508 1852 vocatis
2541 1799 2776 1866 loquitur
2803 1798 2825 1848 ’ἒ
2860 1794 2956 1857 Ite,
3000 1803 3046 1846 et
3071 1792 3345 1860 diligenter
3395 1792 3648 1859 inquirite
3691 1790 3754 1842 de

2169 1906 2328 1958 puero
2375 1907 2394 1945 :
2457 1901 2730 1959 postquam
2800 1897 2975 1940 autem
3049 1883 3370 1944 inveneritis,
3456 1884 3754 1934 renuntiate

2172 1984 2319 2043 mihi,
2347 1992 2403 2034 ut
2443 1998 2536 2051 ego
2583 1997 2787 2050 quoque
2817 1980 3043 2039 veniens,
3076 1992 3192 2030 eum
3243 1977 3477 2028 adorem.
3514 1973 3755 2026 Evidcns

2169 2087 2225 2132 et
2284 2089 2472 2146 aperta
2526 2073 2757 2128 insania.
2822 2071 2880 2125 Si
2942 2071 3087 2124 enim
3148 2083 3277 2124 vera
3335 2065 3557 2136 quidem
3629 2070 3760 2118 sunt

2169 2169 2358 2229 verba,
2411 2175 2466 2221 et
2528 2179 2636 2218 non
2699 2162 2981 2222 insidiosa,
3031 2175 3130 2214 cur
3184 2172 3312 2212 cum
3365 2156 3445 2210 eis
3519 2156 3762 2207 latenter

2170 2260 2520 2329 congretleris
2573 2258 2594 2310 ?
2648 2255 2743 2309 Sin
2801 2263 2983 2306 autem
3043 2251 3125 2304 vis
3186 2248 3386 2316 aliquid
3471 2247 3762 2301 sinistrum

2171 2351 2347 2405 celare
2389 2358 2438 2402 et
2489 2347 2758 2409 dolosutn,
2807 2343 3081 2412 quomodo
3130 2357 3198 2393 ne
3247 2341 3349 2394 hoc
3389 2340 3613 2407 quidem
3663 2351 3764 2406 po-

2173 2441 2322 2495 tuisti
2365 2433 2696 2510 p‘erspiccre,
2749 2435 2892 2504 quod
2942 2435 3019 2488 sic
3049 2448 3078 2485 a
3118 2431 3284 2496 Magis
3328 2429 3765 2496 deprehenderis

2173 2532 2406 2602 maligne
2452 2538 2499 2584 et
2547 2527 2809 2583 scelerate
2848 2539 3057 2596 gerere,
3098 2522 3242 2591 quod
3289 2535 3501 2589 (ιυωηε
3539 2516 3766 2571 latere?

2177 2625 2318 2679 Hinc
2363 2639 2488 2678 cum
2535 2621 2689 2676 stella
2739 2620 2819 2673 eis
2871 2633 3060 2672 rursus
3116 2613 3476 2684 apparuisset,
3521 2612 3601 2664 eis
3655 2611 3762 2662 dux

2172 2717 2422 2777 ellicitur,
2499 2715 2640 2768 sicut
2703 2713 2770 2765 ab
2836 2712 3014 2763 initio.
3068 2709 3350 2761 Absconsa
3415 2705 3561 2758 enim
3619 2713 3764 2760 erat.

2175 2816 2458 2877 postquam
2519 2811 2845 2871 apparuerat
2908 2800 2972 2852 ad
3046 2796 3349 2854 Orientem,
3409 2803 3470 2845 ut
3502 2807 3629 2846 cum
3685 2793 3762 2843 illi

2179 2898 2374 2952 ducem
2447 2895 2838 2964 perdidissent,
2893 2888 3206 2944 necessario
3255 2885 3470 2940 Judaeos
3522 2884 3767 2936 interro-

2176 3002 2388 3065 gat-ent,
2443 3003 2499 3046 et
2547 2993 2623 3044 sic
2679 3005 2766 3044 res
2817 2986 3073 3042 evaderet
3136 2980 3419 3036 manifesta
3481 2977 3760 3031 omnibus.

2176 3083 2470 3150 Postquam
2517 3096 2648 3133 vero
2690 3080 2770 3133 vel
2811 3079 2957 3146 ipsos
3006 3075 3261 3129 inimicos
3313 3071 3555 3125 habuere
3593 3070 3768 3139 magi-

490 3163 689 3258 inquit,
738 3166 998 3258 princeps
1053 3183 1116 3217 ea:
1173 3167 1335 3227 Juda,
1395 3178 1442 3219 et
1499 3170 1607 3220 dua:
1666 3172 1728 3223 de
1792 3174 2073 3242 femoribus
2106 3205 2146 3258 ρ
2181 3185 2345 3239 stros,
2389 3173 2468 3225 eis
2503 3186 2691 3226 rursus
2729 3177 2972 3238 apparet.

488 3255 600 3318 ejus
629 3255 694 3305 "'.
728 3253 1016 3318 Quomodo
1066 3265 1247 3309 autem
1299 3257 1466 3328 Magis
1516 3261 1664 3315 venit
1709 3261 1761 3316 in
1809 3276 2068 3331 mentem,

492 3354 550 3397 ttt
601 3355 812 3399 tantum
867 3348 968 3401 iter
1014 3350 1363 3408 conﬁcerent,
1415 3361 1469 3405 et
1517 3356 1768 3409 venirent
1817 3360 1883 3412 ad
1942 3361 2073 3413 ado-

491 3437 722 3494 randum
785 3437 1070 3500 infantem,
1135 3441 1225 3508 qui
1286 3452 1404 3496 erat
1469 3445 1648 3496 adhuc
1710 3446 1761 3497 in
1819 3447 2004 3501 fasciis
2057 3466 2070 3513 ;

491 3528 653 3598 idque
718 3544 841 3582 cum
896 3543 1042 3584 esset
1095 3533 1214 3598 ejus
1276 3542 1449 3585 mater
1510 3550 1715 3603 pauper
1765 3547 1819 3591 et
1877 3540 2077 3595 nullius

494 3621 752 3683 nominis,
826 3629 881 3673 et
939 3637 1058 3688 quzc
1129 3622 1264 3676 nihil
1328 3625 1560 3681 habebat
1634 3641 1828 3698 praeter
1898 3634 2072 3686 solum

494 3711 1116 3782 tuguriunﬁNumquid
1183 3716 1407 3783 planum
1478 3730 1585 3782 est,
1654 3720 1820 3775 Deum
1887 3738 2076 3777 eorum

491 3808 705 3859 animos
731 3809 798 3860 ad
835 3807 937 3860 hoc
972 3807 1252 3859 movisse?
1281 3806 1415 3862 Vide
1451 3811 1593 3863 enim
1633 3826 1823 3871 eorum
1859 3831 2076 3886 quoque

493 3899 694 3951 claram
732 3898 902 3951 fuisse
947 3898 1226 3962 virtutem,
1262 3916 1370 3954 non
1415 3903 1590 3958 solum
1632 3921 1694 3960 eo
1729 3909 1871 3976 quod
1916 3926 2079 3965 vene-

493 3988 627 4052 rint,
657 3989 753 4042 sed
792 3990 956 4044 etiam
1000 3991 1141 4059 quod
1186 3993 1442 4047 audacter
1484 4005 1541 4048 et
1564 3995 1732 4050 libere
1766 3999 2077 4067 loquantur.

494 4081 574 4135 Ne
625 4083 771 4135 enim
830 4082 1279 4134 existimarentur
1326 4083 1496 4138 fuisse
1540 4089 1830 4157 suppositi,
1873 4097 1929 4144 et
1983 4092 2080 4147 viae

495 4172 690 4224 ducem
748 4172 1090 4225 ostendunt:
1135 4171 1366 4226 Vidimus
1405 4175 1571 4240 enim,
1633 4178 1899 4245 dicentes,
1967 4182 2079 4251 ejus

494 4263 742 4328 stellam;
772 4275 829 4317 et
860 4266 960 4318 viae
1003 4266 1469 4334 magnitudinem:
1498 4270 1553 4320 in
1581 4269 1811 4335 Oriente,
1845 4274 2074 4328 scilicet.

497 4356 702 4411 Deinde
726 4357 889 4409 etiam
941 4359 1148 4410 addunt
1190 4361 1454 4427 insignem
1505 4360 1781 4424 ﬁduciam,
1822 4379 1944 4418 cum
1998 4367 2082 4420 di-

497 4454 630 4499 cunt
680 4461 693 4496 :
746 4444 810 4496 Et
861 4446 1094 4499 venimus
1162 4455 1231 4501 ad
1300 4465 1418 4501 eum
1477 4450 1832 4508 adorandum.
1887 4453 2080 4525 Neque

2254 3264 2414 3320 XVII.
2435 3264 2564 3317 Vide
2596 3273 2801 3327 autem,
2822 3279 2849 3314 a
2879 3276 3041 3331 quam
3071 3259 3256 3314 multis
3285 3257 3477 3326 ﬁtejus
3511 3256 3585 3308 rei
3609 3256 3765 3308 ﬁdes.

2180 3359 2311 3412 Nam
2354 3373 2500 3410 nunc
2532 3356 2748 3424 quidem
2779 3354 2949 3414 stella,
2981 3368 3124 3405 nunc.
3165 3351 3398 3418 pOpulus
3425 3347 3771 3415 Judteorum,

2181 3450 2378 3505 deinde
2409 3447 2570 3500 etiam
2622 3446 2851 3508 insidiae,
2902 3453 2957 3496 et
3007 3449 3290 3511 praeterea,
3338 3439 3622 3507 prophetia
3671 3438 3774 3492 do-

2182 3549 2306 3596 cent
2364 3540 2412 3593 id
2450 3538 2592 3608 quod
2616 3536 2979 3606 quaerebatur.
3033 3532 3238 3585 Deinde
3283 3546 3406 3585 cum
3437 3545 3532 3582 eos
3576 3544 3771 3583 rursus

2183 3633 2336 3689 stella
2380 3629 2677 3696 accepisset
2704 3644 2764 3680 ex
2823 3625 3228 3695 Hierosolymis,
3279 3632 3570 3693 postquam
3640 3636 3770 3674 cum

2185 3739 2310 3795 rege
2363 3723 2620 3778 collocuti
2684 3731 2888 3781 essent.
2941 3719 3161 3773 deducit
3197 3718 3250 3770 in
3303 3715 3605 3775 Bethleem.
3657 3731 3770 3768 non

2184 3818 2502 3887 simpliciter
2564 3816 2789 3879 vadens,
2845 3815 2939 3868 sed
2994 3828 3090 3866 eos
3145 3812 3388 3872 trahens,
3449 3818 3502 3862 et
3561 3809 3776 3861 ducens

2187 3912 2409 3963 meridie
2445 3930 2457 3961 :
2494 3919 2551 3960 ut
2599 3909 2680 3959 vel
2708 3923 2773 3959 ex
2805 3921 2870 3958 eo
2902 3914 3090 3956 notum
3131 3913 3275 3955 esset
3330 3902 3605 3962 omnibus,
3645 3917 3772 3954 eam

2186 4018 2294 4057 non
2337 4016 2456 4056 esse
2515 3999 2725 4054 stellam
2784 4011 2946 4050 unam
2987 4009 3018 4049 e
3055 3993 3263 4056 multis,
3301 4008 3479 4061 neque
3534 3994 3771 4045 omnino

2188 4096 2381 4148 similis
2432 4108 2554 4148 cum
2609 4093 2727 4147 aliis
2775 4091 3005 4147 ordinis.
3061 4087 3187 4142 ldeo
3217 4087 3364 4140 enim
3429 4085 3632 4140 vadens
3706 4103 3774 4139 ex

2185 4185 2516 4251 Jerusalem,
2571 4201 2681 4239 non
2733 4184 2884 4254 prius
2937 4180 3213 4240 consistit,
3257 4178 3434 4231 donec
3485 4178 3550 4231 ad
3589 4179 3772 4246 ipsum

2188 4277 2403 4334 venerit
2463 4290 2726 4346 praesepe.
2789 4273 3084 4337 Postquam
3145 4276 3327 4320 autem
3397 4271 3548 4322 stetit
3606 4284 3773 4336 supra

2190 4380 2445 4436 puerum,
2484 4363 2666 4414 statim
2700 4360 2966 4414 constitit.
3001 4357 3070 4410 Et
3106 4365 3395 4426 propterea
3432 4356 3577 4426 quod
3616 4373 3772 4412 nunc

2192 4457 2411 4527 quidem
2465 4453 2911 4517 absconderetur,
2945 4467 3094 4506 nunc
3140 4461 3323 4505 autem
3372 4460 3680 4520 appareret,
3720 4463 3772 4504 et

500 4537 594 4590 ira:
635 4538 842 4606 populi,
905 4554 1080 4606 neque
1125 4541 1269 4607 regis
1319 4542 1620 4610 tyrannidis
1658 4545 1824 4598 ullam
1870 4547 2080 4602 ducunt
2113 4555 2158 4611 D
2187 4547 2385 4604 deinde
2423 4562 2545 4602 cum
2592 4547 2951 4616 apparuisset,
2995 4558 3181 4596 rursus
3215 4552 3401 4607 staret,
3449 4543 3778 4597 ostendebat

501 4629 790 4682 rationem.
820 4629 951 4692 Qua:
978 4645 1101 4682 cum
1146 4631 1408 4684 audiisset
1453 4631 1715 4699 Herodes,
1751 4639 2085 4692 conturbatus

502 4731 600 4783 cst,
646 4721 842 4790 inquit.
884 4722 956 4775 De
996 4723 1228 4791 imperio
1263 4724 1408 4777 enim
1454 4739 1577 4778 eum
1625 4736 1803 4781 metus
1841 4739 2083 4799 ceperat.

506 4814 571 4867 lit
619 4814 740 4868 ideo
807 4815 873 4867 ad
933 4830 992 4868 se
1051 4830 1269 4883 quoque
1334 4827 1626 4888 congregat
1686 4821 1973 4887 pontiﬁces
2029 4834 2087 4879 et

506 4907 715 4959 scribas
766 4907 974 4975 populi,
1009 4918 1065 4959 et
1111 4923 1206 4961 eos
1249 4907 1538 4976 diligenter
1586 4910 1916 4982 interrogat,
1966 4916 2087 4969 ubi-

507 5014 631 5051 nam
677 4998 939 5051 Christus
975 5010 1319 5053 nasceretur.

578 5089 717 5143 XVI.
754 5081 1055 5143 Considera
1096 5100 1277 5144 autem
1322 5091 1696 5148 admirabilem
1745 5109 1927 5149 rerum
1974 5097 2085 5151 dis-

509 5183 908 5250 pensationem,
936 5193 990 5236 et
1025 5183 1487 5252 quemadmodum
1521 5185 1722 5238 veritas
1762 5188 1924 5241 etiam
1959 5204 2085 5242 suo-

508 5288 628 5326 rum
688 5273 1033 5326 inimicorum
1086 5278 1255 5326 utltur
1285 5274 1506 5328 auxilio.
1540 5274 1676 5329 Cum
1722 5279 1868 5330 enim
1920 5281 2088 5334 inter—

509 5373 827 5434 rogarentur
867 5365 1059 5428 Judaei,
1095 5367 1316 5420 ubinam
1355 5367 1607 5421 Christus
1637 5381 1971 5433 nasceretur,
2025 5374 2086 5435 ii,

511 5454 582 5508 In
615 5453 877 5508 Bethleem
907 5454 1080 5519 Iuda,
1111 5465 1168 5509 ut
1196 5472 1283 5510 res
1314 5471 1373 5512 se
1411 5456 1669 5523 habebat,
1697 5457 1948 5512 dixerunt
1975 5478 1989 5514 :
2035 5471 2090 5515 et

616 5623 684 5653 "'
708 5619 897 5674 Matth.
927 5638 984 5685 ll,
1029 5621 1077 5674 l.
1167 5624 1211 5656 "
1240 5622 1429 5676 Matth.
1463 5642 1574 5690 xw,
1602 5637 1750 5692 se‘l‘l-

1832 5624 1877 5654 ’τ
1907 5624 2069 5681 Mich.
2091 5646 2142 5693 ν,
2182 5627 2235 5680 2.

2190 4653 2250 4693 se
2302 4653 2423 4692 esse
2475 4636 2698 4706 majoris
2757 4634 2998 4698 virtutis,
3050 4644 3211 4700 quam
3268 4646 3388 4700 qua;
3456 4631 3511 4684 in
3559 4633 3775 4686 stellam

2188 4732 2429 4790 caderet.
2469 4739 2525 4782 et
2563 4729 2641 4782 eis
2695 4725 2930 4779 faciebat
2978 4726 3351 4779 accessionem
3417 4724 3562 4780 ﬁdei.
3610 4723 3779 4779 Certe

2188 4824 2347 4891 longe
2374 4823 2606 4873 maxima
2671 4817 2978 4873 afﬁciuntur
3018 4817 3227 4882 laetitia,
3260 4817 3404 4883 quod
3432 4826 3485 4869 et
3525 4817 3778 4872 invenis-

2192 4926 2311 4970 sent
2362 4914 2415 4967 id
2448 4913 2591 4983 quod
2620 4912 2983 4981 quaerebatur,
3019 4918 3074 4962 et
3119 4909 3222 4962 iter
3251 4923 3360 4962 non
3398 4907 3597 4962 frustra
3637 4924 3778 4963 coo-

2191 5007 2472 5069 fecissent,
2500 5013 2555 5058 et
2603 5001 2750 5070 quod
2800 4999 2945 5053 fctus
3001 5006 3148 5053 esset
3203 4999 3445 5060 divinus,
3503 5008 3558 5050 et
3623 4999 3775 5067 quod

2190 5101 2422 5153 fuissent
2472 5094 2645 5149 nuntii
2686 5093 2949 5147 veritatis.
2997 5091 3127 5155 Quae
3158 5091 3376 5159 quidem
3424 5088 3604 5142 omnia
3646 5100 3780 5143 sunt

2191 5193 2333 5245 illius
2390 5186 2723 5243 admirabilis
2770 5185 2962 5254 puellae
3010 5184 3261 5237 encomia
3304 5190 3528 5252 propter
3575 5181 3774 5245 Deum,

2189 5282 2281 5351 qui
2333 5293 2401 5334 ex
2467 5279 2578 5347 ipsa
2646 5283 2806 5328 natus
2849 5283 2935 5328 est
2981 5283 3088 5328 :et
3135 5289 3327 5326 eorum
3392 5271 3779 5340 magnitudine

2194 5375 2361 5435 illam,
2408 5380 2468 5424 ut
2508 5368 2857 5438 praecipuam,
2889 5368 3135 5420 eximunt
3167 5381 3194 5419 a
3233 5363 3580 5418 mulieribus.
3621 5365 3779 5418 Post-

2198 5478 2357 5534 quam
2415 5469 2594 5512 autem
2672 5456 2892 5511 fuerunt
2980 5456 3122 5508 intra
3192 5455 3451 5516 domum,
3510 5455 3775 5521 viderunt.

2311 5628 2354 5659 ’⁸
2382 5626 2518 5680 Gcn.
2551 5637 2696 5686 χιιι,
2726 5621 2811 5675 l0.

517 5782 652 5833 Θεοῦ
681 5780 970 5848 θεραπεία,
1017 5783 1113 5847 τὰς
1166 5782 1340 5853 ψυχὰς
1367 5786 1545 5843 αὐτῶν
1575 5789 1814 5858 γαλήνης
1843 5787 2143 5859 πληροῦσα,
2188 5787 2278 5842 καὶ
2321 5786 2452 5856 πρὸς
2487 5787 2582 5855 τὴν
2621 5782 2783 5837 αὑτοῦ
2827 5777 3120 5851 βεϐαινιῦσα
3160 5774 3341 5829 πίστιν
3379 5772 3454 5844 τῷ
3495 5771 3774 5844 μεγαλειιρ

525 5877 617 5945 τῆς
648 5875 1012 5937 ἀναστάσεως.
