3972 6446
181 397 285 458 545

1278 399 1563 460 ORATIO
1607 399 1700 460 DE
1743 397 2024 457 SANCTA
2074 395 2345 456 MARIA.

3323 393 3428 456 546

180 513 372 578 inquit,
420 509 680 578 iri/antem
721 524 837 562 cum
895 508 1070 562 Maria
1126 519 1294 560 matre
1341 510 1452 578 ejus
1505 509 1547 538 "
1607 506 1747 573 Quid
1781 526 1821 580 Α
1853 505 2199 569 tentationes,
2232 513 2286 558 et
2312 503 2386 558 sis
2413 515 2628 572 paratus
2684 504 2947 558 adversus
2983 502 3224 558 insidias.
3263 503 3430 567 Jube-

178 613 358 656 autem
403 617 664 672 magnum
719 601 991 664 viderunt,
1040 599 1186 669 quod
1249 613 1375 653 eum
1429 600 1741 664 adorarunt,

179 707 296 745 eum
353 693 537 746 omnia
587 703 771 747 essent
805 690 1092 760 ejusmodi,
1133 698 1194 743 ut
1233 689 1373 743 nihil
1419 699 1601 759 posset
1628 705 1746 744 esse

178 782 390 837 vilius?
444 782 862 852 Speluncamne,
915 796 1176 852 praesepe,
1227 780 1473 835 fascias:
1519 797 1586 835 an
1634 796 1746 834 ma-

180 887 338 940 trem,
402 891 526 945 quae
579 887 726 930 tanta
790 884 906 930 crat
973 875 1365 944 simplicitate?
1409 871 1548 939 Quid
1619 888 1745 944 ergo

175 979 268 1018 eos
339 976 487 1020 tanta
548 966 730 1020 affecit
821 964 1200 1027 admiratione,
1278 972 1336 1018 ut
1402 979 1506 1018 non
1571 962 1744 1016 solum

175 1053 488 1118 adorarent,
531 1053 622 1107 sed
670 1052 834 1105 etiam
868 1051 1008 1106 dona
1038 1051 1321 1116 offerrent,
1353 1066 1523 1120 eaque
1552 1051 1744 1119 hujus-

179 1145 344 1208 modi,
376 1159 497 1214 quae
537 1144 712 1211 ipsum
761 1157 885 1197 esse
937 1142 1102 1196 Deum
1139 1151 1195 1196 et
1240 1133 1436 1212 Regem
1469 1142 1746 1213 significa-

179 1238 366 1291 rent?
426 1235 540 1290 IIoc
613 1235 758 1288 enim
817 1234 920 1289 sibi
990 1235 1200 1295 volunt,
1277 1249 1469 1303 nempe
1543 1234 1745 1304 Regem

178 1334 396 1400 quidem
429 1347 648 1395 aurum,
681 1331 807 1384 thus
856 1345 985 1384 vero
1038 1329 1228 1393 Deum,
1287 1328 1504 1398 myrrha
1565 1341 1743 1386 autem

179 1421 628 1491 prrsignifieabat
680 1430 932 1486 mortem,
965 1435 1126 1490 quam
1183 1436 1279 1490 pro
1313 1434 1399 1476 me
1444 1432 1562 1477 erat
1593 1423 1744 1478 subi-

177 1523 352 1568 turus.
411 1512 684 1578 Quidnam
740 1527 868 1584 crgo
911 1527 1007 1566 eos
1074 1513 1310 1566 movit?
1369 1513 1521 1578 illud,
1602 1517 1744 1584 quod

172 1604 330 1658 etiam
386 1606 590 1669 eﬂ'ecit,
629 1615 686 1660 ut
718 1607 877 1660 domo
902 1607 1288 1681 cacitarentur,
1320 1617 1376 1661 et
1407 1618 1614 1661 tantum
1649 1609 1748 1663 iter

173 1694 508 1750 conficerent
539 1715 551 1749 :
587 1698 744 1751 stella
790 1693 1036 1762 omnino,
1063 1709 1119 1752 et
1163 1713 1282 1766 quae
1333 1712 1521 1752 eorum
1551 1699 1746 1752 animis

176 1786 347 1838 inerat
387 1802 416 1839 a
449 1786 558 1841 Deo
589 1789 930 1844 illuminatio.

241 1877 427 1931 XVIII.
478 1879 585 1932 Sed
637 1880 765 1947 quid
799 1889 1226 1936 consentaneum
1270 1893 1387 1937 erat
1415 1883 1598 1936 animo
1622 1897 1744 1937 ver—
1783 1869 1820 1921 Β

173 1979 286 2018 sarc
318 1974 570 2026 matrem,
612 1967 726 2026 haec
756 1973 1106 2026 cernentem?
1134 1971 1427 2042 Cuiusnam
1487 1972 1575 2026 lilii
1605 1980 1750 2026 esset

172 2060 361 2115 mater,
393 2053 460 2108 ad
496 2069 656 2123 quem
695 2058 794 2111 viri
815 2068 922 2113 tam
973 2061 1210 2129 insignes
1258 2062 1336 2116 sic
1386 2071 1748 2125 accesserant,

172 2143 320 2196 stella
359 2145 500 2199 duce
527 2158 741 2204 utentes
773 2167 788 2205 :
829 2151 920 2219 qui
967 2167 1088 2204 eum
1138 2152 1438 2204 adorabant
1487 2152 1540 2204 in
1573 2151 1750 2205 fasciis

171 2245 223 2288 et
249 2236 390 2289 dona
415 2237 736 2303 offerebant,
764 2250 1013 2310 tanquam
1034 2242 1082 2295 ei
1111 2257 1168 2296 se
1198 2243 1488 2298 conciliare
1528 2243 1750 2297 studen-

173 2336 268 2390 tes,
307 2337 363 2380 et
391 2328 495 2381 sibi
527 2331 729 2397 aliquid
761 2347 1035 2404 magnum,
1071 2334 1216 2403 quod
1236 2335 1362 2389 hinc
1390 2345 1506 2389 erat
1534 2343 1750 2389 secutu-

173 2433 306 2482 rum,
333 2424 734 2487 procurantes?
775 2423 864 2479 Vel
896 2437 1154 2495 quantum
1189 2443 1308 2481 eam
1361 2430 1595 2496 gaudere
1653 2444 1751 2498 par

172 2522 285 2564 erat
319 2528 384 2566 ac
414 2523 678 2582 quantum
717 2517 997 2576 illustrari,
1030 2529 1354 2585 quantaeque
1374 2521 1484 2587 spei
1515 2519 1746 2574 fructum

166 2602 269 2669 jam
300 2605 584 2671 percipere
614 2620 720 2658 nen
759 2621 825 2660 ex
863 2607 947 2660 his
979 2610 1176 2670 solum,
1214 2609 1309 2664 sed
1336 2624 1397 2663 ex
1432 2610 1537 2663 illis
1558 2611 1744 2675 etiam,

171 2706 281 2757 qua-
310 2706 724 2762 pmcesserant,
747 2698 1085 2755 admirabilia
1110 2701 1396 2771 colligente
1419 2701 1442 2753 ?
1474 2701 1594 2756 llazc
1613 2717 1748 2771 puer

173 2783 252 2835 ille
305 2788 398 2838 dat
441 2787 490 2840 ei
528 2790 750 2857 praemia
785 2807 799 2843 :
838 2792 914 2846 sic
945 2793 1168 2860 opponit
1204 2793 1501 2846 humilibus
1533 2808 1596 2847 ca
1629 2809 1748 2862 qua:

170 2883 292 2928 sont
323 2876 557 2930 illustria
592 2894 698 2943 ;ne
737 2879 905 2931 solam
934 2882 1124 2934 videns
1154 2884 1488 2950 speluncam,
1523 2893 1753 2952 ettugu-

173 2962 328 3027 rium,
360 2975 414 3017 et
449 2981 712 3035 praesepe,
741 2978 793 3022 et
824 2970 956 3025 viles
1003 2973 1218 3038 fasclas,
1247 2988 1434 3043 parva,
1469 2983 1527 3027 ut
1555 2989 1746 3028 conse-

171 3065 337 3117 quens
369 3053 676 3121 videbatur,
710 3058 1049 3127 opinaretur,
1099 3072 1152 3116 et
1182 3063 1574 3118 distraheretur
1601 3064 1747 3134 cogi-

1849 609 1935 653 tur
1981 609 2161 651 autem
2195 611 2474 650 assumere.
2534 611 2759 666 puerum
2795 607 2848 649 et
2914 606 3140 650 matrem
3180 597 3300 666 ejus
3377 607 3433 653 et

1844 691 2030 760 fugere
2067 689 2122 743 in
2163 688 2482 759 Egyptum,
2539 704 2646 742 non
2681 689 2821 742 sicut
2877 690 3048 757 prius.
3108 689 3244 743 Nam
3303 699 3432 744 tunc

1844 781 2060 850 quidem
2088 775 2474 839 dicit.Ua:orem
2506 789 2678 844 tuam;
2712 795 2861 834 nunc
2895 795 3024 835 vero
3065 780 3208 834 hanc
3272 791 3430 835 vocat

1847 884 2087 938 matrem,
2106 889 2228 928 cum
2244 881 2391 926 esset
2412 887 2662 941 egressus
2683 883 2888 940 partus,
2913 882 2966 926 et
2988 883 3130 926 mota
3155 874 3430 940 suspicio.

1847 965 2006 1036 Fuga:
2031 979 2209 1022 autem
2230 979 2419 1026 causa,
2441 979 2521 1020 est
2546 976 2723 1019 metus
2758 965 3093 1020 insidiarum.
3149 963 3282 1018 Vide
3303 980 3432 1035 ergo

1849 1073 2036 1113 rursus
2061 1075 2180 1114 cum
2201 1061 2405 1132 magnis
2429 1069 2482 1115 et
2503 1060 2863 1129 snspiciendis
2886 1061 3143 1128 conjungi
3172 1058 3427 1121 humilia,

1847 1158 1902 1204 et
1931 1166 2050 1204 cum
2077 1151 2332 1220 jucundis
2360 1166 2564 1221 eaquae
2619 1162 2748 1207 sunt
2802 1152 3053 1208 molesta.
3098 1148 3225 1204 Post
3279 1150 3429 1204 illam

1847 1255 1943 1306 per
2003 1242 2210 1296 stellam
2241 1242 2642 1305 deductionem,
2684 1250 2808 1309 post
2856 1240 3072 1294 illorum
3147 1249 3406 1306 tanquam

1848 1331 1998 1402 Regi,
2041 1333 2123 1388 vel
2146 1335 2324 1403 potius
2348 1345 2602 1402 tanquam
2659 1333 2769 1388 Deo
2817 1332 3112 1387 exhibitam
3153 1332 3431 1388 adoratio-

1848 1436 1991 1486 nem,
2031 1432 2085 1476 et
2115 1424 2384 1476 donorum
2447 1423 2812 1488 oblationem,
2851 1423 2903 1476 in
2958 1437 3025 1476 eo
3091 1421 3192 1474 fuit
3252 1429 3432 1474 metus

1848 1513 2058 1573 mortis,
2089 1523 2142 1568 et
2165 1513 2286 1580 fuga
2305 1515 2535 1568 occulta.
2558 1515 2622 1568 Et
2653 1516 2719 1568 de
2743 1530 2850 1583 quo
2873 1515 3020 1582 prius
3043 1514 3427 1567 renuntiatum

1849 1605 2020 1659 fuerat
2057 1604 2171 1660 fore
2198 1616 2255 1659 ut
2285 1606 2489 1659 salvum
2543 1605 2746 1659 faceret
2779 1607 3060 1674 populum.
3091 1621 3154 1658 nc
3186 1620 3245 1659 se
3308 1606 3432 1672 qui-

1846 1697 1968 1752 dem
1992 1697 2206 1752 videtur
2267 1711 2424 1768 posse
2481 1697 2690 1750 salvum
2750 1696 2948 1750 facere.
3018 1696 3150 1759 Quae
3205 1695 3428 1764 quidem

1849 1789 2121 1856 quomodo
2149 1802 2338 1842 rursus
2394 1789 2637 1841 animum
2699 1787 2934 1858 Virginis
2992 1787 3333 1840 affecerunt?
3366 1787 3433 1840 Et

1853 1880 1980 1949 quid
2015 1891 2445 1935 consentaneum
2475 1891 2559 1934 est
2593 1895 2712 1934 eam
2764 1881 2971 1932 interea
2999 1879 3309 1948 cogitasse?
3340 1879 3432 1932 Sic

1853 1972 2016 2026 etiam
2049 1973 2100 2026 in
2125 1973 2379 2027 omnibus
2452 1973 2659 2026 sanctis
2703 1981 3102 2040 consequenter
3163 1970 3430 2032 invenies.

1853 2080 1975 2120 cum
1997 2066 2062 2120 iis
2087 2082 2206 2136 quae
2236 2075 2445 2121 suntex
2465 2065 2631 2119 animi
2650 2067 2942 2128 sententia,
2971 2063 3187 2118 misceri
3211 2079 3432 2134 quoque

1855 2156 2103 2210 molesta.
2177 2155 2377 2210 Verum
2437 2156 2717 2213 enimvero
2766 2156 2846 2212 sic
2896 2156 3115 2225 quidem
3181 2154 3432 2210 Christus

1851 2247 1998 2300 venit
2030 2248 2083 2299 in
2116 2246 2428 2316 Egyptum.

1921 2337 2036 2392 XX.
2068 2339 2302 2393 Herodes
2354 2351 2534 2394 autem
2598 2355 2721 2394 eum
2751 2354 2779 2393 a
2804 2355 2970 2409 scopo
3009 2339 3339 2402 aberrasset,
3372 2341 3425 2394 in

1847 2431 2109 2497 infantes,
2139 2434 2230 2502 qui
2264 2432 2463 2487 nullam
2530 2432 2770 2488 fecerant
2841 2433 3119 2501 iniuriam,
3175 2443 3286 2488 tota
3351 2435 3429 2487 ira

1851 2525 2129 2593 erumpit,
2155 2540 2220 2579 eo
2255 2526 2415 2579 modo
2444 2541 2538 2580 eos
2581 2527 2870 2586 ulciscens,
2897 2527 2986 2593 qui
3041 2526 3190 2580 illum
3241 2528 3431 2582 illuse-

1850 2615 2120 2670 rantzvel
2151 2618 2326 2683 potius
2385 2628 2606 2685 prOptcr
2653 2632 2808 2670 suam
2858 2618 2911 2670 in
2948 2618 3221 2672 Christum
3281 2620 3430 2672 insa-

1850 2707 2018 2768 niam,
2041 2723 2199 2776 quam
2224 2709 2474 2776 concepit
2512 2708 2582 2760 ob
2623 2718 2826 2761 metum
2855 2713 3024 2778 regni,
3063 2712 3429 2765 communiter

1851 2800 2135 2854 adversum
2169 2816 2386 2855 omnem
2415 2800 2571 2854 irruit
2593 2812 2863 2863 naturam,
2890 2800 3428 2858 etinterficitomnes

1851 2891 2081 2944 infantes
2136 2892 2226 2960 qui
2253 2903 2406 2945 erant
2435 2893 2490 2946 in
2549 2891 2850 2957 Bethleem,
2878 2892 2930 2945 in
2984 2893 3086 2946 hac
3138 2893 3391 2948 universa

1848 2983 1994 3035 cmde
2028 2981 2311 3036 infantium
2346 2985 2669 3037 existimans
2693 2999 2750 3037 se
2785 2993 2840 3036 et
2872 2999 3040 3036 unum
3073 2984 3220 3036 illum
3249 2987 3429 3039 omni.

1852 3088 1921 3128 no
1948 3083 2344 3138 assecuturum,
2383 3083 2522 3129 etut
2575 3076 2668 3130 ille
2716 3075 2925 3130 solutus
2965 3085 3111 3131 esset
3171 3091 3201 3130 a
3257 3087 3428 3140 metu,

174 3143 500 3252 ξ’δτίοίξίδυετ
531 3148 710 3252 θεά-ξπ
733 3160 786 3205 ει
811 3151 920 3206 ¹¹ίεο
946 3168 1136 3222 "1“!"la
1165 3155 1538 3220 considerans.
1559 3172 1746 3210 τυτευε
1772 3194 1818 3252 c
1851 3184 2042 3223 omnes
2110 3171 2291 3239 lugere
2316 3185 2617 3240 procurans
2681 3169 3188 3226 immisericorditer
3216 3183 3231 3224 :
3285 3175 3430 3240 quod

173 3235 220 3287 in
283 3238 454 3291 altum
502 3240 870 3305 extolleretur,
947 3251 1002 3296 et
1058 3253 1278 3312 propter
1329 3245 1475 3298 hunc
1543 3260 1742 3299 novum

173 3337 381 3394 partum
411 3344 471 3382 se
511 3343 694 3398 posset
724 3332 931 3388 beatam
985 3334 1205 3391 ducere.
1263 3335 1418 3401 Quod
1473 3337 1617 3392 enim
1677 3338 1745 3393 ab

172 3419 318 3472 initio
347 3423 638 3478 consuevit
671 3424 929 3481 Dominus
960 3427 1160 3492 facere,
1198 3439 1258 3483 ut
1299 3445 1419 3498 qua:
1451 3441 1579 3486 sunt
1622 3431 1744 3486 vilia

172 3517 220 3563 et
248 3510 498 3578 humilia,
531 3516 753 3570 extollat
801 3527 996 3586 praeter
1022 3520 1357 3586 opinionem,
1412 3523 1551 3576 sicut
1581 3539 1746 3577 econ-

172 3610 336 3663 tra,ut
360 3620 425 3659 ea
442 3622 562 3675 qua:
585 3609 987 3679 suntsuperba,
1040 3610 1308 3680 deprimat
1344 3613 1487 3668 :hoc
1523 3615 1742 3684 quidem

169 3701 307 3746 certe
339 3693 548 3750 videret
575 3698 736 3752 etiam
805 3699 984 3756 facere
1017 3703 1070 3756 in
1117 3702 1317 3773 seipso.

236 3782 378 3838 XIX.
421 3785 528 3842 Sed
560 3805 653 3844 cur
701 3791 865 3863 Magis
932 3805 1016 3850 est
1060 3797 1403 3866 imperatum,
1463 3813 1532 3852 ne
1560 3814 1745 3855 rursus

172 3876 409 3933 redirent
431 3881 499 3934 ad
550 3883 867 3938 Herodem?
896 3885 962 3939 Et
994 3902 1250 3955 quorsum
1308 3889 1398 3942 illa
1438 3889 1644 3958 abiecta
1690 3901 1745 3945 et

172 3969 349 4023 minus
405 3971 601 4024 decora
635 3974 688 4025 in
738 3975 1001 4045 Egyptum
1043 3981 1167 4048 fuga
1218 3977 1450 4042 Christi,
1518 3981 1743 4050 perinde

168 4074 226 4113 ac
251 4061 435 4116 sinon
469 4075 652 4134 posset
695 4067 850 4122 aliter
917 4085 1036 4125 esse
1095 4071 1280 4128 salvus
1309 4072 1332 4126 ?
1365 4073 1622 4127 Futurum
1669 4086 1742 4128 est

168 4154 322 4221 enim,
357 4158 556 4227 inquit,
625 4170 682 4214 ιιι
739 4163 968 4218 Herodes
1006 4177 1207 4235 quierat
1267 4185 1484 4238 puerum
1507 4173 1576 4223 ad
1627 4187 1743 4238 per-

168 4250 389 4302 dendum
420 4267 540 4304 eum
563 4252 638 4305 ³⁸.
672 4253 806 4308 Num
840 4267 896 4311 ut
929 4274 1025 4328 per
1056 4259 1172 4314 haec
1205 4276 1368 4328 parva
1392 4269 1448 4314 et
1481 4261 1740 4328 humana,

169 4346 218 4390 et
254 4350 582 4394 cerneretur
604 4345 719 4410 Ipse
756 4359 976 4400 carnem
1008 4348 1327 4418 sumpsisse,
1364 4359 1418 4403 et
1452 4350 1742 4420 dispensa-

169 4427 327 4480 tionis
363 4429 512 4482 illius
541 4432 852 4489 crederetur
893 4440 1205 4511 magnitudo
1236 4440 1259 4492 ?
1309 4440 1540 4496 Maxime
1569 4461 1581 4496 :
1618 4460 1742 4512 pro-

1850 3261 1932 3312 vel
1974 3261 2024 3311 in
2051 3261 2212 3312 rebus
2243 3260 2553 3312 inanimatis
2579 3260 2933 3314 abstinuisset
2985 3260 3164 3314 facere
3190 3261 3346 3325 alius,
3375 3272 3430 3314 et

1849 3359 2062 3403 teneras
2093 3350 2301 3418 plantas
2331 3350 2622 3419 aspiciens,
2685 3350 3056 3405 misericordia
3111 3351 3430 3417 duetus,eas

1846 3439 2107 3494 noluisset
2138 3439 2476 3493 exscindere.
2505 3439 2611 3492 Sed
2648 3441 2825 3493 videte
2857 3455 2974 3504 vos,
3001 3441 3093 3508 qui
3138 3442 3426 3509 imperium

1847 3533 2060 3596 amatis,
2080 3544 2134 3586 et
2156 3532 2337 3587 estisa
2366 3547 2501 3586 vana
2543 3532 2780 3601 superati
2837 3531 3022 3602 gloria,
3062 3531 3118 3586 in
3169 3543 3426 3601 quantam

1844 3639 1906 3677 ea
1951 3625 2214 3677 insaniam
2269 3625 2449 3694 adigat
2481 3624 2774 3686 amatores,
2807 3638 2863 3678 et
2911 3638 3146 3687 quonam
3173 3640 3266 3679 eos
3298 3626 3427 3678 ferri

1846 3715 2157 3786 persuadet,
2185 3725 2240 3768 et
2271 3730 2516 3784 quaenam
2549 3731 2643 3771 eos
2675 3717 2813 3784 cogit
2847 3717 3043 3772 facere.
3069 3716 3217 3771 Hanc
3241 3733 3422 3772 antem

1847 3806 2133 3860 infantium
2156 3806 2356 3859 eadem
2376 3803 2636 3859 Jeremias
2661 3820 2876 3875 quoque
2904 3808 3089 3861 multis
3111 3821 3239 3861 ante
3267 3811 3427 3863 annis

1844 3897 2192 3968 praenuntiat,
2237 3906 2294 3951 et
2350 3897 2590 3966 praedicit
2642 3898 2978 3966 tragoediam,
3031 3907 3086 3953 et
3134 3899 3428 3954 introducit

1847 3968 2135 4046 Rachelem
2171 3990 2388 4044 ﬂentem
2428 4005 2556 4044 suos
2590 3990 2745 4050 fllios.
2771 3999 2826 4043 et
2865 3991 3287 4045 consolationem
3324 3992 3428 4045 mi-

1845 4084 1988 4136 nime
2021 4082 2394 4136 admittentetn
2423 4080 2464 4112 ³¹
2495 4119 2510 4134 .
2534 4079 2795 4146 Quocirca
2827 4095 2934 4134 non
2955 4081 3238 4147 ignorante
3269 4084 3387 4137 scili
3409 4113 3423 4122 -

1844 4183 1929 4229 cet
1965 4173 2074 4228 Deo
2105 4173 2221 4228 haec
2255 4173 2476 4239 flebant,
2530 4173 2624 4228 sed
2690 4181 2745 4225 et
2814 4174 3046 4236 sciente,
3104 4183 3157 4227 et
3210 4174 3426 4228 volente

1843 4265 2059 4334 quidem
2089 4280 2295 4328 arcere,
2368 4267 2772 4333 permittentem
2826 4274 3008 4315 autem
3061 4265 3274 4317 arcanis
3303 4268 3425 4333 qni-

1843 4359 2067 4413 busdam
2097 4356 2418 4411 rationibus.
2459 4357 2564 4411 Sed
2589 4354 2827 4411 Herodes
2849 4355 3067 4424 quidem
3114 4357 3424 4426 percipiens

1844 4467 2055 4516 eorum,
2086 4466 2206 4521 quae
2232 4450 2382 4514 fecit,
2447 4449 2654 4504 fructus
2707 4450 3116 4514 convenientes,
3164 4450 3427 4503 divinitus

169 4527 348 4614 pterea
381 4533 486 4614 nec
513 4522 687 4592 primo
706 4527 969 4580 statuitin
985 4528 1239 4583 omnibus
1260 4531 1436 4586 facere
1457 4534 1737 4587 miracula.
1774 4539 1816 4594 D
1845 4545 2090 4599 immissa
2137 4543 2310 4614 plaga,
2345 4550 2460 4594 toto
2515 4555 2742 4607 corpore
2808 4542 3105 4600 sauciatur,
3175 4551 3230 4593 ct
3284 4555 3407 4594 vere

167 4608 293 4676 Quae
321 4612 469 4665 enim
496 4615 564 4668 ab
597 4615 748 4668 initio
777 4615 920 4670 facta
946 4628 1325 4690 sunt,propter
1352 4621 1574 4676 Matrem
1619 4639 1740 4676 om-

170 4706 295 4757 nino
331 4705 475 4757 facta
506 4714 653 4773 sunt,
677 4709 1137 4784 propterJoseph,
1196 4725 1415 4783 propter
1473 4725 1738 4785 pastores,

170 4809 389 4868 propter
427 4797 630 4871 Magos.
659 4801 774 4868 Qua
812 4805 878 4860 de
903 4821 1068 4861 causa
1099 4806 1267 4879 Magis
1297 4824 1518 4879 quoque
1551 4813 1738 4866 datum

168 4905 245 4950 est
279 4911 604 4964 responsum
642 4915 710 4955 ne
739 4911 1140 4957 reverterentur
1167 4907 1233 4958 ad
1262 4905 1553 4970 Herodem,
1591 4921 1650 4962 ut
1688 4918 1741 4963 et

167 4989 422 5044 doctores
449 4991 560 5045 cito
585 4994 932 5050 mitterentur
955 4995 1008 5049 in
1037 4995 1327 5051 Persarum
1361 5001 1658 5070 regionem.
1683 5008 1739 5054 et

169 5082 380 5148 tyranni
407 5081 561 5139 furor
585 5085 1068 5158 interrumperetur
1084 5091 1359 5160 sciretque
1376 5109 1434 5145 se
1452 5109 1511 5146 ea
1526 5087 1739 5164 aggredi

167 5187 283 5240 qua
299 5174 438 5230 elIici
464 5192 572 5231 non
591 5190 827 5248 possent.
853 5182 1005 5247 Quod
1027 5184 1068 5238 si
1088 5199 1196 5238 non
1214 5185 1382 5239 evasit
1400 5185 1610 5246 melior,
1634 5201 1740 5239 non

172 5263 220 5313 in
240 5277 390 5325 eum.
417 5267 512 5335 qui
533 5256 646 5321 liae
668 5269 919 5338 providit,
948 5282 1002 5326 et
1021 5274 1112 5343 qui
1132 5275 1243 5328 haec
1268 5275 1475 5330 eofecit
1493 5275 1739 5340 consilio,

170 5355 258 5408 sed
276 5357 332 5408 in
363 5372 634 5414 summam
662 5360 804 5416 illius
821 5363 1083 5419 insaniam
1100 5367 1254 5434 culpa
1277 5376 1361 5421 est
1378 5367 1701 5422 conferenda
1724 5384 1737 5432 ;

175 5459 434 5514 praeterea
485 5462 544 5506 ιιι
590 5461 645 5506 ιιι
673 5468 907 5523 quoque,
931 5456 1023 5526 qui
1056 5471 1123 5510 ex
1161 5457 1381 5511 Christo
1418 5460 1599 5513 vivere
1625 5458 1737 5512 ele-

172 5543 308 5612 gisti,
349 5557 460 5596 non
495 5560 691 5612 parvas
742 5545 808 5599 ad
868 5549 1265 5619 philosophiam
1307 5564 1372 5602 ex
1403 5566 1468 5604 eo
1497 5551 1740 5604 invenias

175 5637 484 5692 occasiones
519 5655 532 5692 :
589 5654 787 5716 nempe
821 5649 876 5694 ut
901 5651 952 5695 et
972 5644 1149 5696 Statim
1180 5644 1247 5698 ab
1277 5644 1428 5698 initio
1460 5656 1741 5712 exspectes

275 5817 318 5849 "
354 5815 546 5873 Matth.
580 5832 642 5881 tl,
689 5817 741 5871 II
847 5821 890 5851 "
917 5818 1101 5874 Matth.
1149 5837 1206 5886 Il,
1249 5823 1327 5876 I3.

1411 5823 1452 5852 ³¹
1479 5821 1679 5876 ,ἱρὴ-ιιι.
1728 5821 1898 5887 11,15.

1845 4639 2014 4692 malus
2065 4638 2205 4691 male
2269 4634 2426 4702 perit,
2469 4633 2772 4702 ejusregno
2820 4631 2873 4686 in
2940 4641 3174 4702 quatuor
3242 4641 3424 4701 partes

1843 4727 2017 4781 diviso
2055 4746 2069 4781 :
2109 4723 2376 4779 Archelao
2427 4723 2645 4792 quidem
2703 4722 2988 4789 imperium
3023 4723 3308 4776 obtinente
3369 4723 3422 4775 in

1842 4820 2046 4882 Iudaea,
2080 4815 2291 4871 Herode
2326 4825 2528 4877 autem,
2561 4825 2614 4866 et
2664 4813 2936 4881 Philippo,
2971 4824 3025 4866 et
3053 4814 3299 4883 Lysania,
3335 4816 3424 4870 illo

1844 4910 2064 4980 quidem
2090 4909 2342 4968 Galilaeae,
2379 4906 2483 4958 hoc
2528 4918 2656 4957 vero
2684 4903 2890 4957 Ituracaa
2919 4913 2974 4956 et
3002 4901 3420 4963 'I‘racbonitidis.

1846 5011 2123 5072 postremo
2157 5010 2361 5057 autem,
2394 4997 2781 5050 tetrarcbatum
2825 4994 3019 5047 sortito
3042 4994 3421 5048 Abilinat'h".

1917 5090 2058 5146 XXI.
2107 5089 2393 5156 Postquam
2421 5097 2603 5140 autem
2639 5088 2870 5140 excessit
2915 5080 3152 5139 Herodes
3205 5102 3268 5139 ex
3328 5086 3425 5139 hu-

1849 5187 2045 5248 manis,
2074 5180 2296 5252 angelus
2326 5195 2516 5235 rursus
2545 5179 2598 5232 in
2651 5178 2858 5232 somnis
2915 5177 3153 5245 Josepbo
3197 5189 3422 5246 apparet

1847 5277 1902 5329 in
1933 5274 2181 5344 Egypto,
2214 5281 2268 5325 et
2295 5272 2450 5341 jubet
2479 5269 2740 5323 infantem
2764 5268 3031 5335 accipere,
3082 5277 3134 5319 et
3156 5266 3422 5335 proﬁcisci

1846 5369 1902 5421 in
1931 5377 2126 5419 terram
2190 5363 2370 5418 Israel.
2421 5362 2594 5426 Quam
2651 5360 2853 5421 multa,
2890 5373 2924 5412 ο
2978 5359 3177 5412 Christi
3233 5358 3420 5418 Mater,

1849 5459 2067 5512 fuerunt
2127 5455 2221 5507 tibi
2264 5470 2490 5508 casuum
2547 5451 2979 5519 inzequalitates?
3024 5464 3185 5518 quam
3243 5450 3424 5501 multa:

1849 5564 2028 5602 rerum
2059 5545 2430 5601 mutationes?
2463 5546 2599 5598 Ecce
2630 5545 2773 5599 enim
2800 5558 2985 5594 rursus
3029 5540 3248 5610 quidem
3276 5541 3423 5594 fuisti

1849 5642 2019 5697 soluta
2047 5641 2116 5694 ab
2139 5641 2348 5704 exsilio,
2386 5647 2439 5692 et
2485 5639 2550 5693 ad
2616 5636 2886 5706 propriam
2920 5635 3206 5689 reverteris
3250 5635 3424 5702 regio-

1980 5819 2094 5850 δίεν
2131 5818 2262 5874 Luc.
2298 5835 2378 5882 ιιι,
2413 5819 2473 5881 l;
2534 5815 2721 5870 Matth.
2766 5832 2824 5878 ιι,
2857 5817 2946 5881 ἳΟ,
2980 5813 3071 5872 21.
