3972 6438
528 384 629 449 547

1796 378 2077 439 MENSIS
2117 379 2545 442 AUGUSTUS.

3686 385 3795 447 543

517 512 665 556 nem,
695 502 749 547 et
783 506 932 555 eum,
959 492 1050 560 qui
1076 490 1171 544 tibi
1206 488 1343 543 male
1368 488 1550 543 facere
1576 502 1863 558 aggressus
1894 486 2097 554 fuerat,
2130 496 2171 552 Α
2234 489 2519 561 Egyptum,
2552 503 2782 546 narrans
2812 487 3218 563 Lueas(neque
3274 495 3419 549 enim
3460 507 3588 552 ante
3633 503 3797 567 puri-

522 591 634 656 ipsa
672 587 852 655 potius
889 599 1011 637 eum
1043 582 1225 636 vidisti
1253 582 1393 635 male
1432 580 1680 650 periisse.
1715 579 1849 635 Cum
1878 580 2100 635 domum

516 689 695 732 autem
731 677 988 737 venisses,
1026 689 1215 727 rursus
1247 674 1461 727 invenis
1494 672 1758 727 malorum
1792 676 2102 729 successio-

518 783 661 832 nem,
694 775 748 820 et
777 766 928 819 vides
956 765 1123 817 lilium
1169 765 1399 834 tyranni,
1456 764 1547 833 qui
1591 764 1693 817 l'uit
1719 765 1794 817 tui
1836 763 1956 818 Filii
1980 764 2104 834 (pro

515 860 729 925 dolor!)
756 858 1061 919 insidiator,
1104 872 1201 925 pro
1224 871 1289 910 eo
1322 866 1659 925 regnantem.
1700 857 1803 910 Sed
1830 857 2105 926 rogaverit

513 953 780 1018 quispiam
818 967 879 1003 ex
912 950 1191 1011 studiosis,
1221 947 1498 1015 quomodo
1550 947 1855 1002 Archelaus
1903 948 2102 1003 Iudam

513 1043 838 1112 imperabat,
890 1041 1083 1094 Pontio
1133 1040 1308 1093 Pilato
1351 1050 1478 1094 tunc
1528 1039 1901 1109 praesidente?
1958 1039 2101 1093 Num

511 1137 653 1203 quod
682 1152 855 1205 nuper
884 1134 1207 1189 decessisset
1249 1134 1567 1188 Herodeset
1590 1133 1829 1186 nondum
1859 1134 1911 1186 in
1938 1134 2103 1186 multa

512 1242 735 1296 regnum
772 1234 914 1279 esset
942 1225 1196 1286 divisum,
1240 1223 1385 1276 illius
1421 1223 1561 1275 filius
1605 1222 1817 1275 interea
1874 1220 2105 1274 habebat

512 1318 847 1386 imperium?
882 1318 999 1370 Non
1024 1326 1107 1370 est
1149 1327 1330 1369 autem
1376 1314 1721 1385 evangelista:
1774 1328 2102 1382 superi-aea-

512 1426 613 1463 nea
660 1410 831 1479 patris
856 1423 1072 1476 quoque
1121 1407 1381 1475 adiectio.
1431 1404 1539 1458 Pro
1579 1404 1783 1458 Herode
1810 1405 1979 1470 enim,
2019 1404 2101 1455 in-

511 1503 648 1570 quit,
671 1511 819 1569 patre
841 1502 952 1568 ejus
982 1502 1046 1563 ",
1074 1508 1133 1553 ut
1162 1500 1368 1553 scilicet
1392 1514 1514 1551 eum
1547 1514 1573 1549 a
1608 1496 1772 1551 fratre
1801 1497 2103 1566 distingue-

514 1603 613 1656 ret,
650 1603 704 1645 ut
731 1593 820 1660 qui
856 1595 970 1660 ipse
1000 1606 1217 1660 quoque
1252 1590 1491 1643 Herodes
1524 1599 1808 1643 vocaretur
1828 1589 2100 1643 similiter.

584 1700 750 1755 XXII.
810 1700 973 1754 Venit
1030 1715 1158 1769 ergo
1203 1699 1401 1769 Ioseph
1463 1699 1752 1762 Nazareth,
1798 1709 1855 1752 ut
1914 1698 2004 1766 qui
2049 1700 2101 1752 in

511 1796 717 1848 somnis
752 1808 1070 1862 responsum
1107 1794 1405 1860 accepisset
1428 1792 1522 1859 (ita
1562 1792 1708 1843 enim
1765 1791 1983 1845 divinus
2031 1791 2103 1843 ait

512 1887 837 1953 Matth-reus)
871 1884 1031 1938 simul
1060 1894 1115 1936 et
1165 1883 1469 1956 periculum
1529 1882 1762 1951 fugiens,
1813 1891 1868 1935 et
1912 1882 2099 1936 volens

516 1978 758 2031 habitare
793 1978 845 2029 in
878 1977 1072 2045 patria.
1106 1974 1177 2029 Ut
1239 1983 1417 2026 autem
1477 1982 1658 2042 posset
1704 1974 1874 2040 magis
1924 1972 2095 2026 confi—

514 2070 664 2133 dere,
696 2082 1015 2136 responsum
1044 2066 1239 2136 accipit
1269 2066 1335 2118 ab
1357 2063 1550 2133 angelo
1609 2064 1769 2132 Atqui
1807 2079 1911 2116 non
1957 2064 2093 2116 dicit

515 2162 690 2214 Lucas
728 2161 877 2213 illum
919 2160 1132 2213 venisse
1156 2174 1218 2212 ex
1254 2174 1518 2227 responso
1553 2175 1565 2209 :
1596 2158 1689 2210 sed
1727 2172 1847 2210 cum
1879 2172 2096 2209 onmem
2130 2178 2148 2191 ··

516 2254 835 2321 implessent
869 2250 1323 2319 puriﬁcationem.
1376 2251 1631 2305 statuisse
1670 2263 1857 2302 rursus
1897 2250 2093 2303 reverti

512 2341 805 2397 Nazareth.
834 2341 1118 2407 Quomodo
1159 2357 1288 2411 ergo
1318 2350 1397 2395 est
1432 2356 1461 2393 a
1491 2341 1647 2394 nobis
1670 2341 1928 2393 solvenda
1961 2356 2095 2393 cnn-

516 2434 813 2488 trovcrsia?
843 2435 994 2498 Quod
1022 2444 1254 2501 tempus,
1276 2432 1418 2499 quod
1440 2432 1679 2484 fuitante
1697 2432 2020 2483 descensum
2048 2431 2100 2481 in

602 2552 638 2578 "
677 2554 867 2601 Matth.
910 2564 964 2611 tt.
1005 2551 1068 2599 22
1136 2548 1174 2574 ³⁵
1213 2549 1368 2606 ibid.,
1410 2548 1472 2596 23
1540 2544 1577 2571 ³⁸
1614 2546 1740 2594 Luc.
1784 2556 1837 2600 tt,
1879 2544 1959 2593 40.

588 2669 698 2737 (Ιί)
778 2668 885 2719 Τοῦ
937 2665 1374 2735 Μεταρραστοῦ
1428 2666 1525 2720 καὶ
1586 2665 1690 2719 τοῦ
1729 2666 2100 2734 Γεωμέτρου.

520 2764 730 2828 Ὅμως,
760 2759 848 2813 ὅτε
884 2758 1091 2812 δώδεκα
1121 2758 1255 2809 ἑτῶν
1278 2758 1517 2825 γεγονὼς
1541 2754 1630 2827 ἦν,
1658 2758 1834 2811 ἄνεισι
1866 2758 1961 2825 μὲν
1991 2757 2107 2825 ἅμα

517 2854 629 2913 τοῖς
679 2850 953 2917 γονεῦσιν,
1018 2849 1098 2909 εἰς
1166 2846 1547 2917 Ἰερουσαλὴμ,
1605 2847 1703 2915 τὴν
1760 2845 1954 2915 ἑορτὴν
2010 2842 2106 2896 τοῦ

520 2942 711 3010 Πάσχα
762 2939 1111 3008 τελεσόμενος
1208 2936 1282 3000 ὡς
1329 2938 1385 2990 δὲ
1435 2938 1618 3008 ἐκείνη
1653 2938 1827 3009 πέρας
1866 2933 2011 3007 εἶχεν
2052 2937 2110 2990 ἐν

522 3034 761 3103 ἡμέραις
806 3032 948 3085 ἑπτὰ
1003 3031 1325 3102 τελουμένη,
1382 3031 1537 3085 αὐτοὶ
1596 3032 1694 3101 μὲν
1741 3032 2101 3101 ὑπέστρεφον,

531 3123 740 3191 Ἰησους
786 3120 843 3174 δὲ
898 3122 1182 3188 ὑπομένει,
1230 3121 1455 3182 τούτους
1502 3122 1705 3175 λαθών.
1755 3124 1861 3174 Καὶ
1901 3124 1950 3174 οἱ
2008 3123 2106 3190 μὲν

2208 582 2511 635 fieationem
2542 596 2637 636 eos
2658 582 2786 637 illuc
2829 582 3092 648 duxisset,
3129 594 3185 639 ut
3222 584 3357 639 nihil
3382 589 3605 642 omnino
3633 589 3799 643 ﬁeret

2207 682 2394 724 contra
2428 671 2636 739 legem)
2672 670 2787 724 hinc
2814 671 2969 726 dicit.
3006 669 3135 725 Erat
3161 672 3307 726 enim
3340 675 3565 727 omnino
3594 676 3794 743 puriﬁ-

2207 762 2433 827 eandus,
2465 762 2659 817 deinde
2688 771 2951 817 venturus
2974 763 3266 829 Nazareth,
3302 774 3357 819 et
3390 773 3521 820 tunc
3544 767 3786 821 descen-

2207 869 2371 908 surus
2419 854 2472 907 in
2530 853 2819 924 Egyptum.
2863 855 3071 909 Deinde
3131 870 3256 909 cum
3308 856 3388 912 sic
3435 872 3501 911 ex
3558 858 3801 929 Egypto

2207 946 2517 1008 rediissent,
2543 945 2765 1014 jubetur
2789 961 2977 1000 rursus
3004 947 3057 1000 in
3081 946 3348 1002 Nazareth
3374 949 3583 1003 venire.
3615 953 3797 1003 Antea

2207 1038 2373 1101 enim,
2408 1036 2555 1090 nullo
2584 1044 2809 1105 accepto
2838 1053 3121 1105 responso,
3152 1048 3213 1091 ut
3238 1038 3364 1092 illuc
3395 1040 3671 1103 venirent,
3698 1040 3798 1095 sed

2206 1146 2328 1184 cum
2360 1114 2591 1184 libenter
2620 1129 2944 1193 habitarent,
2987 1140 3044 1184 ut
3077 1131 3334 1191 diximus.
3379 1132 3432 1185 in
3468 1132 3637 1200 patria
3672 1148 3799 1197 sua,

2207 1230 2399 1289 sponte
2465 1221 2568 1275 hoc
2614 1220 2909 1274 faciebant.
2974 1220 3111 1275 Cum
3176 1222 3319 1275 enim
3378 1237 3641 1276 ascensus
3683 1239 3800 1276 non

2207 1313 2397 1367 fuisset
2436 1323 2655 1382 propter
2682 1314 2840 1366 aliam
2876 1326 3117 1376 cansam,
3168 1329 3328 1381 quam
3388 1324 3609 1383 pr0pter
3666 1316 3803 1369 des-

2206 1406 2890 1475 criptiunem,etnusquam
2943 1416 3087 1461 stare
3132 1417 3376 1477 possent,
3428 1422 3493 1461 eo
3546 1408 3803 1477 impleto,

2207 1509 2430 1569 propter
2477 1498 2623 1568 quod
2670 1510 2952 1562 venerant,
2983 1500 3386 1555 descenderunt
3413 1502 3466 1555 in
3497 1499 3797 1557 Nazareth.

2207 1592 2447 1662 Angelus
2495 1602 2665 1656 certe,
2741 1592 2833 1660 qui
2893 1603 3081 1661 postea
3123 1609 3219 1648 eos
3280 1596 3540 1650 reddebat
3599 1596 3801 1665 quieti,

2206 1684 2351 1738 domi
2389 1684 2643 1737 restituit.
2682 1678 2794 1737 Nec
2849 1684 2952 1738 hoc
2991 1684 3059 1739 ab
3086 1700 3170 1748 re,
3215 1686 3307 1738 sed
3344 1702 3468 1739 eum
3507 1689 3803 1757 prophetia

2209 1778 2309 1832 hoc
2338 1777 2515 1847 ipsum
2543 1778 2726 1831 multis
2751 1787 2876 1831 ante
2902 1778 3063 1830 annis
3094 1776 3477 1847 signiﬁcasset.
3531 1779 3593 1833 Ut
3624 1780 3801 1843 enim,

2207 1872 2401 1939 inquit.
2447 1871 2771 1938 impleretur,
2817 1871 2955 1936 quod
2984 1870 3181 1922 dictum
3215 1871 3387 1939 fuerat
3428 1886 3460 1921 α
3507 1872 3801 1938 prophetis,

2211 1966 2523 2018 Nazarenus
2587 1962 2858 2014 vocabitur
2876 1963 2919 1993 ³³
2941 2001 2954 2015 .
2997 1962 3131 2015 Puer
3180 1972 3377 2024 autem,
3412 1972 3467 2015 ut
3493 1963 3569 2015 ait
3598 1962 3807 2027 Lucas,

2206 2055 2467 2109 crescebat
2505 2065 2551 2106 et
2581 2054 2947 2116 invalescebat,
3010 2055 3200 2120 spiritu
3235 2054 3463 2122 rcpiclus
3494 2058 3801 2123 sapientiae,

2209 2158 2255 2202 et
2295 2148 2467 2218 gratia
2500 2146 2596 2199 Dei
2632 2157 2747 2200 erat
2781 2147 2832 2199 in
2864 2148 2973 2214 ipso
2999 2146 3043 2177 ³⁸
3064 2186 3079 2202 .
3113 2147 3239 2201 Ilzuc
3291 2149 3612 2218 accipienda
3646 2158 3802 2213 sunt,

2210 2254 2265 2297 ut
2299 2242 2439 2295 dicta
2466 2243 2593 2304 sint,
2628 2241 2771 2310 quod
2802 2243 2993 2295 attinet
3015 2241 3081 2295 ad
3110 2243 3526 2298 humanitatem.

2278 2334 2477 2387 XXIII.
2516 2336 2650 2386 Cum
2669 2344 2849 2387 autem
2877 2336 3151 2402 (ll)esset
3184 2346 3343 2390 natus
3364 2352 3539 2392 annos
3590 2337 3801 2392 duode-

2210 2427 2332 2488 cim,
2375 2426 2621 2479 ascendit
2673 2426 2888 2495 quidem
2927 2426 3085 2479 simul
3118 2444 3241 2482 cum
3291 2430 3611 2495 parentibus
3638 2427 3802 2484 Jeru-

2208 2665 2459 2734 ζήτησιν,
2488 2663 2581 2715 καὶ
2604 2663 2782 2715 πάντα
2799 2664 2932 2733 ὁμοῦ
2957 2664 3031 2726 ὡς
3056 2666 3260 2735 μήτηρ,
3284 2665 3378 2719 καὶ
3403 2670 3808 2737 παρρησιαστι-

2211 2755 2476 2823 κώτερον,
2508 2754 2605 2806 καὶ
2636 2754 3143 2822 ἀνθρωπινώτερον,
3177 2757 3269 2807 καὶ
3303 2758 3807 2829 περιπαθέστερον,

2210 2844 2550 2910 διαλέγεται·
2586 2845 2645 2898 Τί
2680 2842 2878 2907 τοῦτο,
2902 2843 3136 2907 τέκνον,
3164 2845 3457 2909 ἐποίησας
3492 2849 3676 2914 mih-,-
3707 2854 3809 2907 καὶ

2212 2937 2293 2989 δτι
2328 2936 2476 2989 Ἰδοὺ
2510 2936 2623 3005 ἐγὼ
2658 2937 2755 2989 καί
2789 2938 2822 2989 o’
2861 2934 3056 3003 πατήρ
3089 2952 3206 2990 σου
3253 2936 3641 3007 ὀδυνώμενοι,
3667 2943 3808 3012 ἐζη-

2213 3027 2543 3096 τοῦμένσε.
2584 3029 2755 3089 Αὐτὸς
2775 3028 2829 3079 δὲ
2861 3029 2975 3079 λύει
3004 3031 3181 3082 πάντα
3222 3030 3311 3084 διὰ
3335 3031 3515 3101 τοῦτο,
3547 3038 3644 3087 καὶ
3673 3038 3808 3106 περὶ

2215 3121 2418 3187 πατρὸς
2461 3121 2675 3189 ἐκείνης
2721 3123 2813 3172 τοῦ
2850 3120 3131 3185 δοκοῦντος
3167 3126 3450 3194 εἰπούσης,
3492 3129 3519 3178 ὁ
3564 3128 3809 3199 Χριστὸς

520 3182 772 3280 ἐζῇτοῦν,
810 3213 837 3263 ὁ
869 3212 925 3264 δὲ
955 3182 1122 3281 τριῶν
1158 3210 1381 3279 ἡμερῶν
1412 3210 1605 3279 ἄδηλος
1644 3207 1730 3279 ἦν.
1772 3207 1902 3261 Εἶτα
1938 3182 2106 3277 φαίνει·
2134 3182 2180 3244 C
2213 3182 2403 3281 ῶσπερ
2432 3211 2493 3264 τὸ
2524 3182 2691 3281 ρηθέν
2718 3182 3125 3282 διορθούμενος,
3155 3218 3282 3287 περὶ
3311 3182 3628 3284 τοῦ-δντως⁶
3652 3182 3807 3291 λέγεί⁵

521 3307 614 3373 pb;
646 3304 828 3366 αὐτοῖς
852 3304 1058 3371 γίνεται
1089 3304 1147 3357 ἐν
1170 3302 1245 3372 τῷ
1276 3302 1407 3373 ἱερῷ
1438 3303 1535 3371 μὲν
1558 3302 1942 3373 καθεζόμενος,
1971 3302 2105 3371 ὁμοῦ

518 3413 578 3448 τε
606 3395 819 3449 ἀκούων
846 3395 954 3446 τῶν
985 3395 1343 3457 διδασκάλων,
1379 3396 1473 3447 καὶ
1501 3395 1637 3463 πρὸς
1663 3397 1902 3456 ἐκείνους
1931 3396 2108 3448 διαλε-

520 3482 775 3551 γόμενος,
806 3481 1128 3552 ἐκπλήττων
1160 3500 1220 3534 τε
1251 3485 1376 3546 τοὺς
1414 3485 1691 3553 ἀκροατὰς
1724 3486 1782 3537 ἐν
1816 3488 1935 3547 ταῖς
1973 3486 2109 3537 ἀπο-

520 3574 767 3644 κρίσεσι’
800 3576 941 3627 κατὰ
971 3572 1128 3625 τοῦτο
1160 3576 1270 3643 γὰρ
1306 3576 1399 3626 καὶ
1430 3576 1489 3626 τὸ
1526 3575 1914 3642 κραταιοῦσθαι
1947 3576 2109 3627 αὑτὸν

528 3664 824 3732 πνεύματι,
859 3665 953 3717 καὶ
983 3666 1144 3734 σοφία
1168 3665 1503 3732 προκόπτειν
1533 3667 1625 3719 καὶ
1652 3666 1855 3737 χάριτι,
1883 3666 1956 3729 ὡς
1984 3670 2110 3720 πολ-

522 3753 636 3817 λοῖς
664 3754 904 3807 τοιοῦτον
929 3756 1381 3825 ἀναφαινόμενον.
1410 3756 1678 3809 Λανθάνει
1704 3758 1759 3809 δὲ
1789 3758 1911 3818 τοὺς
1932 3758 2108 3821 γονεῖς

525 3845 673 3900 ὥστε»
695 3847 769 3918 μὴ
797 3847 927 3916 παρ’
956 3848 1134 3900 αὐτῶν
1158 3848 1468 3915 κωλυθῆναι
1502 3848 1601 3916 τὴν
1630 3847 1769 3917 πρὸς
1800 3850 1925 3911 τοὺς
1950 3865 2109 3918 νομο-

528 3936 717 4004 μαθεῖς
761 3936 1003 3996 ἐκείνους
1037 3934 1273 3997 διάλεξιν
1301 3951 1316 3969 ο
1364 3935 1583 3990 εἰδότων
1616 3937 1803 4007 ὥσπερ
1858 3937 2019 3990 αὑτοῦ
2048 3938 2110 3991 τὸ

524 4026 919 4097 ἀγράμματον,
952 4026 1153 4097 καὶίτοῦ
1179 4031 1253 4096 μὴ
1289 4030 1645 4098 προσπταίειν
1670 4032 1781 4090 τοῖς
1811 4030 1990 4095 λόγοις
2021 4030 2109 4081 εύ-

523 4117 879 4186 λα6ουμένων
903 4135 919 4151 ·
951 4122 983 4187 ἢ
1018 4120 1194 4171 ταῦτα
1224 4118 1365 4187 τάχα
1394 4120 1484 4170 καὶ
1512 4119 1838 4187 διαφεύγων,
1880 4119 1954 4190 μὴ
1983 4118 2108 4189 δόξῃ

522 4210 651 4271 τοὺς
668 4211 846 4276 γονεῖς
873 4208 1181 4277 ἀτιμάζειν,
1205 4209 1280 4281 τῷ
1297 4210 1545 4265 ἀπειθεῖν
1569 4211 2013 4282 ἐγκελευομένοις
2043 4211 2112 4265 τὰ

523 4298 831 4369 ἀνθρώποις
861 4299 1149 4353 ἀκόλουθα.
1180 4303 1279 4354 Διά
1303 4302 1476 4354 ταῦτα
1503 4303 1765 4371 ὑπομένει
1795 4303 1990 4371 λάθρα,
2018 4302 2112 4355 καὶ

524 4392 648 4444 ούδέ
672 4394 785 4453 τοῖς
809 4391 1056 4456 γονεῦσιν
1081 4391 1264 4453 αὐτοῖς
1292 4389 1652 4457 γινώσκεται·
1681 4392 1768 4444 ἵνα
1794 4393 2108 4462 μηδέτερον,

2213 3304 2420 3372 [ἰατρὸς
2442 3342 2456 3367 ,
2490 3307 2566 3366 εἰς
2603 3304 2809 3356 ἔννοιαν
2841 3306 3010 3371 αὐτὴν
3043 3305 3329 3373 ἐμϐάλλων
3361 3309 3458 3377 τῆς
3498 3310 3765 3378 ἀληθείας
3790 3329 3805 3343 ο

2209 3400 2304 3451 καὶ
2347 3398 2423 3467 μὴ
2472 3398 2642 3464 χαμαὶ
2695 3397 2918 3464 βαίνειν,
2960 3394 3078 3447 ἀλλ’
3124 3401 3201 3458 είς
3244 3399 3371 3464 ῦᾲος
3410 3399 3663 3465 αἴρεσθαι
3700 3422 3810 3456 πα-

2215 3487 2569 3554 ρασκευάζων
2601 3500 2618 3517 ο
2649 3488 2767 3538 Οὐκ
2810 3486 3027 3554 ᾔδειτε,
3060 3486 3253 3551 λέγων,
3294 3488 3383 3540 ὅτι
3421 3490 3490 3541 ἐν
3523 3491 3644 3557 τοῖς
3697 3496 3805 3549 τοῦ

2212 3578 2439 3643 Πατρός
2480 3594 2599 3645 μου
2638 3576 2731 3629 δεῖ
2756 3574 2910 3631 εἷναί
2936 3595 3049 3647 με;
3109 3579 3264 3632 Οῦτω
3297 3581 3571 3635 δείκνυσιν
3606 3585 3809 3639 ἑαυτὸν

2211 3669 2340 3722 ὄντα
2385 3669 2543 3738 φύσει
2596 3670 2747 3736 Θεὸν,
2798 3672 2911 3740 εἴγε
2958 3674 3054 3741 τῆς
3102 3674 3273 3743 αὐτῆς
3327 3675 3542 3744 φύσεως
3589 3678 3617 3730 ό
3670 3683 3809 3743 παῖς

2211 3760 2287 3827 τῷ
2318 3761 2548 3812 τεκόντι.
2594 3761 2746 3814 Ἐπεὶ
2779 3763 2833 3815 δὲ
2871 3764 2962 3815 τοῦ
2997 3765 3210 3835 [ἰατρὸς
3241 3768 3268 3819 ό
3294 3769 3439 3831 ναὸς,
3476 3772 3533 3820 ἐν
3564 3773 3678 3835 τοῖς
3706 3772 3808 3825 τοῦ

2212 3852 2427 3923 Πατρὸς
2442 3848 2509 3921 ἦν
2531 3853 2758 3919 ἐκεῖνος,
2788 3855 2890 3909 κᾶν
2912 3858 3094 3917 αὐτοῖς
3121 3858 3184 3909 τὸ
3210 3860 3363 3927 ρῆμα
3391 3865 3613 3917 συνετὸν
3644 3865 3809 3920 οὔπω

2211 3945 2456 4010 γέγονεν.
2508 3945 2773 3996 Ἐνταῦθα
2812 3944 3045 4015 πρώτως
3079 3947 3476 4019 ἀνδρικώτερον
3511 3952 3543 4021 ἢ
3595 3959 3807 4019 μᾶλλον

2211 4034 2386 4086 εἰπεῖν
2417 4033 2708 4103 Θειὸτερον,
2746 4035 2881 4105 πρὸς
2915 4038 3038 4099 τοὺς
3074 4040 3309 4103 οἰκείους
3339 4042 3671 4112 διαλέγεται,
3706 4051 3809 4101 καὶ

2211 4124 2481 4179 δείκνυσιν
2510 4128 2592 4180 δτι
2619 4130 2713 4181 καὶ
2743 4128 2928 4199 ἔτερος
2960 4132 2987 4182 ὁ
3019 4132 3205 4203 Πατὴρ
3236 4134 3402 4205 αὐτῷ,
3436 4142 3530 4191 και
3561 4139 3642 4192 ὅτι
3680 4143 3807 4212 οὐχ’

2210 4220 2284 4283 ὡς
2312 4219 2587 4290 ἀνθρώπῳ
2614 4222 2773 4291 ψιλῷ,
2797 4224 2930 4275 ἀλλὰ
2963 4227 3057 4278 καὶ
3078 4226 3152 4287 ώς
3179 4228 3319 4295 Θεῷ,
3342 4232 3432 4281 καὶ
3458 4231 3557 4300 τὴν
3582 4238 3808 4304 μητέρα

2213 4312 2360 4381 αὐτῴ
2411 4315 2766 4383 προσεκτέον,
2820 4316 2915 4366 καὶ
2973 4316 3056 4366 δτι
3116 4318 3145 4367 ό
3199 4318 3293 4369 τοῦ
3358 4322 3567 4389 Πατρὸς
3624 4320 3805 4393 οἶκος,

2214 4404 2241 4452 ό
2279 4404 2406 4465 ναὸς
2435 4403 2657 4473 δηλαδὴ,
2686 4405 2779 4455 καὶ
2805 4404 2969 4456 αὑτοῦ
2996 4402 3141 4469 οἶκός
3170 4408 3306 4473 ἐστι,
3332 4412 3580 4484 καθάπερ
3608 4419 3704 4468 καὶ
3734 4421 3807 4472 τὰ

526 4483 560 4551 ἢ
594 4481 828 4587 mulsea;
870 4481 1159 4587 γενόμενος
1192 4482 1430 4587 κωξιυξῇ.
1471 4483 1503 4553 ἢ
1540 4483 1634 4587 ita“
1668 4484 1865 4587 ἀπειξῇ
1903 4484 2111 4538 κωλυό-
2143 4532 2186 4587 D
2215 4494 2349 4547 ἄλλα
2388 4494 2567 4547 πάντα
2600 4494 2667 4547 τά
2695 4495 2790 4548 τοῦ
2830 4496 3073 4567 Πατρός·
3108 4500 3204 4553 καὶ
3245 4501 3328 4555 ὄτι
3362 4481 3562 4569 αὐτοὺς
3594 4508 3807 4578 εγκλη-

530 4586 709 4638 μενος.
743 4570 886 4638 Ὅρα
919 4571 979 4622 δὲ
1009 4570 1157 4633 ὅπως
1201 4572 1293 4624 καὶ
1329 4571 1366 4625 ἀ
1406 4574 1675 4643 προσήκει
1704 4570 1903 4645 παιδίῳ
1941 4578 2108 4629 ποιεῖ.

529 4660 605 4710 υύ
634 4662 741 4729 γὰρ
767 4661 1057 4728 προπετῶς
1080 4662 1318 4715 διδάσκει
1347 4664 1470 4727 τοὺς
1504 4665 1834 4735 νομομαθεῖς
1861 4665 2112 4719 διδασκά-

530 4753 658 4814 λους
709 4753 802 4804 καὶ
834 4753 1019 4820 ἱερεῖς,
1057 4752 1233 4805 καίτοι
1283 4754 1442 4820 μόνος
1476 4757 1636 4820 αὐτὸς
1668 4757 1990 4828 αὐτόχρημα
2022 4775 2112 4811 σο-

532 4845 629 4910 φία
665 4844 760 4895 καὶ
793 4844 949 4912 λόγος
983 4843 1059 4895 ῶν
1092 4846 1184 4897 καὶ
1225 4846 1459 4917 χορηγὸς
1489 4847 1587 4915 τῆς
1630 4850 1818 4916 σοφίας
1839 4867 1850 4878 ·
1882 4852 2016 4903 ἀλλά
2045 4850 2110 4903 δι’

532 4937 666 4988 αὐτὸ
714 4936 811 5005 μὲν
860 4932 956 4989 οὖν
998 4936 1173 5003 τοῦτο,
1229 4938 1405 5008 μέτρα
1445 4940 1537 4991 καί
1580 4939 1796 5009 ἡλικίας
1835 4944 1928 4993 καί
1957 4942 2113 5007 ἀξίας
2151 4960 2159 4967 '

532 5029 693 5090 αὑτός
733 5044 792 5078 τε
848 5027 1027 5090 καλῶς
1057 5028 1211 5091 εἰδὼς
1255 5031 1348 5082 καὶ
1388 5034 1498 5094 τοῖς
1528 5030 1707 5094 ἄλλοις
1750 5033 1967 5101 ὁρίζων,
2002 5035 2113 5095 τοῖς

537 5120 741 5189 ἱερεῦσι
792 5121 885 5172 καὶ
926 5119 1264 5183 διδασκάλοις
1305 5123 1397 5175 τοῦ
1451 5123 1719 5179 διδάσκειν
1771 5129 2113 5196 παραχωρεῖ.

533 5212 703 5274 Αὐτὸς
734 5212 789 5263 δὲ
823 5211 1011 5264 ἀκούει
1040 5230 1098 5264 τε
1128 5214 1221 5265 καὶ
1253 5215 1507 5284 ἐπερωτᾷ
1541 5218 1680 5283 μετὰ
1710 5217 1910 5285 πολλῆς
1938 5217 2117 5287 ἀμφό-

532 5322 691 5375 τερον
733 5305 831 5374 τῆς
884 5305 1188 5367 συνέσεως*
1224 5306 1459 5373 λογικῶς
1504 5323 1563 5359 τε
1612 5307 1719 5377 γάρ
1766 5308 1977 5379 ἐρωτᾷ·
2022 5307 2115 5361 καί

534 5401 802 5470 ἀκροᾶται
837 5400 1091 5463 συνετῶς,
1134 5399 1230 5453 καὶ
1258 5403 1608 5471 ἀποκρίνεται
1652 5402 2037 5472 συνετώτερον,
2087 5401 2114 5452 ὃ

535 5495 629 5545 καὶ
664 5494 722 5546 τὸ
762 5491 947 5556 θαῦμα
994 5494 1175 5564 πολλῷ
1212 5495 1398 5563 μεῖζον
1432 5495 1605 5548 ἐποίει
1644 5500 1743 5565 τῆς
1775 5497 2110 5565 ἀκροάσεως.

614 5584 723 5639 Τοῦ
753 5585 959 5639 αὐτοῦ.
1006 5586 1071 5638 Ἦ
1105 5587 1206 5655 μὲν
1236 5586 1515 5655 θαυμασία
1550 5587 1753 5657 μήτηρ,
1791 5586 2115 5657 σπλάγχνων

544 5677 825 5745 μητρικῶν
869 5678 1156 5748 ἡττωμένη
1181 5717 1196 5743 ,
1236 5678 1333 5731 καὶ
1378 5679 1566 5733 τέκνον
1600 5679 1760 5733 αὑτὸν
1797 5679 2114 5749 περιπαθῶς

541 5769 713 5829 καλεῖ,
753 5769 843 5822 καί⁵
877 5770 951 5833 ὼς
986 5770 1313 5840 ἐγκαλοῦσα,
1349 5772 1620 5842 προτείνει
1648 5773 1745 5843 τὴν
1776 5774 1895 5841 μετ’
1922 5772 2113 5841 ὀδύνης

2214 4587 2335 4638 τέον
2377 4586 2578 4656 μᾶλλον
2624 4588 2881 4657 ἀγνοοῦσι
2926 4592 3119 4657 ταῦτα,
3182 4596 3277 4648 καὶ
3308 4597 3475 4664 μηδὲν
3517 4602 3653 4668 μήτε
3705 4601 3806 4655 λα-

2215 4677 2365 4731 λοῦσι
2400 4681 2539 4751 μήτε
2575 4682 2833 4751 φρονοῦσι
2877 4684 2982 4736 τῶν
3032 4686 3166 4755 πρὸς
3200 4689 3477 4757 ἀλήθειαν.
3525 4693 3802 4750 Ἐνταῦθα

2215 4772 2444 4842 πρώτως
2466 4773 2558 4825 τοῦ
2581 4774 2794 4842 άληθῶς
2822 4777 3026 4846 Πατρὸς
3046 4782 3423 4851 φανερώτερον
3438 4793 3802 4858 μνημονεύει,

2216 4868 2309 4919 καὶ
2358 4870 2709 4937 παραγυμνοῖ
2747 4869 2911 4921 αὑτοῦ
2948 4872 3045 4940 τὴν
3079 4871 3328 4942 θεότητα.
3384 4877 3609 4933 Κάτεισι
3657 4887 3804 4950 μετά

2214 4958 2321 5011 τῶν
2358 4960 2558 5027 γονέων
2580 4961 2638 5026 ἐξ
2686 4958 3047 5034 Ἰερουσαλὴμ
3084 4967 3163 5027 εἰς
3198 4966 3454 5041 Ναζαρὲτ
3487 4973 3515 5024 ὁ
3553 4976 3762 5043 Κύριος
3787 4996 3802 5011 ·

2219 5054 2310 5105 καὶ
2366 5054 2596 5107 διατελεῖ
2647 5056 2855 5119 τούτοις
2900 5058 3353 5128 ύποταττόμενος,
3405 5068 3583 5131 γονεῖς
3631 5074 3803 5141 τιμᾷν

2220 5144 2490 5197 παιδεύων
2524 5148 2588 5197 ἐκ
2608 5144 2702 5197 τοῦ
2730 5147 2933 5200 οἰκείου
2958 5164 2971 5177 ·
3010 5150 3101 5201 καὶ
3127 5151 3262 5221 ὅπερ
3291 5154 3451 5218 αὐτὸς
3481 5158 3804 5228 ἐντειλάμε-

2218 5251 2303 5297 νος
2353 5234 2455 5307 ἦν,
2504 5238 2661 5290 τοῦτο
2718 5240 2930 5309 πρῶτος
2968 5234 3235 5311 πληρῶν,
3284 5246 3380 5298 καὶ
3434 5250 3599 5317 τιμᾷν
3656 5252 3800 5304 οὓτω

2216 5328 2481 5383 διδάσκων
2511 5332 2709 5397 γονεῖς,
2743 5334 2907 5401 τιμᾷν
2938 5332 2991 5384 δὲ
3029 5338 3243 5400 πάντως
3279 5338 3418 5405 μετά
3450 5338 3581 5391 Θεον
3606 5356 3617 5370 ·
3651 5345 3804 5395 ἐκεί-

2219 5439 2323 5473 νων
2362 5423 2465 5491 γὰρ
2517 5425 2916 5493 προτιμοτέραν
2969 5421 3107 5478 εἶναι
3154 5428 3254 5497 τὴν
3304 5430 3639 5486 θεοσὲὅειαν.
3700 5436 3800 5486 Διά

2217 5513 2373 5566 τοῦτο
2398 5516 2490 5565 καὶ
2518 5516 2841 5586 παραλιπὼν
2871 5517 3089 5585 αὐτοὺς,
3111 5521 3188 5591 τῷ
3210 5521 3321 5595 ναῶ
3350 5526 3668 5595 προσμένει,
3708 5532 3799 5581 και

2218 5607 2307 5659 τὸν
2336 5607 2501 5659 αὐτοῦ
2539 5610 2720 5675 πόθον,
2760 5611 3105 5684 ἰσχυρότερον
3131 5590 3269 5668 εἰναι
3438 5590 3533 5672 τοῦ
3559 5590 3796 5688 φυσικοῦ

2218 5698 2430 5754 κελεύει
2458 5702 2547 5753 καὶ
2577 5703 2868 5771 πατρικοῦ.
