3972 6454
181 413 288 474 549

1283 407 1567 466 ORATIO
1607 406 1702 468 DE
1747 406 2036 467 SANCTA
2077 408 2347 470 MARIA.

3342 415 3450 476 550

183 531 373 592 salem,
409 529 610 582 festum
636 526 853 580 Paschaa
875 524 1264 577 celebraturus.
1304 522 1438 576 Cum
1466 539 1594 576 vero
1635 523 1762 577 illud
1797 534 1840 587 Α
1874 523 2041 577 tissini
2065 523 2401 584 amMariam,
2423 522 2647 576 Matrem
2668 524 2806 590 ejus.
2834 525 2926 594 qui
2960 540 3085 580 vere
3101 537 3181 581 est
3201 530 3467 598 sapientia

183 624 346 674 tinem
373 619 694 688 accepisset.
725 616 826 685 ipsi
879 615 1096 684 quidem
1145 614 1347 672 reversi
1390 625 1550 670 sunt:
1610 614 1770 670 Jesus

181 722 360 765 autem
381 719 565 764 manet
593 724 686 764 eos
714 709 906 762 latens.
945 705 1007 760 Et
1030 706 1103 760 illi
1149 707 1368 775 quidem
1427 709 1764 775 quaerebam,

181 805 268 856 liic
303 819 434 855 vero
462 812 572 856 tres
603 801 721 854 dies
752 800 927 853 latuit.
964 797 1169 852 Deinde
1209 798 1289 853 eis
1325 798 1382 851 fit
1422 798 1764 865 manifestus,

181 895 230 946 in
269 895 475 963 templo
530 893 748 962 quidem
812 891 1032 954 sedens,
1089 891 1250 944 simul
1304 899 1484 944 autem
1539 891 1768 944 audiens

177 986 462 1052 doctores,
499 995 714 1040 etcum
770 983 875 1038 illis
929 985 1226 1050 disserens,
1291 995 1345 1038 et
1390 985 1443 1038 in
1497 985 1768 1054 responsis

177 1079 460 1133 auditores
499 1077 736 1132 alliciens
758 1076 1139 1130 admiratione.
1200 1077 1252 1129 In
1279 1076 1382 1130 hoc
1408 1076 1552 1131 enim
1582 1075 1771 1144 imple-

177 1171 356 1235 batur,
394 1170 537 1238 quod
562 1169 628 1222 de
657 1168 747 1223 illo
776 1169 1038 1238 scriptum
1069 1178 1171 1230 est,
1215 1168 1360 1237 quod
1404 1181 1532 1234 puer
1563 1169 1768 1236 confor-

178 1260 396 1312 tabatur
413 1261 630 1329 spiritu,
667 1269 714 1314 et
735 1260 1039 1328 proﬁciebat
1063 1260 1322 1328 sapientia
1353 1269 1400 1311 et
1428 1261 1604 1327 gratia
1626 1258 1766 1325 apud

179 1349 347 1404 Deum
378 1361 427 1404 et
465 1352 718 1417 homines,
757 1365 822 1405 eo
863 1351 1007 1420 quod
1055 1350 1241 1403 multis
1265 1349 1384 1404 talis
1410 1358 1528 1404 esse
1590 1349 1768 1403 decla-

177 1451 348 1496 retur.
382 1440 539 1495 Latet
561 1453 744 1497 autem
771 1452 1046 1512 pareutes,
1081 1457 1152 1495 ne
1182 1444 1250 1496 ab
1273 1442 1352 1496 eis
1382 1441 1766 1511 prohiberetur

174 1533 448 1587 disserere
475 1548 597 1588 cum
649 1533 1000 1604 jurisperitis,
1040 1544 1098 1588 ut
1133 1534 1221 1604 qui
1261 1533 1470 1589 scirent
1501 1550 1626 1588 eum
1656 1549 1766 1588 non

172 1623 433 1678 didicisse
486 1625 718 1686 litteras.
752 1635 810 1681 et
833 1636 1113 1692 caverent,
1147 1643 1218 1681 ne
1255 1627 1532 1681 laberetur
1562 1628 1616 1680 in
1649 1643 1766 1680 ser-

174 1729 338 1769 mone
372 1733 385 1770 :
419 1727 513 1770 aut
539 1716 774 1772 fortasse
798 1733 1019 1780 cavens,
1078 1734 1147 1772 ne
1178 1719 1457 1773 videretur
1513 1728 1766 1786 parentes

172 1805 374 1859 habere
402 1810 758 1878 contemptui,
792 1825 858 1863 eo
879 1810 1024 1878 quod
1056 1825 1165 1863 non
1203 1811 1519 1878 parentibus
1547 1819 1766 1879 pareret

1876 626 1930 670 et
1953 632 2152 670 arcana
2181 617 2442 687 cognitio.
2466 617 2815 672 Conservabat
2850 620 3021 684 enim,
3063 621 3256 688 inquit,
3288 625 3466 677 omnia

1873 709 2024 761 verba
2059 710 2166 763 [nec
2192 709 2244 762 in
2277 710 2429 762 corde
2467 726 2561 763 suo
2583 711 2664 762 "z
2699 710 2838 764 sicut
2880 711 3042 764 etiam
3070 715 3221 781 prius
3263 715 3316 767 in
3374 718 3469 770 ad-

1873 807 2044 852 ventu
2100 811 2405 869 pastorum,
2464 812 2520 854 et
2581 801 2643 854 iis
2693 817 2813 868 quae
2876 802 2947 854 illi
3003 805 3115 856 visa
3175 817 3230 858 et
3287 808 3465 860 audita

1875 892 2194 945 narrabant.
2224 892 2291 945 Et
2322 902 2452 947 tunc
2490 892 2663 947 Lucas
2700 893 3082 949 siinilitcrliaac
3118 897 3300 950 omnia
3329 899 3469 952 dixit

1875 979 2096 1035 Mariam
2128 998 2472 1038 conservare.
2533 985 2649 1038 Non
2709 985 2852 1037 enim
2889 985 2960 1047 ei,
2993 997 3246 1055 tanquam
3305 990 3466 1043 alicui

1875 1072 2070 1128 infanti
2122 1075 2460 1137 attendebat,
2529 1077 2623 1130 sed
2664 1092 2784 1144 qua:
2849 1080 3188 1143 dicebantur,
3251 1079 3466 1148 plurimi

1872 1163 2102 1218 iaciebat
2131 1185 2144 1219 :
2173 1175 2227 1220 et
2259 1166 2391 1220 nihil
2427 1177 2542 1220 erat
2581 1183 2641 1220 ex
2679 1169 2742 1219 iis
2767 1184 2887 1237 qua:
2913 1171 2978 1223 ab
3010 1171 3128 1240 ipso
3147 1172 3469 1226 dicebantur

1873 1265 1928 1309 et
1968 1256 2190 1319 ﬁebant,
2247 1261 2389 1328 quod
2450 1275 2560 1314 non
2624 1275 2685 1314 ea
2741 1278 2937 1332 magno
3006 1266 3186 1318 studio
3248 1267 3467 1336 dignum

1871 1346 2116 1410 duceret,
2141 1357 2196 1402 et
2222 1351 2387 1404 corde
2413 1351 2700 1422 diligenter
2731 1339 2954 1418 celaret,
2987 1355 3298 1410 divinarum
3335 1375 3472 1426 qua-

1874 1439 2119 1492 rumdam
2181 1455 2363 1493 rerum
2428 1455 2482 1496 et
2549 1459 2873 1499 arcanarum
2938 1462 3003 1500 ea
3067 1463 3188 1502 esse
3234 1449 3470 1515 semina,

1872 1543 2073 1600 easque
2097 1531 2200 1584 illis
2231 1536 2638 1601 pmmonstrari
2686 1548 2834 1592 recte
2862 1539 3132 1607 judicans.

1944 1623 2146 1679 XXVI.
2179 1625 2310 1680 Post
2356 1627 2473 1682 hinc
2501 1629 2791 1699 baptisma,
2843 1642 2967 1700 post
2992 1635 3136 1700 quod
3205 1635 3468 1688 miracula

1872 1731 2089 1786 quoque
2117 1734 2131 1782 ;
2164 1719 2259 1773 sed
2296 1718 2400 1788 (ut
2431 1721 2649 1776 divinus
2673 1724 2809 1776 dicit
2836 1723 3075 1778 Joannes
3091 1725 3178 1795 ⁸⁸)
3212 1727 3264 1780 id
3322 1730 3467 1795 quod

1873 1811 2108 1876 primurn
2137 1809 2370 1882 fecitiin
2428 1814 2654 1882 nuptiis,
2690 1815 2935 1884 inquam,
2973 1832 3127 1885 aqua:
3176 1818 3228 1870 iu
3281 1819 3469 1874 vinum

168 1896 494 1962 jubentibus
531 1913 594 1951 ea
647 1914 768 1967 quae
815 1908 943 1953 sunt
997 1899 1311 1954 hominibus
1354 1899 1767 1970 conchuentia.
1806 1913 1844 1968 Β
1875 1900 2423 1970 mutatioueinjfecit
2446 1904 2616 1960 Matre
2646 1911 2934 1974 praesente.
2967 1909 3056 1960 Illa
3076 1909 3294 1977 quidem
3321 1920 3468 1964 certe

175 1983 306 2039 Vide
329 1996 537 2050 autem,
600 1988 1058 2055 quemadmodum
1105 2003 1169 2042 ea
1216 1988 1367 2054 facit,
1417 2006 1539 2060 quae
1598 2004 1766 2059 puero

171 2083 536 2134 conveniunt.
575 2080 691 2135 Non
721 2082 868 2136 enim
929 2083 1088 2137 docet
1141 2083 1500 2154 legisperitos.
1550 2084 1764 2139 etiamsi

171 2181 313 2226 esset
337 2173 714 2242 suppeditator
744 2175 1043 2244 sapientiae,
1108 2177 1203 2228 sed
1253 2175 1403 2228 audit
1433 2185 1487 2228 et
1535 2177 1767 2230 interro-

169 2278 258 2336 gat
293 2285 307 2322 :
343 2279 638 2337 utrumque
669 2284 792 2322 cum
825 2283 1017 2335 magna
1066 2268 1353 2334 sapientia.
1389 2267 1493 2321 Sed
1535 2283 1632 2322 cur
1654 2283 1761 2321 non

173 2356 376 2422 primo,
448 2370 550 2407 nec
596 2355 860 2416 secundo,
921 2355 1013 2408 sed
1093 2357 1254 2409 tertio
1309 2355 1599 2418 invenitur,
1670 2357 1760 2426 qui

169 2441 432 2506 qumritut‘
479 2453 508 2491 a
563 2438 924 2507 parentibus?
966 2437 1101 2493 Hinc
1125 2438 1356 2494 fortasse
1401 2443 1758 2511 sepulturam,

169 2541 224 2583 et
253 2545 376 2599 quae
405 2539 530 2600 post
554 2538 664 2585 tres
698 2531 814 2586 dies
855 2530 1036 2586 futura
1100 2545 1237 2601 erat,
1303 2537 1759 2589 resurrectionem

170 2609 622 2691 pnesigniiicans.
657 2619 811 2672 Tunc
836 2625 1002 2683 enim,
1035 2639 1156 2677 cum
1183 2629 1434 2692 sepulcro
1479 2636 1761 2682 contectus

168 2723 333 2774 esset.
365 2721 613 2781 apparet.

242 2824 446 2881 XXIV.
485 2826 592 2882 Sed
625 2830 900 2898 quomodo
941 2845 1129 2886 rursus
1194 2829 1365 2885 Mater
1404 2830 1757 2899 admirabilis,

168 2933 195 2968 a
240 2918 504 2973 maternis
540 2920 683 2974 victa
713 2921 1092 2986 visceribus,et
1133 2938 1255 2976 cum
1289 2939 1481 2994 magna
1512 2923 1763 2977 affectio-

169 3025 234 3062 ne
276 3020 434 3063 vocat
465 3009 686 3072 Filium,
713 3022 765 3064 et
791 3021 1041 3079 tanquam
1084 3014 1512 3081 reprehendens,
1542 3016 1761 3070 adducit

169 3116 308 3164 eam,
334 3117 457 3171 quae
497 3116 621 3155 cum
654 3103 840 3157 dolore
880 3105 1064 3168 fiebat,
1121 3105 1574 3173 inquisitionem?
1603 3108 1758 3171 Ecce,

169 3195 381 3256 dicens,
424 3201 580 3261 pater
638 3204 757 3247 tuus
829 3205 877 3246 et
930 3211 1022 3264 ego
1082 3196 1312 3247 dolentes
1396 3200 1757 3264 qucercbamus

1876 1992 2048 2060 prima
2093 1994 2349 2048 admonet
2393 1997 2581 2050 vinum
2610 1997 2827 2064 deesse,
2867 1998 3003 2052 Filio
3035 2003 3285 2070 praebens
3311 2018 3469 2056 occa-

1876 2084 2085 2139 sionem
2154 2097 2209 2141 et
2237 2090 2518 2142 materiam
2559 2090 2791 2146 faciendi
2826 2094 3170 2147 miraculum.
3202 2095 3253 2148 ls
3285 2106 3467 2150 autem

1874 2179 2123 2244 quamvis
2175 2194 2317 2247 aegre
2360 2181 2503 2234 ferre
2560 2185 2865 2246 videbatur,
2897 2193 2952 2236 et
2988 2187 3107 2238 ideo
3172 2203 3465 2242 recusare:

1874 2266 2001 2321 facit
2034 2278 2212 2323 tamen
2240 2286 2302 2324 ea
2356 2286 2475 2340 qua:
2505 2288 2535 2324 a
2581 2273 2750 2328 Matre
2807 2278 3262 2345 suggerebantur,
3298 2282 3469 2333 hono-

1873 2371 2000 2411 rans
2021 2362 2245 2416 omnino
2277 2373 2338 2416 ut
2372 2363 2622 2430 Matrem,
2650 2377 2704 2418 et
2742 2362 2905 2420 \eluti
2941 2367 2988 2421 ei
3024 2371 3258 2425 reddens
3319 2390 3464 2426 incr-

1873 2452 2084 2517 ccdem,
2117 2457 2260 2524 quod
2290 2458 2468 2526 ipsum
2503 2457 2556 2510 in
2591 2459 2713 2513 alvo
2742 2464 3062 2530 gestaverit.
3101 2463 3237 2517 Vide
3280 2471 3462 2521 autem

1874 2543 1961 2598 hic
1990 2561 2207 2615 quoque
2239 2549 2330 2603 Dei
2390 2550 2576 2605 Matris
2612 2554 2878 2622 insignem
2948 2555 3379 2612 moderationem
3414 2571 3468 2612 et

1871 2640 2242 2703 prudentiam.
2291 2639 2404 2695 Nec
2464 2644 2612 2696 enim
2661 2645 2820 2713 jubet
2877 2647 3157 2711 audacter,
3204 2658 3463 2719 tanquam

1872 2726 2042 2782 Mater
2073 2729 2234 2796 Filio,
2267 2741 2326 2786 ut
2352 2733 2515 2787 faciat
2547 2734 2892 2800 miraculum,
2945 2740 3040 2792 sed
3073 2755 3196 2792 eum
3260 2747 3468 2796 solum-

1871 2822 2034 2876 modo
2067 2825 2348 2891 admonet,
2371 2826 2536 2896 idque
2567 2844 2689 2882 cum
2723 2831 2954 2897 quadam
2987 2847 3180 2903 magna
3206 2848 3466 2888 reveten~

1871 2917 1943 2968 tia
1980 2925 2035 2969 et
2068 2919 2452 2984 submissione,
2483 2931 2538 2974 et
2567 2930 2832 2990 quantum
2863 2924 3139 2980 suﬂiceret
3179 2929 3245 2981 ad
3311 2946 3465 2983 suam

1869 3006 2248 3062 declarandam
2285 3011 2638 3066 voluntatem.
2683 3014 2821 3078 Quid
2860 3017 3004 3068 enim
3039 3022 3292 3087 est,quod
3335 3023 3468 3076 dicit

1871 3097 2047 3153 Filio?
2104 3099 2292 3155 Vinum
2329 3119 2429 3157 non
2472 3106 2681 3157 habent.
2733 3105 2866 3159 Nam
2891 3110 2991 3160 etsi
3027 3123 3090 3161 ea
3134 3111 3280 3164 illum
3345 3128 3466 3168 esse

1869 3203 2029 3243 suum
2063 3196 2430 3260 cognoscebat
2495 3197 2710 3261 Filium,
2761 3213 2868 3252 non
2932 3199 3214 3268 ignorabat
3282 3213 3463 3258 tamen

168 3284 273 3335 ηδτ
299 3323 312 3336 ο
366 3283 435 3339 Et
469 3285 591 3340 ideo
630 3302 752 3341 cum
788 3287 873 3340 ius
903 3287 1134 3340 dixisset
1169 3287 1238 3339 de
1274 3295 1452 3354 patre,
1500 3296 1759 3354 tanquam
1788 3264 1831 3326 C
1866 3294 1992 3332 eum
2026 3296 2146 3335 esse
2191 3296 2350 3337 suum
2377 3301 2593 3354 quoque
2641 3264 2979 3341 effectorem:
3024 3291 3088 3342 Et
3135 3294 3256 3345 ideo
3298 3292 3462 3347 simul

167 3378 232 3432 de
263 3394 328 3433 eo
348 3380 442 3448 qui
493 3380 802 3444 videbatur,
864 3379 1120 3434 Christus
1174 3378 1337 3431 veluti
1382 3379 1662 3446 corrigens
1712 3380 1763 3433 id

166 3472 307 3538 quod
339 3474 543 3526 dictum
573 3471 769 3534 fuerat,
791 3472 926 3526 dicit
956 3472 1023 3525 de
1053 3486 1139 3533 eo,
1190 3471 1281 3540 qui
1311 3481 1398 3525 est
1423 3487 1549 3525 vere
1585 3479 1758 3540 pater,

165 3569 213 3618 ei
244 3568 532 3618 veritatem
566 3575 828 3617 revocans
861 3565 914 3614 in
958 3565 1296 3626 memoriam,
1333 3574 1388 3616 et
1441 3566 1758 3632 providens,

169 3657 350 3708 utnon
389 3657 540 3711 humi
569 3664 773 3725 serpat,
807 3655 901 3708 sed
939 3656 990 3708 in
1021 3656 1190 3708 altum
1214 3655 1503 3708 extollatur
1536 3673 1548 3708 :
1577 3655 1760 3708 Nesci—

163 3753 250 3812 tis,
285 3750 500 3814 dicens,
556 3752 694 3818 quod
730 3765 809 3803 me
839 3759 1036 3818 oportet
1088 3765 1196 3802 esse
1252 3751 1302 3800 in
1345 3749 1407 3802 iis
1455 3765 1570 3819 qua:
1640 3759 1758 3802 sunt

168 3841 342 3896 Patris
379 3843 586 3895 mei“?
631 3841 721 3896 Sic
756 3857 814 3898 se
841 3843 1080 3896 ostendit
1146 3843 1314 3896 Deum
1364 3858 1486 3896 esse
1542 3853 1754 3907 natura,

168 3937 432 4003 siquidem
456 3935 628 3989 Filius
647 3936 889 4004 ejusdem
911 3945 991 3989 est
1023 3945 1231 3988 natura:
1256 3951 1380 3988 cum
1411 3934 1588 3987 Patre.
1613 3935 1758 3998 Quo-

166 4029 306 4079 niam
338 4038 524 4078 autcm
563 4027 694 4078 illud
729 4027 989 4094 templum
1019 4027 1194 4079 Patris
1243 4035 1378 4089 erat,
1407 4026 1459 4077 in
1522 4025 1585 4079 iis
1637 4041 1756 4094 quae

166 4130 289 4172 sunt
319 4118 500 4172 Patris
543 4117 634 4171 ille
666 4119 998 4172 versabatur.
1034 4116 1188 4182 Quod
1239 4119 1464 4171 verbum
1515 4119 1755 4171 nonduin

170 4211 521 4266 manifestum
559 4211 667 4265 illis
722 4221 860 4266 erat.
897 4211 990 4264 Ille
1047 4221 1230 4264 autem
1291 4212 1574 4264 descendit
1631 4227 1754 4264 cum

167 4322 241 4358 eis
266 4307 319 4358 in
357 4305 650 4370 Nazareth,
684 4315 739 4358 et
781 4303 981 4358 mansit
1019 4304 1099 4358 eis
1135 4303 1438 4371 subjectus,
1469 4319 1534 4356 ex
1566 4320 1624 4356 se
1654 4305 1754 4356 do-

175 4413 302 4453 cens
337 4400 611 4451 lionorare
647 4405 921 4466 parentes,
955 4406 1009 4450 ct
1038 4396 1183 4465 quod
1217 4397 1330 4464 ipse
1357 4395 1616 4465 jusserat,
1652 4397 1754 4450 hoc

166 4491 369 4556 primus
423 4488 700 4556 implens;
759 4489 1030 4541 honorare
1079 4500 1260 4542 autem
1340 4491 1562 4542 omnino
1636 4501 1754 4559 post

1867 3373 2083 3441 quidem
2135 3377 2324 3430 volens
2370 3379 2682 3442 ostendere,
2735 3380 3019 3448 cujusnani
3071 3393 3218 3436 esset
3269 3383 3460 3450 Mater,

1867 3474 1922 3519 et
1947 3465 2107 3519 simul
2138 3467 2300 3521 etiam
2332 3467 2533 3521 referre
2565 3471 2789 3535 gratiam
2827 3472 2892 3522 ilS
2930 3473 3022 3539 qui
3056 3473 3446 3539 invitaverant,

1865 3561 2165 3627 prudenter
2191 3561 2240 3615 ei
2277 3563 2514 3634 suggerit
2546 3563 2792 3616 miraculi
2830 3563 3202 3618 ellectioneni.
3255 3565 3462 3624 Deinde

1865 3652 2027 3704 etiam
2053 3652 2318 3706 ministris
2346 3673 2359 3706 ;
2394 3653 2766 3724 Quodcumque
2818 3659 3034 3722 dixerit,
3058 3658 3266 3728 inquit,
3295 3662 3458 3720 vobis,

1863 3741 2152 3810 facite,hoc
2186 3742 2373 3796 dicens
2405 3745 2470 3795 de
2503 3743 2672 3808 Filio;
2711 3747 2824 3812 jam
2873 3748 3018 3798 enim
3078 3752 3332 3803 veniebat
3389 3753 3458 3804 ad

1864 3837 2111 3885 notitiam
2138 3834 2351 3888 virtutis
2381 3835 2526 3900 Filii,
2548 3851 2605 3889 ut
2631 3853 2750 3906 quae
2775 3839 2997 3893 vidisset
3025 3842 3188 3893 multa
3217 3843 3459 3896 admira-

1862 3924 2004 3988 bilia,
2033 3942 2153 3993 qua:
2202 3928 2365 3979 etiam
2401 3931 2658 3996 paulatim
2697 3931 2751 3981 in
2794 3933 2959 3984 corde
3023 3934 3360 3998 conferebat,
3401 3947 3461 3989 ut

1864 4029 2007 4071 reetc
2035 4020 2390 4085 cognovimus
2418 4033 2482 4070 ex
2511 4019 2576 4071 iis
2619 4035 2741 4100 quae
2773 4035 3199 4088 przecesserunt.

1934 4109 2155 4164 XXVII.
2195 4111 2464 4176 Quoniam
2494 4123 2806 4166 autemnon
2858 4116 2968 4168 alio
3029 4121 3238 4185 spectat
3290 4132 3457 4187 argu-

1861 4213 2102 4256 mentum
2139 4208 2504 4272 propositum,
2563 4221 2728 4274 quam
2767 4208 2941 4258 solum
3001 4210 3067 4260 ad
3115 4212 3456 4266 ostendenda

1860 4295 2096 4366 Virginis
2141 4297 2426 4365 magnalia,
2463 4296 2562 4348 erit
2598 4301 2703 4349 hoc
2755 4312 2975 4364 quoque
3042 4314 3209 4351 unum
3270 4317 3334 4352 ex
3392 4303 3457 4354 iis

1857 4403 1975 4456 qua:
2001 4389 2152 4440 illius
2175 4399 2304 4442 suut
2333 4389 2475 4442 bona
2503 4399 2558 4442 et
2596 4393 2878 4458 pratclam,
2940 4391 2984 4443 si
3043 4393 3452 4448 OStenderimus

1858 4497 1977 4533 eam
2013 4482 2183 4534 luisse
2209 4491 2473 4550 perpetuo
2501 4492 2767 4535 versatam
2791 4498 2915 4536 cum
2952 4482 3112 4547 Filio,
3141 4495 3196 4539 ct
3228 4503 3276 4540 ei
3310 4503 3453 4540 sem-

167 4580 357 4644 Deum,
421 4579 635 4649 illisque
707 4594 827 4634 esse
894 4580 1292 4650 praferendum
1369 4582 1459 4634 Dei
1521 4583 1749 4636 cultum,
1786 4590 1958 4658 Dper
1986 4574 2276 4639 assedisse,
2315 4583 2369 4628 et
2393 4590 2494 4629 nec
2547 4575 2599 4627 in
2676 4586 2919 4643 tempore
2975 4578 3193 4642 quidem
3266 4594 3448 4632 rerum

165 4675 284 4728 Ideo
314 4673 465 4728 enim
506 4673 586 4727 eis
619 4671 840 4736 relictis,
868 4675 922 4727 in
958 4674 1160 4743 templo
1195 4682 1552 4736 remanserat,
1573 4681 1755 4727 osten-

163 4769 295 4822 dens
341 4766 438 4820 Dei
490 4779 730 4817 amorem
775 4767 1005 4819 naturali
1048 4776 1102 4820 et
1157 4776 1387 4837 paterno
1438 4766 1753 4821 validiorem

162 4873 278 4912 esse
315 4859 544 4912 debere.

234 4945 374 5000 XXV
396 4987 410 4999 .
439 4946 545 5001 Sed
563 4947 688 5002 mihi
719 4962 905 5000 rursus
930 4946 1040 5018 (l2)
1071 4946 1191 5000 vide
1221 4948 1508 5000 mulierum
1535 4946 1753 5015 sapien-

231 5112 272 5143 ⁸¹
311 5113 428 5167 Luc
463 5125 522 5176 ll,
553 5108 642 5164 48.
721 5108 766 5140 ⁸⁸
796 5107 927 5163 ibid.
965 5110 1054 5165 49.
1132 5109 1174 5140 ⁸³
1204 5108 1335 5165 ibld.
1358 5108 1447 5162 5i.
1527 5110 1572 5140 ⁶⁰
1599 5108 1754 5163 Joau.

232 5275 341 5342 (12)
373 5276 485 5331 Τοῦ
516 5271 970 5340 Μεταφραστοῦ.
1010 5265 1153 5336 Ὅρα
1191 5287 1281 5339 μοι
1335 5271 1428 5324 καὶ
1461 5265 1615 5330 αὖθις
1652 5269 1750 5336 τὴν

166 5368 491 5436 σοφωτάτην
520 5364 794 5434 γυναικῶν
820 5364 1038 5434 Μαρίαν
1060 5377 1071 5389 ·
1098 5361 1196 5431 τὴν
1231 5363 1441 5432 μητέρα
1460 5362 1557 5429 τῆς
1582 5360 1750 5424 ὅντως

167 5461 355 5528 σοφίας
385 5462 481 5512 καὶ
503 5461 819 5532 ἀπορρήτου
850 5460 1121 5524 γνώσεως.
1148 5456 1407 5522 Διετήρει
1437 5458 1565 5525 γὰρ,
1593 5459 1746 5524 φησὶ,

165 5555 358 5608 πάντα
423 5552 498 5604 τὰ
539 5554 781 5621 ῥήματα
824 5549 1012 5602 ταῦτα
1051 5553 1119 5602 ἐν
1164 5547 1237 5615 τῇ
1276 5548 1489 5616 καρδίᾳ
1534 5547 1747 5614 αὐτῆς,

165 5649 348 5718 ὥσπερ
372 5646 438 5714 δὴ
465 5645 559 5697 καὶ
585 5647 847 5714 πρότερον
875 5645 966 5696 ἐπὶ
998 5647 1063 5713 τῇ
1100 5643 1203 5695 τῶν
1233 5643 1504 5708 ποιμένων
1526 5645 1750 5694 ἐπιστα-

169 5743 274 5811 σίᾳ.
333 5741 426 5794 καὶ
455 5735 538 5798 οἷς
575 5739 775 5790 ἐκεῖνος
812 5739 1115 5807 ἑωρακότες
1152 5737 1247 5788 καὶ
1298 5737 1626 5795 ἀκούσαντες
1661 5737 1748 5800 ξ’

168 5835 453 5902 τείάρευον.
493 5831 602 5883 Καὶ
625 5831 746 5881 τότε
781 5831 886 5898 γὰρ
931 5830 1103 5883 ταῦτα
1137 5829 1315 5880 πάντα
1349 5829 1380 5897 ἡ
1412 5827 1597 5895 Μαρία
1632 5843 1757 5878 συν.

1860 4667 2230 4730 adversarum,
2264 4681 2364 4718 nec
2404 4668 2459 4719 in
2503 4665 2758 4721 Passione
2809 4667 2977 4722 fuisse
3024 4669 3090 4722 ab
3133 4685 3198 4722 eo
3225 4684 3449 4738 separa-

1861 4774 1992 4822 tam,
2020 4760 2237 4827 quando
2262 4768 2318 4812 et
2361 4757 2628 4828 discipuli,
2692 4770 2746 4814 et
2776 4762 2955 4826 amici,
3007 4775 3061 4815 et
3092 4778 3280 4815 omnes
3312 4768 3447 4825 noti,

1861 4854 1948 4906 alii
1982 4851 2198 4919 quidem
2223 4851 2340 4920 ipso
2369 4853 2594 4904 omnino
2636 4854 2848 4906 relicto.
2883 4869 2940 4907 se
2968 4855 3023 4908 in
3053 4858 3221 4928 pedes
3266 4860 3451 4925 conje-

1863 4952 2084 4998 cerunt:
2107 4943 2196 4999 alii
2221 4959 2366 5008 vero,
2397 4960 2518 4997 cum
2544 4945 2821 5014 paululum
2840 4959 3265 5014 exspectaSseut,
3286 4964 3450 5016 nega-

1831 5153 1844 5175 ,
1870 5111 1894 5164 1
1921 5125 2071 5179 seqq.

1860 5273 2068 5338 ετήρει·
2102 5271 2162 5321 οὐ
2193 5269 2299 5337 γὰρ
2335 5269 2409 5330 ὡς
2443 5268 2643 5338 παιδέῳ
2671 5269 2778 5321 τινὶ
2810 5273 3118 5338 προσεῖχεν·
3152 5271 3286 5325 ἁ).λὰ
3320 5278 3446 5344 περὶ

1859 5364 2112 5414 πλείστου
2159 5362 2227 5413 τὰ
2277 5361 2546 5431 λεγόμενα
2589 5363 2847 5427 ἐποιεῖτο,
2890 5363 2984 5414 καὶ
3037 5364 3188 5416 οὐδὲν
3224 5361 3291 5426 ἧν
3339 5366 3449 5417 τῶν

1861 5454 1991 5523 παρ’
2031 5454 2197 5506 αὑτοῦ
2250 5455 2584 5523 λεγομένων,
2631 5453 2660 5505 ὂ
2702 5453 2776 5524 μὴ
2826 5456 2976 5520 ἀξιον
3021 5455 3160 5523 αὑτὴ
3212 5458 3446 5525 σπουδῆς

1859 5548 2118 5612 ἐποιεῖτο,
2147 5548 2240 5600 καὶ
2273 5552 2351 5610 εἰς
2385 5548 2611 5616 καρδίαν
2645 5549 2915 5612 ἔκρυπτεν
2950 5549 3242 5617 ἐμμελῶς,
3276 5553 3444 5618 σπέρ-

1861 5656 2005 5710 ματα
2053 5637 2194 5695 εἶναι.
2234 5641 2393 5693 ταυτὶ
2450 5646 2542 5694 καὶ
2590 5640 2886 5710 μηνύματα
2940 5641 3099 5694 Θεὶων
3141 5643 3302 5695 τινῶν
3354 5647 3446 5696 καὶ

1859 5733 2186 5802 ἀπορρήτων
2222 5736 2584 5803 πραγμάτων,
2607 5733 2785 5798 καλῶς
2806 5735 3063 5804 κρίνουσα
3084 5740 3121 5787 ⁸.

275 5971 378 6022 lluc
427 5987 584 6037 uSque
624 5969 986 6033 Metapbrastcs
1012 5969 1057 6020 in
1103 5972 1282 6023 (iatcua
1321 5971 1482 6020 ὕνεως-ει
1520 5976 1708 6020 textum
1749 5973 1968 6024 Latinum
1999 5977 2173 6038 partim
2203 5978 2551 6032 repraesentat:
2581 5975 2623 6022 in
2650 5972 2976 6036 sequentibus
3002 5971 3199 6020 omnino
3225 5969 3429 6022 abludit.
