3972 6438
510 375 611 442 551

1764 374 2046 433 MENSIS
2089 375 2518 437 AUGUSTUS.

3655 382 3766 445 552

505 501 718 547 verunt.
777 491 960 558 Itaque
1002 489 1252 558 quoniam
1309 488 1420 540 haec
1485 486 1554 538 ita
1578 499 1634 539 se
1685 487 1904 549 habent,
1972 485 2090 538 aliis
2123 493 2163 545 Α
2199 489 2360 540 modo
2390 504 2496 540 non
2531 489 2582 542 in
2613 491 2728 558 ejus
2757 491 2932 558 potius
2960 494 3144 548 carnis
3175 495 3278 548 tela
3302 496 3736 550 immlttebantur
3764 493 3788 544 ?

509 587 732 646 relictis,
769 599 869 636 nos
918 598 979 636 ea
1031 581 1294 634 dicamus.
1331 580 1464 632 Cum
1518 577 1660 632 enim
1709 589 1920 646 tempus
1978 580 2088 645 jam

506 677 718 731 adesset
749 673 1048 738 Passionis,
1077 683 1131 725 et
1160 672 1247 724 ille
1265 671 1502 739 seipsum
1549 671 1803 733 traderet,
1841 681 1895 724 et
1925 681 2092 725 staret

507 772 562 820 in
588 766 765 818 medio
791 778 976 816 eorum
1005 763 1098 831 qui
1160 763 1212 814 in
1261 776 1384 815 eum
1443 763 1643 816 caedem
1695 763 1994 830 spirabant,
2039 770 2092 814 et

506 859 616 925 jam
649 855 1010 907 abduceretur
1037 853 1102 905 ad
1129 850 1381 914 Pilatum,
1408 862 1458 904 et
1488 862 1612 905 ante
1639 852 1900 920 Caipham
1931 853 2092 905 siste-

517 957 687 1008 retur,
718 955 771 998 et
814 944 880 996 ad
919 944 1189 996 Herodem
1239 945 1544 996 mitteretur
1581 944 1990 1005 examinandus,
2041 951 2095 996 et

511 1040 728 1093 tandem
761 1039 814 1088 in
850 1051 970 1088 eum
995 1035 1226 1088 ferretur
1248 1035 1537 1095 sententia,
1569 1044 1624 1087 et
1648 1049 1805 1088 cruce
1835 1035 2091 1087 condem-

511 1138 748 1187 naretur,
789 1126 977 1188 Mater,
1019 1126 1160 1178 sicut
1209 1126 1261 1178 in
1313 1126 1434 1178 aliis
1473 1125 1761 1194 superabat
1794 1125 2093 1188 mulierem,

515 1222 588 1274 ita
645 1220 805 1272 etiam
870 1217 959 1271 hic
1008 1231 1224 1285 quoque
1273 1217 1487 1269 videtur
1541 1217 1822 1284 plusquam
1885 1216 2092 1278 mulier,

512 1325 634 1380 quae
660 1309 727 1362 ab
759 1308 848 1360 illo
903 1306 1126 1359 minime
1159 1306 1384 1367 recedit,
1439 1305 1531 1359 sed
1565 1308 1783 1374 propius
1835 1307 2094 1372 sequeba-

516 1409 625 1460 tur,
659 1398 794 1452 nihil
830 1398 1026 1451 timens
1051 1398 1192 1464 quod
1223 1407 1370 1449 esset
1407 1396 1777 1450 formidabile:
1822 1411 1927 1448 non
1957 1395 2098 1464 quod

515 1501 722 1545 tantum
762 1491 1018 1542 maternis
1053 1490 1359 1543 vinceretur
1391 1489 1707 1550 visceribus,
1740 1505 1900 1557 quam
1957 1489 2098 1558 quod

517 1585 696 1653 potius
738 1581 920 1636 divino
978 1582 1324 1636 induceretur
1372 1581 1599 1649 judicio,
1660 1580 1797 1633 adeo
1852 1589 1909 1632 ut
1969 1581 2101 1634 alias

512 1689 727 1742 quoque
762 1675 897 1726 duas
946 1673 1215 1732 mulieres,
1271 1674 1426 1733 duas,
1479 1672 1718 1738 inquam,
1775 1671 1991 1732 Marias,
2043 1679 2100 1722 ut

514 1773 671 1819 docet
735 1762 1148 1833 Evangelium"
1174 1801 1189 1826 ,
1229 1763 1296 1815 ad
1357 1762 1460 1815 hoc
1517 1762 1798 1814 adhortata
1825 1762 1914 1823 sit,
1955 1770 2007 1814 et
2048 1771 2103 1814 ut

515 1870 698 1908 secum
743 1863 1074 1916 versaretur,
1124 1850 1453 1920 persuaserit
1482 1869 1494 1902 :
1537 1860 1595 1904 ut
1624 1865 1741 1919 qua:
1770 1860 1952 1904 essent
1982 1849 2104 1902 forti
2138 1827 2178 1883 Β

514 1958 569 2000 et
598 1960 860 2016 generoso
889 1945 1088 2006 animo,
1118 1954 1172 1997 et
1204 1944 1401 1997 vellent
1429 1943 1707 1996 adhaerere
1735 1943 1859 1997 huic
1882 1957 2101 2011 sponso,

516 2044 606 2106 qui
640 2054 745 2090 non
773 2037 1006 2098 videtur,
1035 2045 1091 2088 et
1113 2046 1289 2087 tamen
1314 2049 1437 2086 cum
1463 2050 1569 2086 non
1599 2045 1872 2096 cernatur,
1909 2050 2108 2104 appro-

517 2132 758 2200 pinquat.
791 2127 957 2180 Erant
995 2127 1162 2190 enim,
1195 2125 1389 2193 inquit,
1417 2126 1671 2179 mulieres
1719 2141 1954 2195 quoque,
1987 2141 2106 2194 qua!

521 2224 996 2292 consequebantur
1064 2237 1093 2273 a
1151 2218 1468 2280 Galilma,et
1501 2219 1882 2272 ministrabant
1909 2219 1980 2271 ei.
2033 2220 2104 2271 Iﬁa

521 2315 730 2368 ratione
782 2312 1034 2366 videntur
1097 2325 1166 2364 ne
1218 2309 1456 2364 abfuisse
1514 2310 1730 2376 quidem
1799 2323 1825 2359 a
1870 2320 2109 2376 tempore

523 2405 926 2475 mysteriorum,
958 2401 1052 2454 sed
1107 2416 1228 2454 cum
1273 2401 1557 2454 duodecim
1604 2399 1823 2468 quidem
1889 2400 2109 2454 minime

519 2499 865 2562 accubuisse,
904 2495 1068 2549 fuisse
1106 2505 1285 2548 tamen
1319 2495 1436 2563 ejus
1485 2495 1680 2547 domus
1713 2505 2109 2562 consequenter

523 2591 836 2661 participes.
867 2589 998 2642 Nam
1049 2589 1348 2657 discipulos
1377 2587 1617 2656 quidem,
1679 2601 1801 2640 cum
1851 2589 2104 2657 mysteria

521 2693 578 2736 et
611 2681 931 2737 humilitatis
961 2694 1186 2734 summa:
1210 2679 1446 2731 traderet
1498 2678 1820 2743 doctrinam,
1848 2694 1954 2732 una
2011 2679 2108 2731 ha-

523 2773 641 2827 buit
695 2771 1119 2836 accumbentes;
1182 2770 1404 2826 Matrem
1469 2780 1649 2822 autem
1707 2771 1866 2839 jussit
1925 2783 2109 2821 curam

519 2879 708 2935 gerere
736 2864 1047 2926 mulierum,
1079 2877 1197 2929 qua:
1251 2861 1649 2923 ministrabant,
1701 2871 1953 2928 tanquam
2015 2875 2111 2928 per

522 2973 639 3008 eam
674 2955 846 3023 ipsam
881 2953 1028 3021 ipsas
1081 2952 1311 3021 benigne
1359 2953 1656 3020 accipiens,
1718 2964 1772 3006 et
1809 2952 2109 3021 adimplens

522 3046 759 3102 ofﬁciunt
791 3044 1163 3106 humanitatis.
1196 3054 1250 3098 et
1276 3043 1434 3096 simul
1471 3059 1594 3098 cum
1651 3044 1730 3098 eis
1783 3059 2026 3105 vescens,
2057 3055 2108 3098 et

523 3142 603 3195 sic
636 3156 734 3207 pro
760 3139 1063 3192 ministerio
1105 3138 1183 3191 eis
1218 3137 1462 3190 referens
1496 3138 1744 3206 gratiam.
2139 3163 2179 3218 ο

595 3227 829 3282 XXVIII.
891 3225 980 3282 Sic
1014 3235 1192 3280 autem
1225 3241 1330 3279 una
1367 3241 1584 3292 quoque
1635 3227 1874 3292 ingressa
1910 3236 1992 3277 est
2055 3222 2107 3276 in

523 3323 723 3376 atrium
782 3323 954 3373 Anna
1011 3329 1065 3371 et
1121 3317 1362 3384 Caiphe,
1426 3329 1655 3369 cernens
1688 3314 2110 3383 unumquodque

523 3426 714 3465 eorum
756 3425 876 3479 qua:
898 3409 1245 3479 gerebantur,
1280 3416 1333 3460 et
1366 3405 1508 3474 apud
1553 3423 1676 3460 eum
1734 3406 1952 3473 quidem
2003 3418 2114 3456 ma-

526 3518 682 3564 nens,
715 3504 840 3556 dum
863 3501 1201 3570 judicaretur
1229 3519 1238 3550 :
1277 3515 1382 3551 una
1413 3509 1590 3548 autem
1634 3496 1946 3564 proﬁciens,
1986 3495 2112 3548 dum

526 3594 886 3646 abduceretur
959 3592 1026 3643 ad
1107 3598 1363 3652 mortem,
1430 3579 1729 3656 eorumque
1785 3588 1873 3656 qui
1940 3587 2111 3651 ibant,

527 3698 779 3756 egressus
809 3691 862 3737 et
915 3683 1187 3751 ingressus
1238 3679 1612 3739 considerans,
1645 3686 1700 3731 et
1747 3678 1992 3731 omnium
2019 3691 2112 3730 ora

527 3778 830 3836 attendens,
854 3784 913 3827 ut
939 3776 1123 3832 sciret,
1157 3787 1404 3840 quamam
1444 3773 1496 3821 in
1528 3785 1652 3822 eum
1689 3768 1927 3822 ferretur
1989 3784 2114 3824 sen—

532 3867 704 3921 tentia
733 3884 746 3917 :
782 3866 1002 3932 quinam
1048 3879 1172 3917 vero
1195 3871 1350 3916 erant
1400 3861 1436 3914 ii
1466 3861 1556 3930 qui
1583 3863 1630 3915 ei
1659 3862 2114 3923 assentiebantur,

532 3970 625 4013 aut
651 3957 740 4027 qui
772 3956 1263 4026 reprehendebant.
1297 3952 1438 4006 Nulli
1492 3953 1641 4006 enim
1677 3953 1973 4004 obscurum
2013 3959 2115 4013 est,

526 4064 647 4102 eam
673 4048 785 4100 haec
809 4045 1008 4098 vidisse
1035 4043 1237 4106 omnia,
1260 4043 1699 4110 quandoquidem
1727 4040 1778 4094 in
1805 4056 1966 4094 cruce
1987 4057 2120 4110 quo-

529 4155 635 4209 que
664 4153 769 4192 una
801 4137 1004 4200 aderat,
1034 4135 1250 4204 quando
1280 4138 1344 4189 ab
1372 4135 1490 4204 ipso
1525 4133 1786 4189 crucifixo
1823 4133 1961 4187 Filio
2017 4135 2120 4188 fuit

531 4227 908 4283 commendata
961 4225 1247 4292 discipulo.
1278 4226 1342 4278 Et
1402 4227 1524 4279 ideo
1585 4226 1711 4278 licet
1753 4225 2117 4286 considerare,

532 4319 838 4389 cujusmodi
886 4317 973 4368 illa
1005 4325 1171 4380 esset,
1209 4333 1328 4382 quae
1362 4316 1475 4369 hac
1514 4317 1750 4370 difficilia
1780 4318 2034 4370 cernebat
2069 4328 2121 4370 et

535 4411 782 4472 molesta,
837 4408 1136 4470 iIIusiones,
1179 4406 1412 4477 ﬂagella,
1465 4407 1664 4475 alapas,
1706 4423 1955 4478 purpura:
1985 4411 2120 4462 ami-

2193 593 2249 632 ut
2284 581 2445 633 etiam
2472 582 2596 635 hinc
2627 582 2785 635 finem
2815 585 3102 651 acciperet,
3135 586 3278 654 quod
3303 591 3514 642 dixerat
3537 589 3786 642 admira-

2194 675 2315 728 bilis
2351 674 2568 729 Simeon
2594 693 2605 726 :
2646 678 2808 728 Tuam
2835 693 3037 746 quoque
3067 679 3222 743 ipsius
3241 681 3474 731 animant
3498 691 3752 748 pertrans
3773 711 3786 722 -

2193 768 2286 820 ibit
2330 769 2536 837 gladius
2563 767 2921 831 “.Quomodo
2969 772 3249 838 sanguinis
3299 774 3464 841 guttis
3502 773 3785 826 efﬂuenti-

2195 861 2294 914 bns
2326 877 2430 913 non
2453 861 2755 914 acerbiores
2776 861 3132 932 lacrymarum
3165 866 3512 931 aquaaluctus
3539 865 3790 918 fluebant

2195 969 2261 1008 ex
2315 954 2458 1006 illius
2513 953 2722 1009 oculis?
2776 956 3058 1019 Quomodo
3109 957 3254 1008 illum
3310 960 3428 1010 tulit
3491 959 3677 1012 videre
3730 959 3788 1012 in

2197 1063 2358 1101 cruce
2383 1048 2702 1109 distentum,
2725 1048 2917 1116 ipsam,
2942 1059 3102 1102 eteos
3119 1051 3210 1118 qui
3229 1051 3476 1108 aderant.
3504 1053 3790 1119 aspicien-

2200 1149 2302 1192 tem
2354 1148 2576 1208 aspectu
2626 1139 3062 1208 benignissimo?
3108 1141 3248 1204 Quid
3295 1157 3423 1196 vero
3473 1144 3793 1208 irrisiones,

2198 1232 2324 1300 quid
2360 1232 2522 1299 impia
2579 1234 2972 1286 transeuntium
3047 1244 3363 1298 seommata,
3444 1235 3794 1304 ingratorum

2201 1326 2675 1389 subsannationes,
2724 1327 2914 1394 probra
2959 1342 3146 1381 eorum
3181 1330 3271 1396 qui
3316 1329 3795 1383 circumstabant?

2201 1417 2329 1483 Quae
2361 1418 2578 1486 quidem
2611 1419 2792 1470 omnia
2833 1434 2951 1471 eam
3005 1421 3522 1474 transverberabant
3557 1421 3796 1489 profun-

2204 1511 2348 1570 dius.
2381 1527 2542 1579 quam
2574 1510 2663 1563 ulli
2701 1511 2856 1562 clavi.
2896 1513 2958 1564 Et
3018 1514 3512 1568 innumerabilibus
3557 1516 3796 1583 quidem

2205 1603 2376 1673 plagis
2426 1603 2808 1657 sauciabatur:
2873 1603 3106 1656 stimulis
3135 1613 3315 1657 autem
3368 1605 3798 1660 confodiebatur

2206 1695 2710 1749 innumerabilibus.
2747 1695 2859 1748 Hoc
2906 1710 3036 1748 vero
3083 1707 3198 1748 erat
3239 1697 3286 1749 ei
3338 1699 3584 1749 omnimn
3619 1700 3799 1750 mole-

2207 1792 2528 1852 stissimum,
2560 1792 2701 1858 quod
2724 1792 2788 1844 ad
2813 1791 2960 1843 illum
2995 1791 3214 1859 quidem
3248 1793 3531 1850 accedere.
3560 1802 3616 1846 et
3658 1808 3796 1846 eum

2206 1885 2404 1950 alloqui
2437 1884 2674 1945 sitiebat,
2711 1883 3076 1953 repellebatur
3123 1897 3303 1938 autem
3358 1901 3386 1938 a
3443 1886 3800 1939 multitudine

2207 1990 2401 2028 canum
2445 1991 2560 2028 eam
2593 1977 3085 2031 circumstantium.
3120 1971 3211 2029 Sic
3249 1976 3396 2029 enim
3430 1975 3650 2030 divinus
3703 1977 3800 2030 ille

2207 2068 2364 2123 Pater
2389 2085 2482 2123 eos
2522 2069 2672 2138 prius
2715 2070 3016 2123 nominavit
3037 2069 3081 2099 ⁸³
3101 2109 3116 2123 .

2280 2183 2443 2239 XXX.
2470 2183 2758 2254 Postquam
2790 2193 2970 2237 autem
2997 2197 3333 2251 quincunque
3363 2181 3619 2236 volebant
3646 2224 3659 2247 ,
3695 2182 3804 2236 im-

2210 2279 2352 2346 pleta
2410 2279 2632 2329 fuerunt
2667 2291 2695 2328 a
2741 2275 2832 2327 Dei
2892 2275 3216 2343 parricidis.
3266 2284 3458 2328 etnon
3508 2285 3804 2344 exspecta-

2210 2367 2337 2422 bant
2362 2369 2594 2436 amplius
2618 2406 2631 2428 ,
2658 2367 2773 2420 fore
2809 2379 2866 2420 ut
2904 2367 2970 2420 ab
3009 2369 3089 2421 eis
3121 2367 3410 2422 evaderet:
3451 2384 3574 2420 cum
3605 2369 3803 2436 proxi-

2209 2469 2280 2521 mi
2319 2467 2538 2536 quidem
2574 2467 2733 2519 amici
2769 2466 3126 2535 effugissent,
3162 2479 3254 2519 aut
3286 2467 3468 2534 potius
3497 2467 3577 2533 (ut
3610 2465 3802 2516 dicam

2209 2575 2330 2614 cum
2384 2559 2649 2628 propheta
2671 2559 2737 2624 “)
2773 2574 2801 2610 a
2832 2559 2985 2626 longe
3027 2564 3258 2618 starent,
3289 2556 3403 2622 ipse
3434 2563 3615 2606 autem
3648 2565 3807 2608 esset

2210 2651 2375 2704 clavis
2411 2649 2656 2702 confixus
2679 2689 2693 2711 ,
2726 2649 2971 2700 custodia
3003 2647 3070 2698 ab
3099 2647 3178 2698 eis
3204 2645 3432 2696 omnino
3483 2645 3808 2712 negligeha-

2213 2755 2336 2805 tur,
2382 2752 2509 2794 tunc
2555 2739 2845 2792 verisimile
2893 2749 3009 2798 est,
3051 2737 3334 2805 Deiparam
3361 2779 3372 2797 ,
3420 2737 3524 2790 sibi
3559 2737 3685 2789 data
3722 2736 3807 2790 fa-

2212 2836 2444 2897 cultate,
2491 2833 2556 2892 ad
2622 2848 2744 2887 eum
2804 2831 3134 2893 accessisse,
3179 2840 3232 2883 et
3287 2832 3637 2884 intemeratas
3673 2829 3808 2898 qui-

2213 2930 2332 2984 dem
2375 2929 2494 2996 ejus
2534 2927 2731 2997 pedes,
2763 2935 2816 2980 et
2869 2928 3160 2994 impressas
3211 2925 3291 2976 eis
3337 2924 3519 2993 plagas
3563 2924 3806 2977 libenter

2213 3037 2334 3076 esse
2360 3020 2728 3075 deosculatam
2754 3059 2767 3080 ,
2791 3027 2842 3070 et
2865 3017 3128 3085 sanguine
3163 3017 3480 3068 miscentem
3507 3016 3804 3084 laerymas,

2214 3114 2400 3166 oculos
2429 3121 2482 3164 et
2544 3126 2710 3179 genas
2773 3110 3088 3174 attrivisse,
3138 3123 3261 3161 cum
3313 3110 3547 3160 maxime
3616 3118 3807 3162 autem

2215 3203 2378 3257 animi
2411 3211 2555 3255 motu
2584 3217 2705 3254 cum
2735 3201 3085 3270 aspicientem
3106 3199 3482 3263 dixisseanid
3506 3199 3619 3250 haec
3647 3208 3808 3260 sunt,

2214 3313 2246 3350 ο
2281 3296 2506 3350 Domine
2539 3306 2592 3348 et
2617 3294 3019 3347 Deus?suntne
3084 3294 3164 3343 ha:
3198 3292 3670 3344 remunerationes
3695 3300 3810 3344 tua

2216 3387 2608 3454 inexplicabilis
2666 3386 2718 3435 in
2769 3386 3015 3434 homines
3069 3382 3416 3433 clementize?
3485 3380 3650 3433 Estne
3686 3382 3809 3436 hmc

2217 3481 2506 3534 retributio
2537 3489 2640 3532 tua:
2684 3475 3076 3546 benignitatis?
3108 3475 3242 3536 line,
3274 3491 3412 3544 quos
3471 3483 3525 3528 tu
3570 3475 3808 3530 affecisti

2217 3573 2520 3635 beneﬁcio,
2568 3571 2700 3624 tales
2739 3570 2830 3623 tibi
2879 3569 3078 3638 gratias
3133 3568 3506 3622 retulere?'l‘-e
3557 3584 3806 3638 purpura

2218 3667 2450 3720 induunt
2479 3663 2769 3722 irrisionis.
2819 3677 2954 3730 quos
3007 3672 3261 3728 tanquam
3300 3661 3438 3713 filios
3497 3659 3660 3714 Parer
3713 3678 3811 3714 or-

2219 3759 2356 3812 nasti
2405 3757 2538 3811 stola
2580 3755 2800 3823 gloriae,
2836 3763 2890 3804 et
2937 3762 3191 3818 tanquam
3246 3753 3428 3818 aquila
3482 3753 3674 3806 nidum
3715 3769 3810 3806 re-

2218 3863 2387 3917 gens,
2419 3847 2517 3897 alis
2561 3843 2816 3913 expansis
2861 3841 3147 3910 suscepisti
3168 3839 3233 3901 “,
3285 3849 3341 3893 et
3389 3841 3439 3891 in
3491 3841 3658 3894 dorso
3711 3854 3810 3898 tuo

2220 3940 2466 4010 put-tasti.
2514 3935 2868 3990 Contumelia:
2913 3948 3169 3987 coronam
3231 3931 3324 3986 tibi
3379 3933 3808 4000 imposuerunt,

2221 4049 2357 4103 quos
2398 4032 2558 4086 bona:
2611 4030 2908 4083 voluntatis
2955 4028 3123 4080 armis
3173 4026 3289 4095 ipse
3325 4027 3597 4080 coronasti
3629 4069 3642 4091 ,
3666 4039 3720 4082 et
3749 4040 3811 4082 ut

2221 4127 2482 4181 adversus
2506 4123 2754 4177 inimicos
2801 4130 2961 4191 caput
2995 4122 3271 4181 tollerent,
3301 4120 3660 4173 confirmasti.
3683 4121 3812 4174 Cla-

2223 4223 2304 4274 vis
2330 4220 2423 4272 tibi
2457 4218 2674 4271 dolores
2709 4214 2942 4268 afferunt
2970 4253 2985 4277 ,
3015 4213 3106 4280 qui
3143 4228 3171 4263 a
3204 4213 3482 4263 laboribUs
3543 4212 3810 4280 Egyptia-

2223 4329 2301 4367 επ
2339 4309 2649 4371 servitutis,
2680 4315 2733 4359 et
2761 4307 2828 4357 ab
2873 4301 3362 4355 innumerabilibus
3413 4301 3811 4369 afﬂictionibus

2228 4412 2356 4457 sunt
2385 4399 2617 4453 liberati.
2654 4395 2935 4448 Arundine
2961 4404 3111 4448 tuum
3146 4403 3306 4464 caput
3353 4393 3558 4449 feriunt
3582 4397 3808 4464 ,quibus

532 4513 701 4564 ctum,
736 4516 949 4554 corona:
981 4500 1401 4569 impositionem,
1458 4501 1901 4556 contumeliosam
1932 4502 2110 4556 tradu-
2151 4506 2196 4564 υ
2225 4511 2373 4549 mare
2401 4494 2547 4560 virga
2569 4505 2882 4559 percussum
2915 4489 3448 4558 cessitfugientibns.
3478 4489 3585 4542 Sed
3612 4489 3811 4560 loque-

531 4594 794 4647 etionem.
819 4591 1044 4660 Oportet
1066 4607 1282 4660 quoque
1309 4591 1678 4653 considerare,
1710 4606 1999 4659 quemnam
2021 4595 2115 4646 ha-

533 4685 688 4738 beret
716 4684 978 4744 animum,
1012 4682 1124 4735 sive
1143 4697 1207 4735 ex
1232 4681 1367 4735 Filio
1387 4696 1505 4734 eam
1532 4682 1852 4751 simpliciter
1874 4685 2113 4751 judices,

535 4775 839 4828 naturalem
873 4773 1134 4825 ferentem
1164 4773 1271 4825 vim
1317 4774 1582 4842 passionis
1610 4791 1624 4828 :
1664 4779 1778 4828 sive
1818 4776 1960 4844 quod
1987 4792 2110 4831 eum

535 4873 884 4934 cognosceret
913 4864 1131 4918 homine
1149 4865 1505 4934 superiorem,
1539 4866 1814 4920 admirans
1837 4884 2110 4921 summam

537 4960 656 5028 ejus
685 4957 1022 5011 tolerantiam
1061 4974 1074 5010 :
1111 4968 1204 5010 aut
1250 4958 1432 5026 potius
1466 4968 1775 5026 utrumque,
1803 4958 1936 5012 adeo
1971 4971 2027 5012 ut
2060 4969 2113 5013 et

537 5049 766 5103 naturali
787 5048 1094 5103 flecteretur
1111 5049 1414 5112 affectione,
1440 5060 1492 5101 et
1514 5051 1771 5103 miracqu
1787 5050 2109 5106 afficeretur.

607 5138 796 5192 XXIX.
821 5137 1111 5207 Postquam
1130 5147 1307 5192 autem
1327 5138 1569 5191 scelerati
1587 5148 1848 5192 venerunt
1868 5137 1918 5190 in
1935 5139 2111 5192 locum

537 5229 816 5294 Calvarize,
868 5239 923 5282 et
963 5230 1063 5282 fixa
1104 5227 1323 5297 quidem
1369 5229 1466 5280 fuit
1518 5245 1684 5292 crux,
1755 5229 1808 5281 in
1865 5245 1926 5282 ea
1985 5244 2112 5282 vero

543 5321 814 5390 pendebat
837 5321 956 5390 ejus
981 5319 1170 5385 Filius,
1211 5319 1483 5390 quomodo
1517 5329 1634 5374 erat
1687 5320 1869 5374 animo
1896 5321 2109 5383 affecta,

542 5428 668 5466 eum
697 5412 888 5467 videns
916 5413 992 5466 sic
1019 5413 1312 5482 patientem
1342 5413 1364 5465 ?
1401 5412 1684 5476 Quomodo
1718 5414 1932 5467 videbat
1983 5425 2108 5466 eum

545 5505 805 5558 nudatum
834 5504 1093 5568 vestibus,
1119 5506 1207 5572 qui
1261 5506 1455 5558 coelum
1489 5504 1616 5573 tegit
1660 5507 1934 5558 nubibus?
1967 5504 2113 5567 Quo-

546 5599 707 5652 modo
734 5599 1022 5652 habentem
1049 5613 1209 5667 puras
1239 5613 1430 5653 carnes
1453 5600 1621 5653 clavis
1652 5598 1934 5653 confixas?
1968 5597 2114 5661 Quo-

621 5797 663 5827 ⁸¹
693 5797 854 5852 Marc.
888 5815 975 5866 3v,
1005 5800 1091 5854 40.

1171 5800 1213 5830 δ’
1255 5797 1384 5852 Luc.
1419 5814 1476 5865 it,
1504 5799 1591 5852 55.

578 5883 655 5929 ix,
687 5869 774 5921 26.

1672 5799 1714 5828 “
1754 5800 1891 5855 Psal.
1925 5815 2035 5864 XXI,
2074 5798 2154 5852 I7.

2222 4607 2278 4644 re
2310 4585 2510 4655 aliquid
2543 4584 2813 4638 modicum
2861 4583 2928 4636 ad
2964 4592 3115 4635 tuam
3152 4581 3373 4633 Matrem
3409 4586 3806 4635 recreandam:

2218 4698 2326 4737 non
2366 4681 2479 4733 fero
2501 4680 2646 4732 enim
2675 4677 2890 4730 dolores
2915 4714 2928 4735 ,
2966 4687 3085 4741 qua:
3119 4679 3168 4722 te
3223 4670 3405 4740 peperi
3434 4670 3803 4725 sine'dolore.

2219 4775 2320 4829 Ubi
2350 4782 2400 4828 te
2433 4773 2630 4826 videbo
2678 4776 2861 4836 postea
2887 4765 3082 4828 ?Quod
3143 4765 3248 4818 erit
3314 4764 3444 4817 mihi
3498 4762 3756 4818 solatium
3783 4765 3807 4814 ?

2218 4864 2348 4930 Quis
2376 4864 2480 4916 mei
2509 4872 2695 4914 curam
2755 4863 2905 4924 geret
2943 4869 3003 4908 ac
3025 4851 3319 4907 defendet?

2291 4971 2483 5026 XXXI.
2513 4970 2647 5021 Cum
2675 4980 2793 5019 eam
2823 4964 3048 5017 vidisset
3081 4973 3186 5014 tam
3215 4960 3408 5014 acerbe
3433 4960 3711 5025 affectam,
3748 4971 3803 5015 et

2223 5075 2450 5121 stantem
2478 5076 2642 5130 prope
2664 5058 2920 5112 dilectum
2952 5057 3301 5125 discipulum,
3343 5056 3473 5110 illud
3495 5057 3663 5125 (sicut
3684 5071 3804 5111 erat

2222 5158 2672 5216 consentaneum)
2708 5158 2789 5204 est
2808 5151 3032 5204 omnino
3061 5150 3309 5202 elocutus
3335 5188 3348 5209 ,
3378 5150 3521 5217 quod
3550 5149 3801 5202 divinum

2221 5257 2408 5300 narrat
2438 5242 2815 5312 Evangelium.
2847 5241 2975 5292 Eam
3023 5240 3168 5293 enim
3217 5238 3452 5308 primum
3489 5243 3800 5308 aspiciens:

2223 5337 2440 5399 Mulier,
2467 5334 2662 5401 inquit,
2694 5349 2806 5387 ecce
2829 5333 2969 5400 filius
2997 5343 3117 5383 titus
3141 5329 3209 5392 “,
3234 5333 3533 5385 ostendens
3553 5333 3799 5402 discipu-

2220 5431 2353 5484 lum.
2375 5429 2466 5481 Sic
2498 5427 2580 5480 vel
2614 5427 2763 5480 cruci
2786 5424 2977 5478 affixus
2997 5467 3009 5488 ,
3029 5439 3215 5476 curam
3244 5425 3464 5494 gerebat
3501 5431 3713 5490 matris,
3750 5437 3806 5480 et

2219 5539 2335 5576 eam
2359 5519 2753 5575 commendavit
2789 5519 2982 5574 dilecto
3004 5516 3288 5584 discipulo,
3313 5531 3409 5568 nos
3451 5517 3652 5573 docens
3692 5534 3799 5570 non

2224 5614 2498 5685 negligere
2547 5619 2797 5682 parentes
2849 5625 3019 5680 usque
3049 5611 3113 5664 ad
3164 5617 3463 5664 extremum
3501 5612 3756 5677 spiritum
3783 5653 3796 5673 ,

3572 5790 3786 5845 l'Juan.

2233 5799 2273 5829 “
2306 5797 2447 5853 Psal.
2495 5811 2697 5862 xxxvii,
2725 5797 2812 5854 3|.
2923 5795 2968 5827 “
2993 5795 3146 5848 Deut.
3185 5810 3354 5858 xuii,
3387 5794 3473 5846 Il.
