3972 6456
154 394 254 458 553

1263 385 1548 448 ORATIO
1595 384 1692 445 DE
1730 381 2017 446 SANCTA
2055 381 2323 443 MARIA.

3303 380 3407 442 554

154 521 465 577 quanquam
498 504 650 576 prius
681 504 964 559 videbatur
993 503 1154 557 etiam
1194 502 1458 571 repellere
1480 512 1562 565 ,ut
1612 516 1731 569 quae
1763 510 1802 565 Α
1836 499 2039 553 minum
2061 539 2076 559 ,
2117 500 2211 553 sed
2267 496 2429 552 etiam
2468 494 2796 564 discipulum
2820 535 2834 560 ,
2896 508 3082 547 verum
3135 495 3409 550 occultum

154 614 257 651 non
321 596 377 649 in
422 603 671 664 tempore
722 596 770 647 ei
801 601 949 647 esset
986 592 1235 647 molesta.
1266 590 1404 656 Quid
1438 592 1575 645 cnim
1609 590 1735 644 mihi

153 699 197 742 et
226 688 448 753 tibi(in
495 685 701 755 nuptiis
767 684 943 753 inquit
967 682 1007 753 ),
1060 682 1247 735 mulier
1269 681 1355 735 ‘7?
1398 692 1452 736 ct
1486 690 1671 750 postea
1720 698 1733 733 :

153 781 278 847 Qui:
315 790 393 835 est
441 788 613 833 mater
651 795 766 832 mea
809 779 834 832 7
890 776 988 830 Hic
1036 785 1217 830 autem
1261 785 1503 846 apertam
1553 772 1739 827 osten-

152 874 229 928 dit
269 872 655 930 dilectionem.
695 879 750 924 et
801 867 1070 937 discipulo
1113 866 1332 936 quidem
1393 879 1511 919 eam
1576 878 1739 917 corn—-

153 966 411 1025 mendat.
441 964 522 1019 sic
560 960 871 1024 consolans,
921 958 1072 1013 illum
1120 950 1301 1012 atttem
1337 957 1512 1029 magis
1561 958 1738 1010 honu-

154 1073 279 1111 raus
307 1055 782 1111 commendatione
807 1092 820 1115 ,
850 1062 906 1106 et
944 1052 1088 1121 quod
1122 1051 1273 1106 valde
1309 1063 1432 1104 eutn
1468 1050 1737 1120 diligeret,

156 1149 255 1201 hoc
283 1158 447 1201 utens
471 1143 784 1199 testimonio
815 1142 968 1213 (quid
994 1142 1141 1196 enim
1186 1140 1331 1194 aliud
1374 1139 1578 1193 faciens
1606 1180 1619 1202 ,
1646 1146 1739 1190 aut

152 1238 373 1299 dicens,
436 1236 585 1290 illum
635 1235 729 1289 tali
780 1233 991 1289 honore
1020 1244 1104 1288 est
1160 1230 1470 1302 dignatus?)
1501 1271 1514 1295 ,
1575 1228 1737 1285 simul

152 1342 370 1397 quoque
423 1326 568 1396 quod
623 1322 1138 1395 permansisset,ei
1205 1321 1451 1376 referens
1514 1319 1736 1390 gratias.

155 1417 359 1474 Deinde
386 1434 510 1471 cum
540 1419 704 1471 etiam
751 1416 1052 1485 aspexisset
1079 1412 1582 1483 discipulum,Ecce
1602 1450 1617 1475 ,
1652 1412 1737 1464 in-

151 1512 301 1580 quit,
343 1520 518 1563 mater
550 1509 713 1564 tua".
749 1507 861 1563 Hoc
884 1512 1065 1562 autem
1093 1516 1211 1561 erat
1249 1505 1634 1576 conjungentis
1672 1503 1739 1557 ad

153 1604 510 1657 dilectionem
536 1644 552 1668 ,
582 1612 636 1659 et
666 1602 825 1655 simul
854 1602 1017 1655 etiam
1049 1600 1398 1655 ostendentis
1446 1598 1735 1656 amborum

154 1698 559 1750 auctoritatem.
594 1698 667 1748 Ab
704 1710 761 1747 eo
798 1710 927 1762 ergo
948 1702 1195 1760 tempore,
1220 1692 1415 1761 inquit,
1449 1691 1739 1759 discipulus

155 1805 267 1841 eam
306 1788 509 1854 accepit
544 1786 595 1837 iit
643 1787 861 1852 propria
888 1785 955 1849 δ’,
986 1784 1293 1851 intelligens
1328 1798 1589 1851 quorsum
1619 1791 1739 1835 ten-

1845 592 1972 655 (hoc
2000 590 2145 645 enim
2172 591 2329 645 docet
2355 586 2804 659 Evangelium"),
2840 596 2897 642 ut
2932 586 3026 657 qui
3077 584 3171 646 Dei
3201 586 3413 643 timeret

1842 684 2143 753 parricidas
2174 723 2187 745 ,
2217 684 2366 738 venit
2384 684 2449 737 ad
2475 698 2600 737 eum
2642 680 2807 754 Virgo
2826 718 2842 744 ,
2865 689 2921 735 et
2946 680 3128 735 verbis
3152 682 3201 736 ei
3223 682 3419 735 suadet

1841 778 2265 834 accommodatis
2285 822 2298 845 ,
2318 789 2375 835 ut
2410 778 2463 833 in
2524 791 2623 832 suo
2650 784 3009 832 monumento
3035 816 3051 843 ,
3082 784 3340 846 tanquam
3360 776 3414 831 in

1843 868 2024 937 aliquo
2052 869 2290 923 armario
2320 908 2335 931 ,
2392 882 2637 938 magnam
2686 867 2795 920 vim
2854 881 3020 936 opum
3059 874 3325 936 reponat,
3361 876 3417 918 et

1842 963 1921 1017 sic
1949 961 2171 1015 domum
2195 959 2594 1014 custodientem
2623 957 2766 1027 apud
2797 973 2857 1013 se
2877 957 3044 1012 vitam
3069 956 3286 1012 habeat.
3324 956 3414 1012 Fi—

1842 1067 1969 1105 nem
2002 1053 2149 1107 enim
2180 1091 2195 1117 ,
2238 1050 2454 1121 inquit,
2474 1058 2801 1119 acceperunt
2842 1065 2927 1104 res
2942 1049 3375 1103 adversariorum
3404 1090 3419 1108 ,

1842 1153 1898 1196 et
1938 1142 2172 1195 maxime
2205 1142 2521 1211 probrosam
2576 1140 2631 1195 hi
2688 1148 2916 1194 mortem
2973 1139 3227 1210 Magistro
3277 1148 3421 1195 attu-

1846 1232 2067 1295 lerunt,
2143 1233 2289 1287 nulla
2372 1230 2723 1301 quantumvis
2808 1246 3043 1301 magna.
3108 1231 3302 1294 injuria
3366 1241 3421 1286 et

1843 1322 2138 1393 ignominia
2196 1322 2251 1376 in
2328 1338 2452 1377 eum
2516 1323 2669 1392 pritts
2730 1321 3117 1391 praetermissa.
3152 1322 3420 1378 Ceterum

1846 1432 1993 1471 nunc
2025 1432 2241 1487 quoque
2274 1416 2328 1469 in
2361 1416 2509 1487 ligno
2561 1416 2709 1484 jacet
2782 1424 3031 1470 mortuus
3086 1424 3141 1469 et
3202 1417 3422 1482 nudus,

1842 1510 1978 1567 mihi
2016 1520 2069 1565 et
2120 1519 2316 1564 creata!
2370 1520 2578 1565 naturae
2620 1509 2955 1565 horrendum
3017 1509 3422 1579 spectaculum,

1843 1613 1904 1657 ut
1940 1617 2103 1672 quem
2137 1602 2318 1672 potius
2351 1602 2650 1667 irrideant,
2686 1617 2850 1672 quam
2884 1602 3004 1671 ejus
3036 1600 3420 1659 misereantur.

1845 1695 1921 1749 Da
1954 1710 2081 1766 ergo
2116 1695 2247 1749 mihi
2286 1696 2512 1766 gratiam
2537 1736 2551 1757 .
2575 1705 2631 1749 et
2662 1696 2975 1757 communi,
3012 1693 3235 1763 inquam
3259 1732 3274 1755 ,
3298 1694 3428 1748 huic

1846 1786 2119 1858 Magistro.
2161 1788 2438 1842 Audacter
2467 1798 2588 1856 pete
2643 1786 2789 1841 illius
2816 1802 3045 1856 corpus,
3090 1797 3149 1841 ut
3186 1787 3428 1857 depona-

153 1880 306 1931 dcret
346 1878 524 1930 oratio
551 1915 565 1940 ,
600 1886 652 1928 et
700 1876 914 1930 Domini
979 1874 1247 1930 voluntati
1305 1873 1517 1928 sincere
1560 1874 1736 1928 inser-
1778 1855 1814 1908 Β
1852 1888 1976 1939 tur.
2021 1887 2075 1932 et
2124 1879 2422 1934 mandetur
2478 1880 2813 1948 sepulturae,
2844 1878 2888 1932 si
2950 1894 3055 1932 non
3104 1879 3268 1933 etiam
3310 1888 3429 1949 post

154 1983 329 2022 VICIIS.

229 2058 446 2115 XXXII.
496 2060 788 2131 Postquam
821 2068 1000 2116 autem
1046 2059 1210 2115 linem
1259 2068 1587 2130 aeceperuut
1619 2072 1738 2116 om-

160 2154 244 2208 nia
272 2195 286 2219 ,
326 2154 470 2209 Sitio
498 2196 512 2218 ,
548 2155 721 2224 inquit
750 2154 997 2208 Salvator
1021 2156 1089 2207 ⁸¹.
1124 2152 1228 2219 Qui
1263 2168 1387 2206 vero
1415 2162 1569 2209 erant
1596 2152 1741 2207 velo-

156 2258 243 2297 ces
280 2248 348 2297 ad
378 2243 624 2307 malum,
659 2256 713 2297 et
748 2242 1086 2313 ingratorum
1129 2242 1511 2312 ingratissimi,
1534 2241 1582 2297 ei
1612 2256 1737 2293 acc-

159 2343 275 2392 tum
300 2335 425 2388 felle
460 2336 807 2389 contmistum
833 2375 845 2397 .
896 2336 987 2405 qui
1028 2352 1163 2406 aqua
1196 2337 1213 2405 (
1240 2336 1378 2405 proh
1407 2336 1597 2390 dolor!
1628 2334 1647 2404 )
1687 2334 1739 2387 in

160 2426 275 2483 sitis
321 2438 463 2480 testu
511 2426 564 2478 iu
600 2437 743 2479 terra
791 2428 941 2481 arida
966 2439 1093 2482 sunt
1118 2430 1286 2497 putati
1314 2446 1327 2492 ;
1360 2438 1414 2482 et
1450 2429 1539 2497 qui
1582 2428 1742 2481 melle

158 2519 385 2574 saturati
446 2519 773 2583 fuerunt",
807 2519 877 2574 fel
928 2522 1262 2590 porrigunt;
1318 2533 1550 2588 quorum
1606 2534 1739 2583 uva,

159 2629 258 2668 uva
297 2610 472 2671 tellis,
522 2619 577 2665 et
612 2612 690 2665 ira
721 2654 736 2678 ,
772 2612 1071 2665 draconum
1134 2610 1331 2668 domus
1354 2611 1422 2668 ”.
1459 2610 1565 2667 Sed
1604 2624 1743 2679 quo~

161 2705 319 2760 modo
356 2718 545 2757 rursus
584 2703 733 2759 illam
785 2704 899 2757 haec
954 2707 1225 2758 videntem
1257 2744 1273 2771 ,
1299 2705 1587 2773 Oportebat
1612 2719 1739 2757 cru-

158 2798 289 2853 ciari
321 2798 509 2851 animo
536 2796 809 2862 ?Quando
833 2808 1012 2851 autem
1046 2804 1317 2850 mortuum
1344 2812 1562 2871 quoque
1587 2796 1739 2858 vidit,

161 2890 435 2959 quomodo
478 2890 645 2946 tulit?
692 2890 968 2960 quomodo
1020 2905 1130 2943 non
1194 2889 1365 2943 etiam
1415 2889 1587 2958 ipsam
1635 2902 1739 2944 una

172 2980 391 3050 abrupit
438 2980 725 3032 annnam?
774 2979 1057 3043 Quomodo
1115 2981 1370 3036 sustinuit
1420 2982 1607 3036 videns
1635 2981 1741 3036 ini-

165 3075 367 3134 micos,
411 3071 503 3141 qui
536 3086 604 3125 ne
642 3080 762 3139 post
801 3080 1029 3124 mortem
1079 3072 1299 3139 quidem
1350 3074 1531 3128 adhuc
1585 3081 1743 3129 erant

1849 1979 2083 2023 mortem
2120 1969 2191 2023 sit
2240 1968 2346 2023 illis
2392 1968 2556 2022 Jesus
2598 1968 2832 2024 invisus.
2878 1967 2967 2024 Sic
2989 1969 3145 2025 nobis
3180 1970 3431 2025 omnibus

1846 2077 2095 2131 magnam
2154 2060 2353 2116 all‘eres
2412 2061 2891 2126 consolationem,
2953 2063 3128 2131 quiin
3210 2076 3431 2124 omnem

1845 2152 2047 2207 redacti
2094 2167 2283 2207 sumus
2322 2163 2647 2224 egestatem,
2697 2164 2753 2210 et
2785 2169 3017 2224 quorum
3053 2168 3214 2210 nemo
3242 2170 3424 2209 move-

1848 2254 1935 2297 tur
1963 2242 2336 2298 misericordia
2367 2259 2383 2299 :
2415 2245 2585 2297 Amici
2620 2245 2767 2299 enim
2794 2249 2894 2298 mei
2925 2257 2973 2299 et
2998 2247 3274 2315 propinqui
3308 2248 3429 2309 mei,

1847 2352 1911 2389 ea:
1939 2337 2162 2394 adverso
2198 2340 2755 2408 appropinquauerunt
2792 2351 2840 2395 et
2864 2351 3113 2395 steterunt
3139 2384 3154 2409 ,
3175 2352 3224 2395 et
3250 2341 3431 2410 pre-1i-

1848 2430 1919 2482 mi
1979 2431 2079 2482 mei
2111 2447 2143 2482 a
2211 2430 2362 2500 longe
2418 2435 2745 2486 steterunt".
2799 2434 2877 2488 Ex
2912 2447 3135 2488 menon
3206 2440 3432 2504 possunt

1846 2521 2140 2590 quidquam
2176 2520 2357 2576 facere
2383 2561 2398 2587 ,
2433 2531 2491 2577 ut
2520 2522 2672 2578 vides
2707 2563 2723 2589 ,
2776 2538 2899 2578 cum
2941 2524 3044 2579 sim
3090 2524 3203 2579 sola
3252 2534 3308 2579 et
3342 2525 3437 2581 ho-

1847 2614 2087 2683 spita,et
2122 2632 2243 2668 tum
2297 2631 2408 2670 uno
2470 2616 2584 2670 solo
2632 2632 2699 2671 ex
2752 2616 3033 2687 discipulis
3076 2626 3283 2673 attenta
3328 2618 3433 2673 sim

1848 2706 2128 2762 crucilixo.
2201 2707 2293 2762 Sic
2360 2708 2496 2765 mihi
2552 2710 2713 2765 sistes
2761 2711 3036 2776 dolorem,
3112 2712 3191 2767 sic
3254 2712 3432 2783 repri-

1848 2812 1967 2854 mes
2008 2800 2297 2871 lacrymas.

1920 2888 2156 2944 XXXIV.
2190 2892 2328 2945 Cum
2368 2891 2666 2963 Josephum
2723 2895 2952 2967 Deipara
2984 2897 3180 2953 talibus
3248 2897 3429 2954 verbis

1851 2981 2151 3037 inﬂexisset
2206 2997 2259 3037 ct
2314 2983 2632 3052 incitasset,
2691 2989 2892 3042 emittit
2941 2992 3008 3044 ad
3055 2989 3309 3044 Pilatum.
3344 2991 3438 3045 Ille

1850 3086 2070 3140 autem,
2105 3079 2328 3146 expulsa
2378 3081 2525 3132 omni
2591 3081 2906 3146 timiditate,
2936 3092 2992 3137 et
3047 3084 3115 3138 ab
3178 3084 3296 3151 illo,
3346 3077 3437 3155 qui

163 3166 503 3222 reconciliati
532 3165 669 3218 Filio
692 3202 706 3225 ,
740 3164 831 3218 sed
873 3165 1077 3218 caedem
1115 3166 1295 3219 adhuc
1329 3168 1383 3218 itt
1412 3180 1539 3219 eum
1566 3168 1742 3235 spira-
1775 3188 1820 3250 ρ
1855 3170 2088 3224 mortuis
2125 3170 2286 3223 vitam
2332 3170 2559 3241 inspirat
2590 3212 2604 3234 ,
2641 3183 2857 3227 mortua
2926 3176 3152 3229 audacia
3204 3177 3437 3245 inspira-

168 3262 338 3324 bant,
375 3268 429 3313 ct
484 3258 665 3330 gladio
713 3259 835 3333 ejus
863 3258 1003 3312 latus
1027 3256 1459 3310 confodiebant?
1500 3258 1609 3310 Sed
1633 3258 1748 3312 haec

163 3355 382 3421 quidem
468 3352 718 3408 divinum
788 3361 976 3406 narrat
1048 3349 1421 3421 Evangelium.
1487 3351 1750 3404 Dicuntur

162 3459 342 3501 autem
380 3446 498 3500 bazc
537 3460 754 3515 quoque
792 3462 821 3499 a
853 3446 1050 3515 tlnguis
1074 3484 1086 3507 ,
1121 3461 1242 3513 qua:
1288 3444 1505 3515 plurimi
1548 3445 1753 3499 iaciunt

168 3544 452 3591 veritatem
477 3576 492 3600 ,
516 3536 661 3604 quod
700 3550 824 3589 cum
860 3538 975 3589 iure
1004 3550 1143 3588 nova
1174 3546 1228 3589 et
1256 3538 1595 3592 admirabilia
1629 3553 1752 3605 per-

162 3634 315 3697 cepta
353 3638 548 3681 essent
579 3627 755 3681 oculis
788 3627 1057 3695 Deipare,
1088 3636 1143 3680 et
1174 3637 1293 3695 post
1322 3638 1553 3681 mortem
1605 3627 1748 3692 Filii,

165 3722 395 3791 perinde
426 3736 491 3774 ac
524 3719 569 3773 si
614 3720 824 3773 viveret
850 3756 865 3782 ,
888 3734 953 3773 ex
990 3719 1111 3788 ejus
1150 3718 1321 3775 latere
1352 3735 1493 3790 aqua
1532 3729 1587 3774 et
1628 3734 1753 3779 san-

164 3814 281 3879 guis
312 3813 610 3868 scaturiret
644 3853 658 3877 ,
693 3812 781 3865 illa
825 3822 938 3866 tum
969 3811 1187 3882 quidem
1224 3812 1410 3867 haurit
1435 3823 1752 3871 reverenter

165 3911 217 3954 ct
255 3902 575 3971 diligenter.
1650 3924 1651 3927 η

237 4012 482 4067 XXXIII.
514 4012 719 4066 Deinde
758 4028 818 4065 ea
854 4014 931 4066 sic
972 4030 1030 4068 se
1083 4022 1247 4069 totam
1308 4013 1455 4071 dedit
1498 4014 1751 4082 paranda:

168 4106 499 4176 sepulturae.
539 4112 596 4158 et
648 4106 1105 4173 quemadmodum
1154 4107 1398 4161 divinum
1432 4108 1561 4161 illud
1624 4122 1752 4162 cor-

168 4214 265 4268 pus
299 4216 332 4253 e
379 4192 530 4269 ligno
566 4197 962 4268 deponeretur,
995 4205 1055 4253 et
1091 4208 1281 4268 aptum
1334 4207 1750 4254 monumentum

168 4298 624 4357 consequeretur.
666 4286 803 4343 Cum
838 4299 1021 4344 autem
1064 4304 1170 4345 non
1205 4299 1386 4358 posset
1416 4292 1531 4344 hrec
1561 4306 1656 4360 per
1691 4306 1751 4345 se

168 4382 414 4444 edicere,
448 4383 570 4449 ejus
600 4382 839 4436 mentem
875 4391 1059 4436 movet
1086 4382 1311 4438 omnino
1332 4383 1451 4452 ejus
1486 4384 1651 4437 Filius
1672 4392 1753 4446 ,ut

168 4481 512 4530 scrutaretur
549 4474 759 4527 inloco
817 4472 1100 4527 Calvarite.
1160 4474 1315 4539 Quod
1367 4492 1489 4528 eum
1548 4475 1747 4529 factum

1861 3271 1981 3322 tus,
2011 3262 2273 3317 audacter
2298 3264 2506 3334 (inquit
2548 3262 2759 3321 Marcus
2798 3265 2883 3338 ")
2914 3267 3219 3339 ingreditur
3248 3271 3314 3325 ad
3347 3268 3440 3325 Pi-

1857 3353 2061 3415 latum,
2091 3362 2148 3409 et
2181 3354 2245 3407 iis
2278 3370 2442 3419 usus,
2465 3358 2668 3423 quibus
2702 3375 2840 3426 opus
2872 3370 2991 3413 erat
3028 3401 3042 3425 ,
3074 3363 3256 3416 verbis
3296 3364 3437 3431 pelio

1859 3457 1973 3501 tum
2006 3448 2208 3516 accipit
2257 3448 2502 3503 divinum
2532 3449 2661 3515 illud
2702 3466 2921 3518 corpus,
2968 3462 3022 3507 et
3053 3453 3139 3508 cui
3168 3455 3303 3509 nihil
3339 3471 3440 3526 po-

1860 3546 1968 3590 test
1997 3539 2268 3607 exaequari
2296 3580 2308 3600 ,
2333 3540 2628 3594 ostendens
2659 3541 2901 3596 animum
2939 3584 2953 3609 ,
2993 3543 3146 3626 Iuda}
3183 3556 3440 3615 tanquam

1854 3642 1919 3678 ex
1954 3626 2221 3681 diametro
2250 3631 2611 3683 contrarium.
2680 3630 2813 3686 Nam
2871 3636 2961 3689 ille
3028 3638 3250 3705 quidem
3316 3653 3441 3693 curn

1858 3720 2083 3773 haberet
2113 3720 2357 3781 ,Iradidit
2406 3722 2471 3775 iis
2498 3723 2591 3793 qui
2624 3732 2783 3777 erant
2814 3725 3149 3781 interfecturi
3180 3745 3194 3795 ;
3231 3729 3318 3783 hic
3343 3745 3444 3785 au-

1856 3824 1965 3869 tem
2015 3815 2082 3868 ab
2135 3816 2201 3867 iis
2243 3815 2333 3883 qui
2397 3816 2832 3881 interfecerant,
2900 3820 3063 3889 petiit
3106 3830 3158 3874 et
3208 3824 3442 3892 accepit.

1857 3908 2056 3962 Verum
2123 3907 2269 3962 enim
2346 3923 2473 3962 vero
2546 3925 2733 3963 rursus
2807 3925 3165 3979 persequatur
3233 3916 3441 3982 oratio,

1854 4002 2134 4067 quomodo
2171 4001 2341 4056 Mater
2368 4018 2425 4055 se
2458 4001 2706 4056 haberet.
2743 4002 2938 4057 Dicunt
2965 4005 3113 4060 enim
3143 4006 3177 4060 ii
3228 4008 3318 4077 qui
3374 4009 3443 4065 de

1857 4091 1941 4146 his
1981 4092 2144 4146 rebus
2195 4095 2541 4159 tractarunt,
2603 4110 2721 4148 eam
2758 4096 2825 4149 ab
2858 4097 3016 4151 initio
3076 4114 3248 4170 usque
3279 4101 3345 4156 ad
3384 4103 3445 4155 ti-

1856 4202 2007 4241 netn'
2043 4201 2101 4241 se
2152 4185 2368 4241 fortiter
2424 4195 2476 4241 et
2534 4194 2851 4240 constanter
2906 4185 3143 4259 gessisse
3177 4194 3445 4255 ,Iioneste

1857 4279 2114 4346 quidem,
2170 4288 2225 4334 et
2267 4294 2377 4332 non
2432 4280 2691 4333 indecore
2758 4290 3000 4338 utentem
3030 4294 3180 4339 motu
3232 4286 3441 4342 animi:

1852 4371 2011 4425 iactis
2037 4381 2214 4427 tamen
2239 4374 2687 4433 ostendenlemse
2708 4388 2827 4433 esse
2840 4376 3084 4442 Matrem,
3107 4379 3202 4435 sed
3224 4380 3447 4435 omnino

1860 4464 2085 4518 Matrem
2115 4467 2259 4520 illius
2294 4470 2385 4536 qni
2412 4476 2592 4524 amico
2627 4482 2841 4525 mnrtuo
2887 4480 2942 4525 et
3000 4472 3244 4526 ostendit
3289 4488 3445 4526 amo-

169 4577 344 4627 esset.
394 4563 655 4619 concedit
679 4572 739 4617 ut
787 4564 907 4625 eius
936 4578 1137 4633 scopas
1189 4565 1347 4618 facile
1414 4568 1754 4621 succederet.
1793 4556 1835 4613 D
1867 4565 2099 4621 rent,et
2156 4569 2365 4611 mulum
2404 4560 2572 4614 animi
2635 4560 2804 4615 certis
2862 4560 3065 4616 ﬁnibus
3118 4563 3415 4617 continuit.

171 4659 453 4716 Invenitur
494 4658 642 4713 enim
704 4659 977 4728 quoddam
1022 4669 1441 4714 monumentum
1494 4662 1757 4715 recentis-

171 4754 369 4807 simum
418 4759 475 4805 et
528 4749 960 4820 pulcherrimum
982 4788 999 4815 ,
1028 4759 1084 4803 et
1116 4748 1335 4821 elegans
1376 4749 1528 4805 locus
1562 4750 1615 4804 in
1645 4764 1755 4820 quo

168 4853 285 4897 erat
314 4846 458 4896 situs
480 4883 495 4905 ,
531 4842 625 4895 illo
658 4841 879 4910 quidem
925 4856 1271 4909 nequaquam
1320 4841 1519 4911 dignus
1554 4859 1567 4895 :
1613 4842 1751 4907 Quid

169 4934 314 4988 enim
342 4934 574 4987 omnino
617 4948 681 4987 ex
732 4932 895 4987 rebus
927 4932 1316 4986 terrenis?setl
1348 4948 1458 4986 non
1496 4933 1753 4999 indiguus

171 5024 290 5087 ejus
322 5032 448 5088 qua
488 5021 801 5087 quaerebat,
836 5018 1127 5074 desiderio.
1178 5019 1355 5089 Atque
1387 5028 1502 5072 erat
1534 5022 1753 5087 quidem

173 5114 486 5181 sepulcrum
524 5110 705 5181 plane,
739 5121 797 5164 ut
830 5112 964 5175 disi,
996 5126 1199 5165 novum
1260 5120 1312 5166 et
1349 5113 1574 5165 omnino
1612 5112 1755 5165 iuta-

170 5220 342 5270 ctum,
368 5213 430 5257 ut
462 5206 516 5258 in
555 5218 665 5274 quo
687 5202 897 5256 nullum
930 5204 1108 5258 adhuc
1135 5215 1279 5258 esset
1308 5205 1611 5273 sepultum:
1642 5220 1709 5257 ne
1740 5246 1755 5268 ,

174 5301 216 5354 si
249 5299 355 5356 alia
398 5297 575 5366 posita
629 5296 860 5351 fuissent
904 5310 1131 5364 corpora
1160 5337 1174 5360 ,
1210 5297 1553 5351 dubitaretur
1583 5302 1757 5364 quod-

176 5403 293 5443 nam
324 5390 716 5443 resurrexisset
747 5405 762 5441 :
790 5387 1012 5442 etlocus
1044 5387 1096 5441 in
1128 5388 1332 5459 Optimo
1366 5405 1490 5444 aere
1527 5389 1756 5457 positus,

178 5492 229 5536 et
258 5483 311 5535 in
346 5481 492 5537 horti
528 5480 765 5547 speciem
801 5490 1048 5535 ornatus.
1080 5480 1372 5550 Postquam
1435 5493 1614 5535 autem
1650 5483 1759 5535 sci-

180 5573 360 5627 scitata
394 5570 668 5629 intellexit
692 5608 708 5633 ,
734 5586 839 5626 non
866 5572 1039 5625 solum
1068 5586 1187 5626 esse
1220 5572 1452 5625 amicum
1495 5572 1636 5627 horti
1667 5573 1762 5627 do-

245 5750 287 5784 "
310 5749 474 5805 Joan.
506 5767 565 5811 tt,
599 5746 654 5801 ι.
732 5747 777 5780 ⁸⁸
811 5748 1001 5805 Matth.
1038 5766 1133 5815 xtl,
1165 5750 1253 5805 ιδ.

183 5837 340 5895 nm,
369 5825 441 5881 52
485 5823 576 5879 55.
652 5815 879 5875 “Joan.
909 5836 1019 5886 xix,
1042 5822 1231 5877 38—42.

498 5920 774 5982 Panos.
815 5912 931 5976 Gn.
962 5914 1130 5980 CXV.

1331 5752 1375 5783 "
1406 5749 1566 5807 Jom.
1598 5768 1707 5815 λιι,
1740 5752 1827 5808 27.

1308 5824 1353 5857 ⁸⁵
1382 5822 1527 5879 Psal.
1565 5838 1765 5892 xxxvii,
1802 5824 1888 5893 1'3,
1932 5826 2013 5879 15.

1863 4646 2137 4701 Mortuum
2168 4649 2349 4719 itaque
2385 4652 2575 4707 videns
2609 4653 2908 4720 Filium,ea
2965 4665 3115 4709 motu
3145 4655 3311 4709 animi
3351 4670 3445 4711 usa

1862 4754 1945 4795 est
1993 4750 2049 4796 ut
2095 4746 2357 4811 Oportuit.
2390 4744 2531 4812 Quin
2591 4748 2754 4802 etiam
2797 4751 2853 4801 in
2897 4764 2963 4803 eo
2992 4764 3024 4802 a
3075 4765 3237 4804 cruce
3276 4750 3445 4819 depu-

1873 4834 2061 4887 nendo
2094 4836 2356 4891 maternis
2408 4840 2661 4893 manibus
2708 4840 2953 4893 iuserviit
2976 4885 2989 4903 ,
3026 4849 3081 4894 et
3109 4841 3329 4908 clavos,
3353 4842 3444 4912 qui

1872 4926 2341 4985 extrahebantur.
2371 4944 2471 4983 suo
2502 4930 2624 4985 sinu
2660 4932 2911 5001 accepit,
2945 4943 3000 4987 et
3028 4935 3270 4989 membra
3301 4936 3448 4991 illius

1863 5017 2112 5085 amplexa
2143 5027 2226 5073 est
2251 5060 2263 5082 ,
2300 5023 2496 5089 partim
2528 5024 2750 5094 quidem
2805 5026 2953 5079 ulnis
2992 5026 3266 5097 stringens
3287 5069 3302 5090 ,
3323 5043 3448 5097 par—

1866 5109 1961 5161 tim
1995 5117 2177 5163 autetn
2210 5113 2322 5165 suis
2349 5129 2567 5183 quoque
2604 5118 2857 5189 lacrymis
2889 5118 3071 5187 plagas
3100 5119 3444 5186 etuundans,

1865 5200 2064 5259 deinde
2096 5204 2259 5256 etiam
2320 5214 2429 5259 tota
2493 5207 2589 5262 toti
2633 5211 2849 5280 corpori
2903 5210 3257 5265 circumfusa.
3308 5211 3446 5266 Ecce

1870 5294 1963 5346 tibi
2000 5293 2069 5347 ab
2119 5296 2266 5349 omni
2317 5300 2517 5352 sreculo
2560 5305 2883 5370 prmiinitum
2924 5303 3239 5371 mysterium
3284 5305 3352 5357 ad
3381 5304 3446 5357 tl-

1870 5399 1995 5437 nem
2032 5402 2204 5455 usque
2242 5391 2392 5441 venit
2418 5430 2431 5450 ,
2463 5406 2496 5443 o
2532 5390 2758 5445 Domine
2788 5431 2802 5454 ,
2840 5393 3054 5464 piat-ida
3109 5409 3239 5449 voce
3289 5395 3442 5447 dicit.

1870 5477 1935 5531 Et
1964 5475 2204 5549 .losepho
2246 5482 2300 5535 in
2352 5500 2517 5537 manu
2570 5485 2789 5540 tradens
2821 5488 3108 5541 sindouem
3145 5502 3159 5541 :
3199 5486 3319 5541 Tibi
3351 5502 3447 5540 au-

1872 5582 2015 5638 tem,
2054 5574 2273 5642 inquit,
2314 5576 2577 5648 deinceps
2606 5578 2713 5632 erit
2762 5595 2906 5635 cura:
2932 5618 2948 5645 ,
2984 5590 3044 5635 ut
3090 5580 3145 5636 in
3187 5581 3288 5635 hac
3318 5595 3444 5635 eum

1907 5752 1952 5783 ⁵⁸
1986 5754 2119 5809 Ibid.
2196 5758 2237 5787 ⁸¹
2267 5756 2401 5812 Ibid.
2428 5758 2519 5811 ‘28.

2090 5826 2133 5857 "
2170 5826 2335 5882 Marc.
2371 5844 2435 5881 xv
2493 5830 2583 5883 45.

2615 5759 2657 5789 "
2689 5760 2855 5815 Exod.
2894 5776 3003 5828 xvr,
3037 5761 3126 5814 5i.
3203 5759 3249 5791 "
3284 5756 3439 5813 Deut.

3049 5922 3117 5988 18
