3972 6440
546 367 649 427 555

1797 360 2080 422 MENSIS
2118 362 2547 423 ALVGUSTUS.

3688 365 3794 426 556

548 488 773 538 honeste
833 496 1171 549 componas,
1234 481 1555 550 myrrhaque
1600 480 1820 547 pulchre
1850 481 2113 544 condias,
2147 484 2188 538 Α
2224 493 2279 530 re
2330 480 2523 547 spiritu
2602 479 2830 549 vigilans
2859 516 2872 540 ,
2922 477 3107 530 omnia
3154 476 3390 547 perfecte
3438 480 3568 533 vidit
3622 490 3681 534 ut
3736 497 3800 535 se

546 589 596 630 et
622 576 669 629 ei
699 576 841 642 justa
875 572 1060 628 facias.

615 662 832 718 XXXV.
863 662 998 717 Cum
1052 660 1129 716 sie
1157 676 1286 731 ergo
1360 678 1501 715 novo
1577 673 1926 715 monumento
1979 662 2116 715 divi-

548 771 677 809 num
717 772 913 824 corpus
954 754 1326 819 tradidissent,
1373 753 1569 823 Joseph
1597 798 1608 815 ,
1644 766 1699 809 et
1731 755 1821 822 qui
1876 771 1998 809 eum
2057 769 2122 807 eo

546 856 665 900 erat
720 848 1088 909 Nieodemus,
1148 857 1202 901 et
1252 847 1340 900 alii
1392 848 1483 915 qui
1527 863 1649 900 cum
1717 847 1795 900 eis
1848 848 2120 909 aderant,

548 941 649 1011 ipsi
706 940 928 1009 quidem
983 940 1163 993 statim
1207 940 1532 994 recedunta
1596 939 1891 1007 sepulcro;
1954 939 2122 992 Mater

548 1042 729 1084 autem
768 1030 880 1082 sola
934 1030 1199 1085 remansit
1248 1030 1500 1097 sepulcro
1543 1030 1862 1092 adharrens,
1900 1028 2121 1081 minime

547 1120 941 1173 dormientibus
971 1120 1140 1172 oculis
1173 1136 1543 1187 perseverans.
1583 1120 1716 1172 Nam
1763 1120 1867 1172 etsi
1903 1118 2120 1173 Mariam

547 1212 912 1280 Magdalenam
945 1211 1225 1265 Matthmus
1255 1225 1318 1264 ex
1344 1212 1569 1265 adverso
1602 1227 1723 1263 cum
1756 1210 1919 1264 altera
1952 1212 2121 1280 signi-

550 1305 731 1357 tieavit
786 1304 1054 1357 assedisse
1086 1343 1100 1368 ,
1159 1305 1333 1358 solum
1393 1313 1573 1357 tamen
1606 1304 1673 1357 ad
1706 1304 1994 1357 videndum
2029 1318 2123 1355 ve-

548 1394 693 1448 nisse
725 1393 938 1459 innuit,
975 1408 1152 1462 neque
1214 1410 1373 1447 ausas
1421 1409 1540 1448 esse
1598 1396 1853 1449 accedere
1896 1411 1960 1449 eo
1986 1404 2123 1447 tem-

547 1502 714 1555 pore,
748 1502 855 1555 quo
908 1486 1270 1539 mandabatur
1304 1486 1613 1554 sepultum.
1666 1481 1827 1540 Certe
1886 1501 2123 1553 namque

548 1576 627 1633 eis
656 1579 947 1641 succurrit,
984 1587 1041 1630 ut
1072 1577 1388 1630 recederent
1423 1587 1643 1645 propter
1671 1587 1873 1629 metum
1904 1578 2125 1630 Judaeu-

548 1686 668 1724 rum
700 1707 713 1731 ,
762 1678 817 1721 et
868 1669 1157 1722 adventum
1224 1668 1572 1721 custodiae".
1623 1668 1800 1736 Inqnit
1836 1670 1977 1721 enim
2014 1669 2125 1735 ipse

549 1761 833 1815 Matthatus
863 1777 875 1812 :
923 1759 1140 1827 Vespere
1170 1770 1340 1812 autem
1374 1759 1591 1812 Sabbati
1628 1798 1641 1821 ,
1678 1777 1789 1828 quw
1822 1760 2030 1813 lucescit
2072 1761 2124 1814 in

548 1854 718 1919 prima
748 1851 965 1906 Sabbati
994 1892 1007 1916 ,
1063 1853 1200 1904 venit
1262 1844 1440 1903 Maria
1481 1850 1793 1920 Magdalcne
1835 1861 1884 1903 et
1953 1852 2121 1905 altera
2161 1836 2199 1889 Β

555 1946 730 1999 Μανία
778 1946 950 1998 videre
1015 1944 1312 2013 sepulcrum
1343 1944 1429 1996 ⁵⁸.
1488 1944 1601 1997 Non
1656 1946 1885 1998 dixisset
1946 1954 2132 1998 autem

554 2038 770 2092 venisse
802 2076 817 2100 ,
865 2052 985 2105 qua:
1017 2036 1436 2097 remansissent,
1472 2036 1573 2088 nisi
1614 2050 1692 2089 ea:
1727 2050 1943 2103 quoque
1976 2036 2126 2088 simi-

556 2132 675 2183 liter
712 2139 769 2182 ut
803 2128 982 2182 eceteri
1014 2166 1029 2192 ,
1074 2129 1433 2181 recessissent
1465 2142 1492 2179 a
1533 2128 1912 2181 monumento.
1951 2125 2127 2196 Atque

554 2222 643 2273 alii
678 2221 894 2290 quidem
920 2220 1147 2274 alteram
1175 2258 1189 2281 ,
1226 2233 1345 2288 quae
1374 2218 1572 2272 dicitur
1601 2258 1617 2280 ,
1662 2218 1889 2270 Mariam
1914 2259 1927 2281 ,
1964 2233 2126 2286 quam

558 2315 672 2383 ipse
697 2313 857 2376 dixit,
890 2313 982 2381 qui
1043 2313 1317 2380 praecessit
1346 2348 1359 2371 ,
1394 2320 1449 2363 et
1491 2310 1700 2362 Marcus
1739 2308 1883 2362 clare
1910 2310 2084 2377 aperit
2113 2348 2127 2373 ,

556 2406 784 2459 dicens:
825 2400 999 2455 Maria
1055 2410 1232 2453 autem
1270 2399 1611 2469 Magdalene,
1636 2408 1682 2451 et
1707 2397 1881 2451 Maria
1921 2397 2129 2466 Joseph,

558 2494 878 2562 aspiciebant
927 2492 1012 2544 ubi
1044 2491 1392 2559 ponerent”;
1432 2490 1519 2541 alii
1574 2503 1702 2541 vero
1746 2488 1967 2541 Mariam
2018 2504 2131 2556 quit:

558 2586 825 2657 appellata
854 2594 938 2641 est
961 2584 1144 2639 Jacobi
1170 2626 1184 2647 ,
1221 2577 1598 2659 existimarunt
1627 2598 1749 2637 esse
1802 2583 2083 2651 Deiparam
2115 2622 2129 2645 ,

561 2695 668 2735 non
705 2687 850 2732 recte
880 2716 893 2739 ,
934 2690 1107 2745 neque
1164 2684 1421 2729 accurate
1476 2676 1757 2726 veritatem
1814 2676 2131 2743 coniectan-

563 2781 662 2826 tes.
704 2768 911 2837 Ubique
933 2769 1077 2822 enim
1116 2767 1168 2819 in
1206 2766 1509 2834 EVangeliis
1540 2766 1654 2833 ipsa
1704 2773 1824 2833 post
1871 2780 2129 2817 arcanum

562 2864 715 2917 illum
752 2868 931 2915 ortum
960 2868 1144 2927 aperte
1184 2867 1238 2911 et
1282 2858 1497 2925 preprie
1557 2857 1865 2908 nominatur
1920 2856 2086 2910 Mater
2118 2896 2132 2921 ,

561 2958 617 3004 et
635 2949 771 3002 hanc
794 2948 1015 3000 omnino
1040 2944 1269 2998 maxime
1289 2954 1469 2996 notam
1497 2944 1659 2997 habet
1693 2944 2129 3012 appel!ationem.

563 3040 798 3109 Accepit,
834 3040 1041 3107 inquit,
1078 3037 1369 3105 infantem,
1421 3046 1468 3089 et
1523 3034 1747 3089 Matrem
1798 3037 1969 3105 eiusto
1998 3077 2011 3091 .
2070 3038 2136 3090 Et

2224 572 2493 625 habebant
2520 612 2534 635 ,
2568 572 2711 640 quod
2744 586 2812 624 ne
2863 570 3134 624 tantillum
3166 569 3384 639 quidem
3405 610 3418 631 ,
3446 580 3505 623 ut
3535 572 3799 636 diximus,

2220 682 2247 718 a
2282 664 2531 731 sepulcro
2573 664 2897 729 recesserit,
2932 664 3105 717 donec
3173 664 3342 731 ipsam
3396 664 3665 716 vivilieam
3714 666 3798 715 vi-

2222 756 2301 808 dit
2336 755 2814 806 resurrectionem.
2855 751 2985 805 Nam
3020 753 3155 819 lapis
3202 753 3421 820 quidem
3470 753 3755 805 revolutus
3781 796 3797 815 ,

2222 860 2278 901 et
2313 846 2537 913 angelus
2577 846 2624 898 ei
2654 844 2897 897 insidens
2922 882 2936 907 ,
2976 844 3042 897 ab
3078 844 3198 897 aliis
3251 859 3464 912 quoque
3515 844 3666 897 visus
3715 854 3805 897 est

2224 937 2561 991 mulieribus.
2601 934 2827 1001 Quando
2857 945 3040 988 autem
3064 973 3079 999 ,
3106 935 3643 1004 etquemadinodum
3682 936 3805 988 base

2225 1031 2361 1085 facta
2404 1041 2565 1092 sunt,
2604 1029 2709 1085 illa:
2744 1030 2959 1097 quidem
3010 1030 3232 1081 omnino
3285 1029 3641 1081 nesciebant:
3684 1029 3803 1096 ipsa

2226 1138 2351 1173 vero
2390 1123 2531 1179 sola,
2570 1134 2626 1172 ut
2674 1137 2792 1189 quae
2824 1120 3109 1182 assideret,
3144 1120 3324 1172 omnia
3381 1130 3637 1173 accurate
3676 1136 3807 1187 per-

2225 1215 2424 1280 Spexit.
2461 1212 2720 1265 Videntur
2753 1226 2880 1280 ergo
2908 1211 2956 1265 ei
2988 1216 3175 1280 prima:
3195 1227 3313 1263 esse
3336 1210 3444 1263 dati
3497 1211 3623 1264 boni
3651 1228 3804 1263 nun-

2228 1306 2283 1356 tii
2324 1304 2784 1363 resurrectionis,
2823 1314 2877 1357 et
2944 1304 3123 1371 quoad
3156 1303 3274 1371 ejus
3314 1302 3429 1356 ﬁeri
3473 1303 3687 1369 potuit,
3733 1302 3806 1354 ab

2228 1406 2288 1443 ea
2317 1401 2640 1458 conspectus
2675 1394 2841 1443 luisse.
2882 1393 3136 1459 Splendor
3192 1392 3329 1445 Filii.
3386 1391 3495 1445 Sed
3548 1394 3627 1445 sic
3678 1392 3806 1459 qui-

2228 1484 2349 1535 dem
2389 1483 2478 1536 Dei
2511 1482 2680 1536 Mater
2730 1492 2783 1536 et
2815 1484 2927 1551 ipsa
2988 1484 3188 1537 clarius
3244 1485 3430 1553 aspicit
3466 1466 3584 1538 Filii
3621 1498 3809 1537 resur-

2231 1576 2523 1627 rectionem
2547 1616 2560 1639 ,
2594 1583 2649 1627 et
2683 1575 2800 1643 ejus
2833 1574 3216 1643 praedicatores
3241 1578 3306 1629 de
3349 1591 3412 1627 ea
3449 1576 3620 1642 magis
3666 1589 3808 1627 eon-

2231 1670 2425 1730 Iirmal,
2454 1683 2613 1734 quam
2642 1682 2718 1720 etc
2746 1684 2863 1735 qua:
2894 1676 3168 1735 unguenta
3193 1668 3535 1720 attulerunt:
3564 1667 3809 1727 etiarnsi,

2229 1760 2356 1813 dum
2415 1760 2774 1827 loquerentur
2799 1764 2861 1812 de
2889 1757 3097 1813 Domini
3139 1760 3565 1823 resurrectione,
3600 1759 3809 1810 nullam

2230 1855 2347 1919 ejus
2376 1850 2702 1904 mentionem
2737 1850 2967 1903 fecerint
2993 1892 3006 1914 ,
3038 1850 3293 1905 caventes
3321 1850 3551 1905 fovlasse
3593 1845 3807 1903 maler-

2233 1957 2360 1995 num
2390 1942 2583 1994 allerre
2610 1942 2979 1994 testimonium
3020 1980 3032 2002 ,
3059 1958 3129 1995 ne
3162 1943 3435 1995 videretur
3463 1951 3809 2011 suspectum,

2230 2044 2283 2088 et
2318 2044 2535 2103 propter
2566 2034 3006 2101 coniunctionem
3042 2032 3184 2085 lides
3236 2033 3282 2086 ei
3333 2034 3514 2086 minus
3573 2034 3811 2086 babere-

2229 2136 2334 2181 tur.
2393 2127 2497 2181 Sed
2551 2126 2777 2197 Deipara
2837 2142 3007 2193 ,eum
3058 2126 3177 2180 Filii
3239 2126 3698 2181 resurrectionem
3756 2134 3814 2178 et

2232 2221 2348 2273 visu
2376 2259 2389 2279 ,
2428 2229 2481 2272 et
2512 2218 2740 2272 internis
2777 2220 2951 2273 Oculis
2987 2219 3067 2272 sic
3098 2220 3442 2289 accepisset,
3478 2231 3670 2290 postea
3712 2216 3815 2269 ha—

2237 2308 2427 2362 bitavit
2474 2323 2598 2361 eum
2655 2310 2854 2362 dilecto
2885 2309 3152 2378 discipulo
3180 2350 3194 2373 ,
3228 2322 3555 2379 exspectans
3593 2321 3817 2378 tempus

2234 2402 2435 2455 Christi
2471 2403 2882 2471 assumptionis.

2306 2492 2561 2546 XXXVII.
2598 2491 2888 2562 Postquam
2925 2503 3104 2545 autem
3139 2491 3297 2543 linem
3356 2490 3609 2558 accipere
3645 2504 3817 2558 opor-

2235 2586 2380 2642 tebat
2409 2627 2422 2648 ,
2464 2601 2803 2653 quaecunque
2832 2586 2897 2637 ad
2943 2586 3123 2637 carnis
3161 2593 3426 2650 suscepta:
3461 2584 3821 2652 pertinebant

2235 2678 2593 2735 meonemiam
2631 2686 2727 2739 ,et
2784 2677 2856 2729 ita
2908 2678 2957 2727 in
3010 2677 3203 2729 emtum
3254 2677 3474 2737 extolli,
3515 2677 3661 2742 quod
3722 2690 3816 2726 as-

2237 2781 2513 2840 sumptum
2562 2770 2739 2823 fuerat
2769 2808 2781 2831 ,
2821 2767 3013 2819 amicis
3069 2782 3338 2835 apparens
3388 2766 3638 2818 Salvator
3682 2769 3818 2834 (non

2236 2863 2381 2916 enim
2433 2877 2577 2931 sa‘pe
2635 2869 2758 2930 post
2814 2858 3268 2912 resurrectionem
3339 2860 3698 2927 spectabilem
3757 2874 3821 2914 se

2239 2956 2343 3008 illis
2372 2954 2644 3023 praebebat
2672 2952 2687 3021 )
2719 2994 2731 3015 ,
2762 2961 2815 3005 ct
2862 2952 3026 3003 multa
3069 2952 3171 3003 alia
3215 2966 3335 3004 cum
3357 2950 3437 3004 eis
3470 2951 3729 3015 disserit,
3763 2961 3822 3005 et

2239 3046 2365 3099 boni
2396 3046 2628 3112 Spiritus
2705 3043 2994 3094 adventum
3053 3043 3362 3096 annuntiat.
3413 3045 3616 3097 Deinde
3650 3045 3820 3098 etiam

566 3148 756 3190 rursus
785 3150 803 3188 :
830 3127 963 3183 Erat
1002 3130 1173 3183 Mater
1244 3128 1368 3183 Jesu
1418 3130 1605 3183 illic“.
1636 3128 1699 3182 Et
1729 3147 1741 3183 :
1770 3129 1908 3182 Dicit
1966 3128 2205 3220 Mutch
2240 3153 2361 3189 cum
2393 3134 2667 3189 eduxisset
2712 3150 2899 3201 parum
2938 3135 3086 3188 extra
3121 3135 3399 3187 civitatem
3431 3174 3446 3187 .
3479 3145 3533 3188 et
3570 3136 3692 3188 illos
3724 3175 3739 3199 ,
3762 3146 3824 3188 ut

567 3227 678 3294 ejus
708 3222 957 3276 ministris
980 3222 1045 3272 ".
1084 3220 1147 3273 Et
1175 3236 1187 3269 :
1220 3219 1496 3271 Descendit
1531 3221 1583 3270 in
1614 3217 1985 3288 Capharnaum
2006 3223 2134 3289 ipse,

566 3328 614 3371 ct
644 3312 820 3370 Mater
846 3315 959 3380 ejus
980 3312 1042 3364 ".
1068 3312 1133 3366 Et
1165 3311 1370 3367 :Mater
1400 3322 1490 3364 tua
1545 3321 1592 3363 et
1624 3310 1813 3380 fratres
1851 3316 1925 3365 tui
1980 3324 2131 3367 stete-

566 3418 685 3461 runt
720 3408 846 3475 foris
877 3407 940 3458 “.
973 3406 1113 3470 Quin
1140 3406 1341 3458 etiam:
1375 3402 1642 3457 Steterunt
1670 3406 1739 3457 ad
1778 3422 1983 3456 crucem
2014 3405 2135 3456 Jesu

566 3498 741 3551 Mater
768 3498 878 3563 ejus
902 3536 915 3559 ,
955 3504 1001 3547 et
1034 3509 1182 3546 soror
1213 3492 1397 3543 Matris
1422 3493 1533 3559 ejus
1556 3492 1597 3521 “5
1629 3534 1641 3547 .
1682 3490 1853 3547 Lahcs
1885 3532 1897 3554 ,
1942 3495 1985 3545 si
2019 3493 2100 3545 vis
2122 3534 2135 3554 ,

564 3591 728 3645 etiam
759 3587 956 3641 Lucam
998 3586 1051 3637 in
1078 3582 1302 3637 Actibus
1340 3584 1723 3652 sutlragantem
1760 3582 1823 3635 iis
1858 3598 1974 3651 quae
2012 3594 2138 3638 sunt

567 3681 839 3753 proposita
875 3694 888 3735 :
925 3676 992 3730 1Ιὶ
1045 3690 1219 3726 omnes
1264 3686 1411 3726 erant
1483 3684 1872 3738 perseverantes
1913 3675 1965 3725 in
2014 3692 2136 3727 ora-

567 3776 705 3825 tione
756 3785 869 3821 cum
914 3766 1216 3819 mulieribus
1250 3803 1263 3827 ,
1296 3772 1343 3815 et
1397 3763 1561 3815 Maria
1604 3762 1779 3816 Matre
1825 3762 2043 3820 Jesu“.
2071 3766 2135 3821 Et

570 3866 624 3917 in
686 3875 898 3918 summa
965 3858 1278 3913 difﬁcillime
1311 3856 1542 3910 inveniri
1602 3865 1823 3925 potest,
1867 3873 1985 3909 eam
2016 3872 2138 3911 esse

569 3958 723 4009 aliter
756 3954 1087 4008 nominatam
1117 3991 1130 4016 ,
1171 3961 1262 4005 aut
1292 3966 1356 4003 ex
1391 3960 1543 4016 patre
1569 3986 1582 4009 ,
1610 3961 1700 3999 aut
1726 3963 1789 3999 cx
1825 3948 2000 4015 aliqua
2035 3950 2134 4001 alia

570 4047 909 4113 cognationis
1005 4042 1367 4105 habitudine,
1431 4050 1486 4092 ut
1549 4040 1805 4095 diximus.
1876 4040 2136 4106 Quocirca

572 4138 717 4191 nulla
757 4151 819 4189 ex
860 4135 942 4187 his
974 4134 1061 4187 illa
1102 4144 1208 4188 est.

646 4228 880 4281 XXXVI.
918 4228 1045 4279 Nam
1076 4228 1191 4280 alia:
1229 4227 1444 4294 quidem
1481 4234 1593 4279 tota
1654 4235 1809 4279 nocte
1846 4227 1908 4279 ad
1961 4228 2139 4293 sepul-

572 4334 721 4375 crum
760 4318 1016 4385 ingressa:
1052 4326 1176 4369 sunt
1210 4326 1263 4369 et
1305 4326 1631 4384 egresseet
1668 4332 1729 4369 ea
1756 4319 2096 4386 (lUdﬁilCilillll
2122 4358 2135 4380 ,

571 4408 826 4479 apostolis
858 4408 1193 4461 nuntiarunt.
1224 4406 1586 4472 Quamobrem
1651 4423 1749 4461 nec
1774 4412 1851 4461 eis
1912 4410 2132 4478 contigit

2240 3245 2361 3282 eum
2399 3227 2644 3286 decebat,
2674 3226 3024 3294 impertiisset
3058 3225 3440 3279 benedictione
3463 3264 3478 3287 ,
3503 3226 3824 3278 videntibus

2242 3321 2369 3389 ipsis
2405 3320 2458 3371 in
2513 3320 2708 3369 ccclqu
2768 3316 3047 3369 extollitur
3072 3315 3155 3365 ετ.
3202 3316 3305 3367 Sed
3355 3330 3423 3367 ne
3451 3330 3511 3365 ca
3571 3331 3657 3367 res
3687 3311 3825 3384 ipsis

2241 3414 2461 3462 aII‘erret
2500 3406 2795 3465 molestiam
2828 3446 2844 3469 ,
2876 3417 2928 3459 et
2956 3406 3195 3460 dolorem
3231 3405 3311 3459 eis
3361 3416 3671 3474 procrearet
3704 3407 3824 3460 Ma-

2241 3503 2387 3571 gistri
2450 3502 2720 3569 privatio,
2774 3500 2890 3567 ejus
2948 3515 3162 3568 quoque
3226 3516 3410 3552 curam
3443 3499 3608 3569 gessit
3641 3500 3825 3553 bonus

2241 3594 2444 3665 pastor.
2478 3592 2553 3645 Ad
2586 3608 2678 3645 eos
2712 3592 2871 3645 mittit
2928 3593 3145 3662 angelos
3176 3634 3189 3657 ,
3219 3593 3308 3659 qui
3342 3602 3392 3646 et
3448 3593 3591 3647 illius
3624 3608 3827 3647 ascen-

2238 3704 2356 3741 sum
2419 3687 2793 3756 explicarent,
2848 3697 2902 3740 ct
2959 3702 3054 3740 eos
3106 3686 3365 3740 inell‘abiii
3421 3696 3474 3739 et
3507 3688 3823 3740 admirabili

2240 3779 2523 3845 implerent
2559 3778 2929 3831 consolatione
2959 3780 3022 3828 η.
3049 3778 3183 3829 Cum
3209 3785 3391 3829 autem
3444 3778 3775 3831 adorassent
3808 3820 3823 3841 ,

2240 3883 2429 3919 rursus
2460 3869 2676 3920 domum
2730 3869 2834 3920 lacti
2883 3877 3007 3919 sunt
3076 3868 3317 3931 reversi,
3379 3868 3538 3922 simul
3595 3871 3824 3937 quidem

2241 3969 2463 4028 agentes
2493 3960 2543 4011 in
2579 3960 2857 4025 superiore
2892 3959 3176 4011 ctenaeulo
3201 3999 3215 4023 ,
3263 3960 3405 4015 sicut
3449 3962 3822 4016 constitutum

2241 4052 2417 4106 fuerat
2448 4094 2462 4118 ,
2504 4061 2554 4106 et
2580 4050 2839 4105 Paracleti
2891 4063 3273 4123 exspectantes
3306 4056 3623 4110 adventum.
3655 4058 3827 4111 Erant

2240 4147 2418 4200 autem
2459 4146 2511 4197 in
2564 4145 2808 4199 oratione
2866 4146 3197 4198 unanimiter
3251 4158 3669 4212 perseverantes
3699 4189 3712 4208 ,
3746 4153 3826 4201 si-

2241 4244 2331 4288 cut
2360 4235 2521 4286 etiam
2561 4234 2731 4285 Lucas
2765 4235 3103 4304 livangclisltt
3134 4248 3345 4287 narrat.
3380 4238 3515 4289 (lum
3549 4238 3694 4291 enim
3722 4255 3828 4297 no.

2243 4327 2486 4379 minatitu
2542 4326 2735 4377 (Ihristi
2797 4338 3171 4380 enumerasset
3223 4329 3524 4398 discipulos
3555 4370 3568 4392 ,
3613 4331 3823 4384 deinde

2241 4417 2518 4487 subiungit
2557 4434 2569 4469 :
2610 4414 2671 4469 Et
2719 4418 2770 4469 lii
2848 4434 3021 4471 omnes
3079 4424 3474 4487 perseverabant
3542 4427 3823 4475 unanimi.

574 4502 759 4555 videre
798 4499 952 4568 plura
985 4496 1247 4550 miracula
1314 4498 1733 4550 resurrectionis
1758 4535 1771 4549 .
1829 4499 1916 4551 Illa
1953 4511 2130 4551 autem

2246 4520 2323 4561 (ιν
2378 4512 2427 4560 in
2472 4511 2705 4562 oratione
2755 4521 2801 4564 et
2855 4514 3192 4578 precatione,
3252 4530 3364 4564 cum
3410 4516 3714 4570 mulieribus
3771 4529 3823 4571 et

571 4609 692 4661 qua:
753 4590 1021 4645 iudivulsa
1086 4587 1359 4641 assidebat
1406 4591 1699 4655 sepulcro,
1763 4589 1946 4640 omnia
2006 4589 2138 4642 vidit

571 4692 756 4751 aperte
784 4720 798 4743 ,
832 4688 887 4733 et
923 4693 1026 4731 non
1081 4677 1258 4729 statim
1290 4716 1301 4737 ,
1329 4677 1420 4730 sed
1482 4688 1666 4745 postea
1720 4679 1942 4747 protulit
1980 4680 2031 4732 in
2060 4679 2138 4733 lu-

570 4784 722 4835 ecm,
763 4775 817 4821 et
850 4764 1203 4819 renuntiavit.
1251 4764 1381 4817 Nam
1430 4770 1700 4833 quomodo
1744 4769 1901 4823 simul
1952 4781 2136 4825 terra:-

570 4870 809 4923 motum,
846 4865 899 4909 et
927 4856 1101 4923 angeli
1142 4856 1195 4907 iu
1258 4865 1533 4910 momento
1586 4861 1850 4927 temporis
1904 4862 2126 4913 descen-

571 4964 725 5013 sum,
761 4956 815 5000 et
865 4946 1060 5015 lapidis
1114 4946 1540 5011 revolutionem,
1578 4958 1633 5001 et
1693 4950 1977 5003 custodum
2014 4967 2139 5020 pro-

572 5036 799 5091 fundum
853 5048 1105 5097 soporem
1144 5072 1155 5097 ,
1211 5041 1259 5085 et
1313 5037 1837 5101 expergelactionem
1866 5078 1879 5101 ,
1914 5049 1966 5090 et
2002 5054 2137 5107 quo-

572 5129 818 5184 rumdam
847 5125 899 5177 in
927 5126 1115 5177 urbem
1158 5126 1527 5181 reversionem
1552 5167 1564 5189 ,
1594 5129 1899 5196 potuissent
1932 5132 2135 5185 abeun-

573 5234 651 5275 tes
686 5220 941 5273 mulieres
970 5260 982 5278 ,
1018 5230 1068 5270 et
1100 5233 1288 5287 rursus
1339 5230 1673 5274 revertentes
1696 5265 1708 5287 ,
1743 5224 1951 5294 integre
2009 5242 2133 5296 per-

571 5312 779 5381 spicere
802 5309 823 5361 ?
846 5309 948 5362 Sed
981 5309 1184 5362 clarum
1219 5322 1321 5375 est,
1346 5311 1459 5365 lure
1493 5312 1656 5366 fuisse
1686 5318 1911 5369 materni
1946 5328 2000 5371 et
2045 5334 2135 5369 ar-

570 5402 747 5456 dentis
778 5402 979 5453 amoris
1001 5440 1014 5465 ,
1050 5416 1167 5470 qua:
1200 5414 1463 5471 perpetuo
1517 5405 1764 5461 assidens
1863 5418 1916 5462 et
1950 5410 2127 5465 acrio-

571 5581 598 5653 t
674 5579 946 5653 ‘i‘llrattrh.
979 5597 1142 5643 xxvii,
1181 5581 1265 5643 65.
1299 5584 1386 5639 66.
1463 5586 1509 5616 ⁸⁸
1536 5585 1721 5641 Matth.
1753 5606 1936 5653 xxvnt,
1972 5593 2019 5647 I.

571 5650 622 5725 β.
701 5650 909 5725 illeid.
954 5666 1050 5725 sit,
1159 5657 1202 5683 ⁶⁴
1236 5653 1424 5709 Matth.
1456 5658 1667 5725 “1,47.

572 5722 623 5773 1.
713 5719 757 5751 θ’
793 5722 924 5775 ibid.
960 5722 1047 5773 Ii.

2100 5595 2143 5625 ⁸³
2164 5596 2327 5655 Mare.
2349 5618 2431 5667 xv,
2464 5605 2513 5656 l.

1768 5661 1989 5716 "Joan.
2026 5682 2136 5731 six,
2186 5670 2275 5726 25.
2355 5661 2538 5728 θελοι.
2577 5673 2730 5737 ι,14.
2809 5677 2853 5709 ⁸⁷
2875 5661 3349 5765 ΙαίιείνιχινξῖΙ-ί.
3379 5661 3449 5722 ’δ’
3481 5661 3607 5750 Xct.

2240 4601 2411 4655 Maria
2446 4611 2609 4652 matre
2640 4601 2760 4653 Jcsu
2793 4640 2806 4663 ,
2834 4612 2879 4653 et
2904 4618 3017 4653 cum
3048 4603 3303 4670 fratribus
3329 4605 3440 4664 eius
3465 4608 3506 4637 ’⁸
3531 4644 3545 4660 .
3588 4607 3825 4678 Semper

2241 4696 2384 4745 enim
2420 4694 2533 4759 ipsa
2569 4707 2781 4759 quoque
2816 4706 2935 4745 cum
2981 4696 3060 4747 eis
3088 4696 3550 4762 conversabatur,
3582 4713 3610 4750 a
3653 4703 3824 4757 rebus

2244 4776 2626 4852 pulcherrimis
2682 4793 2735 4837 et
2802 4785 3198 4841 honestissimis
3255 4803 3532 4857 nunquam
3587 4793 3822 4848 omnino

2245 4873 2537 4927 desistens.

2316 4963 2603 5018 XXXVIII.
2652 4966 2938 5035 Postquam
2976 4981 3155 5023 autem
3210 4972 3262 5024 in
3323 4983 3567 5044 tempore
3619 4977 3823 5034 Pente-

2241 5055 2414 5108 θυείας
2448 5056 2699 5123 apostoli,
2734 5057 2933 5125 impleti
2983 5060 3164 5115 divina
3216 5066 3386 5133 gratia
3428 5065 3716 5135 Paraeleti,
3747 5074 3816 5127 ad

2243 5146 2516 5215 Evangelii
2553 5147 2851 5201 doctrinam
2888 5151 3025 5207 allus
3062 5150 3166 5208 alio
3192 5158 3580 5223 mittebantur,
3614 5172 3669 5215 et
3698 5165 3811 5233 jam

2243 5238 2553 5304 prxdicatio
2594 5236 2715 5290 ﬁdei
2756 5245 3219 5311 annuntiabatur,
3258 5248 3561 5318 Virginem,
3621 5266 3814 5323 utpote

2238 5327 2434 5381 dilecto
2488 5327 2749 5395 discipulo
2799 5340 2852 5383 et
2913 5334 3103 5403 virgini
3152 5341 3612 5409 commendatam,
3690 5362 3815 5413 qua:

2234 5429 2345 5469 erat
2381 5420 2430 5470 in
2466 5418 2595 5471 Sion
2624 5421 2741 5488 ejus
2769 5423 2999 5493 domus,
3035 5443 3153 5481 eam
3184 5430 3411 5487 habebat
3446 5431 3562 5489 illic
3605 5438 3815 5509 degen-

2589 5602 2633 5635 ⁸ο
2661 5601 2848 5657 Matth.
2878 5624 2937 5673 ll,
2967 5609 3050 5664 14.

3130 5609 3349 5674 “Joan.
3379 5634 3437 5683 ιι,
3478 5620 3529 5672 1.
3610 5624 3651 5654 δ’
3677 5623 3814 5679 Ibid,
