3972 6460
155 431 256 490 557

157 547 257 596 tein
298 558 310 592 :

152 631 536 688 exhibebatur.
583 629 716 683 Cum
768 644 896 684 vero
941 639 996 683 et
1044 631 1232 683 mortis
1263 644 1382 683 eam
1413 631 1731 699 participem

155 726 265 775 tieri
323 737 548 775 necesse
589 719 929 789 foret,(cnr
965 721 1109 774 enim
1174 719 1278 774 hoc
1335 737 1564 790 passura
1624 737 1730 774 non

153 823 334 874 esset,
371 813 623 882 quamvis
665 812 755 864 Dei
809 810 979 865 Filius
1034 829 1099 865 ex
1167 829 1227 871 ea
1283 814 1498 882 genitus
1543 827 1731 866 revera

154 915 291 959 esset
346 905 548 960 homo?
582 905 780 974 )cum,
812 905 1070 972 inquam,
1133 913 1292 959 aetate
1359 917 1610 974 provecta
1665 904 1732 959 ad

154 999 377 1051 multam
429 1006 768 1052 senectutem
814 998 1180 1064 pervenisset.
1230 1008 1282 1051 et
1344 995 1732 1067 peregrinatio-

154 1089 235 1141 nis
261 1101 480 1156 tempus
509 1101 749 1156 preesens
787 1096 947 1149 esset,
972 1102 1065 1154 per
1095 1088 1367 1154 angelum,
1390 1103 1448 1140 se
1473 1087 1730 1157 migratu-

154 1195 263 1230 ratn
289 1193 441 1240 esse,
480 1194 508 1230 a
554 1175 688 1229 Filio
740 1175 932 1229 edocta
965 1185 1047 1230 est
1077 1217 1091 1240 ,
1123 1178 1269 1230 sicut
1299 1186 1359 1229 ct
1394 1186 1584 1234 antea.
1626 1193 1733 1245 quo

152 1281 396 1338 tempore
447 1270 500 1322 in
553 1269 673 1336 ejus
720 1277 964 1321 ventrem
1025 1270 1368 1338 ingrcssurus
1412 1277 1560 1330 erat,
1592 1283 1735 1320 nun-

153 1363 340 1413 tiatum
385 1361 462 1413 illi
492 1360 686 1413 fuerat.
721 1359 856 1412 Cum
890 1359 1053 1429 igitur
1097 1374 1354 1414 excessus
1402 1358 1485 1413 sui
1533 1369 1733 1428 myste-

153 1455 288 1506 rium
321 1453 648 1515 didicisset,
711 1466 831 1504 eam
885 1463 1002 1503 rem
1043 1451 1236 1508 laetitia:
1294 1460 1453 1504 tante
1478 1491 1494 1517 ,
1534 1461 1733 1520 quanta

153 1547 330 1600 verbis
389 1545 647 1613 explicari
715 1560 822 1598 non
877 1549 1094 1614 potest,
1147 1546 1428 1599 materiam
1488 1546 1734 1612 judicans

151 1639 321 1706 (quid
379 1639 527 1691 enim
570 1638 644 1691 illi
698 1639 920 1693 suavius
995 1639 1216 1692 evenire
1268 1648 1520 1707 poterat,
1571 1653 1733 1708 quain

150 1747 268 1784 cum
310 1729 451 1784 Ftlio
491 1745 592 1784 suo
626 1746 748 1785 esse
775 1739 830 1784 et
866 1747 974 1785 una
1002 1732 1270 1798 regnare?
1300 1736 1316 1799 )
1348 1732 1529 1784 statim
1574 1731 1736 1800 jussit

153 1823 385 1890 plurima
421 1822 627 1874 lumina
655 1823 878 1874 domum
911 1821 1094 1874 aﬂ‘erri
1125 1841 1161 1888 ;—
1183 1825 1343 1892 idque
1384 1823 1584 1877 factum
1630 1835 1734 1877 est.

154 1915 285 1972 Tota
324 1929 455 1968 vero
509 1914 706 1968 domus
759 1913 1019 1967 mundata
1060 1923 1163 1967 est.
1217 1914 1415 1970 Lectus
1471 1917 1638 1978 item,
1684 1926 1738 1969 et

153 2010 423 2062 thalamus
457 2007 758 2062 ornabatur
807 2024 820 2060 :
860 2016 914 2060 et
973 2009 1420 2061 convocabantur
1472 2019 1739 2077 quotquot

152 2111 306 2156 erant
340 2102 556 2172 cognati
589 2109 642 2154 et
671 2099 832 2154 vicini
864 2140 878 2162 ,
919 2107 976 2152 ut
1005 2113 1126 2152 eum
1169 2115 1231 2153 ea
1286 2100 1482 2153 lietitice
1544 2103 1737 2153 tierent

153 2195 466 2264 participes.
499 2193 702 2246 Deinde
733 2202 917 2260 parata
951 2202 1106 2244 erant
1133 2193 1314 2246 omnia
1345 2194 1409 2245 ad
1429 2209 1732 2250 exccswm.

153 2288 437 2356 Signiﬁcat
469 2285 650 2353 itaque
687 2285 751 2337 iis
785 2285 875 2354 qui
932 2296 1306 2340 convenerant
1336 2328 1350 2348 ,
1412 2289 1464 2340 id
1509 2289 1650 2356 quod
1685 2287 1734 2340 ei

155 2378 317 2431 Filius
366 2391 463 2447 per
517 2378 772 2448 angelum
846 2379 1218 2435 nuntiaverat.
1256 2379 1506 2436 Ostendit
1554 2391 1735 2435 autent

154 2470 401 2523 bravium
428 2509 442 2534 ,
475 2471 619 2539 quod
657 2471 758 2524 sibi
795 2472 861 2525 ab
904 2488 968 2525 eo
1030 2472 1215 2525 datum
1275 2475 1472 2526 luerat.
1524 2473 1579 2526 Id
1611 2489 1736 2528 vero

155 2574 267 2617 erat
302 2579 490 2616 ramus
519 2564 752 2631 pultine,
803 2574 859 2615 ut
905 2564 1099 2629 lingua:
1155 2566 1478 2616 assuefactm
1501 2579 1622 2616 vera
1654 2567 1733 2618 lo-

155 2654 240 2720 qui
275 2654 342 2705 de
390 2667 456 2705 eo
498 2652 786 2705 dixi-rant:
843 2653 1060 2721 signum
1109 2653 1352 2707 victoria:
1403 2657 1594 2709 mortis
1630 2696 1644 2720 ,
1680 2667 1734 2710 ct

157 2744 273 2795 \ila:
342 2744 521 2811 imago
583 2742 942 2796 immortalis:
982 2745 1125 2798 sicut
1180 2745 1343 2799 etiam
1382 2742 1732 2801 Hebraeorum

151 2835 300 2902 pueri
342 2836 394 2888 id
445 2837 566 2904 ejus
614 2835 888 2889 faciebant
935 2835 1111 2902 Filio,
1169 2839 1413 2906 inspirati
1451 2841 1731 2894 divinitus.

153 2927 228 2979 llli
273 2932 421 2980 enim
471 2927 924 2996 appropinquanti
965 2931 1029 2980 ad
1071 2930 1418 2996 passionem,
1469 2932 1502 2984 ii
1555 2947 1735 2986 ramos

156 3019 454 3087 palmarum
489 3019 813 3083 olIcrebant,
834 3036 957 3074 eum
993 3019 1235 3074 futurum
1261 3023 1516 3076 vittorem
1543 3026 1734 3078 mortis

155 3113 271 3162 ante
306 3110 755 3178 significantes”.
777 3111 909 3164 Cum
938 3127 1118 3165 autem
1149 3114 1258 3181 jam
1283 3115 1493 3168 adesset
1523 3108 1749 3184 tempus’

1245 424 1536 484 ORATIO
1582 427 1680 485 DE
1726 427 2009 488 SANCTA
2048 427 2321 487 MARIA.

357 539 446 593 cui
491 550 742 606 tanquam
796 537 950 591 Matri
1002 539 1108 591 Deo
1150 538 1324 591 honor
1353 538 1421 592 ab
1475 539 1730 593 omnibus
1763 546 1804 602 Α
1835 554 1954 593 mea
2015 540 2288 593 voluntas.

1773 1882 1813 1940 Β

3295 423 3398 489 558

2359 539 2600 592 Accersit
2647 547 2827 592 autem
2875 538 3095 596 Petrum
3125 578 3139 603 ,
3205 537 3401 594 deinde

1833 627 2004 681 alios:
2041 637 2095 681 et
2151 643 2275 681 cum
2325 628 2578 682 lucernas
2613 628 2711 697 ipsi
2765 632 3175 689 accendissent,
3209 630 3295 682 illa
3349 635 3401 682 in

1833 719 2023 786 spiritu
2059 720 2342 774 exsultans
2369 761 2382 781 ,
2411 717 2642 774 diductis
2685 720 2849 773 labris
2877 759 2892 783 ,
2947 721 3214 778 Dencdtco
3261 723 3356 775 tibi
3388 763 3400 784 ,

1837 810 2039 877 inquit,
2068 811 2241 863 datori
2274 812 2452 865 omnis
2483 813 2874 866 benedictionis
2899 854 2910 876 ,
2941 829 3116 866 causa:
3149 815 3368 868 luminis
3391 854 3403 875 ,

1835 904 1926 970 qui
1984 919 2167 956 meum
2262 915 2507 958 ventrem
2571 907 2919 962 inhabitasti.
2977 908 3248 962 Benediro
3305 921 3407 962 tute

1835 994 2088 1049 charitati
2117 1036 2130 1060 ,
2153 1011 2258 1064 qua
2289 1011 2388 1049 nos
2419 998 2652 1052 dilexisti
2679 1039 2693 1062 ,
2721 997 2948 1052 Domine
2979 1018 2989 1052 :
3025 1011 3077 1054 et
3123 1003 3407 1069 magnilito

1837 1083 2001 1135 verba
2029 1093 2117 1136 tua
2146 1124 2160 1148 ,
2201 1098 2320 1150 quze
2376 1086 2534 1138 nobis
2580 1089 2700 1140 data
2757 1099 2884 1141 sunt
2936 1090 2990 1142 in
3047 1091 3271 1143 veritate
3306 1111 3319 1144 :
3357 1099 3408 1144 et

1838 1176 2000 1231 credo
2031 1175 2160 1228 mihi
2193 1175 2453 1239 allatura,
2486 1193 2605 1244 quae
2636 1180 2851 1233 dixisti.
2887 1181 3019 1234 Cum
3041 1183 3119 1234 sic
3146 1185 3407 1246 dixisset,

1837 1279 1893 1317 se
1925 1265 2151 1318 reclinat
2186 1267 2240 1317 iit
2273 1267 2442 1329 lecto,
2477 1279 2529 1320 ct
2560 1270 2814 1322 manibus
2845 1269 2897 1322 in
2922 1274 3089 1323 altum
3144 1272 3372 1325 sublatis
3394 1313 3408 1335 ,

1837 1373 1960 1410 cum
2006 1359 2140 1412 nulli
2198 1361 2615 1429 reprehensioni
2673 1364 2831 1416 aliine
2879 1379 3036 1416 suum
3100 1381 3299 1432 corpus
3353 1365 3405 1416 in

1841 1449 2127 1504 honestam
2159 1463 2212 1507 et
2239 1454 2490 1526 decoram
2525 1457 2746 1525 ﬁguram
2782 1458 3213 1524 composuisset,
3257 1467 3309 1510 et
3349 1473 3410 1510 os

1837 1543 2204 1596 venerandum
2256 1546 2557 1611 aperuisset
2605 1549 2828 1612 (etenim
2887 1549 3104 1601 videbat
3156 1550 3262 1618 jam
3304 1549 3407 1602 Do-

1838 1637 2042 1688 mitium
2113 1637 2178 1690 ad
2235 1639 2410 1706 ipsam
2497 1645 2805 1695 venientem
2881 1660 3004 1697 cum
3062 1646 3410 1699 multitudine

1838 1727 2202 1796 angelorum).
2236 1739 2345 1783 tota
2375 1731 2626 1800 impletur
2673 1733 2866 1800 gaudio
2918 1743 2970 1786 et
3025 1736 3316 1803 voluptate.
3358 1748 3413 1788 et

1841 1834 1972 1872 cum
2031 1837 2219 1876 rursus
2257 1823 2519 1877 dixisset:
2582 1822 2718 1877 Fiat
2751 1828 2913 1888 mihi,
2963 1826 3206 1892 Domine,
3231 1841 3413 1880 δείκη-

1841 1911 2233 1964 dum'ecrbum
2284 1923 2474 1978 tuum,
2544 1916 2739 1967 emittit
2796 1920 3048 1985 tanquam
3114 1919 3163 1969 in
3221 1933 3413 1972 somno

1839 2004 2093 2072 spiritum
2117 2047 2128 2065 .
2164 2015 2216 2059 et
2267 2021 2393 2059 eunt
2420 2006 2472 2059 in
2505 2007 2695 2061 amicis
2725 2007 2951 2076 deponit
2990 2007 3106 2060 Filii
3138 2009 3410 2062 manibus.

1840 2093 1916 2147 ΝΘ
1963 2105 2144 2147 autem
2186 2098 2433 2150 videatur
2471 2113 2591 2153 esse
2627 2099 2817 2164 inane,
2868 2101 3010 2170 quod
3069 2101 3274 2154 dictum
3330 2111 3415 2154 est

1838 2184 1904 2238 de
1968 2187 2388 2256 congregatione
2449 2190 2856 2255 apostolorum,
2903 2207 3024 2260 quin
3061 2192 3199 2246 facta
3227 2203 3312 2246 est
3359 2193 3410 2245 in

1839 2276 2163 2332 dormitione
2217 2277 2485 2349 Virginis;
2542 2280 2712 2332 satius
2765 2279 2928 2334 fuerit
2979 2297 3041 2334 ea
3102 2284 3412 2336 summatim

1839 2369 2078 2433 addere,
2143 2385 2262 2440 qua
2301 2387 2332 2425 a
2411 2371 2662 2441 Dionysio
2713 2374 3035 2443 Areopagita
3073 2375 3329 2429 dicuntur
3362 2377 3414 2429 in

1841 2462 2001 2516 tertio
2065 2463 2350 2531 libro(l),
2389 2477 2442 2517 et
2493 2464 2686 2532 capitis
2709 2463 2946 2533 quidem,
3002 2466 3132 2530 Quae
3196 2469 3261 2520 sit
3345 2469 3418 2520 vis

1841 2561 2094 2612 orationis
2126 2571 2173 2612 et
2203 2566 2264 2612 de
2295 2562 2444 2613 beato
2481 2561 2778 2623 "ierat/tea,
2801 2564 2862 2614 de
2892 2563 3083 2630 pietate
3106 2573 3155 2616 et
3189 2566 3250 2616 de
3277 2565 3419 2618 theo-

1840 2649 2004 2719 logica
2067 2652 2386 2719 inscriptum
2438 2663 2521 2706 est
2571 2655 2964 2721 conscriptione.
2997 2655 3256 2710 Dicuntur
3318 2673 3415 2710 au-

1841 2754 1946 2797 tem
2008 2759 2070 2798 ea
2140 2745 2356 2813 quidem
2412 2745 2698 2800 Timotheo
2756 2746 2955 2817 Ephesi
3018 2750 3294 2820 episcopo.
3345 2751 3416 2805 Ea

1841 2852 1970 2890 vero
2004 2845 2132 2890 sunt
2167 2836 2217 2890 in
2255 2836 2354 2890 hoc
2390 2838 2568 2906 capite
2601 2839 2678 2891 sic
2710 2839 2774 2890 ad
2808 2840 3029 2893 verbum
3060 2843 3274 2910 posita:

1910 2929 2020 2983 XL.
2052 2949 2068 2979 ι
2103 2930 2550 2997 Quandoquidem
2583 2931 2727 2999 apud
2758 2932 2902 3000 ipsos
2932 2949 3148 3002 quoque
3202 2944 3417 2988 nostros

1839 3039 1866 3076 a
1895 3023 2003 3075 Deo
2033 3021 2239 3074 alllatos
2267 3037 2546 3074 sacrarunt
2582 3023 2876 3091 principes,
2902 3027 3122 3085 quando
3155 3042 3251 3080 nos
3280 3042 3415 3094 quo-

1838 3130 1962 3183 que,
1998 3122 2056 3166 ιιι
2093 3129 2209 3182 ipse
2259 3112 2427 3176 nosti,
2461 3121 2514 3166 et
2555 3113 2706 3166 multi
2748 3129 2810 3166 ex
2848 3116 3051 3167 nostris
3085 3118 3254 3168 sacris
3305 3116 3413 3171 fra-

154 3214 407 3253 execssus
431 3241 445 3265 ,
482 3199 569 3252 illa
606 3198 821 3268 quidem
881 3218 1019 3257 vera:
1056 3204 1175 3255 vitae
1219 3215 1391 3256 mater
1421 3206 1640 3272 jacehat
1675 3207 1728 3258 in
1760 3219 1800 3274 ο
1841 3207 2014 3258 tribus
2046 3205 2109 3256 ad
2144 3202 2432 3256 videndum
2481 3217 2703 3272 corpus,
2735 3203 2878 3272 quod
2927 3203 3048 3257 vitae
3085 3204 3412 3274 principium

155 3293 407 3360 grabato:
444 3293 634 3346 aderat
664 3309 792 3347 vero
833 3294 874 3348 is
900 3335 913 3359 ,
943 3294 1033 3363 qui
1057 3310 1176 3347 eam
1208 3295 1369 3348 domo
1401 3307 1725 3364 exceperat,

153 3380 414 3438 Joannes.
468 3386 710 3438 Aderant
770 3387 971 3449 etiam,
1014 3383 1332 3455 quicunque
1382 3397 1537 3441 erant
1570 3388 1729 3441 electi

156 3475 202 3527 iu
234 3475 537 3531 Jerusalem
563 3519 577 3541 ,
597 3479 898 3548 anticazque
921 3491 975 3534 et
1001 3491 1244 3549 cognata:
1273 3482 1431 3534 simul
1455 3486 1723 3536 astabant.

160 3564 311 3636 Virgo
348 3582 483 3637 ergo
529 3568 596 3621 ad
637 3569 902 3623 Joannem
935 3573 1204 3639 aspiciens
1253 3573 1549 3638 virginem,
1605 3589 1729 3626 cum

157 3672 318 3723 pauca
355 3673 480 3710 cum
504 3671 571 3708 eo
597 3667 743 3709 esset
776 3660 950 3710 locuta
980 3697 993 3720 ,
1032 3659 1227 3712 deinde
1258 3677 1270 3711 :
1302 3661 1440 3712 Duas
1466 3702 1479 3725 ,
1516 3663 1726 3731 inquit,

157 3747 372 3799 tunicas
399 3761 536 3814 quas
570 3755 680 3801 toto
715 3747 834 3802 vita:
867 3759 1108 3817 tempore
1146 3752 1311 3806 habui
1359 3762 1728 3822 tegumentum

158 3839 256 3892 mei
282 3838 533 3908 corporis
560 3881 574 3904 ,
610 3853 702 3893 eas
755 3841 869 3894 dari
912 3843 1084 3910 jubco
1105 3844 1254 3898 hisce
1287 3847 1498 3900 duabus
1539 3849 1732 3903 mulie-

156 3931 319 3986 ribus.
357 3930 482 3985 “th
517 3931 604 3984 illa
637 3933 856 4000 quidem
906 3935 1063 3988 dixit.
1111 3937 1213 4000 Qui
1284 3938 1513 3993 aderant
1563 3956 1726 4007 vero,

154 4023 398 4075 videntes
427 4023 579 4090 signa
615 4024 905 4088 decessus,
957 4040 1021 4078 ex
1078 4029 1251 4080 oculis
1292 4032 1489 4082 multas
1537 4032 1731 4087 funde-

155 4116 275 4166 bant
307 4116 601 4190 lacrymas.
637 4115 770 4178 Quis
800 4117 943 4169 enim
979 4119 1067 4170 tali
1121 4121 1320 4188 privari
1376 4124 1602 4179 muliere
1639 4136 1727 4181 tu-

155 4207 295 4261 lisset
325 4207 444 4260 sine
475 4207 704 4260 dolore?
737 4207 940 4264 Deinde
964 4231 992 4269 e
1014 4215 1150 4268 coelo
1185 4216 1404 4284 quidem
1452 4219 1732 4274 descendit

152 4305 263 4374 ejus
286 4297 460 4355 Filius
481 4344 496 4368 ,
526 4303 673 4356 illius
693 4305 930 4361 divinam
954 4317 1334 4379 assumpturus
1360 4311 1613 4374 animam,
1637 4327 1732 4379 per

158 4401 352 4454 nubem
391 4409 577 4453 autem
607 4416 736 4454 suos
766 4410 1056 4470 congregat
1104 4402 1399 4470 discipulos
1420 4441 1434 4465 ,
1471 4410 1530 4453 ut
1562 4417 1726 4456 vene-

159 4496 382 4545 randum
410 4493 531 4558 ejus
571 4506 770 4560 corpus
799 4495 1122 4545 mandarent
1165 4495 1480 4562 sepultum.

222 4583 470 4637 XXXIX.
504 4582 794 4654 Postquam
834 4599 963 4637 vero
1025 4585 1160 4638 vidit
1201 4600 1295 4640 eos
1345 4585 1573 4657 Deipara
1598 4629 1610 4652 ,
1637 4604 1739 4644 co-

155 4675 336 4744 gnovit
366 4684 554 4730 autem
597 4691 815 4730 causam
841 4719 854 4739 ,
892 4685 1110 4746 pr0pter
1145 4694 1304 4748 quam
1335 4695 1528 4735 omnes
1553 4683 1730 4734 statim

153 4768 401 4829 accersiti
434 4767 692 4833 fuerant,
725 4780 778 4822 et
812 4770 1241 4840 uniuscujusque
1279 4774 1451 4826 audiit
1505 4776 1728 4843 petitio-

154 4877 244 4916 nes
269 4902 282 4926 ,
308 4877 408 4916 eos
435 4860 655 4932 quidem
685 4898 698 4922 ,
729 4871 786 4914 ut
806 4878 906 4932 par
927 4873 1042 4916 erat
1069 4905 1082 4929 ,
1113 4863 1376 4933 impertiit
1397 4867 1732 4922 benedictio-

154 4955 325 5007 nibus.
358 4953 496 5008 Cum
543 4968 674 5008 vero
713 4957 968 5010 omnibus
1005 4957 1232 5012 dixisset
1274 4961 1436 5014 verba
1509 4978 1627 5032 quin
1676 4963 1730 5016 in

155 5045 377 5100 decessu
403 5045 509 5098 dici
535 5046 747 5100 solent:
774 5043 881 5101 Vos
905 5086 920 5111 ,
951 5045 1148 5116 inquit,
1178 5051 1371 5111 valete,
1395 5051 1518 5117 ﬁlii;
1551 5068 1729 5105 meum

156 5148 331 5192 autem
371 5137 502 5192 hinc
531 5137 818 5193 decessum
847 5156 913 5194 ne
945 5141 1093 5195 luctu
1119 5182 1133 5206 ,
1189 5143 1281 5196 sed
1318 5143 1500 5196 laetitia
1554 5146 1732 5212 potius

157 5229 559 5300 prosequantini
605 5246 618 5294 ;
678 5233 1117 5302 quandoquidem
1160 5235 1313 5289 vobis
1377 5245 1457 5289 est
1509 5252 1733 5304 persua-

156 5335 303 5384 sum,
338 5339 440 5378 nos
477 5324 712 5377 transire
744 5325 809 5376 ad
845 5327 1138 5395 gaudium:
1177 5338 1233 5381 et
1260 5329 1438 5381 videte
1463 5369 1475 5387 .
1506 5337 1562 5380 ut
1603 5343 1730 5380 cor-

159 5427 249 5482 pus
281 5427 466 5466 memn
502 5415 773 5470 mandetis
803 5415 1101 5486 sepultura:
1145 5421 1198 5471 in
1264 5420 1367 5473 hac
1421 5419 1587 5489 ligura
1618 5457 1630 5480 ,
1676 5419 1726 5471 in

159 5520 253 5572 qua
277 5518 517 5572 egO‘tue
563 5523 945 5576 composuero.
998 5506 1121 5562 Haec
1170 5518 1254 5564 est
1303 5512 1487 5576 enim,
1535 5510 1728 5579 inquit,

224 5695 299 5764 tt)
333 5689 409 5745 De
443 5691 637 5746 divinis
672 5697 990 5765 nominibus,
1010 5712 1133 5771 cap.
1163 5698 1217 5754 5.

231 5858 273 5889 ’⁸
303 5857 460 5913 Joan.
503 5869 600 5924 xu,
631 5854 720 5909 l3.

1834 3297 2000 3354 dedit,
2033 3307 2086 3347 et
2119 3294 2285 3345 Dearti
2316 3295 2579 3363 suscepit,
2614 3297 2992 3366 convenimus(
3019 3301 3205 3351 aderat
3231 3308 3413 3351 autem

1838 3388 1927 3440 Dei
1959 3400 2173 3455 quoque
2208 3383 2639 3448 lraterJacobus,
2671 3396 2724 3439 et
2755 3387 2965 3450 Petrus,
2989 3389 3080 3456 qui
3116 3400 3231 3442 erat
3262 3391 3417 3443 theo—

1833 3481 2074 3550 logorum
2125 3493 2380 3548 suprema
2433 3487 2487 3532 et
2521 3479 2899 3547 antiquissima
2955 3483 3290 3549 summitas),
3334 3483 3415 3536 vi-

1834 3589 2062 3639 sumque
2093 3581 2194 3632 est,
2235 3581 2293 3623 ut
2326 3579 2448 3640 post
2483 3571 2611 3624 illud
2648 3573 3043 3640 spectaculum,
3096 3587 3286 3626 omnes
3331 3589 3417 3628 sa-

1835 3684 2050 3722 crorum
2089 3668 2363 3738 principes
2400 3671 2659 3738 hymnum
2705 3682 2986 3732 canerent,
3019 3681 3072 3724 et
3105 3672 3412 3732 laudarent,

1837 3772 1997 3831 prout
2024 3772 2239 3831 poterat
2268 3763 2659 3831 unusquisque,
2698 3763 2960 3815 inﬁnitam
3004 3764 3298 3816 bonitatem
3331 3763 3418 3816 di-

1837 3857 2078 3908 vinarum
2119 3857 2314 3906 virium
2361 3873 2373 3907 :
2408 3865 2527 3923 post
2563 3854 2850 3925 theologus
2892 3855 3001 3921 ille,
3036 3866 3095 3908 ut
3124 3859 3248 3919 scis,
3288 3858 3412 3908 vicit

1833 3963 2024 4002 omnes
2053 3946 2186 4000 alios
2226 3956 2424 4015 mySIas
2463 3961 2762 4010 sacrormn,
2799 3958 2855 4000 ut
2908 3950 2996 4016 qui
3045 3951 3201 4014 plane
3259 3965 3415 4003 exce-

1836 4044 2008 4105 deret,
2043 4050 2096 4094 et
2127 4056 2155 4093 a
2188 4054 2246 4094 se
2285 4040 2506 4094 omnino
2556 4040 2937 4100 abduceretur,
2971 4049 3024 4093 et
3062 4041 3112 4091 in
3160 4059 3219 4094 ea
3257 4057 3414 4110 quam

1835 4134 2048 4205 hymnis
2079 4132 2402 4193 celebrabat,
2422 4132 2725 4184 alliceretur
2748 4131 3001 4186 societate
3029 4139 3083 4186 et
3115 4140 3418 4190 communi—

1834 4227 2068 4289 catione,
2127 4233 2181 4278 et
2231 4224 2297 4277 ab
2331 4224 2604 4284 omnibus,
2664 4242 2691 4276 a
2731 4224 2926 4290 quibus
2988 4227 3309 4280 audiebatur
3364 4241 3418 4283 et

1835 4317 2146 4377 videbatur,
2178 4322 2230 4367 et
2255 4317 2704 4384 COgnoseebatur,
2738 4323 2791 4366 et
2826 4329 2933 4365 non
2965 4318 3412 4382 cognoscebatur,

1833 4411 2174 4481 judicaretur
2213 4422 2332 4464 esse
2366 4423 2394 4460 a
2433 4405 2540 4460 Dco
2575 4405 2789 4460 alllatus
2815 4415 2869 4459 et
2914 4406 3132 4461 divinus
3181 4411 3414 4479 scriptor

1843 4503 2188 4573 hymnorum.
2265 4503 2327 4554 Et
2377 4501 2506 4568 quid
2572 4500 2665 4552 tibi
2716 4499 2948 4565 amplius
2989 4498 3218 4552 dixerim
3263 4505 3326 4554 de
3353 4501 3418 4555 iis

1840 4611 1959 4664 qua:
2001 4593 2109 4646 illic
2154 4593 2220 4646 de
2255 4589 2362 4643 Deo
2402 4591 2586 4643 divine
2634 4590 2774 4642 dicta
2829 4589 2990 4642 sunt?
3037 4589 3248 4642 Etenim
3308 4594 3410 4646 nisi

1841 4705 1960 4744 sum
2009 4687 2111 4741 mei
2147 4697 2360 4752 quoque
2389 4681 2612 4743 oblitus,
2660 4682 2770 4736 scio
2809 4683 3008 4735 multos
3043 4698 3069 4734 a
3112 4691 3160 4734 te
3197 4685 3413 4738 audisse

1840 4778 2096 4847 quasdam
2127 4785 2304 4843 partes
2334 4775 2543 4828 illorum
2566 4775 2675 4827 Deo
2705 4774 2994 4826 amantium
3025 4776 3404 4843 hymnoruth

1843 4871 1949 4924 Sed
2001 4870 2115 4923 haec
2172 4868 2392 4938 quidem
2450 4881 2604 4918 sacer
2655 4864 2959 4934 Dionysius.
3024 4865 3187 4918 Nobis
3228 4870 3410 4919 autem

1839 4971 2027 5034 pergat
2061 4962 2234 5015 oratio
2267 4959 2331 5012 ad
2363 4975 2422 5012 ea
2460 4976 2578 5027 quae
2615 4959 2872 5027 deinceps
2919 4971 3238 5024 sequuntur.

1915 5055 2048 5109 XLI.
2087 5055 2218 5108 Cum
2268 5058 2449 5104 autem
2507 5052 2562 5105 in
2622 5053 2808 5105 orbein
2865 5051 3111 5103 sanctum
3180 5051 3411 5121 Virginis

1841 5163 2038 5216 corpus
2099 5145 2586 5197 circumdedissent
2646 5144 3013 5210 apostolorum
3089 5141 3308 5201 εΙιοτιιη,
3356 5154 3411 5195 ct

1843 5236 2100 5306 quidquid
2131 5244 2248 5287 erat
2279 5235 2510 5288 electum
2568 5250 2632 5288 ex
2699 5234 2827 5286 viris
2877 5244 2931 5286 et
2975 5232 3314 5294 mulieribus,
3355 5243 3407 5285 ct

1845 5332 2058 5401 hymnis
2084 5328 2445 5385 honorabant,
2468 5328 2557 5395 qui
2589 5327 2716 5379 illud
2744 5329 3104 5386 deducebant,
3135 5330 3189 5375 et
3228 5328 3410 5377 omnia

1841 5421 2083 5475 membra
2121 5429 2432 5474 reverenth
2455 5418 2609 5470 simul
2643 5428 2696 5470 et
2721 5428 2966 5470 amanter
3009 5418 3419 5486 amplecteban-

1846 5522 2075 5576 tur,non
2099 5508 2273 5562 solum
2300 5510 2819 5564 suumostendentes
2847 5510 3194 5573 desiderium,
3221 5508 3412 5565 sedvel
