3972 6436
579 396 680 457 559

1828 387 2113 448 MENSIS
2157 386 2586 450 AUGUSTUS.

3730 387 3832 453 560

578 522 641 560 ex
698 517 842 560 tactu
909 506 1194 562 credentes
1236 507 1516 576 percipere
1577 505 1885 560 utilitatem.
1955 503 2143 567 Fidem
2181 506 2217 561 Α
2252 505 2425 559 {iterat
2461 506 2778 568 sectionem,
2819 513 2871 559 et
2911 520 3031 575 qua:
3061 511 3351 573 amputata:
3394 501 3635 569 fuerant,
3669 504 3836 570 parti-

581 612 761 654 autcm
788 608 1077 654 consecuta
1118 615 1335 668 quoque
1365 608 1448 652 est
1480 613 1705 666 aperum
1730 594 2147 651 demonstratio.

574 688 746 743 Csaris
803 688 943 742 oculi
977 689 1452 751 illuminabantur,
1500 688 1681 743 surdis
1728 702 1889 740 aures
1936 685 2147 751 aperie-

576 781 793 840 bantur,
843 779 1051 833 claudis
1092 780 1254 833 bases
1304 778 1502 847 pedum
1553 774 2042 834 conﬁrmabantur,
2095 784 2151 826 et

572 872 852 939 quodlibet
902 873 1215 926 morborum
1250 880 1305 925 et
1346 870 1728 940 aegritudinum
1782 882 1955 937 genus
1995 865 2151 920 facile

569 964 983 1019 dissolvebatur.
1022 964 1131 1018 Cur
1157 978 1262 1017 non
1292 963 1415 1017 dico
1469 976 1591 1031 quae
1631 969 1759 1015 sunt
1788 959 2153 1028 perfectiora?

569 1055 678 1109 Aer
726 1056 946 1125 quidem
987 1064 1041 1109 et
1072 1055 1268 1110 malum
1310 1068 1540 1108 ascensu
1588 1053 1811 1121 Spiritus
1851 1050 2151 1105 sanctiﬁca-

574 1144 778 1198 batur:
836 1154 977 1198 terra
1038 1154 1221 1199 autem
1289 1144 1536 1197 similiter
1608 1141 1954 1211 depositione
2011 1143 2150 1196 sacri

569 1238 830 1303 corporis.
882 1235 1151 1290 Caeterum
1196 1251 1295 1290 nec
1336 1251 1486 1304 aqua:
1518 1236 1737 1306 quidem
1800 1238 1988 1289 natura
2034 1242 2152 1287 erat

569 1340 766 1396 expers
830 1328 1224 1382 benedictionis
1279 1328 1426 1381 :sed
1480 1326 1597 1395 ipsa
1653 1340 1869 1401 quoque
1934 1326 2150 1378 lavacro

572 1419 851 1485 purissimi
907 1420 1151 1489 corporis
1200 1420 1303 1472 fuit
1346 1418 1620 1488 particeps
1679 1416 2149 1472 sanctiﬁcationis.

569 1508 754 1577 Neque
842 1514 988 1564 enim
1056 1510 1187 1563 illud
1246 1509 1480 1563 habebat
1540 1524 1676 1577 epus
1738 1507 2152 1578 purgationibus

570 1600 732 1667 (quis
805 1601 951 1654 enim
1003 1601 1106 1654 hoc
1175 1600 1399 1663 diceret,
1462 1599 1565 1653 nisi
1615 1608 1811 1653 emotae
1879 1597 2146 1663 mentis?)

569 1692 662 1748 sed
720 1708 818 1751 suo
882 1704 1134 1748 contactu
1205 1694 1387 1763 potius
1449 1692 1826 1746 sanetiticabat
1878 1693 1951 1753 id,
2007 1691 2150 1759 quod

568 1782 954 1849 attinge-batur.
994 1782 1196 1835 Deinde
1217 1781 1390 1849 quid?
1419 1780 1965 1835 Mundissindonibus
1989 1796 2149 1833 mun-

2259 598 2359 651 bus
2414 596 2551 651 ulnis
2583 595 2861 665 applicatis
2914 597 3053 664 (hoc
3100 605 3281 649 autem
3311 596 3547 665 jusserat
3574 593 3834 660 Petrus),

2258 690 2436 742 statim
2471 698 2761 743 consecuta
2808 696 2889 742 est
2934 703 3192 741 manuum
3244 688 3475 741 curatio.

2332 779 2517 834 XLlll.
2566 778 2700 833 Hinc
2726 778 2792 833 ad
2820 779 3243 832 sacratiSsimam
3282 778 3573 831 abducitur
3602 777 3835 833 Getbse-

2257 891 2437 938 mane,
2484 883 2539 927 et
2574 872 2682 926 illic
2729 871 3134 926 sanctissimum
3183 872 3402 940 quidem
3437 886 3642 940 corpus
3690 886 3840 923 man-

2256 966 2417 1019 datur
2450 966 2763 1034 sepultum.
2800 962 2999 1029 Quidni
3039 963 3203 1025 enim,
3233 979 3356 1018 cum
3388 963 3552 1017 etiam
3591 962 3690 1032 qui
3726 972 3860 1016 erat

2258 1055 2417 1118 Deus,
2466 1056 2584 1124 ejus
2624 1055 2813 1118 Filios,
2867 1069 3018 1108 more
3051 1054 3327 1108 hominum
3360 1055 3647 1123 sepelitur
3685 1054 3710 1106 ἲ
3742 1053 3841 1107 Per

2256 1155 2431 1214 ipsum
2490 1156 2669 1199 autem
2713 1147 2782 1199 ad
2828 1146 3070 1201 caelestia
3120 1156 3173 1199 et
3221 1146 3403 1199 divina
3443 1146 3841 1201 transmittitur

2256 1236 2626 1290 tabernacula.
2687 1235 2839 1301 Quod
2901 1236 3133 1289 dicimus
3199 1236 3483 1289 confirmat
3554 1236 3843 1291 Juvenalis

2254 1329 2467 1383 divinus
2532 1330 3027 1399 Hierosolymaer
3092 1331 3398 1398 episcopus.
3466 1330 3595 1383 Fuit
3656 1342 3842 1384 autem

2254 1422 2344 1479 hic
2390 1422 2469 1473 vir
2500 1431 2743 1479 Sanctus.
2783 1432 2836 1473 et
2871 1438 2898 1473 a
2941 1423 3052 1475 Deo
3098 1421 3413 1491 inspiratus,
3455 1424 3545 1490 qui
3593 1422 3669 1477 ab
3703 1425 3843 1476 anti-

2252 1526 2359 1579 qua
2396 1521 2449 1564 et
2487 1527 2611 1564 vera
2663 1512 2950 1564 traditione
3004 1515 3375 1565 narrationem
3427 1515 3623 1568 dicens
3679 1515 3749 1568 ad
3785 1531 3843 1569 se

2254 1604 2331 1658 sic
2373 1602 2538 1657 fuisse
2573 1604 2885 1675 deductam,
2924 1604 2994 1655 ait
3031 1620 3043 1655 :
3080 1602 3234 1667 Quod
3267 1614 3376 1656 tres
3424 1614 3565 1658 totos
3607 1605 3732 1660 dies
3775 1608 3841 1659 ad

2255 1697 2564 1766 sepnlrrum
2631 1698 2801 1751 sancti
2854 1706 3270 1765 permanserunt
3319 1699 3571 1765 apostoli,
3625 1700 3844 1754 divinas

2258 1787 2578 1859 hyinnodias
2620 1806 2682 1843 ex
2716 1789 2823 1842 alto
2858 1788 3163 1843 audientes.
3214 1790 3416 1843 Deinde
3458 1800 3577 1859 post
3615 1793 3841 1847 tertium

566 1873 694 1925 dum
740 1888 938 1942 corpus
983 1873 1307 1936 involutum,
1361 1888 1550 1927 rursus
1608 1874 1661 1926 itt
1715 1874 1855 1927 lecto
1910 1873 2146 1943 ponitur.

2260 1882 2424 1947 diem,
2466 1897 2589 1935 cum
2634 1898 2775 1935 unus
2822 1898 2888 1936 ex
2940 1883 3200 1951 apostolis
3242 1884 3447 1938 tardius
3502 1885 3750 1940 venisset
3776 1884 3841 1939 ad

569 1963 772 2018 Deinde
824 1978 948 2019 curn
1002 1965 1241 2019 lucernis
1286 1974 1338 2019 et
1377 1964 1691 2035 unguentis,
1726 1964 2152 2034 intelligentibos

567 2054 783 2123 quidem
847 2057 1081 2124 desuper
1124 2055 1474 2112 laudantibus
1514 2054 1825 2117 virtutibus,
1897 2054 2153 2121 apostolis

566 2154 747 2199 autem
794 2154 849 2201 et
893 2147 1092 2201 divinis
1148 2146 1398 2201 Patribus
1449 2146 1559 2199 Deo
1599 2146 1759 2216 digna
1810 2147 2020 2200 cantica
2064 2161 2153 2200 ca-

568 2236 824 2291 nentibus
879 2238 1067 2291 divina
1124 2253 1247 2291 arca
1306 2252 1371 2291 ex
1424 2236 1553 2289 Sion
1620 2246 1773 2291 vecta
1842 2236 2152 2305 apostolicis

571 2327 824 2381 manibus
858 2336 913 2383 et
946 2328 1213 2389 humeris,
1263 2330 1329 2381 ad
1360 2328 1731 2382 Gethsemane
1761 2345 1975 2382 sacrum
2012 2345 2149 2397 prte-

567 2419 717 2472 dium
777 2429 1119 2489 exportatur,
1166 2419 1393 2488 angelis,
1444 2428 1503 2471 ut
1544 2429 1626 2473 est
1682 2428 2144 2483 consentanemn,

570 2512 1050 2579 prrecuirentibus,
1119 2512 1708 2577 circumcursantibus,
1770 2513 2146 2586 sequentibus,

569 2604 828 2673 angelicis
898 2607 1089 2674 pennis
1147 2605 1623 2670 adumbrantibus,
1674 2607 1855 2677 longe,
1900 2607 2145 2679 inquam,

569 2696 941 2763 splendidiore
1008 2706 1061 2749 et
1132 2697 1525 2751 venerabiliore
1584 2698 1727 2751 facta
1796 2698 2145 2758 deductione,

568 2797 731 2850 quam
798 2794 1023 2852 prepter
1077 2785 1488 2837 translationem
1548 2785 1748 2837 veteris
1806 2782 1950 2837 illius
2012 2798 2149 2835 arca:

568 2877 874 2930 testamenti
936 2874 1171 2937 Domini,
1199 2884 1256 2928 ut
1302 2889 1449 2928 sacra
1503 2884 1725 2927 narrant
1768 2874 1993 2943 Eloquia
2020 2874 2085 2929 τί.

642 2967 799 3023 XLII.
840 2968 1051 3021 Accidit
1088 2969 1213 3021 huic
1263 2968 1504 3036 pulchrae
1544 2977 1596 3021 et
1633 2968 1829 3021 divina:
1879 2968 1951 3020 rei
1988 2983 2148 3038 grave

567 3060 785 3127 quidem
824 3060 952 3128 quid
988 3069 1042 3113 et
1084 3059 1357 3124 odiosum,
1389 3074 1496 3111 non
1550 3069 1729 3111 tamen
1780 3058 2019 3118 silentio,
2054 3058 2147 3111 sed

2262 1974 2571 2040 exsequias,
2612 1974 2694 2026 vel
2730 1975 2873 2040 quod
2928 1974 3003 2027 ita
3053 1974 3387 2041 contigisset,
3424 1976 3507 2028 vel
3558 1978 3709 2045 quod
3762 1978 3846 2031 di-

2258 2065 2442 2118 vinum
2503 2066 2573 2118 ita
2633 2065 2959 2133 providisset
3015 2066 3326 2129 consilium,
3385 2075 3443 2120 ut
3490 2079 3623 2123 nota
3697 2078 3844 2124 esset

2255 2159 2509 2212 omnibus
2569 2158 2851 2213 translatio
2900 2158 3257 2221 admirabilis,
3296 2168 3426 2213 tunc
3471 2171 3528 2214 et
3562 2161 3685 2230 ipse
3715 2164 3841 2231 qui-

2253 2248 2377 2301 dem
2433 2250 2685 2309 accessit,
2736 2258 2809 2313 ct,
2843 2258 2900 2303 ut
2948 2259 3031 2304 est
3069 2260 3521 2317 consentaneum,
3579 2268 3841 2324 magnum

2255 2356 2319 2392 ex
2350 2356 2416 2394 eo
2466 2340 2612 2408 cepit
2653 2342 2921 2406 dolorem,
2978 2343 3124 2410 quod
3182 2345 3316 2396 tanti
3372 2348 3497 2399 boni
3542 2348 3843 2401 mansisset

2253 2446 2467 2499 expers,
2499 2432 2660 2500 idque
2691 2433 2915 2487 omnino
2965 2435 3195 2488 tolerare
3229 2450 3337 2487 non
3388 2446 3625 2504 poterat.
3674 2438 3842 2496 διωρι-

2253 2523 2433 2593 itaque
2472 2526 2606 2579 ordo
2648 2526 3011 2594 apostolorum
3045 2543 3151 2580 non
3176 2526 3382 2595 justum
3412 2544 3535 2583 esse
3558 2532 3841 2599 judicans.

2254 2624 2312 2667 ut
2360 2616 2474 2683 ipse
2505 2631 2723 2683 quoque
2766 2616 3039 2673 viviﬁcum
3076 2618 3204 2671 illud
3237 2635 3434 2687 corpus
3473 2637 3579 2674 non
3622 2623 3844 2677 videret

2252 2715 2305 2759 et
2338 2706 2779 2775 amplecteretur,
2830 2708 2987 2775 jubet
3020 2711 3203 2761 statim
3244 2710 3443 2778 aperiri
3496 2714 3836 2780 sepulcrum.

2252 2799 2319 2853 Et
2365 2799 2495 2855 illud
2544 2800 2762 2868 quidem
2808 2802 2912 2856 fuit
2964 2812 3250 2871 apertum;
3309 2804 3599 2858 thesaurus
3654 2817 3833 2860 autem

2250 2906 2591 2959 nequaquam
2650 2903 2766 2947 erat
2812 2893 2866 2947 in
2928 2910 2992 2948 eo
3032 2912 3043 2946 :
3084 2896 3177 2949 sed
3233 2897 3360 2949 sola:
3422 2908 3580 2950 erant
3632 2910 3837 2961 vestes,

2254 2984 2305 3034 in
2357 2983 2553 3051 quibus
2586 2983 2759 3037 fuerat
2788 2988 3059 3046 conditus,
3086 2991 3359 3055 quomodo
3402 2994 3564 3051 etiam
3609 2992 3665 3044 in
3720 2995 3838 3063 ejus

2254 3071 2369 3126 Filii
2406 3075 2824 3130 resurrectione.
2856 3076 3003 3141 Quas
3052 3093 3174 3129 cum
3253 3078 3367 3146 ipse
3424 3093 3570 3134 esset
3633 3082 3841 3149 ample-

571 3156 843 3209 memoria:
914 3156 1231 3207 mandatum
1296 3164 1350 3207 et
1400 3156 1464 3207 ad
1527 3153 1749 3222 gloriati]
1814 3155 2030 3221 quidem
2097 3164 2217 3237 etc
2256 3180 2395 3226 χιις,
2452 3175 2504 3217 ει
2546 3169 2636 3233 qui
2694 3183 2816 3220 cum
2884 3184 2948 3221 (πο
2997 3170 3242 3229 aderam,
3307 3180 3362 3225 οι
3420 3173 3610 3237 repleri
3654 3185 3839 3228 ρεςοῃι

571 3247 783 3301 laudem
819 3248 1051 3316 piorum,
1084 3247 1321 3301 dedecus
1380 3256 1559 3300 autem
1612 3245 2005 3315 improborum,
2059 3247 2148 3313 qui

569 3336 904 3391 infidelitatis
956 3339 1155 3392 malum
1218 3352 1433 3406 semper
1501 3342 1798 3391 sectantur.
1856 3338 2152 3392 Cum’hoc

570 3445 783 3484 sacrum
846 3438 900 3485 et
966 3431 1304 3500 impollutum
1380 3445 1577 3497 corpus
1657 3429 1712 3479 in
1789 3428 2152 3480 Gethsemane

566 3519 870 3585 eﬂ‘erretur,
914 3521 1003 3573 ubi
1039 3521 1291 3589 sepulcro
1325 3520 1461 3571 tradi
1504 3519 1733 3586 Deipara
1782 3518 1894 3585 ipsa
1944 3532 2151 3586 przcce-

569 3622 740 3679 perat,
774 3611 993 3675 Judaeis,
1032 3612 1125 3682 qui
1156 3627 1372 3681 semper
1421 3612 1643 3665 fuerunt
1684 3611 1878 3679 repleti
1917 3612 2142 3675 invidia,

565 3718 633 3756 ne
664 3703 718 3757 in
763 3704 865 3757 hoc
898 3703 1117 3773 quidem
1166 3702 1440 3756 succurrit
1495 3710 1698 3761 tacere,
1735 3704 1829 3754 sed
1880 3702 1946 3753 ad
2008 3702 2147 3769 ejus,

565 3793 709 3859 quod
745 3793 927 3858 (iebat,
960 3793 1309 3862 splendorem
1357 3792 1610 3846 claudere
1644 3793 1851 3857 oculos,
1885 3800 1939 3846 et
1972 3794 2036 3846 ad
2069 3793 2147 3845 eis

568 3883 815 3936 innatum
870 3892 1076 3937 motum
1125 3884 1291 3936 animi
1337 3898 1644 3953 erumpere.
1689 3883 1790 3949 Qui
1848 3892 1966 3938 erat
2021 3884 2149 3954 ergo

569 3970 689 4026 aliis
717 3972 959 4026 insanior
992 3982 1047 4027 et
1098 3973 1485 4043 impudentior,
1521 3973 1565 4025 is
1611 3989 1733 4026 cum
1774 3976 2147 4029 venerandum

566 4072 880 4129 portaretur
938 4063 1245 4131 grabatum,
1282 4062 1335 4116 in
1373 4063 1424 4117 id
1460 4063 1618 4116 irruit
1669 4063 1861 4131 plenus
1908 4065 2150 4119 inconsi-

564 4154 751 4209 derato
781 4156 987 4225 impetu
1031 4166 1085 4209 et
1118 4156 1321 4211 furore.
1373 4155 1503 4227 Ejus
1543 4164 1726 4209 autem
1772 4172 1971 4227 scopus
2008 4166 2145 4220 erat,

568 4250 714 4301 hunc
772 4264 988 4303 sacrum
1044 4249 1243 4303 lectum
1283 4252 1336 4302 in
1384 4260 1583 4303 terram
1641 4250 1884 4315 allidere,
1935 4260 1988 4304 et
2052 4252 2145 4305 tali

565 4333 779 4393 adicere
837 4339 1056 4408 injuria,
1099 4349 1157 4392 ut
1188 4339 1280 4409 qui
1338 4347 1482 4393 esset
1521 4340 1603 4392 vir
1660 4341 1854 4409 insigni
1900 4343 2147 4398 audacia.

566 4428 685 4483 Non
732 4431 969 4500 neglexit
1013 4442 1195 4485 autem
1258 4432 1438 4486 divina
1491 4432 1705 4501 justitia
1750 4450 1767 4488 :
1806 4435 1902 4488 sed
1957 4452 2147 4489 manus

565 4536 686 4589 qua:
731 4522 1013 4592 grabatum
1052 4522 1545 4591 apprehenderant,
1593 4541 1657 4578 ex
1700 4525 1841 4579 ulnis
1894 4527 2145 4595 protinus

565 4613 788 4666 fuerunt
842 4613 1122 4669 abscissae.
1182 4614 1384 4669 Verum
1446 4630 1565 4682 quae
1607 4616 1661 4668 in
1716 4624 1872 4686 partu
1947 4619 2144 4687 gaudio

566 4712 738 4757 totum
775 4704 962 4757 orbem
1012 4713 1281 4757 terrarum
1333 4705 1656 4774 repleverat,
1712 4723 1821 4760 non
1878 4720 1993 4762 erat
2052 4710 2142 4763 ulli

565 4796 790 4848 omnino
820 4796 874 4847 in
922 4805 1099 4849 morte
1152 4797 1331 4851 futura
1363 4814 1527 4852 causa
1581 4798 1860 4852 molestiae.
1898 4801 2143 4869 Cumque

565 4887 656 4953 qui
695 4902 887 4955 passus
945 4887 1144 4948 fuerat,
1212 4898 1355 4941 esset
1416 4889 1637 4957 quidem
1689 4888 1987 4959 improbus.
2036 4907 2143 4945 non

568 4988 747 5028 tamen
794 4979 1016 5029 omnino
1053 4978 1170 5045 ejus
1221 4978 1544 5046 improbitas
1604 4980 1879 5035 videretur
1930 4982 2147 5036 insana-

570 5062 712 5122 bilis,
762 5078 825 5115 ex
863 5065 948 5118 his
997 5081 1115 5133 quae
1160 5076 1275 5120 erat
1309 5066 1749 5134 passus,justam
1799 5085 1985 5123 eorum
2025 5086 2145 5140 quae

568 5155 711 5209 male
779 5166 1044 5219 senserat,
1109 5158 1263 5225 petiit
1326 5159 1725 5225 pwnitentiam.
1790 5159 1854 5212 Et
1887 5165 2141 5225 quoniam

569 5234 789 5296 carebat
843 5242 1114 5306 manibus,
1175 5260 1278 5298 nec
1321 5260 1413 5298 eas
1459 5254 1669 5312 poterat
1714 5247 1776 5301 ad
1820 5264 2007 5316 preces
2051 5268 2144 5305 ex-

573 5334 813 5393 tendere.
870 5334 1069 5388 emittit
1118 5336 1381 5405 Iacrymas
1425 5353 1490 5389 ex
1539 5338 1730 5401 oculis,
1780 5350 1833 5393 et
1880 5342 1957 5395 sic
2016 5341 2147 5411 petit

571 5421 928 5477 curationem.
982 5421 1331 5490 Disciplinam
1396 5436 1601 5488 autem,
1665 5426 1804 5491 vide,

572 5514 1011 5567 medicationem.
1056 5514 1248 5568 Statim
1298 5512 1442 5569 enim
1478 5518 1511 5569 ii
1547 5516 1785 5585 quidem,
1822 5522 1909 5588 qui
1945 5522 2143 5577 lectum

572 5602 840 5669 ferebant,
882 5606 1284 5672 constiterunt;
1316 5608 1525 5661 accedit
1568 5609 1772 5661 vernis
1818 5614 1906 5679 qui
1954 5622 2145 5682 pasSus

648 5783 687 5815 “
719 5782 760 5837 ll
795 5783 923 5851 Reg.
958 5780 1073 5847 νηί
1111 5794 1237 5850 seqq
1290 5796 1304 5846 ;
1344 5780 1406 5834 ΙΙΙ
1439 5781 1564 5854 Reg.
1595 5798 1704 5849 vm,
1735 5784 1765 5836 4
1798 5800 1950 5856 seqq.

1875 5430 2036 5483 simul
2092 5440 2169 5484 etv

2255 3260 2619 3327 inexplicabiii
2650 3262 2815 3315 odore
2862 3275 2914 3313 et
2950 3266 3142 3330 gratia,
3191 3280 3382 3316 rursus
3422 3268 3641 3331 quidem
3688 3271 3836 3321 clau-

2253 3350 2389 3401 dunt
2438 3352 2770 3417 sepulcrum.
2808 3353 3123 3403 MiraCulum
3174 3363 3355 3404 autem
3416 3359 3652 3423 posteris
3701 3358 3840 3409 ﬁlius

2254 3458 2282 3494 a
2323 3453 2475 3510 patre
2528 3444 2805 3510 aet-ipiens
2857 3444 3117 3513 deinceps
3167 3446 3366 3510 tradit;
3413 3456 3576 3515 atque
3639 3450 3837 3503 vivitiei

2253 3532 2473 3601 quidem
2533 3533 2777 3602 corporis
2838 3535 3038 3587 divinae
3095 3536 3388 3604 sepultura:
3439 3538 3511 3591 ita
3564 3554 3625 3593 se
3675 3539 3837 3594 habet

2254 3623 2516 3675 narratio.
2553 3622 2832 3692 Siquidem
2866 3627 3008 3693 quod
3042 3644 3104 3679 ex
3143 3643 3206 3680 ea
3248 3639 3434 3682 natum
3482 3639 3618 3692 erat,
3671 3639 3836 3686 teram

2254 3728 2372 3765 eam
2428 3713 2663 3767 Verbum
2696 3718 2759 3768 ad
2798 3732 2854 3769 se
2890 3718 3187 3777 transtulit.
3236 3729 3288 3771 et
3328 3720 3491 3771 voluit
3525 3737 3645 3771 eam
3697 3722 3836 3790 apud

2253 3820 2309 3859 se
2339 3815 2394 3859 et
2429 3820 2569 3866 esse,
2608 3816 2663 3859 et
2699 3816 2961 3875 perpetuo
3002 3809 3162 3863 simul
3198 3810 3404 3865 vivere.
3442 3810 3648 3865 Verum
3686 3813 3832 3865 enim

2252 3911 2382 3951 vero
2444 3912 2541 3965 pro
2592 3896 2711 3963 ejus
2766 3897 3049 3968 impolluta
3098 3914 3326 3968 corpore
3393 3916 3546 3955 suam
3602 3914 3835 3965 vestem,

2254 3985 2381 4039 boni
2454 3988 2624 4041 nostri
2696 4004 2944 4057 magnam
2999 4004 3215 4057 semper
3271 3992 3479 4045 ducens
3541 3994 3836 4055 rationem,

2252 4079 2417 4133 veluti
2477 4080 2766 4148 quamdam
2816 4082 2908 4134 dat
2958 4080 3086 4136 huic
3160 4083 3363 4136 civitati
3435 4083 3835 4141 hatreditatem.

2253 4166 2716 4231 Quemadmodum
2781 4181 2964 4225 autent
3017 4173 3118 4224 hoc
3190 4174 3393 4227 [actum
3442 4174 3535 4235 sit.
3582 4184 3640 4232 et
3702 4192 3836 4245 quo-

2256 4257 2415 4309 modo
2476 4258 2696 4311 beatum
2768 4260 2898 4311 illud
2971 4262 3176 4312 donum
3230 4262 3293 4313 ad
3344 4277 3447 4316 nos
3503 4266 3744 4327 venerit,
3786 4274 3838 4319 et

2254 4359 2606 4404 sacrosancto
2652 4349 2755 4405 hoc
2797 4351 3058 4405 thesauro
3100 4352 3268 4407 ditata
3321 4354 3393 4408 sit
3445 4354 3837 4412 Constantino-

2254 4444 2410 4509 polis,
2456 4445 2566 4509 jam
2622 4444 2917 4499 declarabit
2952 4447 3152 4500 oratio.

2326 4533 2509 4589 XLIV.
2570 4535 2677 4588 Leo
2708 4536 2798 4589 ille
2848 4552 3098 4603 magnus,
3138 4539 3228 4604 qui
3266 4538 3356 4593 illo
3390 4536 3635 4609 tempore
3688 4543 3833 4612 opti-

2253 4636 2341 4675 me
2370 4620 2738 4674 Romanorum
2771 4621 3187 4677 administrabat
3218 4625 3529 4694 imperium,
3559 4628 3706 4685 duos
3736 4631 3833 4683 sub

2253 4728 2310 4767 se
2356 4712 2607 4777 habebat,
2640 4714 2732 4782 qui
2783 4729 2969 4768 curam
3038 4717 3299 4783 gerebant
3344 4718 3617 4770 exercitus
3650 4734 3665 4769 :
3698 4736 3833 4787 quo-

2254 4820 2371 4854 rum
2407 4804 2499 4855 uni
2532 4804 2751 4870 quidem
2787 4810 2905 4855 erat
2936 4817 3133 4855 nomen
3164 4801 3408 4869 Galbius,
3440 4804 3596 4862 alteri
3645 4816 3831 4863 autem

2253 4894 2552 4955 Candidus,
2615 4893 2812 4949 fratres
2868 4910 3085 4962 genere,
3134 4895 3330 4951 fratres
3388 4899 3613 4961 virtute,
3675 4912 3735 4955 et
3779 4914 3834 4956 ut

2254 4987 2425 5041 semel
2472 4986 2669 5044 dicant.
2706 4988 2760 5040 in
2814 4986 3029 5041 caeteris
3075 4987 3296 5055 quidem
3364 4990 3521 5043 valde
3586 4992 3833 5063 insignes

2252 5088 2307 5133 et
2347 5079 2533 5147 paucis
2578 5080 2784 5133 similes
2830 5096 2843 5131 :
2891 5080 2986 5132 sed
3042 5094 3211 5133 unum
3275 5081 3356 5136 eis
3402 5083 3610 5148 deerat,
3668 5086 3833 5156 idque

2253 5169 2569 5223 maximum.
2631 5168 2908 5237 Siquidem
2962 5184 3072 5223 non
3108 5178 3312 5226 rectam
3382 5173 3586 5227 habere
3643 5173 3831 5241 ﬁdem,

2251 5270 2335 5313 est
2392 5260 2641 5314 laborare
2697 5260 2749 5313 in
2817 5260 2981 5315 rebus
3058 5263 3310 5317 maximis
3375 5274 3434 5316 et
3506 5265 3827 5336 praecipuis;

2250 5338 2462 5403 Arianae
2510 5348 2652 5401 enim
2688 5353 2856 5419 pestis
2889 5361 3047 5407 erant
3096 5352 3409 5422 participes,
3462 5368 3587 5409 cum
3614 5373 3709 5411 rex
3742 5374 3831 5428 pa-

2250 5448 2403 5493 terna
2447 5440 2584 5493 forte
2625 5441 2910 5495 traditione
2948 5440 3149 5493 malum
3198 5442 3319 5505 hoc,
3374 5450 3636 5514 tanquam
3676 5463 3824 5516 quae-

2249 5530 2369 5584 dam
2430 5532 2715 5586 harreditas
2766 5534 2831 5587 ad
2874 5547 2969 5586 eos
3012 5533 3267 5588 venisset.
3306 5535 3641 5592 Dicebantur
3684 5540 3825 5592 enim

2251 5618 2415 5677 fuisse
2471 5624 2703 5692 proximi
2763 5638 2961 5692 genere
3012 5624 3313 5680 Ardaburio
3366 5637 3418 5681 et
3473 5626 3693 5697 Aspari,
3739 5627 3822 5699 qui
