3972 6460
158 412 252 476 56!

1230 420 1523 485 ORATIO
1566 423 1665 483 DE
1706 423 1995 484 SANCTA
2039 422 2313 484 MARIA.

3298 416 3408 478 562

159 527 263 579 iilis
330 529 670 595 temporibus
718 530 773 582 in
829 530 975 602 regia
1028 533 1313 590 obtinuere
1353 536 1691 607 tyrannidem
1730 554 1741 589 :
1781 548 1819 599 Î‘
1854 544 2073 611 propter
2110 537 2164 590 id
2212 537 2410 599 solum,
2460 534 2601 604 quod
2646 534 2700 589 in
2736 548 2800 589 ea
2838 532 3057 595 latebat,
3092 531 3289 588 domus
3326 531 3425 585 ad-

156 633 293 684 quos
360 632 485 672 cum
536 620 666 673 Ario
722 622 984 687 sensisse,
1036 633 1223 693 aperte
1280 627 1453 697 arguit
1516 629 1737 683 veritas.

163 707 358 762 Verum
436 711 583 763 enim
659 727 789 766 vero
844 712 1094 767 Galbiqu
1152 726 1207 770 et
1255 716 1584 782 Candidum,
1648 719 1740 787 qui

158 796 363 867 alioqui
414 814 475 853 se
528 810 672 854 recte
724 804 1002 871 gerebant,
1038 814 1094 859 et
1128 804 1240 861 Deo
1286 807 1594 875 placebant.
1631 825 1740 864 non

159 888 287 941 sivit
346 889 531 943 divina
596 892 766 959 gratia
829 909 934 947 non
991 910 1112 949 esse
1180 896 1512 952 illuminatos
1562 898 1615 952 in
1677 915 1743 955 eo

160 977 304 1044 quod
360 986 448 1032 est
512 982 840 1050 pmcipuum
902 984 1091 1039 salutis
1128 1004 1140 1039 :
1178 988 1272 1042 sed
1313 1003 1409 1043 eos
1451 990 1518 1043 ab
1559 1004 1743 1045 errore

160 1069 393 1123 traducit
421 1072 489 1125 ad
526 1074 828 1138 veritatem,
859 1076 996 1129 adeo
1023 1088 1338 1133 constanter
1367 1092 1420 1135 et
1450 1082 1732 1150 stabiliter,

164 1166 221 1208 ut
273 1172 383 1211 non
444 1160 618 1213 solum
669 1173 813 1215 reete
845 1178 904 1216 se
940 1164 1222 1233 haberent,
1275 1177 1329 1221 et
1380 1169 1478 1222 tuti
1533 1179 1737 1235 essent,

157 1247 301 1315 quod
369 1249 565 1303 attinet
594 1251 659 1303 ad
692 1253 942 1319 pietatem
984 1275 996 1308 :
1046 1258 1139 1311 sed
1191 1260 1354 1312 etiam
1395 1260 1550 1323 alios.
1604 1279 1742 1333 quos

164 1349 395 1393 nossent
427 1354 535 1393 non
585 1349 735 1400 recto
782 1345 916 1410 pede
959 1346 1162 1416 ingredi
1191 1349 1258 1403 ad
1290 1352 1591 1418 veritatem,
1626 1366 1741 1409 stu-

159 1433 353 1485 tierent
394 1446 495 1500 pro
536 1432 741 1489 viribus
773 1435 1007 1499 edicere.
1052 1448 1109 1493 ut
1142 1442 1384 1509 ejusdem
1432 1454 1614 1501 essent
1653 1462 1741 1502 se-

160 1536 282 1574 cum
341 1525 652 1579 sententim.
688 1526 725 1580 li
762 1542 883 1582 cum
920 1531 1011 1599 pie
1062 1544 1247 1588 essent
1297 1534 1494 1602 allecti,
1545 1554 1741 1609 magno

158 1628 376 1681 quoque
412 1624 466 1669 et
501 1616 717 1673 excelso
768 1622 949 1676 animo
998 1639 1055 1678 se
1101 1626 1307 1683 dedunt
1360 1630 1742 1688 misericordia:

160 1707 488 1760 exercendae
528 1708 582 1761 in
625 1726 908 1781 pauperes,
948 1723 1006 1769 ut
1030 1716 1120 1784 qui
1158 1733 1254 1785 pro
1288 1723 1561 1791 agnitione
1593 1726 1739 1780 veri-

164 1795 285 1849 tatis
319 1806 634 1868 satagerent
666 1800 882 1857 Christo
916 1806 1140 1860 reddere
1169 1810 1391 1877 gratias.
1420 1813 1736 1868 Castissinia

1853 625 2118 680 mirabilis
2151 643 2164 678 :
2198 625 2398 695 alioqui
2431 630 2611 679 autem
2643 624 2775 677 nihil
2812 623 3041 677 habebat
3098 622 3299 691 magni,
3328 619 3422 674 sed

1851 723 1966 767 erat
2000 714 2161 783 plane
2194 714 2314 768 vilis
2358 720 2414 771 ct
2443 714 2671 783 abjecta.
2704 712 2837 768 Cum
2868 729 2959 767 eos
2994 722 3179 767 autem
3210 720 3425 781 tempus

1853 812 2070 859 vocaret
2103 805 2169 859 ad
2203 820 2440 870 cwnmu,
2480 805 2570 859 ubi
2610 806 3014 868 accubuissent,
3051 804 3237 857 vident
3284 804 3423 857 inte-

1851 902 1963 954 rius
1996 900 2154 955 aliam
2188 900 2569 955 domunculam
2606 918 2619 953 :
2650 915 2769 969 quze
2799 901 2970 954 multo
2996 899 3211 969 quidem
3241 899 3421 953 lucer-

1850 1006 2042 1045 narum
2074 990 2276 1046 lumine
2300 991 2692 1054 illustrabatur,
2726 990 2907 1045 multis
2931 1007 3057 1044 vero
3082 989 3349 1046 sullltibus
3370 997 3421 1041 et

1852 1083 2143 1153 unguentis
2180 1097 2343 1137 suave
2372 1082 2614 1151 spirabat
2648 1099 2663 1136 :
2691 1082 2744 1135 iu
2778 1097 2840 1137 ea
2881 1090 3059 1136 autem
3102 1079 3258 1136 sitam
3303 1095 3422 1134 ina-

1850 1190 2011 1245 gnam
2046 1182 2373 1244 mgrotorum
2414 1174 2837 1229 multitudinem.
2894 1174 2972 1228 Ex
3020 1188 3125 1243 quo
3179 1172 3421 1228 divinum

1848 1266 2068 1336 quidem
2098 1267 2374 1337 quippiam
2407 1266 2819 1337 suspicabantur
2852 1280 2973 1320 esse
3003 1277 3059 1320 et
3089 1263 3420 1329 venerabile,

1852 1358 1929 1413 rei
1965 1367 2144 1412 tamen
2177 1358 2457 1412 veritatem
2499 1359 2722 1411 omnino
2759 1356 3064 1427 excogitare
3110 1371 3219 1409 non
3270 1365 3422 1424 pote-

1854 1459 1997 1503 rant.
2050 1448 2281 1503 Invitant
2312 1450 2496 1513 itaque
2525 1449 2589 1504 ad
2620 1447 2931 1503 convivium
2958 1447 3224 1518 egregiam
3274 1446 3421 1500 illam

1850 1540 2139 1604 aniculam,
2168 1539 2453 1609 cupientes
2490 1554 2559 1591 ex
2600 1553 2664 1594 ea
2692 1538 2891 1608 aliquid
2931 1538 3073 1593 scire
3098 1538 3237 1607 ejus,
3274 1538 3419 1607 quod

1854 1630 2273 1697 desiderabant;
2321 1630 2408 1683 illa
2445 1640 2625 1685 autem
2674 1630 2777 1683 hoc
2838 1630 3146 1691 recusabat.
3190 1644 3422 1684 causans

1849 1722 2182 1793 religionem,
2210 1730 2263 1777 et
2291 1722 2436 1793 quod
2467 1736 2576 1777 non
2608 1720 2688 1774 las
2717 1721 2786 1776 sit
2817 1720 2888 1786 ei,
2920 1736 3042 1777 cum
3076 1722 3148 1777 sit
3172 1722 3421 1794 Hebraea,

1848 1814 1989 1866 vesci
2019 1829 2142 1869 cum
2172 1812 2520 1868 Christianis.
2555 1812 2637 1867 Illi
2675 1827 2825 1877 vero,
2878 1828 3002 1868 cum
3041 1824 3262 1884 propter
3312 1828 3430 1867 ma-

161 1900 288 1954 ergo
340 1885 511 1942 Mater
561 1889 706 1945 illius
759 1894 939 1961 magni
978 1894 1074 1950 Dei
1105 1906 1161 1951 et
1193 1898 1486 1958 Salvatoris
1548 1910 1731 1973 nostri,

1843 1919 2003 1972 gnam
2032 1905 2178 1958 sitim
2210 1904 2537 1975 ceguitionis
2566 1904 2706 1973 ejus,
2739 1903 2881 1969 quod
2905 1913 3023 1958 erat
3053 1904 3418 1973 propositum.

163 1988 572 2032 sacrosanctum
655 1981 988 2049 thesaurum,
1045 2003 1242 2059 nempe
1292 2006 1445 2046 suam
1514 2007 1740 2063 vestem,

164 2066 355 2121 volens
407 2082 521 2121 sine
549 2067 726 2139 largiri
761 2070 988 2137 civitati,
1026 2087 1083 2129 ut
1116 2078 1219 2134 hoc
1250 2080 1358 2143 tiat,
1394 2098 1490 2149 per
1519 2086 1742 2141 dilectos

161 2155 282 2209 illos
319 2156 465 2209 viros
516 2158 765 2224 providet
802 2166 1046 2232 quodam
1104 2170 1265 2224 modo
1302 2171 1589 2229 diviniore.
1626 2178 1743 2232 Mo-

158 2244 260 2297 dus
293 2254 475 2299 autsm
509 2249 580 2302 ita
616 2250 775 2306 habet
806 2270 818 2306 :

230 2334 389 2391 XLV.
427 2337 678 2397 Immittit
727 2346 807 2401 eis
863 2348 1190 2407 desiderium
1246 2359 1506 2418 adorandi
1549 2375 1739 2421 cancta

162 2429 275 2482 loca
313 2445 436 2498 qua:
468 2443 596 2491 sunt
650 2435 1052 2509 Hierosolymis.
1089 2445 1241 2509 Quod
1275 2450 1431 2518 plane
1459 2464 1512 2507 et
1543 2455 1609 2510 ab
1636 2457 1739 2514 illis

163 2516 361 2572 factum
402 2530 505 2575 est.
538 2524 785 2593 Cumque
818 2527 985 2584 Leoni
1017 2543 1072 2587 et
1107 2516 1317 2593 Verinse
1351 2558 1462 2596 rem
1494 2549 1741 2612 aperuis-

162 2619 301 2676 sent,
337 2613 658 2670 comitatum
703 2634 812 2673 non
864 2623 1118 2695 exiguum
1153 2644 1343 2684 eorum
1396 2633 1737 2695 familiarium

161 2713 213 2757 et
246 2703 546 2760 amicorum
592 2725 779 2765 secum
828 2716 1191 2775 adduxerunt.
1228 2724 1363 2778 Cum
1415 2738 1594 2783 autem
1639 2733 1740 2787 iter

164 2793 393 2865 ingressi
426 2809 628 2865 essent,
662 2812 715 2854 et
740 2803 851 2872 jam
885 2808 1160 2865 venissent
1185 2812 1545 2885 Palaestinam,
1576 2823 1735 2888 viam,

162 2901 278 2952 qua:
312 2888 466 2941 ducit
500 2889 555 2943 in
587 2890 883 2953 Galilaeam.
919 2899 1213 2965 praeferunt
1268 2908 1573 2974 maritimae,
1615 2914 1736 2981 plu-

165 2978 235 3029 ris
278 2977 548 3035 facientes
583 2989 939 3054 contemplari
982 2993 1248 3051 Nazareth
1292 3009 1347 3053 et
1374 2977 1734 3071 Capernauan,

163 3084 325 3136 quam
389 3074 679 3129 maritimis
734 3080 838 3134 l'rui
890 3084 1363 3146 delectationibus.
1416 3096 1490 3148 Ex
1542 3100 1738 3167 quibus

160 3163 245 3218 illa
307 3165 532 3235 quidem
592 3166 694 3223 fuit
756 3186 967 3227 sacrum
1049 3176 1291 3249 Deiparie
1345 3163 1731 3248 habitaculum.

158 3266 207 3313 et
240 3258 292 3311 in
332 3274 397 3313 ea
428 3261 599 3317 multa
633 3271 873 3332 tempore
906 3267 1036 3324 vidit
1072 3267 1238 3323 Deum
1291 3272 1525 3329 Verbum
1572 3291 1635 3330 ex
1676 3296 1733 3333 se

159 3349 438 3417 genitum;
476 3352 591 3407 lucc
653 3364 835 3411 autem
878 3361 994 3429 ejus
1037 3361 1128 3416 lilii
1172 3364 1395 3419 charum
1425 3378 1733 3427 cteonsue-

160 3452 269 3495 tum
300 3444 693 3501 diverSurium.
742 3448 876 3505 Cum
930 3452 1015 3508 hic
1051 3471 1179 3526 ergo
1217 3457 1463 3524 fuissent,
1504 3474 1557 3515 ut
1595 3464 1730 3516 dixi-

158 3547 294 3593 mus,
325 3536 587 3601 quoniam
628 3553 732 3590 non
767 3542 1118 3608 permittebat
1152 3559 1363 3617 tempus
1416 3562 1473 3604 ut
1509 3554 1732 3611 ulterius

159 3627 617 3695 progrederemur
648 3628 786 3702 (jam
846 3633 991 3688 enim
1039 3648 1157 3692 erat
1212 3655 1457 3710 vespera,
1518 3653 1571 3698 et
1624 3663 1731 3699 nox

158 3719 423 3784 obscura;
488 3726 763 3791 provisum
832 3735 1014 3780 autem
1070 3729 1292 3782 omnino
1348 3732 1449 3787 hoc
1518 3750 1731 3805 quoque

160 3810 332 3866 luerat
402 3812 724 3885 divinitus),
758 3817 910 3871 vicus
965 3820 1182 3889 quidem
1235 3838 1329 3876 eos
1405 3826 1730 3895 excipiebat,

159 3901 305 3971 lsun
341 3919 561 3972 parvus.
593 3905 649 3957 In
696 3923 762 3960 eo
813 3918 992 3962 autem
1055 3910 1371 3965 habitabant
1397 3925 1450 3967 et
1480 3917 1568 3968 alii
1624 3934 1732 3973 non

159 3994 331 4060 pauci,
364 4003 420 4046 et
450 3994 770 4049 muliercula
820 4013 1035 4067 qucque
1070 4002 1312 4069 quaedam
1357 4003 1582 4073 insignis
1644 4026 1732 4063 ca-

158 4081 355 4148 stitate,
392 4089 635 4155 etplane
698 4087 1075 4143 honestissima
1128 4099 1181 4145 et
1236 4094 1667 4153 moderatissima
1716 4116 1729 4151 :

156 4194 269 4247 quae
308 4192 537 4248 promer
582 4180 910 4249 profundum
950 4183 1167 4252 quidem
1209 4188 1422 4240 senium
1472 4198 1525 4243 ct
1566 4206 1732 4246 canos

158 4271 439 4336 honorata,
489 4273 585 4326 sed
641 4284 865 4343 propter
921 4292 1175 4346 magnum
1245 4280 1505 4333 virtutum
1567 4296 1731 4337 orna-

158 4374 401 4417 mentum
443 4366 602 4433 longe
636 4367 955 4421 honoratior
1005 4379 1144 4424 erat.
1176 4371 1331 4437 Apud
1367 4386 1484 4425 eam
1547 4383 1728 4429 autem

156 4456 337 4518 vestis,
394 4455 614 4507 divinus
673 4455 851 4513 fuerat
909 4459 998 4510 hic
1049 4461 1334 4516 theSaurus
1384 4464 1715 4519 reconditus.

1847 1994 1978 2049 nihil
2030 1994 2098 2050 de
2163 2010 2435 2065 propenso
2484 2010 2584 2049 suo
2646 1996 2827 2049 studio
2881 1997 3241 2058 remitterent.
3299 2009 3420 2050 eam

1845 2089 2024 2143 adhuc
2086 2089 2318 2142 invitant
2388 2088 2689 2151 ardentius,
2728 2098 2783 2142 et
2834 2088 2979 2142 illius
3025 2104 3131 2142 non
3190 2091 3414 2159 parendi

1842 2180 2153 2247 pertinaciae
2193 2179 2456 2248 objiciunt
2489 2178 2634 2232 aliud
2667 2180 2922 2233 validius:
2957 2177 3120 2244 Quid,
3151 2180 3418 2243 dicentes,

1843 2272 2045 2331 obstat.
2096 2272 2140 2326 si
2186 2286 2311 2325 cum
2363 2278 2418 2324 tu
2474 2270 2753 2341 acceperis
2810 2270 2980 2331 cibos.
3050 2270 3248 2338 quibus
3322 2286 3418 2340 pro

1844 2379 1996 2418 more
2028 2364 2287 2429 vesceris,
2328 2363 2611 2418 nobiscum
2656 2362 2873 2432 quidem
2906 2362 3255 2431 colloquaris,
3302 2365 3413 2418 sola

1842 2466 2020 2510 autem
2056 2456 2161 2509 tuis
2189 2454 2459 2509 alimentis
2506 2454 2717 2509 utaris?
2769 2452 2861 2508 llis
2897 2455 3079 2523 itaque
3112 2464 3263 2524 paret
3300 2470 3419 2509 mu-

1842 2548 1962 2609 lier.
2012 2558 2062 2602 et
2096 2548 2463 2618 congreditur.

1911 2638 2119 2695 XLVII.
2152 2639 2436 2709 Postquam
2476 2650 2659 2695 autem
2691 2642 3077 2705 comedissent,
3118 2643 3259 2713 apud
3296 2658 3415 2697 eam

1844 2729 1941 2783 viri
1992 2730 2066 2783 illi
2105 2731 2359 2799 precibus
2403 2741 2650 2800 egerunt,
2680 2740 2737 2785 ut
2762 2732 2839 2786 eis
2872 2732 2925 2786 id
2956 2732 3259 2804 signiï¬care
3307 2749 3414 2789 non

1841 2832 2138 2882 recusaret.
2184 2839 2430 2893 quzenam
2472 2834 2656 2877 essent
2702 2840 2764 2877 ea
2815 2841 2933 2894 qua:
2983 2826 3181 2881 tiebant
3226 2827 3277 2880 in
3316 2828 3416 2881 do-

1843 2930 1931 2971 mo
1963 2914 2228 2969 interiori.
2282 2915 2677 2969 Existimabam
2707 2917 2851 2970 enim
2882 2932 3003 2971 esse
3036 2918 3237 2988 aliquid
3268 2919 3415 2990 lega-

1842 3006 1910 3070 le,
1956 3016 2009 3061 ct
2058 3022 2122 3061 ex
2166 3008 2548 3062 umbratilibus
2589 3009 2693 3061 illis
2736 3019 2788 3062 et
2826 3010 3118 3063 veteribus.
3178 3010 3271 3064 Illa
3312 3026 3412 3065 au-

1843 3107 1948 3151 tem
2000 3111 2062 3151 ea
2118 3098 2338 3168 quidem
2372 3098 2524 3162 dicit,
2563 3115 2683 3169 qua:
2728 3100 2924 3155 fiebant
2956 3118 2969 3153 :
3006 3117 3222 3156 causam
3266 3118 3413 3165 vero.

1764 3228 1805 3284 Î¿
1841 3192 2192 3258 quamobrem
2238 3205 2301 3244 ea
2352 3192 2543 3245 licrcut
2573 3232 2587 3255 ,
2638 3191 2861 3247 minimc
2930 3195 3288 3263 persuadetur
3356 3204 3414 3250 ut

1840 3280 2069 3346 aperiat.
2132 3280 2336 3334 Videtis
2390 3284 2533 3334 enim
2570 3323 2584 3345 ,
2634 3284 2852 3353 inquit,
2888 3300 2921 3338 Î¿
2985 3286 3085 3341 viri
3156 3286 3414 3356 dignissi-

1841 3369 1935 3433 mi,
1968 3385 2232 3441 anI'OI'lIllI
2272 3372 2697 3428 multitudinem.â€œ
2746 3374 2955 3429 Etenim
3001 3393 3123 3431 cum
3186 3379 3293 3433 Deo
3338 3380 3407 3433 ita

1842 3466 2106 3529 videatur,
2141 3466 2195 3519 in
2232 3466 2334 3520 hoc
2386 3466 2602 3536 quidem
2644 3466 2762 3521 loco
2807 3468 3080 3527 dminones
3131 3471 3411 3538 ÏÏ‡á¿ƒÏÎ¹á½¶Ï…Î·-

1838 3568 1925 3616 tur
1963 3576 1975 3611 :
2010 3558 2165 3611 caecis
2238 3568 2416 3612 autem
2484 3571 2539 3613 ut
2596 3562 2763 3617 libere
2814 3562 3048 3641 videant.
3099 3564 3302 3617 claudis
3356 3574 3417 3619 ut

1836 3651 2137 3712 ambulent.
2173 3650 2351 3705 surdis
2382 3660 2441 3704 ut
2470 3652 2709 3712 audiant.
2737 3662 2792 3706 et
2816 3655 2979 3710 mutis
3011 3665 3067 3708 ut
3094 3656 3407 3725 loquantur,

1842 3734 2073 3789 efficitur
2124 3738 2483 3805 mirabiliter;
2532 3748 2586 3808 et
2627 3740 2713 3793 alii
2770 3742 2969 3807 morbi,
3015 3753 3070 3797 et
3119 3759 3407 3814 corporum

1837 3827 2221 3887 tatttilationes,
2282 3845 2401 3896 qua:
2458 3833 2789 3886 medicorum
2847 3836 3054 3890 artibus
3104 3838 3253 3891 nullo
3298 3839 3411 3899 sint

1849 3918 2009 3973 modo
2036 3917 2404 3985 tncdicabilcs,
2450 3930 2709 3974 curantur
2748 3921 2922 3981 facile.
2945 3926 3020 3977 Illi
3046 3934 3229 3981 autem
3266 3928 3408 3997 (non

1835 4008 1980 4062 enim
2051 4019 2207 4063 erant
2280 4010 2714 4081 imprudentibus
2791 4013 3105 4071 hominibus
3178 4017 3406 4085 similes,

1835 4115 2011 4167 neque
2040 4102 2182 4167 quod
2222 4102 2550 4171 interrogare
2583 4107 2890 4171 oportebat,
2927 4107 3025 4177 ipsi
3058 4123 3166 4177 prte
3201 4112 3411 4181 simpli-

1832 4191 1991 4244 citate
2032 4191 2555 4263 prteletmitlcbanl).
2604 4193 2884 4247 Undenaui
2940 4212 3095 4257 vero,
3123 4201 3408 4267 rogabant.

1833 4284 2157 4354 principium
2201 4285 2345 4354 cepit
2400 4286 2550 4340 locus
2591 4286 2713 4340 talia
2751 4289 3052 4357 cpe-randi?
3092 4287 3187 4346 Illa
3230 4307 3357 4346 vero
3392 4310 3403 4345 :

1833 4374 1988 4443 Apud
2044 4390 2162 4441 nos,
2209 4376 2404 4445 inquit,
2449 4376 2701 4432 Hebraeos
2733 4396 2761 4432 a
2798 4380 3043 4448 patribus
3076 4383 3265 4436 tradita
3316 4386 3405 4437 ha-

1844 4464 2003 4517 belttlâ€˜
2053 4466 2312 4526 narratio,
2349 4466 2493 4532 quod
2546 4466 2685 4519 Deus
2737 4469 2789 4520 in
2840 4471 2940 4521 hoc
2984 4470 3100 4525 loco
3148 4473 3294 4529 visus
3336 4476 3406 4529 sit

154 4547 438 4613 Quomodo
486 4564 615 4604 vero
663 4549 853 4605 luisset
894 4550 979 4604 illa
1029 4561 1189 4605 tanta:
1239 4554 1314 4605 rei
1372 4567 1573 4619 custos,
1627 4559 1728 4611 nisi
1768 4565 1806 4617 Î¹)
1837 4554 2053 4606 cuidam
2087 4569 2153 4609 ex
2196 4557 2443 4625 patribus
2490 4573 2597 4611 :cx
2634 4575 2741 4628 quo
2774 4559 2972 4615 factum
3026 4573 3128 4627 est,
3185 4574 3241 4619 ut
3285 4566 3403 4623 loco

153 4651 203 4695 et
232 4643 500 4695 virtutum
550 4642 743 4698 fuisset
792 4655 982 4699 ornata
1013 4646 1440 4714 pulchritudine,
1474 4658 1526 4701 cl
1556 4650 1724 4703 animi

154 4733 424 4801 puritate?
480 4732 796 4800 Quanquam
862 4737 1004 4791 enim
1060 4736 1284 4793 Hebr-.ea
1336 4739 1552 4806 quidem
1609 4748 1725 4794 erat

152 4824 236 4876 illa
281 4824 482 4876 mulier
518 4823 636 4890 (est
678 4838 908 4892 namque
958 4827 1130 4878 amica
1171 4829 1410 4893 veritas},
1449 4830 1591 4881 illius
1642 4838 1723 4883 ta-

152 4930 270 4967 men
319 4913 561 4967 animam
601 4914 774 4968 locum
821 4914 1074 4981 dixisses,
1103 4918 1193 4986 qui
1226 4930 1310 4977 est
1350 4920 1401 4974 iu
1439 4923 1722 4989 praesentia

148 5006 361 5074 quidem
395 5005 683 5067 obscurus,
735 5018 892 5076 aptus
937 5021 1020 5062 est
1058 5020 1239 5063 autem
1283 5010 1350 5063 ad
1395 5009 1574 5064 lumen
1626 5030 1722 5065 ex-

148 5097 487 5166 cipiendum,
518 5104 572 5149 et
620 5098 773 5149 valde
800 5101 1262 5154 acconunodatus.
1310 5100 1558 5157 Divinum
1596 5120 1720 5156 vero

149 5197 260 5240 erat
289 5189 343 5239 in
378 5188 481 5241 hoc
512 5202 727 5257 quoque
773 5198 960 5258 aperte
1010 5194 1313 5256 consilium,
1348 5204 1405 5248 ut
1440 5209 1525 5247 res
1573 5195 1715 5263 apud

149 5294 261 5336 eam
299 5280 588 5339 mulierem
630 5284 929 5347 recondita,
977 5298 1095 5352 qua:
1144 5285 1223 5338 sic
1266 5285 1455 5339 atlâ€˜erta
1492 5298 1629 5351 erat,
1664 5296 1719 5341 ut

150 5384 258 5425 cam
315 5370 449 5424 totis
514 5371 723 5427 viribus
762 5374 943 5429 celare
1010 5375 1271 5441 studeret,
1314 5386 1497 5447 postea
1548 5378 1596 5429 in
1636 5380 1717 5431 lu-

148 5474 259 5514 cem
290 5461 527 5531 prolata,
562 5464 823 5534 majorem
860 5464 1018 5520 fidem
1050 5466 1295 5524 haberet.

217 5553 402 5609 XLVI.
458 5552 591 5609 Vide
651 5570 797 5627 ergo,
853 5573 1011 5626 quam
1064 5558 1339 5629 eleganter
1396 5561 1719 5629 processerit

150 5647 386 5703 divinum
439 5646 754 5703 consilium.
822 5648 954 5702 Nam
1022 5653 1163 5720 apud
1222 5667 1339 5705 caui
1411 5652 1714 5717 venientes,

149 5741 492 5811 excipiuntur
532 5740 769 5810 hospitio
818 5739 1039 5796 Galbius
1069 5751 1120 5798 et
1169 5742 1442 5798 Candidus
1498 5745 1714 5814 sapien-

149 5838 244 5897 tes,
292 5847 388 5887 eos
440 5833 518 5889 sic
568 5831 749 5887 divina
806 5832 1105 5889 deducente
1161 5833 1346 5905 gratia.
1409 5834 1527 5888 Erat
1588 5853 1711 5889 iero

1832 4642 1944 4699 hac
1980 4658 2293 4701 servaretur
2335 4649 2525 4717 gratia.
2566 4649 2687 4704 Î—á¿–ÎµÎ¹Îµ
2734 4666 2855 4706 cum
2892 4667 2954 4706 ea
2994 4653 3214 4717 diceret,
3250 4656 3319 4709 illi
3350 4659 3400 4711 ei

1828 4736 1990 4787 corde
2039 4736 2263 4791 minime
2313 4739 2758 4793 assentiebaiitur
2792 4759 2806 4794 :
2846 4742 2939 4797 scd
2989 4744 3269 4800 videbatur
3319 4750 3401 4803 eis

1829 4826 2169 4890 muliercula,
2216 4828 2353 4881 sicut
2398 4845 2484 4882 res
2524 4839 2659 4895 erat,
2701 4832 3059 4900 probabiliqu
3113 4837 3398 4894 verborum

1828 4918 2049 4987 pulchra
2116 4924 2297 4987 Specie
2368 4923 2546 4977 celare
2596 4926 2899 4978 veritatem.
2957 4928 3060 4997 Ipsi
3106 4943 3235 4998 ergo
3278 4945 3399 4987 eam

1825 5011 2039 5079 quidem
2089 5014 2265 5067 adhuc
2314 5018 2573 5083 rogabant
2608 5018 2985 5074 vehementius
3008 5064 3019 5080 .
3061 5032 3119 5075 ut
3148 5023 3226 5076 eis
3258 5040 3397 5088 rem,

1826 5113 1883 5155 ut
1915 5117 1973 5155 se
2002 5103 2256 5169 habebat,
2302 5107 2560 5175 aperiret,
2614 5110 2929 5178 respicietis,
2979 5112 3022 5164 si
3058 5112 3188 5165 nihil
3227 5116 3394 5175 aliud.

1792 5192 2061 5248 laborem
2115 5197 2303 5252 saltent
2363 5200 2494 5252 tanti
2546 5200 2777 5265 itineris,
2841 5202 2929 5267 qui
2986 5203 3130 5256 nulla
3180 5205 3283 5259 alia
3327 5211 3396 5262 de

1824 5299 1986 5339 causa
2026 5295 2141 5340 erat
2172 5298 2475 5357 susceptus,
2513 5292 2612 5345 nisi
2648 5301 2705 5345 ut
2736 5294 2982 5347 viderent
3027 5302 3213 5349 saneta
3258 5297 3392 5363 loca,

1821 5388 1875 5431 et
1905 5378 2155 5433 audirent
2182 5394 2243 5433 ea
2274 5396 2392 5449 quae
2420 5398 2449 5435 a
2487 5384 2587 5451 piis
2616 5393 2669 5436 et
2697 5388 2900 5439 sanctis
2930 5385 3188 5441 dicuntur
3216 5390 3391 5443 homi-

1821 5470 1996 5525 nibus.
2026 5471 2114 5525 IlIa
2140 5481 2320 5525 autem
2354 5488 2419 5526 ue
2447 5474 2523 5526 sie
2554 5474 2769 5543 quidem
2794 5476 3040 5542 cedebat,
3075 5480 3169 5533 sed
3202 5493 3387 5533 mane-

1822 5562 1930 5628 bat,
1976 5570 2035 5616 ut
2092 5574 2374 5630 statuerat,
2428 5576 2677 5636 apertum
2737 5568 3013 5639 religionis
3073 5570 3389 5634 existimans

1818 5668 1938 5707 esse
1994 5653 2249 5719 dedecus,
2298 5657 2342 5709 si
2378 5659 2679 5727 aperiretur
2730 5661 2949 5724 veritas,
2992 5672 3044 5714 et
3094 5660 3280 5715 dicens
3327 5678 3385 5721 se

1820 5746 1951 5799 uibil
2004 5748 2141 5801 scire
2200 5750 2433 5818 amplius
2497 5766 2658 5821 quam
2708 5754 2850 5821 quod
2895 5754 3041 5809 locus
3088 5752 3163 5808 sit
3196 5756 3387 5823 plenus

1819 5838 1996 5901 divina
2027 5841 2213 5907 gratia.
