3972 6442
554 395 660 457 563

1790 387 2077 449 MENSIS
2117 387 2549 453 AUGUSTUS.

3698 394 3807 459 561

624 505 854 561 XLVIII.
900 504 1037 559 Cum
1073 512 1251 559 autem
1284 502 1361 557 illi
1398 502 1623 572 pulchre
1660 500 1958 555 sensissent
2002 516 2121 554 eam
2153 503 2201 560 Α
2230 503 2387 559 nobis
2417 505 2749 575 rogantibus.
2800 505 3073 577 Rogamus
3119 522 3267 573 vero,
3294 517 3352 562 ut
3385 507 3717 563 dormiamus
3746 509 3805 561 in

554 599 757 669 optime
790 597 1011 666 quidem
1043 595 1202 659 scire,
1257 595 1431 648 vitare
1475 601 1653 647 autem
1688 606 1758 646 ne
1819 607 1935 645 eam
1985 592 2125 645 scire

552 701 699 753 esset
728 699 995 756 apertum,
1026 696 1080 741 et
1113 688 1235 741 ideo
1269 702 1378 755 prre
1413 701 1470 740 se
1499 686 1642 739 ferre
1703 685 2123 754 ignorationem,

554 784 791 837 evadunt
827 782 1097 835 avidiores
1139 779 1445 833 inveniendi
1476 779 1615 846 ejus,
1663 778 1807 847 quod
1850 778 2127 846 quereba-

560 874 665 937 tur,
698 884 752 927 et
789 876 927 928 sicut
960 873 1224 940 Cleophas
1253 882 1307 926 et
1340 872 1427 925 ille
1457 872 1593 925 alius
1614 871 1932 941 discipulus,
1964 870 2124 923 corde

556 976 839 1035 caeperunt
892 966 1079 1018 ardere
1097 966 1157 1017 ".
1197 963 1299 1017 Eos
1330 965 1474 1016 enim
1516 963 1675 1033 Virgo
1708 964 2016 1018 beatissima
2038 963 2126 1015 in-

560 1061 782 1123 citabat,
815 1060 1003 1111 volens
1044 1057 1353 1127 Byzantinis
1398 1054 1642 1111 divinum
1678 1056 1823 1110 hunc
1860 1062 1914 1110 et
1947 1070 2129 1109 sacro-

561 1165 806 1206 sanctum
864 1152 1043 1220 largiri
1097 1152 1435 1205 thesaurum.
1492 1151 1719 1203 Omnem
1764 1164 1892 1219 ergo
1946 1152 2124 1203 statim

563 1244 847 1295 movebant
873 1242 1125 1309 lapidem,
1154 1252 1213 1295 ut
1242 1242 1457 1305 mulier,
1480 1243 1766 1296 remittens
1795 1242 2125 1295 immobilem

565 1338 701 1389 banc
734 1338 1173 1399 occultationem,
1221 1337 1299 1389 eis
1331 1336 1381 1389 id
1416 1336 1559 1405 quod
1598 1345 1857 1401 tacuerat,
1885 1335 1937 1388 in
1970 1350 2128 1402 aper-

561 1442 674 1481 tum
721 1430 1007 1498 proferret.
1055 1428 1199 1495 Quin
1262 1430 1424 1483 etiam
1476 1428 1830 1497 jurisjurandi
1884 1426 2129 1481 necessi-

561 1531 726 1575 tatem
758 1523 1110 1587 adhibebant,
1150 1522 1377 1591 ejusque
1418 1522 1553 1576 adeo
1583 1522 1767 1583 validi,
1803 1532 1861 1577 ut
1887 1524 2129 1577 animum

564 1614 814 1681 quamvis
877 1614 1350 1682 inexpugnabilem
1404 1629 1502 1668 suo
1572 1621 1790 1683 possent
1841 1613 1961 1670 loco
2011 1628 2132 1666 mo-

566 1722 713 1761 vere.
767 1705 901 1761 Cum
940 1707 1017 1761 sic
1066 1721 1184 1760 eam
1230 1705 1377 1759 omni
1422 1722 1485 1761 ex
1533 1715 1684 1773 parte
1728 1705 2130 1769 astrinxissent,

566 1806 621 1849 et
672 1808 925 1865 tanquam
983 1795 1312 1850 inevitabilia
1353 1797 1401 1849 ei
1438 1796 1647 1850 vincula
1724 1795 2130 1864 imposuissent,

563 1891 656 1944 vix
692 1893 906 1944 tandem
940 1890 1270 1959 persuadent
1323 1899 1383 1944 ut
1431 1892 1513 1945 eis
1568 1907 1683 1947 rem
1730 1892 1956 1962 aperiat.
1999 1892 2135 1945 Cum

570 1988 750 2053 itaque
794 2000 858 2038 ex
908 1986 1015 2038 alto
1045 1994 1253 2039 etcum
1306 1987 1556 2055 Iacrymis
1602 1985 1948 2053 suspirasset,
1997 1994 2051 2039 et
2084 1986 2136 2039 in

571 2089 767 2131 terram
817 2077 1023 2130 fixisset
1057 2079 1263 2138 oculos,
1306 2077 1530 2146 perinde
1558 2091 1621 2131 ac
1660 2078 1703 2132 si
1747 2092 1864 2131 eam
1914 2078 2139 2147 puderet

569 2168 856 2222 enuntiare
888 2186 901 2221 :
936 2167 980 2223 Ο
1012 2168 1129 2231 \iri,
1162 2169 1357 2237 inquit,
1401 2184 1675 2236 nunquam
1711 2171 1765 2223 in
1817 2170 2137 2224 hodiernum

572 2273 743 2327 usque
796 2260 962 2321 diem,
1008 2261 1248 2313 divinum
1303 2260 1405 2312 hoc
1442 2262 1753 2329 mysterium
1806 2262 1921 2313 viro
1973 2260 2142 2313 evasit

572 2354 941 2408 manifestum.
986 2353 1116 2419 Quae
1146 2356 1290 2407 enim
1326 2355 1377 2407 in
1411 2370 1606 2423 genere
1637 2369 1758 2407 meo
1797 2370 1881 2407 me
1908 2368 2139 2422 prrcces-

573 2455 782 2508 serunt,
835 2446 1193 2515 jurejurando
1248 2448 1507 2513 adhibito,
1553 2448 1642 2501 uni
1694 2448 1927 2509 mulieri,
1984 2448 2141 2515 eique

575 2538 793 2607 virgini,
832 2537 903 2589 ita
938 2537 1293 2600 tradiderunt,
1327 2547 1384 2590 ut
1416 2538 1641 2607 singulis
1677 2539 1925 2592 aetatibus
1959 2554 2021 2592 ea
2052 2554 2138 2592 res

572 2634 651 2687 sic
690 2630 995 2684 traderetur
1032 2630 1166 2693 ;sed
1214 2630 1467 2698 quoniam
1515 2632 1673 2683 video
1705 2647 1798 2686 vos
1830 2647 1949 2685 esse
1998 2632 2143 2685 viros

573 2720 905 2775 reverendos
959 2728 1014 2773 et
1059 2720 1219 2789 pios:
1257 2730 1311 2774 et
1358 2722 1555 2790 alioqui
1583 2722 1740 2789 (nam
1780 2724 1881 2776 hoc
1926 2738 2142 2792 quoque

574 2812 725 2867 vobis
760 2812 1111 2886 significabo)
1142 2814 1208 2867 ad
1255 2830 1339 2868 me
1392 2830 1559 2883 usque
1602 2818 1833 2869 redacta:
1878 2825 2006 2869 sunt
2036 2816 2140 2869 mei

575 2910 790 2977 generis
813 2907 1050 2969 feminae,
1087 2922 1187 2961 nec
1225 2908 1331 2961 ulla
1354 2917 1601 2974 superest
1639 2908 1739 2961 alia
1775 2918 1896 2977 post
1927 2925 2009 2963 me
2034 2910 2145 2963 vir-

574 3013 663 3069 go,
693 2997 847 3067 cujus
874 2997 995 3051 tidei
1023 3012 1050 3049 a
1079 3013 1165 3051 me
1204 2997 1351 3053 credi
1393 2999 1560 3067 possit
1607 2999 1845 3068 cognitio
1876 3001 2139 3069 mysterii,

575 3104 689 3142 rem
733 3087 898 3140 modo
942 3088 1093 3141 vobis
1136 3087 1393 3154 aperiam.
1438 3088 1699 3141 Existimo
1744 3090 1889 3141 enim
1922 3089 2060 3149 fore,
2087 3098 2146 3142 ut

575 3176 718 3246 quod
754 3194 783 3232 a
814 3178 973 3233 nobis
1009 3178 1242 3242 dicetur,
1280 3180 1419 3248 apud
1484 3196 1579 3231 vos
1642 3180 1996 3234 conscrvetis.
2032 3179 2143 3233 Με-
2167 3178 2213 3242 C

578 3270 669 3322 riae
704 3270 847 3321 illius
877 3268 1115 3336 Deiparae
1147 3270 1283 3336 (hoc
1314 3270 1456 3321 enim
1486 3277 1571 3322 est
1602 3269 1757 3323 nobis
1787 3272 1854 3323 ab
1880 3269 1987 3324 alto
2036 3280 2145 3325 tra-

576 3361 786 3428 ditum)
818 3360 907 3415 hic
938 3361 1203 3416 custodita
1240 3362 1340 3417 sita
1387 3371 1467 3416 est
1501 3363 1687 3415 vestis.
1734 3363 2146 3431 Obstupuerunt

578 3454 678 3506 viri
728 3453 825 3516 illi,
867 3468 990 3507 cum
1062 3454 1235 3507 solum
1289 3454 1367 3507 rei
1424 3455 1725 3506 audiissent
1798 3454 2143 3521 principium.

578 3542 786 3598 Deinde
815 3543 1078 3612 adjiciens
1136 3542 1350 3608 mulier,
1388 3544 1595 3599 Etenim
1634 3545 1768 3609 hare,
1813 3544 2149 3613 ittquit,Dci-

579 3654 705 3709 para
753 3636 918 3691 vitam
961 3635 1171 3700 finiens,
1223 3636 1430 3691 duabus
1488 3637 1809 3691 mulieribus
1850 3638 2149 3707 virginibus

578 3734 714 3787 duas
769 3746 896 3786 suas
944 3740 1122 3783 vestes
1175 3730 1397 3783 donavit
1446 3731 1562 3785 loco
1615 3731 2031 3796 benedictionis;
2084 3749 2147 3788 ex

581 3824 778 3893 quibus
824 3836 929 3874 una
960 3820 1061 3873 fuit
1093 3834 1155 3873 ex
1208 3820 1311 3875 mei
1344 3823 1552 3893 generis
1594 3824 1911 3894 majoribus,
1946 3841 2065 3893 qua:
2097 3826 2149 3879 id

581 3916 811 3983 accepit,
838 3914 979 3982 quod
1015 3913 1271 3967 donatum
1302 3914 1496 3977 fuerat,
1524 3925 1578 3969 et
1609 3917 1661 3967 in
1701 3931 1824 3968 arca
1861 3916 2147 3983 deposuit:

580 4016 635 4063 et
663 4008 886 4061 omnino
932 4008 1093 4075 jussit
1134 4006 1200 4059 iis
1248 4006 1340 4075 qui
1374 4014 1531 4059 erant
1578 4007 1659 4059 sui
1695 4010 1929 4077 generis,
1966 4018 2023 4061 ut
2058 4024 2146 4063 es-

582 4109 664 4154 set
686 4099 838 4167 virgo
886 4113 1245 4167 unaquaeque,
1287 4114 1405 4167 quae
1436 4114 1553 4152 eam
1581 4100 1872 4169 acciperet.
1906 4101 1998 4155 Est
2022 4118 2149 4173 ergo

580 4207 701 4245 arca
740 4191 1015 4245 recondita
1049 4192 1102 4244 in
1137 4191 1395 4242 interiore
1422 4191 1605 4254 domo,
1632 4209 1792 4260 quam
1827 4211 1972 4247 nunc
2006 4198 2151 4249 vide-

583 4286 652 4339 tis
683 4301 697 4339 :
730 4296 787 4337 et
820 4300 939 4352 qute
976 4284 1029 4335 in
1097 4297 1158 4336 ea
1207 4292 1289 4337 est
1318 4283 1508 4344 vestis,
1554 4292 1636 4337 est
1671 4278 1834 4339 causa
1885 4289 2153 4351 omnium,

580 4390 700 4448 quae
719 4373 871 4440 ﬁunt,
889 4376 1289 4430 miraculorum.
1317 4374 1505 4442 lIaec,,o
1529 4374 1648 4438 viri,
1670 4386 1749 4432 est
1770 4392 1895 4431 vera
1913 4381 2152 4435 narratio

580 4473 700 4541 ejus
730 4472 871 4541 quod
911 4487 939 4524 a
972 4472 1128 4525 vobis
1169 4470 1426 4537 qu:eritur
1461 4488 1474 4523 :
1527 4480 1583 4523 et
1619 4472 1797 4524 videte
1864 4479 1922 4524 ut
1956 4477 2023 4525 ad
2057 4489 2150 4526 vos

584 4578 753 4630 usque
795 4563 967 4615 solum
1017 4564 1245 4615 deducta
1282 4563 1352 4615 sit
1396 4564 1654 4631 cognitio,
1706 4575 1760 4617 et
1808 4579 1968 4619 nemo
2015 4566 2149 4619 sciat

583 4668 648 4709 ex
700 4655 765 4707 iis
809 4653 1085 4717 omnibus,
1147 4653 1235 4722 qui
1265 4662 1391 4707 sunt
1439 4653 1843 4725 Hierosolymis.

652 4745 839 4799 XLIX.
882 4744 1017 4799 Cum
1059 4746 1175 4799 haec
1214 4746 1510 4809 audissent,
1557 4748 1732 4801 adhuc
1763 4750 1930 4820 major
1972 4760 2150 4806 metus

582 4836 728 4889 viros
790 4836 954 4888 subiit
998 4844 1053 4887 et
1106 4834 1309 4887 laetitia.
1378 4834 1551 4886 Metus
1627 4838 1867 4903 quidem,
1932 4849 2151 4907 prOpter

582 4927 1009 4996 magnitudinem
1061 4942 1249 4980 eorum
1294 4939 1415 4992 quze
1454 4926 1636 4980 audita
1664 4912 1881 4983 fuerant
1914 4948 1925 4982 :
1965 4931 2150 4985 lautitia

584 5028 788 5079 autem,
818 5016 960 5084 quod
991 5028 1175 5071 essent
1204 5016 1497 5085 participes
1549 5019 1734 5073 talium
1781 5032 2150 5075 sacramento-

586 5126 724 5164 rum.
758 5110 897 5174 Quid
923 5125 1051 5177 ergo
1092 5110 1352 5176 deinceps
1386 5112 1775 5178 consequitur?
1801 5112 1915 5166 Viri
1943 5112 2153 5184 seipsos

584 5205 734 5257 humi
785 5204 1069 5271 dejiciunt,
1108 5212 1163 5257 et
1226 5202 1391 5270 pedes
1438 5202 1581 5256 illius
1633 5204 2099 5273 deprehensantes
2133 5248 2148 5271 ,

584 5294 722 5349 Nulli
744 5294 983 5362 quidem,
1008 5294 1279 5363 inquiunt,
1299 5296 1451 5349 exiis
1477 5297 1568 5365 qui
1592 5306 1719 5351 sunt
1741 5296 2149 5370 Hierosolymis,

586 5396 770 5440 notum
803 5388 906 5440 erit
936 5387 991 5439 id
1024 5387 1166 5455 quod
1210 5387 1366 5441 nobis
1406 5388 1609 5441 dictum
1652 5399 1755 5453 est,
1802 5406 1871 5444 ne
1919 5392 2149 5458 dubites,

584 5482 831 5549 domina;
864 5484 1135 5537 dominam
1171 5484 1315 5537 enim
1362 5483 1467 5552 iam
1514 5494 1565 5537 te
1603 5500 1876 5549 vocamus,
1914 5502 2033 5555 quas
2078 5490 2152 5542 sis

584 5573 785 5627 talibus
827 5575 1042 5643 dignata
1088 5575 1392 5645 mysteriis;
1421 5576 1587 5645 ipsam
1642 5577 1734 5632 tibi
1776 5578 1934 5646 hujus
1964 5580 2040 5633 rei
2073 5596 2150 5635 re-

586 5672 720 5718 stem
753 5667 981 5720 citamus
1012 5670 1311 5736 Deiparam.
1346 5671 1519 5726 Unum
1552 5680 1728 5727 autem
1758 5671 1897 5725 aliud
1919 5675 2153 5727 concede

661 5850 704 5879 "
736 5849 863 5901 Luc.
898 5865 1040 5913 xxiv,
1070 5852 1159 5902 32.

2233 610 2300 649 eo
2332 597 2466 659 loco,
2503 596 2553 649 in
2584 612 2692 666 quo
2734 596 2823 652 hic
2862 598 3081 653 divinus
3117 600 3427 655 reconditus
3459 608 3541 654 est
3586 601 3811 654 thesau«

2234 704 2347 743 rus.
2385 688 2518 745 Cum
2567 691 2668 744 hoc
2709 701 2891 745 autem
2939 692 3117 746 statim
3173 691 3533 747 concessisset
3584 691 3807 753 mulier,

2234 782 2482 850 stragula:
2512 781 2727 850 quidem
2758 792 2934 837 vestes
2959 792 3182 851 portata:
3219 792 3346 839 sunt
3369 783 3421 835 in
3445 797 3570 837 eum
3602 782 3807 835 locum.

2234 872 2312 927 Illi
2340 887 2469 927 vero
2494 889 2599 926 non
2632 888 2688 929 se
2717 888 2908 928 somno
2931 873 3216 937 dederunt,
3269 874 3363 929 scd
3408 880 3531 928 cum
3577 882 3809 926 noctur-

2233 983 2363 1021 num
2392 967 2728 1035 accepissent
2771 966 3067 1029 silentium,
3104 974 3265 1019 totam
3294 974 3511 1019 noctem
3546 979 3810 1033 perseve-

2235 1057 2428 1110 rabant
2459 1059 2511 1109 In
2542 1057 2803 1117 oratione,
2830 1062 2884 1108 et
2913 1070 3036 1109 cum
3072 1055 3323 1125 Iacrymis
3351 1054 3581 1124 agebant
3606 1052 3818 1121 gratias

2235 1149 2504 1219 Deiparm,
2546 1150 2688 1215 quod
2737 1150 2933 1205 talibus
2974 1148 3344 1202 auditionibus
3391 1157 3445 1199 et
3485 1144 3819 1215 speetaculis

2236 1246 2379 1314 digni
2406 1252 2587 1297 essent
2611 1244 2800 1297 habiti.
2832 1244 2967 1298 Cum
2999 1249 3179 1296 autem
3212 1254 3305 1295 eos
3330 1238 3421 1309 qui
3443 1238 3814 1309 aegrotabant,

2235 1338 2499 1392 vidissent
2519 1351 2710 1389 somno
2735 1349 3042 1405 oppressos,
3066 1333 3367 1387 metiuntur
3388 1346 3451 1385 ex
3476 1328 3623 1383 omni
3655 1338 3818 1396 parte

2236 1432 2497 1488 ambitum
2533 1445 2692 1492 arcte,
2723 1429 2775 1482 in
2808 1443 2910 1498 qua
2951 1434 3067 1481 erat
3100 1425 3343 1479 divinum
3391 1423 3691 1493 repositum
3732 1421 3821 1473 in-

2237 1528 2555 1583 dumentum
2591 1541 2603 1577 :
2636 1524 2917 1593 ipsamque
2961 1520 3087 1589 ligni
3145 1519 3381 1591 speciem
3422 1524 3477 1571 et
3522 1513 3821 1568 habitudi-

2240 1634 2384 1681 nem,
2416 1634 2481 1672 ex
2510 1631 2617 1685 quo
2646 1624 2761 1669 erat
2782 1629 2927 1678 arca,
2972 1618 3223 1667 accurate
3264 1606 3551 1663 admodum
3603 1616 3655 1658 et
3686 1603 3817 1657 diti-

2240 1720 2427 1782 genter
2449 1708 2816 1763 considerant.
2847 1704 3051 1759 Deinde
3082 1716 3241 1757 mane
3277 1698 3500 1771 egressi,
3545 1705 3600 1750 et
3636 1696 3823 1749 hone-

2244 1813 2381 1859 stam
2432 1802 2736 1857 salutarunt
2792 1798 3070 1852 mulierem
3108 1836 3121 1856 .
3164 1802 3220 1850 et
3263 1808 3386 1848 eum
3433 1797 3715 1860 rogassent
3764 1799 3826 1844 ut

2241 1898 2499 1952 audacter
2529 1894 2764 1965 juberet,
2800 1890 2843 1947 si
2871 1889 2999 1959 quid
3030 1888 3133 1943 sibi
3167 1900 3306 1953 Opus
3332 1893 3476 1938 esset
3500 1879 3821 1949 Hierosqu-

2240 1993 2361 2051 mis,
2390 2006 2447 2046 se
2478 1990 2619 2046 enim
2650 2001 2837 2040 rursus
2855 1985 2918 2037 ad
2950 1983 3121 2052 ipsam
3150 1986 3408 2031 venturos
3445 1989 3541 2042 per
3565 1972 3821 2033 eamdem

2240 2089 2404 2151 viam,
2425 2085 2658 2140 inierunt
2678 2084 2778 2135 iter
2796 2092 2984 2133 versus
3004 2071 3323 2132 Jerusalem,
3346 2082 3468 2123 cum
3489 2065 3575 2119 illa
3592 2063 3826 2118 dixisset

2241 2199 2297 2237 se
2323 2181 2472 2235 nullo
2508 2178 2613 2232 alio
2652 2190 2831 2245 egere,
2870 2172 2975 2225 nisi
3011 2184 3197 2224 eorum
3239 2163 3518 2236 precibus,
3546 2169 3601 2215 et
3631 2167 3692 2216 ut
3728 2172 3825 2213 eos

2242 2288 2433 2329 rursus
2478 2272 2626 2324 laetos
2660 2268 2865 2321 videret
2893 2272 2946 2317 et
2972 2262 3199 2315 alacres.

2316 2365 2378 2419 L.
2407 2361 2542 2417 Cum
2581 2359 2811 2412 fuissent
2845 2355 3025 2423 itaque
3072 2347 3463 2416 Hierosolymis
3504 2344 3734 2399 Galbius
3766 2353 3823 2395 et

2244 2454 2539 2518 Candidus,
2568 2460 2621 2505 et
2650 2449 2846 2520 partim
2893 2443 3110 2513 quidem
3142 2442 3251 2495 Deo
3293 2450 3484 2508 preces
3516 2434 3821 2491 fudissent,

2244 2550 2440 2621 partim
2475 2554 2655 2600 autem
2705 2538 3032 2611 pauperibus
3081 2544 3135 2589 et
3180 2528 3468 2602 egentibus
3519 2522 3825 2578 liberaliori

2244 2644 2463 2697 dextera
2513 2638 2913 2700 elcemosynam
2966 2629 3303 2693 erogassent,
3358 2626 3575 2673 secrete
3619 2622 3828 2666 vocant

2244 2731 2506 2804 quosdam
2547 2726 2729 2781 fabros
2785 2717 3064 2791 lignarios,
3125 2714 3323 2784 quibus
3378 2709 3592 2779 jubent,
3637 2704 3826 2809 ut.eis

2246 2831 2567 2883 construant
2597 2832 2777 2874 arcam
2815 2823 2868 2870 et
2898 2813 3089 2875 forma,
3129 2818 3182 2863 et
3218 2808 3406 2878 figura,
3440 2812 3494 2858 et
3540 2808 3824 2871 magnitu-

2246 2922 2370 2977 dine
2405 2902 2503 2980 illi,
2540 2929 2703 2985 quam
2737 2911 3005 2970 viderant,
3042 2903 3297 2964 similem,
3329 2896 3652 2952 mandantes
3682 2906 3828 2964 pm-

2249 3023 2419 3071 terea,
2461 3018 2520 3061 ut
2561 3008 2887 3059 lormaretur
2940 2997 3103 3051 etiam
3146 3007 3211 3047 ex
3262 2992 3408 3061 ligno
3459 2986 3657 3050 veteri,
3712 2998 3828 3053 quo

2246 3102 2385 3155 nihil
2436 3099 2495 3151 in
2541 3110 2601 3149 ea
2651 3100 2987 3152 cerneretur,
3038 3086 3180 3157 quod
3222 3100 3333 3137 non
3374 3087 3520 3135 esset
3571 3077 3721 3132 omni
3761 3090 3829 3127 ex

2249 3201 2401 3264 parte
2458 3188 2634 3244 simile
2688 3185 2978 3256 praedicta.
3018 3179 3339 3248 Exeogitant
3381 3172 3581 3264 deinde
3616 3166 3829 3233 aliquid

2249 3259 2395 3341 aliud
2425 3282 2680 3337 idoneum
2710 3278 2776 3330 ad
2809 3274 3096 3329 celandum
3143 3270 3195 3321 id
3234 3264 3375 3334 quod
3401 3271 3521 3315 erat
3554 3259 3827 3311 futurum.

2250 3379 2583 3445 Comparant
2638 3370 2737 3425 sibi
2798 3375 3045 3420 auratqu
3084 3356 3429 3429 operculum,
3485 3360 3544 3405 ut
3583 3364 3650 3403 eo
3700 3361 3827 3449 arca

2255 3480 2545 3540 tegeretur.
2579 3466 2875 3531 Postquam
2908 3464 3086 3511 autem
3118 3459 3173 3507 et
3203 3448 3465 3521 precatio,
3500 3452 3555 3498 et
3580 3448 3831 3540 erogatto

2250 3529 2338 3614 eis
2380 3556 2509 3611 satis
2540 3555 2677 3609 bene
2729 3529 2928 3606 habere
2979 3546 3090 3599 visa
3128 3542 3251 3604 fuit,
3305 3554 3369 3593 eo
3401 3542 3645 3603 accepto,
3680 3529 3831 3601 quod

2248 3651 2427 3706 fuerat
2478 3644 2857 3705 fabrefactum,
2910 3639 3142 3694 redeunt
3172 3634 3227 3686 in
3259 3631 3439 3684 vicum
3470 3626 3585 3681 sani
3619 3631 3678 3677 et
3711 3623 3829 3675 ala-

2251 3760 2371 3799 cres
2412 3760 2424 3794 :
2473 3740 2919 3800 aromatibusque
2951 3740 3003 3781 et
3039 3724 3313 3779 sullitibus
3339 3719 3479 3787 aptis
3511 3715 3576 3767 ad
3612 3713 3830 3765 sacrifi-

2253 3836 2421 3899 cium,
2463 3827 2831 3886 venerandam
2868 3825 3075 3877 douant
3124 3812 3432 3869 mulierem.
3474 3808 3547 3861 Et
3578 3803 3669 3899 illa
3706 3802 3834 3899 qui-

2251 3927 2370 3980 dem
2398 3895 2588 3979 rursus
2614 3921 2778 3981 viros,
2812 3924 3069 3983 tanquam
3106 3906 3205 3962 sibi
3242 3901 3555 3962 familiares,
3586 3895 3833 3967 jucunde

2253 4017 2470 4087 accipit.
2493 4016 2568 4068 Illi
2602 4020 2781 4066 autem
2820 4020 3005 4061 rursus
3024 4003 3089 4057 ab
3118 4015 3182 4055 ea
3218 4004 3435 4067 petunt,
3467 3989 3610 4063 quod
3646 3988 3827 4058 prius,

2252 4122 2311 4168 ut
2352 4109 2556 4166 scilicet
2587 4108 2637 4161 in
2663 4119 2817 4159 sacro
2847 4096 3154 4153 habitacqu
3189 4100 3356 4145 totam
3388 4096 3603 4139 noctem
3646 4092 3835 4135 trans-

2254 4208 2481 4274 igerent.
2548 4199 2639 4250 IIIa
2683 4210 2809 4247 vero
2859 4204 3047 4244 rursus
3093 4195 3309 4250 quoque
3359 4171 3831 4275 permitti-tuum"

2252 4272 2476 4351 omnino
2517 4286 2822 4356 suspicans.
2855 4280 2957 4345 Qui
2994 4272 3243 4346 ingressi,
3286 4282 3499 4323 summo
3548 4272 3671 4317 otio
3707 4272 3833 4315 ute-

2257 4392 2453 4443 bantur
2482 4380 2738 4455 precibus
2781 4375 2846 4430 ai
2879 4372 3228 4439 inculpatam,
3264 4373 3321 4419 et
3353 4362 3420 4415 ab
3451 4357 3601 4415 omni
3636 4370 3833 4425 repre—

2260 4481 2523 4535 hensione
2546 4476 2778 4528 alienam
2809 4467 2898 4521 Dei
2927 4464 3178 4527 Matrem,
3203 4473 3297 4512 eas
3330 4467 3583 4523 tanquam
3613 4460 3832 4505 sacram

2259 4572 2489 4627 hostiam
2520 4562 2771 4631 lacrymis
2802 4559 2999 4626 pingue
3032 4555 3292 4606 facientes
3321 4567 3334 4600 :
3363 4546 3479 4600 Non
3511 4546 3833 4613 ignoramus

2255 4676 2355 4716 nos
2386 4654 2527 4712 servi
2577 4651 2675 4717 tui,
2702 4648 2966 4707 dicentes,
3006 4657 3039 4696 ο
3072 4636 3430 4700 divinissima,
3462 4643 3517 4687 et
3554 4634 3606 4684 in
3636 4633 3836 4699 primis

2254 4750 2479 4809 illustris
2510 4745 2757 4806 Domina,
2794 4752 3039 4809 quamam
3089 4734 3215 4789 olim
3246 4728 3369 4785 Om:
3395 4726 3702 4783 evenerint,
3731 4725 3829 4790 qui

2254 4859 2418 4899 ausus
2445 4850 2525 4894 est
2550 4848 2765 4904 tangere
2791 4845 2992 4895 arcam,
3020 4843 3137 4896 quae
3159 4831 3276 4879 erat
3304 4820 3601 4877 secundum
3627 4818 3831 4889 legem.

2254 4932 2534 5003 Quomodo
2578 4944 2707 4999 ergo
2739 4940 2859 4988 nos,
2890 4923 2979 4991 qui
3011 4935 3201 4974 sumus
3227 4916 3413 4971 multis
3444 4911 3662 4967 obnoxii
3699 4925 3830 4979 pec-

2254 5002 2410 5092 catis,
2462 5036 2512 5080 te
2545 5038 2653 5077 non
2700 5020 2946 5089 jubente,
2982 5013 3097 5067 ausi
3143 5011 3404 5065 fuerimus
3425 5008 3660 5061 divinam
3682 5002 3828 5057 hanc

2252 5134 2431 5175 arcam
2476 5094 2698 5168 omnino
2745 5118 2989 5177 tangere,
3031 5105 3171 5158 intra
3215 5113 3377 5169 quam
3417 5106 3501 5151 est
3533 5093 3657 5148 talis
3710 5094 3831 5147 the-

2258 5225 2448 5267 saurus
2496 5205 2771 5276 repositus
2813 5208 2908 5254 :et
2958 5212 3067 5250 non
3098 5194 3272 5249 solum
3324 5200 3546 5257 tangere
3579 5184 3829 5255 profanis

2257 5304 2527 5364 manibus,
2563 5297 2657 5351 sed
2721 5294 2881 5347 ctiam
2928 5304 3048 5344 eam
3104 5286 3211 5340 alio
3246 5278 3580 5337 transferre?
3627 5281 3827 5331 Annue

2256 5410 2381 5465 ergo
2420 5388 2684 5445 voluntati
2730 5395 3042 5439 nostrarum
3093 5378 3417 5437 animarum,
3465 5388 3499 5427 o
3530 5372 3657 5424 boni
3700 5369 3821 5465 Filii

2256 5458 2396 5538 bo'na
2429 5479 2621 5533 Mater.
2658 5474 2737 5529 Ad
2788 5482 2935 5526 tuam
2974 5468 3119 5524 enim
3156 5465 3430 5520 civitatem
3476 5468 3560 5513 est
3592 5458 3825 5512 transla-

2257 5576 2356 5641 tio,
2381 5589 2499 5643 quae
2530 5578 2613 5626 est
2638 5568 2879 5622 omnium
2904 5563 3127 5617 aliarum
3156 5558 3381 5628 Ilegina,
3416 5562 3469 5606 ct
3500 5559 3552 5605 te
3609 5564 3825 5643 semper

2261 5641 2453 5740 magno
2502 5661 2681 5718 studio
2730 5658 2919 5713 statuit
2967 5654 3257 5708 honorare.
3308 5646 3383 5701 Ad
3417 5659 3537 5700 cam
3570 5658 3673 5698 nos
3723 5641 3825 5694 hoc
