3972 6456
149 416 249 476 565

1250 408 1719 469 ΜᾹΒΤΥΗΙΟΜ
1767 409 1827 469 S.
1874 410 2301 470 MAMANTIS.

3291 396 3397 456 566

148 527 389 581 divinum
427 523 633 578 donum
678 528 962 592 exportare
989 520 1301 583 statuimus,
1346 521 1410 575 ad
1442 522 1560 591 ejus
1598 528 1737 575 tute-
1764 520 1811 580 Α
1840 537 1967 575 num
1999 521 2341 593 mysterium,
2377 518 2479 573 fuit
2510 532 2726 586 semper
2770 529 2955 569 revera
2989 510 3327 583 mysterium.

152 623 255 673 Iam
283 626 339 671 et
370 616 626 684 gloriam,
680 630 801 685 qua:
837 629 1117 683 nunquam
1144 615 1540 685 exstinguatur.
1605 612 1729 667 llaec

152 720 261 765 tota
295 718 460 763 nocte
491 708 738 763 dicentes
783 707 835 760 in
865 707 1131 771 oratione,
1169 715 1223 759 et
1270 709 1443 761 salum
1478 707 1730 777 laerymis

151 797 602 861 ittadet'acientes,
648 803 871 863 repente
921 794 1213 862 implentur
1254 793 1471 856 ﬁducia,
1513 793 1728 857 ﬁtiilt'ia,

152 890 401 957 inquam.
434 892 845 954 contemperata
873 884 1205 937 reverentia.
1244 883 1443 936 Deinde
1477 884 1543 936 ad
1590 883 1730 936 divi-

153 996 275 1033 nam
305 978 573 1032 accedunt
602 991 804 1035 arcam,
828 976 986 1028 simul
1018 976 1135 1028 lmto
1163 985 1217 1028 et
1242 982 1503 1027 tremente
1525 974 1728 1035 animo,

152 1084 204 1126 et
248 1086 375 1124 cum
427 1084 641 1133 omnes,
694 1071 785 1137 qui
839 1068 947 1121 illic
992 1078 1170 1130 erant,
1214 1068 1453 1122 alliceret
1506 1083 1733 1122 somnus

157 1162 306 1215 nullo
341 1175 509 1213 sensu
539 1159 799 1228 przeditos
855 1160 909 1229 (o
939 1159 1125 1211 beatas
1174 1172 1387 1221 manus,
1425 1173 1456 1211 ο
1504 1158 1730 1220 furtum,

156 1252 207 1305 in
238 1250 383 1319 quod
409 1249 555 1303 nulla
596 1258 775 1318 potest
816 1248 1040 1301 omnino
1070 1248 1265 1301 cadere
1311 1248 1661 1317 reprehensio
1689 1248 1729 1314 !)

156 1343 298 1397 hanc
336 1341 618 1411 accipiunt
656 1342 738 1394 eis
777 1354 993 1409 qnoque
1028 1339 1256 1393 omnino
1302 1340 1403 1393 hac
1454 1340 1507 1393 in
1550 1355 1607 1394 re
1649 1339 1732 1393 fa-

159 1445 323 1487 vente
353 1434 547 1503 gratia.
584 1430 650 1484 Et
674 1446 795 1485 eam
825 1430 1044 1499 quidem
1077 1430 1155 1484 sic
1189 1431 1385 1484 tollunt
1416 1448 1427 1484 :
1453 1440 1734 1500 apponunt

160 1536 368 1587 autem,
412 1539 574 1594 quam
611 1522 1004 1593 Hierosolymis
1051 1521 1115 1575 ad
1145 1522 1265 1591 ejus
1318 1523 1732 1577 similitudinem

158 1616 409 1671 fabricati
452 1616 690 1679 fuerant,
722 1630 847 1669 cum
877 1615 929 1669 ei
956 1614 1120 1668 etiam
1154 1615 1541 1683 imposuissent
1572 1630 1736 1685 oper-

159 1709 365 1763 culum.
406 1708 562 1773 Quod
591 1708 811 1777 quidem
843 1718 959 1762 erat
989 1723 1243 1774 aureum,
1278 1716 1336 1761 ut
1368 1708 1627 1762 diximus.

230 1794 315 1850 LI.
377 1795 517 1850 Cum
579 1797 820 1863 primum
881 1801 1063 1847 autem
1132 1794 1422 1858 illuxisset,
1487 1807 1730 1849 sanctam

162 1889 448 1942 mulierem
484 1885 703 1953 quidem
733 1886 929 1953 jubent
965 1886 1165 1949 valere,
1198 1894 1251 1938 et
1317 1895 1505 1953 rogant
1537 1894 1593 1937 ut
1627 1900 1734 1938 non
1763 1869 1811 1928 Β

163 1986 341 2035 cesset
367 1991 469 2046 pro
502 1975 581 2029 eis
611 1990 791 2039 Orare,
822 1984 877 2028 et
902 1990 1091 2029 eorum
1126 1974 1304 2029 facere
1337 1990 1737 2028 commemora-

164 2071 394 2125 tionem.
449 2069 654 2123 Deinde
688 2068 739 2122 ei
778 2082 996 2137 quoque
1034 2067 1205 2136 digito
1244 2066 1541 2122 ostendunt
1578 2082 1738 2135 oper-

163 2162 369 2224 eulum,
396 2161 553 2231 quasi
580 2175 765 2215 veram
794 2160 939 2213 illam
972 2167 1177 2229 tegeret
1200 2170 1253 2213 et
1277 2160 1506 2229 primam
1537 2175 1739 2225 arcam,

164 2252 310 2320 quod
363 2250 580 2305 mulieri
634 2264 845 2319 quoque
902 2248 1076 2302 visum
1131 2258 1213 2303 est
1264 2246 1330 2302 ab
1380 2249 1484 2303 illis
1520 2250 1739 2305 allatum

166 2359 287 2397 esse
340 2342 565 2395 honoris
599 2341 796 2411 gratia.
828 2340 893 2396 Et
941 2356 1063 2395 cum
1100 2350 1356 2410 praeterea
1394 2341 1458 2395 iis
1483 2342 1575 2410 qui
1626 2342 1744 2397 fuc—

169 2446 292 2489 rant
386 2432 640 2497 inventi,
711 2433 1047 2501 pauperibus
1119 2434 1559 2501 suppeditasSent
1622 2450 1743 2503 quae

169 2537 322 2580 erant
380 2526 710 2584 necessaria,
745 2523 899 2576 valde
950 2525 1051 2576 lmti
1087 2524 1338 2591 protinus
1375 2525 1479 2576 iter
1511 2526 1741 2595 ingressi

169 2627 315 2679 sunt,
360 2619 583 2669 domum
636 2615 931 2669 reversuri.
985 2616 1277 2683 Postquam
1331 2625 1515 2671 autem
1558 2618 1741 2671 venis-

171 2722 291 2768 sent
346 2710 688 2782 Byzantium,
739 2726 848 2765 non
900 2711 1193 2765 honestum
1244 2726 1363 2765 esse
1410 2721 1737 2773 statuerunt,

172 2804 238 2859 iis
282 2803 379 2873 qui
421 2803 516 2857 illo
561 2814 809 2871 tempore
860 2811 1038 2867 erant,
1089 2802 1512 2871 imperatoribus
1543 2812 1743 2873 myste-

173 2898 310 2950 rium
359 2896 512 2964 prius
561 2895 990 2958 communicare,
1038 2908 1201 2962 quam
1258 2894 1603 2960 patriarchze.
1641 2893 1743 2949 Eos

171 2989 312 3042 enim
355 2986 573 3040 subibat
624 2986 806 3047 timor,
860 3001 927 3039 ne
960 2985 1104 3054 quod
1145 2984 1247 3054 ipsi
1289 3000 1447 3039 suum
1489 3001 1611 3040 esse
1651 2987 1745 3039 ho-

174 3094 301 3133 num
336 3086 667 3139 statuerant,
703 3092 769 3131 eo
812 3077 878 3131 ab
914 3078 1019 3131 illis
1050 3077 1419 3148 privarentur.
1453 3080 1584 3134 Cum
1617 3094 1745 3147 ergo

174 3170 341 3223 multa
410 3170 842 3232 consultassent,
905 3170 985 3224 eis
1054 3173 1169 3224 hzec
1229 3171 1342 3224 visa
1395 3180 1478 3224 est
1539 3172 1745 3239 optima

1906 613 2015 667 Lll.
2055 611 2325 678 Quoniam
2373 617 2553 664 autem
2588 609 2661 674 ei,
2692 623 2811 677 quze
2849 622 2944 677 per
2995 606 3173 675 ipsum
3230 593 3401 655 ho'no—

1832 705 2070 766 rabatur,
2127 712 2181 757 et
2233 704 2391 773 cujus
2442 710 2559 755 erat
2599 701 2686 755 ille
2746 699 2999 763 amictus,
3053 696 3232 749 visum
3297 703 3402 757 est,

1837 808 2044 853 tantum
2086 796 2291 850 bonum
2334 796 2399 850 ad
2442 796 2589 851 solos
2628 794 2769 849 duos
2821 799 2989 848 testes
3029 804 3140 843 non
3199 787 3407 843 debere

1834 890 2105 953 contrahi,
2156 897 2210 941 et
2274 898 2532 956 tanquam
2598 884 2872 955 profundo
2934 882 3116 951 aliquo
3183 879 3404 950 contegi

1834 981 2071 1043 silentio,
2113 989 2166 1033 et
2218 993 2536 1034 communes
2585 977 2803 1032 divitias
2855 988 2977 1029 esse
3033 986 3229 1027 eorum
3284 980 3408 1023 tan-

1838 1084 1951 1127 tum
2016 1073 2289 1143 preprias.
2347 1080 2402 1126 et
2468 1070 2745 1125 communi
2808 1067 2969 1138 epulo
3021 1080 3114 1120 eos
3149 1079 3209 1120 se
3266 1064 3411 1118 solos

1836 1166 2055 1234 explere
2090 1172 2309 1217 :movet
2351 1164 2499 1233 ipsos
2529 1163 2594 1217 ad
2647 1162 2700 1216 id
2739 1160 2886 1230 quod
2940 1166 3244 1217 tacuerant,
3283 1170 3412 1225 pres

1836 1258 2116 1312 ferendum
2154 1256 2206 1310 in
2241 1255 2410 1309 lucem
2446 1273 2459 1309 :
2491 1265 2544 1309 et
2589 1255 2930 1316 accedentes,
2969 1249 3301 1304 annuntiant
3335 1246 3403 1299 iis

1834 1350 1925 1419 qui
1980 1359 2108 1403 tunc
2155 1358 2331 1414 erant,
2373 1347 2819 1417 imperatoribus,
2864 1352 2918 1398 et
2954 1342 3211 1411 aperiunt
3250 1338 3412 1408 quale

1834 1444 1907 1499 sit
1931 1442 2277 1505 miraculum,
2300 1448 2355 1495 et
2379 1439 2659 1495 declarant
2678 1433 3140 1507 quemadmodum
3178 1432 3248 1485 sit
3280 1430 3416 1484 alla-

1838 1543 1970 1589 tum.
2013 1535 2119 1589 Eos
2174 1541 2378 1596 autem,
2413 1548 2537 1587 cum
2570 1529 2888 1590 audiissent,
2927 1541 3181 1595 magnum
3218 1519 3417 1576 invasit

1836 1627 2109 1698 gaudium.
2183 1634 2237 1681 et
2288 1624 2539 1694 protinus
2589 1622 2647 1677 ﬁt
2696 1618 2994 1691 publicum,
3044 1615 3186 1685 quod
3241 1614 3395 1668 [uera

1837 1722 2130 1779 occultum.
2168 1719 2232 1772 Et
2258 1716 2405 1772 beati
2437 1715 2654 1784 quidem
2687 1714 2826 1765 inter
2852 1724 3043 1765 omnes
3098 1713 3419 1777 reputautur

1838 1813 2063 1869 Galbius
2098 1820 2152 1865 et
2202 1806 2479 1863 Candidus
2523 1813 2746 1875 propter
2780 1801 2885 1855 tale
2936 1796 3329 1860 ministerium,
3365 1799 3421 1847 et

1843 1905 2075 1978 publicis
2111 1906 2453 1957 honorantur
2482 1897 2803 1953 honoribus.
2840 1894 3031 1948 Divina
3060 1899 3245 1944 autem
3278 1887 3421 1942 aedes

1843 1977 1898 2049 in
1949 2007 2016 2047 eo
2067 1992 2187 2044 loco
2241 1989 2403 2058 regiis
2446 1986 2710 2055 impensis
2773 1982 3014 2052 Deiparae
3068 1977 3420 2033 mdiﬁcatur:

1843 2095 1897 2140 et
1938 2097 2097 2153 capsa
2143 2098 2209 2136 ex
2256 2090 2479 2150 argento
2527 2088 2581 2133 et
2628 2092 2768 2132 auro
2799 2082 3135 2139 constructa,
3200 2084 3416 2127 sacrum

1842 2179 1993 2235 illum
2026 2177 2341 2231 thesaurum
2384 2173 2586 2240 excipit
2621 2189 2636 2223 :
2672 2169 2922 2241 plurimis
2955 2168 3078 2222 aliis
3106 2162 3423 2220 muneribus

1846 2282 1901 2327 et
1950 2268 2107 2325 donis
2157 2266 2351 2321 domus
2395 2263 2716 2317 honoratur.
2768 2259 2880 2313 Leo
2935 2273 3064 2312 vero
3116 2265 3171 2311 et
3223 2252 3423 2307 Verina

1849 2363 1922 2433 (ii
1959 2360 2103 2415 enim
2143 2368 2273 2412 tunc
2322 2351 2680 2423 imperabant;
2738 2363 2970 2420 quorum
3022 2354 3270 2415 tempore
3320 2341 3425 2395 hoc

1844 2469 2061 2527 quoque
2084 2464 2356 2520 .maguum
2381 2458 2436 2501 ct
2466 2444 2742 2499 revelatur
2772 2440 3111 2512 mysterium,
3139 2447 3192 2490 et
3218 2436 3284 2489 ad
3337 2449 3425 2485 re-

1846 2526 1986 2618 giam
2040 2544 2227 2597 urbem
2255 2537 2610 2608 exportatur)
2634 2549 2757 2589 cum
2788 2533 3012 2601 pulchre
3036 2538 3090 2582 et
3116 2527 3205 2598 pie
3249 2526 3426 2603 impef-

1843 2644 2072 2699 rassent,
2093 2632 2379 2687 etCalbius
2406 2640 2459 2683 et
2481 2628 2773 2690 Candidus,
2796 2624 2886 2693 qui
2926 2622 3028 2677 hoc
3066 2619 3425 2675 ministerium

1846 2725 2218 2799 pulcherrime
2269 2720 2549 2783 obierunt,
2624 2714 3032 2773 transferuntur
3122 2718 3310 2779 postea
3360 2706 3427 2760 ad

1848 2817 2113 2876 senectuti
2145 2831 2254 2869 non
2284 2812 2576 2868 obnoxiam
2619 2810 2741 2863 vita:
2774 2804 3167 2862 conditionem.

1922 2912 2054 2964 Llll.
2100 2910 2236 2961 Cum
2273 2922 2403 2971 ergo
2437 2906 2549 2957 lucc
2584 2917 2737 2955 sacra
2771 2915 2897 2953 arca
2938 2896 3094 2950 nobis
3122 2891 3425 2953 contineat,

1850 3016 1955 3057 non
2011 2998 2271 3067 quasdam
2314 2994 2545 3055 tabulas,
2588 3008 2751 3046 manu
2786 2990 3018 3044 Mosaica
3064 2987 3276 3056 politas,
3332 2982 3426 3037 sed

1850 3100 2055 3145 vestem
2110 3088 2270 3157 plane
2325 3084 2588 3147 divinam,
2651 3093 2707 3137 et
2764 3094 2978 3137 summe
3035 3074 3426 3137 venerandam,

1853 3195 1973 3249 quze
2015 3193 2123 3232 non
2189 3176 2367 3230 solum
2429 3176 2816 3229 intemeratum
2874 3178 2928 3226 et
2981 3171 3048 3224 ab
3099 3166 3249 3223 omni
3308 3164 3430 3217 labe

174 3262 469 3324 sententia,
526 3261 758 3313 latenter
818 3276 913 3314 eos
944 3262 1010 3314 ad
1067 3262 1170 3315 hoc
1220 3277 1439 3331 quoque
1493 3232 1821 3318 monenteC
1855 3272 2097 3322 alienum
2152 3282 2351 3333 corpus
2407 3266 2562 3325 texit,
2625 3263 2719 3316 sed
2774 3263 2827 3314 iu
2882 3276 2985 3329 qua
3025 3262 3120 3329 (ut
3173 3256 3429 3311 audacter

175 3351 425 3421 Deipara.
464 3351 598 3405 Erat
645 3352 726 3406 eis
776 3352 1039 3422 prtedium
1082 3353 1225 3422 apud
1264 3369 1451 3409 muros
1494 3355 1750 3419 civitatis,

175 3448 542 3519 prepinquum
586 3447 781 3500 marini
833 3448 987 3502 sinus
1035 3448 1225 3503 cornui
1259 3449 1411 3515 (huic
1472 3450 1592 3503 loco
1657 3466 1754 3502 no-

179 3556 297 3594 men
354 3548 476 3592 erat
532 3537 935 3599 Blacchernae).
972 3536 1027 3589 lu
1069 3552 1136 3589 eo
1190 3546 1484 3590 exstruunt
1533 3540 1750 3606 quidem

178 3631 397 3684 domum
445 3628 765 3681 oraturiam.
804 3627 939 3681 Cum
991 3636 1173 3683 autem
1223 3629 1304 3681 eis
1356 3644 1565 3699 magna:
1608 3640 1755 3685 esset

180 3737 318 3777 cura:
355 3731 416 3776 ut
443 3720 719 3791 |laterent,
766 3721 912 3777 Petri
959 3723 1332 3791 apostolorum
1398 3723 1661 3794 principis
1702 3733 1757 3779 et

182 3815 338 3872 Ilarci
376 3814 603 3870 domum
642 3814 952 3868 nominant.
994 3814 1128 3868 Cum
1170 3816 1223 3868 in
1259 3830 1325 3869 eo
1360 3824 1506 3869 certe
1541 3832 1755 3871 sacrum

184 3909 327 3963 illum
361 3909 682 3961 thesaurum
718 3907 1051 3976 posuissent,
1094 3921 1260 3960 omne
1290 3906 1470 3959 statim
1517 3909 1755 3962 studium

181 4000 568 4061 adhibuerunt,
591 4007 652 4050 ut
672 3997 726 4051 in
750 3999 952 4067 templo
978 4009 1124 4052 esset
1150 4008 1412 4068 perpetua
1438 4000 1754 4071 hymnodia,

179 4098 477 4159 perpetuus
511 4087 649 4144 odor
686 4099 1013 4155 aromatum,
1068 4098 1124 4145 et
1188 4091 1443 4147 assiduus
1496 4092 1754 4159 splendor

180 4180 466 4237 luminum.
506 4180 573 4237 Et
600 4182 679 4237 sic
715 4184 934 4252 quidem
981 4182 1141 4253 longo
1195 4192 1438 4263 tempore
1477 4183 1581 4236 hoc
1614 4184 1754 4237 divi-

1855 3360 2069 3430 dicam)
2111 3374 2235 3411 cum
2278 3368 2424 3411 esset
2459 3356 2660 3420 infans,
2698 3354 2841 3407 Deus
2877 3350 3113 3406 Verbum
3147 3350 3247 3404 fuit
3278 3348 3430 3402 invo-

1857 3456 2006 3513 lutus
2044 3461 2103 3506 et
2142 3458 2335 3504 auctus
2366 3465 2380 3502 :
2412 3448 2550 3502 adeo
2602 3454 2661 3499 ut
2704 3459 2771 3498 ea
2824 3458 2966 3512 sape
3018 3452 3311 3509 conspersa
3361 3437 3431 3491 sit

1856 3546 2021 3617 guttis
2061 3543 2218 3597 lactis
2265 3540 2612 3602 venerabilis,
2661 3552 2769 3607 quo
2810 3534 3048 3589 nutritus
3100 3532 3200 3585 fuit
3263 3530 3309 3583 is
3342 3528 3431 3595 qui

1857 3647 1940 3692 est
1982 3637 2226 3691 onmium
2272 3632 2594 3685 alimentum
2642 3641 2698 3683 et
2752 3630 2890 3694 vita;
2932 3627 2999 3682 ad
3042 3642 3159 3681 eam
3208 3623 3431 3693 quidem

1855 3745 1985 3784 \cre
2020 3725 2343 3781 laudandam
2392 3724 2542 3778 nulla
2599 3721 2799 3777 sutheit
2844 3720 3041 3775 oratio.
3077 3717 3203 3772 Sola
3248 3724 3429 3769 autem

1856 3820 2151 3890 gratiarum
2204 3815 2422 3869 actione
2486 3830 2574 3867 res
2623 3822 2704 3868 est
2763 3809 3167 3883 prosequenda,
3220 3817 3274 3861 et
3329 3803 3429 3874 ipsi

1856 3909 2101 3981 Deipara:
2149 3915 2278 3962 sunt
2310 3905 2532 3976 agenda:
2588 3904 2794 3975 gratiae,
2832 3913 2887 3957 et
2932 3903 3052 3971 ejus
3106 3898 3243 3953 Filio
3280 3912 3430 3951 com-

1855 4003 2008 4058 muni
2058 4001 2323 4055 Salvatori
2376 4009 2431 4053 et
2484 3999 2639 4068 Regi,
2695 3995 2785 4066 qui
2836 3994 3021 4048 omnia
3070 3993 3136 4045 ad
3191 4000 3430 4044 nostram

1860 4094 2149 4147 utilitatem
2180 4100 2236 4145 et
2271 4091 2500 4144 salutem
2528 4089 2835 4157 dispensat.
2871 4084 2931 4138 Ei
2964 4084 3129 4155 gloria
3164 4092 3223 4136 et
3244 4090 3435 4149 poten-

1864 4186 1935 4237 tia
1962 4198 2109 4238 nunc
2136 4192 2189 4237 et
2214 4197 2448 4251 semper,
2479 4190 2532 4235 et
2561 4180 2613 4233 iu
2639 4180 2834 4233 sacula
2865 4177 3207 4231 seculorum.
3236 4174 3427 4226 Amen.

204 4449 3426 4483 ﬂ

205 4474 3423 4500 Μ
2618 4474 3021 4477 -ψ

1377 4641 2257 4757 MARTYRIUM

536 4894 695 5049 S.
842 4888 1846 5050 MARTYRIS
1999 4892 2680 5047 MAMAN
2695 4889 3054 5045 TIS.

670 5163 868 5223 (Latine
894 5167 1023 5229 apud
1049 5165 1248 5217 Surium
1283 5170 1340 5217 ad
1374 5170 1505 5218 diem
1534 5169 1585 5217 l7
1616 5169 1843 5228 Augusti.
1876 5193 1935 5201 ——
1969 5165 2131 5213 συνέρρει
2161 5178 2253 5212 non
2291 5166 2549 5209 occurrunl
2591 5160 2633 5207 in
2659 5174 2757 5206 mss
2807 5162 2956 5207 Paris.

246 5497 288 5553 l.
320 5494 545 5565 Marnas,
568 5512 798 5567 magnus
823 5508 877 5553 et
914 5498 1143 5571 insignis
1174 5509 1378 5572 martyr
1398 5501 1618 5562 Christi,
1664 5517 1761 5570 pa-
1791 5502 1833 5556 D
1864 5503 1969 5555 orti
1997 5507 2179 5554 essent
2218 5513 2282 5552 ex
2365 5497 2624 5566 patriciis,
2646 5507 2701 5550 et
2730 5495 2821 5565 qui
2859 5508 2963 5546 non
3000 5490 3172 5546 solum
3211 5491 3262 5544 in
3298 5490 3438 5555 ﬁliis,

186 5594 337 5645 triam
381 5588 604 5657 quidem
641 5590 833 5644 habuit
885 5590 1309 5663 Paphlagoniam
1366 5602 1527 5648 :erat
1572 5602 1753 5647 autem

185 5683 353 5737 clarus
406 5690 461 5735 et
529 5680 731 5749 pietate
768 5692 822 5737 et
877 5698 1093 5753 genere.
1120 5685 1253 5738 Nam
1297 5693 1409 5739 erat
1457 5683 1503 5737 ei
1537 5685 1754 5753 quidem

186 5785 328 5840 pater
361 5772 701 5833 Theodotus.
726 5784 896 5829 mater
922 5790 1048 5829 vero
1087 5775 1320 5839 Rullina,
1344 5776 1602 5845 religione
1634 5777 1755 5845 qui-

186 5864 296 5921 dem
359 5868 521 5921 ambo
585 5863 788 5931 ﬁdeles,
831 5882 1025 5935 genere
1058 5880 1235 5924 autem
1281 5869 1537 5938 insignes,
1565 5880 1625 5923 ur
1664 5871 1752 5938 qui

1865 5591 1956 5645 sed
1992 5588 2155 5643 etiam
2198 5589 2251 5641 in
2280 5586 2533 5640 omnibus
2556 5586 2645 5655 qui
2680 5593 2834 5638 erant
2858 5582 2939 5640 sui
2971 5581 3435 5653 generis,conser-

1868 5692 2060 5737 vareut
2128 5678 2579 5737 nobilitatem.Hi.
2603 5692 2724 5730 cum
2756 5686 2899 5730 esset
2932 5676 3218 5728 vehemens
3250 5688 3438 5728 eorum

1864 5789 2015 5828 amor
2050 5775 2100 5827 iu
2128 5772 2423 5836 Christum,
2445 5781 2498 5823 et
2529 5786 2627 5824 nec
2661 5780 2881 5838 possent
2912 5768 3128 5836 quidem
3166 5766 3437 5819 internum

1862 5869 2141 5925 continere
2172 5865 2497 5922 desiderium
2538 5864 2677 5920 :sed
2733 5873 2784 5917 et
2840 5863 3008 5917 libere
3054 5858 3439 5929 proﬁterentur
