3970 6436
546 373 649 438 567

1786 373 2070 434 MENSIS
2111 370 2535 438 AUGUSTUS.

3678 377 3780 437 558

549 486 821 556 pietatem,
852 490 907 541 et
956 484 1153 541 mullos
1181 484 1248 540 ad
1300 498 1417 540 eam
1439 483 1757 549 excitarent,
1796 494 2118 540 accusantur
2148 487 2194 543 Α
2224 486 2457 552 Ruﬂina,
2484 493 2561 552 et,
2595 486 2703 542 voti
2741 485 2881 543 facta
2937 503 3181 558 compos,
3227 490 3453 559 perinde
3492 508 3555 543 ac
3600 508 3787 560 preces

552 577 696 644 apud
743 577 1128 642 Alexandrum,
1164 578 1256 646 qui
1304 586 1431 632 tunc
1456 587 1573 632 erat
1610 586 1815 647 tegatus
1880 576 2112 631 civitatis

549 668 798 740 Gangra,
818 678 871 724 et
901 670 987 724 cui
1029 668 1334 723 mandatum
1388 667 1644 722 fueratab
1674 668 2022 737 imperatore,
2054 676 2112 721 ut

546 761 769 816 deorum
801 761 1018 830 quidem
1044 762 1249 814 cultum
1279 760 1426 814 omni
1458 760 1637 814 studio
1667 770 1888 830 augeret
1920 770 1975 814 et
2024 775 2117 814 ex-

550 854 765 907 tolleret
800 870 812 905 :
847 853 938 920 qui
968 853 1347 907 invenirentur
1379 862 1579 917 autem,
1599 850 1941 907 Christianos
1970 853 2112 905 mul-

550 944 619 996 tis
652 943 947 1012 subjiceret
1002 942 1461 1012 suppliciis.Quod
1496 944 1539 995 si
1576 943 1630 995 in
1662 958 1760 997 sua
1793 957 2109 1013 persevera-

546 1043 670 1088 rent
724 1034 1004 1104 religione,
1037 1034 1197 1089 etiam
1233 1036 1393 1089 morti
1435 1034 1690 1088 traderet.

622 1171 685 1225 ll.
724 1170 1026 1226 Alexander
1059 1185 1186 1243 ergo
1220 1172 1461 1227 divinum
1500 1173 1866 1238 Theodotum,
1914 1172 2117 1243 produ-

549 1273 698 1317 ctum
729 1274 853 1318 ante
897 1281 1055 1320 suum
1107 1266 1596 1336 tribunal,cogebat
1623 1266 1923 1321 sacrificare
1950 1267 2109 1320 simu-

545 1351 727 1408 lacris.
757 1352 863 1409 Sed
901 1355 989 1409 ille
1033 1371 1102 1411 ne
1127 1371 1317 1411 aurem
1349 1358 1567 1426 quidem
1598 1357 1868 1427 prmbebat
1903 1358 1966 1415 iis
1999 1375 2118 1429 qua:

548 1445 893 1501 dicebantur.
913 1446 1143 1518 Legatus
1172 1457 1378 1515 autem,
1408 1465 1529 1505 eum
1566 1459 1709 1505 esset
1741 1463 1960 1520 paratus
1992 1470 2117 1507 eum

546 1538 762 1607 punire,
806 1540 1197 1610 prohibebatur
1257 1556 1288 1595 a
1336 1541 1594 1612 dignitate
1641 1554 1953 1613 parentum.
1998 1544 2117 1600 Non

547 1632 691 1685 enim
728 1632 777 1686 ei
806 1632 1220 1702 permittebatur
1243 1634 1565 1689 contumelia
1585 1635 1798 1692 allicere
1822 1638 1965 1693 filios
2019 1654 2117 1706 pa-

548 1722 847 1788 triciorum,
877 1724 979 1778 nisi
1032 1722 1321 1795 imperator
1344 1727 1699 1796 permitteret.
1719 1725 1854 1781 Eum
1941 1727 2121 1797 itaque

548 1815 715 1868 mittit
746 1814 801 1869 in
853 1815 1202 1888 Cappadocia:
1234 1819 1535 1874 Caesaream
1558 1819 1621 1872 ad
1656 1815 1913 1872 Faustum
1975 1835 2116 1889 pne-
2145 1812 2192 1872 B

547 1907 739 1960 sidem.
770 1908 859 1962 Ille
878 1911 1186 1979 autem,qui
1216 1925 1322 1980 quo
1352 1918 1470 1964 erat
1503 1910 1554 1963 in
1588 1910 1866 1980 impietate
1916 1912 2118 1966 arden-

549 1998 674 2059 tior.
712 2013 777 2053 eo
831 2008 947 2053 erat
1000 2002 1209 2065 saevior,
1242 2017 1377 2056 ecum
1426 2004 1727 2073 accepisset
1750 2002 2115 2070 Theodotum,

548 2104 671 2143 eum
702 2091 881 2145 statim
912 2091 1143 2161 conjecit
1199 2093 1251 2148 in
1276 2108 1561 2147 carcerem.
1596 2092 1724 2164 Ejus
1759 2111 1885 2149 vero
1922 2096 2119 2165 conjux

548 2180 651 2233 etsi
726 2190 865 2235 esset
920 2184 1137 2253 gravida
1172 2223 1187 2249 ,
1238 2185 1488 2238 maritum
1552 2195 1728 2241 tamen
1784 2198 1865 2241 est
1914 2192 2119 2251 secuta,

547 2280 602 2325 et
634 2283 756 2326 cum
804 2273 1083 2344 Theodoto
1114 2276 1446 2347 ingrediente
1492 2291 1791 2341 carcerem,
1844 2295 1949 2332 una
1978 2296 2114 2350 quo.

549 2379 656 2434 que
695 2375 777 2420 est
826 2367 1317 2437 ingressalntcrim
1350 2378 1530 2421 autem
1583 2368 1712 2421 dum
1743 2370 1902 2423 simul
1958 2374 2120 2443 dege-

548 2466 695 2522 rent,
740 2456 1051 2513 Theodotus
1085 2469 1139 2514 et
1188 2460 1367 2515 sciens
1394 2461 1572 2516 carnis
1600 2462 2044 2529 imbecillitatem,
2068 2476 2121 2520 et

550 2562 661 2601 non
728 2549 979 2617 ignorans
1019 2552 1232 2622 tyranni
1288 2552 1573 2612 saevitiam,
1623 2554 1810 2607 statuit
1838 2556 1900 2608 ad
1950 2556 2118 2610 Deum

550 2640 840 2710 confugere
872 2658 887 2696 :
912 2657 1069 2711 quem
1099 2643 1516 2711 precabatur,ut
1539 2645 1652 2712 ipse
1677 2647 1853 2713 potius
1884 2662 2122 2702 morere-

551 2738 639 2783 tur
688 2746 810 2784 cum
872 2747 1071 2797 uxore,
1120 2747 1280 2801 quam
1342 2733 1543 2802 aliquid
1600 2734 1866 2789 accideret
1934 2751 2119 2790 eorum

549 2830 737 2875 mente
824 2822 1126 2892 indignum,
1209 2824 1336 2877 dum
1398 2841 1504 2879 non
1574 2835 1795 2895 possent
1852 2828 2123 2883 sustinete

550 2916 951 2969 vehementiam
1006 2917 1420 2985 suppliciorum.
1464 2918 1628 2970 Deum
1667 2921 1845 2988 itaque
1878 2922 2119 2991 rogabat,

549 3003 783 3058 dicens:
830 3004 1055 3059 Domine
1114 3005 1256 3062 Deus
1313 3007 1596 3069 virtutum,
1648 3009 1826 3062 dilecti
1879 3008 1997 3063 Filii
2048 3012 2121 3063 tui

550 3091 731 3159 Pater,
790 3095 883 3149 tibi
944 3096 1226 3158 benedieo,
1286 3108 1338 3151 et
1366 3108 1414 3151 te
1468 3098 1727 3167 giorifico,
1781 3101 1924 3170 quod
1958 3102 2039 3154 vel
2074 3104 2123 3155 in

550 3202 768 3242 carcere
797 3187 1038 3244 habitare
1065 3200 1283 3261 propter
1315 3208 1510 3245 nomen
1559 3201 1708 3247 tuum
1762 3210 1879 3249 sum
1927 3195 2126 3254 conda-

551 3290 787 3336 mnatus.
806 3280 908 3337 Sed
931 3292 980 3335 te
1000 3298 1148 3352 rogo,
1178 3284 1421 3345 Domine,
1461 3286 1675 3353 suscipe
1694 3286 1928 3338 animam
1950 3301 2121 3341 meam

551 3372 606 3424 in
657 3370 740 3425 his
803 3372 1179 3437 vinculis,qui
1230 3388 1401 3427 meam
1462 3376 1601 3429 nosti
1656 3375 2077 3430 imbecillitatem
2112 3416 2124 3439 ,

550 3478 620 3518 ne
662 3462 951 3532 aliquando
1001 3464 1053 3516 in
1090 3478 1173 3518 me
1225 3465 1485 3536 glorietur
1529 3468 1805 3525 inimicus.
1854 3468 1977 3535 Haec
1999 3484 2127 3539 ergo

553 3558 600 3613 is
652 3564 739 3614 est
781 3568 1056 3626 precatus.
1101 3556 1203 3622 Qui
1245 3575 1374 3613 vero
1412 3560 1564 3612 finxit
1607 3560 1921 3629 singulatim
1963 3565 2124 3617 corda

552 3656 756 3713 nostra,
784 3625 884 3718 qui
932 3648 1184 3719 intelligit
1243 3648 1427 3702 omnia
1492 3662 1654 3718 opera
1696 3625 1901 3712 nost‘ra,
1943 3660 2128 3704 mente

552 3747 678 3795 ante
709 3754 875 3810 Opera
900 3748 1169 3808 suscepta,
1190 3751 1309 3809 post
1330 3743 1489 3795 linem
1525 3740 1801 3803 oratibnis,
1822 3741 1868 3795 ei
1896 3752 2123 3797 mortem

554 3830 709 3887 alIert
726 3831 1001 3901 evestigio.
1018 3830 1118 3901 Atq
1128 3847 1190 3885 uc
1208 3833 1284 3885 sic
1300 3832 1517 3902 quidem
1542 3836 1771 3903 excessit
1790 3834 2123 3904 Theodotus,

556 3930 1030 3991 corporemortuo
1060 3920 1249 3976 relicto
1284 3924 1337 3975 in
1372 3922 1639 3977 custodia.

625 4054 710 4110 ΙΙΙ.
778 4056 986 4126 Conjux
1042 4064 1221 4110 autem
1272 4056 1389 4125 ejus
1474 4055 1720 4119 Rullina,
1758 4074 1865 4113 non
1934 4059 2125 4115 ferens

560 4148 911 4204 alllictionem
942 4148 1199 4209 carceris,
1220 4164 1342 4203 eum
1370 4150 1483 4219 Ipsa
1508 4165 1722 4219 quoque
1746 4150 2127 4219 intempestive

558 4240 859 4311 peperisset
897 4240 1091 4301 filiuni,
1129 4249 1314 4311 utpote
1363 4242 1505 4310 quod
1557 4258 1744 4312 magna
1787 4241 1871 4295 illa
1910 4240 2127 4295 afllictio

557 4332 927 4397 effecisset,ut
952 4340 1168 4401 pareret
1201 4342 1393 4400 praeter
1416 4340 1686 4397 naturam,
1730 4332 2130 4388 distrahebatur

559 4424 742 4477 multis
774 4438 839 4478 ac
871 4424 1034 4478 variis
1064 4423 1227 4476 animi
1256 4425 1778 4493 perturbationibus.
1830 4428 1956 4480 Eam
2002 4442 2123 4499 gra-

559 4514 696 4568 viter
753 4514 982 4585 angebat
1026 4530 1172 4568 mors
1217 4515 1421 4581 mariti,
1448 4516 1764 4583 premebant
1802 4519 2129 4586 gravissimae

558 4608 627 4660 de
675 4606 881 4660 infante
968 4606 1387 4669 sollicitudines,
1423 4618 1481 4661 et
1538 4608 1783 4676 pmsidis
1839 4608 2131 4663 crudelitas

561 4696 830 4754 efﬁciebat
858 4706 917 4750 ut
964 4709 1207 4752 extrema
1244 4702 1457 4754 timeret
1480 4709 1533 4753 et
1558 4700 2037 4766 contremisceret;
2077 4710 2131 4755 et

562 4799 742 4842 tamen
802 4804 833 4843 a
870 4786 1020 4841 nullo
1051 4787 1247 4841 horum
1295 4790 1631 4854 vincebatur,
1655 4790 1747 4843 sed
1786 4789 1892 4842 Deo
1914 4792 2129 4858 quidem

561 4883 827 4937 infantem
908 4883 1259 4938 commendat
1311 4892 1365 4938 et
1423 4886 1673 4947 dedicat;
1773 4886 1885 4954 ipsa
1950 4896 2131 4939 autem

562 4978 809 5033 assidens
832 4977 1014 5032 mariti
1048 4979 1314 5046 reliquiis,
1337 4988 1391 5034 ct
1422 4979 1614 5048 partim
1643 4982 1862 5047 quidem
1912 4980 2134 5034 misera-

564 5066 745 5124 biliter
775 5068 979 5128 deflens
1011 5067 1379 5132 solitudinem,
1411 5071 1607 5139 partim
1645 5078 1828 5124 autem
1871 5084 1978 5123 non
2013 5086 2135 5124 sus-

564 5158 986 5231 tinens‘conjugi
1021 5162 1263 5217 relictam
1295 5176 1417 5218 esse
1453 5164 1829 5230 superstitem,
1858 5162 1914 5217 in
1960 5164 2130 5232 lacry-
2161 5184 2168 5189 ·

566 5253 672 5307 mis
747 5260 802 5307 et
847 5251 1101 5324 suspiriis
1152 5253 1267 5308 haec
1316 5252 1532 5308 diccbat
1580 5252 1730 5306 Deo:
1774 5253 1876 5319 Qui
1933 5252 2132 5307 tinxisti

568 5346 865 5409 hominem,
890 5357 939 5401 et
1002 5360 1068 5399 ex
1100 5344 1221 5413 ejus
1263 5346 1427 5401 latere
1485 5346 1649 5403 Evam
1721 5362 1779 5400 es
1812 5346 2132 5409 fabricatus,

568 5439 807 5495 concede
857 5445 911 5493 ut
947 5453 1045 5507 ego
1083 5452 1299 5509 quoque
1340 5440 1527 5493 eadem
1572 5441 1653 5493 via
1704 5439 1981 5507 ingrediar
2029 5452 2133 5506 qua

570 5530 796 5585 maritus
821 5538 876 5585 et
913 5528 1136 5584 liberata
1163 5530 1231 5586 ab
1280 5530 1364 5583 bis
1410 5532 1570 5583 rebus
1608 5530 1827 5585 caducis
1860 5541 1913 5583 et
1951 5530 2135 5595 ﬂuxis,

573 5632 845 5680 transeam
886 5624 952 5680 ad
989 5638 1052 5681 ea
1086 5639 1206 5693 qua:
1254 5634 1381 5679 sunt
1427 5623 1571 5694 apud
1619 5634 1670 5677 te
1701 5626 2047 5679 tabernacula
2082 5633 2143 5677 et.

575 5718 907 5782 mansiones,
988 5732 1107 5789 qua!
1190 5728 1316 5772 sunt
1389 5727 1605 5773 azternze
1694 5726 1749 5770 et
1864 5720 1917 5773 in
2004 5732 2137 5789 quas

576 5824 682 5865 non
760 5810 903 5865 cadit
970 5810 1237 5867 interitus.
1298 5809 1421 5865 Hac
1511 5812 1675 5866 Deum
1752 5819 1965 5881 precata
2052 5826 2129 5867 est

2218 594 2579 649 consequens,
2609 580 2723 649 ipsa
2748 594 2965 649 quoque
2999 581 3233 637 decedit.

2288 670 2377 725 iV.
2416 670 2490 725 Ea
2520 686 2653 741 ergo
2694 671 2923 724 beatum
2972 669 3104 725 illud
3157 672 3221 725 ad
3252 671 3420 727 Deum
3456 672 3563 727 iter
3604 673 3789 741 ingreo

2219 764 2425 828 diente,
2458 762 2605 817 solus
2645 761 2824 819 infans
2860 762 3071 832 jaccbat
3113 764 3268 817 vivus
3310 765 3453 818 inter
3490 776 3784 833 parentum

2218 856 2496 925 reliquias.
2536 855 2794 909 Protinus
2828 866 3011 909 autem
3054 856 3300 925 quaedam
3335 856 3514 908 divina
3564 856 3705 908 visio
3736 856 3785 907 in

2218 947 2407 1002 habitu
2440 955 2493 1002 et
2514 947 2683 1018 ligura
2718 947 3103 1009 adolescentis,
3149 956 3374 1017 apparet
3417 947 3636 1000 cuidam
3674 934 3794 998 mn-

2218 1040 2337 1093 lieri
2374 1040 2530 1095 clara:
2562 1048 2613 1093 et
2642 1054 2840 1109 genere
2871 1048 2926 1094 et
2960 1040 3173 1109 opibus,
3198 1054 3373 1107 neque
3403 1037 3586 1091 minus
3616 1038 3791 1107 pieta-

2223 1142 2273 1185 te
2318 1147 2380 1185 ac
2429 1132 2710 1200 religione,
2765 1132 3061 1186 vocabatur
3108 1140 3287 1184 autem
3330 1130 3542 1184 Ammia
3598 1138 3701 1182 :et
3741 1129 3791 1181 ei

2216 1224 2390 1294 jubet,
2412 1233 2471 1278 ut
2502 1234 2647 1293 petat
2671 1224 2886 1293 quidem
2915 1239 2944 1277 a
2976 1224 3201 1293 praeside
3227 1236 3452 1290 corpora
3474 1230 3793 1277 sanctorum

2220 1316 2311 1385 qui
2345 1316 2685 1370 dormierunt
2715 1316 2768 1368 in
2798 1328 3016 1369 carcere
3062 1331 3076 1368 :
3110 1314 3258 1371 tollat
3291 1322 3471 1367 autem
3522 1310 3791 1365 infantem

2221 1419 2461 1475 quoque,
2505 1404 2597 1474 qui
2640 1405 2781 1474 jacet
2825 1405 2966 1458 inter
3013 1418 3127 1469 eos,
3159 1413 3215 1459 et
3244 1418 3368 1457 eum
3416 1401 3521 1456 sibi
3568 1401 3796 1469 adeptet

2221 1497 2276 1550 in
2328 1497 2498 1551 filium
2524 1535 2538 1559 ,
2561 1505 2616 1550 et
2652 1511 2898 1565 magnam
2927 1496 3049 1563 ejus
3082 1509 3271 1549 curam
3314 1504 3485 1564 gerat.
3530 1492 3621 1546 Illa
3658 1507 3795 1546 vero

2222 1587 2461 1655 (carebat
2492 1588 2635 1642 enim
2672 1587 2879 1651 liberis,
2906 1596 2957 1640 et
2992 1592 3109 1641 erat
3135 1584 3532 1651 vidua)sieutei
3568 1582 3798 1635 manda-

2222 1678 2300 1732 vit
2346 1680 2646 1741 somnium,
2689 1678 2754 1730 ad
2800 1676 3085 1745 praesidem
3123 1675 3231 1731 cito
3277 1675 3564 1735 accedens,
3604 1673 3803 1726 habuit

2222 1784 2347 1823 eum
2393 1768 2553 1824 facile
2591 1781 2923 1823 annuentem
2975 1768 3095 1838 ejus
3140 1767 3413 1837 petitioni.
3479 1766 3614 1821 Nam
3661 1780 3794 1818 eum

2221 1876 2437 1931 quoque
2468 1875 2672 1914 morem
2705 1870 2979 1930 gerentem
3014 1860 3190 1916 effecit
3221 1860 3399 1915 divina
3435 1857 3628 1929 gratia.
3672 1856 3800 1910 Sta-

2224 1956 2319 2005 tim
2391 1953 2537 2007 enim
2588 1952 2840 2013 reddidit,
2898 1968 3017 2020 qua:
3071 1953 3295 2005 Ammizn
3355 1952 3506 2020 jussa
3553 1951 3795 2003 fuerant.

2220 2044 2583 2109 Quamobrem
2648 2058 2771 2098 cum
2831 2053 2885 2097 et
2912 2052 3224 2096 sanctorum
3274 2057 3498 2112 corpora
3522 2052 3579 2095 et
3610 2041 3795 2093 infan-

2223 2148 2331 2192 tem
2381 2145 2747 2206 exportassct,
2796 2136 2885 2188 illa
2932 2135 3151 2202 quidem
3200 2133 3486 2203 splendide
3535 2134 3699 2187 simul
3733 2144 3791 2187 et

2223 2229 2503 2299 magniﬁce
2542 2230 2593 2283 in
2623 2244 2720 2282 suo
2743 2227 2898 2282 horto
2926 2227 3115 2297 sepelit
3144 2247 3156 2282 :
3191 2225 3450 2280 infantem
3484 2234 3663 2279 autem
3688 2225 3805 2279 sibi

2223 2319 2416 2377 educat
2460 2320 2512 2373 in
2560 2320 2751 2381 filium,
2794 2329 2849 2373 et
2900 2334 3003 2371 non
3036 2332 3213 2381 secus,
3241 2326 3401 2384 atque
3428 2316 3469 2369 si
3516 2317 3631 2383 ipsa
3664 2330 3796 2369 eum

2223 2411 2528 2483 peperisset
2571 2426 2695 2464 eum
2743 2408 2916 2463 alebat
2993 2417 3046 2463 et
3098 2404 3401 2465 erudiebat.
3450 2415 3613 2474 atque
3656 2406 3804 2458 adeo

2222 2508 2507 2572 majorem,
2534 2519 2695 2572 quam
2716 2504 2756 2557 si
2790 2502 2979 2556 fuisset
3009 2500 3530 2569 materejns,curam
3550 2497 3801 2569 gerebat.

2297 2594 2360 2648 ν.
2392 2594 2646 2646 Peractns
2672 2602 2852 2647 autem
2876 2591 2984 2661 jam
3023 2599 3135 2645 erat
3162 2604 3357 2649 annus.
3384 2604 3447 2642 ex
3480 2604 3588 2656 quo
3619 2589 3806 2642 fuerat

2223 2689 2512 2758 adoptatus
2544 2703 2556 2740 :
2596 2695 2648 2740 et
2676 2699 2783 2755 quo
2828 2684 2996 2751 magis
3025 2697 3159 2752 puer
3189 2681 3491 2745 crescebat,
3526 2695 3591 2732 eo
3624 2681 3805 2749 magis

2225 2780 2555 2852 procedente
2616 2788 2879 2846 tempore,
2923 2774 3087 2827 simul
3139 2788 3355 2843 quoque
3410 2771 3691 2827 crescebat
3745 2772 3805 2823 in

2226 2891 2351 2931 eum
2395 2889 2545 2928 amor
2575 2872 2821 2926 Ammite.
2874 2870 3007 2923 Dum
3046 2868 3190 2922 enim
3245 2869 3486 2932 videbat,
3532 2878 3805 2934 tanquam

2226 2966 2460 3019 fructum
2510 2962 2591 3016 sui
2644 2961 2881 3021 uteri,ct
2927 2959 3269 3012 existimabat
3300 2973 3359 3011 se
3402 2973 3526 3010 eum
3576 2957 3805 3010 habitu-

2230 3073 2371 3117 rum.
2400 3055 2488 3125 qui
2531 3056 2700 3124 ipsam
2745 3053 2969 3122 pulchre
3018 3052 3071 3104 in
3116 3060 3399 3104 senectute
3433 3048 3626 3101 aleret.
3667 3045 3797 3100 Jant

2154 3149 2197 3208 C
2234 3148 2533 3202 secundum
2572 3162 2775 3199 annum
2827 3141 3008 3196 infans
3042 3141 3363 3213 attingebat,
3404 3149 3459 3193 et
3482 3140 3665 3210 lingua
3722 3148 3809 3193 te-

2235 3258 2360 3298 nera
2392 3242 2659 3297 Ammiam
2699 3249 2852 3292 vocat
2892 3253 3204 3292 mammam.
3241 3235 3355 3289 Hoc
3384 3244 3566 3287 autem
3615 3234 3807 3302 lingua

2233 3336 2599 3388 Romanorum
2648 3332 2913 3399 signiticat
2957 3337 3196 3382 matrem.
3253 3324 3439 3392 ltaque
3493 3323 3672 3391 prima
3714 3324 3808 3374 in-

2231 3428 2414 3485 fantis,
2451 3422 2716 3480 balbuties
2782 3420 3057 3491 proprium
3126 3430 3325 3471 nomen
3391 3413 3441 3468 ei
3492 3410 3702 3475 tribuit,
3752 3419 3813 3467 et

2230 3520 2433 3574 Marnas
2466 3517 2760 3571 vocabatur
2788 3515 2854 3566 ah
2888 3511 3161 3568 omnibus.
3204 3519 3257 3563 ct
3304 3508 3377 3561 de
3399 3516 3597 3561 caetero
3633 3520 3811 3574 agno-

2230 3615 2498 3668 scebatur.
2536 3606 2671 3661 Cum
2709 3605 2901 3658 fuisset
2930 3611 3109 3653 autem
3146 3600 3384 3667 quinque
3411 3612 3587 3649 annos
3614 3606 3807 3655 natus.

2229 3720 2352 3759 eum
2384 3698 2729 3756 commendat
2778 3694 2988 3749 Ammia
3030 3690 3303 3759 magistris
3336 3687 3668 3742 litterarum.
3701 3686 3808 3739 Hie

2231 3812 2358 3851 vero
2404 3790 2719 3846 movebatur
2768 3800 2957 3842 carum
3000 3782 3308 3837 vehementi
3370 3795 3580 3843 amore,
3624 3789 3681 3835 et
3743 3782 3810 3836 in

2230 3888 2474 3944 doctrina
2519 3899 2582 3939 ac
2631 3879 2933 3948 disciplinis
2960 3887 3078 3931 erat
3128 3876 3285 3945 longe
3334 3874 3449 3929 suis
3498 3873 3813 3941 aequalibus

2230 3978 2524 4047 superior;
2607 3981 2832 4040 eratque
2880 3970 2999 4037 ejus
3047 3968 3261 4019 animus
3292 3974 3436 4017 totus
3470 3968 3814 4025 intenttts,et

2231 4071 2389 4141 plane
2422 4068 2630 4123 defixus
2660 4064 2712 4117 in
2747 4060 3074 4116 eruditione.

2306 4162 2397 4217 Vl.
2460 4161 2827 4216 Romanorum
2891 4164 3076 4209 autem
3130 4160 3345 4221 sceptra
3397 4157 3527 4203 tune
3581 4148 3813 4202 tenebat

2234 4254 2527 4319 imperator
2569 4247 2912 4309 Aurelianus,
2936 4245 3025 4313 qui
3056 4244 3277 4312 cogehat
3304 4254 3494 4294 omnes
3525 4238 3813 4293 sacriﬁca—

2236 4361 2293 4399 re
2339 4340 2702 4403 daemonibus,
2752 4354 2859 4392 non
2896 4338 3069 4391 solum
3126 4333 3270 4389 viros
3298 4340 3354 4388 et
3397 4330 3677 4393 mulieres,
3711 4330 3813 4384 sed

2231 4439 2395 4492 etiam
2446 4450 2665 4507 pueros.
2702 4432 2933 4488 Maxime
2969 4438 3149 4483 autem
3180 4426 3229 4481 ei
3263 4440 3407 4481 cur-.e
3441 4432 3599 4479 erant
3624 4422 3809 4494 pueri.

2232 4530 2590 4588 Existimabat
2642 4526 2787 4582 enim
2821 4541 2879 4579 se
2928 4522 3084 4577 facile
3138 4536 3233 4576 eos
3277 4534 3397 4573 esse
3446 4517 3811 4572 inducturum

2235 4632 2459 4695 prepter
2491 4621 2664 4674 aetatis
2709 4617 3075 4671 teneritatem.
3120 4611 3228 4665 Sed
3276 4609 3365 4662 alii
3395 4608 3613 4674 quidem
3650 4608 3813 4676 pueri

2233 4727 2423 4768 revera
2462 4710 2725 4765 cedebant
2756 4702 3025 4762 voluntati
3067 4699 3412 4772 imperatoris
3449 4716 3463 4755 :
3495 4696 3588 4766 qui
3623 4706 3812 4749 autem

2235 4824 2359 4862 cum
2409 4804 2676 4858 Mamante
2729 4799 3062 4854 ventitabant
3101 4794 3166 4849 ad
3218 4795 3403 4847 ludum
3448 4789 3811 4854 litterarium,

2237 4898 2591 4955 imitabantur
2622 4893 2728 4965 ipsi
2769 4905 2982 4962 quoque
3020 4902 3211 4943 cauam
3252 4885 3404 4956 pueri
3435 4882 3812 4958 prudentiam,

2236 5001 2291 5047 et
2340 5006 2444 5047 nec
2492 4989 2660 5044 verba
2729 4986 2947 5055 quidem
3000 4982 3189 5037 audire
3244 4992 3468 5035 necesse
3499 4973 3807 5030 habebant.

2235 5080 2490 5148 Quotidie
2540 5079 2684 5133 enim
2756 5076 3089 5129 docebantur
3144 5070 3375 5125 honesto
3428 5067 3517 5120 illo
3579 5064 3808 5133 pulchri

2239 5169 2523 5225 Mamantis
2593 5164 2906 5235 spectaculo
2973 5171 3028 5217 et
3072 5158 3321 5231 exemplo
3376 5155 3553 5212 solum
3614 5167 3812 5207 verum

2238 5274 2532 5333 agnoscere
2574 5258 2744 5312 Deum
2786 5252 3026 5310 universi
3074 5250 3344 5321 opiﬁcem,
3372 5244 3505 5301 etei
3536 5242 3812 5298 rationale

2238 5354 2540 5405 animorum
2595 5346 2791 5402 offerre
2821 5342 3147 5401 sacrificium
3192 5355 3205 5393 :
3237 5354 3333 5393 eos
3379 5346 3585 5398 autem,
3614 5334 3710 5401 qui
3741 5336 3812 5385 ab

2240 5439 2423 5509 impiis
2456 5448 2510 5492 et
2558 5441 2813 5493 coluntur
2846 5445 2899 5491 et
2943 5433 3243 5487 adorantur
3272 5427 3564 5494 dii,nngas
3613 5421 3811 5475 existi-

2242 5546 2413 5595 mare,
2442 5540 2493 5585 et
2536 5531 2725 5601 plenos
2760 5527 2961 5597 probro
2992 5532 3047 5577 et
3085 5522 3368 5577 dedecore.
3410 5515 3594 5573 Fausti
3621 5520 3811 5569 autem

2238 5624 2499 5679 Caesareae
2559 5620 2824 5694 praesidis,
2874 5628 3156 5671 successor
3180 5623 3393 5667 creatus
3442 5608 3809 5663 Democritus,

2241 5720 2324 5773 vir
2357 5715 2510 5771 valde
2562 5716 2775 5784 spirans
2824 5708 3184 5779 impietatem,
3235 5712 3289 5757 et
3321 5714 3585 5756 accensus
3636 5697 3809 5749 vehe-

2242 5811 2405 5868 menti
2462 5808 2579 5877 ejus
2634 5804 2993 5865 aemulatione,
3038 5815 3161 5859 eum
3249 5797 3482 5868 primum
3558 5787 3806 5843 ascendit
