3970 6460
179 400 276 463 569

1279 402 1753 463 MARTYBIUM
1792 403 1854 463 S.
1900 403 2322 468 MAMANTIS.

3322 409 3427 470 570

174 510 499 575 (laesaream,
570 511 773 566 bonum
871 510 1195 566 Mamautem
1284 510 1351 565 ad
1390 525 1515 565 eum
1558 509 1741 565 statim
1780 510 1823 567 Α
1854 510 1897 564 si
1927 522 1982 566 et
2015 513 2165 567 nullo
2221 529 2384 573 sensu
2416 514 2651 585 praediti,
2678 514 2820 583 quod
2847 530 2911 571 ea
2944 515 3124 571 colere
3149 526 3202 570 et
3245 517 3297 571 in
3323 518 3427 571 Ito-

173 600 441 667 deferunt,
470 602 619 672 quod
652 618 763 658 non
809 604 987 659 solum
1020 603 1137 673 ipse
1188 602 1321 657 deos
1375 618 1482 658 non
1515 603 1744 663 coleret,

171 696 258 749 sed
290 709 423 749 suos
454 710 672 765 quoque
701 696 936 765 aequales
971 704 1026 749 et
1056 694 1468 765 condiscipulos
1496 693 1562 748 ad
1588 709 1740 748 erro-

171 802 281 842 rem
353 803 515 842 suum
567 802 760 843 omnes
809 788 1109 843 induceret.
1162 786 1370 842 Marnas
1405 797 1587 841 autem
1636 787 1745 853 jam

170 881 420 949 quintum
473 881 745 935 decimum
798 881 989 951 agebat
1037 896 1243 935 annum
1298 880 1603 945 aetatis;et
1650 880 1746 933 bo-

172 982 323 1033 nesta
358 988 603 1031 matrona
642 979 768 1047 (hoc
798 978 943 1032 enim
987 986 1105 1033 erat
1150 976 1379 1032 Ammire
1418 976 1745 1047 cpithetum)

173 1080 343 1124 morte
369 1070 633 1139 privatus,
666 1070 721 1124 lit
768 1085 1053 1125 successor
1081 1079 1135 1126 et
1164 1070 1337 1124 haeres
1364 1070 1483 1143 ejus
1518 1068 1750 1123 facultac

172 1171 302 1215 tum.

232 1251 345 1307 VII.
406 1252 753 1307 Democritus
802 1267 953 1323 ergo,
1008 1268 1132 1307 cum
1195 1252 1316 1307 haec
1364 1252 1613 1309 audisset
1672 1253 1743 1309 de

175 1338 471 1401 “amante.
522 1340 624 1394 fuit
681 1342 930 1409 protinus
972 1341 1235 1395 ell‘eratus
1270 1341 1324 1395 in
1378 1357 1629 1411 puerum.
1680 1340 1746 1396 Et

169 1448 287 1486 cum
346 1431 625 1485 ell‘ecisset
695 1442 752 1486 ut
802 1431 870 1487 ad
929 1447 1089 1487 suum
1140 1433 1375 1487 tribunal
1436 1432 1744 1498 sisteretur,

169 1524 403 1590 primum
454 1521 671 1591 quidem
727 1522 1023 1593 interregat
1074 1539 1143 1577 an
1188 1533 1334 1578 esset
1357 1523 1743 1580 Christianus:

166 1614 386 1678 deinde,
418 1630 487 1668 an
524 1616 612 1669 ille
641 1626 811 1679 esset,
839 1617 929 1686 qui
962 1631 1141 1687 neque
1170 1618 1282 1686 ipso
1321 1616 1425 1672 diis
1450 1616 1742 1681 sacrificat.

166 1716 216 1762 et
266 1708 562 1776 persuadet
609 1710 1015 1778 condiscipulis,
1054 1725 1125 1764 ne
1155 1720 1380 1781 pareant
1410 1710 1742 1780 imperatori.

1854 619 1988 658 nore
2029 606 2234 659 habere
2262 607 2490 662 omnino
2531 606 2835 661 sustinetis.
2898 605 3095 662 Desine
3159 623 3287 678 ergo
3323 610 3427 668 mi-

1856 711 1955 751 nas
1987 696 2260 753 intentare
2314 698 2604 763 terribiles,
2633 708 2693 753 ut
2719 698 2814 753 tibi
2857 699 3131 762 videntur,
3160 707 3214 753 et
3254 699 3427 753 maxi-

1850 803 1935 840 ma
1969 788 2232 857 polliceri.
2263 787 2392 843 Nam
2428 790 2659 861 puniens
2682 790 2929 857 quidem,
2956 789 3292 853 benef-acies;
3329 791 3424 844 bc-

1850 878 2128 936 nefacieus
2153 891 2331 935 autem
2354 882 2555 936 damno
2582 881 2783 936 alticies
2819 881 3073 936 maximo.
3100 879 3205 934 Pro
3256 880 3424 935 Chriv

1849 978 1933 1025 sto
1954 972 2097 1024 enim
2132 971 2294 1035 mori,
2352 982 2434 1030 est
2468 973 2601 1028 mihi
2658 974 2848 1042 quovis
2905 973 3118 1029 honore
3146 983 3203 1028 et
3264 977 3424 1034 lucro

1849 1061 2213 1127 praestantius.
2251 1063 2348 1120 liis
2379 1064 2734 1118 vehementer
2786 1064 3037 1118 irritatus
3098 1065 3426 1121 Aurelianus

1843 1152 1998 1220 jubet
2031 1168 2233 1223 corpus
2266 1154 2419 1223 pueri
2475 1155 2609 1209 caedi
2645 1154 2847 1226 ﬂagris.
2880 1156 3054 1225 Atque
3089 1156 3423 1211 adolescenti

1847 1244 2068 1312 quidem
2104 1248 2393 1315 prudentia
2423 1263 2561 1303 cano
2594 1248 2909 1305 credebatur
2944 1258 3193 1307 tenerum
3226 1259 3282 1303 et
3312 1265 3427 1303 mo-

1847 1336 1917 1390 do
1945 1336 2145 1391 ﬂorens
2195 1354 2435 1408 corpus;
2502 1340 2591 1394 ille
2639 1356 2767 1395 vero
2819 1340 3045 1411 perinde
3091 1341 3427 1397 afﬁciebatur

1847 1436 2006 1497 atque
2039 1444 2086 1484 St
2119 1431 2510 1496 quatereturin
2540 1434 2770 1487 somnis.

1918 1538 2011 1594 ιχ.
2064 1539 2199 1594 Cum
2232 1549 2414 1595 autem
2448 1541 2744 1610 imperator
2795 1560 2862 1599 eo
2895 1548 3012 1614 ipso
3036 1550 3431 1613 tempore,quu

1851 1633 2203 1702 torquebatur
2262 1649 2420 1705 puer,
2474 1636 2524 1689 ei
2586 1636 2924 1699 adularetur,
2977 1644 3043 1691 et‘
3100 1650 3222 1690 eum
3278 1638 3429 1689 omni

1850 1726 2061 1780 ratione
2088 1737 2378 1782 conaretur
2426 1729 2695 1795 emollire,
2732 1730 2951 1784 dicebat
2973 1730 3119 1784 enim
3164 1747 3179 1784 :
3213 1727 3307 1783 Dic
3340 1727 3430 1781 vel

168 1801 254 1853 Ille
293 1808 505 1863 autem,
541 1801 822 1869 majorem,
847 1818 1009 1870 quam
1039 1811 1172 1856 tetas
1196 1803 1521 1871 patiebatur,
1546 1818 1656 1872 pra:
1682 1818 1740 1857 sc

1847 1820 1977 1874 solis
1994 1820 2157 1874 labris
2178 1832 2226 1875 te
2249 1823 2681 1877 sacrificaturum
2706 1841 2720 1877 :
2745 1834 2799 1878 et
2818 1823 2996 1878 statim
3030 1822 3346 1877 liberalioris
3364 1821 3430 1874 ab

168 1891 347 1945 ferens
378 1892 549 1945 animi
592 1894 982 1956 constantiam,
1028 1904 1083 1948 et
1134 1894 1274 1947 nihil
1329 1896 1691 1950 conturbatus
1720 1935 1735 1957 .

167 1971 295 2045 Ego,
349 1974 549 2043 inquit,
596 1986 834 2031 vestram
880 1976 1035 2031 valde
1082 1978 1392 2033 condemno
1459 1980 1737 2044 canitiem,

166 2066 306 2135 quod
344 2076 496 2121 tanta
526 2068 843 2123 circumfusi
877 2070 996 2124 sitis
1028 2072 1238 2126 erroris
1266 2072 1519 2143 caligine,
1552 2083 1610 2127 ut
1640 2088 1743 2128 nec

166 2160 385 2227 possitis
428 2161 648 2230 quidem
700 2162 980 2232 adspicere
1001 2164 1067 2218 ad
1118 2164 1295 2219 radios
1328 2166 1594 2232 veritatis,
1620 2170 1740 2232 sed,

167 2266 293 2306 vero
324 2264 380 2307 et
440 2255 563 2308 vivo
604 2254 713 2308 Deo
759 2256 972 2320 relicto,
1025 2258 1331 2312 accessistis
1366 2257 1433 2312 ad
1468 2259 1742 2316 daemones

166 2346 437 2399 inanimos
475 2357 530 2400 et
558 2349 773 2400 surdos.
831 2348 964 2401 Nam
995 2365 1095 2413 ego
1127 2351 1344 2419 quidem
1376 2366 1406 2405 a
1439 2367 1560 2406 meo
1588 2351 1745 2406 Citri—

166 2451 247 2495 sto
291 2454 575 2507 nunquam
629 2439 976 2502 recedam,et
1025 2456 1382 2509 quoscunque
1434 2453 1623 2511 potero
1674 2446 1741 2498 ad

164 2545 285 2584 eum
342 2528 639 2584 adducam.
696 2530 1005 2586 Admiratus
1059 2540 1143 2586 est
1204 2531 1540 2587 Democritus
1593 2534 1741 2603 pueri

165 2622 381 2677 dicendi
429 2622 739 2677 libertatem
798 2633 852 2677 et
874 2623 1053 2677 statim
1109 2624 1177 2679 ab
1233 2624 1391 2679 initio
1441 2624 1741 2693 deSperaus

166 2726 219 2765 se
248 2726 411 2782 posse
458 2726 583 2766 eum
632 2713 914 2777 inducere,
958 2713 1117 2767 simul
1150 2724 1203 2767 et
1236 2714 1471 2769 minatus
1496 2724 1579 2769 est
1609 2715 1745 2769 ado-

166 2805 385 2860 lescenti
414 2814 469 2858 et
496 2804 563 2857 iis
596 2804 684 2872 qui
716 2819 839 2857 eum
883 2804 1327 2866 circumstabant,
1354 2805 1517 2873 jussit
1542 2806 1744 2859 ducere

166 2912 392 2967 puerum
447 2896 513 2949 ad
570 2910 718 2948 aram
782 2880 1084 2965 Serapidis.
1154 2910 1211 2951 ut
1248 2896 1329 2951 vel
1395 2897 1599 2950 invitus
1641 2899 1744 2951 deo

165 2992 517 3047 sacriﬁcaret.
558 2989 650 3045 Ille
712 3002 891 3044 autem
931 2992 1071 3045 nihil
1121 3008 1151 3046 a
1208 2993 1372 3048 minis
1435 2991 1746 3048 effeminate

164 3084 391 3137 allectus
441 3091 496 3135 et
554 3080 919 3144 illiberaliter,
956 3082 1024 3134 At
1088 3062 1368 3137 nonlicei.
1418 3082 1613 3158 inquit,
1649 3083 1743 3138 tibi

1844 1910 1989 1964 omni
2016 1912 2281 1981 supplicio
2303 1930 2316 1966 :
2336 1912 2450 1967 Non
2469 1930 2588 1985 ego,
2608 1915 2784 1983 inquit
2807 1916 3032 1976 Mamas,
3055 1929 3087 1965 o
3110 1913 3427 1982 imperator,

1846 2004 2021 2059 solum
2049 2004 2181 2058 mibi
2211 2020 2397 2058 verum
2427 2004 2597 2059 Deum
2623 2006 2896 2075 ctltegem
2927 2006 3228 2072 Christum,
3251 2020 3431 2073 neque

1844 2098 2009 2152 labris
2068 2113 2170 2153 nec
2204 2098 2371 2153 corde
2404 2098 2735 2169 negaverim,
2780 2098 2941 2153 etiam
2989 2097 3032 2152 si
3073 2097 3433 2167 pmseutibus

1846 2190 2007 2259 longe
2057 2191 2305 2264 graviora
2343 2191 2756 2262 excogitaveris.
2799 2191 2939 2257 Quin
2994 2190 3156 2243 etiam
3210 2204 3433 2256 magnas

1846 2282 1943 2335 tibi
1978 2281 2151 2334 habeo
2186 2280 2403 2351 gratias,
2431 2281 2574 2349 quod
2629 2296 2715 2334 me
2754 2297 2850 2351 per
2887 2282 3004 2334 b.cc
3064 2291 3328 2334 tormenta
3380 2281 3428 2335 ei

1846 2388 2009 2442 quem
2050 2373 2304 2429 desidero
2340 2372 2641 2439 concilies;
2670 2384 2725 2427 et
2752 2381 2878 2439 opto
2906 2373 3101 2435 solum,
3135 2387 3200 2425 ne
3237 2387 3432 2428 manus

1847 2462 2212 2532 defatigentur
2254 2462 2571 2525 tortoribus,
2618 2478 2739 2531 qua
2788 2466 2924 2532 jam,
2970 2475 3027 2517 ut
3086 2462 3256 2526 vides,
3299 2464 3428 2517 milii

1847 2570 2036 2623 magna
2063 2555 2205 2608 bona
2233 2566 2543 2623 procurant:
2575 2558 2669 2609 sed
2706 2556 2942 2608 robusta:
2995 2555 3173 2623 potius
3191 2555 3428 2609 reddan-

1849 2654 1935 2699 tur
1962 2654 2017 2699 et
2055 2646 2323 2699 valentes.
2370 2645 2699 2699 Aurelianus
2756 2654 2937 2699 autem
2968 2656 3255 2721 postquam
3296 2640 3433 2699 vidit

1847 2752 1970 2792 eum
1994 2746 2099 2792 tam
2142 2752 2330 2807 parum
2358 2752 2553 2791 curare
2593 2739 2846 2799 verbera,
2877 2736 3031 2806 jubet
3065 2737 3114 2791 ei
3166 2738 3427 2792 nudatum

1847 2845 2050 2900 corpus
2075 2841 2244 2885 totum
2276 2831 2468 2885 torreri
2489 2830 2731 2885 lucernis
2752 2831 2889 2902 ignis
2922 2847 2937 2885 :
2991 2839 3050 2883 ut
3084 2845 3207 2893 cum
3239 2846 3431 2887 carnes

1847 2924 2108 2993 paulatim
2172 2924 2571 2992 eliquarentur,
2611 2931 2665 2976 et
2719 2922 2925 2975 diutius
3004 2937 3319 2976 versaretur
3377 2922 3430 2974 in

1849 3022 2143 3075 tormento,
2203 3022 2257 3067 et
2306 3010 2521 3067 dolores
2555 3014 2781 3065 sentiret
2839 3013 3144 3081 graviores.
3199 3010 3265 3065 Et
3328 3011 3432 3065 huc

1848 3105 2068 3175 quidem
2100 3106 2394 3159 deductum
2432 3112 2514 3157 est
2544 3102 2609 3155 ad
2642 3102 2920 3166 eil’ectutn,
2947 3113 3001 3157 et
3042 3103 3277 3157 admota'
3304 3109 3434 3158 sunt

166 3188 248 3228 me
304 3172 522 3243 punire,
566 3172 659 3243 qui
711 3188 830 3227 sum
880 3174 1142 3227 educatus
1188 3188 1217 3225 a
1290 3184 1463 3226 matre.
1510 3175 1740 3228 ttiaxima

1847 3196 2082 3249 lucerna:
2106 3195 2317 3264 corpori
2356 3193 2623 3265 martyris.
2646 3194 2751 3247 Sed
2807 3194 3029 3265 efignis
3080 3196 3435 3249 reverebatur

172 3276 221 3323 et
252 3267 558 3324 clarissima
578 3310 591 3334 ,
618 3277 673 3323 et
699 3263 1026 3323 luculentam
1056 3267 1123 3321 ab
1154 3282 1216 3321 ea
1240 3266 1425 3336 accepi
1452 3266 1743 3322 breredita-

168 3372 292 3426 tem,
331 3372 389 3417 et
419 3362 684 3416 maximas
707 3361 942 3422 divitias,
971 3361 1232 3430 adjit-iens
1263 3376 1461 3416 nomen
1492 3364 1737 3418 Ammiac.

163 3450 292 3508 Cum
328 3454 445 3509 hac
477 3464 658 3508 autem
686 3453 953 3509 audiissct
998 3453 1339 3507 Democritus
1383 3463 1437 3507 et
1461 3455 1527 3508 ab
1557 3456 1623 3508 iis
1649 3457 1755 3522 qui.

163 3548 619 3610 circumstabant,
687 3548 754 3599 de
817 3547 972 3599 beata
1038 3554 1288 3598 matrona
1352 3555 1405 3598 et
1473 3545 1741 3601 Mamautc

162 3648 412 3694 accurate
466 3639 653 3692 omnia
693 3636 994 3698 didicisset,
1036 3648 1091 3691 et
1141 3635 1486 3707 cognovisset
1542 3654 1739 3694 senon

163 3746 319 3801 posse
349 3746 477 3784 eum
529 3730 744 3800 punire,
789 3730 981 3785 ferreis
1006 3730 1250 3784 vinctum
1308 3730 1540 3787 vinculis
1576 3732 1741 3803 ﬁgas

162 3840 281 3879 eum
321 3824 487 3879 mittit
535 3825 603 3879 ad
651 3823 1058 3894 imperatorem,
1102 3826 1283 3879 omnia
1327 3835 1385 3880 ut
1428 3840 1487 3881 se
1538 3827 1741 3883 habent

160 3916 472 3990 ignilicans
511 3917 705 3971 litteris
736 3917 1063 3984 imperatori.

232 4007 366 4065 VIII.
393 4008 501 4076 ,Ille
552 4016 732 4061 autem
777 4023 899 4062 cum
952 4007 1155 4061 litteras
1201 4008 1520 4077 accepisset,
1564 4020 1617 4064 et
1646 4026 1738 4065 eas

162 4102 498 4176 perlegisset,
559 4116 785 4171 puerum
854 4103 1003 4157 varie
1082 4103 1394 4172 aggreditur
1439 4123 1452 4158 :
1495 4114 1549 4158 et
1612 4119 1735 4158 cum

158 4209 278 4248 eum
310 4195 369 4249 in
399 4209 559 4250 suum
591 4204 943 4265 conspectum
978 4194 1311 4261 adduxisset,
1347 4211 1490 4250 nunc
1518 4198 1737 4268 quidem

159 4288 474 4343 minabatur
497 4299 553 4341 et
604 4278 860 4357 magnum
895 4297 1162 4342 terrorem
1221 4289 1562 4355 intendebat,
1588 4310 1736 4349 nunc

158 4390 336 4433 autem
386 4376 671 4448 promissis
725 4377 1009 4440 invitabat,
1042 4380 1178 4434 etei
1228 4382 1567 4450 proponebat
1612 4400 1736 4437 tnu-

1845 3284 2101 3340 atbletam
2128 3325 2141 3347 ,
2174 3295 2228 3337 ct
2258 3285 2309 3336 iu
2331 3284 2531 3336 milites
2560 3285 2801 3353 Spirabat
2825 3284 3226 3337 vehementius.
3256 3286 3433 3353 Atque

1845 3388 2047 3449 martyr
2068 3377 2287 3448 quidem
2314 3376 2432 3431 sine
2456 3374 2643 3429 dolore
2674 3376 2999 3430 admittebat
3034 3377 3283 3431 lucernas
3306 3377 3433 3442 ;illc

1844 3483 2027 3525 autem
2100 3472 2270 3540 magis
2307 3468 2537 3523 urebant
2592 3469 2834 3522 animum
2867 3471 3253 3536 persecutoris.
3298 3469 3431 3523 Nam

1842 3578 1965 3617 cum
1996 3577 2064 3615 ne
2106 3563 2389 3617 mimmum
2441 3562 2661 3629 quidem
2685 3575 2882 3631 corpus
2916 3562 3168 3631 martyris
3197 3560 3432 3631 attinge-

1843 3662 1964 3707 rent
2004 3669 2069 3708 eo
2126 3652 2202 3707 illi
2246 3654 2506 3723 majorem
2536 3652 2806 3706 ﬂatumam
2837 3653 3147 3707 excitabant
3186 3654 3429 3707 insanias

1848 3745 2054 3799 Deinde
2085 3746 2240 3814 jubet
2293 3758 2587 3815 martyrem
2625 3744 2898 3798 verberari
2958 3744 3254 3813 lapidibus.
3332 3740 3425 3799 Ille

1842 3845 2025 3893 autem
2066 3833 2290 3905 perinde
2336 3844 2453 3888 erat
2483 3835 2735 3902 allectus,
2779 3845 2941 3905 atque
2963 3838 3006 3890 si
3053 3848 3435 3908 aspergeretur

1844 3930 2001 3993 rosis,
2034 3940 2088 3982 et
2110 3944 2205 3998 spe
2224 3926 2387 3981 futuri
2409 3927 2710 3981 laetabatur.

1918 4021 1982 4075 Χ.
2009 4021 2088 4075 Cu
2108 4038 2158 4074 m
2188 4021 2369 4086 itaque
2402 4019 2557 4074 valde
2588 4019 2754 4073 animi
2782 4019 2982 4075 dubius
3009 4032 3153 4075 esset
3183 4021 3330 4075 omni
3366 4038 3431 4076 ex

1840 4129 1996 4188 parte
2028 4118 2370 4177 Aurelianus,
2394 4127 2447 4170 et
2478 4117 2684 4169 unllutn
2747 4117 3001 4185 supplicii
3054 4132 3224 4186 genus
3254 4130 3438 4186 posset

1840 4213 2172 4281 excogitare,
2219 4207 2365 4279 quod
2415 4224 2510 4264 cor
2556 4207 2846 4262 Mamantis
2896 4211 3213 4277 attingeret,
3280 4210 3437 4278 jubet

1839 4306 2055 4375 globum
2076 4304 2386 4373 plumbeum
2406 4302 2525 4371 ejus
2550 4300 2689 4355 collo
2711 4300 2937 4370 alligari,
2956 4312 3011 4355 et
3029 4303 3104 4357 sic
3126 4302 3178 4355 in
3198 4302 3433 4355 medium

1840 4408 1993 4447 mare
2024 4394 2248 4446 ductum
2280 4402 2601 4461 martyrem,
2640 4388 2831 4458 projici
2863 4388 2914 4441 in
2964 4390 3316 4458 profundum.
3370 4389 3435 4447 Et

160 4486 283 4525 aera
313 4479 371 4524 et
416 4469 676 4531 bonores,
706 4477 759 4521 et
791 4469 1047 4523 dicebat:
1102 4471 1157 4522 Si
1186 4472 1251 4523 ad
1286 4478 1541 4543 magnum
1574 4492 1734 4532 acce-
1773 4510 1813 4563 ι)
1836 4486 2019 4555 jussus
2052 4482 2270 4551 quidem
2315 4482 2581 4534 deductus
2613 4490 2696 4534 est
2722 4479 2788 4533 ad
2832 4480 3088 4535 eﬂ'ectuut
3150 4498 3165 4546 ;
3224 4483 3317 4539 sed
3369 4497 3436 4537 ne

164 4562 300 4615 dens
340 4558 688 4628 Serapidem,
713 4558 761 4613 ei
790 4560 1203 4625 sacrillcavcris,
1235 4576 1267 4614 o
1294 4564 1523 4630 pulcher
1576 4583 1733 4634 puer,

156 4648 259 4703 eris
290 4648 579 4703 nobiscum
609 4648 663 4702 in
694 4647 894 4717 palatio
941 4664 957 4701 :
988 4657 1041 4702 et
1068 4649 1300 4719 primum
1331 4651 1548 4721 quidem
1577 4656 1740 4709 aleris

155 4742 428 4814 regaliter,
462 4741 662 4796 deinde
694 4748 747 4797 te
778 4742 935 4796 multi
968 4743 1315 4799 mirabuntur
1342 4756 1393 4799 et
1420 4746 1735 4817 laudabunt,

154 4838 454 4903 beatusque
504 4835 613 4887 eris
654 4835 720 4887 de
756 4847 975 4897 caetero,
1007 4846 1061 4889 et
1133 4836 1219 4889 cui
1270 4837 1442 4907 possit
1482 4842 1735 4895 lnvideri.

156 4928 267 4982 Hoc
300 4936 488 4981 autem
535 4924 766 4979 faciebat
810 4928 1159 4993 Aurelianus,
1185 4937 1239 4983 et
1279 4929 1393 4983 haec
1420 4930 1530 4985 duo
1551 4932 1735 4997 simul,

154 5034 352 5090 nempe
388 5025 445 5072 et
494 5017 671 5072 minas
726 5017 1075 5089 proferebat,
1109 5030 1165 5073 et
1204 5021 1493 5089 promissa,
1539 5033 1599 5077 ut
1654 5025 1739 5079 vel

151 5113 313 5168 minis
337 5128 466 5170 eum
492 5121 742 5175 terreret,
779 5121 1158 5171 etextremum
1197 5114 1247 5168 ci
1270 5124 1471 5169 metum
1497 5116 1734 5185 alferret,

148 5216 242 5261 aut
269 5205 557 5277 promissis
592 5206 712 5274 ejus
751 5204 976 5259 solidam
1021 5206 1303 5279 frangeret
1343 5212 1735 5272 constantiam,

150 5300 282 5357 etin
314 5314 529 5355 summa
559 5294 684 5355 eum
749 5298 1005 5361 molliret,
1041 5300 1268 5369 ejusque
1336 5305 1523 5359 oculos
1590 5280 1735 5376 pm.

151 5392 463 5467 stringeret,
500 5401 553 5446 et
602 5391 897 5446 adduceret
950 5393 1017 5446 ad
1065 5393 1420 5462 impietatem.
1473 5398 1598 5455 Hmc
1640 5416 1735 5454 au-

154 5500 258 5543 tem
294 5486 472 5555 magis
499 5484 771 5540 acuebant
837 5486 1015 5540 alacre
1043 5496 1098 5542 ct
1126 5502 1439 5559 promptum
1493 5494 1734 5549 studium

152 5577 516 5637 adolescentis
546 5594 561 5635 :
600 5587 676 5642 et,
712 5577 889 5644 Absit,
924 5581 1222 5647 respondit,
1250 5597 1283 5637 ο
1317 5584 1627 5652 imperator,
1681 5598 1737 5642 ut

153 5675 245 5728 has
274 5687 397 5744 qua:
426 5685 457 5725 a
488 5668 643 5723 vobis
686 5672 1042 5736 honorantur,
1063 5678 1270 5727 statuas
1320 5676 1372 5729 in
1416 5677 1621 5734 honore
1644 5680 1735 5734 ha-

154 5768 325 5829 beam,
355 5772 453 5821 aut
480 5775 672 5819 carum
699 5761 865 5818 ullam
916 5766 1111 5822 ducant
1162 5766 1429 5823 rationem
1462 5786 1582 5838 qua:
1609 5784 1737 5827 sunt

153 5855 318 5913 surda
343 5868 397 5915 et
427 5856 707 5924 inanimae,
736 5861 792 5909 οι
816 5869 936 5927 qua:
968 5871 1217 5931 arguunt,
1250 5875 1408 5936 quam
1443 5862 1560 5919 sitis
1591 5881 1736 5921 cras-

1846 4586 1973 4629 tunc
2007 4574 2249 4645 quidem,
2280 4590 2313 4627 ο
2344 4572 2539 4634 Manta,
2568 4572 2710 4625 Deus
2736 4574 2811 4623 tui
2849 4581 2938 4627 est
2954 4574 3176 4634 oblitus,
3225 4575 3434 4644 angelis

1841 4670 1990 4723 enim
2023 4668 2138 4722 suis
2173 4668 2393 4721 mandat
2415 4667 2482 4721 de
2507 4676 2578 4729 te,
2622 4673 2681 4717 ut
2711 4673 2761 4723 te
2797 4663 3127 4717 custodiant.
3156 4664 3219 4717 Et
3249 4663 3431 4719 statim

1842 4762 2066 4831 angelus
2089 4760 2259 4812 forma
2284 4760 2520 4811 humana
2550 4761 2603 4812 in
2650 4759 2837 4813 orbem
2863 4757 3214 4822 circumiens,
3258 4768 3432 4812 terro-

1842 4868 1955 4907 rem
2018 4851 2237 4921 quidem
2294 4848 2454 4904 aﬂ'ert
2489 4853 2555 4905 iis
2592 4856 2683 4922 qui
2741 4857 2914 4925 ipsum
2942 4852 3235 4913 ducebant,
3259 4861 3314 4905 et
3342 4866 3436 4904 eos

1842 4946 2087 5001 vertitin
2122 4945 2333 5015 fugam;
2369 4947 2521 5014 jubet
2570 4959 2752 5001 autent
2789 4958 3084 5019 martyrem
3130 4947 3321 5002 venire
3374 4948 3427 5001 in

1842 5048 2107 5103 montem,
2150 5038 2237 5108 qui
2268 5048 2350 5089 est
2405 5037 2692 5105 Casam-ae,
2756 5048 2812 5093 et
2869 5039 2975 5094 illic
3029 5039 3246 5110 degere.
3296 5038 3432 5093 Cum

1841 5131 2031 5186 fuisset
2056 5146 2189 5201 ergo
2240 5130 2293 5182 in
2365 5140 2564 5193 monte,
2598 5144 2653 5185 et
2687 5142 2832 5185 totos
2897 5132 3257 5201 quadraginta
3314 5129 3435 5183 dies

1840 5225 2131 5278 mansisset
2176 5221 2419 5291 jejunus,
2456 5224 2514 5275 tit
2556 5222 2644 5276 hic
2679 5223 2822 5277 alius
2852 5221 3045 5276 Moses.
3072 5221 3131 5275 Ei
3154 5222 3207 5275 in
3239 5236 3434 5275 manus

1840 5330 2043 5370 novum
2103 5313 2343 5367 traditur
2373 5323 2786 5377 testamentum,
2813 5314 2955 5381 quod
2982 5328 3093 5367 non
3145 5324 3276 5368 tunc
3308 5315 3433 5382 qui-

1838 5403 1960 5458 dem
1987 5403 2221 5472 primum
2276 5418 2398 5457 esse
2442 5412 2705 5472 cmperat,
2732 5402 2828 5457 sed
2856 5404 2968 5473 jam
3017 5401 3197 5456 fuerat
3240 5402 3427 5457 datum

1840 5494 2105 5566 patribus.
2154 5495 2221 5549 Et
2259 5495 2403 5565 quod
2468 5504 2596 5549 tunc
2645 5497 2832 5550 deerat
2900 5492 3057 5556 Mosi,
3120 5494 3222 5550 boc
3282 5512 3428 5550 nunc

1840 5588 2168 5657 adimpletur
2194 5589 2247 5642 in
2275 5596 2529 5657 martyre.
2583 5586 2720 5640 Nam
2770 5584 2948 5641 Moses
2970 5588 3189 5654 quidem
3219 5587 3425 5642 solum-

1841 5679 2000 5734 modo
2054 5679 2247 5733 eccelo
2302 5676 2502 5747 accipit
2555 5676 2800 5733 tabulas:
2837 5677 2905 5732 ad
2940 5678 3087 5731 hunc
3138 5687 3320 5731 autem
3368 5687 3425 5731 et

1843 5787 1965 5834 vox,
1991 5779 2046 5825 ct
2067 5772 2213 5841 virga
2246 5772 2313 5826 ab
2345 5772 2452 5824 alto
2482 5772 2785 5829 descendit.
2839 5768 2975 5825 Cuu'.
3002 5780 3187 5825 autem
3214 5768 3421 5842 virgam

1841 5864 2161 5933 accepisset,
2185 5873 2240 5917 et
2282 5869 2339 5917 ut
2374 5876 2475 5915 vox
2507 5860 2868 5931 signiﬁcabat,
2908 5876 2973 5917 ea
3007 5870 3207 5917 terram
3240 5860 3423 5917 disse-
