3970 6438
553 370 654 436 S'II

1807 374 2093 439 MENSIS
2132 374 2561 437 AUGUSTUS.

3702 378 3815 438 5'72

541 482 765 545 cuISScl,
794 478 1063 546 quomodo
1090 478 1240 549 prius
1278 496 1426 537 mare
1450 483 1644 547 Moses,
1675 484 1873 554 accipit
1924 485 2106 538 Evan-
2134 489 2181 549 Α
2208 499 2371 538 causa
2437 498 2523 538 me
2568 483 2887 539 accersisti?
2945 484 3100 549 Quod
3121 499 3219 538 nec
3265 500 3483 551 possum
3557 486 3812 555 quidem,

540 570 735 640 gelium
773 568 977 622 editum
1009 584 1038 621 e
1074 578 1231 623 terra
1258 570 1572 626 visceribus.

610 660 702 715 XI.
743 657 881 724 Quid
915 673 1053 727 opus
1100 668 1183 713 est
1232 674 1298 714 ea
1329 662 1531 727 dicere,
1581 680 1701 733 quae
1760 676 1890 720 sunt
1935 676 2118 735 postea

538 748 872 806 consecuta?
900 747 1014 801 Non
1043 750 1277 818 amplius
1332 753 1486 807 nobis
1531 766 1735 826 martyr
1780 756 1974 819 Moses,
2027 756 2118 811 sed

539 842 748 895 Iitalius
770 840 965 895 Paulus
984 841 1283 910 prwdicans
1302 843 1677 911 Evangelium.
1694 845 1829 901 Cum
1849 846 2119 914 quoddam

540 944 725 986 autem
781 935 1044 1002 templum
1089 936 1502 999 construxisset,
1552 935 1604 987 in
1643 951 1749 1004 quo
1786 950 1942 989 orare
1990 951 2121 988 con-

540 1034 817 1081 sueverat.
874 1026 1132 1093 quoniam
1158 1028 1441 1094 oportebat
1481 1040 1628 1087 eum,
1680 1026 1819 1079 sicut
1882 1025 2118 1091 Paulus',

540 1115 749 1183 operari
781 1116 1047 1180 manibus,
1082 1117 1262 1170 divina
1322 1117 1520 1170 virtute
1546 1117 1610 1169 ad
1649 1132 1704 1170 se
1762 1116 1909 1170 ducit
1933 1131 2121 1171 omnes

541 1208 823 1266 feras:et
906 1214 987 1265 Iac
1044 1209 1289 1281 mulgens
1356 1210 1699 1274 feminarum,
1768 1225 2119 1279 quazcumqne

540 1307 592 1360 id
625 1306 835 1360 scilicet
869 1310 1112 1372 prmhent
1147 1309 1500 1376 poculentum
1536 1306 1872 1368 hominibus,
1920 1305 2121 1361 eﬂicie-

537 1398 632 1451 bat
663 1414 881 1451 casiuum
911 1416 925 1463 ;
959 1409 1012 1453 et
1038 1400 1155 1469 ejus
1179 1399 1399 1469 quidem
1429 1414 1614 1468 parum
1644 1400 1747 1453 sibi
1780 1399 2121 1467 relinquebat

538 1498 594 1543 et
644 1492 941 1559 reponebat
977 1509 990 1545 :
1024 1493 1295 1560 reliquum
1349 1502 1526 1545 autem
1562 1492 1900 1547 descendens
1944 1491 2122 1544 Caesa-

537 1594 709 1645 ream,
752 1582 1113 1635 distribuebat
1145 1584 1452 1651 egentibus.
1497 1585 1763 1648 Quoniam
1795 1593 1973 1636 autem
2003 1596 2125 1635 ma-

536 1684 676 1738 gnus
699 1668 903 1723 Mamas
937 1670 1074 1725 fama
1114 1683 1167 1726 et
1223 1688 1475 1727 sermone
1526 1674 1823 1727 multorum
1872 1674 2122 1727 celebra-

535 1759 715 1825 batur,
751 1762 1056 1817 Alexander
1111 1766 1334 1833 quidem
1376 1766 1533 1824 alius,
1572 1780 1677 1818 non
1704 1768 1751 1818 is
1784 1781 1942 1833 quem
1973 1766 2121 1835 prius

536 1849 789 1907 diximus.
853 1861 980 1907 tunc
1036 1865 1254 1906 creatus
1319 1870 1519 1923 praeses
1594 1854 1972 1923 Cappadoeiw,
2047 1856 2126 1909 vir

536 1939 794 2003 crudelis,
824 1943 866 1994 si
904 1944 1043 1996 ullus
1067 1944 1223 2008 alius,
1252 1954 1305 1999 et
1339 1950 1678 2000 contendens
1734 1949 1786 1999 in
1843 1947 2125 2015 impietate

537 2044 568 2082 a
603 2031 823 2085 nemine
850 2035 1117 2103 superari,
1152 2052 1275 2090 cum
1308 2038 1375 2091 de
1412 2053 1477 2091 eo
1538 2037 1719 2090 omnia
1746 2036 2125 2102 intellexisset,

534 2120 703 2176 mittit
727 2125 986 2191 quosdam
1017 2128 1227 2193 equites
1249 2129 1313 2181 ad
1336 2145 1459 2181 eum
1495 2129 1866 2197 querendum,
1902 2135 1958 2179 ut
1990 2142 2117 2181 cum

534 2213 899 2277 invenissent,
927 2216 992 2268 ad
1028 2232 1152 2269 eum
1210 2217 1566 2273 adducerent.
1612 2218 1747 2272 Cum
1785 2217 1999 2269 illorum
2027 2217 2127 2270 ita-

533 2317 641 2372 que
674 2304 964 2359 adventum
998 2309 1361 2375 prmseivisset
1392 2323 1621 2379 martyr,
1667 2315 1725 2363 lit
1755 2312 1835 2365 eis
1886 2311 2124 2365 obviam.

533 2393 612 2447 Illi
647 2404 828 2449 autem
901 2408 1185 2467 postquam
1246 2402 1407 2453 simul
1478 2404 1891 2468 convenissent,
1952 2415 2129 2470 neque

542 2486 926 2550 scirent,hunc
996 2505 1117 2544 esse
1170 2491 1338 2554 illum,
1392 2494 1655 2563 rOgabant
1690 2510 1838 2560 eum,
1882 2498 2127 2557 ubinam,

539 2584 596 2629 et
625 2577 680 2636 in
716 2594 825 2646 quo
858 2578 977 2633 loco
1007 2591 1152 2633 esset
1188 2581 1412 2637 Mamas.
1438 2584 1528 2641 Ille
1552 2602 1678 2637 vero
1710 2602 1723 2639 :
1752 2586 1859 2639 Vos
1884 2588 2125 2656 quidem,

536 2669 734 2740 inquit,
769 2688 802 2727 o
836 2676 1022 2741 amici,
1058 2687 1273 2746 oportet
1303 2694 1445 2734 nunc
1480 2697 1540 2733 ex
1572 2684 1729 2749 equis
1768 2682 2127 2746 descendere,

540 2770 600 2814 ut
624 2778 815 2817 eamus
837 2765 903 2818 ad
928 2780 1141 2819 comam
1180 2785 1195 2833 ;
1233 2779 1419 2837 postea
1452 2782 1633 2824 autem
1665 2772 1946 2825 ostendam
1980 2772 2129 2827 vobis

537 2852 888 2911 Mamantem.
928 2857 988 2911 I-Ii
1022 2874 1152 2928 ergo
1175 2861 1242 2913 ab
1277 2875 1342 2913 eo
1376 2862 1615 2929 hospitio
1647 2862 1879 2930 accepti,
1908 2878 2126 2917 caseum

542 2956 601 2999 et
630 2961 826 3015 panem
857 2949 1092 3004 libenter
1128 2951 1489 3005 comederunt
1524 2970 1537 3017 ;
1574 2952 1657 3006 his
1698 2954 1842 3007 enim
1880 2956 2128 3026 egregius

538 3051 634 3089 eos
660 3038 869 3106 accepit
902 3039 1125 3104 Mamas,
1160 3042 1412 3095 dominus
1444 3042 1701 3097 convivii.

2226 577 2400 646 inquit
2427 593 2648 647 praeses,
2681 577 3007 644 perspicere,
3074 577 3397 643 quibusnam
3453 588 3617 632 utens
3666 594 3810 647 prae-

2224 667 2396 737 stigiis
2419 676 2473 721 et
2511 666 2993 729 incantationibus,
3024 666 3232 719 viribus
3255 667 3694 737 inexpugnabilia
3742 677 3803 721 et

2226 759 2337 812 fera
2360 757 2611 811 animalia
2638 756 2869 819 inducis,
2903 765 2963 811 ut
2983 772 3107 811 cum
3139 758 3217 809 eis
3244 758 3429 827 degas,
3451 769 3504 811 et
3534 758 3677 825 apud
3703 773 3804 811 eas

2223 849 2505 903 versaris:
2553 849 2785 915 imperes
2842 858 3021 903 autem
3075 851 3489 918 propemodum,
3544 861 3808 919 tanquam

2225 941 2433 995 ratione
2487 940 2745 1010 praeditis.
2802 939 3160 1009 Respondens
3184 952 3363 997 autem
3417 950 3619 1007 martyr
3655 960 3667 993 :
3698 942 3807 1004 Qui

2223 1033 2411 1099 servit,
2446 1032 2639 1101 inquit.
2676 1032 2785 1086 Deo
2821 1047 2963 1097 meo,
2997 1033 3088 1101 qui
3113 1033 3257 1087 solus
3298 1033 3449 1095 vivit,
3483 1044 3539 1086 et
3588 1040 3672 1089 est
3720 1048 3817 1085 ve-

2222 1136 2337 1186 rus,
2368 1137 2435 1175 ne
2464 1122 2545 1174 vel
2570 1136 2755 1189 parum
2790 1120 3010 1189 quidem
3046 1120 3371 1172 sustinuerit
3399 1120 3599 1172 versari
3635 1128 3691 1172 et
3721 1118 3811 1169 vi-

2222 1226 2329 1270 tam
2356 1230 2515 1283 agere
2547 1230 2671 1267 cum
2702 1213 3002 1267 idololatris
3037 1220 3092 1266 et
3122 1211 3398 1265 maleﬁcis.
3432 1210 3809 1276 Quamobrem

2221 1321 2321 1377 ego
2347 1306 2478 1360 mihi
2503 1306 2642 1360 duco
2672 1320 2791 1359 esse
2821 1304 3191 1374 praestantius,
3220 1303 3427 1355 versari
3460 1303 3621 1354 simul
3682 1316 3814 1354 eum

2220 1398 2372 1463 t‘eris,
2400 1413 2559 1466 quam
2598 1397 2879 1450 vobiscum
2940 1395 3207 1449 habitare.
3260 1391 3392 1445 Nam
3434 1391 3538 1447 ille
3584 1390 3816 1457 quidem

2221 1505 2330 1543 non
2360 1489 2561 1543 nostris
2592 1488 2946 1548 inducuntur,
3003 1496 3063 1538 ut
3105 1493 3284 1554 putas,
3318 1481 3807 1544 incantationibus,

2222 1592 2276 1635 et
2303 1581 2423 1635 ideo
2446 1582 2575 1635 mihi
2606 1580 2911 1634 redduntur
2931 1578 3141 1631 cicures
3168 1584 3223 1630 ct
3259 1576 3589 1635 domestic-az,
3623 1589 3811 1641 neque

2222 1674 2366 1727 enim
2392 1674 2505 1727 scio
2549 1672 2675 1741 quid
2706 1671 2807 1725 sibi
2844 1669 2970 1723 velit
2994 1668 3075 1722 vel
3103 1668 3276 1721 solum
3317 1681 3514 1719 nomen
3556 1667 3817 1719 incanta-

2227 1764 2390 1816 tionis
2425 1781 2439 1827 ;
2475 1764 2569 1817 sed
2599 1772 2654 1817 et
2696 1762 2740 1817 si
2770 1762 2881 1816 sint
2909 1759 3211 1829 prudentiae
3256 1766 3509 1826 expertes
3539 1765 3594 1808 et
3638 1755 3817 1807 ratio-

2232 1857 2336 1919 nis,
2364 1857 2543 1910 sciunt
2575 1866 2753 1910 tamen
2788 1855 2917 1920 ipsa:
2944 1868 3156 1922 quoque
3201 1865 3383 1905 meum
3434 1844 3671 1901 revereri
3707 1846 3821 1896 Do-

2231 1951 2461 2010 minum,
2517 1948 2651 2001 etin
2698 1946 2902 1999 honore
2960 1946 3159 1998 habere
3218 1944 3338 2011 ejus
3396 1941 3652 1994 famulos.
3698 1939 3814 1993 Vos

2233 2055 2363 2094 vero
2388 2040 2520 2094 estis
2548 2039 2727 2107 longe,
2764 2053 2924 2106 quam
2948 2038 3100 2105 ipsae,
3124 2035 3304 2089 minus
3327 2032 3615 2101 participes
3644 2048 3703 2084 ra
3715 2032 3828 2085 tio-

2230 2130 2337 2195 nis,
2368 2130 2510 2199 quod
2543 2145 2666 2185 cum
2720 2129 2837 2183 illas
2888 2129 3131 2182 habeatis
3179 2125 3451 2195 exemplar
3507 2125 3823 2178 honorandi

2230 2222 2467 2287 Domini,
2504 2238 2572 2275 ne
2606 2222 2687 2276 sic
2710 2222 2931 2289 quidem
2967 2218 3285 2291 intelligitis.

2306 2314 2441 2367 XIII.
2478 2314 2682 2366 Pr.eses
2711 2322 2891 2364 autem
2926 2326 3048 2364 cum
3083 2310 3344 2363 adversus
3376 2309 3489 2362 hsce
3518 2323 3588 2361 ne
3624 2316 3821 2375 posset

2231 2406 2448 2475 quidem
2477 2404 2875 2464 contradicere,
2908 2402 3208 2456 conabatur
3240 2408 3426 2467 aperte
3463 2398 3568 2450 vim
3601 2399 3830 2454 aﬂ‘erre.

2230 2496 2341 2550 Cur
2368 2506 2549 2550 autem
2592 2510 2678 2558 eo,
2711 2494 2907 2557 aiebat,
2955 2489 3261 2561 processisti
3286 2487 3531 2543 stultitia:
3570 2496 3624 2540 et
3648 2487 3830 2540 auda-

2230 2589 2350 2650 ciae,
2404 2597 2463 2641 ut
2518 2588 2767 2655 insurgas
2821 2584 3042 2654 quidem
3101 2583 3364 2635 adversus
3421 2580 3828 2650 imperatorum

2231 2678 2663 2739 constitutiones,
2696 2676 3039 2745 impudenter
3073 2683 3253 2725 autem
3303 2686 3402 2724 nos
3451 2686 3668 2738 quoque
3708 2670 3829 2723 alli-

2232 2772 2345 2823 cias
2387 2768 2764 2823 contumeliis?
2794 2766 2898 2820 Sed
2944 2772 3211 2819 tormenta
3242 2771 3292 2815 te
3326 2761 3409 2815 vel
3442 2761 3668 2814 invitum
3711 2778 3832 2815 omo

2230 2862 2361 2915 nino
2414 2877 2478 2916 ca
2519 2876 2639 2930 qua:
2688 2866 2927 2929 oportet,
2990 2856 3296 2911 docuerint.
3341 2855 3407 2908 Et
3440 2855 3621 2907 statim
3659 2855 3826 2922 jubet

2230 2968 2356 3009 eum
2402 2966 2729 3021 suspensum
2777 2949 2931 3003 valde
2977 2948 3132 3002 caedi.
3167 2946 3258 2998 Ille
3291 2955 3498 3009 autem,
3530 2955 3582 2997 et
3608 2945 3651 2998 si
3679 2946 3825 3002 adeo

2231 3046 2423 3100 acerbe
2460 3046 2813 3105 laceraretur,
2849 3039 3079 3108 perinde
3121 3046 3241 3090 erat
3274 3038 3521 3099 allectus,
3570 3048 3741 3106 atque
3786 3038 3831 3090 si

610 3126 725 3181 ΧΙΙ.
762 3128 983 3183 Interim
1026 3142 1207 3185 autem
1268 3132 1331 3184 ad
1384 3141 1672 3202 martyrem
1721 3134 2018 3200 accedunt,
2074 3148 2132 3192 ut
2160 3171 2203 3231 ο
2237 3137 2441 3191 nullum
2472 3135 2712 3189 dolorem
2762 3132 2987 3187 sentiret
3039 3130 3270 3201 penitus.
3314 3129 3500 3198 Neque
3530 3130 3675 3183 enim
3721 3140 3835 3183 tor-

540 3232 967 3287 consueverant,
1030 3221 1248 3277 [erilium
1284 3224 1609 3288 animantes,
1673 3235 1731 3278 ut
1789 3241 2131 3297 unaquaeque

540 3328 639 3368 suo
661 3313 799 3368 lacte
835 3316 1191 3385 mulgeretur.
1231 3316 1383 3380 Quod
1424 3332 1545 3375 cum
1574 3317 1833 3371 vidissent
1892 3323 2128 3387 equites,

540 3418 634 3455 eos
659 3403 857 3455 invasit
884 3415 1071 3472 stupor
1116 3406 1372 3467 ettimor,
1414 3415 1466 3458 et
1524 3421 1679 3459 caena
1724 3409 1943 3473 relicta,
2004 3424 2135 3463 con-

541 3494 757 3565 fugiunt
784 3495 849 3549 ad
908 3506 1220 3567 martyrem.
1303 3498 1396 3551 llle
1446 3514 1578 3551 vero
1628 3514 1749 3552 rum
1798 3509 1999 3554 metum
2052 3501 2131 3555 eis

542 3587 856 3652 ademisset,
921 3597 975 3640 et
1026 3601 1121 3640 eos
1189 3590 1362 3641 bono.
1416 3599 1469 3641 et
1531 3590 1715 3644 ﬁdenti
1772 3594 1954 3647 animo
2013 3610 2133 3649 esse

538 3666 834 3748 jussisset,
899 3676 1095 3732 deinde
1177 3679 1338 3733 vellet
1400 3680 1561 3733 etiam
1615 3695 1801 3735 eorum
1845 3686 2053 3739 animos
2101 3702 2131 3740 a

544 3785 674 3823 cura
706 3768 963 3829 liberare,
995 3768 1133 3823 dixit
1166 3786 1224 3825 se
1255 3771 1474 3842 quidem
1510 3785 1633 3827 vere
1692 3790 1812 3827 eum
1839 3788 1981 3841 esse,
2040 3780 2134 3846 qui

544 3861 916 3930 quaerebatur,
955 3861 1309 3929 Mamantem,
1354 3879 1425 3917 ne
1481 3866 1718 3935 ampliUs
1756 3881 1879 3921 eum
1925 3883 2136 3937 quaere—

546 3964 688 4008 rent.
722 3955 830 4010 Eos
858 3971 989 4026 ergo
1015 3956 1262 4020 dimittit,
1300 3957 1576 4025 pollicitus
1637 3959 1876 4027 seipsum
1916 3978 2133 4032 quoque

545 4061 669 4099 mox
704 4055 1016 4100 venturum.
1048 4047 1253 4100 Deinde
1285 4062 1406 4100 cum
1433 4049 1643 4118 equites
1672 4053 1919 4117 protinus
1955 4070 2136 4107 reces-

546 4137 751 4191 sissent
782 4137 896 4207 (tali
937 4138 1084 4191 enim
1124 4138 1243 4193 viro
1259 4140 1576 4205 credebant,
1604 4155 1782 4210 neque
1811 4143 1862 4194 in
1894 4122 1960 4196 eo
1987 4154 2137 4212 pote-

547 4238 671 4283 rant
694 4230 861 4283 ullum
893 4231 1156 4300 suspicari
1195 4232 1561 4300 mendacium)
1596 4249 1719 4286 eum
1771 4251 1933 4288 unum
1961 4251 2025 4289 ex
2069 4238 2135 4291 iis

546 4324 639 4391 qui
679 4331 837 4375 erant
881 4322 935 4375 in
966 4332 1173 4385 monte,
1220 4322 1487 4383 leonibnS,
1552 4334 1755 4394 martyr
1786 4338 1916 4384 nutu
1963 4330 2030 4383 ad
2074 4345 2133 4384 se

547 4424 816 4477 vocasset,
870 4414 1024 4483 jubet
1080 4430 1227 4477 eum,
1291 4425 1577 4483 postquam
1638 4416 1756 4485 ipse
1839 4419 2130 4489 ingressus

2238 3238 2382 3283 tores
2425 3229 2633 3297 aspexit
2671 3225 2999 3285 eﬂ‘eminate,
3033 3239 3133 3277 nec
3157 3238 3213 3277 se
3246 3222 3461 3275 mollem
3510 3223 3747 3291 praebuit
3779 3224 3831 3275 in

2236 3328 2527 3381 tormento,
2560 3333 2669 3370 non
2701 3317 2905 3370 humile
2932 3325 2986 3368 et
3019 3314 3278 3369 illiberale
3321 3312 3523 3380 aliquid
3555 3323 3639 3366 est
3668 3313 3832 3367 Iocu-

2239 3414 2324 3460 tus
2357 3424 2370 3459 :
2405 3404 2498 3459 sed
2543 3411 2687 3457 recta
2727 3403 2780 3456 in
2815 3400 3013 3455 ccelum
3057 3414 3185 3455 suos
3219 3398 3481 3453 deﬁxerat
3530 3399 3727 3454 oculos
3779 3414 3835 3455 et

2235 3497 2657 3554 consolationem
2685 3494 3034 3564 exspectabat
3052 3509 3081 3548 a
3107 3493 3338 3563 superis.
3363 3491 3498 3547 Cum
3532 3508 3664 3547 vero
3694 3511 3835 3564 prae-

2236 3607 2324 3649 ses
2375 3592 2767 3662 suppliciorum
2813 3600 2868 3645 et
2925 3590 3173 3644 dolorum
3236 3589 3589 3643 acerbitatem
3644 3590 3833 3645 inten-

2236 3685 2408 3749 deret,
2443 3693 2495 3738 et
2539 3682 2769 3736 instaret
2813 3688 2871 3733 ut
2940 3689 3143 3747 martyr
3179 3680 3475 3732 Ianiarctur
3528 3680 3832 3735 vehemen-

2237 3778 2362 3836 tius,
2398 3791 2501 3830 vox
2538 3775 2786 3845 quzedam
2814 3773 3021 3833 divina.
3051 3788 3167 3843 qute
3195 3772 3406 3827 exstitit
3436 3789 3467 3828 e
3500 3775 3743 3843 superis,
3779 3775 3830 3829 ei

2234 3868 2453 3939 quidem
2504 3867 2647 3921 levat
2696 3882 2945 3936 magnam
2999 3874 3207 3934 partem
3243 3866 3491 3921 doloris:
3534 3868 3831 3923 conﬁrmat

2218 3970 2417 4019 autem
2450 3970 2505 4014 et
2548 3960 2861 4014 corroborat
2890 3958 2965 4019 id,
3017 3957 3159 4025 quod
3195 3956 3498 4023 laborabat,
3541 3968 3596 4012 et
3644 3961 3835 4036 reddi,

2236 4070 2361 4109 eum
2412 4051 2698 4123 quibusvis
2750 4050 3040 4106 tormentis
3091 4049 3457 4119 superiorem.
3513 4050 3648 4104 Eam
3706 4068 3833 4105 eum

2239 4145 2397 4200 multi
2430 4145 2707 4200 audissent
2744 4159 2809 4197 ex
2842 4143 3115 4204 ﬁdelibus.
3158 4141 3425 4196 ﬁrmiores
3472 4151 3527 4196 et
3567 4153 3835 4198 constan-

2236 4238 2399 4292 tiores
2438 4244 2729 4289 evaserunt
2763 4235 2815 4287 in
2848 4236 3070 4303 pietate.
3110 4234 3415 4287 Alexander
3448 4244 3633 4287 autem
3664 4248 3822 4303 post-

2234 4342 2395 4399 quam
2438 4325 2566 4379 vidit
2599 4338 2921 4394 generosum
2950 4321 3275 4375 Mamantem
3318 4320 3471 4375 nihili
3497 4321 3679 4376 facere
3725 4323 3834 4378 fer-

2235 4432 2355 4472 reas
2388 4416 2504 4470 illas
2554 4413 2803 4485 ungulas,
2846 4412 3045 4482 quibus
3078 4411 3404 4475 laniabatur,
3452 4412 3617 4466 corde
3660 4414 3836 4483 magis

548 4502 717 4556 fuerit
746 4503 1005 4563 stadium,
1033 4503 1236 4556 cursim
1295 4520 1521 4573 pergere
1588 4505 1653 4559 ad
1686 4505 1902 4563 Cnecos
1957 4518 2012 4562 et
2043 4507 2137 4562 Ju-
2168 4524 2211 4579 ο
2242 4513 2578 4565 lacerabatur
2607 4508 2675 4561 ab
2709 4506 2956 4571 insania;
2988 4515 3041 4560 et
3078 4506 3255 4575 ipsum
3286 4505 3507 4574 quidem
3554 4506 3710 4561 illinc
3736 4507 3834 4560 dc-

548 4596 718 4660 dmos,
748 4595 839 4663 qui
869 4595 1049 4665 lingua
1082 4595 1343 4648 maledica
1375 4597 1578 4649 nomini
1634 4597 1900 4666 Unigeniti
1962 4601 2144 4655 detra-

554 4689 717 4751 hunt,
782 4695 838 4739 et
883 4686 935 4739 id
995 4687 1301 4740 maledictis
1359 4686 1657 4754 incessunt,
1708 4698 1764 4742 et
1810 4690 1888 4743 eis
1950 4690 2142 4747 all’crrc

549 4779 855 4833 interitum.
892 4774 1016 4829 Haec
1048 4792 1171 4829 cum
1200 4778 1457 4844 jussisset
1490 4778 1643 4842 ferte,
1673 4795 1702 4833 e
1726 4778 1911 4835 mente
1963 4783 2137 4851 proli-

549 4869 775 4924 ciscitur
808 4884 822 4921 :
851 4877 906 4921 et
939 4865 1154 4923 accedit
1206 4866 1272 4919 ad
1328 4869 1557 4935 equites,
1612 4870 1704 4938 qui
1772 4886 1896 4924 eum
1943 4890 2139 4943 exspe-

552 4962 775 5014 etabant
815 4958 883 5013 ad
942 4957 1439 5029 portameivilatis.
1500 4957 1633 5011 Cum
1683 4959 1717 5011 ii
1777 4961 1960 5030 itaque
2014 4979 2139 5019 eum

552 5051 1000 5119 assumpsissent,
1022 5051 1230 5102 ducunt
1255 5050 1319 5100 ad
1387 5050 1777 5103 Alexandrum.
1815 5051 1909 5105 Ille
1958 5059 2140 5105 autem

552 5144 807 5214 protinus
876 5160 891 5196 :
956 5140 1109 5196 Tune
1158 5158 1238 5208 es,
1300 5142 1495 5212 inquit,
1567 5145 1655 5197 ille
1712 5146 1807 5214 qui
1860 5161 1918 5199 es
1970 5146 2144 5216 magia

550 5235 826 5303 insignis?
886 5232 1089 5303 Martyr
1144 5245 1324 5289 autem
1369 5234 1569 5289 Hamas
1618 5238 1916 5302 prudenter
1969 5239 2142 5292 dicit:

555 5328 667 5399 Ego
688 5340 806 5380 sum
841 5323 1045 5379 Christi
1078 5342 1290 5391 servus,
1330 5328 1421 5396 qui
1477 5329 1557 5383 eis
1596 5330 1811 5397 quidem
1869 5330 1960 5398 qui
2015 5343 2138 5382 cre-

555 5418 693 5473 dunt
740 5417 795 5469 in
865 5418 1065 5486 ipsum,
1096 5424 1151 5471 et
1202 5416 1410 5470 faciunt
1464 5421 1583 5489 ejus
1648 5421 2008 5483 voluntatem,
2042 5420 2134 5474 dat

557 5510 829 5576 salutem;
862 5524 1045 5578 magos
1091 5518 1271 5564 autem
1304 5518 1359 5563 et
1379 5508 1766 5576 incantatorcs,
1821 5523 1877 5567 et
1904 5527 2000 5567 eos
2032 5512 2129 5581 qui

560 5600 792 5656 adorant
834 5598 998 5664 idola,
1026 5598 1134 5670 igni
1170 5603 1343 5658 tradit
1367 5607 1596 5657 cterno.
1631 5601 1735 5657 Sed
1790 5621 2024 5674 quanam
2066 5606 2133 5661 de

671 5782 685 5811 '
721 5780 737 5835 l
765 5780 889 5837 Cor.
918 5798 989 5849 tv,
1018 5780 1106 5835 19..

2251 4599 2723 4657 ducitzaeeen‘dit
2774 4608 2953 4652 sutcm
3008 4595 3281 4649 fornacem
3330 4594 3491 4662 ignis,
3524 4604 3584 4648 ut
3622 4596 3832 4649 athleta

2252 4693 2305 4744 in
2342 4706 2461 4744 eam
2492 4691 2787 4759 jacerctur.
2836 4689 3012 4755 Atque
3034 4686 3144 4756 jam
3176 4686 3395 4755 quidem
3427 4685 3834 4741 accendedatur

2247 4784 2441 4839 [οι-ηπ
2470 4782 2608 4853 ignis
2640 4797 2657 4833 :
2692 4795 2892 4851 prmses
2921 4794 3073 4845 vero,
3102 4779 3362 4849 quoniam
3418 4786 3551 4834 tunc
3590 4789 3711 4834 erat
3736 4795 3833 4834 oc-

2246 4885 2475 4949 cupatus
2504 4876 2558 4931 in
2590 4874 2729 4942 aliis,
2767 4875 2933 4929 satius
2961 4889 3081 4928 esse
3113 4874 3323 4941 putavit
3355 4888 3651 4942 parumper
3687 4888 3833 4926 mar-

2246 4978 2415 5039 tyrem
2450 4966 2661 5020 tradere
2690 4965 2743 5018 in
2786 4964 3108 5016 custodiam.
3150 4961 3392 5026 Quadam
3422 4962 3567 5015 enim
3601 4975 3699 5029 spe
3728 4963 3829 5016 du-

2246 5061 2492 5124 cebatur,
2549 5057 2692 5127 quod
2736 5056 2779 5109 si
2816 5054 2867 5109 ei
2912 5062 3126 5124 tempus
3178 5054 3419 5121 daretur,
3474 5063 3536 5109 ut
3586 5055 3734 5122 apud
3773 5071 3831 5109 se

2247 5160 2413 5215 esset,
2468 5157 2523 5204 ct
2553 5147 2923 5202 consideraret
2951 5146 3281 5206 accuratius,
3320 5146 3433 5201 lore
3464 5157 3524 5197 ut
3568 5152 3623 5198 et
3661 5160 3831 5215 expc-

2250 5239 2442 5295 rientia
2470 5236 2759 5301 malorum,
2788 5250 2907 5305 qua:
2930 5243 3341 5307 praecesserant,
3367 5242 3422 5288 et
3450 5241 3595 5286 metu
3628 5234 3827 5289 futura:

2251 5331 2504 5394 fornacis,
2547 5330 2829 5384 accederet
2859 5329 3071 5383 mollior
3108 5329 3175 5382 ad
3210 5326 3478 5382 secundas
3518 5325 3827 5396 interroga-

2242 5424 2437 5487 tiones,
2473 5430 2666 5476 etnon
2710 5436 2898 5490 parum
2931 5420 3169 5489 priorem
3218 5434 3374 5474 suam
3415 5427 3653 5474 mutaret
3702 5434 3823 5474 seu-

2242 5513 2485 5568 tentiam.
2518 5513 2693 5579 Atque
2724 5512 2811 5564 ille
2842 5510 3057 5579 quidem
3088 5510 3170 5563 vir
3192 5524 3486 5581 generosus
3519 5508 3817 5578 conjicitur

2243 5606 2297 5658 in
2341 5618 2613 5659 carcerem
2660 5601 2775 5655 :ad
2823 5601 3178 5673 quadraginta
3219 5612 3399 5659 autem
3449 5599 3817 5660 Christianos,
