3970 6492
165 437 267 501 573

1265 430 1735 493 MAIITYRIUM
1777 431 1841 490 S.
1883 429 2303 492 MAMANTIS.

3314 421 3416 484 5η

163 551 249 623 qui
283 550 336 605 in
382 561 451 602 eo
496 547 645 617 prius
682 543 1087 610 detinebantur,
1122 543 1194 599 ibi
1250 544 1501 599 inventos
1541 544 1735 597 liberat
1758 542 1813 603 Α
1838 549 2153 597 reverenter
2168 540 2446 597 adorabat.
2480 550 2535 596 et
2561 539 2625 595 ad
2656 540 2773 609 ejus
2800 537 2965 607 pedes
3009 536 3418 607 procumbebat.

166 659 193 697 a
222 639 455 694 vinculis
485 656 500 691 :
534 647 589 692 et
618 651 742 692 cum
787 636 1024 691 carceris
1068 636 1243 690 claves
1275 645 1331 690 et
1364 645 1547 691 vectes
1594 635 1745 689 Iabe-

166 734 444 792 factasset,
476 729 597 785 sola.
632 730 967 798 precatione,
1012 738 1068 784 et
1099 739 1239 783 tOtas
1266 736 1453 797 portas
1497 728 1744 797 aperuis-

167 824 270 880 set,
325 818 407 871 eis
452 817 672 882 quidem
721 816 989 877 concedit,
1034 826 1094 869 ut
1147 816 1267 870 sine
1300 815 1485 870 labore
1527 828 1741 881 exeant,

168 908 499 975 relinquitur
529 917 710 961 autem
744 908 831 961 ille
858 907 1006 961 solus
1045 910 1096 959 in
1131 906 1396 969 custodia,
1437 907 1490 959 in
1515 920 1618 975 qua
1650 920 1746 958 an-

164 1003 262 1073 geli
292 1003 580 1071 praesentia
603 1004 935 1060 excitabatur
957 1014 1012 1057 et
1030 1002 1454 1057 conlirmabatur
1473 1001 1539 1057 ad
1561 1000 1745 1056 futura

164 1095 493 1149 certamina.

238 1183 387 1239 XIV.
431 1184 644 1240 lnterea
675 1201 804 1254 ergo
830 1186 941 1254 jam
986 1202 1212 1243 accensa
1244 1197 1361 1242 erat
1406 1188 1596 1242 fornax
1634 1204 1650 1243 :
1692 1197 1747 1243 et

165 1291 392 1346 praeses,
435 1276 658 1344 abjectis
697 1278 818 1331 aliis
844 1280 1009 1342 euris,
1040 1294 1227 1333 rursus
1265 1280 1517 1348 producit
1546 1290 1747 1350 marty-

166 1378 279 1417 rem
311 1365 379 1418 ad
418 1364 668 1427 tribunal,
700 1375 755 1420 et
783 1368 911 1421 dicit
943 1386 957 1420 :
991 1367 1160 1421 Tanta
1199 1372 1423 1423 omnino
1458 1381 1643 1424 nostra
1692 1370 1744 1424 in

166 1455 332 1507 rebus
372 1454 609 1509 maxime
660 1459 980 1512 necessariis
1027 1461 1332 1529 occupatio,
1375 1470 1428 1515 et
1490 1462 1746 1517 diuturna

170 1544 222 1597 in
259 1544 372 1598 illis
408 1560 579 1610 mora,
614 1550 965 1616 prabuernnt
995 1560 1207 1621 tempus
1257 1553 1480 1607 ineundi
1526 1554 1742 1608 consilii

166 1632 309 1698 quod
345 1639 495 1685 esset
543 1633 635 1687 tibi
673 1634 826 1691 utile.
882 1637 977 1690 Sin
1030 1638 1233 1700 minus,
1269 1647 1323 1691 tu
1372 1638 1539 1699 vides,
1583 1655 1747 1708 quam

169 1724 238 1777 sit
280 1724 391 1777 alta
427 1725 618 1781 fornax
648 1744 661 1779 :
691 1729 826 1782 nihil
860 1738 1036 1783 tamen
1064 1731 1262 1793 dicam,
1292 1730 1466 1784 donec
1503 1730 1747 1786 inconsi-

168 1814 354 1869 derata
393 1814 509 1871 haec
543 1825 630 1870 tua
660 1823 962 1875 constantia
1009 1819 1271 1881 effecerit,
1313 1830 1371 1873 ut
1414 1828 1465 1874 te
1518 1823 1745 1875 multmn

1843 634 2099 699 Dixisses,
2137 636 2180 689 si
2213 633 2461 697 vidisses,
2501 648 2625 686 eum
2671 630 2919 700 amplecti
2975 629 3117 682 illius
3174 626 3416 695 vestigia.

1842 725 2050 781 Pardus
2080 733 2259 778 autem
2288 725 2427 779 lenis
2443 733 2499 777 et
2550 731 2884 785 mansuetus,
2916 720 2971 772 in
3010 720 3125 785 ejus
3164 720 3421 774 humeros

1843 816 2167 871 citra.ullam
2196 816 2441 869 insiliens
2470 814 2799 876 molestiam,
2846 812 3023 881 lingua
3077 809 3424 878 abstergebat

1842 910 1962 979 ejus
1993 909 2269 967 sudorem,
2293 916 2349 961 et
2382 922 2506 961 eum
2538 904 2899 960 demulcebat.
2949 900 3169 971 perinde
3206 913 3268 951 ac
3295 913 3419 951 eum

1844 1002 2130 1063 deliniens,
2159 1010 2212 1055 et
2242 1015 2383 1070 aegre
2414 998 2590 1053 ferens
2613 1013 2672 1051 ea
2703 1012 2823 1066 qua:
2854 996 3181 1065 patiebatur.
3214 992 3285 1048 Et
3304 1006 3424 1059 quae

1843 1112 1874 1151 a
1889 1095 2119 1167 prteside
2131 1092 2349 1162 quidem
2370 1091 2623 1143 immissae
2642 1098 2768 1142 sunt
2785 1087 2991 1150 bestiae,
3018 1084 3117 1144 sic,
3139 1092 3197 1135 ut
3212 1082 3426 1157 videtis.

1844 1204 2026 1244 meum
2062 1194 2365 1241 tractarunt
2395 1184 2676 1237 athletam.
2708 1178 2813 1233 Sed
2846 1195 2953 1231 non
2985 1178 3066 1231 sic
3092 1177 3199 1241 leo,
3229 1176 3321 1243 qui
3358 1178 3424 1229 ab

1845 1282 1938 1336 illo
1971 1282 2182 1350 signum
2226 1275 2454 1343 accepit,
2510 1288 2669 1343 quem
2712 1272 2827 1340 ipse
2876 1267 3107 1320 armavit
3158 1267 3423 1319 adversus

1846 1373 2066 1443 impios,
2100 1381 2155 1425 ut
2194 1369 2347 1439 prius
2402 1366 2658 1421 diximus.
2706 1361 2841 1415 Nam
2876 1357 3131 1411 dentibus
3168 1356 3427 1417 stridens,

1847 1474 1902 1521 et
1934 1465 2067 1517 iram
2106 1462 2338 1531 Spirans,
2375 1470 2604 1526 propere
2637 1450 2916 1509 descendit
2942 1450 3008 1504 de
3037 1458 3220 1503 monte
3257 1464 3270 1500 :
3303 1462 3429 1500 cum

1846 1555 2224 1612 conturbasset
2259 1552 2554 1609 theatrum,
2591 1557 2646 1599 et
2676 1547 2730 1598 in
2772 1553 2950 1612 partes
2983 1541 3329 1603 dissecasset,
3366 1552 3434 1591 ex

1847 1651 1927 1706 cis
1960 1646 2176 1719 quidem
2209 1644 2411 1697 multos
2441 1638 2727 1708 discerpsit
2756 1635 3014 1691 dentibus
3051 1640 3106 1684 et
3137 1630 3430 1699 unguibus.

1849 1742 1967 1809 Quo
2019 1738 2239 1811 quidem
2306 1745 2552 1803 tempore
2626 1725 3045 1784 innumerabilis
3139 1720 3434 1775 multitudo

1852 1833 2175 1898 infidelium,
2243 1827 2607 1895 intelligentes
2672 1823 2928 1875 virtutem
2993 1818 3256 1877 divinam,
3319 1825 3439 1881 qua:

170 1906 445 1976 deplores.
494 1909 586 1962 llle
614 1918 795 1964 autem
828 1910 911 1963 vir
935 1913 1181 1982 egregius
1209 1932 1219 1964 :
1248 1912 1368 1966 Jam
1401 1914 1518 1977 tibi,
1550 1929 1582 1965 ο
1609 1931 1746 1983 pra:-

1858 1892 1967 1980 erat
1999 1925 2051 1977 in
2084 1892 2340 1989 martyre,
2372 1892 2490 1986 ejus
2537 1915 2702 1970 Deum
2747 1912 3029 1982 magniﬁce
3082 1904 3436 1963 extollebant.

171 2012 276 2059 ses,
316 2000 471 2069 prius
495 2012 669 2052 meam
706 2000 892 2068 aperui
932 2002 1293 2068 sententiam;
1320 2020 1418 2057 cur
1458 2005 1524 2058 de
1560 2003 1749 2058 iisdem

173 2091 332 2143 rebus
363 2090 456 2143 tibi
494 2104 683 2144 rursus
711 2092 934 2147 exhibes
965 2095 1429 2163 negotium‘HJum
1458 2096 1747 2164 inccpcris,

174 2181 335 2235 ﬁnem
362 2178 629 2249 impone;
674 2199 742 2237 ne
782 2183 1004 2238 differas
1034 2200 1096 2239 ea
1144 2202 1263 2255 quae.
1311 2187 1442 2240 mihi
1474 2203 1532 2240 es
1581 2191 1749 2239 mina-

174 2281 277 2325 tus.
321 2272 531 2328 Praeses
591 2286 772 2329 autent
822 2290 944 2331 eum
980 2276 1228 2346 protinus
1281 2278 1525 2331 immittit
1554 2279 1606 2331 in
1643 2278 1753 2332 for-

170 2375 381 2417 nacem.
435 2362 539 2418 Sed
572 2366 663 2434 qui
695 2368 898 2435 pueris,
935 2367 1027 2438 qui
1077 2378 1231 2424 erant
1271 2356 1329 2423 in'
1359 2369 1597 2439 Assyria,
1638 2368 1755 2423 lor-

172 2468 362 2509 nacem
390 2455 684 2525 aliquando
717 2474 839 2512 rore
868 2462 1099 2527 aspersit
1132 2462 1296 2525 Deus,
1334 2463 1378 2514 is
1414 2462 1500 2515 hic
1537 2479 1751 2531 quoque

174 2544 384 2606 aderat,
422 2546 680 2601 auferens
720 2548 858 2617 ignis
904 2552 1291 2619 operationem.
1330 2553 1525 2624 Martyr
1566 2565 1745 2608 autem

174 2634 498 2687 versabatur
551 2634 604 2687 in
653 2635 891 2705 ﬂamma,
946 2647 1198 2710 tanquam
1243 2642 1296 2696 in
1339 2653 1492 2713 prato
1540 2644 1748 2705 ﬂorido.

172 2722 309 2778 Toto
362 2735 513 2779 certe
552 2734 816 2798 tempore.
863 2747 973 2800 quo
1001 2733 1054 2786 in
1086 2734 1206 2802 igne
1250 2746 1331 2790 est
1367 2748 1626 2800 moratus.
1663 2755 1749 2795 ca-

172 2817 335 2871 nebat
371 2816 601 2887 bymnos
652 2826 717 2875 ad
767 2821 953 2878 Deum.
1002 2825 1178 2893 Atque
1231 2837 1340 2880 tres
1379 2830 1597 2897 quidem
1632 2832 1749 2886 dies

173 2924 295 2961 eum
342 2910 517 2963 tenuit
564 2910 776 2967 fornax.
814 2913 1017 2970 Deinde
1061 2932 1183 2971 cum
1217 2917 1430 2973 ﬂamma
1484 2935 1750 2977 cessasset

173 3008 225 3051 et
253 3006 442 3051 essent
473 3001 526 3053 in
555 3002 791 3056 cinerem
830 3004 1077 3059 dissoluti
1110 3007 1389 3071 carbones,
1420 3011 1572 3080 jubet
1602 3027 1741 3081 pne-

176 3104 260 3143 ses
296 3090 601 3155 lictoribus,
651 3102 707 3146 ut
738 3093 991 3160 eﬂerant,
1025 3098 1069 3151 si
1114 3100 1245 3167 quid
1274 3101 1346 3155 sit
1382 3102 1647 3172 reliquum
1680 3120 1746 3160 ex

1854 2017 1997 2080 Ilmc,
2031 2030 2149 2083 quas
2183 2014 2263 2067 vel
2300 2012 2447 2079 ipsos
2475 2015 2725 2077 poterant
2807 2003 3015 2057 mollire
3044 1998 3269 2069 lapides,
3314 1994 3439 2048 red-

1854 2111 2053 2167 debant
2097 2104 2379 2177 praesidem
2417 2102 2694 2155 duriorem
2733 2115 2748 2152 :
2782 2106 2835 2151 et
2887 2097 3099 2149 ieoncm
3148 2102 3337 2144 rursus
3387 2085 3440 2136 in

1854 2204 2029 2271 ipsum
2046 2196 2305 2252 immittit.
2331 2195 2425 2248 Ille
2456 2198 2929 2259 autem,quantnm
2954 2184 3043 2253 qui
3064 2184 3440 2275 praecesserat,

1852 2295 2114 2350 cﬂ‘cratus
2154 2291 2330 2345 fuerat
2365 2288 2420 2342 in
2478 2284 2703 2355 impium
2735 2281 3028 2337 theatrum,
3064 2283 3119 2327 et
3152 2274 3231 2325 eis
3255 2274 3443 2326 quavis

1850 2388 2023 2437 morte
2043 2379 2205 2432 vitam
2226 2377 2480 2431 eﬂ‘ecerat
2496 2354 2854 2429 acerbiorem,
2881 2376 3090 2419 tantum
3112 2361 3199 2415 hic
3218 2354 3442 2413 accessit

1854 2474 2002 2528 mitis
2030 2482 2085 2526 et
2117 2477 2434 2524 mansuetus
2466 2474 2753 2532 martyrem
2786 2478 2799 2512 :
2832 2458 2968 2511 adeo
3004 2465 3060 2512 ut
3084 2457 3269 2511 multis
3295 2451 3442 2505 vide-

1854 2574 2004 2618 retur
2030 2562 2307 2615 immissus
2326 2573 2446 2613 esse
2477 2572 2504 2610 a
2526 2552 2757 2625 prieside
2785 2548 2850 2606 ad
2877 2566 3001 2605 eum
3028 2544 3442 2603 consolandum,

1850 2670 1958 2709 non
2002 2662 2182 2707 autem
2217 2652 2281 2705 ad
2312 2650 2672 2720 puniendum.

1922 2743 2063 2798 XVI.
2101 2743 2235 2798 Cum
2271 2743 2452 2811 itaque
2487 2756 2638 2809 spem
2678 2754 2892 2794 omnem
2942 2734 3232 2804 abjecisset
3269 2731 3445 2797 impu—

1851 2839 1987 2893 dens
2017 2836 2104 2890 ille
2137 2849 2361 2904 prmses,
2382 2841 2533 2904 rogat
2578 2832 2869 2901 quemdam
2895 2843 2960 2882 ex
2990 2827 3055 2881 iis
3080 2826 3172 2895 qui
3212 2824 3259 2878 ei
3294 2835 3449 2892 pare-

1850 2930 2005 2994 bant,
2042 2938 2101 2981 ut
2124 2929 2174 2980 in
2206 2925 2447 2995 prieelari
2484 2925 2649 2993 hujus
2675 2921 2928 2993 martyris
2970 2920 3177 2973 viscera
3210 2915 3445 2969 ferreum

1850 3020 2031 3090 adigat
2074 3018 2391 3072 tridentem.
2454 3014 2518 3068 Et
2565 3016 2653 3068 ille
2715 3014 2935 3082 quidem
2997 3025 3121 3063 eum
3189 3005 3448 3060 ambabus

1851 3111 2100 3165 manibus
2120 3117 2335 3176 torquet
2354 3110 2407 3162 in
2431 3116 2737 3177 martyrem.
2760 3106 2959 3176 Martyr
2984 3113 3164 3159 autem
3184 3097 3448 3166 sanguine

175 3180 385 3235 ossibus
436 3182 706 3252 martyris.
726 3184 801 3237 Illi
842 3196 1021 3241 autem
1053 3205 1174 3242 etim
1208 3192 1483 3246 venissent
1522 3196 1587 3248 ad
1633 3198 1743 3250 for-
1784 3229 1827 3289 C
1873 3202 2149 3256 manantia
2184 3200 2285 3254 fert
2320 3200 2597 3260 intestina,
2636 3199 2769 3253 adeo
2809 3208 2867 3250 ut
2892 3196 3135 3265 quasdam
3169 3190 3362 3245 mulier
3385 3202 3448 3239 ex

176 3289 388 3341 narem,
432 3274 578 3330 illius
632 3291 815 3334 vocem
841 3281 1180 3349 apertissime
1196 3283 1419 3337 audiunt
1448 3286 1612 3341 Deum
1638 3288 1758 3344 lau-

175 3366 418 3423 dantem.
461 3367 538 3422 Illi
574 3384 703 3425 vero
736 3373 984 3440 protinus
1042 3379 1266 3443 reversi,
1303 3378 1521 3435 Praasidi
1554 3398 1762 3438 renuu-

177 3458 306 3512 tiant
325 3476 441 3513 rem
468 3462 611 3515 illam
627 3464 1019 3519 admirabilem.
1050 3467 1139 3521 Ille
1157 3486 1286 3524 vero
1312 3488 1331 3524 :4
1365 3471 1466 3527 Per
1485 3490 1762 3545 magnum.

176 3548 371 3619 inquit,
413 3549 790 3620 Serapionem,
821 3564 875 3607 et
923 3557 1056 3610 alios
1090 3575 1280 3613 omnes
1331 3564 1485 3629 deos,
1534 3567 1635 3620 hoc
1675 3584 1763 3629 est

174 3650 358 3708 aperte
388 3641 686 3696 iucantatio
702 3652 757 3696 et
788 3645 1089 3717 ιιτῖεειὶεἰςιε.
1122 3647 1182 3700 Et
1209 3650 1372 3703 multa
1396 3653 1498 3706 alia
1531 3668 1765 3726 nugatus

175 3742 258 3786 est
286 3734 555 3824 adversus
585 3736 868 3790 veritatem
899 3754 914 3792 :
950 3740 1083 3794 adeo
1105 3750 1219 3795 erat
1256 3746 1501 3800 attonitzn
1531 3758 1585 3802 et
1608 3750 1766 3818 plane

179 3836 373 3880 emota
410 3827 632 3882 mentis.
664 3825 900 3897 Populus
927 3840 1131 3890 autem.
1166 3834 1495 3905 quicunque,
1522 3837 1764 3909 inquam,

180 3918 458 3987 paululum
498 3928 745 3986 poterant
806 3922 1002 3975 intueri
1038 3923 1106 3976 ad
1165 3926 1470 3989 veritatem,
1509 3944 1635 3983 cum
1664 3948 1767 3988 nec

176 4008 312 4074 ignis
335 4009 646 4077 vestigium,
680 4024 857 4079 neque
917 4012 1079 4067 ullam
1110 4013 1388 4086 fuliginem
1426 4005 1765 4089 aspexissent

179 4100 317 4155 ferre
370 4099 655 4166 athletam,
723 4103 865 4158 illius
904 4104 1073 4161 Deum
1108 4106 1421 4177 laudabant,
1455 4121 1510 4167 et
1553 4114 1603 4168 ei
1661 4116 1764 4171 soli

179 4192 531 4247 ascribebant
552 4192 896 4248 miraculum.

251 4286 364 4340 XV.
401 4287 644 4342 Stolidus
676 4298 857 4343 autem
879 4302 1097 4359 praeses,
1129 4300 1415 4362 postquam
1447 4309 1512 4348 ex
1545 4295 1767 4351 fornace

185 4397 374 4436 rursus
434 4382 606 4435 astitit
664 4389 865 4451 martyr
913 4398 1076 4439 sanus
1130 4392 1185 4438 et
1212 4385 1394 4439 salvus
1440 4398 1566 4441 ante
1624 4387 1767 4443 illius

184 4473 440 4535 tribunal,
477 4489 601 4527 cum
623 4486 722 4526 nec
738 4473 858 4539 ejus
876 4475 1094 4541 quidem
1119 4476 1285 4543 pilum
1317 4478 1455 4547 ignis
1473 4480 1762 4550 attigisset,

1867 3293 1933 3346 iis
1962 3307 2079 3358 quae
2119 3291 2395 3344 benevola:
2431 3300 2587 3343 erant
2624 3290 2965 3359 martyribus,
3019 3299 3178 3353 quam
3210 3281 3451 3351 primum

1867 3398 2175 3444 accurrens.
2210 3391 2421 3436 cratere
2474 3391 2654 3452 guttas
2689 3381 2968 3451 sanguinis
3016 3374 3338 3444 susceperit,
3397 3376 3451 3422 et

1868 3478 2022 3531 laetus
2052 3476 2352 3547 ingreditur
2394 3490 2490 3545 per
2549 3475 2787 3528 medium
2836 3475 3104 3525 theatrum
3145 3485 3160 3533 ;
3200 3477 3445 3533 magnam

1868 3570 2012 3624 enim
2043 3583 2073 3621 a
2111 3569 2340 3622 vinculis
2385 3567 2731 3622 securitatem
2767 3562 3040 3635 prmhebat
3070 3559 3117 3613 ei
3161 3558 3304 3617 linis,
3360 3552 3451 3623 qui

1870 3678 1991 3714 mox
2028 3659 2463 3729 exspectabatur,
2513 3666 2569 3710 et
2617 3659 2895 3727 egreditur
2936 3655 3093 3708 hctus
3146 3667 3176 3705 e
3210 3650 3451 3706 civitate.

1870 3766 2059 3815 onere,
2092 3750 2235 3819 quod
2278 3750 2541 3821 gestabat,
2588 3748 2691 3803 sibi
2754 3747 2973 3818 placens
3014 3746 3143 3799 dum
3192 3743 3455 3795 internam

1870 3852 2083 3897 natura:
2159 3841 2617 3909 compositionem
2700 3840 2755 3893 in
2832 3837 3082 3893 manibus
3142 3830 3457 3888 suavissime

1869 3931 2305 3995 circumferebat,
2339 3938 2398 3983 ut
2426 3931 2513 3999 qui
2538 3933 2819 3999 gauderet,
2842 3930 2982 3997 quod
3001 3944 3062 3980 ea
3088 3928 3275 3979 oblata
3302 3932 3448 3973 esset

1871 4024 2048 4082 ItOSlIa
2083 4023 2134 4077 ei
2162 4022 2254 4092 qui
2295 4022 2644 4084 formaverat,
2684 4028 2739 4074 et
2788 4028 2941 4090 grato
3001 4016 3184 4072 animo
3246 4013 3459 4068 reddita

1868 4127 2015 4173 esset
2045 4118 2095 4171 ei
2114 4116 2204 4185 qui
2224 4114 2466 4169 dederat.
2486 4115 2619 4169 Cum
2640 4129 2767 4184 ergo
2787 4114 2895 4168 duo
2918 4112 3088 4167 stadia
3112 4109 3457 4180 pervasisset.

1868 4217 1924 4263 et
1945 4208 2165 4260 Christo
2199 4206 2537 4275 agonotberaz
2568 4204 2741 4256 visum
2780 4214 2928 4257 esset
2961 4220 3086 4257 eum
3148 4202 3278 4255 satis
3312 4200 3457 4254 labo-

1871 4312 2039 4362 rasse,
2070 4295 2336 4350 recumbit
2361 4294 2412 4348 in
2442 4294 2673 4363 quadam
2729 4294 3005 4363 spelunca,
3051 4302 3104 4344 et
3156 4292 3352 4359 aspicit
3391 4287 3457 4341 ad

1874 4404 1988 4452 eas,
2021 4402 2140 4457 qua:
2192 4387 2303 4439 illic
2356 4393 2505 4451 sunt,
2555 4398 2806 4438 coronas.
2857 4381 2970 4436 Vox
2998 4391 3181 4435 autem
3228 4380 3457 4447 desuper

1875 4480 2105 4543 exstitit,
2146 4492 2345 4532 vocans
2406 4476 2667 4529 athletam
2709 4476 2774 4529 ad
2810 4484 3011 4528 aeterna
3068 4472 3156 4525 illa
3210 4472 3464 4523 taberna-

181 4575 368 4634 longas
398 4564 454 4617 in
486 4563 1030 4635 eumeﬂ'uditnugas,
1070 4581 1193 4619 eum
1230 4568 1551 4622 insimulans
1576 4572 1765 4640 magia;
1800 4586 1840 4637 ι)
1870 4570 1989 4622 cula
2015 4579 2068 4621 et
2094 4567 2334 4633 praemia,
2396 4565 2464 4619 ad
2512 4580 2638 4618 cum
2689 4564 2781 4633 qui
2812 4565 2921 4617 iilic
2971 4571 3052 4616 est
3091 4562 3460 4631 splendorem,

178 4667 233 4710 et
257 4655 534 4721 veneficii,
567 4664 623 4711 et
658 4657 776 4713 haec
810 4672 1009 4712 vocans
1056 4658 1413 4714 daemoniaca.
1454 4660 1551 4715 Ille
1576 4672 1759 4717 autem

180 4765 247 4805 ne
270 4765 539 4822 reSponso
568 4750 787 4819 quidem
848 4765 973 4805 eum
1014 4762 1098 4806 est
1129 4752 1399 4823 dignatus.
1437 4753 1502 4808 Et
1566 4771 1761 4825 prmses

180 4842 394 4911 quidem
436 4856 562 4894 eum
620 4842 843 4895 deduxit
898 4841 965 4895 ad
1027 4851 1318 4907 certamen,
1381 4842 1645 4907 futurum,
1707 4854 1765 4899 ut

181 4935 423 5002 putabat.
490 4946 704 4985 comam
768 4931 978 4987 bestiis.
1044 4933 1137 4986 Ille
1197 4944 1375 4987 autem
1434 4938 1765 5004 sequebatur

179 5023 491 5079 subridens.
532 5022 598 5077 Et
629 5023 684 5076 iu
717 5033 1004 5093 martyrem
1060 5022 1279 5092 quidem
1334 5024 1609 5079 immissus
1658 5026 1759 5079 fuit

182 5116 401 5184 pardus,
436 5124 493 5171 et
520 5128 705 5171 saevus
754 5129 933 5173 ursus.
986 5115 1093 5170 Sed
1159 5131 1320 5172 ursus
1364 5117 1581 5186 quidem
1632 5132 1758 5172 eum

1866 4669 1921 4713 et
1952 4659 2195 4723 delicias,
2249 4658 2313 4713 ad
2368 4667 2509 4727 quas
2562 4656 2761 4710 transit
2789 4656 3057 4724 protinus.
3100 4654 3167 4705 ab
3215 4652 3323 4704 illis
3362 4664 3461 4703 cx-

1866 4762 2059 4821 ceptus
2110 4752 2354 4807 secundo
2419 4750 2623 4804 mensis
2700 4748 3057 4816 Septembris.
3094 4744 3243 4811 Quas
3301 4746 3460 4796 detur

1866 4846 2119 4899 Omnibus
2142 4846 2299 4900 nobis
2331 4845 2587 4907 consequi
2617 4842 2790 4913 gratia
2813 4852 2868 4897 et
2890 4841 3225 4911 benignitate
3246 4834 3459 4891 Domini

1868 4936 2041 4991 nostri
2073 4930 2199 4992 Jcsu
2229 4937 2595 4999 Christi,cum
2621 4950 2729 5004 quo
2760 4933 2901 4993 Patri
2923 4932 3081 4987 simul
3116 4946 3241 4985 cum
3268 4937 3458 4985 sancto

1871 5029 2073 5099 Spiritu
2107 5029 2293 5099 gloria,
2326 5028 2499 5082 honor
2528 5040 2582 5082 et
2634 5028 2896 5097 potentia,
2950 5040 3099 5080 nunc
3124 5033 3179 5081 et
3216 5036 3455 5094 semper,

1867 5132 1921 5176 et
1961 5120 2235 5175 iirsmcula
2277 5121 2623 5177 saeculorum.
2672 5121 2861 5173 Amen.
