3970 6472
514 387 581 448 ἷιἸ
590 388 621 447 ἷι

1759 389 2044 451 MENSIS
2085 391 2513 452 AUGUSTUS.

1708 740 2580 857 MARTYRIUM

524 980 1682 1143 SANGTORUM
1778 987 2347 1142 PAULI
2460 988 2706 1140 ET
2819 990 3770 1147 JULIANfE.

1202 1258 1337 1333 QUI
1387 1256 1593 1319 APUD
1641 1253 1910 1317 URBEM
1958 1255 2550 1319 PTOLEMAIDEM
2594 1258 2814 1320 PASSI
2862 1257 3091 1323 SUNT.

1021 1422 1220 1485 (Latine
1247 1423 1376 1485 apud
1412 1422 1608 1471 Sorium
1632 1423 1691 1471 ad
1722 1423 1854 1471 diem
1884 1422 1936 1470 ιτ
1971 1420 2207 1481 Augusti.
2242 1447 2303 1459 —
2329 1422 2498 1471 Graece
2529 1435 2625 1470 non
2660 1430 2823 1474 exstat
2848 1428 2895 1473 tn
2926 1439 3047 1476 mss.
3081 1425 3265 1491 Paris.)

598 1781 637 1834 l.
661 1776 988 1831 Aurelianus
1008 1774 1302 1841 imperator
1320 1785 1413 1840 per
1434 1780 1602 1824 totum
1621 1769 1808 1823 orbem
1831 1777 2091 1823 terrarum
2123 1750 2171 1811 Ᾱ
2204 1763 2568 1833 Priueipatus,
2613 1779 2721 1817 non
2763 1764 3086 1828 Potestates,
3111 1779 3218 1816 non
3247 1763 3502 1828 Virtutes,
3525 1782 3629 1820 non
3651 1768 3807 1822 Che-

525 1877 711 1925 contra
728 1862 1066 1919 Christianos
1088 1860 1319 1915 edictum
1338 1857 1639 1928 proposuit,
1659 1868 1714 1909 ut
1728 1870 1917 1910 omnes
1938 1854 2094 1913 idolis

526 1960 913 2019 sacriﬁcarent:
972 1955 1065 2025 qui
1109 1968 1234 2009 vero
1289 1953 1339 2006 id
1377 1950 1558 2006 facere
1625 1950 1955 2013 noluissent,
1988 1950 2095 2003 vita

525 2053 1138 2127 pessimeprirarentur.
1172 2046 1266 2101 ille
1294 2044 1453 2113 igitur
1483 2057 1606 2097 eum
1635 2042 1687 2094 in
1718 2038 1973 2093 Isauriam
2006 2056 2101 2096 ve-

528 2144 722 2201 nisset.
744 2142 797 2194 in
835 2139 1019 2194 urbem
1054 2133 1439 2189 i’tolemaidem
1469 2145 1526 2185 se
1546 2130 1796 2193 contulit,
1820 2137 1879 2183 ut
1909 2143 2101 2183 omnes

527 2233 870 2288 Christianos
900 2237 1119 2294 cogeret
1148 2225 1307 2280 idolis
1338 2238 1490 2278 sacra
1551 2222 1750 2275 facere.
1808 2219 1942 2274 Cum
1974 2236 2103 2274 vero

529 2324 879 2380 beatissimus
904 2318 1102 2373 Paulus
1128 2332 1232 2369 una
1270 2330 1391 2368 cum
1422 2328 1609 2367 sorore
1636 2327 1730 2364 sua
1751 2310 1971 2364 Juliana
1996 2311 2107 2362 im-

530 2423 725 2487 perato
746 2428 858 2465 rem
894 2413 945 2464 in
984 2409 1172 2463 urbem
1213 2406 1601 2476 ingredientem
1632 2402 1873 2461 vidisset,
1907 2399 2107 2454 Christi

530 2505 686 2573 signo
722 2502 949 2554 frontem
1000 2495 1224 2557 notavit,
1263 2502 1315 2547 et
1365 2491 1430 2545 ad
1492 2501 1733 2543 sororem
1791 2504 2108 2553 conversus,

531 2596 682 2654 Esto,
719 2592 913 2660 inquit,
938 2592 1081 2645 bono
1112 2590 1316 2650 animo,
1336 2600 1491 2640 soror
1517 2597 1654 2642 mea.
1681 2596 1856 2649 neque
1882 2582 2111 2650 timeas;

533 2684 658 2737 dico
738 2683 882 2734 enim
950 2680 1042 2733 tibi
1095 2690 1343 2746 magnam
1405 2673 1694 2743 quamdam
1757 2672 2113 2725 tentationem

533 2771 867 2829 Christianis
893 2770 1201 2824 imminere.

602 2867 666 2922 Il.
693 2865 832 2920 Vidit
859 2862 1202 2923 Aurelianus,
1221 2876 1343 2915 eum
1368 2859 1566 2913 Paulus
1584 2855 1785 2913 Christi
1806 2855 1958 2923 signo
1977 2852 2122 2905 l'ron-

533 2968 645 3011 tcm
694 2953 924 3015 notavit,
958 2960 1013 3006 et
1055 2953 1206 3006 misit
1234 2950 1326 3017 qui
1371 2950 1521 3003 illum
1562 2946 1921 3013 corriperent.
1951 2942 2121 3008 Quem

533 3061 657 3101 cum
695 3044 748 3099 in
780 3044 956 3099 media
986 3042 1140 3097 turba
1178 3050 1322 3096 stare
1364 3039 1637 3109 jussisset,
1675 3036 1999 3099 Miserrime,
2031 3036 2113 3088 in-

534 3138 674 3209 quit,
700 3139 885 3199 homo,
912 3136 1170 3204 quidnam
1207 3133 1300 3186 tibi
1333 3129 1683 3200 proposuisti,
1723 3137 1781 3181 ut
1811 3144 1895 3182 me
1916 3128 2107 3180 urbem

537 3228 881 3299 ingrediente
915 3226 1150 3279 frontem
1182 3225 1398 3295 signare
1449 3222 1680 3275 auderes
1708 3221 1725 3273 .'
1753 3223 1834 3278 An
1891 3220 2110 3289 ignoras

535 3320 774 3373 edictum
803 3326 991 3371 contra
1029 3315 1371 3369 Christianos
1414 3310 1778 3381 prepositum"
1817 3308 2114 3378 Respondit

536 3405 777 3461 Paulus:
808 3405 998 3457 Audivi
1034 3404 1282 3472 equidem
1312 3401 1546 3457 edictum
1602 3408 1774 3456 tuum.
1803 3396 1898 3449 sed
1955 3408 2115 3445 nemo

540 3511 779 3567 unquam
816 3495 1017 3565 poterit
1043 3503 1252 3547 tantum
1297 3492 1544 3545 timorem
1584 3490 1740 3540 nobis
1774 3486 2019 3552 injicere,
2058 3492 2119 3537 ut

539 3588 823 3642 Christum
888 3600 1077 3639 verum
1136 3584 1302 3636 Deum
1358 3582 1686 3650 abnegemus
1732 3578 1917 3641 luam;
1973 3577 2117 3631 enim

544 3687 811 3734 tormenta
847 3675 1032 3747 brevia
1064 3683 1414 3744 sunt,uequc
1466 3690 1561 3728 eos
1619 3674 1815 3727 laedere
1872 3680 2116 3741 possunt,

544 3772 638 3842 qui
662 3770 830 3825 Deum
887 3777 1157 3822 metuunt.
1192 3768 1260 3817 At
1314 3766 1405 3817 Dei
1440 3773 1729 3827 tormenta,
1793 3764 2123 3831 sempiterna

543 3863 633 3915 illa
655 3870 800 3913 sunt.
823 3859 1023 3913 Eodem
1055 3856 1215 3911 modo
1246 3854 1493 3923 voluptas
1510 3864 1563 3908 et
1584 3854 1772 3925 gloria,
1800 3868 1957 3924 quam
1985 3853 2126 3907 Deus

546 3952 978 4007 Christianorum
998 3952 1178 4020 generi
1216 3949 1442 4017 largitur
1467 3959 1641 4002 auena
1668 3956 1770 4006 est.
1806 3946 1940 4011 Quis
1965 3947 2126 4013 igitur

549 4053 655 4099 tam
674 4058 858 4096 amens
876 4050 1030 4095 estut
1048 4043 1318 4093 viventem
1340 4039 1507 4090 Deum
1522 4038 1881 4104 derelinquat,
1899 4048 1950 4088 et
1966 4038 2127 4088 surda

549 4143 709 4203 atque
729 4144 876 4186 muta
898 4133 995 4185 ista
1018 4140 1192 4184 vestra
1217 4128 1356 4183 idola
1394 4128 1571 4185 colere
1592 4129 1738 4193 velit,
1762 4143 1883 4181 eum
1901 4128 2011 4197 ipse
2036 4144 2132 4181 au-

550 4237 667 4284 ctor
681 4233 879 4278 nostr-.e
903 4222 1088 4277 salutis
1130 4221 1377 4277 Christus
1394 4222 1551 4276 Jesus
1573 4221 1787 4275 dixerit'
1808 4220 2132 4290 :Quicunque

553 4315 816 4384 negaverit
878 4328 956 4364 me
999 4327 1176 4363 coram
1220 4312 1531 4373 honu’m‘bus,
1578 4313 1775 4379 negabo
1813 4320 1858 4362 et
1876 4326 1966 4379 ego
1996 4327 2131 4369 eum

554 4420 733 4459 coram
776 4402 989 4455 Patrem
1018 4418 1096 4465 eo,
1125 4403 1213 4470 qui
1245 4402 1297 4453 in
1321 4400 1459 4453 caelis
1482 4401 1605 4454 est?

626 4493 714 4547 Ill.
748 4491 962 4554 Cernis,
989 4489 1795 4559 iuquit,Aurelianus,quandiu
1832 4499 1881 4543 te
1911 4504 2123 4559 nugau-

557 4596 663 4641 tem
700 4601 893 4655 passus
928 4600 1044 4637 sum
1069 4599 1130 4636 ae
1168 4582 1425 4636 sustinui?
1478 4583 1690 4637 Accede
1739 4584 1870 4653 jam,
1911 4592 1967 4636 et
2021 4582 2125 4636 diis

557 4660 826 4739 sacrifica,
862 4692 929 4728 ne
974 4676 1208 4743 pessimo
1235 4676 1426 4728 mortis
1451 4690 1648 4743 genere
1679 4674 2033 4727 consumaris.
2062 4678 2130 4727 At

560 4766 783 4823 Paulus:
815 4767 924 4837 Ego
964 4766 1172 4819 nullum
1203 4765 1367 4819 alium
1400 4765 1567 4820 Deum
1599 4765 1848 4837 cognovi,
1876 4766 1980 4818 nisi
2023 4764 2128 4817 Do-

562 4856 769 4909 minum
815 4854 1000 4907 Jcsum
1035 4853 1335 4914 Christum,
1364 4868 1523 4922 quem
1566 4853 1709 4906 colui
1761 4868 1976 4922 semper
2006 4851 2130 4905 inde

565 4960 735 5013 usque
759 4961 787 4996 a
818 4945 1065 5014 patribus
1086 4944 1221 4999 meis
1241 4960 1376 5012 puro
1398 4945 1561 4997 corde
1577 4954 1738 5011 atque
1763 4946 1965 4997 animo.
1993 4944 2130 4996 Tum

564 5037 890 5091 Aurelianus
932 5037 1107 5090 dixit:
1175 5036 1499 5105 Suspendite
1528 5036 1803 5091 hominem
1852 5039 2034 5099 istum,
2080 5049 2134 5091 et

566 5128 1058 5196 acriter'torquete,
1096 5127 1268 5181 donec
1290 5127 1499 5182 venerit
1551 5128 1811 5183 Dominus
1852 5127 2045 5196 ipsius,
2080 5135 2134 5180 et

568 5215 1373 5284 emnliheret.Suspenderunt
1430 5217 1591 5287 igitur
1618 5218 1765 5270 illum
1829 5219 2131 5281 carnitices,

570 5321 626 5366 et
655 5292 982 5367 cruciatibus
998 5309 1231 5380 atlligere
1264 5319 1567 5379 coeperunt.
1591 5309 1833 5380 Cumque
1865 5310 2131 5382 allligere-

572 5414 683 5468 tur,
707 5417 839 5456 voce
876 5416 1070 5470 magna
1101 5400 1265 5457 Deum
1287 5402 1570 5463 invocans,
1622 5402 1851 5455 dicebat:
1886 5402 2131 5463 Domine,

573 5492 699 5546 Jesu
723 5488 955 5553 Christe,
980 5502 1105 5542 vera
1130 5487 1220 5542 Dei
1250 5488 1357 5541 veri
1382 5498 1436 5541 et
1457 5488 1630 5543 Patris
1650 5490 1951 5560 progenies,
1980 5491 2135 5558 cujus

572 5586 750 5632 ortum
768 5592 927 5630 nemo
957 5573 1415 5645 comprehendere
1440 5586 1635 5645 potest.
1656 5593 1761 5630 non
1787 5581 1996 5649 Angeli,
2026 5597 2133 5635 non

575 5669 917 5736 Archangeli,
948 5684 1054 5722 non
1112 5667 1336 5735 Throni,
1379 5685 1487 5725 non
1545 5671 1964 5741 Dominariones,
2027 5694 2131 5735 non

686 5810 1013 5877 'Ilattb..s,
1040 5813 1127 5867 ‘13.
1208 5816 1225 5843 ’
1257 5811 1272 5865 Ι
1309 5809 1448 5864 Tim.
1487 5828 1541 5879 ιι,
1574 5815 1625 5867 4.

2202 1857 2836 1925 ruhini,autSeraphini,
2886 1857 2984 1910 nisi
3004 1855 3157 1910 Pater
3174 1857 3437 1921 solus;tu,
3471 1857 3813 1926 inqu:nn,af-

2202 1948 2339 2003 feras
2356 1962 2511 2017 opem
2526 1948 2655 2001 mihi
2680 1949 2864 2002 humili
2879 1956 2933 2003 et
2948 1950 3155 2018 ahjeeto
3177 1964 3335 2003 servo
3356 1957 3447 2002 tuo
3464 1958 3519 2003 et
3539 1966 3599 2003 ex
3625 1951 3813 2009 Inani-

2202 2038 2302 2092 bus
2330 2039 2603 2092 Aureliani
2629 2055 2713 2093 me
2738 2039 2953 2094 liberes.
2974 2039 3115 2095 Deus
3132 2051 3310 2095 autem
3327 2042 3658 2109 protinusita
3679 2058 3813 2096 cru-

2204 2129 2380 2183 ciatus
2404 2128 2523 2182 illos
2545 2130 2689 2183 leves
2707 2128 2909 2187 ell‘eeit.
2933 2139 2991 2183 ut
3011 2132 3200 2183 beatus
3235 2130 3432 2184 Paulus
3451 2133 3525 2184 nil
3544 2132 3808 2185 sentiret-

2276 2215 2364 2269 IV.
2398 2215 2593 2269 Sancta
2622 2232 2749 2273 vero
2777 2216 2979 2269 Christi
3003 2233 3203 2285 sponsa
3238 2216 3452 2271 Juliana
3477 2258 3492 2282 ,
3517 2234 3640 2272 cum
3691 2220 3807 2273 l'ra—

2211 2316 2343 2359 trem
2360 2321 2515 2359 sumn
2542 2306 2611 2358 ita
2637 2307 2862 2359 cruciari
2889 2308 3108 2361 vidisset
3130 2347 3143 2368 ,
3168 2312 3411 2361 cucurrit
3441 2309 3507 2361 ad
3537 2311 3809 2376 tribunal,

2211 2406 2264 2450 et
2311 2412 2437 2449 voce
2462 2413 2649 2467 magna
2681 2399 2938 2452 clamans:
2969 2400 3255 2452 Aureliano
3279 2399 3496 2469 ,inquit.
3542 2410 3804 2470 tyranne,

2214 2504 2309 2543 cur
2374 2490 2445 2542 ita
2483 2490 2779 2545 crudeliter
2812 2490 3031 2547 fratrem
3068 2507 3247 2545 meum
3291 2495 3639 2547 innocentem
3673 2510 3810 2548 cru-

2215 2583 2352 2636 eias?
2384 2583 2522 2635 'l'um
2554 2584 2909 2637 Aurelianus:
2944 2583 3181 2649 Detegite
3210 2599 3333 2637 mox
3371 2586 3528 2639 istius
3556 2585 3811 2639 mulieris

2218 2684 2406 2741 caput,
2432 2682 2488 2726 et
2511 2675 2632 2740 ejus
2672 2690 2837 2743 genas
2862 2674 3213 2728 Vehementer
3267 2677 3553 2744 pereutite.
3608 2691 3677 2728 ne
3729 2679 3811 2730 sic

2222 2773 2427 2819 temere
2462 2766 2748 2835 loquatur:
2816 2766 2977 2818 istum
3021 2781 3148 2817 vero
3192 2768 3468 2820 nefarium
3523 2768 3810 2821 hominem

2223 2867 2538 2912 constanter
2560 2859 2821 2919 cruciate,
2854 2872 2921 2911 eo
2954 2858 3096 2925 quod
3134 2856 3359 2919 Christi,
3426 2874 3587 2926 quem
3642 2859 3809 2920 dicit,

2226 2951 2586 3020 patrocinium
2620 2960 2669 3003 et
2695 2950 3068 3017 adiumentum
3135 2962 3193 3002 se
3262 2948 3460 3001 habere
3521 2950 3616 3002 ait.
3663 2948 3813 3003 Risit

2227 3043 2437 3096 Juliana
2467 3082 2479 3103 ,
2516 3054 2590 3099 et:
2626 3043 3023 3110 Miror,inquit,
3057 3042 3330 3109 quomodo
3355 3043 3643 3109 imperator
3678 3058 3813 3095 cum

2213 3136 2309 3195 sis.
2328 3136 2542 3198 deliras,
2570 3150 2741 3204 neque
2765 3135 3055 3203 potentiam
3081 3136 3281 3189 Christi
3303 3135 3815 3202 cognoscis,qtlem—

2214 3226 2501 3279 admodum
2542 3226 2746 3281 scilicet
2792 3234 3056 3279 tormenta
3135 3224 3217 3275 his
3282 3222 3630 3284 hominibus,
3722 3206 3815 3290 quol

2215 3332 2336 3371 eum
2381 3318 2651 3375 invocant,
2713 3316 2934 3367 levioria
2997 3312 3176 3365 allicit.
3214 3314 3539 3367 Aurelianus
3566 3314 3631 3365 ad
3668 3328 3811 3368 suos

2219 3420 2533 3467 conversus,
2568 3404 2701 3456 dixit
2736 3420 2751 3455 :
2790 3402 3095 3457 Muliercula
3129 3404 3226 3454 ista
3263 3418 3326 3456 ex
3370 3417 3485 3455 mea
3515 3402 3812 3455 clementia

2221 3498 2477 3565 majorem
2503 3498 2552 3549 in
2578 3496 2791 3549 modum
2810 3496 2948 3550 elata
2972 3507 3087 3563 est;
3119 3496 3299 3565 itaque
3323 3495 3463 3548 illam
3490 3504 3649 3549 torve
3667 3496 3815 3549 intu-

2222 3604 2338 3641 ens:
2380 3589 2612 3649 Accede,
2644 3588 2839 3656 inquit,
2869 3597 2923 3641 et
2956 3587 3058 3640 diis
3103 3588 3347 3649 immota,
3379 3603 3485 3640 non
3518 3587 3668 3640 enim
3700 3603 3815 3641 ma-

2225 3696 2325 3732 nus
2352 3693 2498 3732 meas
2550 3688 2600 3731 te
2647 3692 2934 3734 evasunm
2994 3678 3265 3733 conﬁdere
3314 3679 3502 3738 debes.
3553 3679 3633 3731 Ad
3696 3680 3813 3731 haec

2224 3768 2453 3821 Juliana:
2498 3769 2604 3837 Ego
2642 3782 2815 3835 neque
2853 3776 2939 3819 tua
2966 3776 3227 3820 tormenta
3257 3767 3575 3828 extimesco,
3632 3784 3812 3842 neque

2230 3858 2402 3910 minas
2453 3864 2571 3911 tuas
2629 3856 2695 3911 ad
2727 3872 2813 3911 me
2866 3857 3140 3926 pertinere
3184 3858 3418 3911 arbitror
3476 3868 3614 3923 ;est
3668 3862 3813 3913 enim

2231 3948 2370 4004 Deus
2421 3950 2475 4003 in
2505 3951 2673 4013 caelis,
2715 3951 2804 4019 qui
2849 3951 3041 4019 poterit
3078 3955 3289 4020 eripere
3330 3966 3427 4007 nos
3468 3953 3535 4005 de
3594 3952 3807 4020 iniquis

2234 4039 2483 4090 manibus
2516 4041 2641 4093 tuis.
2703 4041 3058 4111 Quaecunque
3090 4044 3251 4113 igitur
3290 4044 3458 4102 habes
3514 4045 3809 4113 torquendi

2236 4129 2618 4192 instrumenta,
2666 4132 2795 4182 mihi
2847 4134 3156 4194 admoveas,
3197 4144 3253 4187 ut
3302 4150 3368 4188 ex
3406 4138 3490 4189 his
3546 4138 3681 4203 ipsis
3719 4138 3813 4190 Dei

2235 4233 2289 4275 et
2320 4220 2616 4277 Salvatoris
2660 4219 2787 4274 Jesu
2836 4220 3037 4276 Christi
3085 4238 3243 4291 opem
3302 4225 3430 4278 mihi
3485 4241 3810 4294 praesentem

2239 4328 2357 4364 esse
2391 4328 2706 4381 cognoscas.

2315 4403 2377 4456 V.
2419 4403 2543 4457 Haec
2579 4406 2711 4458 dixit
2761 4404 3003 4464 Juliana.
3057 4404 3153 4460 Cui
3209 4407 3555 4462 Aurelianus:
3618 4408 3807 4474 Video,

2235 4496 2432 4565 inquit,
2467 4497 2924 4575 pulchritudinem
2971 4509 3117 4552 tuam
3155 4501 3312 4553 talem
3349 4517 3489 4561 esse,
3545 4512 3601 4556 ut
3663 4504 3808 4557 illius

2231 4590 2495 4644 rationem
2524 4589 2732 4641 habens
2760 4594 2809 4639 te
2835 4588 3061 4654 perdere
3088 4591 3277 4641 nolim.
3312 4591 3387 4641 Te
3413 4584 3578 4658 igitur
3608 4591 3812 4663 adhor4

2233 4691 2314 4737 tor
2357 4696 2414 4733 ut
2444 4664 2715 4733 sacriﬁces
2748 4694 2855 4747 quo
2913 4679 3204 4750 legitimam
3262 4679 3390 4731 mihi
3457 4695 3684 4735 uxorem
3738 4695 3807 4737 te-

2232 4773 2465 4839 deligere
2500 4772 2723 4840 possim,
2756 4781 2808 4825 et
2828 4787 3038 4825 mecum
3062 4786 3166 4824 una
3194 4785 3408 4839 regnes,
3434 4770 3668 4840 imperio
3692 4789 3810 4826 meo

2236 4861 2381 4913 omni
2422 4868 2663 4929 tempore
2692 4861 2875 4913 fruens
2920 4859 3237 4923 Quinetiam
3264 4860 3413 4913 l'ratri
3442 4869 3533 4914 tuo
3554 4862 3808 4929 iniuriam

2236 4952 2617 5019 eompeusaho,
2667 4963 2719 5002 et
2765 4950 2980 5011 faciam,
3018 4958 3075 5000 ut
3106 4950 3499 5015 amplissimum
3527 4954 3808 5020 dignitatis

2236 5043 2457 5109 gradum
2487 5039 2629 5109 apud
2665 5052 2750 5093 me
2775 5039 2988 5093 habeat.
3017 5034 3204 5091 Erexit
3236 5037 3448 5091 Juliana
3476 5042 3665 5095 oculos
3682 5057 3806 5101 suos

2238 5130 2290 5181 in
2323 5132 2544 5195 cretum,
2588 5140 2643 5183 et
2672 5130 2852 5183 erucis
2910 5130 3064 5199 signo
3094 5143 3219 5183 cum
3279 5130 3510 5184 frontem
3542 5140 3809 5195 notasset,

2238 5224 2374 5276 risit.
2408 5223 2504 5276 Cui
2530 5222 2872 5282 Aurelianus,
2910 5219 3039 5285 Cur,
3071 5219 3268 5288 inquit,
3299 5219 3509 5275 Juliana
3531 5263 3543 5283 ,
3582 5227 3802 5277 multam

2238 5312 2619 5382 benignitatem
2677 5327 2852 5388 meam
2878 5322 3260 5376 contemnens,
3299 5314 3491 5367 risisti?
3551 5315 3693 5378 Non,
3729 5320 3805 5367 in-

2237 5407 2351 5471 quit
2392 5406 2499 5466 illa,
2531 5404 2833 5473 contempsi
2864 5404 3252 5477 benignitatem
3278 5418 3421 5460 tuam
3450 5422 3464 5470 ;
3497 5407 3590 5459 sed
3629 5407 3796 5463 ridCO.

2239 5497 2495 5565 gaudetis,
2518 5496 2659 5563 quod
2677 5495 2920 5564 Sponsus
2936 5512 3087 5551 meus
3106 5500 3361 5562 ccelestis,
3377 5500 3466 5567 qui
3491 5500 3600 5549 vult
3620 5513 3802 5547 omnes

2243 5590 2486 5642 homines
2502 5588 2677 5643 salvos
2702 5588 2819 5643 ﬁeri
2846 5592 2887 5651 ’,
2908 5589 3055 5643 sedet
3071 5592 3120 5643 in
3139 5592 3277 5647 solio
3292 5603 3477 5647 sancto
3506 5607 3627 5653 suo,
3663 5589 3801 5656 ejus-

2240 5697 2341 5749 que
2396 5681 2693 5736 divinitatis
2746 5678 3199 5751 pulchritudinem
3256 5686 3635 5751 eontemptor;
3716 5680 3797 5747 qui
