3970 6464
185 403 278 464 δη

1083 395 1550 456 MARTYRlUM
1591 396 1696 455 SS.
1746 390 1976 458 PAULI
2019 394 2114 453 ET
2155 389 2529 453 JULlAN/E.

3354 383 3456 451 5⁸18

181 515 340 567 etiam
379 527 467 564 me
499 512 746 565 hortatur
783 518 838 563 ut
862 509 1158 565 certamina
1205 510 1314 578 ipsa
1371 510 1602 562 libenter
1635 524 1752 562 sus-
1790 511 1832 568 Α
1862 503 1977 560 inec
1993 502 2748 575 Paulusrespondit:Mininte
2765 517 2860 556 nos
2878 516 3165 571 possumus
3184 502 3453 557 viventem

183 608 406 666 tineam,
449 614 501 657 te
545 620 673 656 vero
707 617 967 673 nugacem
1003 610 1054 656 et
1089 602 1294 655 futilem
1327 602 1600 654 hominem
1631 615 1764 652 con-

181 699 667 764 temnam.qulppe
691 695 779 764 qui
816 711 939 748 cum
996 704 1044 748 te
1089 696 1470 762 imperatorem
1503 692 1764 760 appellari

181 785 365 851 facias,
397 796 453 839 et
478 788 622 857 ligna
653 797 706 840 et
725 787 927 855 lapides
953 785 1165 839 adoras.
1190 785 1429 839 Audiens
1454 784 1566 837 bace
1594 786 1766 835 Aure-

178 878 378 936 lianus.
405 878 496 931 bili
557 882 796 948 percitus
834 898 844 931 :
875 877 1228 944 Suspendite,
1263 877 1456 943 inquit,
1483 874 1765 927 mulierem

177 970 358 1031 istam,
390 985 621 1040 eamque
668 977 982 1023 constanter
1047 968 1309 1029 cruciate,
1385 976 1441 1019 ut
1501 965 1764 1034 intelligat

175 1075 231 1113 se
264 1071 397 1114 ante
443 1061 784 1130 imperatoris
835 1059 1071 1112 tribunal
1119 1060 1442 1112 consistere.
1477 1056 1766 1125 Coeperant

171 1150 281 1217 jain
326 1153 613 1204 carnifices
646 1151 789 1201 illam
819 1149 1086 1213 cruciare,
1119 1165 1242 1202 cum
1272 1148 1469 1201 Paulus
1501 1148 1621 1216 ejus
1655 1147 1763 1199 fra-

175 1251 253 1293 ter
291 1257 412 1293 eam
449 1241 663 1294 intuens
693 1281 706 1299 ,
741 1239 817 1292 Ne
846 1242 1056 1302 timeas,
1093 1241 1284 1307 inquit.
1331 1253 1503 1298 soror,
1552 1238 1763 1307 tyranni

171 1341 450 1384 rrucratus
517 1346 688 1398 neque
718 1332 884 1399 ipsius
906 1334 1078 1383 minas
1101 1329 1767 1384 formides.Sustineamus

171 1425 473 1490 paulisper,
511 1433 568 1475 ut
597 1434 864 1491 perpetuo
899 1425 1243 1490 requiescere
1274 1425 1568 1492 possimus.
1621 1421 1766 1475 Ιηῆὶ-

169 1514 274 1576 gite
299 1513 448 1570 huic.
479 1513 648 1580 inquit
691 1513 1016 1571 Aurelianus
1043 1555 1056 1578 ,
1085 1515 1359 1568 cruciatus
1407 1515 1652 1569 assiduos
1691 1513 1767 1568 ei-

166 1616 268 1668 que
309 1601 604 1662 inculcate,
640 1602 707 1656 ne
749 1605 981 1672 superba
1013 1614 1066 1658 et
1116 1606 1275 1658 stulta
1313 1606 1471 1659 verba
1529 1606 1764 1659 effutiat-

166 1689 413 1742 Audiens
443 1691 555 1744 haec
581 1689 824 1755 Juliana,
871 1695 1068 1747 iterum
1108 1695 1251 1756 risit,
1281 1705 1333 1746 et
1363 1696 1766 1749 ait:Aureiiane

169 1787 396 1846 tyranne
421 1791 580 1848 atque
605 1782 805 1850 inique,
833 1784 1090 1836 Dominus
1121 1784 1278 1838 Jesus
1332 1785 1579 1839 Christus
1607 1786 1754 1848 facit,

1883 594 2171 648 Dominum
2216 597 2386 649 Deum
2419 597 2746 665 relinquere,
2782 594 2902 648 emli
2931 605 2986 647 et
3026 604 3182 649 terra:
3237 605 3452 651 creato-

1875 700 2011 746 rem,
2025 688 2113 755 qui
2134 702 2232 741 nos
2248 703 2277 741 e
2298 688 2537 742 tenebris
2569 687 2789 755 eripuit,
2811 695 2860 740 et
2886 701 2914 738 a
2938 685 3186 739 manibus
3208 685 3316 740 tuis
3333 701 3455 739 eos-

1873 779 1993 830 dem
2023 779 2285 833 liberavit.
2313 779 2598 848 Nttnquam
2621 778 2800 848 igitur,
2826 777 3114 834 Aureliane
3133 778 3447 846 imperatOr,

1871 869 2029 922 nobis
2077 872 2406 939 persuadere
2467 870 2691 938 poteris,
2751 867 3095 935 ntlapidibus
3146 875 3200 919 et
3255 868 3453 925 statuis

1870 958 2089 1019 vestris,
2125 975 2276 1022 voce,
2324 956 2512 1012 auditu
2537 969 2592 1012 et
2633 958 2812 1010 anima
2861 958 3194 1018 carentibus,
3242 957 3449 1009 cultum

1871 1050 2230 1116 praebeamus.
2267 1050 2449 1118 Itaque
2489 1049 2558 1102 de
2595 1060 2788 1103 caetero
2817 1056 3082 1100 tormenta
3117 1060 3450 1115 quaecnnque

1871 1139 1972 1194 vis.
2017 1139 2172 1194 nobis
2217 1140 2524 1198 admoveas,
2551 1148 2609 1190 ut
2638 1137 2728 1190 Dei
2756 1136 2926 1190 nostri
2989 1135 3096 1187 vim
3132 1150 3446 1203 cognoscas.

1941 1228 2074 1282 \‘lll.
2105 1230 2276 1284 Jussit
2302 1231 2628 1285 Aurelianus
2659 1231 2797 1284 duas
2847 1229 3056 1282 ferreas
3118 1228 3275 1280 sedes
3325 1228 3450 1280 illuc

1869 1318 2067 1382 all‘erri,
2095 1332 2148 1374 ct
2171 1335 2199 1374 c
2230 1323 2435 1377 balneis
2459 1319 2690 1392 publicis
2722 1321 2990 1374 carbones
3016 1322 3254 1390 congeri,
3287 1330 3338 1374 et
3365 1337 3449 1373 se—

1868 1409 1963 1464 des
1991 1411 2107 1464 ilius
2137 1413 2490 1468 vehementer
2513 1415 2769 1468 succendi
2799 1431 2812 1477 ;
2851 1428 3010 1466 suum
3045 1428 3172 1466 vero
3199 1412 3448 1465 abdomi-

1873 1519 1938 1558 ne
2001 1503 2158 1557 illitos
2211 1513 2480 1572 martyres
2545 1505 2691 1573 ipsos
2740 1519 2902 1572 supra
2944 1503 3238 1556 candentes
3293 1502 3448 1555 sedes

1871 1596 2095 1665 imponi.
2131 1595 2283 1659 Quod
2318 1611 2438 1648 cum
2467 1611 2588 1648 mox
2639 1595 2840 1648 factum
2878 1605 3021 1648 esset
3051 1613 3063 1646 :
3097 1593 3238 1657 Jam,
3269 1595 3447 1663 inquit

1871 1684 2218 1745 Aurelianus,
2244 1686 2451 1739 artibus
2501 1687 2694 1738 vestris
2725 1685 2979 1742 omnibus
3019 1685 3308 1753 superatis,
3344 1699 3442 1752 po-

1873 1778 2025 1830 testis
2079 1778 2312 1839 discere,
2366 1777 2616 1842 quisnam
2642 1779 2715 1830 sit
2769 1777 3096 1831 Aurelianus
3127 1777 3442 1845 imperator.

170 1879 223 1921 ut
255 1885 437 1934 neque
495 1846 734 1933 labores,
775 1886 949 1938 neque
1007 1881 1272 1926 tormenta
1328 1876 1440 1926 haec
1497 1873 1750 1927 sentiam.
1789 1846 1832 1903 Β
1865 1865 2056 1922 Veniat
2085 1886 2226 1926 nunc
2257 1870 2506 1924 Christus
2533 1879 2708 1924 vester
2732 1911 2748 1935 ,
2774 1869 2817 1922 si
2855 1878 3053 1937 potest,
3101 1881 3157 1925 et
3191 1870 3341 1925 vobis
3371 1869 3447 1922 la-

169 1956 321 2011 Tunc
345 1960 693 2024 Aurelianus,
737 1960 1016 2025 Quamvis,
1070 1963 1264 2030 inquit,
1347 1964 1543 2017 multas
1587 1979 1755 2034 nugas

169 2046 438 2112 eﬂ'undas,
475 2060 524 2101 et
553 2050 776 2104 simules
797 2061 847 2104 te
871 2053 1153 2106 cruciatus
1181 2069 1287 2106 non
1308 2055 1532 2117 sentire,
1561 2054 1752 2108 faciam

171 2149 372 2201 tamen,
441 2150 498 2192 ut
562 2142 768 2194 diutius
827 2145 1123 2207 crucieris,
1182 2154 1236 2196 et
1290 2145 1568 2199 doloribus
1633 2163 1756 2200 suc-

169 2233 412 2282 cunibas.
476 2228 589 2283 Non
626 2233 786 2296 sinet,
819 2232 990 2300 inquit
1042 2233 1147 2296 illa,
1177 2233 1428 2287 Christus
1476 2238 1611 2304 ipse,
1667 2252 1752 2290 me

172 2335 408 2387 unquam
467 2330 579 2373 ate
647 2324 913 2390 superari.
972 2323 1062 2377 Ille
1120 2333 1221 2386 est,
1273 2325 1361 2394 qui
1408 2311 1540 2379 milii
1593 2342 1748 2396 opem

168 2410 321 2464 affert
343 2420 396 2464 et
429 2425 596 2473 nunc,
632 2420 684 2462 et
719 2429 934 2482 semper
978 2415 1042 2466 ad
1076 2413 1235 2468 liuent
1270 2431 1435 2485 usque
1463 2418 1751 2485 apitulabi-

172 2516 276 2568 tur,
317 2519 429 2573 quo
463 2505 631 2572 ipsius
661 2509 980 2574 potentiam,
1016 2519 1068 2559 et
1114 2520 1353 2560 nostram
1411 2510 1750 2566 Christiano-

172 2613 285 2650 rum
335 2597 654 2665 patientiam
697 2612 1022 2664 cnguoscere
1070 2601 1265 2664 possis.
1321 2597 1395 2653 Te
1452 2615 1577 2653 vero
1637 2603 1750 2669 ipse

173 2687 312 2742 Deus
378 2704 534 2743 meus
565 2697 772 2740 :eterno
804 2689 908 2756 igni
945 2689 1176 2758 puniet;
1213 2691 1392 2760 exiget
1453 2692 1596 2748 enim
1632 2709 1658 2744 a
1697 2703 1747 2746 te

170 2778 377 2829 animas
410 2793 548 2844 quas
581 2778 884 2846 perdidisti.

240 2869 323 2923 Vl.
355 2869 452 2922 His
482 2870 662 2923 verbis
707 2870 879 2940 magis
916 2871 1118 2925 exarsit
1151 2872 1750 2947 Aurelianus,etjussit

169 2961 396 3014 lebetem
461 2960 641 3014 alieni
669 3001 682 3023 ,
724 2976 785 3013 ac
820 2962 992 3028 piCeIn
1033 2963 1086 3014 in
1141 2980 1262 3015 eum
1311 2967 1526 3031 conjici,
1587 2975 1747 3033 atque

168 3055 343 3123 ignem
380 3056 610 3106 multum
638 3051 774 3103 infra
804 3052 1031 3104 lebetem
1081 3056 1324 3117 accendi,
1365 3056 1433 3108 ita
1471 3069 1526 3110 ut
1586 3073 1746 3111 nemo

167 3146 384 3213 propius
415 3144 672 3197 accedere
704 3154 905 3212 posset.
939 3144 1108 3199 Jnssit
1147 3159 1323 3201 autem
1360 3151 1412 3201 in
1437 3151 1586 3206 itlum
1616 3169 1745 3205 con-

166 3239 246 3304 μυί
275 3236 505 3288 l'aulum
546 3246 599 3288 et
628 3235 921 3292 Jutianam.
959 3238 1206 3300 Quicum
1235 3240 1464 3293 fuissent
1487 3245 1738 3311 coniecti.

166 3331 346 3381 oculos
383 3330 434 3381 in
462 3327 658 3383 cmlum
696 3332 988 3398 erigentes,
1018 3346 1079 3382 ac
1107 3341 1361 3400 tanquam
1396 3349 1502 3387 uno
1523 3337 1739 3389 eodem-

164 3435 260 3486 que
309 3437 403 3473 ore
434 3431 740 3489 precantes,
805 3421 917 3474 haec
976 3423 1254 3478 dicebant:
1308 3426 1533 3481 Domine
1604 3427 1742 3482 Dens

166 3527 371 3580 patrum
426 3524 762 3576 nostrorum,
819 3514 1108 3577 Abraham,
1147 3515 1290 3567 Isaac
1321 3517 1588 3581 etJacob,
1650 3523 1740 3587 qui

164 3605 489 3660 dPSt'Clldlail
526 3607 576 3656 in
629 3604 901 3657 fornacem
940 3605 1077 3675 ignis
1107 3608 1171 3659 ad
1226 3607 1474 3670 Sidt'acb,
1537 3611 1737 3667 Misach

166 3709 216 3750 et
276 3698 578 3765 Abdcnago
613 3697 666 3749 in
723 3693 1011 3768 Babylonis
1078 3700 1319 3769 regione,
1378 3718 1553 3772 neque
1614 3706 1731 3758 illos

165 3792 281 3861 igne
313 3790 434 3844 laedi
473 3791 798 3856 permisisti;
837 3802 913 3855 tu,
941 3793 1166 3850 Domine
1196 3794 1324 3849 Jesu
1356 3796 1594 3862 Christe,
1651 3802 1737 3855 lux
1787 3857 1789 3859 ,

166 3883 248 3936 illa
300 3884 590 3944 immensa,
623 3881 799 3936 Patris
840 3885 1153 3953 mysterium
1207 3896 1260 3939 et
1308 3889 1499 3956 gloria,
1534 3892 1738 3961 Deique

165 3977 413 4029 altissimi
437 3977 679 4040 dextera,
732 3977 824 4043 qui
859 3976 1020 4030 homo
1051 3979 1225 4032 factus
1255 3993 1476 4051 propter
1507 4000 1734 4054 peccata

166 4076 370 4128 nostra,
405 4066 550 4118 inter
580 4067 830 4120 homines
867 4077 1114 4122 versatus
1143 4087 1222 4136 es,
1262 4075 1327 4125 da
1362 4075 1592 4131 salutem
1615 4079 1737 4132 ani-

165 4158 373 4222 mabus,
399 4172 538 4226 quas
566 4157 817 4212 inimicus
843 4159 1089 4216 diabolus
1126 4164 1429 4220 miserrime
1479 4169 1734 4237 deceptas

165 4259 215 4302 et
237 4261 548 4320 corruptas,
585 4266 756 4320 usque
781 4251 846 4305 ad
864 4251 1100 4307 intimam
1130 4265 1374 4312 tartareae
1401 4259 1545 4313 sedis
1579 4277 1736 4314 vora-

166 4343 339 4412 ginem
388 4343 682 4398 detrudere
733 4354 964 4399 conatur
1010 4364 1024 4400 :
1063 4351 1520 4417 quemadmodum
1555 4354 1736 4408 Aure-

163 4432 339 4488 lianus
391 4436 515 4495 iste,
564 4433 734 4502 ipsius
794 4434 993 4490 diaboli
1026 4437 1340 4506 discipulus,
1377 4456 1523 4496 nunc
1585 4443 1734 4502 facit.

1862 1956 2180 2012 borantibus
2211 1975 2366 2026 opem
2400 1959 2610 2013 aﬂ'erat.
2645 1959 2942 2027 lteSpondit
2979 1961 3158 2012 Statim
3199 1961 3447 2014 Aurelia-

1862 2066 1933 2105 no
1957 2050 2166 2106 .luliana
2195 2068 2208 2105 ε
2238 2052 2530 2107 Nobiscum
2563 2053 2666 2106 hoc
2692 2054 2745 2107 in
2767 2053 3263 2117 lucoCbristusest,
3289 2055 3443 2110 nobis

1861 2159 2018 2212 opem
2053 2145 2229 2208 aﬂcrt,
2253 2163 2428 2216 neque
2491 2147 2616 2201 sinit
2648 2147 2715 2200 ab
2747 2147 2867 2218 igne
2893 2163 2992 2202 nos
3017 2146 3183 2217 tangi.
3215 2147 3296 2203 Tu
3318 2164 3444 2205 vero

1862 2235 2012 2287 illum
2036 2253 2143 2289 non
2211 2241 2383 2300 vides,
2422 2254 2544 2291 cum
2576 2239 2696 2306 ejus
2769 2241 2978 2291 visione
3038 2241 3292 2308 indignus
3343 2242 3436 2292 sis.

1861 2325 2054 2378 Moneo
2112 2328 2523 2386 te,Anreliane,
2579 2337 2638 2380 ut
2684 2326 2948 2380 insaniam
2986 2326 3144 2380 istam
3199 2331 3436 2393 omittas,

1859 2426 1920 2470 et
1943 2418 2010 2473 ad
2040 2417 2314 2472 Christum
2350 2419 2599 2475 accedas.
2635 2434 2756 2470 nam
2786 2420 2828 2472 si
2856 2419 2903 2472 ei
2935 2419 3158 2473 credere
3179 2420 3436 2483 volueris,

1863 2517 1912 2561 te
1956 2511 2363 2578 resipiscenbctn
2398 2509 2782 2578 amplectetur,
2820 2525 2944 2564 cum
2979 2510 3249 2581 benignus
3281 2513 3349 2566 sit
3377 2527 3441 2565 ac

1859 2603 2192 2661 misericors,
2253 2612 2306 2653 et
2350 2605 2584 2656 humana
2632 2615 2850 2669 peccata
2899 2604 3188 2656 condonet.
3233 2605 3437 2668 Quodsi

1856 2705 1962 2742 non
2001 2692 2319 2754 credideris,
2347 2705 2553 2746 aeterno
2592 2695 2713 2763 igne
2741 2697 3005 2763 punieris.

1929 2780 2016 2835 IX.
2051 2780 2215 2856 Magis
2245 2787 2413 2838 iratus
2442 2796 2525 2838 est
2552 2788 2895 2849 Aurelianus,
2954 2799 3009 2842 et
3049 2792 3212 2860 jussit
3259 2792 3439 2848 carni-

1861 2875 1984 2928 fices
2019 2879 2194 2944 capite
2224 2879 2486 2938 truncari,
2525 2880 2680 2948 quasi
2714 2883 2974 2949 pecunias
3048 2897 3078 2936 a
3107 2884 3435 2940 Christianis

1857 2972 2287 3036 acet-pissent,ut
2317 2971 2419 3025 illis
2450 2982 2755 3040 parcerent.
2788 2974 2920 3028 Cum
2951 2991 3074 3030 vero
3103 2979 3168 3030 ad
3204 2987 3433 3034 mortem

1855 3057 2256 3111 tiedmcretnur
2283 3064 2594 3127 carnifices,
2622 3066 2943 3119 hortabatur
2971 3085 3064 3123 eos
3099 3069 3300 3126 Paulus
3351 3073 3435 3127 his

1803 3205 1817 3220 ι
1858 3152 2067 3205 verbis:
2106 3152 2280 3206 Nolite
2311 3153 2525 3216 timere,
2561 3170 2738 3224 neque
2770 3158 2918 3210 enim
2939 3159 2988 3211 in
3021 3171 3288 3216 :cternum
3320 3181 3436 3218 mo-

1779 3209 1816 3258 (⁸
1855 3239 2088 3304 riemini,
2119 3243 2212 3296 sed
2261 3254 2571 3298 sanctorum
2635 3248 2934 3317 participes
2978 3249 3140 3316 futuri
3188 3254 3340 3314 estis,
3378 3265 3436 3314 et

1843 3331 2080 3383 caelestis
2106 3334 2248 3400 regni
2286 3334 2551 3388 hrrredcs.
2581 3336 2700 3389 Htcc
2747 3355 2867 3390 cum
2910 3343 3189 3398 audissent
3221 3348 3436 3400 carniﬁ-

1844 3436 1952 3484 ces,
1983 3424 2365 3486 constiterunt,
2398 3425 2468 3478 ita
2529 3425 2694 3482 Deum
2725 3440 2984 3486 orantes:
3021 3433 3245 3490 Domine
3300 3437 3430 3493 Jesu

1844 3515 2081 3570 Christe.
2115 3531 2273 3584 quem
2345 3516 2546 3572 Paulus
2575 3530 2629 3573 et
2655 3519 2867 3575 Juliana
2887 3525 3210 3594 pradicant,
3239 3531 3428 3585 adesto

1843 3606 2092 3667 nobis,et
2130 3608 2181 3658 in
2224 3611 2574 3666 confessione
2611 3623 2696 3666 tua
2729 3614 2813 3669 fac
2847 3632 2946 3668 nos
2987 3620 3254 3686 perfectos
3279 3638 3430 3686 esse,

1842 3697 2096 3765 quoniam
2128 3699 2262 3752 nihil
2305 3702 2428 3753 mali
2465 3703 2716 3763 iecimus,
2749 3715 2800 3757 et
2833 3711 3119 3763 morimur.
3155 3711 3277 3767 Haec
3303 3720 3425 3769 cum

1841 3787 2128 3853 dixissent,
2165 3791 2480 3846 obtruncati
2509 3804 2635 3848 sunt
2673 3837 2685 3848 .
2709 3795 2907 3853 Eorum
2961 3801 3114 3867 alter,
3185 3803 3428 3868 Quadra-

1847 3891 1934 3936 tus
1969 3901 1981 3949 ;
2030 3884 2183 3948 alter,
2209 3887 2440 3941 Aeacius
2474 3889 2774 3946 dicebatur.

1916 3975 1982 4029 Χ.
2017 3975 2110 4029 His
2146 3977 2308 4046 igitur
2342 3981 2600 4049 martyrio
2647 3987 3065 4050 consummatis,
3093 3988 3259 4056 jussit
3306 3991 3419 4047 Au-

1848 4067 2089 4122 relianus
2122 4071 2256 4123 alios
2287 4072 2570 4126 carnifices
2631 4073 2809 4145 ignem
2863 4077 3078 4142 atl'erre,
3122 4091 3199 4134 ιρι
3262 4099 3426 4154 supra

1849 4161 2111 4215 carbones
2145 4161 2219 4216 sal
2238 4175 2545 4234 aspergere,
2569 4176 2625 4218 ut
2652 4167 2790 4236 ignis
2815 4170 2929 4238 ipsc
2955 4172 3310 4229 Vehementer
3339 4194 3430 4233 ac-

1842 4256 2192 4308 cenderetur.
2223 4254 2360 4308 Tum
2392 4255 2640 4312 Juliana:
2702 4261 3016 4326 Aureliane,
3073 4265 3266 4333 inquit,
3307 4269 3426 4340 ΤΥ-

1841 4361 2010 4400 ranne
2044 4357 2099 4400 et
2126 4347 2353 4411 nefarie,
2388 4353 2746 4420 curteipsum
2799 4353 3016 4425 amigis?
3062 4358 3229 4414 Video
3280 4365 3424 4418 enim

1850 4446 1900 4491 te
1925 4439 2176 4501 Cmciari,
2211 4451 2265 4494 et
2295 4443 2552 4495 omnibus
2589 4445 2764 4497 modis
2792 4455 2975 4501 lurore
2994 4451 3269 4506 detentum
3289 4455 3424 4511 aﬂli-

166 4524 285 4580 Haec
319 4541 446 4578 eum
469 4526 542 4580 illi
581 4538 866 4593 precantes
897 4531 1183 4592 dixissent,
1244 4534 1335 4603 pix
1365 4537 1734 4596 eifervescens

1859 4531 1918 4600 gi,
1981 4530 2218 4601 denique
2273 4543 2330 4587 ut
2382 4546 2694 4604 serpentem
2731 4538 2970 4608 aliquem
3014 4545 3422 4610 exsibilantem,

164 4615 211 4666 in
235 4617 468 4686 gelidam
497 4632 690 4685 aquam
722 4633 984 4672 conversa
1014 4633 1115 4685 est,
1145 4623 1212 4675 ita
1242 4635 1300 4677 ut
1325 4628 1415 4695 qui
1449 4645 1744 4697 praesentes

165 4718 342 4773 erant,
381 4710 476 4764 Dei
522 4711 821 4780 potentiam
857 4710 1280 4771 admirarentur.

231 4804 343 4858 \‘ll.
377 4803 744 4858 Nihilominus
762 4815 938 4858 tamen
961 4807 1304 4876 Aurelianus,
1329 4815 1744 4881 propriofurore

162 4903 482 4962 oppressus,
531 4891 643 4945 Deo
669 4893 892 4960 gloriam
940 4909 1045 4949 non
1085 4899 1364 4964 reddebat,
1390 4905 1481 4958 sed
1525 4909 1746 4978 magicis

166 4987 373 5039 artibus
406 4999 470 5038 ea
517 4982 630 5036 fieri
674 4983 1034 5040 existimabat.
1068 4989 1237 5044 JnSsit
1276 5004 1458 5063 postea
1492 5014 1520 5051 e
1571 5001 1744 5054 lebete

165 5075 552 5155 illosextrabi,
587 5074 641 5128 in
676 5077 872 5146 quibus
913 5093 1012 5131 nec
1063 5080 1196 5147 picis
1227 5084 1360 5136 odor
1390 5086 1582 5155 aliquis
1634 5091 1745 5143 ine-

167 5178 280 5221 rat:
329 5171 464 5238 quin
493 5167 657 5222 etiam
707 5170 958 5236 nequein
990 5170 1164 5225 lebete
1229 5175 1347 5244 ipso
1373 5178 1507 5246 picis
1540 5180 1742 5248 aliquid

165 5260 444 5314 inventum
491 5267 596 5324 est,
623 5259 718 5315 sed
763 5269 973 5313 tantum
1023 5261 1214 5333 frigida
1247 5281 1407 5334 aqua.
1439 5268 1591 5323 Tunc
1631 5274 1743 5325 Au-

164 5352 440 5406 relianus:
477 5351 904 5416 Existimatisne,
942 5352 1136 5422 inquit,
1175 5371 1288 5422 eos,
1325 5361 1414 5427 qui
1444 5371 1744 5431 praesentes

165 5453 305 5507 sunt,
332 5459 360 5496 a
384 5443 540 5498 vobis
564 5445 944 5498 circumveniri
979 5453 1034 5498 et
1055 5446 1268 5513 adduci,
1287 5461 1346 5504 ut
1375 5463 1566 5522 putent
1591 5457 1744 5509 auxi-

166 5537 286 5592 lium
321 5550 351 5588 a
389 5534 499 5586 Deo
549 5545 737 5588 vestro
785 5536 938 5589 vobis
989 5537 1232 5602 allatum,
1263 5549 1317 5592 et
1366 5557 1476 5596 non
1523 5548 1745 5617 magicis

167 5635 338 5698 potius
357 5627 570 5680 artibus
594 5627 710 5682 haec
731 5627 870 5683 facta
887 5630 1031 5683 esse?
1044 5630 1157 5685 Non
1185 5631 1278 5688 ita.
1303 5647 1400 5701 per
1423 5636 1554 5690 deos
1573 5637 1744 5707 ipsos,

169 5735 247 5775 res
263 5741 316 5778 se
332 5719 554 5778 habebit
572 5735 586 5780 ;
603 5720 791 5773 faciam
809 5721 974 5786 enim,
992 5731 1048 5775 ut
1063 5723 1389 5778 cruciatibus
1407 5727 1603 5788 aﬂ'ccti,
1625 5729 1745 5799 igne

166 5810 703 5881 consumaminimisi
721 5811 823 5865 diis
864 5813 992 5881 ipsis
1014 5814 1254 5869 victimas
1293 5815 1618 5874 obtuleritis.
1663 5819 1742 5874 Ad

1851 4635 2122 4673 venenum
2157 4632 2348 4676 contra
2372 4638 2473 4678 nos
2524 4627 2841 4694 effundere;
2899 4634 2992 4684 sed
3053 4635 3188 4686 nihil
3244 4647 3421 4693 tamen

1849 4711 2126 4779 prolicies,
2165 4729 2286 4766 eum
2322 4714 2461 4766 Deus
2501 4715 2615 4782 ipse
2655 4731 2756 4769 nos
2787 4722 3124 4788 corroboret,
3156 4734 3426 4796 utpravas

1851 4810 1971 4856 tuas
1999 4806 2355 4872 cogitationes
2393 4807 2668 4863 sustinere
2715 4815 3010 4880 possimus.
3058 4815 3246 4886 Itaque
3301 4838 3424 4877 cum

1847 4894 2106 4948 adversus
2123 4909 2221 4949 nos
2238 4896 2372 4951 nihil
2389 4899 2599 4955 edicere
2621 4905 2889 4970 potueris,
2910 4912 3080 4977 magis
3115 4913 3424 4979 erubesccs,

1847 4996 1902 5040 et
1934 5003 1962 5039 a
2021 4987 2178 5040 nobis
2241 4990 2382 5059 ipsis
2415 4993 2734 5048 abstinebis.
2767 4996 3091 5052 Aurelianus
3117 5001 3278 5071 jussit
3310 5006 3428 5063 illos

1845 5080 2068 5140 cxsolvi,
2099 5088 2153 5132 et
2205 5082 2258 5136 in
2293 5098 2564 5138 carcerem
2622 5086 2862 5150 detrudi,
2899 5098 3061 5158 atque
3113 5094 3250 5162 ligna
3277 5114 3421 5164 qua:—

1847 5173 1968 5226 dam
1990 5175 2206 5227 itiaximi
2246 5175 2505 5243 ponderis
2539 5179 2591 5231 in
2648 5194 2836 5232 eorum
2898 5183 3140 5236 cervices
3195 5186 3422 5256 imponi,

1847 5266 2012 5331 pedes
2040 5266 2200 5319 etiam
2234 5270 2584 5336 compedibus
2630 5271 2800 5339 ligari,
2834 5273 3039 5326 catenis
3100 5290 3295 5332 manus
3331 5281 3418 5336 dir

1848 5356 2066 5419 vinciri,
2097 5366 2151 5408 et
2183 5357 2386 5411 ferreos
2417 5361 2595 5415 clavos
2621 5369 2812 5427 sterni,
2863 5366 3040 5421 utillis
3089 5372 3428 5440 configeren-

1849 5458 1957 5513 tur,
1989 5464 2164 5518 neque
2194 5449 2633 5508 Christianorum
2662 5457 2898 5525 aliquem
2937 5460 3180 5526 permitti
3206 5465 3273 5516 ad
3332 5481 3426 5520 eos

1848 5541 2080 5611 ingredi,
2121 5559 2186 5595 ne
2226 5545 2376 5599 cibus
2427 5546 2732 5599 aﬂ‘erretur.
2778 5548 2898 5604 Illos
2933 5552 3091 5620 igitur
3146 5559 3428 5615 carnifices

1849 5632 1900 5684 in
1936 5646 2210 5686 carcerem
2267 5635 2560 5698 duxerunt,
2602 5652 2830 5709 quisque
2885 5643 2952 5695 ab
2994 5644 3286 5701 Aureliano
3313 5651 3429 5717 jus-

1847 5725 1886 5776 si
1929 5723 2164 5787 fuerant,
2200 5726 2278 5779 eis
2345 5729 2611 5782 fecerunt.
2669 5733 2803 5785 Cum
2860 5749 2987 5789 vero
3045 5739 3222 5792 media
3268 5749 3426 5797 nocte

1850 5825 2112 5888 martyres
2145 5817 2310 5872 Deum
2364 5832 2742 5892 precarentur,
2800 5823 2886 5878 lux
2935 5828 3181 5897 quadam
3233 5846 3424 5904 magna
