3970 6438
544 384 659 447 579

1804 374 2091 435 MENSIS
2131 375 2557 437 AUGUSTUS.

3718 374 3815 437 580

542 492 747 547 ctIulsit
778 492 827 544 in
860 505 1097 555 carcere,
1136 497 1190 544 et
1240 488 1467 559 angelus
1523 500 1705 542 coram
1764 484 1873 540 illis
1943 488 2114 551 stetit,
2167 494 2204 549 Α
2234 494 2287 539 et
2311 482 2619 549 temerarie,
2649 496 2875 539 curnam
2909 481 3026 536 haec
3055 480 3296 537 facinora
3327 490 3519 537 contra
3551 482 3819 537 Christia-

544 588 731 654 cisque
758 585 911 638 dixit:
944 584 1106 638 Paule
1150 593 1205 638 et
1238 581 1473 648 Juliana,
1528 580 1671 635 servi
1715 578 1806 634 Dei
1852 580 2123 637 altissimi.

545 683 749 751 surgite
773 687 828 731 et
859 678 1027 730 Deum
1058 682 1233 730 orate.
1273 672 1395 728 Ilaec
1412 673 1545 726 dixit
1570 672 1814 740 angelus,
1851 681 1905 726 et
1948 672 2014 725 ad
2038 686 2132 725 eos

548 770 782 825 accessit
812 787 823 822 :
856 785 918 823 ac
946 771 1128 823 statim
1165 769 1547 831 instrumenta,
1586 766 1783 835 quibus
1810 782 1996 820 eorum
2016 765 2130 819 col-

545 864 593 916 la
618 863 907 917 constricta
940 870 1118 923 erant,
1143 862 1333 929 tetigit.
1355 861 1647 928 statimque
1680 869 1784 912 tam
1819 859 1927 921 illa,
1967 873 2127 926 quam

556 952 759 1020 reliqua
792 952 967 1004 ferrea
995 962 1049 1005 et
1075 952 1244 1020 lignea
1270 950 1481 1003 vincula
1524 943 1909 1011 confracta,de
1950 950 2130 1017 justo-

544 1059 664 1097 rum
718 1054 1010 1113 martyrum
1036 1044 1351 1112 corporibus
1388 1043 1708 1096 exciderunt
1736 1058 1747 1093 :
1774 1042 1893 1094 dure
1944 1042 2124 1093 autem

544 1135 703 1188 sedes
725 1134 915 1203 pannis
933 1144 1137 1197 stratae,
1185 1143 1239 1186 et
1261 1149 1445 1186 mensa
1476 1147 1660 1187 coram
1694 1133 1821 1201 ipsis
1866 1131 2008 1185 illico
2032 1145 2123 1199 ap-

542 1226 718 1294 posita
751 1234 856 1289 est,
903 1227 1211 1295 omnigenis
1248 1225 1467 1279 ferculis
1501 1226 1678 1294 plena,
1711 1225 1896 1293 eisque
1964 1238 2126 1293 ange-

545 1315 629 1367 lus
660 1315 798 1368 dixit
839 1332 853 1369 :
897 1314 1109 1377 Venite,
1166 1315 1507 1384 requiescite,
1564 1324 1617 1368 et
1679 1314 1855 1367 cibum
1902 1316 2123 1377 sumite,

540 1422 702 1476 quem
763 1407 909 1459 misit
942 1406 1094 1460 vobis
1120 1406 1248 1462 Jesu
1287 1406 1561 1461 Christus.
1584 1408 1778 1462 Paulus
1812 1418 1863 1461 et
1886 1405 2120 1471 Iuliana,

541 1513 603 1550 ea
624 1512 680 1551 re
715 1496 895 1562 laxati,
922 1498 1337 1552 discubuerunt.
1362 1498 1605 1569 Cumque
1630 1515 1824 1569 panem
1854 1499 2030 1567 ipsum
2068 1499 2123 1552 in

542 1605 733 1643 manus
753 1592 1203 1659 sumpsissent,et
1230 1591 1416 1645 oculos
1460 1591 1514 1643 in
1567 1594 1763 1644 cretum
1800 1590 2121 1653 erexissent,

543 1681 654 1733 Deo
693 1680 794 1746 ipsi
829 1680 1031 1749 gratias
1088 1690 1335 1747 egerunt,
1394 1688 1447 1733 et
1486 1678 1591 1732 cibi
1647 1677 1938 1747 participes
1998 1677 2122 1731 facti

540 1780 689 1823 sunt.
728 1769 989 1823 Viderunt
1018 1772 1257 1823 carceris
1289 1771 1542 1823 custodes
1582 1770 1755 1823 lucem
1795 1768 1945 1822 illam
2007 1784 2121 1821 ma-

2236 595 2334 633 nos
2372 586 2583 647 patrare
2641 573 2865 629 audes?
2921 573 3191 639 Quidnam
3243 574 3493 629 homines
3538 573 3651 629 Deo
3705 589 3819 627 ser-

2237 667 2447 720 vientes
2480 663 2892 725 commiserunt,
2931 669 2989 714 ut
3016 660 3089 713 ita
3115 661 3407 715 crudeliter
3433 661 3819 717 etimmaniter

2232 770 2327 809 eos
2362 754 2575 809 crucies
2604 753 2626 805 ?
2656 751 2736 806 An
2774 753 2900 820 quia
2933 749 3211 805 Christum
3246 751 3488 805 omnium
3510 751 3819 806 dominato-

2234 862 2349 900 rem
2380 856 2713 899 renerantur
2740 844 2761 894 ἲ
2784 841 2910 897 Ikec
2946 858 3070 896 cum
3099 842 3305 895 audiret
3339 842 3693 905 Aurelianus,
3744 842 3817 895 ita

2230 937 2529 1006 obstupuit,
2568 946 2626 989 ut
2658 935 2792 988 hora
2848 949 2955 987 una
2979 943 3166 986 mutus
3195 932 3538 986 remauscrit.
3574 931 3820 986 Tandem

2232 1029 2567 1096 respondens
2632 1044 2647 1080 :
2707 1024 2862 1078 Tune
2922 1023 3130 1082 etiam,
3197 1025 3415 1092 inquit,
3467 1022 3816 1086 Stratonice,

2228 1119 2454 1173 istorum
2492 1117 2733 1171 stultitiae
2758 1112 3163 1184 atqueinsania:
3190 1116 3461 1182 particeps
3493 1112 3675 1166 factus
3703 1127 3763 1165 es
3796 1112 3819 1162 ?

2228 1212 2308 1263 An
2339 1209 2570 1263 Julianze
2601 1206 2944 1276 pulchritudo
2977 1214 3027 1257 te
3060 1203 3299 1271 decepit,
3352 1215 3402 1257 et
3446 1204 3569 1271 ejus
3610 1205 3820 1272 jucun-

2227 1299 2312 1353 dis
2372 1296 2724 1351 sermonibus
2779 1295 3006 1347 allectus
3059 1289 3165 1345 es?
3206 1292 3548 1345 Stratomcns
3605 1307 3731 1343 cum
3767 1292 3821 1343 in

2226 1393 2423 1452 coelum
2463 1390 2653 1445 oculos
2681 1388 2969 1449 erexisset,
3028 1385 3155 1439 dein
3188 1382 3412 1437 Paulum
3458 1399 3519 1437 ac
3544 1383 3822 1437 Julianam

2229 1482 2281 1534 in
2311 1482 2460 1551 ligno
2507 1493 2806 1549 suspensos
2862 1475 3372 1546 circumspexisset,
3431 1475 3615 1529 crucis
3664 1476 3825 1544 signo

2226 1574 2490 1632 munitus.
2527 1573 2740 1627 illorum
2776 1580 3029 1639 aspectus
3065 1572 3199 1622 tales
3225 1570 3376 1633 vidit,
3408 1568 3598 1637 quales
3650 1582 3826 1638 ange-

2226 1670 2401 1724 lorum
2436 1669 2529 1723 Dei
2565 1668 2736 1723 facies
2768 1681 2889 1723 esse
2920 1667 3118 1721 solent.
3148 1663 3270 1717 Mox
3317 1665 3570 1727 accurrit,
3602 1674 3660 1719 et
3689 1666 3829 1719 deo-

2227 1778 2348 1817 rum
2381 1777 2531 1817 aram
2562 1762 2805 1817 calcibus
2835 1757 3205 1821 couculcavit,
3259 1770 3489 1825 eamque
3536 1766 3827 1819 evertens,

542 1877 701 1932 gnam
728 1878 743 1927 ;
777 1877 1009 1931 cumque
1040 1863 1106 1917 ad
1150 1878 1244 1917 eos
1276 1873 1501 1933 repente
1541 1863 1936 1924 introivissent,
1966 1861 2112 1931 quod
2147 1845 2188 1903 Β
2218 1857 2290 1909 ait
2319 1874 2332 1909 :
2359 1854 2436 1908 En
2464 1862 2518 1908 et
2538 1869 2637 1923 ego
2658 1853 2998 1907 Christianus
3020 1865 3138 1904 sum
3163 1866 3179 1915 ;
3200 1850 3367 1903 facias
3407 1848 3533 1902 licet
3553 1848 3825 1917 quidquid

542 1954 741 2009 factum
770 1956 941 2010 fuerat
970 1957 1311 2023 didicerunt,
1368 1958 1514 2027 ipsos
1573 1958 1795 2026 insuper
1821 1956 2113 2011 comeden-

542 2053 645 2106 tes,
673 2056 728 2097 et
761 2044 960 2099 hilares
987 2046 1161 2100 factos
1194 2047 1467 2101 viderunt.
1502 2046 1685 2115 Itaque
1720 2062 1845 2101 cum
1899 2046 2005 2101 illis
2032 2061 2117 2099 re-

542 2136 863 2191 cumbentes
882 2146 933 2191 et
957 2138 1053 2208 ipsi
1109 2140 1485 2200 comederunt,
1527 2141 1745 2208 Deoque
1792 2139 2003 2193 laudem
2062 2147 2117 2192 et

541 2230 766 2301 gloriam
815 2230 1105 2295 dederunt,
1136 2234 1227 2301 qui
1270 2233 1429 2287 talem
1483 2234 1707 2304 gratiam
1762 2233 1885 2288 filiis
1936 2232 2115 2287 homi-

541 2338 671 2378 num
704 2324 1046 2389 contulisset,
1073 2326 1145 2377 ita
1177 2333 1233 2377 ut
1267 2326 1511 2393 plerique
1542 2342 1607 2381 ex
1632 2326 1764 2396 ipsis
1800 2325 1906 2379 Deo
1940 2324 2116 2379 credi-

540 2414 744 2476 derint,
772 2424 826 2468 ct
864 2416 1167 2468 Christiani
1195 2418 1490 2470 evaserint.

610 2502 696 2556 XI.
736 2502 919 2558 Tertio
976 2505 1205 2573 postdie
1230 2505 1575 2567 Aurelianus,
1631 2521 1751 2558 cum
1786 2506 1839 2558 in
1865 2505 2114 2560 tribunali

541 2595 799 2657 sedisset,
825 2592 991 2659 jussit
1025 2603 1242 2647 sanctos
1275 2603 1540 2663 martyres
1574 2594 1802 2647 Paulum
1842 2604 1895 2649 et
1942 2593 2116 2649 Julia-

538 2699 664 2739 nam
693 2685 821 2738 illuc
855 2684 999 2746 duci,
1035 2684 1232 2753 quibus
1256 2684 1328 2736 ait
1359 2701 1372 2737 :
1415 2686 1496 2737 An
1550 2685 1790 2738 nondum
1851 2696 2117 2739 tormenta

540 2777 658 2846 ipsa
691 2791 785 2830 vos
812 2777 1136 2838 docuerunt,
1174 2786 1232 2829 ut
1255 2777 1321 2829 ab
1356 2778 1456 2829 ista
1525 2777 1734 2831 insania
1796 2790 1974 2831 vestra
2005 2778 2115 2831 dis-

544 2868 771 2929 cedatis,
797 2875 853 2919 et
885 2872 1014 2921 deos
1073 2866 1355 2929 adeuntes,
1389 2866 1494 2919 illis
1549 2870 1795 2920 victimas
1844 2866 2112 2921 offeratis?

539 2958 687 3022 Haec,
716 2959 893 3026 inquit
926 2958 1148 3019 Paulus,
1180 2958 1411 3010 stultitia
1447 2956 1576 3010 mihi
1610 2960 1702 3021 sit,
1739 2967 1795 3012 et
1834 2958 2113 3024 omnibus,

538 3052 631 3122 qui
668 3050 836 3104 Deum
885 3052 1058 3120 ipsum
1095 3052 1353 3120 diligunt.
1387 3048 1538 3115 Quod
1580 3050 1723 3104 enim
1782 3052 1998 3105 stultum
2042 3058 2120 3105 est

538 3143 656 3203 Dei,
690 3144 980 3211 sapientius
1012 3154 1084 3195 est
1115 3142 1441 3202 hominibus;
1474 3150 1520 3193 et
1552 3142 1814 3207 sapientia
1853 3142 2121 3193 hominum

534 3235 763 3296 stultitia
794 3244 869 3287 est
902 3237 1043 3302 apud
1078 3234 1261 3286 Deum.
1299 3232 1580 3301 Desipiens
1621 3231 1863 3301 profecto
1890 3239 1945 3285 et
1979 3232 2124 3286 insa-
2153 3200 2199 3261 C

535 3346 640 3385 nus
677 3345 874 3395 essem,
929 3330 973 3385 si
1033 3345 1061 3383 a
1111 3329 1216 3382 Deo
1256 3330 1370 3398 ipso
1405 3328 1684 3392 deﬁciens,
1715 3330 1987 3383 daemones
2043 3331 2132 3381 ve'

534 3437 679 3479 srros
694 3427 951 3477 colerem.
981 3423 1165 3475 Denuo
1190 3422 1533 3487 Aurelianus,
1553 3423 1644 3476 bili
1679 3423 1937 3492 percitus,
1968 3421 2129 3488 jussit

538 3516 659 3572 illos
692 3517 743 3569 in
774 3516 919 3586 ligno
965 3516 1247 3583 suspendi,
1302 3527 1355 3569 et
1403 3514 1657 3568 cruciari.
1712 3516 1780 3567 At
1822 3513 1899 3565 illi
1958 3511 2126 3565 Deum

539 3617 781 3669 orantes.
821 3611 932 3661 haec
966 3608 1257 3660 dicebant:
1299 3606 1526 3658 Domine
1557 3605 1684 3659 Jesu
1721 3604 1962 3669 Christe,
2026 3605 2125 3659 Fili

539 3697 634 3753 Dei
688 3700 940 3761 viventis,
1008 3700 1098 3753 lux
1170 3697 1627 3761 Christianorum,
1680 3709 1733 3751 et
1788 3700 1941 3759 fides,
2004 3714 2125 3767 qua:

540 3802 721 3862 neque
753 3792 993 3858 concuti,
1059 3807 1235 3861 neque
1284 3791 1352 3845 ab
1410 3792 1738 3847 adversariis
1789 3791 2122 3861 expugnari,

543 3898 637 3941 aut
706 3886 925 3941 dissolvi
986 3894 1221 3954 potest:
1276 3886 1499 3938 ostende
1582 3885 1774 3938 faciem
1844 3895 1988 3939 tuam
2050 3893 2125 3951 ,et

542 3979 698 4032 nobis
720 3994 875 4047 opem
913 3980 1075 4041 feras,
1108 3993 1282 4047 neque
1318 3993 1416 4031 nos
1445 3979 1706 4032 destituas
1728 3988 1947 4047 propter
1998 3993 2124 4031 san-

542 4084 691 4125 ctum
717 4086 916 4125 nomen
944 4081 1118 4122 tuum.
1146 4069 1279 4123 Cum
1312 4070 1472 4138 igitur
1503 4070 1785 4122 carnifices
1818 4070 2022 4122 diutius
2059 4070 2121 4122 il-

543 4164 625 4216 los
651 4162 976 4225 cruciarent,
998 4169 1050 4214 et
1080 4160 1327 4214 Christus
1358 4174 1543 4213 eorum
1577 4161 1849 4215 cruciatus
1872 4160 2124 4216 subleva-

543 4264 646 4317 ret,
668 4253 799 4309 nihil
826 4253 1047 4308 omnino
1093 4264 1353 4321 martyres
1380 4263 1644 4307 tormenta
1679 4254 1765 4307 illa
1788 4254 2115 4308 sentiebant.

615 4346 735 4401 XII.
782 4346 930 4400 Unus
963 4363 1089 4399 vero
1124 4360 1153 4400 c
1184 4345 1548 4408 carnilicihus,
1606 4348 1828 4399 nomine
1859 4347 2120 4401 Stratoni-

544 4456 664 4505 cus,
697 4454 819 4493 cum
853 4448 1023 4493 staret
1054 4438 1119 4492 ad
1153 4438 1435 4492 sinistrum
1476 4436 1703 4492 Iuliana:
1728 4438 1888 4503 latus,
1923 4448 1976 4492 et
2008 4450 2117 4492 tor-

2218 1943 2370 2002 libet.
2429 1946 2635 2001 Furore
2714 1960 2982 1999 accensus
3060 1942 3411 2006 Aurelianus,
3476 1941 3643 2010 jussit
3700 1942 3825 2009 ejus

2216 2050 2377 2110 caput
2403 2037 2662 2093 ahscindi.
2702 2034 2948 2103 Cumque
2988 2034 3313 2087 sententiam
3340 2032 3641 2101 imperator
3667 2032 3826 2086 tulis-

2216 2142 2317 2194 set,
2350 2133 2494 2185 venit
2522 2131 2591 2185 ad
2628 2145 2752 2184 eum
2798 2129 2972 2182 locum
3003 2127 3055 2179 in
3115 2138 3224 2193 quo
3286 2126 3605 2193 martyrium
3637 2123 3829 2179 obitu-

2218 2242 2311 2280 rus
2339 2234 2457 2280 erat
2489 2242 2502 2293 ;
2536 2225 2625 2277 ubi
2661 2239 2783 2278 cum
2817 2237 2991 2292 genua
3041 2220 3385 2278 inclinasset,
3441 2210 3512 2276 ita
3591 2218 3820 2272 oravit:

2219 2318 2448 2373 Domine
2485 2316 2613 2371 Jesu
2664 2314 2902 2376 Christe,
2940 2326 3099 2381 quem
3134 2310 3332 2365 Paulus
3356 2308 3638 2366 etJuliaua
3683 2327 3825 2364 con-

2221 2410 2453 2473 ﬁtentes,
2488 2406 2673 2461 invicti
2740 2412 3061 2475 permanent
3092 2417 3120 2456 a
3152 2403 3435 2458 divinitate
3496 2412 3584 2457 tua
3627 2417 3826 2457 serva—

2222 2504 2282 2568 ti,
2309 2511 2363 2558 et
2383 2500 2658 2557 Aureliani
2691 2498 3026 2570 tyrannidem
3053 2495 3486 2556 confundentes;
3518 2504 3599 2560 tu,
3627 2510 3823 2562 quaso

2219 2606 2274 2651 et
2304 2595 2539 2649 animam
2588 2607 2763 2646 meam
2794 2590 2979 2658 accipe
3021 2586 3073 2641 in
3125 2588 3347 2643 cmleste
3379 2602 3603 2655 regnum
3635 2596 3821 2649 tuum,

2220 2703 2418 2749 meam,
2457 2687 2697 2754 inquam,
2729 2682 2988 2746 animam,
3013 2680 3102 2749 qui
3139 2680 3475 2735 brevissimte
3504 2679 3650 2733 horae
3684 2693 3820 2748 spa-

2222 2780 2295 2833 tio
2342 2792 2543 2831 nomen
2591 2787 2741 2830 tuum
2798 2774 3082 2833 confessus
3130 2787 3274 2837 sum,
3312 2780 3581 2841 prasente
3632 2771 3817 2825 Aure-

2222 2874 2389 2927 liano.
2426 2868 2517 2925 I-lis
2570 2866 2749 2931 dictis,
2798 2864 2887 2920 ille
2937 2872 3100 2934 caput
3152 2863 3417 2926 extendit,
3450 2872 3506 2915 et
3552 2861 3820 2914 carnifice

2221 2966 2575 3019 obtruncatus
2630 2970 2732 3015 est.
2794 2956 3077 3013 Venerunt
3144 2966 3327 3010 autem
3366 2952 3691 3018 Christiani,
3752 2962 3812 3008 et

2223 3058 2342 3125 ejus
2377 3054 2635 3122 reliquias
2666 3051 3026 3120 collegerunt.

2312 3254 2446 3309 XIII.
2487 3253 2691 3308 Paulus
2727 3267 2855 3306 vero
2903 3260 2962 3304 et
3001 3249 3215 3305 Iuliana
3265 3247 3548 3301 cruciatus
3594 3246 3819 3301 fortiter

2235 3347 2599 3401 sustinebant.
2649 3344 2805 3396 Tunc
2862 3342 3187 3394 Aurelianus
3233 3337 3505 3392 Julianam
3566 3338 3813 3395 affatus:

2234 3432 2277 3488 Ο
2312 3434 2564 3496 scelesta,
2610 3432 2806 3502 inquit,
2843 3441 2896 3484 ct
2931 3429 3096 3499 impia
3140 3429 3482 3491 muliercula,
3530 3432 3815 3498 quomodo

2233 3527 2287 3579 in
2310 3525 2598 3579 tormentis
2618 3524 2910 3586 exsistens,
2943 3519 3255 3575 carnificem
3275 3520 3527 3589 decipere
3552 3522 3814 3589 potuisti.

2230 3622 2390 3687 eique
2424 3619 2613 3672 mortis
2646 3632 2865 3669 causam
2914 3614 3154 3667 afferre?
3190 3613 3309 3666 Non
3355 3630 3473 3683 ego,
3509 3615 3687 3684 inquit
3720 3614 3819 3670 Ju-

2231 3711 2395 3771 liana,
2433 3710 2581 3763 illum
2614 3706 2826 3777 decepi,
2860 3705 2940 3760 vel
2975 3704 3165 3759 mortis
3209 3719 3429 3759 causam
3480 3709 3663 3767 attuli,
3712 3710 3813 3762 sed

2227 3805 2317 3875 qui
2359 3820 2443 3857 me
2500 3798 2979 3870 assumpsitJesus
3020 3796 3290 3859 Christus,
3317 3797 3405 3851 ille
3434 3798 3549 3867 ipse
3580 3800 3818 3856 ethunc

2228 3898 2447 3967 dignum
2482 3895 2630 3956 fecit,
2658 3909 2719 3947 ac
2748 3895 2994 3958 vocavit;
3032 3891 3138 3945 nisi
3167 3892 3311 3945 enim
3354 3891 3552 3962 dignus
3581 3892 3808 3962 fuisset,

2228 4001 2507 4055 nunquam
2549 3985 2616 4037 ad
2661 3984 2900 4052 martyrii
2930 3983 3161 4050 palmam
3197 3985 3484 4050 pervenire
3509 3987 3809 4051 potuisset.

2225 4079 2377 4133 Illum
2405 4079 2563 4149 igitur
2588 4077 2640 4130 in
2688 4090 2852 4146 regno
2890 4075 3150 4129 caelorum
3178 4074 3613 4143 requiesceutem
3660 4080 3815 4148 aspi-

2227 4171 2359 4229 cies,
2396 4180 2447 4221 tc
2492 4185 2621 4221 vero
2667 4168 2720 4220 in
2773 4168 3037 4237 gehennae
3078 4166 3293 4220 ﬂamma
3337 4168 3519 4237 puniri
3575 4173 3812 4225 senties.

2224 4259 2379 4314 Tunc
2413 4259 2628 4327 quidem
2665 4266 2855 4325 pectus
2887 4265 3061 4322 tuum,
3096 4255 3302 4316 infelix,
3340 4259 3632 4323 percuties,
3683 4275 3811 4312 cum

2224 4354 2539 4409 inferiorem
2587 4351 2890 4415 hominem,
2938 4349 3114 4417 teipso
3161 4350 3303 4417 apud
3354 4347 3641 4403 Christum
3675 4367 3812 4421 ιιι-ω.

2223 4445 2542 4498 stantiorcm
2588 4441 2820 4505 videbis,
2875 4448 2932 4493 et
2983 4440 3169 4494 dolore
3220 4438 3468 4505 affectus,
3518 4440 3806 4506 clamabis,

548 4541 734 4597 menta
770 4532 822 4584 in
849 4546 966 4584 eam
994 4530 1242 4593 inferret,
1306 4531 1427 4597 ejus
1455 4531 1858 4596 pulchritudine
1895 4539 2116 4601 captus,
2153 4537 2195 4592 D
2226 4534 2319 4589 Dei
2361 4534 2789 4588 misericordiam
2831 4533 3150 4602 implorans,
3186 4548 3347 4603 quam
3393 4543 3577 4586 tamen
3623 4534 3807 4605 impe-

546 4640 741 4681 manus
767 4624 835 4678 al)
864 4638 927 4677 ea
951 4622 1285 4676 continebat.
1311 4620 1481 4689 Cujus
1537 4636 1756 4674 sensum
1790 4632 1951 4691 atque
1999 4623 2120 4677 ani-

547 4734 695 4772 mum
734 4733 856 4772 cum
887 4719 1044 4772 beata
1071 4725 1128 4770 et
1152 4726 1338 4771 sancta
1372 4715 1585 4771 Juliana
1622 4729 2011 4784 cognosceret,
2048 4717 2123 4771 si-

546 4809 780 4865 nistrum
816 4809 1008 4878 pedem
1065 4811 1326 4871 extendit,
1358 4820 1408 4862 et
1440 4810 1583 4864 calce
1615 4810 1764 4863 illum
1799 4810 2119 4866 verberans:

548 4901 879 4966 Stratonice,
904 4900 1081 4969 inquit
1108 4941 1121 4965 ,
1163 4898 1247 4952 fac
1292 4901 1436 4968 quod
1484 4905 1667 4969 jussus
1708 4919 1764 4957 es
1812 4918 1840 4956 a
1895 4913 2122 4973 tyranno

546 4994 865 5057 Aureliano,
898 5006 1075 5061 neque
1112 5007 1307 5045 manus
1335 5007 1362 5044 ιι
1393 5007 1478 5045 me
1512 4994 1794 5048 contineas
1822 4994 1953 5047 mihi
1996 5010 2120 5063 par-

546 5100 710 5149 cens;
760 5096 859 5152 ego
888 5082 1031 5134 enim
1076 5083 1252 5138 habeo
1307 5081 1510 5154 Regem
1582 5099 1761 5137 meum
1821 5085 2109 5139 Dominum

542 5178 727 5235 Jesum
794 5175 1096 5238 Christum,
1133 5175 1300 5229 Deum
1334 5187 1620 5242 :eternum,
1646 5185 1701 5230 et
1754 5177 1949 5231 anima:
1981 5192 2117 5231 mea!

544 5280 873 5333 curatorem,
908 5268 1002 5338 qui
1059 5270 1334 5335 corporeis
1382 5270 1663 5324 laboribus
1713 5284 1797 5323 me
1846 5270 2114 5334 sublevat,

546 5371 711 5430 atque
770 5362 841 5412 ita
890 5372 1187 5428 praesentes
1251 5363 1524 5416 cruciatus
1578 5377 1684 5417 non
1738 5364 1937 5417 sentio.
1993 5362 2117 5417 llaec

548 5470 673 5509 cum
727 5453 1068 5508 Stratonicus
1098 5454 1417 5514 audivisset,
1470 5456 1651 5507 statim
1699 5471 1910 5521 ensem,
1956 5470 2118 5525 quem

548 5547 965 5611 manutenebat,
987 5544 1183 5615 abjecit
1200 5560 1467 5617 Leuatque
1500 5545 1565 5599 ad
1585 5547 1817 5603 tribunal
1840 5549 2118 5606 Aureliani

545 5638 906 5703 cucurrisset,
967 5637 1208 5692 clamans
1243 5655 1257 5694 :
1290 5639 1616 5707 Aureliane,
1653 5638 1847 5709 inquit,
1893 5651 2120 5714 tyranne

656 5777 676 5810 ⁸
715 5774 735 5829 ι
763 5776 887 5833 Cor.
915 5794 952 5843 ι,
985 5775 1072 5844 20,
1095 5776 1187 5833 25.

2226 4639 2371 4684 trare
2405 4643 2510 4681 non
2542 4626 2768 4697 poteris.
2810 4626 2940 4681 Post
2971 4627 3085 4680 haec
3108 4626 3271 4695 jussit
3302 4627 3634 4680 Aurelianus
3680 4630 3809 4683 illos

2225 4736 2255 4776 e
2284 4721 2433 4789 ligno
2463 4720 2758 4781 detractos,
2794 4720 2848 4770 in
2876 4731 3151 4771 carcerem
3180 4718 3496 4771 interiorem
3524 4720 3806 4784 concludi,

2225 4822 2279 4866 et
2323 4826 2515 4865 omnes
2551 4809 2825 4863 veneﬁcos
2884 4825 2946 4863 ac
2998 4808 3421 4880 praestigiatorcs
3458 4811 3663 4871 vocari,
3714 4813 3809 4881 qui

2227 4904 2372 4958 feras
2405 4917 2617 4967 omnes,
2664 4917 3020 4972 quascunque
3059 4904 3345 4967 haberent,
3392 4905 3807 4970 acerbissimas,

2228 4998 2331 5051 hoc
2362 5007 2464 5062 est,
2524 4998 2763 5066 viperas,
2831 4997 3063 5066 aspides.
3116 5005 3373 5053 cerastes
3401 5012 3463 5052 ac
3508 4997 3805 5062 dracones,

2225 5089 2499 5152 afferrent,
2532 5098 2592 5141 ut
2622 5104 2726 5141 una
2760 5103 2883 5143 cum
2932 5087 3099 5140 Paulo
3146 5095 3200 5140 et
3228 5084 3442 5140 Juliana
3488 5087 3542 5139 iu
3582 5101 3811 5143 carcere

2223 5181 2699 5235 concluderentur.
2729 5178 2863 5231 Cum
2895 5178 3056 5248 igitur
3079 5178 3221 5233 feras
3240 5180 3569 5239 attulissent,
3604 5195 3808 5247 quem-

2222 5275 2512 5329 admodum
2577 5287 2607 5323 a
2666 5280 2894 5343 tyranno
2934 5272 3071 5342 jussi
3142 5272 3395 5333 fuerant,
3456 5271 3617 5325 simul
3674 5288 3803 5327 cum

2230 5366 2403 5423 Paulo
2429 5375 2483 5419 et
2511 5363 2724 5425 Juliana
2752 5381 2845 5421 eas
2902 5366 3314 5420 concluserunt.
3343 5362 3652 5434 Scrpebant
3699 5381 3806 5419 au-

2228 5467 2332 5514 tem
2382 5461 2505 5513 ferre
2550 5457 2679 5523 illis,
2726 5469 2780 5514 et
2828 5460 2895 5513 ad
2947 5459 3114 5526 pedes
3158 5458 3444 5511 beatorum
3495 5467 3803 5529 martyrum

2230 5552 2562 5617 assidebant,
2613 5553 2840 5607 intentis
2891 5550 3110 5620 quidem
3158 5551 3332 5605 oculis
3400 5566 3588 5605 eorum
3633 5549 3806 5602 facies

2233 5648 2583 5718 aspicientes,
2630 5647 2726 5704 sed
2761 5644 2898 5701 nihil
2930 5655 3110 5702 tamen
3142 5656 3426 5703 nocentes.
3477 5642 3679 5699 Paulus
3708 5655 3806 5693 au-
