3970 6462
157 387 257 455 581

1067 386 1534 447 ΜΑιιτΥΒιυΜ
1576 385 1682 445 SS.
1723 384 1951 445 PAULI
1995 386 2088 444 ET
2127 386 2480 447 JULIANM

3337 386 3443 449 582

160 510 269 552 tem
306 508 358 550 ct
391 495 610 551 Juliana
667 496 933 553 sedebant
981 496 1297 567 psallentes,
1341 506 1397 550 et
1440 496 1605 550 Deum
1640 495 1753 550 col-
1785 494 1834 553 Δ
1864 494 2121 564 indignus
2150 513 2210 550 es
2250 508 2299 551 et
2340 495 2587 552 alienus?
2612 494 2781 550 Jussit
2808 496 3135 553 Aurelianus
3164 497 3440 561 Julianam

159 590 474 644 laudantes.

240 679 381 734 XIV.
417 681 741 736 Manserunt
772 690 955 736 autem
998 691 1284 752 serpentes
1335 681 1444 737 illa:
1488 691 1599 737 tres
1645 682 1762 738 dies

160 781 219 823 et
244 783 352 824 tres
376 782 570 826 noctes
598 789 719 826 cum
748 774 1080 845 martyribus
1103 775 1322 829 clausze.
1357 774 1543 830 Tertio
1577 787 1761 831 autem

158 863 249 915 die
275 865 425 917 misit
448 863 777 919 Aurelianus
801 868 901 919 sub
926 867 1104 921 noctis
1145 876 1383 937 tempus,
1411 878 1471 923 ut
1495 870 1756 933 disceret,

159 968 231 1005 an
264 971 293 1007 a
342 957 699 1025 serpentibus
732 960 1047 1027 consumpti
1080 968 1284 1014 essent.
1321 959 1619 1027 Venerunt,
1668 962 1759 1032 qui

162 1047 313 1100 missi
360 1046 583 1101 fuerant
615 1049 681 1101 ad
724 1064 845 1102 eum
880 1051 1101 1105 locum:
1151 1068 1385 1122 cumque
1433 1055 1497 1106 ad
1537 1055 1757 1122 januam

161 1140 554 1201 accessissent,
600 1154 717 1201 eos,
768 1141 1006 1209 pSulmOS
1054 1131 1315 1197 canentes
1348 1153 1402 1197 ct
1442 1143 1611 1199 Deum
1650 1147 1758 1199 lau-

161 1232 380 1293 dantes,
409 1231 760 1284 audiverunt.
793 1231 927 1285 Cum
963 1247 1090 1286 vero
1135 1236 1440 1288 accuratius
1479 1237 1619 1290 scire
1650 1237 1760 1290 vcl-

160 1322 293 1386 Ient,
322 1338 435 1391 quo
477 1333 633 1390 pacto
671 1339 757 1376 res
793 1339 850 1377 se
904 1325 1147 1387 haberet,
1192 1328 1562 1382 ascenderunt
1598 1330 1649 1382 in
1682 1331 1759 1384 lo-

158 1428 284 1467 cum
337 1416 631 1482 quemdam
689 1416 1052 1483 superiorem.
1107 1415 1263 1471 Unde
1302 1435 1401 1489 per
1462 1420 1755 1475 fenestram

164 1506 456 1573 speculati,
500 1507 752 1560 viderunt
803 1506 1028 1563 Paulum
1080 1510 1362 1564 sedentem
1413 1513 1577 1567 simul
1630 1530 1754 1568 eum

161 1612 353 1649 sorore
417 1613 513 1649 sua
557 1596 795 1663 Juliana,
848 1612 902 1654 et
960 1604 1213 1674 angelum
1261 1604 1352 1659 Dei
1414 1616 1647 1661 stantem
1698 1609 1753 1662 in

166 1692 471 1756 conSpCclu
508 1694 767 1755 terarum,
813 1709 988 1762 neque
1024 1697 1432 1763 permittentern
1474 1700 1614 1753 feras
1661 1718 1754 1753 ac-

158 1778 379 1833 cedere.
413 1780 788 1835 Cucurrerunt
818 1784 980 1852 igitur
1008 1786 1101 1847 illi,
1133 1797 1184 1839 et
1219 1788 1511 1840 Aureliano
1542 1791 1748 1847 omnia.

158 1885 280 1937 qum
315 1871 588 1936 viderant,
638 1884 980 1928 nuntiarunt.
1034 1876 1281 1931 Surrexit
1314 1880 1636 1935 Aurelianus
1674 1883 1755 1936 di-

160 1960 367 2029 luculo,
425 1971 481 2015 et
519 1961 660 2013 sedit
716 1978 815 2031 pro
851 1964 1134 2031 tribunali,
1183 1976 1237 2020 et
1272 1968 1437 2037 jussit
1483 1971 1752 2026 veneficos

158 2052 301 2107 feras
338 2068 469 2107 suas
513 2054 660 2109 illinc
690 2069 938 2120 evocare,
991 2068 1045 2111 ct
1080 2069 1349 2130 martyres
1393 2063 1517 2117 duci
1554 2065 1621 2118 ad
1656 2067 1741 2119 tri-

159 2142 347 2195 bunal.
379 2143 749 2197 Accesserunt
777 2148 1000 2200 venetici
1030 2150 1095 2201 ad
1120 2150 1368 2217 jannam,
1404 2162 1457 2207 et
1493 2154 1636 2208 feras
1688 2172 1753 2211 eo

167 2236 355 2297 modo,
399 2250 508 2303 quo
540 2236 810 2297 solebant,
855 2253 1051 2294 vocare
1098 2252 1409 2311 cmperunt.
1458 2243 1592 2298 Cum
1622 2262 1751 2301 vero

173 2326 304 2379 fera.-
345 2328 477 2396 ipsa:
541 2327 645 2381 illis
702 2346 811 2384 non
873 2331 1182 2400 obedircnt,
1219 2336 1441 2406 ianuam
1484 2337 1751 2406 patefece-

158 2428 306 2481 runt,
326 2428 383 2472 et
415 2419 545 2475 fera:
580 2437 690 2476 uno
717 2422 924 2494 impetu
961 2440 1155 2481 omnes
1186 2429 1460 2494 exierunt,
1492 2440 1547 2484 et
1581 2447 1752 2500 quos-

169 2522 389 2578 cunque
453 2510 698 2565 inﬁdeles
752 2512 1003 2569 homines
1053 2532 1224 2586 prope
1268 2519 1490 2587 jannam
1521 2521 1750 2575 invene-

163 2611 310 2661 runt,
350 2601 537 2655 statim
579 2602 941 2670 interfecere,
974 2616 1031 2659 et
1059 2609 1125 2661 ad
1164 2608 1381 2665 deserta
1433 2613 1552 2667 loca
1585 2613 1746 2668 aufu-

164 2702 383 2759 gerunt.

234 2783 353 2839 XV.
378 2786 635 2842 Carceris
659 2798 840 2844 autem
868 2793 1125 2848 custodes
1149 2793 1375 2849 Paulmn
1399 2807 1451 2852 et
1476 2797 1745 2855 Julianam

161 2878 228 2931 ad
268 2880 558 2934 Aureliani
612 2882 851 2936 tribunal
899 2885 1195 2943 duxerunt.
1244 2886 1530 2959 Tyrannus
1584 2893 1748 2962 igitur

160 2982 256 3021 eos
291 2970 533 3033 intuens,
570 2987 634 3025 ac
668 2973 855 3028 ridens
889 2975 1176 3039 :Deatum,
1215 2977 1414 3048 inquit,
1456 2997 1543 3036 me
1584 2985 1747 3040 hodie

159 3060 437 3121 existimo,
463 3063 606 3129 quod
647 3074 827 3117 vestra
858 3070 1256 3126 consuetudine
1288 3072 1472 3141 fruor;
1516 3076 1747 3132 fortasse

1868 588 2159 651 Semoveri,
2180 598 2234 642 ct
2267 588 2496 643 Paulum
2528 587 2746 651 reduci;
2777 588 2861 643 cui
2888 588 3024 643 dixit
3061 630 3073 643 .
3111 591 3215 655 En,
3249 590 3442 658 Paule,

1865 690 2025 729 soror
2083 687 2175 731 tua
2225 678 2481 748 promisit
2529 679 2665 732 mihi
2718 695 2777 734 se
2812 681 2915 735 diis
2975 682 3443 748 sacrificatui-am;

1863 784 1984 838 quae
2036 770 2243 825 idcirco
2293 772 2423 825 mihi
2463 787 2596 825 uxor
2637 773 2763 835 erit,
2818 774 3092 844 totiusque
3133 778 3284 841 regni
3337 779 3443 833 mei

1863 864 2109 919 domina.
2156 865 2264 921 Fac
2315 866 2479 937 igitur
2522 877 2577 923 et
2613 877 2669 922 tu
2701 871 2845 936 quod
2894 871 3039 933 dico,
3072 882 3126 926 et
3160 873 3311 927 sinas
3346 874 3443 929 tibi

1864 955 2191 1021 persuaderi
2242 966 2301 1009 ut
2323 957 2425 1011 diis
2446 957 2740 1013 sacriﬁces.
2767 960 2845 1014 Ad
2874 962 2985 1016 haec
3013 961 3247 1018 Paulus:
3277 964 3440 1029 Vere,

1866 1044 2064 1110 inquit,
2122 1046 2390 1100 mentitus
2442 1063 2525 1111 es,
2576 1048 2738 1118 idque
2788 1061 2879 1103 tuo
2929 1052 3071 1105 malo
3111 1073 3124 1118 ;
3160 1056 3255 1109 sed
3304 1056 3442 1110 nihil

1862 1137 2103 1189 alienum
2138 1137 2317 1192 fecisti
2351 1155 2378 1192 a
2417 1140 2588 1208 patris
2622 1143 2698 1195 tui
2740 1144 2944 1197 diaboli
2976 1146 3285 1212 disciplina,
3316 1164 3441 1201 cum

1862 1226 1913 1278 id
1956 1226 2145 1292 fat-ias,
2184 1231 2329 1298 quod
2389 1231 2477 1285 ille
2538 1234 2715 1287 solet:
2776 1251 2953 1303 neque
3003 1239 3149 1290 enim
3204 1239 3442 1307 aliquem

1863 1318 2155 1387 subripere
2232 1322 2482 1391 potestis,
2538 1324 2643 1377 nisi
2702 1327 2986 1380 mendacia
3053 1331 3438 1397 contingendo.

1861 1411 1968 1464 Sed
2003 1416 2203 1467 frustra
2258 1414 2495 1477 laboras,
2552 1432 2785 1485 namque
2829 1434 2930 1472 nos
2978 1435 3083 1472 non
3134 1421 3432 1491 decipies:

1859 1521 1928 1559 ne
1955 1522 1996 1559 St
2029 1508 2193 1559 totius
2225 1508 2444 1573 quidem
2475 1509 2625 1563 orbis
2651 1519 2922 1563 terrarum
2953 1511 3243 1580 imperium
3274 1513 3435 1568 nobis

1858 1598 2222 1667 pollicereris.
2266 1596 2508 1665 Minime,
2553 1600 2798 1671 inquam,
2866 1619 2968 1658 nos
3029 1606 3433 1661 circumvenire

1860 1693 2087 1760 poteris.

1929 1783 2089 1839 XVII.
2118 1784 2411 1855 Quousque
2450 1787 2689 1852 tandem,
2718 1790 2890 1859 inquit
2918 1791 3267 1857 Aurelianus,
3297 1793 3437 1865 inju-

1863 1875 1995 1926 riatn
2028 1877 2186 1930 nobis
2214 1876 2482 1931 facis?.-\n
2508 1895 2616 1933 non
2643 1881 2947 1943 erubescis.
2972 1892 3206 1952 nugator
3225 1894 3281 1939 et
3301 1885 3437 1939 insi-

1856 1965 2050 2034 piens?
2082 1965 2186 2019 Per
2203 1968 2337 2021 deos
2360 1969 2510 2037 ipsos
2529 1987 2631 2039 ego
2648 1988 2745 2026 vos
2761 1975 3007 2027 omnium
3041 1991 3299 2045 generum
3322 1986 3435 2029 tor-

1858 2060 2063 2112 mentis
2100 2059 2356 2129 aftligam,
2412 2073 2466 2114 et
2505 2076 2668 2115 nemo
2706 2078 2736 2117 e
2770 2065 3022 2119 manibus
3053 2066 3189 2121 meis
3218 2066 3436 2122 auferre

1856 2150 2079 2216 poterit.
2102 2150 2276 2205 Jussit
2303 2151 2465 2221 igitur
2500 2151 2679 2222 ignem
2705 2153 2909 2219 aflerri,
2936 2166 2993 2211 et
3020 2158 3434 2225 quatuordecim

1856 2239 2032 2310 virgas
2061 2240 2286 2306 ferreas,
2310 2258 2511 2312 easque
2545 2246 2599 2297 in
2624 2246 2802 2315 ignem
2828 2250 3117 2317 eonjici,et
3158 2251 3314 2304 valde
3345 2267 3435 2306 ac-

1853 2336 2011 2389 cendi
2035 2353 2048 2398 ;
2074 2344 2187 2390 tum
2209 2336 2360 2391 Pauli
2384 2354 2577 2394 manus
2595 2352 2649 2395 et
2694 2343 3063 2414 pedes'ligari,
3086 2345 3434 2419 ferreumque

1854 2438 2067 2484 vectem
2119 2430 2260 2483 inter
2294 2449 2489 2487 manus
2526 2443 2581 2488 et
2614 2435 2783 2503 pedes
2825 2436 2998 2506 injici,
3037 2449 3091 2492 et
3133 2442 3185 2492 in
3230 2452 3433 2496 terram

1863 2522 2045 2591 defigi,
2079 2539 2141 2577 ac
2179 2524 2258 2578 sic
2291 2526 2456 2596 virgis
2487 2528 2669 2598 ignitis
2708 2530 2852 2584 binis
2886 2547 2981 2600 per
3014 2533 3159 2587 vices
3202 2533 3431 2590 Paulum

1852 2615 2091 2683 percuti,
2144 2614 2415 2671 Julianam
2475 2636 2605 2675 vero
2659 2622 2824 2691 jussit
2880 2623 2935 2676 in
2987 2623 3237 2694 lupanari
3293 2642 3432 2682 con-

1850 2705 2023 2758 stitui.
2052 2706 2241 2771 Itaque
2274 2710 2423 2761 multi
2452 2725 2481 2763 e
2514 2712 2669 2765 turba
2702 2714 2813 2779 illa,
2846 2732 2966 2783 quae
3013 2718 3425 2785 circumstabat,

1854 2797 2069 2851 scelesti
2104 2810 2157 2852 et
2185 2800 2383 2854 nefarii
2414 2802 2687 2868 homines,
2712 2808 2962 2861 certatim
2993 2810 3426 2877 contendebant,

1849 2888 1973 2956 quis
2000 2890 2205 2943 adeam
2238 2892 2445 2961 primus
2470 2895 2871 2963 ingrederetur.
2906 2900 3072 2953 I'Zrant
3100 2902 3243 2955 enim
3279 2905 3433 2961 velut

1850 2981 1974 3048 equi
2035 2982 2372 3045 hinnientes,
2419 2986 2537 3055 ejus
2567 2988 2759 3055 puella:
2789 2988 2961 3043 forma
3014 2992 3249 3049 incitati.
3286 2995 3424 3051 Cum

1848 3087 1979 3126 vero
2020 3074 2073 3126 ia
2109 3089 2174 3128 eo
2204 3074 2340 3136 loco,
2378 3076 2429 3130 in
2460 3092 2568 3146 quo
2608 3078 2939 3134 Aurelianus
2972 3084 3235 3151 jusscrat,
3287 3102 3421 3141 con-

159 3153 305 3205 enim
341 3167 600 3223 magnum
629 3155 834 3224 aliquid
874 3172 905 3211 a
936 3160 1090 3213 vobis
1135 3162 1492 3229 lucrifaciam,
1546 3176 1600 3221 et
1650 3184 1744 3236 per
1769 3178 1813 3240 ε
1849 3167 2037 3220 stituta
2064 3178 2233 3229 esset,
2281 3169 2465 3222 statim
2500 3171 2725 3242 angelus
2776 3172 2987 3229 Domini
3028 3177 3312 3233 descendit
3363 3181 3428 3235 de

159 3244 290 3298 deos
330 3245 501 3312 ipsos,
543 3247 589 3299 si
643 3247 864 3316 quidem
894 3249 1025 3303 mihi
1056 3266 1243 3306 verum
1274 3254 1545 3323 dixeritis,
1572 3260 1743 3313 multa

156 3345 211 3387 et
236 3349 433 3405 magna
463 3335 605 3390 dona
639 3352 667 3390 a
703 3354 790 3393 me
826 3342 1169 3412 percipietis,
1215 3357 1271 3400 et
1311 3350 1462 3419 regni
1507 3350 1611 3404 mei
1645 3366 1744 3421 po-

158 3433 324 3479 testas
350 3442 523 3494 penes
549 3442 647 3481 vos
669 3429 793 3486 erit.
824 3430 1080 3501 Nunquid
1113 3451 1211 3490 vos
1239 3437 1401 3492 deum
1434 3439 1743 3511 Apollinem

158 3528 516 3585 prwsentem,
574 3528 631 3571 et
689 3521 848 3574 vobis
906 3526 1292 3593 Opitulantcm,
1353 3541 1412 3583 ιιι
1478 3534 1659 3588 audivi
1713 3553 1741 3590 a

156 3608 482 3675 quihusdam
533 3610 992 3682 speculatoribus,
1068 3617 1319 3675 vidistis?
1372 3621 1503 3690 Nos,
1567 3625 1745 3697 inquit

158 3697 378 3763 Paulus,
410 3700 623 3754 nullunt
654 3702 963 3775 Apollinem
990 3711 1368 3780 cognovimus,
1397 3732 1521 3771 nam
1552 3735 1743 3776 sumus

156 3802 221 3842 ex
254 3805 450 3843 eorum
482 3806 737 3857 numero,
766 3796 968 3863 quibus
995 3798 1135 3852 Deus
1161 3802 1392 3857 salutem
1420 3807 1594 3861 dedit.
1624 3810 1739 3865 Tua

156 3896 285 3935 vero
329 3883 517 3935 anima
567 3883 635 3937 ad
686 3896 923 3941 mortem
976 3903 1149 3961 usque
1196 3895 1411 3963 perdita
1458 3909 1563 3955 est.
1619 3903 1739 3957 Non

154 3970 299 4023 enim
333 3970 507 4038 sapis,
536 3985 715 4041 neque
745 3977 1072 4044 resipiscere
1102 3983 1182 4037 vis
1207 4001 1220 4047 ;
1244 3988 1377 4054 quin
1408 3986 1517 4043 imo
1537 3992 1739 4049 multus

157 4059 465 4127 tyrannidis
498 4069 602 4115 tute
634 4061 787 4115 furor
819 4064 886 4115 ad
922 4066 1322 4135 blasphemiam
1363 4085 1413 4127 te
1444 4084 1735 4149 convertit,

156 4150 363 4218 quippe
413 4150 506 4219 qui
539 4152 818 4222 angelum,
874 4170 1036 4224 quem
1094 4160 1245 4214 misit
1284 4160 1544 4221 Dominus
1580 4168 1738 4225 Jesns

151 4238 410 4296 Christus
472 4241 542 4297 ad
594 4244 903 4302 obturanda
950 4266 1047 4305 ora
1095 4264 1437 4323 serpentum,
1480 4276 1599 4330 qua:
1646 4274 1735 4320 tua

151 4345 237 4388 est
271 4335 587 4405 arrogantia
616 4347 673 4390 et
700 4340 1007 4405 temeritas,
1035 4343 1340 4413 Apollinem
1372 4347 1546 4406 fuisse
1575 4355 1733 4412 dicis.

154 4422 311 4481 Tunc
374 4427 552 4481 iratus
600 4431 946 4497 Aurelianus,
1013 4433 1180 4503 jussit
1237 4438 1507 4506 plumbeis
1564 4448 1735 4514 globis

1851 3256 2015 3318 coelo,
2071 3267 2126 3310 et
2179 3259 2315 3312 dixit
2376 3279 2389 3313 :
2444 3260 2521 3314 Ne
2593 3264 2817 3329 timeas,
2860 3263 3108 3331 Juliana;
3166 3270 3429 3325 Dominus

1848 3345 1995 3400 enim
2028 3346 2190 3401 Jesus
2214 3349 2494 3413 Christus,
2520 3368 2683 3422 quem
2719 3364 2775 3408 tu
2808 3358 2961 3422 colis,
2988 3361 3135 3415 misit
3164 3377 3271 3422 me,
3297 3372 3354 3416 ut
3376 3374 3429 3418 te

1848 3445 2153 3514 protegam,
2183 3449 2239 3493 et
2280 3453 2534 3495 Sanctum
2587 3459 2785 3499 nomen
2821 3448 2941 3517 ejus
2984 3461 3175 3503 notum
3227 3453 3423 3510 faciam

1846 3531 2102 3584 omnibus
2132 3533 2453 3587 timentibus
2491 3549 2639 3589 eum.
2677 3536 2812 3590 Cum
2852 3555 2978 3594 vero
3018 3542 3173 3595 tnulti
3222 3546 3288 3596 ad
3324 3548 3430 3598 vir-

1847 3621 2031 3692 ginem
2052 3624 2403 3689 accrdcrent,
2424 3637 2479 3680 et
2498 3628 2617 3696 cjns
2638 3630 3043 3698 pulchritudine
3076 3635 3176 3689 frui
3203 3640 3426 3705 vellent,

1846 3713 2075 3785 angelus
2108 3711 2350 3770 excussit
2394 3732 2425 3770 e
2477 3721 2705 3788 pedibus
2752 3724 2865 3775 suis
2915 3727 3213 3791 pulverem,
3263 3740 3317 3783 et
3370 3732 3423 3785 in

1844 3818 2032 3857 eorum
2068 3808 2258 3859 oculos
2293 3810 2500 3877 injecit,
2540 3811 2611 3864 ita
2637 3821 2696 3866 ut
2721 3828 2814 3867 eos
2838 3822 3145 3871 esca-eam.
3177 3818 3430 3891 Quapro-

1844 3904 1968 3965 pter
2000 3910 2177 3965 neqne
2212 3898 2448 3965 amplius
2477 3904 2796 3966 cernebant,
2829 3908 2919 3961 ubi
2948 3920 3153 3972 essent,
3190 3923 3282 3966 aut
3312 3909 3424 3983 quo

1846 3988 2009 4053 irent,
2040 4003 2216 4057 neque
2270 3989 2337 4044 ad
2384 3989 2528 4043 illam
2577 3994 2840 4048 accedere
2880 4009 3151 4061 poterant.
3191 4003 3246 4054 td
3292 4020 3418 4060 cum

1844 4077 2017 4131 turba:
2057 4079 2338 4141 vidissent,
2366 4084 2509 4149 quod
2547 4083 2939 4141 admirabiliter
2984 4088 3183 4144 factum
3220 4092 3421 4160 fuerat,

1844 4183 1956 4221 uno
1976 4169 2157 4222 animo
2181 4170 2494 4225 clamabant
2522 4193 2531 4225 :
2559 4173 2785 4243 Magnus
2805 4188 2889 4231 est
2924 4179 3062 4232 Deus
3083 4180 3228 4236 Pauli
3253 4195 3304 4238 et
3326 4185 3425 4240 Ju-

1840 4257 2021 4321 liante,
2055 4259 2148 4329 qui
2182 4259 2382 4328 ubique
2415 4276 2511 4315 eos
2545 4276 2723 4316 servat
2760 4274 2815 4317 et
2852 4274 3105 4337 protegit,
3139 4276 3227 4339 qui
3267 4274 3417 4330 illum

1842 4352 2068 4406 timent.
2101 4353 2204 4418 Qui
2238 4363 2422 4407 autem
2455 4358 2707 4409 excan'ati
2743 4357 2976 4421 fuerant,
3010 4360 3159 4415 flexis
3192 4368 3422 4433 genibus

1841 4445 2113 4513 Supplices
2136 4448 2257 4515 ejus
2276 4461 2437 4515 opem
2462 4447 2855 4516 implorabant,
2875 4454 3154 4509 dicentes:
3181 4456 3419 4526 Juliana,

150 4520 306 4574 Pauli
356 4519 610 4574 maxillas
665 4523 954 4587 contundi.
1005 4535 1169 4595 aluue
1217 4530 1290 4583 illi
1320 4532 1427 4588 dici
1474 4554 1489 4590 :
1534 4537 1613 4593 Ne
1660 4543 1735 4596 ita
1765 4543 1815 4601 ι)
1844 4556 1997 4592 serva
2034 4539 2129 4593 Dei
2161 4542 2437 4603 altissimi,
2474 4544 2827 4611 peccavimus
2862 4548 3082 4616 quidem
3116 4562 3304 4605 contra
3342 4562 3417 4616 te,

157 4611 498 4678 insipienter
543 4620 599 4665 et
652 4624 976 4686 arroganter
1018 4617 1281 4688 loquaris,
1330 4638 1455 4680 cum
1496 4630 1636 4684 scias
1682 4641 1735 4687 te

151 4704 479 4773 imperatori
511 4704 795 4762 assistere.

220 4798 368 4851 XVI.
414 4797 597 4852 Jussit
646 4811 834 4867 postea
863 4816 894 4855 e
945 4803 1203 4875 tribunali
1246 4807 1473 4866 Paulum
1512 4815 1730 4882 abduci,

150 4900 205 4944 et.
250 4887 529 4942 Julianam
580 4890 701 4959 ejus
741 4906 989 4947 sororem
1036 4913 1221 4953 coram
1264 4903 1404 4965 sisti,
1437 4922 1599 4974 quam
1651 4908 1737 4965 his

153 4981 343 5036 verbis
372 4992 665 5051 aggressus
704 4993 787 5038 est
818 5000 831 5037 :
868 4982 1088 5051 Quaeso,
1114 4990 1313 5046 anima:
1349 5008 1483 5048 mete
1512 4996 1733 5053 domina

150 5070 393 5139 Iuliana,
424 5088 634 5143 quaeso,
662 5076 906 5145 inquam,
936 5090 991 5134 et
1018 5088 1069 5134 te
1095 5080 1305 5145 hortor,
1334 5101 1403 5139 ne
1432 5086 1614 5143 fratris
1650 5092 1724 5143 tui

152 5170 430 5224 insaniam
485 5166 739 5221 imiteris.
795 5167 970 5225 Video
1035 5183 1087 5227 te
1138 5174 1371 5244 puellam
1422 5182 1734 5247 prudentis-

151 5261 371 5320 simam,
400 5256 573 5312 multa
604 5257 870 5327 sapientia
917 5260 1203 5318 refertam.
1239 5264 1564 5338 Obtetnpera
1602 5289 1733 5328 con-

150 5353 287 5409 siliis
318 5349 483 5413 meis,
515 5361 571 5403 et
599 5349 885 5405 columnas
907 5367 1103 5409 aureas
1136 5370 1234 5424 per
1262 5367 1434 5413 totum
1463 5371 1729 5417 terrarum

149 5446 367 5509 orbem,
419 5452 515 5497 tuo
546 5442 771 5497 nomine
808 5442 1128 5515 inscriptas,
1180 5448 1414 5517 erigant.
1452 5451 1606 5508 Tunc
1656 5457 1731 5510 illi

147 5538 365 5593 Juliana
408 5554 423 5592 :
466 5534 709 5598 Minime,
744 5534 944 5606 inquit,
994 5555 1081 5594 me
1128 5541 1391 5612 decipies,
1440 5547 1732 5605 Aureliane

149 5644 380 5704 tyranne
414 5640 471 5685 et
512 5628 702 5698 impie.
735 5626 855 5684 Non
900 5631 1299 5689 circumvenies
1332 5636 1426 5691 Dei
1477 5640 1730 5702 altissimi

150 5739 387 5779 servam.
423 5722 507 5775 Ne
549 5718 684 5775 mihi
718 5728 977 5775 aeternam
1015 5735 1244 5780 mortem
1279 5742 1557 5799 suggeras.
1605 5732 1727 5789 Vis-

150 5833 212 5873 ne
242 5832 330 5874 me
361 5814 585 5887 privare
620 5811 715 5869 Dei
748 5810 915 5883 gloria
950 5821 1003 5871 et
1034 5818 1242 5874 cmlesti
1284 5836 1471 5893 regno,
1511 5841 1617 5896 quo
1657 5839 1715 5884 tu

1838 4645 1962 4683 cum
2009 4631 2174 4685 stulte
2218 4642 2385 4700 atque
2433 4634 2757 4703 insipienter
2788 4654 2888 4691 nos
2929 4643 3289 4708 gesserimus;
3322 4647 3417 4700 sed

1840 4732 1899 4777 tu
1948 4724 2040 4790 da,
2080 4740 2419 4795 quasnmns,
2472 4726 2630 4782 nobis
2680 4729 2915 4792 veniam,
2964 4741 3021 4785 ut
3074 4730 3165 4786 Dei
3219 4750 3413 4792 serva:

1837 4824 1891 4868 ct
1916 4831 2140 4885 precare
2160 4817 2436 4871 Christum
2470 4830 2643 4877 tumn,
2671 4830 2729 4875 ut
2752 4822 2909 4877 nobis
2943 4825 3115 4881 visum
3141 4829 3412 4885 restituat.

1838 4906 2040 4963 Eorum
2099 4908 2474 4963 misericordia
2522 4925 2793 4968 commota
2842 4916 3073 4981 Juliana,
3134 4922 3412 4988 paululum

1844 5015 1999 5068 aqua:
2040 4999 2252 5069 accepit
2286 5017 2298 5052 :
2335 5012 2395 5055 et
2419 5018 2542 5057 cum
2569 5011 2753 5058 oculos
2795 5006 2848 5057 in
2874 5008 3069 5060 coelum
3112 5010 3411 5075 extulisset,

1838 5091 2007 5145 Deum
2042 5091 2342 5155 invocavit,
2368 5095 2438 5146 ita
2466 5095 2655 5148 dicens
2683 5112 2697 5149 :
2726 5094 2955 5151 Domine
2979 5096 3107 5153 Jesu
3175 5101 3409 5168 Christe,

1833 5196 2024 5240 auctor
2054 5189 2300 5241 omnium
2342 5189 2552 5246 salutis.
2586 5192 2783 5245 exaudi
2818 5208 2924 5254 me,
2971 5203 3025 5245 et
3069 5209 3214 5249 nunc
3246 5197 3410 5250 etiam

1835 5280 2063 5333 ostende
2101 5281 2370 5335 miracula
2446 5294 2501 5335 et
2550 5285 2797 5354 prodigia
2844 5300 2965 5354 qua:
3014 5286 3147 5342 facis
3193 5302 3415 5359 propter

1836 5385 1936 5423 nos
1968 5370 2107 5424 ﬁlios
2141 5372 2449 5427 hominum.
2488 5372 2737 5428 Restitue
2785 5375 2869 5429 his
2918 5378 3049 5431 viris
3096 5380 3408 5435 facultatem

1836 5462 2078 5526 videndi,
2115 5472 2175 5517 ut
2204 5475 2456 5519 sanctum
2484 5477 2538 5521 et
2563 5467 2859 5536 gloriosum
2900 5486 3097 5525 nomen
3136 5483 3285 5526 tuum
3318 5490 3413 5527 ce-

1838 5554 2101 5608 lebretur.
2152 5555 2275 5612 llazc
2321 5572 2444 5611 cum
2491 5559 2741 5624 dixisset,
2780 5575 2975 5630 aquam
3012 5578 3177 5633 supra
3222 5568 3408 5619 turbas

1834 5647 1955 5702 illas
1988 5648 2207 5713 infudit,
2254 5660 2311 5703 et
2337 5666 2550 5716 onmes,
2584 5652 2676 5720 qui
2731 5656 2989 5709 excaecati
3040 5654 3277 5719 fuerant,
3324 5660 3409 5711 vi-

1835 5752 1955 5792 sum
1994 5750 2343 5811 receperunt.
2413 5742 2549 5795 Tum
2599 5744 2676 5799 illi
2740 5746 2809 5800 ad
2867 5756 3065 5802 terram
3123 5753 3405 5818 prostrati.

1836 5829 2037 5899 gratias
2071 5830 2182 5887 Deo
2220 5831 2540 5900 reddebant,
2576 5836 2951 5906 paenitentiam
2980 5842 3408 5913 agentes.Cum-
