3970 6472
530 395 633 459 583

1797 385 2084 446 MENSIS
2128 388 2165 442 Α
2183 387 2557 448 UGUSTUS.

3689 386 3813 450 58ιά

529 516 639 571 quc
694 509 914 572 peccata
955 514 1054 555 sua
1104 497 1345 554 confessi
1385 507 1590 566 essent,
1622 493 1925 552 Christiani
1975 491 2105 546 facti
2141 500 2181 554 Α
2216 493 2336 551 Haec
2367 512 2492 550 cum
2543 508 2812 569 martyres
2847 509 3231 567 precarentur,
3265 497 3422 554 multi
3458 512 3524 552 ex
3571 491 3816 563 Graecis,

533 603 680 647 sunt.

603 679 792 733 XVIII.
863 679 1064 734 Paulus
1125 695 1276 740 vero,
1323 679 1390 732 de
1442 695 1551 748 quo
1602 680 1936 746 diei-bamus,
1989 695 2112 734 cum

531 786 560 824 a
587 769 940 823 carnificibus
973 769 1341 832 cruciaretur,
1371 768 1536 836 virgis
1558 769 1664 822 illis
1691 771 1884 824 ferreis
1909 771 2114 824 diutius

538 876 838 931 percussus
890 859 1315 925 vociferabatur,
1365 859 1479 914 hrec
1535 861 1724 914 dicens
1773 863 2116 917 :Aureliane

535 964 762 1024 tyranne
789 957 844 1006 et
884 951 1112 1015 nefarie,
1159 952 1418 1019 quidnam
1471 953 1597 1004 mali
1633 955 1902 1016 commisi,
1940 964 2001 1008 ut
2039 955 2117 1008 sic

532 1046 825 1100 crudeliter
851 1053 904 1097 et
933 1045 1096 1112 impie
1129 1057 1212 1096 mc
1238 1045 1489 1098 crucies?
1529 1044 1724 1098 Verum
1759 1061 1844 1100 me
1891 1047 2113 1114 quidem

534 1155 562 1192 a
583 1138 870 1191 tormentis
896 1137 1158 1190 Dominus
1185 1151 1340 1192 meus
1364 1138 1521 1192 Jesus
1545 1138 1801 1202 Christus
1826 1139 2070 1194 sublevat
2099 1155 2115 1194 :

539 1238 588 1282 te
622 1244 752 1283 vero
804 1238 989 1282 manet
1037 1230 1327 1282 litereditas
1373 1230 1565 1284 aeterni
1619 1231 1766 1283 illius
1816 1230 1978 1300 ignis,
2023 1231 2114 1298 qui

537 1329 759 1390 paratus
791 1331 876 1374 est
914 1321 1032 1385 tibi,
1068 1333 1121 1374 et
1152 1323 1368 1375 diabolo
1401 1323 1514 1376 haec
1547 1323 1812 1376 adversus
1842 1339 1943 1378 nos
1991 1339 2115 1392 sug-

534 1415 767 1485 gerenti.
807 1415 872 1468 Et
907 1415 1150 1478 ubinam,
1195 1415 1376 1483 inquit
1416 1416 1763 1476 Aurelianus,
1804 1416 1992 1476 I’aule,
2035 1422 2119 1469 est

534 1505 746 1559 Juliana
793 1520 950 1558 soror
992 1515 1103 1568 tua,
1136 1520 1299 1573 quam
1342 1505 1422 1558 ais
1466 1520 1588 1557 esse
1626 1515 2024 1574 temperantem
2067 1515 2119 1558 ct

539 1597 846 1665 virginem?
876 1595 951 1648 En
987 1596 1073 1647 illa
1100 1597 1166 1648 ad
1198 1596 1428 1668 lupanar
1458 1592 1623 1648 ducta
1650 1605 1753 1648 est.
1791 1594 1928 1648 Num
1962 1605 2119 1664 putas

537 1689 720 1742 adhuc
744 1700 865 1740 esse
895 1688 1198 1756 virginem?
1223 1687 1299 1740 Ad
1328 1687 1443 1740 ha-c
1470 1688 1710 1741 Paulus:
1743 1685 1890 1748 Seio,
1922 1687 2118 1754 inquit,

537 1781 688 1835 illum
721 1781 897 1848 ipsum
934 1779 1124 1844 Deum,
1158 1780 1246 1848 qui
1282 1795 1503 1850 semper
1536 1795 1562 1832 a
1604 1781 1712 1832 tuis
1744 1779 1928 1847 pravis
1962 1777 2115 1844 cogi-

541 1870 840 1921 tationibus
884 1886 970 1922 me
1005 1870 1277 1931 liberavit,
1312 1869 1522 1921 sororis
1562 1869 1725 1920 etiam
1755 1884 1888 1921 mea:
1919 1883 2118 1936 propu-

539 1972 825 2032 gnatorem
884 1960 1073 2024 fuisse,
1116 1970 1172 2014 et
1213 1960 1475 2016 intactam
1519 1960 1588 2013 ab
1631 1962 1780 2014 omni
1820 1961 1940 2014 labe
1982 1975 2118 2013 con-

539 2069 806 2109 servasse.
838 2054 979 2109 Misit
1004 2055 1149 2107 enim
1182 2055 1436 2124 angelum
1467 2070 1625 2108 suum
1659 2071 1688 2108 e
1718 2055 1878 2120 caelo,
1911 2063 1969 2106 ut
1999 2067 2118 2105 eam

537 2146 857 2200 custodiret.
896 2144 971 2196 En
1021 2155 1078 2196 ut
1112 2146 1229 2197 sine
1262 2145 1499 2205 macula,
1530 2154 1583 2197 et
1615 2144 1990 2214 virginitatem
2019 2159 2121 2214 pu-

540 2254 652 2292 ram
678 2240 905 2298 habens,
933 2238 1243 2299 revertitur,
1271 2245 1328 2290 ut
1355 2237 1534 2290 videat
1555 2237 1772 2290 vincula
1798 2252 1940 2291 mea.
1961 2236 2123 2291 Mise-

538 2332 782 2385 ratenim
805 2332 1152 2395 Aurelianus,
1184 2341 1240 2383 ut
1263 2330 1477 2384 Iuliana
1501 2332 1823 2385 duceretur.
1846 2331 1977 2395 Qua!
1996 2343 2119 2384 cum

542 2429 779 2479 venisset
806 2424 872 2476 ad
899 2424 1160 2486 tribunal,
1181 2433 1236 2477 et
1257 2423 1460 2476 Paulus
1495 2440 1614 2476 eam
1651 2425 1911 2486 vidisset,
1955 2423 2123 2475 multo

541 2516 739 2586 gaudio
764 2516 963 2589 plenus
990 2514 1128 2568 risit.
1172 2514 1500 2568 Aurelianus
1526 2531 1657 2567 vero
1685 2535 1693 2565 :
1729 2515 1887 2577 Num,
1927 2514 2120 2583 inquit,

541 2607 783 2672 Juliana,
831 2615 1103 2660 amatores
1125 2607 1199 2658 tui
1221 2606 1734 2675 pulehritudinetua
1751 2605 1930 2658 satiati
1965 2605 2124 2658 sunt?

542 2701 609 2752 At
629 2699 714 2752 illa
735 2701 904 2751 dixit:
932 2700 1042 2751 Mea
1061 2698 1433 2766 pulchritudo,
1452 2715 1630 2753 meum
1651 2708 2033 2754 ornamentum
2067 2707 2123 2752 et

543 2794 711 2846 decus
734 2791 993 2845 Christus
1016 2799 1114 2853 est,
1147 2790 1238 2859 qui
1276 2789 1430 2844 misit
1466 2792 1720 2861 angelum
1741 2806 1925 2854 suum,
1953 2801 2006 2844 et
2039 2805 2124 2843 me

544 2883 811 2952 abjectam
831 2894 992 2951 atque
1019 2883 1282 2935 humilem
1327 2898 1542 2935 servam
1567 2885 1803 2950 protexit
1831 2901 1842 2933 :
1867 2884 2123 2950 qu0niatn

545 2973 706 3032 fidem
740 2985 792 3025 et
820 2986 970 3041 spem
1007 2990 1182 3027 meam
1219 2974 1271 3026 in
1308 2975 1399 3026 illo
1436 2974 1596 3027 fixam
1639 2974 1838 3027 habeo.
1880 2974 2126 3043 Quapro-

544 3074 667 3134 pter
697 3067 898 3134 gratias
943 3066 1016 3118 illi
1052 3082 1172 3137 ago,
1209 3075 1264 3120 et
1297 3076 1552 3120 sanctum
1602 3067 1719 3136 ejus
1754 3081 1956 3120 nomen
2006 3066 2124 3120 col-

2220 586 2310 640 Dei
2359 590 2657 658 potentiam
2708 589 3169 658 contemplantes,
3225 590 3407 644 animo
3460 589 3820 658 cornpuneti,

2219 679 2287 732 ab
2342 679 2609 733 idolorum
2667 680 3059 750 superstitione
3131 679 3472 740 defecerunt,
3509 688 3562 734 et
3596 677 3821 732 Chrisn

2222 771 2381 825 ﬁdem
2417 771 2589 826 secuti
2623 781 2780 836 sunt;
2822 772 2978 824 multi
3019 772 3182 824 etiam
3233 769 3540 832 carnifices,
3583 771 3678 838 qui
3717 783 3824 822 cos

2221 866 2671 930 verberaverant,
2711 880 2834 920 cum
2888 863 2980 916 Dei
3041 872 3188 917 tanta
3247 863 3299 914 in
3370 861 3491 913 illos
3541 861 3821 914 beneficia

2221 959 2414 1013 collata
2459 959 2742 1022 vidissent,
2805 966 3017 1012 mutato
3096 956 3348 1016 consilio,
3395 953 3601 1008 Christi
3645 952 3824 1006 fidem

2221 1050 2460 1119 amplexi
2499 1059 2648 1102 sunt.

2293 1143 2408 1197 XX.
2450 1143 2661 1196 Perlata
2699 1156 2829 1194 vero
2862 1150 2991 1194 sunt
3030 1140 3147 1194 hzec
3189 1139 3382 1191 omnia
3442 1137 3509 1190 ad
3556 1134 3827 1189 Aurelia-

2221 1252 2376 1296 num,
2400 1234 2698 1304 quijussit,
2723 1233 2842 1285 illos
2864 1233 2936 1285 ita
2963 1243 3018 1284 ut
3041 1239 3219 1294 erant,
3246 1231 3298 1283 in
3343 1228 3499 1283 fovea
3525 1228 3825 1293 lapidibus

2222 1324 2399 1380 obrui.
2432 1324 2534 1377 Sed
2563 1337 2698 1377 ecce
2726 1332 2950 1390 repente.
2975 1320 3200 1373 tonitrui
3227 1320 3439 1374 sonitus
3463 1334 3588 1372 cum
3619 1317 3828 1370 multis

2223 1416 2556 1487 fulguribus,
2605 1424 2659 1466 et
2697 1415 2869 1466 nubes
2917 1412 3024 1466 huc
3080 1421 3246 1479 atque
3294 1413 3419 1464 illuc
3467 1411 3716 1480 agitatae,
3774 1418 3833 1462 et

2225 1510 2365 1580 ignis
2401 1508 2590 1576 plenae,
2634 1520 2806 1574 usque
2857 1505 2923 1556 ad
2981 1503 3258 1557 Aureliani
3307 1513 3672 1569 conSpectuin
3726 1501 3834 1554 de-

2226 1608 2518 1661 venerunt,
2571 1610 2624 1650 et
2651 1598 2831 1666 ignem
2895 1595 3048 1648 illum
3110 1594 3163 1645 in
3208 1604 3410 1646 terram
3468 1592 3833 1654 elIuderunt,

2227 1708 2442 1767 voxque
2478 1693 2591 1744 haec
2646 1708 2675 1742 c
2709 1688 2848 1742 owlo
2901 1687 2967 1738 ad
3020 1701 3144 1738 eum
3184 1686 3422 1738 demissa
3465 1695 3548 1737 est
3588 1704 3599 1738 :
3635 1691 3839 1738 Aure-

2227 1788 2394 1847 liane,
2428 1783 2714 1852 ingredere
2755 1781 2812 1832 in
2842 1779 3095 1848 abyssum
3129 1779 3396 1846 gehennze
3437 1776 3602 1845 ignis,
3657 1792 3838 1843 para-

2227 1891 2332 1934 tam
2361 1878 2457 1932 tibi
2482 1885 2535 1929 et
2561 1873 2700 1945 patri
2731 1883 2822 1928 tuo
2845 1871 3064 1926 diabolo
3133 1869 3257 1924 Hac
3280 1883 3404 1922 cum
3430 1867 3575 1922 facta
3604 1878 3837 1928 essent,

2225 1971 2376 2026 misit
2409 1969 2762 2030 Aurelianus,
2796 1975 2847 2020 et
2870 1964 3036 2034 jussit
3071 1963 3311 2017 athletas
3338 1959 3620 2015 etChristi
3675 1974 3838 2012 mar-

2226 2075 2368 2134 tyres
2399 2079 2462 2116 ex
2496 2061 2651 2114 fovea
2687 2060 2776 2112 illa
2803 2059 3047 2120 extrahi,
3086 2067 3141 2111 et
3172 2057 3228 2110 in
3264 2069 3546 2108 carcerem
3586 2052 3838 2120 conjici.

2227 2156 2418 2227 Itaque
2471 2153 2643 2208 sancti
2703 2161 2968 2219 martyres
3005 2151 3095 2202 Dei
3137 2147 3366 2218 gloriam
3417 2145 3726 2200 laudabant
3780 2144 3838 2196 in

2225 2247 2483 2300 omnibus
2540 2245 2650 2307 his,
2700 2258 2821 2315 qua:
2879 2242 3021 2294 Deus
3056 2241 3172 2308 ipse
3216 2237 3540 2290 mirabiliter
3595 2235 3840 2288 illorum

2226 2355 2392 2394 causa
2428 2338 2655 2389 fecerat.
2694 2333 2943 2403 Septimo
2978 2331 3066 2384 die
3117 2339 3308 2399 postea
3353 2327 3596 2382 diluculo
3638 2330 3842 2380 Aure-

2226 2433 2408 2486 lianus
2438 2430 2580 2484 sedit
2610 2429 2663 2481 in
2689 2426 2971 2487 tribunali,
3002 2435 3057 2479 et
3080 2425 3245 2494 jussit
3269 2424 3587 2478 sacerdotes
3621 2421 3841 2476 aﬂ'errc

2229 2536 2582 2598 quotcunque
2604 2522 2741 2576 idola
2766 2522 3042 2575 habebant
3060 2529 3287 2592 argento
3311 2527 3363 2572 et
3383 2533 3514 2571 auro
3543 2517 3837 2570 confecta.

2228 2637 2288 2676 ac
2322 2619 2576 2689 pretiosis
2606 2617 2878 2685 lapidibus
2919 2623 3136 2667 ornata.
3187 2613 3320 2677 Quae
3367 2608 3690 2664 sacerdotes
3731 2606 3836 2673 ipsi

2229 2725 2353 2764 mox
2411 2709 2462 2759 in
2521 2715 2820 2774 conspectu
2877 2701 3158 2756 Aureliani
3224 2699 3657 2759 constituerunt,
3702 2707 3836 2751 cum

2229 2798 2556 2854 stravissent
2602 2795 2704 2847 sub
2758 2794 2877 2862 ejus
2920 2792 3150 2860 pedibus
3211 2805 3505 2859 purpuram
3561 2789 3835 2856 regalem.

2231 2889 2369 2943 Tum
2411 2886 2775 2940 Aurelianus:
2809 2882 3030 2948 Vocate,
3068 2883 3262 2951 inquit,
3298 2880 3526 2934 Paulum
3559 2891 3612 2932 et
3646 2877 3834 2932 Julia-

2231 2997 2380 3038 nam.
2413 2973 2561 3044 Quos
2593 2993 2716 3032 cum
2742 2977 2970 3031 vidisset
3002 2985 3129 3030 ante
3158 2975 3399 3029 tribunal
3428 2973 3832 3034 consistentes,

2230 3078 2414 3128 animo
2449 3084 2502 3126 et
2531 3072 2678 3124 vultu
2721 3069 2879 3123 valde
2912 3067 3052 3122 irato
3081 3067 3187 3120 illis
3220 3066 3486 3128 minatus,
3520 3062 3658 3116 dixit
3697 3080 3711 3116 ι
3755 3060 3832 3113 Ite

546 3157 729 3220 laudo,
760 3159 906 3228 quod
941 3161 1058 3230 ipse
1113 3169 1217 3222 est.
1253 3161 1345 3228 qui
1382 3159 1510 3212 facit
1561 3159 1833 3212 mirabilia
1888 3160 2038 3212 solus
2078 3160 2121 3222 ⁸.
2157 3176 2199 3234 c
2234 3182 2406 3228 nunc,
2439 3175 2492 3218 et
2518 3163 2622 3217 diis
2668 3161 3002 3223 sacriﬁcate;
3054 3159 3223 3212 nolim
3268 3160 3416 3212 enim
3465 3154 3829 3213 existimetis,

546 3255 736 3303 etnon
772 3262 856 3303 cst
883 3251 1024 3302 alius
1054 3251 1197 3302 Deus
1226 3253 1424 3319 prater
1458 3252 1656 3321 ipsum.

619 3341 760 3395 XIX.
795 3341 968 3396 Iussit
995 3344 1254 3413 deinceps
1286 3346 1617 3398 Aurelianus
1649 3344 1872 3398 Paulum
1899 3345 2124 3409 exsolvi,

547 3438 606 3490 et
649 3437 861 3490 foveam
912 3438 1203 3506 quamdam
1247 3438 1435 3501 effudi,
1483 3447 1589 3491 tam
1628 3440 1870 3508 longam,
1921 3449 2127 3506 quanta

548 3530 638 3581 est
676 3532 841 3581 trium
887 3530 1174 3582 hominum
1223 3537 1468 3596 statura;
1508 3540 1620 3583 tum
1664 3531 1808 3596 ligna
1848 3537 1902 3581 et
1950 3529 2128 3600 ignem

548 3621 771 3684 alferri,
827 3630 990 3689 atque
1047 3622 1100 3673 in
1161 3623 1316 3673 fovea
1371 3623 1458 3672 illa
1518 3621 1799 3673 succendi.
1860 3620 2132 3676 Fecerunt

549 3712 854 3775 earnilices,
884 3712 1029 3781 quod
1052 3714 1266 3781 jussum
1293 3711 1491 3771 fuerat,
1523 3711 1814 3762 admodum
1849 3712 2088 3764 studiose
2115 3727 2128 3775 ;

548 3823 673 3859 nam
716 3816 772 3860 et
799 3805 1014 3859 foveam
1060 3807 1244 3858 statim
1277 3804 1606 3866 effoderunt,
1641 3813 1693 3857 ct
1732 3805 1910 3874 ignem
1965 3804 2132 3856 velte-

555 3909 774 3952 menter
802 3900 1200 3951 accenderunt.
1233 3897 1417 3966 Itaque
1448 3897 1774 3951 Aurelianus
1797 3899 1960 3966 jussit
1983 3897 2126 3950 Pati-

552 3991 659 4044 lum
690 3999 739 4044 et
771 3987 1043 4046 Julianam
1071 3992 1122 4043 in
1149 3990 1325 4060 ignem
1346 3991 1496 4042 illum
1521 3989 1743 4055 conjici.
1789 3988 1975 4040 Sancti
2006 4004 2135 4040 vero

554 4091 852 4152 martyres,
887 4082 1053 4135 Deum
1084 4081 1480 4142 eollaudantes,
1507 4077 1842 4131 Salvatorent
1868 4095 1929 4132 ac
1951 4079 2135 4132 Domi-

555 4191 688 4228 num
725 4175 910 4227 Iesum
963 4173 1243 4226 Christum
1291 4171 1618 4226 invocabant
1691 4172 1756 4226 ad
1816 4188 1974 4241 opem
2031 4173 2135 4226 sibi

554 4265 861 4320 ferendam.
901 4266 1036 4319 Cum
1079 4279 1262 4319 autem
1298 4265 1366 4318 ad
1405 4280 1530 4318 eum
1592 4265 1771 4317 locum
1826 4265 2134 4326 venissent,

566 4377 663 4415 sua
712 4362 958 4415 membra
1002 4360 1184 4412 crucis
1236 4357 1438 4410 Christi
1489 4357 1646 4426 signo
1686 4359 2029 4419 munierunt,
2083 4367 2139 4410 et

558 4455 754 4522 sponte
787 4468 845 4504 se
884 4453 937 4502 in
981 4451 1162 4518 igncnt
1194 4450 1580 4520 conjecerunt.
1630 4450 1797 4504 Erant
1839 4461 2018 4503 autem
2083 4450 2135 4502 in

2231 3273 2424 3312 manus
2457 3271 2604 3309 meas
2635 3271 2728 3308 vos
2757 3265 3043 3307 evasuros.
3079 3246 3323 3302 Subrisit
3356 3247 3563 3299 Paulus
3586 3285 3598 3307 ,
3623 3255 3678 3297 et
3713 3245 3793 3297 ait
3819 3262 3830 3295 :

2232 3352 2546 3422 Nunquam,
2575 3357 2828 3413 tyranne,
2862 3344 3034 3394 Deum
3059 3351 3309 3393 nostrum
3342 3339 3830 3406 derelinquemus,

2231 3442 2322 3510 qui
2358 3440 2559 3492 malum
2606 3444 2661 3488 et
2719 3444 2926 3488 terram
2988 3431 3196 3485 effecit.
3252 3427 3330 3482 Ne
3372 3438 3530 3499 putes
3562 3429 3834 3498 amplius,

2234 3534 2390 3588 idolis
2451 3531 2555 3585 tuis
2603 3528 2809 3584 cultum
2883 3541 2983 3581 nos
3038 3526 3324 3579 allaturos.
3377 3524 3518 3579 Tum
3569 3523 3834 3577 Aurctia-

2233 3644 2383 3680 nus:
2423 3625 2694 3683 Violenta,
2753 3621 2951 3689 inquit,
2990 3627 3167 3671 morte
3219 3619 3419 3686 dignus
3467 3632 3547 3670 es.
3595 3618 3828 3671 ldolanc

2238 3719 2331 3770 tibi
2369 3717 2483 3769 haec
2533 3712 2832 3766 videntur?
2880 3709 3069 3776 Neque
3121 3708 3401 3776 intelligis,
3461 3723 3583 3774 qua:
3639 3709 3725 3760 vis
3780 3709 3834 3760 in

2237 3809 2341 3862 illis
2377 3807 2490 3860 sit?

2310 3899 2450 3955 XXI.
2507 3898 2590 3954 Ad
2634 3899 2748 3952 hanc
2795 3895 2998 3951 Paulus
3047 3912 3059 3948 :
3103 3893 3318 3962 Jupiter
3369 3892 3493 3957 iste,
3543 3907 3713 3961 quem
3781 3902 3836 3944 tu

2238 3994 2401 4046 deum
2453 4007 2573 4045 esse
2621 3991 2780 4055 dicis,
2839 3991 3005 4044 homo
3052 3988 3272 4058 quidam
3315 3986 3417 4041 fuit
3472 3985 3838 4056 fugitivorum

2241 4085 2405 4147 filius,
2435 4085 2528 4152 qui
2581 4091 2758 4136 artem
2812 4082 3076 4151 magicam
3128 4081 3267 4132 bene
3318 4079 3547 4133 edoctus
3599 4078 3837 4132 fuerat:

2239 4190 2470 4243 cumque
2505 4183 2704 4243 praeter
2735 4183 2965 4226 emeres
3012 4171 3264 4223 homines
3295 4179 3442 4222 esset
3475 4170 3837 4221 incontinen-

2243 4267 2512 4326 tissimus,
2541 4273 2596 4315 et
2631 4263 2843 4315 libidini
2889 4261 3125 4312 maxime
3170 4258 3407 4316 deditus,
3459 4271 3521 4310 ac
3570 4273 3841 4324 quorum-

2243 4353 2366 4407 dam
2399 4351 2800 4422 pulcherrimas
2853 4361 3054 4400 uxores
3100 4356 3264 4414 atque
3308 4345 3446 4400 filias
3489 4347 3834 4412 adamasset,

2244 4461 2303 4501 se
2333 4445 2618 4499 continere
2664 4459 2773 4496 non
2811 4440 2988 4512 potuit
3046 4441 3177 4508 quin
3213 4455 3337 4494 cum
3377 4439 3484 4494 illis
3513 4440 3841 4494 commisce-

563 4549 688 4617 igne
718 4545 812 4598 illo
847 4544 1016 4598 Deum
1050 4542 1367 4606 laudantes,
1416 4556 1471 4597 et
1503 4544 1622 4611 ejus
1663 4543 1890 4613 gloriam
1938 4541 2140 4612 praedi-
2173 4511 2219 4569 θ
2256 4545 2429 4589 retur.
2494 4534 2596 4598 Qui
2674 4533 2836 4586 modo
2916 4533 2968 4583 in
3038 4542 3252 4584 taurum
3329 4539 3595 4595 mutatus,
3672 4531 3841 4584 modo

562 4650 772 4695 cantes.
804 4638 945 4692 Ecce
979 4646 1163 4690 autem
1209 4637 1433 4706 angelus
1477 4633 1687 4690 Domini
1739 4636 2026 4690 descendit
2073 4636 2141 4689 de

564 4731 728 4793 curio,
759 4739 812 4782 et
835 4729 1043 4780 fumum
1070 4743 1174 4780 una
1197 4743 1319 4780 cum
1347 4728 1470 4796 igne
1495 4728 1638 4781 foras
1660 4730 1923 4793 excussit,
1965 4744 2142 4797 neque

566 4819 813 4892 permisit
859 4830 1076 4874 sanctos
1107 4827 1380 4890 martyres
1429 4817 1513 4871 vel
1567 4819 1846 4887 paululum
1895 4819 1962 4872 ab
2018 4820 2140 4888 igne

565 4913 890 4984 perturbari.
956 4911 1184 4965 Stabant
1250 4912 1431 4979 itaque
1488 4911 1542 4963 in
1611 4910 1764 4964 fovea
1827 4910 1915 4963 illa
1978 4911 2141 4964 rectis

567 5004 914 5072 corporibus,
976 5003 1189 5055 divinas
1247 5003 1434 5054 laudes
1500 5001 1840 5070 proferentes
1899 5004 1952 5056 in
2004 5003 2145 5056 hanc

568 5095 894 5150 sententiam
924 5111 937 5148 :
969 5091 1294 5149 Benedictus
1340 5108 1420 5158 es,
1457 5091 1683 5147 Domine
1730 5095 1869 5148 Deus
1903 5093 2015 5147 Rex
2044 5107 2146 5147 ste-

569 5190 836 5248 culorum,
870 5186 964 5255 qui
1006 5201 1216 5238 memor
1266 5184 1417 5238 fuisti
1462 5184 1785 5238 humilitatis
1846 5195 2048 5239 nostra:
2095 5193 2150 5237 et

569 5279 856 5346 praesentia
877 5288 963 5330 tua
982 5277 1120 5346 ignis
1137 5277 1404 5329 flammam
1428 5278 1731 5332 exstinxisti
1757 5288 1978 5346 propter
1996 5278 2154 5330 boni-

573 5377 736 5422 tatem
759 5380 925 5429 tuam,
944 5385 1063 5437 qua:
1084 5368 1213 5422 facit
1259 5379 1316 5423 ut
1337 5380 1556 5437 peccata
1573 5377 1756 5423 nostra
1780 5382 1885 5422 non
1909 5369 2154 5423 recorde-

572 5460 666 5514 ris.
685 5459 765 5514 Tu
787 5476 885 5514 nos
903 5461 1174 5531 indignos,
1193 5461 1372 5515 salvos
1403 5472 1564 5530 atque
1588 5463 1886 5517 incolumes
1899 5464 2151 5534 eripuisti

571 5564 603 5614 δ
638 5554 1061 5621 cogitationibus
1096 5554 1308 5623 tyranni
1331 5554 1630 5618 Aureliani,
1664 5558 1755 5625 qui
1791 5572 1888 5611 suo
1919 5555 2152 5626 imperio

575 5647 647 5702 ita
725 5647 1066 5716 intumescit,
1143 5651 1299 5719 quasi
1372 5649 1593 5706 futurus
1659 5650 1730 5705 sit
1804 5652 2147 5708 immortalis.

649 5831 668 5863 ⁸
693 5829 837 5886 I’sal.
892 5847 1040 5901 Lxxt,
1078 5831 1164 5886 18.

2249 4631 2335 4682 avi
2403 4627 2623 4689 similis,
2681 4625 2876 4694 aquila;
2942 4623 3171 4685 scilicet,
3227 4637 3291 4674 ac
3366 4637 3560 4691 cygno,
3639 4625 3841 4678 mulie-

2250 4735 2339 4773 res
2438 4717 2730 4774 nonnullas
2804 4731 2870 4769 ex
2948 4714 3058 4782 jam
3170 4714 3334 4766 dictis
3445 4714 3838 4782 circumvenit,

2248 4822 2303 4867 et
2365 4826 2395 4864 a
2463 4817 2646 4863 mente
2724 4807 2989 4860 alienatas
3063 4807 3116 4859 in
3199 4821 3320 4860 eam
3379 4805 3663 4860 miseriam
3735 4807 3840 4860 ini-

2247 4904 2406 4974 pulit.
2451 4911 2507 4955 ut
2539 4901 2714 4971 ipsum
2781 4907 3036 4970 tanquam
3071 4903 3234 4955 deum
3292 4901 3560 4956 colerent.
3597 4903 3678 4956 Ad
3726 4905 3840 4956 haec

2249 5007 2303 5050 et
2331 4995 2464 5049 alias
2501 4993 2758 5046 mulieres
2809 5008 2905 5061 per
2955 4989 3146 5045 forma:
3196 4994 3556 5044 mutationem
3593 5001 3650 5043 et
3701 5007 3838 5061 prse—

2251 5087 2440 5156 stigias
2476 5085 2710 5154 decepit,
2754 5085 2813 5137 in
2855 5098 3051 5136 aurum
3096 5095 3483 5138 commutatus.
3520 5085 3588 5136 Et
3619 5099 3692 5139 ne
3736 5087 3838 5138 alia

2253 5185 2376 5253 ejus
2411 5180 2702 5234 libidinosa
2751 5177 2993 5231 facinora
3029 5180 3130 5232 hoc
3181 5180 3300 5233 Ιορο
3338 5190 3554 5232 narrem
3609 5178 3752 5249 (scio
3787 5190 3836 5232 te

2261 5277 2329 5330 ad
2368 5271 2700 5326 iracundiam
2737 5272 2999 5325 concitari
3038 5288 3050 5324 :
3083 5272 3174 5326 sed
3203 5272 3327 5325 licet
3351 5271 3629 5337 irascaris,
3655 5275 3832 5327 dicam

2263 5381 2446 5424 tamen
2478 5365 2616 5420 nihil
2654 5365 2876 5433 veritus)
2910 5365 3030 5430 iste,
3069 5366 3161 5433 qui
3195 5380 3362 5434 prope
3401 5363 3589 5420 Jovem
3626 5369 3836 5435 positus

2260 5471 2364 5523 est,
2397 5471 2451 5513 et
2475 5455 2667 5525 Apollo
2699 5456 2924 5523 dicitur,
2965 5472 3034 5509 an
3071 5472 3180 5509 non
3214 5471 3281 5511 ex
3309 5456 3583 5511 adulterio
3618 5459 3832 5527 genitus

2261 5565 2344 5608 est
2395 5567 2424 5606 e
2482 5547 2710 5602 muliere
2763 5550 3024 5618 quadarn,
3088 5565 3210 5617 qua:
3265 5549 3468 5603 Latona
3522 5549 3826 5608 dicebatur.

2259 5658 2489 5717 quaeque
2521 5641 2671 5694 illum
2720 5643 2938 5712 peperit
2993 5644 3135 5697 inter
3177 5642 3316 5696 duas
3349 5641 3595 5708 arbores,
3645 5642 3738 5711 qui
3779 5650 3829 5696 et
