3970 6448
147 350 256 412 585

1058 352 1521 417 MARTYRIUM
1562 355 1669 413 SS.
1719 355 1946 414 PAULI
1991 356 2086 416 ΕΤ
2126 358 2504 420 ΧΠΙᾸᾹΝᾹΞ.

3306 369 3411 431 586

148 459 385 512 militum
411 454 875 521 Christianorum,
902 471 930 511 a
953 455 1212 525 Trajano.
1252 460 1379 511 dum
1414 459 1467 511 in
1506 458 1731 513 Oriente
1761 466 1806 521 Α
1838 460 2188 517 benefaeiens
2219 466 2496 529 omnibus.
2541 483 2603 522 ac
2646 468 2886 525 liberans
2918 488 3011 529 eos
3044 474 3087 537 ',
3123 478 3215 547 qui
3242 494 3271 533 a
3297 478 3414 535 dia-

147 550 267 617 ipse
298 563 467 617 Opera
511 547 720 601 nefaria
750 548 1044 611 commisit,
1079 558 1290 615 patrem
1322 546 1510 601 Jovem
1546 550 1731 604 imita-

148 639 279 692 tus?
327 636 538 691 Eodem
582 638 745 691 modo
786 647 840 691 et
883 635 1179 707 Dionysius
1224 649 1404 692 vester
1444 638 1531 692 ille
1567 640 1724 701 deus,

146 745 220 782 an
258 744 366 783 non
404 737 463 782 et
494 728 609 797 ipse
649 744 715 781 ex
745 728 1016 783 adulterio
1046 730 1264 797 genitus
1294 738 1376 782 est
1407 744 1471 782 ex
1508 729 1729 787 Semele

143 816 334 871 Cadmi
361 816 512 870 ﬁlia?
540 816 794 886 Nugatur,
822 817 999 886 inquit
1022 819 1374 879 Aurelianus.
1397 825 1453 870 et
1478 820 1730 883 sceleste,

143 925 218 963 an
253 926 360 963 non
398 924 462 963 ex
496 908 711 963 Juuone
744 910 972 963 deorum
1012 917 1185 960 matre
1234 906 1477 962 Bacchus
1520 909 1735 978 genitus

143 996 269 1051 est?
302 998 445 1051 Risit
502 996 725 1061 Paulus,
780 1008 833 1051 et
888 998 1011 1050 ait:
1051 996 1217 1050 Estne
1286 999 1442 1057 deus,
1498 999 1591 1067 qui
1668 1014 1733 1051 ex

144 1089 379 1143 muliere
420 1090 639 1159 genitus
665 1089 890 1157 incipiat
919 1102 1037 1141 esse
1065 1089 1225 1148 deus.
1252 1100 1347 1141 aut
1380 1091 1469 1157 qui
1508 1105 1730 1143 uxorem

146 1180 381 1234 habeat?
410 1180 567 1233 Tunc
590 1180 917 1233 Aurelianus
941 1196 954 1230 :
975 1179 1289 1247 Quousque,
1315 1179 1509 1247 inquit,
1536 1179 1733 1233 multas

142 1288 319 1341 nugas
365 1273 654 1325 elIumIens
688 1272 793 1325 diis
827 1272 1118 1323 maledices
1146 1272 1167 1323 ?
1199 1288 1265 1324 an
1316 1288 1423 1324 non
1466 1282 1521 1323 et
1553 1280 1732 1324 vester

144 1366 418 1427 Christus,
451 1380 616 1433 quem
648 1379 744 1416 vos
774 1361 1071 1416 Christiani
1110 1361 1275 1415 Deum
1311 1364 1588 1417 celestetn
1614 1378 1735 1416 esse

145 1457 349 1517 dicitis,
381 1472 447 1510 ex
478 1456 706 1508 muliere
743 1456 960 1521 genitus
996 1456 1117 1509 est?
1146 1454 1451 1525 Respondit
1493 1456 1689 1509 Paulus
1718 1473 1730 1508 :

144 1548 259 1599 Non
297 1563 357 1599 es
384 1558 440 1601 tu
471 1548 907 1616 dignus,quiDei
936 1548 1246 1617 mysterium
1290 1549 1500 1601 audias.
1533 1548 1731 1601 Verum

145 1654 214 1690 ne
239 1639 490 1692 oratione
524 1649 613 1691 tua
643 1640 840 1691 multos
874 1654 1083 1697 eorum.
1116 1640 1206 1705 qui
1248 1651 1543 1707 praesentes
1587 1650 1733 1701 sunt,

142 1728 570 1793 CII'CtltlH'CIliaS,
593 1745 813 1784 necesse
829 1740 911 1784 est
932 1732 1142 1799 aperire
1162 1731 1233 1792 id.
1256 1733 1399 1799 quod
1435 1732 1651 1800 quaeris.

215 1835 380 1889 XXII.
418 1836 578 1889 Initio
618 1837 761 1889 Deus
811 1837 927 1905 ipse.
974 1853 1100 1890 cum
1150 1838 1347 1891 ςωιυυι
1384 1848 1438 1891 et
1512 1848 1733 1896 terram.

144 1944 293 1983 mare
342 1930 623 1990 etomnia,
665 1945 788 1998 quae
838 1931 889 1982 in
924 1932 1005 1983 eis
1060 1938 1207 1991 sunt,
1241 1929 1531 1986 eﬂecisset.
1563 1931 1735 1983 horni—

143 2036 267 2074 nem
307 2021 522 2075 ellinttit
556 2022 623 2075 ad
665 2022 953 2091 imaginem
991 2031 1047 2075 ct
1087 2022 1506 2076 similitudinem
1554 2039 1729 2075 suam.

154 2115 362 2169 Porum
404 2117 552 2170 enim
601 2132 630 2169 a
666 2116 896 2179 malitia,
933 2116 1309 2179 innocentem,
1355 2116 1586 2183 justum,
1624 2119 1737 2184 pic-

152 2214 263 2261 tate
306 2209 600 2277 praeditum
654 2208 865 2261 creavit
900 2207 1049 2259 illuni
1100 2207 1262 2267 Deus,
1300 2216 1354 2259 et
1394 2206 1445 2258 in
1485 2207 1736 2275 paradiso

146 2304 471 2357 deliciarum
494 2305 656 2372 pleno
674 2320 798 2357 eum
829 2302 1136 2357 collocatit.
1165 2303 1325 2356 Pater
1342 2312 1521 2357 autem
1553 2314 1733 2358 vester

146 2394 401 2448 diabolus
439 2410 548 2446 non
608 2395 794 2447 ferens
841 2406 1047 2447 tantam
1104 2395 1343 2449 hominis
1389 2394 1728 2461 felicitatem,

144 2487 308 2540 Evam
343 2485 584 2548 seduxit,
616 2496 671 2539 et
712 2501 806 2553 per
857 2487 1023 2547 illatn,
1067 2488 1239 2541 Adam
1290 2489 1354 2541 ad
1392 2488 1561 2541 divini
1595 2505 1733 2557 pra:-

144 2584 282 2654 cepti
318 2581 817 2653 transgressionem
849 2580 1086 2649 impulit.
1128 2580 1249 2645 Quo
1295 2580 1496 2635 factum
1532 2590 1634 2639 est.
1669 2590 1728 2633 ut

145 2686 199 2729 et
251 2676 431 2730 Adam
499 2676 618 2743 ipse
675 2689 935 2743 tanquam
995 2683 1426 2744 transgressorc
1474 2672 1725 2741 paradiso

144 2772 411 2837 expulsus
455 2767 547 2827 sit,
580 2776 637 2819 ct
680 2781 854 2834 genus
898 2781 1061 2817 omne
1109 2766 1413 2819 humanum
1452 2764 1611 2818 morti
1671 2772 1729 2818 et

146 2860 356 2930 peccati
414 2871 589 2925 pinnas
658 2856 957 2909 obnoxium
1016 2858 1275 2911 evaserit.
1348 2860 1717 2921 Quamobrem

146 2950 387 3006 caelestis
432 2947 594 3001 Pater
645 2956 698 3001 et
753 2947 1103 3015 omnipotens
1152 2946 1293 2999 Deus
1342 2949 1724 3003 misericordia

145 3057 346 3106 motus,
394 3043 640 3096 humano
695 3040 883 3110 generi
938 3038 1234 3094 subvenire
1294 3041 1503 3103 volens,
1574 3042 1724 3095 misit

1837 551 1960 605 bolo
1993 554 2352 611 vexabantur.
2396 559 2588 619 Postea
2648 561 2701 615 in
2754 562 2898 635 ligno
2950 569 3131 622 crucis
3180 573 3415 627 sultixus

1835 650 1936 702 est.
1984 653 2042 697 ut
2076 646 2305 700 salutem
2342 648 2497 703 daret
2544 654 2771 717 mundo,
2804 657 2895 727 qui
2933 662 3171 729 perierat
3211 665 3413 725 diaboli

1837 732 2093 788 violentia
2145 746 2197 789 et
2246 737 2481 792 fallacia.
2540 739 2686 796 Ideni
2727 759 2956 815 corpore
3008 761 3255 807 mortuus
3302 765 3410 812 est.

1835 824 2081 896 Cumque
2146 830 2211 882 ad
2246 830 2452 886 inferos
2491 832 2875 892 descendisset
2916 856 3021 894 una
3065 860 3188 897 cum
3221 859 3409 903 sancta

1835 920 2018 973 anima
2062 922 2148 973 illa
2190 937 2307 982 sua.
2345 926 2611 980 contrivit
2661 944 2849 997 portas
2904 949 3097 997 :ereas,
3145 947 3197 991 et
3229 950 3415 996 vectes

1837 1011 2042 1065 ferreas
2084 1014 2390 1084 confregit’
2424 1036 2436 1071 :
2469 1029 2636 1087 atque
2667 1022 2718 1073 in
2767 1022 3065 1093 caliginosa
3112 1030 3412 1087 inferorum

1839 1104 2136 1172 penetralia
2167 1106 2464 1175 ingressus.
2496 1112 2699 1179 eripuit
2742 1129 2834 1168 eos
2871 1118 2965 1185 qui
3012 1121 3242 1175 vinculis
3280 1127 3423 1179 deti-

1839 1196 2131 1257 nebantur,
2164 1205 2220 1250 et
2249 1212 2315 1251 ex
2344 1215 2565 1255 carcere
2594 1203 2793 1257 diaboli
2830 1207 2952 1261 illos
2987 1209 3036 1261 in
3078 1214 3417 1281 superiorem

1841 1290 2120 1357 regionem
2147 1291 2333 1345 eduxit
2376 1294 2437 1347 ¹⁰.
2482 1294 2638 1359 Quod
2678 1309 2847 1353 totttm
2885 1302 3058 1370 ipsius
3093 1308 3417 1376 benignitati

1839 1392 2127 1450 acceptum
2155 1385 2417 1438 refertur.
2454 1386 2590 1441 Cum
2631 1407 2759 1445 vero
2811 1394 2881 1446 ita
2932 1408 3055 1463 post
3100 1407 3211 1453 tres
3240 1403 3357 1455 dies
3391 1421 3417 1453 a

1839 1474 2069 1526 mortuis
2139 1478 2549 1543 resurrexisset,
2620 1486 2874 1552 apparuit
2932 1492 3047 1542 suis
3129 1493 3419 1562 discipulis

1839 1576 2003 1634 atque
2033 1569 2317 1635 apostolis,
2371 1580 2426 1624 et
2458 1573 2576 1626 aliis
2618 1577 2824 1642 multis,
2863 1581 2955 1646 qui
3009 1598 3132 1636 \ere
3188 1585 3241 1637 in
3294 1603 3417 1640 eum

1839 1660 2183 1715 crediderant
2214 1682 2225 1713 :
2261 1673 2313 1716 et
2335 1681 2455 1717 cum
2488 1668 2779 1734 aliquoties
2812 1675 3145 1729 comedisset
3172 1689 3226 1731 et
3252 1678 3423 1733 bibis-

1840 1762 1921 1805 set
1948 1769 2068 1806 cum
2112 1758 2373 1822 apostolis
2403 1775 2496 1826 per
2528 1760 2646 1813 dies
2678 1765 3060 1835 quadraginta.
3114 1768 3194 1823 sic
3234 1780 3421 1839 postea

1843 1848 1893 1896 in
1932 1848 2127 1899 coelum
2184 1862 2502 1917 assumptus
2547 1865 2650 1916 est,
2712 1867 2765 1908 et
2812 1860 2969 1909 sedet
3018 1860 3085 1911 ad
3138 1861 3418 1918 dexteram

1844 1933 2017 1988 Patris
2057 1951 2179 1989 cum
2221 1954 2450 2007 Corpore
2500 1942 2611 2007 illo,
2664 1947 2807 2013 quod
2841 1947 2954 2014 ipse
2987 1952 3127 2003 Deus
3180 1948 3418 2006 Verbum

1841 2025 1941 2078 sibi
1972 2028 2266 2095 copulavit.
2291 2030 2440 2083 Nunc
2462 2034 2627 2101 igitur
2646 2038 2892 2093 diabolus
2922 2041 3106 2095 dolore
3139 2046 3417 2111 allligitur.

1842 2115 1994 2168 lllum
2039 2119 2184 2170 enim
2231 2120 2488 2176 Christus
2544 2125 2659 2195 ipse
2702 2128 3139 2187 Christianorum
3192 2138 3422 2204 pedibus

1838 2209 2146 2263 conculcari
2200 2211 2348 2274 fecit,
2400 2218 2493 2283 qui
2550 2235 2646 2286 per
2689 2233 2942 2277 sanctum
2993 2226 3163 2293 ipsius
3213 2244 3416 2283 nomen

1828 2300 2219 2375 ingrediuntur
2268 2305 2321 2358 in
2382 2324 2608 2379 regnum
2655 2316 2917 2368 caelorum
2975 2335 2987 2371 :
3034 2336 3205 2387 aquo
3251 2337 3421 2392 regno

1838 2400 1893 2445 tu
1924 2395 2135 2449 alienus
2162 2412 2245 2451 es.
2280 2399 2456 2453 Habes
2498 2403 2640 2455 enim
2678 2416 2879 2459 sortem
2910 2416 2964 2461 et
2996 2419 3228 2477 partem,
3263 2425 3423 2467 aeter-

1816 2500 1966 2573 nam
2007 2487 2148 2557 ignis
2195 2492 2520 2559 gehennam,
2570 2496 2943 2553 haereditatetn
3003 2504 3201 2559 diaboli
3250 2506 3423 2575 patris

1836 2577 1912 2629 tui
1949 2582 2278 2648 percipiens.

1903 2666 2093 2722 XXIII.
2124 2672 2220 2724 IIis
2261 2673 2477 2736 auditis.
2514 2676 2843 2735 Aurelianus
2870 2699 2981 2753 prae
3044 2686 3231 2742 furore
3267 2690 3421 2746 vultu

1832 2771 2074 2816 mutatus
2113 2773 2217 2827 est,
2282 2774 2337 2818 et
2386 2766 2647 2825 dentibus
2701 2774 2941 2830 stridere
3008 2781 3209 2848 coepit,
3267 2799 3424 2837 exar-

1832 2854 2062 2909 descens
2119 2858 2170 2909 in
2250 2856 2423 2917 illum.
2483 2864 2572 2915 cui
2636 2875 2691 2917 et
2762 2871 3154 2937 respondens:

1832 2946 2029 3016 inquit,
2076 2964 2247 3019 nugas
2282 2961 2330 3005 te
2371 2955 2533 3005 modo
2586 2957 2959 3014 elIundentent
3033 2981 3223 3032 passus
3273 2986 3416 3029 sum.

1830 3040 2147 3103 patientiam
2192 3042 2243 3093 in
2274 3054 2343 3105 te,
2387 3062 2561 3115 nugax
2605 3060 2658 3102 et
2707 3053 2956 3109 sceleste.
2990 3060 3261 3115 audiendo
3292 3066 3423 3117 reti-

145 3136 339 3191 Filium
372 3151 560 3193 suum.
601 3144 656 3187 ut
688 3136 983 3186 humanam
1034 3150 1255 3187 carnem
1291 3134 1618 3203 susciperet,
1664 3143 1719 3188 et
1750 3141 1791 3197 (ζ
1832 3147 1991 3184 nens.
2024 3131 2101 3184 Tu
2140 3149 2266 3185 vero
2312 3141 2549 3201 quandiu
2604 3157 2794 3212 perges
2824 3161 2910 3199 me
2951 3159 3321 3219 contemnere,
3367 3172 3424 3225 (ιι

144 3229 314 3283 Adam
348 3226 607 3289 solveret,
635 3237 838 3290 eosque
864 3222 955 3290 qui
985 3224 1051 3275 ab
1073 3224 1277 3289 injusto
1302 3224 1717 3280 detinebantur.

145 3320 262 3390 Ipse
297 3319 469 3388 igitur
498 3314 661 3379 Deus,
713 3313 950 3368 Verbum
1012 3312 1127 3375 Dei,
1173 3329 1235 3366 ac
1291 3313 1468 3367 Patris
1518 3315 1716 3377 Filius,

143 3422 270 3467 ante
304 3410 506 3465 saecula
539 3407 722 3459 omnia
755 3416 837 3461 eSt
880 3405 1151 3474 sapientia
1203 3405 1398 3474 ipsius,
1433 3415 1488 3459 et
1541 3415 1727 3475 poten-

147 3505 216 3556 tia
258 3512 315 3556 et
364 3502 591 3554 dextera
644 3497 786 3565 :qu't
824 3511 921 3564 per
977 3498 1363 3565 archangelum
1420 3498 1726 3552 Gaht'ielem

147 3593 511 3647 annuntiatus
554 3588 659 3641 fuit
720 3598 926 3642 sanctae
980 3589 1054 3641 illi
1112 3590 1314 3660 Virgini
1384 3608 1533 3655 pura:
1569 3602 1730 3660 atque

144 3684 576 3746 honestissituae,
591 3697 658 3735 ex
679 3682 999 3750 prophetico
1017 3690 1071 3734 ct
1088 3684 1234 3751 regio
1250 3699 1447 3751 genere
1461 3685 1726 3750 originem

145 3778 386 3834 ducenti.
419 3777 476 3831 In
498 3776 657 3844 cujus
689 3784 841 3832 utero
872 3772 1012 3827 Deus
1051 3775 1184 3842 ipse,
1228 3773 1329 3828 hoc
1361 3787 1461 3839 est,
1511 3776 1731 3830 caeleste

146 3872 411 3934 Verbum,
437 3868 584 3939 quod
612 3868 784 3922 oculis
811 3867 1093 3936 corporeis
1133 3883 1240 3919 non
1271 3868 1537 3931 cernitur,
1575 3869 1730 3922 habi-

145 3973 284 4027 tans,
330 3961 815 4029 suuepitcorpus,
835 3975 957 4014 cum
977 3959 1190 4016 Gabriel
1224 3960 1294 4011 ita
1315 3959 1534 4013 Mariam
1561 3960 1729 4027 ipsam

143 4057 341 4112 affatus
385 4061 538 4107 esset
580 4068 595 4105 :
635 4055 760 4107 Λυε.
803 4053 981 4119 gratia
1005 4052 1158 4115 plena
1189 4068 1205 4103 :
1241 4052 1493 4105 Dominus
1528 4063 1732 4113 locum;

143 4161 195 4205 et
223 4147 387 4218 paqu
438 4153 560 4216 post
590 4162 603 4198 :
636 4142 863 4213 Spiritus
890 4153 1105 4196 sanctus
1135 4146 1465 4209 superveniet
1503 4146 1554 4195 in
1584 4153 1651 4205 te.
1683 4155 1731 4198 et

145 4243 310 4297 rima
371 4238 633 4294 Altiuimt’
684 4235 1013 4289 obuntbrabit
1080 4236 1172 4286 tibi
1229 4249 1247 4286 :
1296 4235 1516 4304 ideoque
1596 4237 1733 4305 quod

144 4343 399 4389 nascetur
446 4347 511 4384 ea:
561 4338 611 4383 te
679 4337 943 4390 sanctum,
1012 4326 1284 4380 vocabitur
1329 4324 1495 4380 Pilius
1574 4326 1667 4382 Dei
1690 4329 1732 4379 ⁵.

144 4426 377 4484 Genitus
424 4422 590 4492 igitur
642 4420 743 4477 fuit
790 4419 935 4475 Deus
978 4426 1035 4473 et
1075 4420 1299 4474 cmleste
1353 4419 1590 4472 Verbum
1638 4436 1734 4488 per

1830 3223 1937 3277 diis
1958 3224 2497 3283 maledicere?.\'unc
2522 3230 2683 3299 igitur
2712 3235 2812 3289 nisi
2843 3238 2946 3291 diis
2983 3223 3419 3307 inunolaveritis.

1841 3318 2095 3383 pessimis
2139 3321 2316 3373 modis
2345 3337 2442 3375 vos
2476 3326 2719 3392 perdant.
2756 3329 2829 3381 ita
2884 3342 2942 3383 nt
2973 3343 3133 3387 nemo
3172 3339 3345 3404 possit
3391 3355 3425 3393 θ

1843 3410 2097 3463 manibus
2144 3414 2281 3465 meis
2329 3427 2426 3467 vos
2450 3420 2687 3485 eripere.
2712 3420 2847 3473 Tum
2884 3422 3079 3481 Paulus
3120 3438 3175 3483 et
3200 3430 3422 3486 Iuliana

1848 3504 2104 3557 concordi
2139 3504 2321 3559 animo
2374 3520 2425 3561 et
2459 3525 2650 3580 magna
2707 3528 2840 3568 voce
2906 3520 3205 3577 clamantes
3246 3527 3421 3593 :Nos,

1835 3595 2108 3664 inquiunt.
2151 3598 2446 3654 Christiani
2489 3618 2698 3668 sumus,
2733 3616 2788 3661 et
2825 3608 2875 3662 in
2906 3612 3124 3666 Christo
3148 3618 3264 3684 ipso
3298 3636 3424 3690 spes

1836 3697 2051 3740 nostras
2088 3690 2383 3744 collocatas
2421 3693 2683 3750 habemus
2719 3716 2733 3763 ;
2773 3700 3048 3758 dazmones
3081 3722 3186 3760 non
3219 3710 3419 3765 adora-

1838 3792 1979 3838 mus,
2020 3778 2179 3831 idolis
2217 3780 2322 3832 tuis
2356 3797 2464 3834 non
2503 3786 2791 3849 servimus,
2844 3796 3113 3845 tormenta
3169 3804 3258 3848 tua
3306 3814 3417 3853 non

1838 3872 2112 3925 timemus.
2149 3872 2401 3940 Echgita
2438 3876 2600 3945 igitur
2654 3895 3012 3952 quoscunque
3063 3888 3143 3941 vis
3208 3893 3422 3945 crucia-

1839 3973 1924 4016 tus
1956 4005 1971 4027 ,
2008 3964 2167 4018 fidem
2199 3965 2341 4018 enim
2374 3966 2427 4019 in
2466 3966 2572 4021 Deo
2611 3970 2898 4035 habemus,
2937 3976 3053 4031 fore
3085 3988 3143 4032 ut
3182 3996 3211 4033 a
3251 3984 3413 4037 nobis

1837 4057 2138 4121 supereris,
2184 4056 2643 4121 quemadmodum
2704 4072 2856 4131 pater
2919 4074 3045 4118 tuus
3100 4071 3350 4127 diabolus
3386 4091 3415 4131 ι

1836 4146 2055 4200 Clu-isto
2095 4157 2384 4215 superatus
2416 4151 2542 4211 fuit,
2573 4152 2664 4219 qui
2696 4170 2801 4206 nos
2862 4158 3022 4209 etiam
3064 4163 3313 4217 robustos
3342 4166 3423 4219 fa-

1838 4239 1935 4303 cit,
1966 4248 2017 4292 et
2050 4256 2242 4309 pravas
2260 4251 2405 4295 artes
2442 4252 2561 4296 tuas
2594 4258 2890 4317 expugnat.
2922 4248 3045 4304 l'Izcc
3073 4267 3196 4305 cum
3231 4258 3421 4312 audis-

1842 4344 1923 4389 set
1958 4336 2299 4401 Aurelianus,
2359 4338 2525 4405 jussit
2577 4340 2780 4409 lignum
2839 4344 3111 4411 quoddam
3164 4365 3421 4421 magnum

1840 4426 2044 4479 affetri.
2082 4425 2236 4490 Quod
2288 4442 2411 4481 cum
2460 4429 2681 4482 allatum
2744 4431 2957 4495 fuisset,
3014 4434 3140 4487 fecit
3194 4438 3422 4496 Paulum

146 4513 624 4591 Virginem.omni
648 4512 767 4566 labe
789 4511 1164 4582 purissimam,
1192 4524 1445 4579 corpore,
1469 4520 1726 4579 tanquam
1767 4507 1807 4558 D
1839 4517 1890 4570 in
1926 4532 1991 4569 co
2021 4516 2248 4586 atligari.
2297 4518 2596 4573 Carnitit-es
2631 4536 2755 4573 vero
2803 4523 2924 4589 ejus
2971 4540 3164 4579 manus
3201 4532 3424 4601 colliga—

145 4625 300 4671 veste
347 4610 613 4681 quadam,
668 4606 895 4662 indutus
945 4612 1169 4675 propter
1227 4606 1480 4661 humana:
1538 4610 1729 4663 salutis

144 4706 639 4777 dispensationem.
681 4701 852 4755 Nemo
882 4699 1028 4753 enim
1066 4707 1279 4767 poterat
1312 4697 1480 4753 Deum
1516 4717 1725 4763 verum.

144 4800 220 4854 ita
246 4807 308 4853 ut
357 4805 461 4856 est.
501 4801 834 4863 praesentem
868 4791 1076 4854 videre,
1115 4806 1239 4844 cum
1292 4788 1434 4845 Dens
1487 4792 1601 4860 ipse
1657 4795 1727 4846 sit

144 4891 289 4962 ignis
317 4899 653 4943 consumens
685 4882 727 4948 ⁸,
760 4893 943 4951 ηθιιιιε
983 4881 1148 4939 homo
1176 4880 1374 4949 aliquis
1413 4884 1602 4936 vivens
1628 4884 1723 4938 Dei

144 4983 343 5038 faciem
384 4978 570 5031 videre
608 4977 776 5045 possit
830 5012 845 5027 .
880 4974 1056 5041 Hujus
1110 4974 1275 5043 igitur
1305 4974 1729 5042 dispensationis

144 5088 310 5127 causa
365 5069 513 5124 Deus
572 5082 787 5131 noster,
853 5065 996 5133 quod
1062 5064 1128 5116 ad
1185 5080 1407 5118 carnem
1470 5068 1730 5133 pertinet,

143 5174 367 5237 genitus
402 5162 529 5221 fuit.
569 5168 626 5213 et
659 5168 717 5211 ut
764 5158 948 5211 infans
983 5157 1123 5210 lacte
1160 5157 1402 5211 nutritus
1450 5167 1555 5223 est,
1609 5174 1732 5212 cum

146 5268 298 5315 esset
332 5268 517 5311 tamen
540 5253 831 5308 divinitate
862 5252 1164 5321 perfectus.
1193 5249 1423 5320 Insuper
1448 5251 1627 5307 factus
1654 5262 1736 5306 est

142 5366 301 5425 puer,
354 5356 412 5403 et
450 5350 694 5418 juvenis,
748 5362 982 5415 cumque
1030 5347 1373 5409 hominibus,
1437 5358 1497 5401 ut
1547 5348 1733 5410 homo,

141 5448 499 5500 conversatus
540 5447 625 5494 est
676 5453 852 5493 annos
902 5438 1119 5507 triginta
1157 5450 1287 5501 tres,
1335 5438 1519 5503 urbes,
1560 5440 1735 5510 regio-

143 5552 264 5599 nes,
306 5548 367 5589 et
416 5530 640 5585 eaSteIIa
695 5530 847 5585 orbis
904 5539 1174 5586 terrarum
1230 5531 1632 5599 pertransiens,
1679 5540 1735 5586 et

242 5699 263 5731 '
291 5696 428 5753 Luc.
463 5711 503 5761 ι,
526 5690 731 5754 28.32.

154 5770 242 5825 "I
276 5770 427 5825 Petr.
461 5781 545 5829 Ill,
586 5764 675 5818 I9.

472 5858 750 5918 PAT‘BOL.
805 5853 923 5913 Gn.
962 5853 1136 5915 CXV.

844 5693 865 5725 '
896 5693 1055 5747 Deut.
1085 5710 1157 5759 tv,
1191 5694 1299 5760 24',
1328 5693 1490 5749 Hebr.
1513 5710 1612 5759 xu,
1638 5693 1730 5748 29.

1839 4617 1985 4661 runt.
2024 4606 2177 4662 Tunc
2205 4609 2530 4663 Aurelianus
2561 4613 2816 4681 pra-cepit
2846 4630 3106 4671 accensas
3147 4619 3425 4691 lampades

1841 4702 2049 4765 aﬂ'erri,
2083 4712 2137 4756 et
2171 4707 2222 4755 in
2256 4703 2375 4771 ejus
2404 4704 2597 4756 faciem
2651 4705 2820 4775 injici,
2856 4723 3106 4777 praecone
3155 4714 3227 4767 ita
3273 4720 3424 4773 voci.

1838 4793 2047 4847 ferante
2080 4812 2092 4847 :
2125 4792 2202 4846 Ne
2240 4793 2293 4847 in
2326 4794 2477 4847 orbis
2527 4804 2797 4851 terrarum
2846 4800 3097 4858 dominos
3128 4816 3419 4865 contume-

1835 4887 2002 4940 liosus
2029 4887 2124 4949 sis,
2157 4902 2289 4941 neve
2344 4890 2397 4941 in
2452 4888 2583 4943 deos
2624 4890 2770 4958 ipsos
2804 4894 3084 4950 maledicta
3139 4903 3421 4971 conjicias.

1911 4976 2099 5031 XXIV.
2129 4976 2339 5032 Iuliana
2374 4995 2495 5033 cum
2528 4979 2752 5037 fratrem
2792 4999 2951 5040 suum
3003 4988 3127 5059 igne
3173 4996 3420 5050 comburi

1836 5079 2125 5139 spectaret,
2176 5086 2388 5123 summa
2448 5089 2577 5127 voce
2626 5075 2924 5131 clamavit:
2981 5081 3023 5133 Ο
3072 5090 3299 5151 tyranne
3365 5102 3422 5143 et

1837 5164 2088 5226 sceleste,
2146 5163 2274 5233 quid
2307 5164 2432 5217 mali
2491 5165 2656 5219 frater
2701 5183 2856 5222 meus
2896 5174 3191 5237 commisit,
3232 5189 3292 5231 ut
3346 5180 3419 5234 ita

1840 5254 2130 5308 crudeliter
2194 5270 2317 5307 cutn
2383 5256 2635 5310 cruries?
2720 5257 2892 5314 Iussit
2966 5261 3300 5320 Aurelianus
3362 5278 3420 5322 ct

1840 5343 2111 5398 Juhanaut
2142 5346 2193 5397 in
2231 5346 2375 5414 ligno
2417 5348 2647 5415 alligari,
2688 5358 2741 5402 et
2776 5366 3039 5429 accensas
3083 5355 3227 5410 faces
3272 5357 3327 5413 in
3355 5376 3419 5413 os

1843 5442 1983 5510 ejus,
2014 5451 2071 5496 et
2129 5442 2181 5494 in
2213 5451 2382 5495 totutu
2430 5457 2628 5513 corpus
2660 5445 2914 5501 adhiberi
2946 5466 2962 5512 ;
3009 5449 3095 5502 cui
3127 5460 3185 5504 et
3232 5452 3365 5506 dim
3400 5471 3416 5506 :

1844 5534 2323 5605 Itnpudentissitna
2367 5537 2582 5602 mulier,
2623 5539 2909 5604 crubesce,
2959 5545 3418 5610 quemadmodum

1843 5696 1863 5729 ⁷
1897 5692 2066 5747 Exod.
2103 5708 2292 5753 χχχιιι,
2321 5690 2391 5744 ΞΟ
2510 5694 2529 5725 ⁸
2560 5695 2680 5747 Act.
2716 5712 2766 5757 κ,
2792 5694 2881 5750 58.
2972 5697 2994 5729 ⁸
3019 5697 3155 5752 PsaI.
3188 5712 3297 5764 CVI,
3330 5698 3420 5754 I6.

3029 5857 3097 5919 19
