3970 6458
511 367 610 427 587

1782 362 2065 423 MENSIS
2104 362 2257 422 ΑΕΘ
2275 364 2536 428 USTUS.

3702 373 3805 435 588

509 481 762 539 mulieres
800 479 977 534 decet.
1036 476 1172 553 Tum
1204 474 1419 529 Iuliana
1460 472 1645 529 ridens
1680 472 1880 537 :Vere,
1910 474 2105 543 inquit,
2138 478 2187 535 Α
2219 477 2271 529 in
2309 478 2503 531 cmlum
2548 481 2743 544 erexit,
2776 492 2830 534 et
2870 480 2981 535 Deo
3020 483 3221 553 gratias
3247 483 3375 554 egit,
3410 498 3472 537 ac
3502 483 3687 537 crucis
3734 486 3809 538 si-

508 574 817 633 Aoreliaue,
854 581 905 626 te
981 571 1368 625 admonentem
1434 578 1719 635 acceptum
1778 567 1969 629 habeo.
2026 581 2092 621 eo

506 668 647 733 quod
689 666 867 720 dixisti
907 683 919 718 :
955 665 1088 717 Cum
1124 664 1200 717 sis
1228 662 1445 725 mulier,
1492 661 1753 715 erubesco
1790 678 1804 725 ;
1837 676 2092 715 revereor

504 764 672 822 enim,
724 768 778 812 et
824 758 1093 812 erubesco
1146 754 1421 809 Christum
1468 754 1558 807 Dei
1588 755 1819 808 viventis
1871 753 2089 818 Filium.

506 852 596 920 qui
666 862 748 904 est
796 860 924 904 ante
968 850 1159 903 faciem
1198 864 1397 905 meam.
1427 862 1601 916 neque
1667 847 1814 901 illutn
1866 864 2088 918 possum

505 942 910 1008 derelinquere.
945 951 999 993 et
1033 942 1309 993 daemones
1344 939 1549 994 colere.
1586 938 1791 992 Furore
1824 955 2090 993 accensus

504 1044 586 1087 est
648 1032 998 1091 Aurelianus.
1036 1048 1158 1087 cum
1222 1046 1279 1085 se
1304 1031 1371 1084 ab
1418 1032 1520 1083 illis
1581 1032 1795 1083 irrisum
1863 1031 2087 1087 videret.

507 1124 691 1192 Itaque
735 1126 898 1192 jussit
929 1124 1211 1179 carnifices
1280 1125 1457 1192 ignem
1494 1139 1591 1192 per
1650 1133 1819 1177 totum
1889 1139 2089 1193 corpus

505 1215 717 1267 illorum
748 1215 1122 1269 circumferre.
1153 1214 1305 1278 Quod
1339 1230 1463 1268 cum
1520 1215 1591 1267 illi
1627 1231 1750 1269 mox
1809 1216 2087 1281 fecissent,

504 1316 614 1359 tota
641 1306 851 1363 civitas.
892 1322 1011 1376 qua:
1048 1316 1360 1359 sanctorum
1427 1317 1721 1375 martyrum
1778 1311 2091 1377 spectaculo

503 1397 786 1455 intererat.
828 1414 962 1453 voce
998 1415 1192 1468 magna
1225 1398 1495 1452 clamabat
1528 1416 1540 1450 :
1576 1397 1877 1467 Imperator
1914 1402 2090 1455 Aure-

506 1489 671 1553 liane,
708 1490 907 1558 injuste
935 1491 1169 1558 iudicas,
1202 1491 1402 1559 injuste
1441 1490 1560 1543 illos
1592 1493 1822 1545 crucias.
1882 1494 1937 1547 Si
1994 1510 2093 1549 no-

502 1586 623 1633 lunt
656 1580 762 1633 diis
808 1582 1138 1640 sacrificare.
1186 1582 1511 1636 sententiam
1542 1593 1726 1637 contra
1759 1585 1876 1637 illos
1926 1587 2086 1641 feras.

502 1670 643 1725 Tum
715 1674 1063 1740 Aurelianus,
1141 1690 1265 1728 cum
1339 1680 1631 1735 metueret,
1713 1692 1781 1729 ne
1861 1678 2092 1746 populus

501 1766 825 1819 seditionem
863 1767 1131 1821 adversus
1164 1768 1339 1837 ipsum
1395 1767 1719 1829 concitaret,
1764 1772 2091 1823 sententiam

2202 585 2306 639 guo
2325 586 2383 623 sc
2413 572 2596 625 itidem
2630 575 2887 627 muniens
2917 576 3113 628 collum
3142 590 3302 628 suum
3329 576 3576 631 extendit
3608 595 3619 627 :
3644 592 3808 644 quem

2200 674 2253 715 et
2282 663 2579 730 spiculator
2609 682 2731 718 mox
2763 667 3132 721 obtruncavit.

2274 751 2464 807 XXVI.
2515 753 2679 809 Erant
2748 756 2962 809 illorum
3023 773 3251 826 corpora
3295 766 3448 811 extra
3484 758 3680 812 urbem
3721 759 3805 825 ja-

2200 845 2402 904 ceutia.
2441 860 2564 899 cum
2603 863 2631 900 c
2660 849 2777 901 loco
2808 851 2897 903 illo
2937 866 3001 903 ea
3039 850 3230 903 tollere
3260 848 3564 903 Christiani
3620 850 3811 918 prohi-

2200 935 2481 989 berentur.
2526 937 2725 991 Milites
2760 939 2928 999 enini.
2959 940 3031 993 ita
3084 950 3145 992 ιιι
3177 942 3415 1007 iusserat
3456 937 3810 992 Aurelianus.

2198 1031 2587 1093 observabant,
2627 1048 2693 1085 ne
2724 1035 2842 1101 quis
2873 1035 3125 1102 reliquias
3159 1035 3275 1087 illas
3300 1034 3571 1087 auferret.
3614 1032 3815 1085 \‘enie.

2199 1122 2330 1175 bant
2363 1132 2546 1177 autem
2581 1126 2633 1176 in
2666 1141 2790 1177 eum
2821 1125 2998 1178 locum
3037 1126 3169 1195 lupi.
3222 1140 3391 1179 caues
3422 1137 3476 1177 et
3526 1124 3809 1175 volucres.

2198 1228 2254 1271 et
2310 1217 2455 1274 circa
2512 1226 2831 1271 sanctorum
2892 1228 3189 1287 martyrum
3234 1231 3467 1285 corpora
3514 1214 3810 1275 sedentes,

2199 1310 2286 1363 illa
2349 1310 2786 1365 custodiebant:
2842 1326 3079 1379 cumque
3145 1325 3363 1363 muscas
3421 1318 3475 1361 et
3527 1306 3810 1375 ejusmodi

2200 1402 2455 1456 animalia
2488 1418 2650 1471 supra
2679 1418 2908 1471 corpora
2942 1402 3030 1454 illa
3084 1402 3335 1455 sedentia
3371 1400 3645 1462 viderent,
3682 1412 3815 1450 aves

2200 1496 2331 1564 ipsa!
2381 1496 2479 1549 alis
2527 1511 2588 1547 ea
2648 1496 3015 1564 expellebant,
3070 1511 3175 1547 non
3213 1494 3704 1558 permittentes.ut
3758 1491 3814 1543 in

2202 1588 2406 1641 sant-tis
2459 1586 2561 1640 illis
2615 1588 2939 1656 corporibus
2978 1587 3303 1639 insiderent.
3343 1585 3530 1653 Itaque
3595 1594 3814 1651 septem

2202 1679 2320 1732 dies
2354 1688 2409 1733 et
2442 1689 2650 1748 septem
2703 1688 2896 1733 noctes
2924 1678 3051 1731 fera:
3083 1693 3146 1731 ac
3196 1679 3447 1731 volucres
3487 1678 3609 1730 cmli
3663 1679 3817 1729 circa

2206 1778 2505 1839 martyrum
2543 1770 2803 1835 reliquias
2881 1770 3276 1823 consederunt.
3339 1765 3611 1819 Ca-tcrum
3673 1781 3817 1817 nun-

503 1859 646 1921 tulit,
683 1868 741 1912 ut
791 1874 981 1914 eorum
1036 1861 1217 1925 capita
1272 1869 1680 1921 truncareutur,
1739 1870 1793 1913 et
1856 1878 2090 1930 corpora
2131 1848 2172 1903 Β
2209 1864 2341 1918 tiala
2379 1876 2507 1919 sunt
2546 1865 2730 1918 omnia
2794 1864 2909 1918 haec
2943 1879 2972 1917 a
3032 1862 3299 1916 militibus
3350 1860 3671 1912 Aureliano.
3706 1857 3815 1922 Qui

502 1951 729 2005 canibus
757 1967 820 2004 ac
854 1950 986 2004 feris
1018 1961 1073 2004 et
1132 1952 1446 2004 volucribus
1481 1951 1603 2005 coeli
1680 1954 2101 2022 projicerentur-

574 2041 741 2096 XXV.
773 2042 956 2109 Itaque
1002 2043 1217 2096 decimo
1249 2047 1481 2113 septimo
1521 2046 1609 2098 die
1642 2049 1847 2100 mensis
1877 2049 2103 2116 Augusti

504 2134 761 2187 exierunt
786 2136 945 2188 simul
984 2136 1255 2199 latautcs,
1286 2147 1448 2203 atque
1480 2153 1702 2189 versum
1740 2140 1883 2190 hunc
1911 2139 2101 2207 psalmi

502 2228 855 2281 concinentes
897 2242 910 2277 :
945 2226 1177 2282 Salvasti
1232 2244 1342 2291 nos,
1372 2228 1608 2293 Domine,
1638 2234 1702 2284 ab
1744 2234 2099 2303 afﬂigentibus

502 2334 615 2378 nos,
651 2329 699 2370 et
741 2318 973 2372 odieutes
1010 2335 1101 2372 nos
1137 2322 1599 2389 con]udisti.Cutn
1634 2339 1763 2377 vero
1815 2326 1878 2377 ad
1915 2326 2091 2379 locum

502 2410 747 2476 martyrii
770 2412 1212 2464 venissentextra
1242 2414 1452 2472 urbem.
1478 2414 1674 2467 l'aulus
1697 2418 1897 2484 rogavit
1917 2417 2095 2470 carui-

502 2502 685 2567 ﬂcem,
710 2502 1249 2574 utJulianamprius,
1286 2523 1446 2576 quam
1480 2510 1675 2577 ipsum,
1697 2512 1871 2564 securi
1896 2526 2096 2578 pereu-

504 2593 903 2649 teretJub‘ana
951 2611 1248 2663 vero,eum
1272 2597 1463 2651 fatietu
1512 2615 1663 2653 suam
1701 2602 1901 2654 Christi
1944 2606 2095 2671 signo

504 2687 804 2747 munisset,
854 2687 1151 2743 admodum
1184 2690 1301 2742 laeta
1325 2692 1524 2743 collum
1559 2694 1824 2755 extendit,
1867 2710 2095 2763 eamque

503 2777 803 2845 spiculator
830 2780 1009 2833 securi
1033 2783 1325 2848 percussit.
1377 2783 1577 2838 Paulus
1610 2787 1769 2853 igitur
1788 2802 1908 2839 cum
1940 2804 2091 2841 soro-

502 2882 621 2933 ,ειη
678 2868 881 2925 Christi
918 2872 1179 2942 martyrio
1221 2874 1565 2943 perfunctam
1621 2879 1870 2940 vidisset.
1902 2882 2090 2935 oculos

581 3051 620 3081 “
648 3049 791 3109 Psal.
818 3069 968 3122 thtt,
1012 3055 1068 3112 8.

1598 3234 2033 3245 --————_..—-_.‘-
2052 3237 2091 3243 .—

511 3228 1012 3261 =.'-"—-_======

1018 3232 1669 3263 πε

1676 3250 2345 3263 ~—-———-——-..—-——__

2209 1970 2333 2008 cum
2391 1969 2455 2007 ea
2488 1955 2829 2007 audivrsset:
2864 1951 2908 2007 Ο
2942 1952 3206 2011 furorem.
3250 1950 3449 2018 inquit.
3500 1947 3813 2017 peSsimum

2208 2046 2648 2102 Christianorum
2688 2047 2934 2103 istorum.
2968 2058 3107 2112 quos
3156 2059 3227 2095 ne
3281 2052 3528 2094 mortuos
3577 2040 3814 2100 quidem

2209 2153 2471 2205 superare
2533 2139 2837 2207 potuimus.
2879 2133 3018 2187 Misit
3078 2133 3259 2202 igitur,
3293 2141 3349 2213 et
3397 2131 3597 2183 milites
3655 2146 3816 2200 ipsos

2208 2242 2376 2287 noctu
2426 2232 2574 2286 illinc
2641 2229 2864 2283 abduxit
2900 2246 2913 2281 :
2943 2242 3123 2295 neque
3178 2226 3323 2279 enim
3354 2224 3567 2279 volebat
3599 2224 3669 2276 ile
3720 2224 3815 2277 die

2204 2341 2298 2379 eos
2331 2325 2481 2377 illinc
2516 2335 2819 2382 removere,
2858 2335 2926 2373 ne
2958 2335 2985 2371 a
3030 2318 3363 2372 Christianis
3412 2315 3811 2369 irridereutur.

2204 2414 2341 2466 Cutn
2400 2428 2531 2466 vero
2574 2414 2693 2464 dies
2724 2410 3009 2471 illuxisset,
3075 2408 3330 2460 exierunt
3378 2405 3711 2466 Christiani,
3755 2413 3813 2459 et

2205 2517 2501 2576 martyrum
2554 2517 2782 2571 corpora
2828 2507 3108 2555 curantes.
3161 2506 3482 2565 sumptuose
3546 2497 3601 2549 in
3666 2511 3812 2563 paco

2202 2599 2589 2659 condiderunt,
2620 2604 2881 2664 regnante
2907 2592 3136 2646 Domino
3170 2600 3358 2646 nostro
3384 2586 3516 2641 Iesu
3538 2586 3772 2643 Christo
3792 2629 3808 2652 .

2204 2709 2328 2749 cum
2360 2708 2468 2762 quo
2502 2689 2647 2743 Patri
2687 2689 2848 2742 simul
2882 2696 2938 2740 et
2983 2695 3175 2738 sancto
3208 2682 3437 2752 Spiritui
3482 2681 3553 2734 sit
3605 2681 3808 2750 gloria.

2205 2788 2380 2840 honor
2407 2794 2461 2836 ct
2491 2781 2783 2850 imperium
2824 2793 2972 2832 nunc
3011 2786 3066 2831 et
3132 2790 3373 2844 semper,
3406 2784 3462 2829 et
3497 2773 3553 2829 in
3592 2777 3810 2829 saecula

2204 2877 2553 2929 saeculorum.
2584 2874 2780 2927 Amen.

2350 3236 3761 3270 Μ

1143 3414 1344 3541 DE
1455 3413 1583 3541 S.
1693 3414 2338 3539 ANDREA
2438 3414 3143 3542 TRIBUNO

1856 3672 1993 3760 AC
2075 3667 2462 3761 SOCIIS

1622 3872 2152 3935 MARTYRIBUS
2191 3876 2270 3936 IN
2320 3875 2640 3942 CILICIA.

1565 4036 1711 4098 (Acta
1737 4035 1827 4083 SS.
1860 4034 2088 4083 Boil-and.
2114 4037 2173 4083 ad
2207 4036 2341 4085 diem
2377 4036 2434 4085 I9
2460 4036 2719 4103 Augusti.)

504 4348 603 4418 δι.
636 4347 853 4425 Publica
886 4361 1067 4425 eorum
1096 4343 1386 4409 veneratio,
1419 4361 1606 4400 nomen
1632 4345 1690 4402 S.
1719 4347 1941 4400 Δηώ-ρας
1970 4363 2091 4400 con-
2116 4344 2161 4406 C
2198 4349 2328 4417 tyris
2358 4362 2462 4401 nec
2484 4364 2594 4402 non
2620 4352 2840 4405 eosdem
2862 4367 3092 4408 numero
3125 4352 3306 4409 socios
3336 4355 3559 4425 signant
3588 4360 3801 4420 Menas

791 4418 987 4485 fusum,
1027 4415 1180 4480 Acta,
1212 4426 1505 4483 martyrum
1536 4435 1805 4473 numerus.

576 4529 783 4585 Nomen
819 4529 981 4606 hujus
1012 4527 1358 4583 celeberrimi
1414 4530 1669 4600 martyris
1698 4546 1763 4585 ac
1817 4534 2093 4587 sociorum

506 4638 671 4694 quam
720 4622 791 4678 sit
844 4622 1225 4688 memorabile,
1274 4634 1587 4693 quantaque
1640 4624 1783 4693 apud
1848 4634 2096 4693 posteros

513 4719 775 4772 manserit
806 4718 862 4771 in
914 4717 1322 4778 benedictione,
1352 4726 1625 4769 testantur
1658 4718 1863 4772 affatim
1898 4734 2094 4773 monu-

480 4812 686 4866 menta
710 4810 953 4879 antiqua,
985 4822 1104 4879 qua:
1120 4808 1186 4863 ad
1210 4823 1308 4862 nos
1327 4822 1497 4877 usque
1521 4809 1586 4862 de
1621 4808 1724 4862 illis
1763 4821 1891 4865 sunt
1916 4822 2093 4867 trans-

506 4904 696 4957 missa.
747 4901 1078 4970 Incipiamus
1112 4917 1142 4953 a
1166 4898 1343 4955 Fastis
1376 4898 1601 4954 Grzecis.
1638 4898 1922 4970 Typieum,
1952 4904 2095 4970 quod

506 4995 612 5050 sub
660 4991 716 5044 S.
754 4992 947 5046 Sabbae
1010 4992 1235 5045 nomine
1286 4991 1507 5055 citatur,
1573 4991 1824 5046 meminit
1857 4992 1959 5046 hoc
2011 4993 2097 5047 die

516 5101 534 5134 σ
573 5082 757 5137 Sancti
790 5086 1042 5153 martyris
1076 5083 1326 5147 Andreae,
1352 5083 1510 5138 ducis
1534 5086 1801 5149 militaris.
1831 5102 1893 5141 ac
1926 5091 2100 5141 socio-

508 5193 627 5231 rum
658 5174 742 5228 bis
766 5175 910 5229 mille
937 5177 1360 5245 quingentorum
1382 5188 1435 5231 et
1468 5178 1963 5247 nonagintatrium.
1988 5179 2097 5234 Me-

506 5268 784 5338 nolOgium
800 5266 984 5320 Sirleti
1015 5267 1093 5321 sic
1122 5267 1279 5320 habet
1306 5285 1351 5322 ζ(
1384 5268 1588 5322 Natalis
1618 5281 1931 5324 sanetorum
1952 5288 2098 5325 mar-

507 5371 686 5432 tyrum
705 5358 957 5421 Andreae,
990 5356 1145 5413 ducis
1162 5358 1458 5421 exercitus,
1481 5369 1535 5413 et
1562 5359 1835 5416 sociarum
1865 5362 2096 5417 duorum

508 5451 739 5505 millium
770 5450 1198 5520 quingentorum
1224 5453 1523 5521 nonaginta
1558 5454 1744 5515 trium,
1788 5456 1881 5524 qui
1935 5455 2100 5510 Maxi-

510 5544 679 5599 miani
710 5542 1083 5611 persecutoris
1121 5542 1460 5614 temporibus
1490 5545 1654 5599 delati
1728 5548 1870 5616 apud
1904 5550 2099 5603 Antio-

508 5640 675 5695 etiam
742 5635 936 5691 ducem
1004 5634 1275 5691 exercitus
1325 5637 1470 5708 quod
1546 5648 1733 5693 essent
1780 5642 2094 5709 Christiani,

508 5737 924 5801 perseverantes
948 5730 1001 5783 in
1031 5728 1232 5785 Christi
1261 5730 1629 5797 confessione,
1662 5750 1794 5790 ense
1848 5740 2095 5805 percussi

508 5815 976 5878 suutaEutndcm
996 5836 1121 5877 cum
1152 5822 1458 5883 honorifico
1487 5825 1708 5882 nomine
1738 5828 2097 5897 tnegalomar-

2198 4452 2393 4508 magna
2419 4438 2706 4511 impressa,
2730 4458 2794 4497 ac
2822 4453 3118 4515 sequentes
3158 4444 3269 4501 illis
3317 4450 3584 4505 accinunt
3619 4458 3805 4511 versi-

2197 4530 2348 4586 culos
2377 4548 2391 4584 τ

2201 4626 2471 4707 ζΕᾳ-ττζσε
2508 4629 2754 4707 τμηθεὶς
2782 4633 3045 4707 αΙμάτῳν
3068 4639 3290 4703 λίμνας
3321 4640 3507 4707 ὄχλος

2200 4695 2302 4768 ,ξρὶ
2333 4695 2413 4768 τῷ
2447 4695 2914 4768 παριςστήσαιὲτι
2940 4695 3161 4768 λίμναξ·
3188 4695 3445 4765 atrata».

2212 4762 2423 4815 Ἐννέα
2452 4766 2549 4816 καὶ
2578 4765 2806 4834 δεκάτῳ
2834 4762 3024 4841 τάμοῦ
3059 4762 3345 4844 'Ai‘b‘péou
3376 4762 3613 4851 αὐχένα
3643 4786 3804 4851 ,ιαμ-

2206 4909 2470 4983 Z‘runcata
2498 4917 2632 4960 rit-os
2654 4913 2929 4983 sanguinis
2960 4932 3056 4983 pro
3081 4925 3129 4968 te
3157 4914 3300 4970 dedit
3519 4849 3726 4922 [κρύη

2204 4974 2378 5056 Τμιὺα
2408 4981 2538 5040 Ιιαέ,
2568 4974 2856 5056 aquarum.
2876 4974 3101 5056 Christe,
3133 4989 3217 5038 cui
3246 4990 3382 5042 rivos
3413 4990 3605 5045 dabas.

2205 5046 2363 5099 Nona
2401 5061 2515 5117 post
2549 5046 2810 5104 decimam
2846 5055 3041 5109 collum
3069 5046 3294 5112 Andreae
3342 5062 3567 5114 abscidit
3632 5068 3799 5121 emis.

2272 5158 2488 5214 Censeo
2519 5161 2763 5219 alludere
2789 5175 3007 5233 poetam
3045 5167 3110 5222 ad
3143 5186 3316 5240 genus
3344 5173 3614 5243 martyrii,
3645 5186 3706 5231 et
3731 5178 3800 5233 ad

2202 5248 2497 5305 salutarem
2519 5252 2724 5309 fontem
2756 5272 2771 5311 :
2798 5259 2865 5310 de
2895 5274 3004 5326 quo
3023 5259 3143 5315 vide
3172 5262 3304 5316 Acta
3356 5278 3513 5317 num.
3537 5265 3627 5328 11.
3649 5268 3719 5320 i2
3746 5278 3802 5322 et

2204 5342 2286 5396 I5.
2323 5342 2470 5398 Dicta
2505 5343 2706 5400 Menaea
2732 5350 3065 5416 peculiarem
3122 5369 3189 5410 ae
3230 5357 3531 5411 solemnem
3585 5358 3802 5415 faciunt

2202 5434 2268 5488 de
2303 5434 2360 5489 S.
2417 5436 2633 5491 Andrea
2690 5442 3013 5496 memoriam
3074 5445 3127 5499 in
3181 5445 3375 5502 Ollicio
3407 5463 3571 5505 sacro
3624 5454 3797 5523 hujus

2202 5528 2329 5592 diei,
2355 5529 2577 5585 condito
2628 5531 2792 5583 etiam
2855 5535 3082 5596 Canone
3126 5540 3179 5591 in
3247 5540 3512 5597 honorem
3576 5542 3794 5609 Sancti,

2202 5621 2360 5689 cuius
2396 5621 2511 5674 hzec
2540 5625 2959 5681 estacrostichis
2987 5645 3000 5680 :

2209 5736 2445 5805 Ὕμνοις
2508 5734 2697 5806 κροτῶ
2727 5756 2820 5804 σε,
2846 5740 3113 5810 Ἀνδρέα,
3153 5751 3562 5818 Στρατηλάτα.

2206 5829 2412 5885 Laudes
2454 5840 2598 5898 tuas,
2638 5848 2666 5885 ο
2710 5832 2913 5888 Ductor
2943 5837 3181 5902 Andrea,
3209 5857 3361 5896 cauo.
