3970 6484
154 429 252 491 589

1439 430 1616 491 νιΤΑ
1657 430 1721 490 5.
1767 424 2115 488 ANDREE.

3297 429 3411 492 590

218 542 269 593 2.
307 539 477 591 Porro
503 535 751 591 hodierni
790 540 957 592 nostri
1006 539 1211 609 pugiles
1275 540 1327 592 in
1385 540 1549 593 variis
1606 539 1727 593 aliis
1761 547 1799 600 Α
1831 538 1911 591 cia
1943 539 2137 592 natalis
2169 540 2342 593 sancti
2388 538 2863 603 Andreatribuni,
2909 537 3256 595 etsocioruin
3308 541 3413 595 nii-

156 632 322 683 Fastis
354 631 527 683 sacris
587 644 993 687 memorantur:
1041 634 1241 685 etenim
1299 631 1350 685 in
1404 630 1729 685 Kalendario

155 723 526 776 Rnrlienorum
558 724 699 789 apud
751 723 1105 777 Posserinum
1169 726 1225 776 lit
1249 724 1454 776 mentio
1486 723 1540 777 S.
1570 723 1721 777 Mart.

151 815 371 867 Andrea:
400 832 412 866 :
442 814 495 866 in
538 815 737 870 Menam
758 814 1028 877 Cltillletii,
1052 813 1302 882 Ἀνδρὲου
1359 814 1726 883 Σρατηλάτου,

152 908 375 959 Andrca:
441 907 694 960 militaris
745 909 919 960 ducis.
976 906 1414 975 Martyrologium
1471 906 1730 958 Arabico-

151 996 459 1067 xﬁgyptium
490 1014 553 1051 ac
574 1014 675 1051 ms.
706 998 1046 1051 Taurinense
1072 1015 1195 1052 cuin
1241 998 1412 1066 ipsius
1468 1009 1579 1051 tnnt
1643 1012 1730 1049 so-

150 1107 352 1144 cmrum
382 1095 436 1143 in
469 1107 671 1160 genere
733 1094 1081 1156 meminere;
1143 1107 1376 1159 quorum
1428 1105 1721 1143 numerum

164 1184 496 1242 determinat
575 1182 937 1250 Menulogium
1029 1180 1509 1236 SloVo-Russicum
1566 1180 1730 1249 Spar—

149 1276 570 1330 wenfeldtanum
650 1274 839 1325 eodem
910 1273 1102 1337 modo,
1170 1288 1277 1339 quo
1346 1270 1604 1340 Typicum
1664 1286 1725 1323 ac

149 1364 509 1433 Menologium
539 1363 739 1417 Sirleti.
772 1363 1128 1431 Synaxarium
1152 1377 1181 1414 e
1203 1361 1519 1432 Menologio,
1571 1362 1727 1429 jussu

147 1456 324 1509 Basilii
386 1455 732 1524 imperatoris
792 1453 1040 1513 collecto,
1100 1462 1222 1522 post
1277 1454 1423 1507 hunc
1489 1454 1727 1517 titulum,

148 1547 440 1602 Certamen
490 1547 662 1600 sancti
728 1547 1198 1615 megalomartyris
1250 1546 1480 1598 Andreae
1527 1545 1731 1597 militia:

146 1638 319 1698 ducis,
352 1652 421 1691 ac
449 1638 719 1690 sociorum
755 1638 893 1704 ejus,
961 1637 1110 1704 ponit
1148 1636 1408 1689 Actorum
1468 1650 1726 1702 compen-

146 1732 313 1791 dium.
342 1734 500 1799 cujus
534 1739 711 1784 textus
749 1730 968 1783 Graecus
992 1745 1225 1783 excusus
1256 1731 1415 1781 datur
1432 1729 1495 1781 ad
1528 1728 1729 1781 calcem

148 1824 271 1877 torni
310 1825 330 1875 ι
372 1823 579 1877 mensis
633 1822 882 1891 Augusti,
938 1820 1128 1874 Latine
1197 1829 1375 1873 autem
1420 1820 1496 1871 sic
1524 1827 1726 1873 sonat:

1840 632 2012 693 litum,
2048 630 2135 698 qui
2171 631 2395 685 victoria
2457 633 2523 683 de
2575 631 2756 685 Persis
2781 632 3046 685 divinitus
3099 634 3317 701 adopta,
3345 634 3413 686 ad

1838 720 1995 774 fidem
2028 722 2228 775 Christi
2259 723 2531 781 conversi.
2556 733 2607 776 et
2640 724 2740 777 hoc
2772 725 2989 775 neruine
3014 725 3273 785 accusati,
3313 727 3417 779 sub

1841 810 2165 865 Maximiano
2202 814 2529 881 imperatore
2590 815 2641 867 in
2672 814 2941 883 angustiis
2990 814 3151 867 Tauri
3214 818 3418 869 montis

1839 902 1907 954 al)
1939 903 2175 955 exercitu
2196 904 2405 956 Seleuci
2427 904 2672 971 prmsidis
2703 905 2954 958 trucidati
2981 915 3126 958 sunt.
3157 928 3175 955 ι

1909 997 1965 1050 4.
1998 994 2133 1059 Quia
2161 1011 2291 1049 vero
2339 997 2483 1050 circa
2518 997 2991 1051 annuntiationem
3027 1000 3166 1064 apud
3206 997 3420 1054 Galesi-

1838 1085 1989 1138 nium
2022 1087 2281 1140 nonnulla
2335 1102 2457 1139 mox
2487 1098 2647 1142 erunt
2706 1088 2963 1151 notanda,
2994 1090 3139 1142 illam
3200 1105 3418 1158 quoque

1840 1169 2276 1242 hicpracrnittere
2309 1176 2483 1228 risum
2520 1186 2625 1231 est.
2687 1175 2775 1229 Sic
2814 1177 2974 1244 igitur
3022 1187 3215 1231 sonat:
3251 1196 3269 1227 ι
3301 1180 3417 1231 Cac-

1838 1281 2030 1328 sareae,
2063 1277 2375 1321 sanctorqu
2403 1274 2697 1337 martyrum
2726 1267 2921 1338 Magni,
2948 1269 3198 1333 Andreae,
3242 1279 3297 1323 et
3332 1286 3422 1323 so-

1837 1357 2070 1419 ciorum.
2095 1359 2377 1427 quingenti
2414 1368 2469 1413 et
2522 1359 2817 1429 nonaginta
2844 1369 3076 1427 septem.
3123 1378 3245 1413 cum
3304 1362 3422 1416 leo-

1839 1464 1963 1502 nem
1995 1451 2411 1516 conspexissent
2442 1450 2496 1503 in
2535 1448 2785 1504 homines
2821 1465 2850 1502 a
2900 1451 3003 1504 ﬁde
3053 1451 3259 1505 alienos
3315 1467 3418 1505 δειξ-

1840 1541 2096 1601 yientcm,
2133 1541 2197 1592 ad
2234 1542 2375 1594 beati
2401 1543 2650 1612 martyris
2682 1542 2855 1612 Magni
2880 1544 3047 1612 pedes
3072 1555 3420 1603 mansuetum

1839 1642 1893 1685 et
1922 1640 2247 1700 prostratum
2284 1633 2495 1699 jacere;
2560 1635 2640 1686 rei
2680 1634 3109 1689 admirabilitate
3137 1637 3421 1699 commoti,

1841 1723 1905 1775 ad
1942 1722 2145 1777 Christi
2178 1723 2335 1780 Iidem
2366 1738 2422 1776 se
2457 1724 2831 1777 contulerunt.
2883 1725 3255 1788 Quamobrem
3298 1727 3424 1781 Ale-

1841 1816 2031 1868 xandri
2066 1816 2310 1883 praesidis
2327 1817 2479 1886 jussu
2506 1817 2681 1884 capite
2698 1816 3028 1884 plectuntur,
3050 1814 3275 1891 Magnus
3292 1831 3423 1870 vero

153 1935 170 1967 ι
211 1918 339 1969 Erat
370 1918 480 1975 hic,
522 1916 823 1983 imperante
845 1914 1189 1975 Maximiano,
1242 1913 1352 1965 dux
1384 1912 1618 1965 militum
1676 1912 1730 1964 in
1757 1901 1808 1959 ’Β
1838 1904 2108 1973 lapidibus
2148 1909 2419 1960 obruitur.
2457 1926 2475 1956 ι
2508 1908 2867 1961 Annuntiatio
2912 1910 3026 1961 hinc
3074 1910 3334 1963 convenit
3359 1906 3419 1962 5.

147 2008 399 2063 orientali
430 2008 650 2077 regione
691 2006 793 2059 sub
820 2006 1110 2068 Antiocho,
1138 2004 1229 2074 qui
1285 2004 1540 2059 universo
1592 2005 1733 2057 mili-

149 2110 257 2157 tum
292 2100 505 2172 agmini
546 2107 801 2167 praeerat.
854 2100 896 2149 A
929 2113 1037 2165 quo
1089 2108 1377 2166 postquam
1436 2112 1541 2150 una
1607 2112 1733 2150 cum

150 2194 266 2247 aliis
296 2192 510 2246 militia:
533 2191 763 2245 ducibus
796 2190 995 2243 missus
1025 2198 1171 2243 esset
1222 2189 1481 2242 adversus
1516 2188 1732 2250 Persas,

149 2297 201 2340 et
220 2286 511 2339 Christum
540 2288 874 2345 invocasset,
896 2281 949 2333 itt
980 2280 1159 2350 fugam
1176 2282 1284 2349 egit
1306 2280 1518 2340 Persas,
1542 2287 1598 2331 et
1615 2287 1737 2345 post

150 2375 485 2443 insperatam
522 2374 800 2425 victoriam
860 2372 1035 2425 socios
1062 2385 1159 2425 nos
1216 2370 1280 2423 ad
1331 2369 1531 2425 Christi
1574 2368 1735 2421 iidem

152 2468 436 2535 pertraxit.
470 2464 723 2518 Accusati
754 2481 879 2518 νει-ο
911 2464 1053 2533 apud
1087 2462 1435 2524 Antiochum,
1484 2472 1737 2531 tanquam

152 2559 223 2612 rei
250 2560 483 2626 judicio,
510 2574 693 2612 coram
726 2558 843 2625 ipso
880 2557 1103 2610 astitere
1132 2576 1143 2609 :
1211 2566 1265 2609 et
1295 2557 1408 2623 ipse
1436 2556 1653 2623 quidem
1686 2555 1738 2606 in

152 2649 293 2707 lecto
332 2654 517 2703 ferreo
544 2650 714 2717 ignito
746 2648 845 2699 fuit
897 2656 1195 2709 extensus;
1241 2647 1515 2698 sociorum
1549 2654 1730 2697 autem

154 2758 182 2795 e
244 2742 542 2809 quadratis
599 2740 758 2810 lignis
819 2754 1011 2792 manus
1082 2736 1322 2790 transfixi
1375 2745 1502 2789 sunt
1552 2736 1739 2791 clavis.

158 2833 365 2887 Deinde
399 2845 583 2889 autem
612 2848 675 2886 cx
708 2832 827 2886 aliis
879 2832 1046 2893 mille,
1074 2832 1302 2899 jubente
1352 2830 1644 2896 Antiocho,
1712 2844 1743 2883 e

153 2928 399 2997 regionis
464 2926 665 2979 finibus
689 2925 863 2978 exacti
901 2940 913 2974 :
947 2939 1083 2991 quos
1113 2924 1202 2976 ubi
1234 2924 1577 2975 instruxisset
1608 2922 1745 2975 San-

153 3030 300 3081 ctus,
328 3021 396 3071 ad
425 3016 630 3070 Christi
673 3018 831 3067 tidem
862 3012 1113 3067 adduxit.
1183 3014 1313 3065 llam
1372 3011 1459 3067 ubi
1519 3028 1743 3079 compc-

155 3112 314 3162 risset
358 3108 690 3168 Antiochus,
748 3119 949 3174 eosque
998 3104 1159 3158 simul
1227 3120 1349 3156 eum
1412 3102 1497 3157 his
1546 3104 1745 3172 quibus

153 3209 409 3267 prmerat,
434 3208 582 3251 esset
611 3199 907 3260 insecutus,
941 3213 1131 3252 omnes
1159 3213 1289 3250 ense
1317 3196 1609 3256 interemit,
1632 3211 1745 3247 om-

154 3293 419 3359 niumque
464 3300 801 3359 postremum
863 3293 1159 3349 Andream,
1227 3291 1490 3341 illustrem
1537 3287 1737 3341 Christi

154 3395 475 3453 martyrem,
510 3391 565 3434 et
595 3381 735 3434 inter
760 3380 993 3432 athletas
1024 3378 1163 3430 fama
1188 3377 1477 3430 celebrem.
1514 3395 1532 3425 ι

224 3474 399 3541 Quam
441 3473 792 3527 memorabile
833 3473 995 3540 hujus
1049 3470 1216 3524 nostri
1284 3468 1743 3540 Megalomartyris

148 3584 248 3630 seu
286 3567 463 3635 Magni
499 3566 750 3631 martyris
818 3578 1015 3617 ttonien
1047 3573 1124 3615 est
1193 3564 1334 3630 apud
1373 3563 1607 3623 Graecos,
1636 3572 1743 3615 tam

154 3661 372 3713 celebre
412 3658 575 3708 etiam
603 3663 685 3706 est
714 3656 855 3720 apud
911 3653 1149 3715 Latinos,
1193 3653 1587 3719 antiquissimis
1643 3652 1747 3704 titi-

155 3766 262 3817 que
296 3765 360 3801 ac
394 3749 582 3815 pritnze
618 3756 756 3798 notae
779 3744 1173 3815 Martyrologiis
1209 3742 1554 3811 inscriptum.
1613 3740 1745 3795 Nam

160 3842 446 3897 Usuardus
470 3842 571 3893 hac
611 3839 696 3891 die
727 3840 797 3891 ita
827 3853 949 3896 eum
1008 3838 1215 3891 rct‘ert:
1260 3854 1276 3885 ι
1322 3834 1526 3890 Natalis
1572 3837 1746 3891 sancti

160 3936 363 4005 Magni,
391 3950 487 3987 seu
546 3934 717 3985 sancti
784 3931 1012 3983 Andreae
1077 3929 1350 3997 martyris.
1406 3944 1529 3981 cum
1586 3928 1749 3983 sociis

158 4030 278 4081 suis
309 4026 530 4078 duobus
571 4022 809 4075 millibus
856 4020 1167 4088 quingentis
1218 4019 1509 4085 nonaginta
1539 4028 1593 4071 et
1624 4034 1749 4086 sep-

162 4129 297 4173 tem.
339 4136 357 4167 »
398 4116 477 4168 Ad
508 4130 670 4183 quant
700 4112 1178 4165 annuntiationem
1244 4110 1476 4178 istajam
1540 4109 1749 4176 pridem

162 4209 215 4261 in
258 4206 514 4262 Usuardo
547 4221 576 4257 a
649 4204 805 4256 nobis
854 4202 1001 4257 edito
1058 4211 1113 4254 et
1136 4202 1406 4254 illustrato
1465 4201 1751 4253 observata

159 4313 293 4358 sont
319 4345 333 4357 .
375 4320 393 4353 ι
427 4300 701 4355 Andream
725 4297 865 4367 apud
893 4295 1107 4350 Graecos
1132 4296 1544 4365 inclytissimum
1567 4296 1755 4362 Mega-

164 4401 518 4463 lomartyrem
562 4389 909 4460 Martyrologi
937 4389 1106 4439 nostri
1135 4388 1307 4439 Latini
1343 4384 1755 4440 verosimilltme

162 4504 224 4542 ex
243 4487 428 4541 Caeca
446 4482 805 4553 appellatione
829 4481 1125 4533 binomium
1148 4477 1373 4529 fecerint
1390 4475 1639 4542 Magnum
1660 4488 1754 4525 Seu

164 4580 465 4633 Andream.
503 4577 593 4626 Sic
618 4575 820 4625 etenim
852 4572 1017 4631 Beda,
1054 4577 1215 4636 prout
1239 4566 1379 4636 apud
1415 4581 1516 4619 nos
1575 4567 1755 4619 editus

162 4679 350 4731 e3t,ct
395 4683 464 4722 ex
501 4680 567 4719 eo
623 4663 901 4721 Babanus.
957 4662 1262 4715 Rotttanum
1314 4676 1560 4729 parvum,
1616 4659 1753 4722 Ado,

163 4776 244 4825 et,
297 4777 460 4832 cujus
495 4762 606 4829 jam
669 4760 831 4811 verba
856 4755 1127 4817 dedimus,
1190 4754 1499 4808 Usuardus.
1566 4750 1758 4804 Melius

167 4856 408 4905 fortasse
434 4846 718 4918 legissent,
753 4846 930 4914 magni
962 4846 1194 4897 Andrea:
1231 4860 1244 4897 :
1272 4859 1453 4911 neque
1488 4843 1631 4895 enim
1659 4856 1755 4894 ve-

169 4943 418 5001 rosimile
441 4949 596 5009 puto,
633 4936 1023 5006 MartyroIOgos
1053 4946 1273 4990 nostros
1330 4936 1601 4989 Andream
1660 4934 1759 4986 tri-

171 5034 649 5088 bunummititum
698 5044 822 5084 cum
888 5029 1080 5099 Magno
1144 5030 1403 5098 episcopo
1470 5028 1755 5098 Anagnino

171 5128 512 5182 confundere
540 5126 797 5178 \‘OIUISSC.
839 5141 858 5175 ι
897 5121 1049 5175 lianc
1079 5122 1517 5174 observationem
1555 5122 1621 5173 de
1654 5121 1757 5173 du-

174 5222 302 5286 plici
333 5217 561 5273 nomine
576 5214 752 5267 eidem
778 5226 968 5270 nostro
990 5217 1211 5282 martyri
1236 5225 1524 5282 perperam
1561 5212 1756 5277 indito,

173 5311 405 5364 inferius
438 5306 763 5363 confirmare
805 5308 1147 5363 conabimur.
1205 5305 1479 5362 Habemus
1540 5306 1757 5360 interim

175 5416 241 5455 ex
274 5403 439 5456 dictis
469 5407 487 5470 (
521 5400 655 5453 nihil
678 5403 878 5469 Quippe
912 5400 1058 5470 cogit
1085 5414 1277 5454 omnes
1309 5399 1428 5453 illas
1460 5399 1756 5452 annuntia-

176 5494 357 5546 tiones
390 5494 499 5546 huc
530 5494 771 5563 integras
835 5493 1199 5546 transcribere
1232 5497 1249 5553 )
1281 5492 1458 5563 magni
1520 5492 1759 5546 nominis

178 5587 471 5651 martyrem
510 5586 675 5638 fuisse
703 5584 760 5637 S.
813 5586 1081 5639 Andream
1139 5585 1189 5637 in
1249 5583 1485 5639 Ecclesia
1545 5583 1757 5637 Latina.

185 5677 257 5729 De
301 5670 698 5727 Wandclberto
762 5684 946 5743 postea
1002 5689 1246 5745 agemus.
1314 5674 1758 5743 Martyrologium

184 5766 490 5820 Romanum
538 5765 859 5820 modernum
912 5766 985 5819 ita
1032 5768 1100 5819 de
1155 5768 1244 5819 illo
1296 5767 1504 5836 legitac
1575 5766 1758 5827 sociis,

183 5875 416 5929 quorum
450 5866 636 5912 tamen
665 5872 953 5914 numerum
981 5874 1085 5914 non
1108 5860 1433 5914 determinat
1469 5874 1481 5910 ε
1523 5859 1609 5908 «In
1630 5856 1760 5912 Cili-

1836 1994 2053 2064 Magno,
2090 1998 2249 2065 cujus
2276 1998 2593 2067 martyrium
2640 2000 2890 2068 pluribus
2917 2000 3183 2055 describit
3228 2000 3425 2055 Petrus

1838 2088 1904 2143 de
1931 2088 2328 2143 Natalibuslib.
2370 2092 2425 2152 7,
2469 2104 2589 2158 cap.
2660 2091 2774 2155 76;
2820 2091 3005 2158 inquo
3060 2100 3241 2143 tamen
3296 2104 3422 2144 cum

1843 2181 2053 2235 nullum
2084 2185 2150 2235 de
2186 2179 2245 2235 S.
2276 2182 2495 2235 Andrea
2540 2183 2812 2236 inveniam
2848 2181 3164 2251 vestigium,
3223 2184 3422 2237 mirum

1839 2272 1975 2324 mihi
2034 2273 2252 2334 accidit,
2345 2274 2517 2340 ipsius
2601 2290 2799 2328 nomen
2886 2276 3159 2330 intrusum
3214 2275 3316 2345 legi
3368 2277 3424 2331 in

1838 2365 1982 2419 dicta
2022 2364 2459 2417 annuntiatione.
2486 2364 2591 2417 Sed
2620 2382 2707 2419 res
2734 2367 2847 2419 haec
2876 2367 3124 2435 pluribus
3168 2378 3428 2423 tractatur

1841 2459 1985 2529 apud
2017 2473 2119 2512 nos
2146 2458 2248 2511 hac
2278 2456 2387 2520 die,
2424 2472 2529 2526 qua
2561 2458 2628 2511 de
2654 2468 2847 2513 sancto
2887 2458 3083 2530 Magno
3102 2460 3427 2531 Cappadoce

1843 2555 2040 2625 agitur,
2066 2570 2187 2623 pag.
2222 2550 2346 2604 '7I7.
2367 2549 2523 2604 Nunc
2554 2551 2621 2605 de
2647 2550 3071 2609 hallucinatiune
3111 2553 3429 2627 Martyrolo-

1844 2663 2036 2716 gorum
2069 2645 2323 2713 superius
2357 2644 2593 2695 indicata
2627 2654 2681 2698 et
2709 2644 2795 2697 hic
2816 2647 3067 2714 pluribus
3129 2650 3427 2705 refellenda

1846 2738 2205 2793 tractabimus
2238 2750 2251 2799 ;
2281 2750 2309 2787 c
2335 2749 2439 2803 qua
2468 2735 2683 2788 videtur
2709 2736 2976 2805 originem
3030 2740 3260 2797 traxlsse
3324 2742 3431 2797 Ga-

1846 2829 2131 2883 lesiniaua.

1917 2924 1969 2977 5.
2011 2923 2075 2976 Et
2110 2938 2170 2977 ea
2212 2922 2427 2991 quidem
2469 2933 2549 2975 est
2583 2921 2781 2991 duplex
2820 2940 2835 2987 ;
2870 2923 3040 2979 altera
3084 2926 3139 2981 in
3191 2942 3258 2982 eo
3290 2945 3421 2984 vcr-

1850 3025 2021 3077 satur,
2073 3017 2233 3083 quod'
2392 3016 2635 3070 Andrea:
2690 3016 2997 3072 addiderint
3056 3035 3252 3075 nomen
3320 3039 3431 3077 non

1848 3120 2030 3167 suum,
2097 3107 2270 3175 Magni
2326 3109 2625 3168 videlicet;
2686 3111 2854 3162 altera
2921 3114 3184 3165 incertior
3225 3116 3430 3181 priore,

1850 3196 1995 3266 quod
2037 3196 2235 3250 alicubi
2288 3197 2426 3251 forte
2452 3198 2510 3251 S.
2565 3197 2791 3269 Magnus
2844 3202 3005 3255 aliter
3048 3206 3431 3270 annuntietur,

1849 3305 2010 3358 quam
2045 3289 2261 3352 debeat,
2296 3291 2371 3343 uti
2424 3306 2545 3345 mox
2575 3292 2839 3349 referam.
2876 3296 2956 3349 Ad
2985 3298 3219 3365 priorem
3281 3302 3426 3369 quod

1848 3383 2067 3442 attinet,
2097 3392 2293 3448 prater
2327 3381 2413 3433 illa
2438 3420 2452 3444 ,
2479 3397 2599 3448 qua:
2666 3384 2828 3450 paulo
2878 3396 3003 3439 ante
3052 3389 3433 3454 prmniisimus,

1848 3473 1963 3527 haec
1996 3474 2134 3526 addo
2164 3472 2230 3526 ad
2263 3474 2521 3541 majorem
2548 3472 2765 3527 illorum
2803 3478 3298 3535 confirmationem.
3335 3482 3437 3536 Ba-

1850 3569 2040 3621 ronius
2082 3568 2134 3619 in
2171 3568 2549 3621 natationibus
2588 3568 2688 3622 hac
2727 3567 2815 3622 die
2846 3569 2911 3622 19
2968 3574 3195 3639 Augusti
3230 3575 3295 3628 ad
3329 3588 3429 3629 θαι

1849 3662 2248 3715 nuntiationem
2286 3660 2643 3731 Martyrologii
2691 3660 2919 3715 Romani
2953 3652 3183 3718 Andreae
3226 3667 3429 3721 tribuni

1850 3760 2067 3813 etsoc.,
2115 3770 2130 3798 ι
2167 3750 2237 3801 De
2295 3752 2400 3810 his,
2449 3752 2540 3811 ait,
2581 3752 2682 3803 hac
2736 3753 2822 3806 die
2886 3750 3119 3807 Usuard.
3170 3765 3224 3808 et
3273 3757 3434 3819 Ado:

1851 3840 1978 3894 licet
2016 3841 2285 3893 Andream
2340 3854 2463 3892 cum
2495 3837 2550 3891 S.
2590 3837 2780 3907 Magno
2813 3840 3177 3893 confundant.
3221 3860 3237 3891 ι
3279 3842 3436 3896 l'luno

1853 3949 2094 3988 errorem
2112 3938 2273 3987 etiam
2306 3932 2535 4002 castigat
2559 3931 2881 3986 Lambecius
2904 3931 3433 3990 Commentariorum

1854 4027 1920 4079 dc
1945 4028 2273 4079 bibliotheca
2297 4026 2542 4076 Caesarea
2577 4023 3015 4088 Vindobonensi,
3037 4025 3131 4079 lib.
3164 4042 3281 4089 riu,
3313 4044 3436 4097 pag.

1854 4118 1982 4180 202,
2005 4117 2093 4171 ubi
2134 4118 2421 4171 occasione
2450 4114 2716 4168 rersionis
2746 4114 2951 4169 Latina:
2981 4127 3036 4169 et
3059 4116 3268 4172 exordii
3329 4120 3440 4174 Ac-

1859 4216 2035 4261 torum
2071 4208 2129 4260 S.
2156 4206 2383 4260 Andreae
2405 4220 2466 4257 ac
2490 4205 2759 4257 sociorum
2790 4202 2932 4273 apud
2952 4203 3169 4258 Surium
3206 4207 3305 4260 hac
3328 4212 3438 4271 die,

1864 4316 1882 4347 ‹
1924 4297 2233 4366 Martyrium
2264 4294 2321 4348 S.
2351 4294 2600 4359 Andreae,
2629 4295 2783 4349 ducis
2822 4298 3119 4360 exercitus,
3174 4308 3229 4351 et
3265 4299 3443 4354 socio-

1859 4404 2003 4450 rum,
2046 4399 2270 4441 auctorc
2310 4388 2584 4457 Symeone
2619 4386 3010 4455 Metapbraste.
3046 4387 3285 4445 Vocatur
3341 4407 3439 4444 au-

1862 4492 1967 4535 tem
2008 4482 2093 4534 hic
2122 4480 2367 4532 Andreas
2400 4479 2563 4532 etiam
2601 4493 2853 4547 magnus,
2877 4496 2894 4531 ι
2932 4491 3068 4541 etc.,
3099 4481 3178 4535 sic
3206 4483 3436 4539 scribit:

1790 4600 1831 4653 ι)
1868 4593 1886 4626 ι
1926 4573 2040 4629 lloc
2069 4581 2292 4627 nonest
2336 4570 2747 4639 intelligendum
2802 4572 2870 4626 de
2934 4579 3159 4629 nomine
3215 4577 3443 4646 prOprio

1861 4667 2082 4735 Magni;
2118 4666 2320 4735 quippe
2369 4665 2515 4733 quod
2564 4663 2621 4718 S.
2675 4664 2921 4719 Andreas
2953 4664 3274 4723 Stratelates
3331 4683 3443 4724 non

1864 4759 2077 4822 habuit,
2117 4757 2211 4810 sed
2236 4766 2445 4808 tantum
2502 4754 2570 4807 de
2604 4755 2758 4808 titulo
2794 4756 3295 4827 Μεγαλομάρτυρος
3326 4761 3444 4815 sim

1862 4848 2049 4917 Magni
2083 4847 2359 4915 martyris,
2400 4843 2491 4913 qui
2517 4843 2593 4897 illi
2644 4844 2698 4897 in
2730 4844 2895 4913 hujus
2952 4849 3291 4904 narrationis
3349 4852 3439 4905 in-

1861 4941 2160 5010 scriptione
2208 4940 2393 4994 Crzeca
2455 4940 2682 4993 honoris
2731 4954 2899 4995 causa
2961 4943 3239 4997 tribuitur.
3310 4945 3443 5000 Pcr-

1861 5048 2045 5101 peram
2080 5032 2238 5102 igitur
2294 5040 2349 5084 et
2387 5030 2623 5083 absurde
2670 5030 2725 5083 in
2773 5027 2982 5083 Adon‘is
3036 5032 3440 5103 archiepiscopi

1867 5114 2190 5177 Viennensis
2204 5122 2578 5191 Martyrologio
2606 5120 2695 5175 die
2728 5119 2790 5175 l9
2810 5122 3039 5195 Augusti
3069 5124 3301 5194 legitur:
3332 5128 3443 5184 Na-

1864 5217 1987 5271 talis
2020 5216 2191 5271 sancti
2219 5214 2391 5283 Magni
2418 5230 2514 5268 seu
2542 5214 2716 5268 sancti
2746 5216 3005 5279 Andreae,
3044 5237 3064 5268 ι
3090 5228 3196 5274 etc.
3242 5221 3437 5281 Merito

1867 5312 2050 5379 itaque
2076 5310 2200 5367 ista,
2240 5326 2258 5357 ι
2317 5307 2555 5363 Vocatur
2606 5318 2792 5362 autem
2844 5307 2935 5364 hic
2974 5310 3216 5366 Andreas
3270 5316 3437 5371 etiam

1866 5402 2106 5470 Magnus,
2144 5418 2161 5451 ι
2195 5402 2394 5455 omissa
2427 5411 2556 5455 sunt
2586 5401 2641 5453 in
2669 5402 2912 5457 editione
2930 5403 3099 5464 Surii,
3123 5419 3268 5458 anno
3300 5408 3439 5463 1618

1864 5491 2101 5547 Coloniae
2130 5492 2295 5548 edita.
2331 5490 2458 5544 Hice
2485 5492 2551 5546 de
2587 5507 2775 5547 errore
2815 5493 2944 5547 isto.
3000 5492 3060 5548 ln
3090 5496 3257 5550 alium
3300 5499 3440 5553 forte

1868 5582 2050 5649 lapsus
2100 5592 2185 5635 εει
2241 5580 2687 5645 Wandelbertus,
2722 5582 2855 5637 dum
2908 5582 3092 5639 eidem
3141 5598 3438 5657 martyrum

1869 5672 2149 5740 manipulo
2200 5670 2413 5724 videtur
2467 5670 2789 5739 adjunxisse
2837 5670 2896 5726 S.
2937 5672 3187 5743 Magnum
3223 5674 3440 5744 Cappa-

1869 5762 2082 5823 docem,
2119 5764 2204 5814 cui
2254 5762 2411 5815 aliam
2448 5762 2688 5830 martyrii
2730 5764 3031 5833 palaestram
3093 5780 3255 5835 supra
3298 5772 3439 5824 assi-

1871 5856 2179 5923 gnavimus.
2222 5854 2313 5911 Sic
2362 5856 2506 5909 enim
2542 5856 2688 5911 canit
