  <div class='ocr_page' id='page_1' title='image "/cluster/home/n/w/nwhite01/storage/ocr_20150623/115/ien.35556001659887/305.png"; bbox 0 0 3970 6442; ppageno 0'>
   <div class='ocr_carea' id='block_1_1' title="bbox 557 380 2550 471">
    <p class='ocr_par' dir='ltr' id='par_1_1' title="bbox 557 380 2550 471">
     <span class='ocr_line' id='line_1_1' title="bbox 557 380 2550 471; baseline -0.009 -10"><span class='ocrx_word' id='word_1_1' title='bbox 557 400 650 471; x_wconf 71' lang='grc'><strong><em>501</em></strong></span> <span class='ocrx_word' id='word_1_2' title='bbox 1800 383 2082 445; x_wconf 75' lang='lat' dir='ltr'><strong><em>MENSIS</em></strong></span> <span class='ocrx_word' id='word_1_3' title='bbox 2122 380 2550 443; x_wconf 83' lang='lat' dir='ltr'><strong><em>AUGUSTUS.</em></strong></span> 
     </span>
    </p>
   </div>
   <div class='ocr_carea' id='block_1_2' title="bbox 2161 496 3827 571">
    <p class='ocr_par' dir='ltr' id='par_1_2' title="bbox 2161 496 3827 571">
     <span class='ocr_line' id='line_1_2' title="bbox 2161 496 3827 571; baseline 0.002 -20"><span class='ocrx_word' id='word_1_4' title='bbox 2161 496 2465 565; x_wconf 79' lang='lat' dir='ltr'><strong><em>Aiudigni,</em></strong></span> <span class='ocrx_word' id='word_1_5' title='bbox 2527 498 2755 551; x_wconf 88' lang='lat' dir='ltr'><strong><em>nomina</em></strong></span> <span class='ocrx_word' id='word_1_6' title='bbox 2809 498 3206 564; x_wconf 74' lang='lat' dir='ltr'><strong><em>invocaverint,</em></strong></span> <span class='ocrx_word' id='word_1_7' title='bbox 3265 509 3464 571; x_wconf 58' lang='lat' dir='ltr'><strong><em>praesta</em></strong></span> <span class='ocrx_word' id='word_1_8' title='bbox 3523 500 3827 569; x_wconf 72' lang='lat' dir='ltr'><strong><em>petitiones</em></strong></span> 
     </span>
    </p>
   </div>
   <div class='ocr_carea' id='block_1_3' title="bbox 564 504 1989 581">
    <p class='ocr_par' dir='ltr' id='par_1_3' title="bbox 564 504 1989 581">
     <span class='ocr_line' id='line_1_3' title="bbox 564 504 1989 581; baseline -0.011 -12"><span class='ocrx_word' id='word_1_9' title='bbox 564 515 785 581; x_wconf 70' lang='lat' dir='ltr'><strong><em>Magnes</em></strong></span> <span class='ocrx_word' id='word_1_10' title='bbox 820 519 874 564; x_wconf 74' lang='lat' dir='ltr'><strong><em>et</em></strong></span> <span class='ocrx_word' id='word_1_11' title='bbox 900 509 1135 562; x_wconf 73' lang='lat' dir='ltr'><strong><em>Andreas</em></strong></span> <span class='ocrx_word' id='word_1_12' title='bbox 1167 512 1357 581; x_wconf 80' lang='lat' dir='ltr'><strong><em>quarta</em></strong></span> <span class='ocrx_word' id='word_1_13' title='bbox 1388 504 1633 581; x_wconf 67' lang='lat' dir='ltr'><strong><em>denaque</em></strong></span> <span class='ocrx_word' id='word_1_14' title='bbox 1658 508 1936 553; x_wconf 73' lang='lat' dir='ltr'><strong><em>coruscant</em></strong></span> <span class='ocrx_word' id='word_1_15' title='bbox 1974 516 1989 553; x_wconf 90' lang='lat'>:</span> 
     </span>
    </p>
   </div>
   <div class='ocr_carea' id='block_1_4' title="bbox 559 573 1844 653">
    <p class='ocr_par' dir='ltr' id='par_1_4' title="bbox 559 573 1844 653">
     <span class='ocr_line' id='line_1_4' title="bbox 559 573 1844 653; baseline -0.012 -15"><span class='ocrx_word' id='word_1_16' title='bbox 559 573 766 653; x_wconf 58' lang='lat' dir='ltr'><strong><em>Septem</em></strong></span> <span class='ocrx_word' id='word_1_17' title='bbox 802 582 1086 650; x_wconf 88' lang='lat' dir='ltr'><strong><em>nonaginta</em></strong></span> <span class='ocrx_word' id='word_1_18' title='bbox 1122 573 1465 653; x_wconf 63' lang='lat' dir='ltr'><strong><em>etquingenti</em></strong></span> <span class='ocrx_word' id='word_1_19' title='bbox 1488 573 1844 653; x_wconf 64' lang='lat' dir='ltr'><strong><em>comitantur.</em></strong></span> 
     </span>
    </p>
   </div>
   <div class='ocr_carea' id='block_1_5' title="bbox 559 641 2043 721">
    <p class='ocr_par' dir='ltr' id='par_1_5' title="bbox 559 641 2043 721">
     <span class='ocr_line' id='line_1_5' title="bbox 559 641 2043 721; baseline -0.011 -14"><span class='ocrx_word' id='word_1_20' title='bbox 559 641 701 719; x_wconf 68' lang='lat' dir='ltr'><strong><em>Quos</em></strong></span> <span class='ocrx_word' id='word_1_21' title='bbox 731 661 927 721; x_wconf 78' lang='lat' dir='ltr'><strong><em>pariter</em></strong></span> <span class='ocrx_word' id='word_1_22' title='bbox 942 641 1133 703; x_wconf 69' lang='grc' dir='ltr'><strong><em>’συνιειί</em></strong></span> <span class='ocrx_word' id='word_1_23' title='bbox 1160 641 1420 700; x_wconf 61' lang='grc' dir='ltr'><strong><em>εὶὶιιαίὴξε</em></strong></span> <span class='ocrx_word' id='word_1_24' title='bbox 1446 645 1523 697; x_wconf 76' lang='lat' dir='ltr'><strong><em>bis</em></strong></span> <span class='ocrx_word' id='word_1_25' title='bbox 1559 641 1702 695; x_wconf 81' lang='lat' dir='ltr'><strong><em>mille</em></strong></span> <span class='ocrx_word' id='word_1_26' title='bbox 1737 650 2043 710; x_wconf 73' lang='lat' dir='ltr'><strong><em>sequuntur.</em></strong></span> 
     </span>
    </p>
   </div>
   <div class='ocr_carea' id='block_1_6' title="bbox 630 750 2141 823">
    <p class='ocr_par' dir='ltr' id='par_1_6' title="bbox 630 750 2141 823">
     <span class='ocr_line' id='line_1_6' title="bbox 630 750 2141 823; baseline -0.009 -5"><span class='ocrx_word' id='word_1_27' title='bbox 630 765 684 819; x_wconf 87' lang='lat'><strong><em>6.</em></strong></span> <span class='ocrx_word' id='word_1_28' title='bbox 702 761 862 816; x_wconf 76' lang='lat' dir='ltr'><strong><em>Varia</em></strong></span> <span class='ocrx_word' id='word_1_29' title='bbox 887 769 1012 813; x_wconf 89' lang='lat' dir='ltr'><strong><em>sunt</em></strong></span> <span class='ocrx_word' id='word_1_30' title='bbox 1039 760 1297 811; x_wconf 79' lang='lat' dir='ltr'><strong><em>Acrorum</em></strong></span> <span class='ocrx_word' id='word_1_31' title='bbox 1318 754 1663 823; x_wconf 73' lang='lat' dir='ltr'><strong><em>exemplaria.</em></strong></span> <span class='ocrx_word' id='word_1_32' title='bbox 1683 750 2141 807; x_wconf 78' lang='lat' dir='ltr'><strong><em>Lanibeciusloeo</em></strong></span> 
     </span>
    </p>
   </div>
   <div class='ocr_carea' id='block_1_7' title="bbox 563 843 2141 925">
    <p class='ocr_par' dir='ltr' id='par_1_7' title="bbox 563 843 2141 925">
     <span class='ocr_line' id='line_1_7' title="bbox 563 843 2141 925; baseline -0.011 -13"><span class='ocrx_word' id='word_1_33' title='bbox 563 860 729 913; x_wconf 84' lang='lat' dir='ltr'><strong><em>citato</em></strong></span> <span class='ocrx_word' id='word_1_34' title='bbox 749 872 869 925; x_wconf 79' lang='lat' dir='ltr'><strong><em>pag.</em></strong></span> <span class='ocrx_word' id='word_1_35' title='bbox 898 853 993 908; x_wconf 68' lang='grc'><strong><em>901</em></strong></span> <span class='ocrx_word' id='word_1_36' title='bbox 1022 861 1067 905; x_wconf 87' lang='lat' dir='ltr'><strong><em>ct</em></strong></span> <span class='ocrx_word' id='word_1_37' title='bbox 1095 850 1203 904; x_wconf 71' lang='grc' dir='ltr'><strong><em>Ξυὲ</em></strong></span> <span class='ocrx_word' id='word_1_38' title='bbox 1233 863 1401 901; x_wconf 90' lang='lat' dir='ltr'><strong><em>unum</em></strong></span> <span class='ocrx_word' id='word_1_39' title='bbox 1435 846 1588 905; x_wconf 80' lang='lat' dir='ltr'><strong><em>affert</em></strong></span> <span class='ocrx_word' id='word_1_40' title='bbox 1610 848 1711 899; x_wconf 87' lang='lat' dir='ltr'><strong><em>hoc</em></strong></span> <span class='ocrx_word' id='word_1_41' title='bbox 1741 846 1895 899; x_wconf 89' lang='lat' dir='ltr'><strong><em>titulo</em></strong></span> <span class='ocrx_word' id='word_1_42' title='bbox 1913 860 1974 897; x_wconf 91' lang='lat' dir='ltr'><strong><em>ac</em></strong></span> <span class='ocrx_word' id='word_1_43' title='bbox 1994 843 2141 912; x_wconf 86' lang='lat' dir='ltr'><strong><em>prin-</em></strong></span> 
     </span>
    </p>
   </div>
   <div class='ocr_carea' id='block_1_8' title="bbox 556 935 2142 1017">
    <p class='ocr_par' dir='ltr' id='par_1_8' title="bbox 556 935 2142 1017">
     <span class='ocr_line' id='line_1_8' title="bbox 556 935 2142 1017; baseline -0.011 -15"><span class='ocrx_word' id='word_1_44' title='bbox 556 949 743 1017; x_wconf 87' lang='lat' dir='ltr'><strong><em>cipio:</em></strong></span> <span class='ocrx_word' id='word_1_45' title='bbox 788 948 863 1015; x_wconf 83' lang='grc' dir='ltr'><strong><em>Τῇ</em></strong></span> <span class='ocrx_word' id='word_1_46' title='bbox 897 946 1036 1015; x_wconf 74' lang='grc' dir='ltr'><strong><em>αὐτῇ</em></strong></span> <span class='ocrx_word' id='word_1_47' title='bbox 1080 945 1283 1013; x_wconf 70' lang='grc' dir='ltr'><strong><em>ἡμέρᾳ.</em></strong></span> <span class='ocrx_word' id='word_1_48' title='bbox 1324 939 1580 1004; x_wconf 56' lang='lat' dir='ltr'><strong><em>&quot;Aman;</em></strong></span> <span class='ocrx_word' id='word_1_49' title='bbox 1626 939 1719 989; x_wconf 75' lang='grc' dir='ltr'>τοῦ</span> <span class='ocrx_word' id='word_1_50' title='bbox 1754 938 1910 1003; x_wconf 71' lang='grc' dir='ltr'>ἁγίου</span> <span class='ocrx_word' id='word_1_51' title='bbox 1943 938 2034 985; x_wconf 68' lang='grc' dir='ltr'><strong><em>καὶ</em></strong></span> <span class='ocrx_word' id='word_1_52' title='bbox 2058 935 2142 985; x_wconf 76' lang='grc' dir='ltr'><strong><em>ὲν-</em></strong></span> 
     </span>
    </p>
   </div>
   <div class='ocr_carea' id='block_1_9' title="bbox 553 1027 2139 1110">
    <p class='ocr_par' dir='ltr' id='par_1_9' title="bbox 553 1027 2139 1110">
     <span class='ocr_line' id='line_1_9' title="bbox 553 1027 2139 1110; baseline -0.011 -16"><span class='ocrx_word' id='word_1_53' title='bbox 553 1044 703 1105; x_wconf 69' lang='grc' dir='ltr'><strong><em>δὸξου</em></strong></span> <span class='ocrx_word' id='word_1_54' title='bbox 749 1039 1235 1110; x_wconf 71' lang='grc' dir='ltr'><strong><em>μεγαλομάρτυρος</em></strong></span> <span class='ocrx_word' id='word_1_55' title='bbox 1293 1032 1545 1097; x_wconf 74' lang='grc' dir='ltr'><strong><em>Ἀνδρέου</em></strong></span> <span class='ocrx_word' id='word_1_56' title='bbox 1596 1028 1691 1080; x_wconf 72' lang='grc' dir='ltr'><strong><em>τοῦ</em></strong></span> <span class='ocrx_word' id='word_1_57' title='bbox 1720 1027 2139 1095; x_wconf 60' lang='grc' dir='ltr'><strong><em>Στρατηὶάτηυ,</em></strong></span> 
     </span>
    </p>
   </div>
   <div class='ocr_carea' id='block_1_10' title="bbox 562 1120 2143 1195">
    <p class='ocr_par' dir='ltr' id='par_1_10' title="bbox 562 1120 2143 1195">
     <span class='ocr_line' id='line_1_10' title="bbox 562 1120 2143 1195; baseline -0.011 -8"><span class='ocrx_word' id='word_1_58' title='bbox 562 1137 657 1187; x_wconf 79' lang='grc' dir='ltr'><strong><em>καὶ</em></strong></span> <span class='ocrx_word' id='word_1_59' title='bbox 688 1132 797 1183; x_wconf 74' lang='grc' dir='ltr'><strong><em>τῶν</em></strong></span> <span class='ocrx_word' id='word_1_60' title='bbox 840 1132 938 1183; x_wconf 60' lang='grc' dir='ltr'><strong><em>σὺν</em></strong></span> <span class='ocrx_word' id='word_1_61' title='bbox 987 1126 1133 1195; x_wconf 78' lang='grc' dir='ltr'><strong><em>αὐτῷ</em></strong></span> <span class='ocrx_word' id='word_1_62' title='bbox 1182 1123 1576 1177; x_wconf 72' lang='grc' dir='ltr'><strong><em>τελειωθιντων</em></strong></span> <span class='ocrx_word' id='word_1_63' title='bbox 1618 1120 1894 1189; x_wconf 74' lang='grc' dir='ltr'><strong><em>δισχιλίων</em></strong></span> <span class='ocrx_word' id='word_1_64' title='bbox 1947 1136 2143 1170; x_wconf 79' lang='grc' dir='ltr'>πεντα-</span> 
     </span>
    </p>
   </div>
   <div class='ocr_carea' id='block_1_11' title="bbox 564 1209 2141 1289">
    <p class='ocr_par' dir='ltr' id='par_1_11' title="bbox 564 1209 2141 1289">
     <span class='ocr_line' id='line_1_11' title="bbox 564 1209 2141 1289; baseline -0.011 -11"><span class='ocrx_word' id='word_1_65' title='bbox 564 1226 767 1279; x_wconf 67' lang='grc' dir='ltr'><strong><em>κοσίων</em></strong></span> <span class='ocrx_word' id='word_1_66' title='bbox 798 1223 1149 1289; x_wconf 72' lang='grc' dir='ltr'><strong><em>ἐννενήκοντα</em></strong></span> <span class='ocrx_word' id='word_1_67' title='bbox 1179 1219 1367 1289; x_wconf 75' lang='grc' dir='ltr'><strong><em>τριῶν.</em></strong></span> <span class='ocrx_word' id='word_1_68' title='bbox 1401 1218 1488 1268; x_wconf 81' lang='grc' dir='ltr'><strong><em>Ἐν</em></strong></span> <span class='ocrx_word' id='word_1_69' title='bbox 1518 1218 1632 1275; x_wconf 76' lang='grc' dir='ltr'><strong><em>τοῖς</em></strong></span> <span class='ocrx_word' id='word_1_70' title='bbox 1679 1214 1888 1283; x_wconf 73' lang='grc' dir='ltr'><strong><em>χρόνοις</em></strong></span> <span class='ocrx_word' id='word_1_71' title='bbox 1923 1211 2019 1278; x_wconf 76' lang='grc' dir='ltr'><strong><em>τῆς</em></strong></span> <span class='ocrx_word' id='word_1_72' title='bbox 2048 1209 2141 1262; x_wconf 72' lang='grc' dir='ltr'><strong><em>τοῦ</em></strong></span> 
     </span>
    </p>
   </div>
   <div class='ocr_carea' id='block_1_12' title="bbox 559 1303 2141 1376">
    <p class='ocr_par' dir='ltr' id='par_1_12' title="bbox 559 1303 2141 1376">
     <span class='ocr_line' id='line_1_12' title="bbox 559 1303 2141 1376; baseline -0.011 -6"><span class='ocrx_word' id='word_1_73' title='bbox 559 1315 931 1370; x_wconf 71' lang='grc' dir='ltr'><strong><em>ἀσεϐεστάτου</em></strong></span> <span class='ocrx_word' id='word_1_74' title='bbox 982 1309 1325 1375; x_wconf 66' lang='grc' dir='ltr'><strong><em>Μαξιμιανοῦ</em></strong></span> <span class='ocrx_word' id='word_1_75' title='bbox 1383 1307 1657 1376; x_wconf 63' lang='grc' dir='ltr'><strong><em>βασιλείας</em></strong></span> <span class='ocrx_word' id='word_1_76' title='bbox 1710 1303 1947 1371; x_wconf 70' lang='grc' dir='ltr'><strong><em>διωγμὸς</em></strong></span> <span class='ocrx_word' id='word_1_77' title='bbox 2001 1303 2141 1354; x_wconf 76' lang='grc' dir='ltr'><strong><em>κατᾶ</em></strong></span> 
     </span>
    </p>
   </div>
   <div class='ocr_carea' id='block_1_13' title="bbox 567 1393 2144 1477">
    <p class='ocr_par' dir='ltr' id='par_1_13' title="bbox 567 1393 2144 1477">
     <span class='ocr_line' id='line_1_13' title="bbox 567 1393 2144 1477; baseline -0.004 -16"><span class='ocrx_word' id='word_1_78' title='bbox 567 1407 911 1477; x_wconf 78' lang='grc' dir='ltr'><strong><em>Χριστιανῶν</em></strong></span> <span class='ocrx_word' id='word_1_79' title='bbox 943 1406 1161 1471; x_wconf 79' lang='grc' dir='ltr'><strong><em>ἐγένετο</em></strong></span> <span class='ocrx_word' id='word_1_80' title='bbox 1200 1402 1395 1470; x_wconf 77' lang='grc' dir='ltr'><strong><em>μέγας.</em></strong></span> <span class='ocrx_word' id='word_1_81' title='bbox 1433 1400 1525 1450; x_wconf 62' lang='grc' dir='ltr'>καὶ</span> <span class='ocrx_word' id='word_1_82' title='bbox 1562 1398 1791 1465; x_wconf 68' lang='grc' dir='ltr'><strong><em>μάλιστα</em></strong></span> <span class='ocrx_word' id='word_1_83' title='bbox 1832 1398 1886 1445; x_wconf 74' lang='grc' dir='ltr'><strong><em>έν</em></strong></span> <span class='ocrx_word' id='word_1_84' title='bbox 1912 1396 2020 1454; x_wconf 71' lang='grc' dir='ltr'>τοῖς</span> <span class='ocrx_word' id='word_1_85' title='bbox 2048 1393 2144 1461; x_wconf 82' lang='grc' dir='ltr'><strong><em>μὲ-</em></strong></span> 
     </span>
    </p>
   </div>
   <div class='ocr_carea' id='block_1_14' title="bbox 563 1487 2141 1569">
    <p class='ocr_par' dir='ltr' id='par_1_14' title="bbox 563 1487 2141 1569">
     <span class='ocr_line' id='line_1_14' title="bbox 563 1487 2141 1569; baseline -0.013 -18"><span class='ocrx_word' id='word_1_86' title='bbox 563 1497 806 1569; x_wconf 78' lang='grc' dir='ltr'><strong><em>ρεσιτῆς</em></strong></span> <span class='ocrx_word' id='word_1_87' title='bbox 845 1496 1044 1564; x_wconf 68' lang='grc' dir='ltr'><strong><em>Συρίας</em></strong></span> <span class='ocrx_word' id='word_1_88' title='bbox 1070 1510 1083 1525; x_wconf 79' lang='grc' dir='ltr'><strong>ο</strong></span> <span class='ocrx_word' id='word_1_89' title='bbox 1126 1488 1271 1560; x_wconf 78' lang='grc' dir='ltr'><strong>εἶχεν</strong></span> <span class='ocrx_word' id='word_1_90' title='bbox 1300 1490 1354 1541; x_wconf 76' lang='grc' dir='ltr'><strong><em>δὲ</em></strong></span> <span class='ocrx_word' id='word_1_91' title='bbox 1391 1490 1508 1540; x_wconf 70' lang='grc' dir='ltr'>τότε</span> <span class='ocrx_word' id='word_1_92' title='bbox 1550 1487 1647 1555; x_wconf 78' lang='grc' dir='ltr'><strong><em>τῆς</em></strong></span> <span class='ocrx_word' id='word_1_93' title='bbox 1690 1487 1867 1536; x_wconf 67' lang='grc' dir='ltr'><strong><em>ἐκεῖσε</em></strong></span> <span class='ocrx_word' id='word_1_94' title='bbox 1903 1500 2141 1551; x_wconf 72' lang='grc' dir='ltr'><strong><em>στρατηο</em></strong></span> 
     </span>
    </p>
   </div>
   <div class='ocr_carea' id='block_1_15' title="bbox 559 1575 2143 1660">
    <p class='ocr_par' dir='ltr' id='par_1_15' title="bbox 559 1575 2143 1660">
     <span class='ocr_line' id='line_1_15' title="bbox 559 1575 2143 1660; baseline -0.013 -17"><span class='ocrx_word' id='word_1_95' title='bbox 559 1595 728 1660; x_wconf 75' lang='grc' dir='ltr'><strong><em>γικῆς</em></strong></span> <span class='ocrx_word' id='word_1_96' title='bbox 752 1588 957 1652; x_wconf 79' lang='grc' dir='ltr'>τάξεως</span> <span class='ocrx_word' id='word_1_97' title='bbox 986 1587 1087 1655; x_wconf 79' lang='grc' dir='ltr'><strong><em>τὴν</em></strong></span> <span class='ocrx_word' id='word_1_98' title='bbox 1114 1584 1288 1651; x_wconf 74' lang='grc' dir='ltr'>ἀρχὴν</span> <span class='ocrx_word' id='word_1_99' title='bbox 1338 1580 1606 1647; x_wconf 68' lang='grc' dir='ltr'><strong><em>’Λντέοχὸς</em></strong></span> <span class='ocrx_word' id='word_1_100' title='bbox 1656 1596 1757 1637; x_wconf 74' lang='grc' dir='ltr'><strong><em>τις,</em></strong></span> <span class='ocrx_word' id='word_1_101' title='bbox 1796 1575 2143 1640; x_wconf 35' lang='grc' dir='ltr'><strong><em>δεισιδαίμων</em></strong></span> 
     </span>
    </p>
   </div>
   <div class='ocr_carea' id='block_1_16' title="bbox 558 1665 2142 1751">
    <p class='ocr_par' dir='ltr' id='par_1_16' title="bbox 558 1665 2142 1751">
     <span class='ocr_line' id='line_1_16' title="bbox 558 1665 2142 1751; baseline -0.018 -12"><span class='ocrx_word' id='word_1_102' title='bbox 558 1684 843 1751; x_wconf 59' lang='grc' dir='ltr'><strong><em>ἄνθρωπος</em></strong></span> <span class='ocrx_word' id='word_1_103' title='bbox 886 1678 982 1743; x_wconf 78' lang='grc' dir='ltr'><strong><em>ὢν,</em></strong></span> <span class='ocrx_word' id='word_1_104' title='bbox 1019 1686 1116 1729; x_wconf 86' lang='lat' dir='ltr'><strong><em>etc.</em></strong></span> <span class='ocrx_word' id='word_1_105' title='bbox 1151 1674 1202 1727; x_wconf 91' lang='lat' dir='ltr'><strong><em>Id</em></strong></span> <span class='ocrx_word' id='word_1_106' title='bbox 1251 1684 1370 1726; x_wconf 78' lang='lat' dir='ltr'><strong><em>cst:</em></strong></span> <span class='ocrx_word' id='word_1_107' title='bbox 1416 1672 1617 1724; x_wconf 64' lang='lat' dir='ltr'><strong><em>Eadem</em></strong></span> <span class='ocrx_word' id='word_1_108' title='bbox 1661 1672 1743 1721; x_wconf 82' lang='lat' dir='ltr'><strong><em>die</em></strong></span> <span class='ocrx_word' id='word_1_109' title='bbox 1771 1667 1864 1735; x_wconf 85' lang='grc'><strong><em>(19</em></strong></span> <span class='ocrx_word' id='word_1_110' title='bbox 1898 1665 2142 1733; x_wconf 79' lang='lat' dir='ltr'><strong><em>Augusti)</em></strong></span> 
     </span>
    </p>
   </div>
   <div class='ocr_carea' id='block_1_17' title="bbox 562 1760 2139 1839">
    <p class='ocr_par' dir='ltr' id='par_1_17' title="bbox 562 1760 2139 1839">
     <span class='ocr_line' id='line_1_17' title="bbox 562 1760 2139 1839; baseline -0.013 -10"><span class='ocrx_word' id='word_1_111' title='bbox 562 1786 830 1829; x_wconf 82' lang='lat' dir='ltr'><strong><em>certamen</em></strong></span> <span class='ocrx_word' id='word_1_112' title='bbox 850 1771 1019 1824; x_wconf 80' lang='lat' dir='ltr'><strong><em>sancti</em></strong></span> <span class='ocrx_word' id='word_1_113' title='bbox 1049 1778 1095 1823; x_wconf 86' lang='lat' dir='ltr'><strong><em>et</em></strong></span> <span class='ocrx_word' id='word_1_114' title='bbox 1120 1767 1330 1839; x_wconf 84' lang='lat' dir='ltr'><strong><em>gloriosi</em></strong></span> <span class='ocrx_word' id='word_1_115' title='bbox 1380 1763 1557 1832; x_wconf 78' lang='lat' dir='ltr'><strong><em>magni</em></strong></span> <span class='ocrx_word' id='word_1_116' title='bbox 1606 1761 1852 1825; x_wconf 77' lang='lat' dir='ltr'><strong><em>martyris</em></strong></span> <span class='ocrx_word' id='word_1_117' title='bbox 1903 1760 2139 1825; x_wconf 76' lang='lat' dir='ltr'><strong><em>Andrca&#39;,</em></strong></span> 
     </span>
    </p>
   </div>
   <div class='ocr_carea' id='block_1_18' title="bbox 564 1850 2207 1925">
    <p class='ocr_par' dir='ltr' id='par_1_18' title="bbox 564 1850 2207 1925">
     <span class='ocr_line' id='line_1_18' title="bbox 564 1850 2207 1925; baseline -0.01 -6"><span class='ocrx_word' id='word_1_118' title='bbox 564 1868 713 1919; x_wconf 77' lang='lat' dir='ltr'><strong><em>ducis</em></strong></span> <span class='ocrx_word' id='word_1_119' title='bbox 746 1866 1023 1925; x_wconf 74' lang='lat' dir='ltr'><strong><em>exercitus,</em></strong></span> <span class='ocrx_word' id='word_1_120' title='bbox 1052 1872 1098 1912; x_wconf 83' lang='lat' dir='ltr'><strong><em>et</em></strong></span> <span class='ocrx_word' id='word_1_121' title='bbox 1140 1861 1215 1912; x_wconf 77' lang='lat' dir='ltr'><strong><em>bis</em></strong></span> <span class='ocrx_word' id='word_1_122' title='bbox 1245 1858 1390 1911; x_wconf 82' lang='lat' dir='ltr'><strong><em>mille</em></strong></span> <span class='ocrx_word' id='word_1_123' title='bbox 1419 1858 1815 1922; x_wconf 80' lang='lat' dir='ltr'><strong><em>quingentorrun</em></strong></span> <span class='ocrx_word' id='word_1_124' title='bbox 1843 1854 2128 1921; x_wconf 80' lang='lat' dir='ltr'><strong><em>nonaginta</em></strong></span> <span class='ocrx_word' id='word_1_125' title='bbox 2165 1850 2207 1908; x_wconf 80' lang='grc' dir='ltr'><strong><em>Β</em></strong></span> 
     </span>
    </p>
   </div>
   <div class='ocr_carea' id='block_1_19' title="bbox 563 1945 2139 2019">
    <p class='ocr_par' dir='ltr' id='par_1_19' title="bbox 563 1945 2139 2019">
     <span class='ocr_line' id='line_1_19' title="bbox 563 1945 2139 2019; baseline -0.015 -9"><span class='ocrx_word' id='word_1_126' title='bbox 563 1959 729 2011; x_wconf 84' lang='lat' dir='ltr'><strong><em>trium</em></strong></span> <span class='ocrx_word' id='word_1_127' title='bbox 768 1970 885 2007; x_wconf 85' lang='lat' dir='ltr'><strong><em>cum</em></strong></span> <span class='ocrx_word' id='word_1_128' title='bbox 915 1969 973 2005; x_wconf 87' lang='lat' dir='ltr'><strong><em>eo</em></strong></span> <span class='ocrx_word' id='word_1_129' title='bbox 1002 1960 1407 2019; x_wconf 79' lang='lat' dir='ltr'><strong><em>peremptorum.</em></strong></span> <span class='ocrx_word' id='word_1_130' title='bbox 1465 1945 1799 2012; x_wconf 73' lang='lat' dir='ltr'><strong><em>Temporibus</em></strong></span> <span class='ocrx_word' id='word_1_131' title='bbox 1846 1945 2139 2011; x_wconf 69' lang='lat' dir='ltr'><strong><em>impiissimi</em></strong></span> 
     </span>
    </p>
   </div>
   <div class='ocr_carea' id='block_1_20' title="bbox 568 2034 2138 2109">
    <p class='ocr_par' dir='ltr' id='par_1_20' title="bbox 568 2034 2138 2109">
     <span class='ocr_line' id='line_1_20' title="bbox 568 2034 2138 2109; baseline -0.012 -7"><span class='ocrx_word' id='word_1_132' title='bbox 568 2045 883 2103; x_wconf 69' lang='lat' dir='ltr'><strong><em>Maximiani</em></strong></span> <span class='ocrx_word' id='word_1_133' title='bbox 911 2040 1251 2109; x_wconf 72' lang='lat' dir='ltr'><strong><em>imperatoris</em></strong></span> <span class='ocrx_word' id='word_1_134' title='bbox 1281 2053 1471 2105; x_wconf 87' lang='lat' dir='ltr'><strong><em>ntagna</em></strong></span> <span class='ocrx_word' id='word_1_135' title='bbox 1504 2036 1750 2088; x_wconf 80' lang='lat' dir='ltr'><strong><em>adversus</em></strong></span> <span class='ocrx_word' id='word_1_136' title='bbox 1813 2034 2138 2086; x_wconf 78' lang='lat' dir='ltr'><strong><em>Christianos</em></strong></span> 
     </span>
    </p>
   </div>
   <div class='ocr_carea' id='block_1_21' title="bbox 567 2124 2141 2205">
    <p class='ocr_par' dir='ltr' id='par_1_21' title="bbox 567 2124 2141 2205">
     <span class='ocr_line' id='line_1_21' title="bbox 567 2124 2141 2205; baseline -0.012 -12"><span class='ocrx_word' id='word_1_137' title='bbox 567 2149 712 2193; x_wconf 82' lang='lat' dir='ltr'><strong><em>mota</em></strong></span> <span class='ocrx_word' id='word_1_138' title='bbox 750 2148 823 2190; x_wconf 73' lang='lat' dir='ltr'><strong><em>est</em></strong></span> <span class='ocrx_word' id='word_1_139' title='bbox 863 2135 1170 2205; x_wconf 78' lang='lat' dir='ltr'><strong><em>persecutio,</em></strong></span> <span class='ocrx_word' id='word_1_140' title='bbox 1203 2146 1430 2183; x_wconf 70' lang='lat' dir='ltr'><strong><em>maxime</em></strong></span> <span class='ocrx_word' id='word_1_141' title='bbox 1452 2131 1502 2181; x_wconf 88' lang='lat' dir='ltr'><strong><em>in</em></strong></span> <span class='ocrx_word' id='word_1_142' title='bbox 1538 2130 1774 2195; x_wconf 80' lang='lat' dir='ltr'><strong><em>partibus</em></strong></span> <span class='ocrx_word' id='word_1_143' title='bbox 1802 2124 1989 2194; x_wconf 58' lang='lat' dir='ltr'><strong><em>Syrian</em></strong></span> <span class='ocrx_word' id='word_1_144' title='bbox 2011 2125 2141 2189; x_wconf 66' lang='lat' dir='ltr'><strong><em>Qui.</em></strong></span> 
     </span>
    </p>
   </div>
   <div class='ocr_carea' id='block_1_22' title="bbox 560 2216 2137 2287">
    <p class='ocr_par' dir='ltr' id='par_1_22' title="bbox 560 2216 2137 2287">
     <span class='ocr_line' id='line_1_22' title="bbox 560 2216 2137 2287; baseline -0.01 -4"><span class='ocrx_word' id='word_1_145' title='bbox 560 2230 686 2282; x_wconf 83' lang='lat' dir='ltr'><strong><em>dam</em></strong></span> <span class='ocrx_word' id='word_1_146' title='bbox 714 2238 892 2279; x_wconf 87' lang='lat' dir='ltr'><strong><em>autem</em></strong></span> <span class='ocrx_word' id='word_1_147' title='bbox 926 2224 1231 2277; x_wconf 73' lang='lat' dir='ltr'><strong><em>Antiochus.</em></strong></span> <span class='ocrx_word' id='word_1_148' title='bbox 1260 2218 1850 2287; x_wconf 78' lang='lat' dir='ltr'><strong><em>sitperstitimrideorum</em></strong></span> <span class='ocrx_word' id='word_1_149' title='bbox 1897 2216 2137 2267; x_wconf 77' lang='lat' dir='ltr'><strong><em>addictus</em></strong></span> 
     </span>
    </p>
   </div>
   <div class='ocr_carea' id='block_1_23' title="bbox 560 2310 2141 2383">
    <p class='ocr_par' dir='ltr' id='par_1_23' title="bbox 560 2310 2141 2383">
     <span class='ocr_line' id='line_1_23' title="bbox 560 2310 2141 2383; baseline -0.008 -14"><span class='ocrx_word' id='word_1_150' title='bbox 560 2320 733 2383; x_wconf 84' lang='lat' dir='ltr'><strong><em>homo,</em></strong></span> <span class='ocrx_word' id='word_1_151' title='bbox 757 2317 943 2370; x_wconf 83' lang='lat' dir='ltr'><strong><em>ibidem</em></strong></span> <span class='ocrx_word' id='word_1_152' title='bbox 978 2324 1103 2367; x_wconf 80' lang='lat' dir='ltr'><strong><em>tunc</em></strong></span> <span class='ocrx_word' id='word_1_153' title='bbox 1132 2314 1331 2367; x_wconf 75' lang='lat' dir='ltr'><strong><em>ordinis</em></strong></span> <span class='ocrx_word' id='word_1_154' title='bbox 1373 2310 1622 2362; x_wconf 78' lang='lat' dir='ltr'><strong><em>militaris</em></strong></span> <span class='ocrx_word' id='word_1_155' title='bbox 1655 2310 1931 2377; x_wconf 83' lang='lat' dir='ltr'><strong><em>imperium</em></strong></span> <span class='ocrx_word' id='word_1_156' title='bbox 2000 2318 2141 2359; x_wconf 75' lang='lat' dir='ltr'><strong><em>tene-</em></strong></span> 
     </span>
    </p>
   </div>
   <div class='ocr_carea' id='block_1_24' title="bbox 558 2398 2136 2471">
    <p class='ocr_par' dir='ltr' id='par_1_24' title="bbox 558 2398 2136 2471">
     <span class='ocr_line' id='line_1_24' title="bbox 558 2398 2136 2471; baseline -0.009 -7"><span class='ocrx_word' id='word_1_157' title='bbox 558 2410 669 2471; x_wconf 83' lang='lat' dir='ltr'><strong><em>bat,</em></strong></span> <span class='ocrx_word' id='word_1_158' title='bbox 726 2417 831 2463; x_wconf 90' lang='lat' dir='ltr'><strong><em>etc.</em></strong></span> <span class='ocrx_word' id='word_1_159' title='bbox 884 2407 1152 2460; x_wconf 85' lang='lat' dir='ltr'><strong><em>Obscrvat</em></strong></span> <span class='ocrx_word' id='word_1_160' title='bbox 1202 2401 1527 2455; x_wconf 78' lang='lat' dir='ltr'><strong><em>Lambecius</em></strong></span> <span class='ocrx_word' id='word_1_161' title='bbox 1576 2400 1713 2453; x_wconf 86' lang='lat' dir='ltr'><strong><em>hanc</em></strong></span> <span class='ocrx_word' id='word_1_162' title='bbox 1767 2398 2136 2451; x_wconf 82' lang='lat' dir='ltr'><strong><em>narrationem</em></strong></span> 
     </span>
    </p>
   </div>
   <div class='ocr_carea' id='block_1_25' title="bbox 560 2486 2139 2562">
    <p class='ocr_par' dir='ltr' id='par_1_25' title="bbox 560 2486 2139 2562">
     <span class='ocr_line' id='line_1_25' title="bbox 560 2486 2139 2562; baseline -0.009 -9"><span class='ocrx_word' id='word_1_163' title='bbox 560 2499 753 2554; x_wconf 87' lang='lat' dir='ltr'><strong><em>Latine</em></strong></span> <span class='ocrx_word' id='word_1_164' title='bbox 800 2505 1016 2550; x_wconf 81' lang='lat' dir='ltr'><strong><em>exstare</em></strong></span> <span class='ocrx_word' id='word_1_165' title='bbox 1067 2494 1210 2562; x_wconf 86' lang='lat' dir='ltr'><strong><em>apud</em></strong></span> <span class='ocrx_word' id='word_1_166' title='bbox 1246 2492 1600 2543; x_wconf 72' lang='lat' dir='ltr'><strong><em>Laurentium</em></strong></span> <span class='ocrx_word' id='word_1_167' title='bbox 1657 2488 1896 2547; x_wconf 84' lang='lat' dir='ltr'><strong><em>Surium,</em></strong></span> <span class='ocrx_word' id='word_1_168' title='bbox 1935 2502 1997 2539; x_wconf 88' lang='lat' dir='ltr'><strong><em>ac</em></strong></span> <span class='ocrx_word' id='word_1_169' title='bbox 2038 2486 2139 2555; x_wconf 76' lang='lat' dir='ltr'><strong><em>Sy-</em></strong></span> 
     </span>
    </p>
   </div>
   <div class='ocr_carea' id='block_1_26' title="bbox 560 2575 2141 2652">
    <p class='ocr_par' dir='ltr' id='par_1_26' title="bbox 560 2575 2141 2652">
     <span class='ocr_line' id='line_1_26' title="bbox 560 2575 2141 2652; baseline -0.009 -11"><span class='ocrx_word' id='word_1_170' title='bbox 560 2584 739 2642; x_wconf 87' lang='lat' dir='ltr'><strong><em>meoni</em></strong></span> <span class='ocrx_word' id='word_1_171' title='bbox 776 2583 1156 2652; x_wconf 69' lang='lat' dir='ltr'><strong><em>Metaphrastze</em></strong></span> <span class='ocrx_word' id='word_1_172' title='bbox 1186 2580 1387 2633; x_wconf 91' lang='lat' dir='ltr'><strong><em>ibidem</em></strong></span> <span class='ocrx_word' id='word_1_173' title='bbox 1430 2579 1618 2639; x_wconf 90' lang='lat' dir='ltr'><strong><em>tribui,</em></strong></span> <span class='ocrx_word' id='word_1_174' title='bbox 1650 2586 1707 2629; x_wconf 91' lang='lat' dir='ltr'><strong><em>ut</em></strong></span> <span class='ocrx_word' id='word_1_175' title='bbox 1736 2576 1897 2629; x_wconf 91' lang='lat' dir='ltr'><strong><em>modo</em></strong></span> <span class='ocrx_word' id='word_1_176' title='bbox 1928 2575 2141 2627; x_wconf 83' lang='lat' dir='ltr'><strong><em>indica-</em></strong></span> 
     </span>
    </p>
   </div>
   <div class='ocr_carea' id='block_1_27' title="bbox 562 2666 2138 2737">
    <p class='ocr_par' dir='ltr' id='par_1_27' title="bbox 562 2666 2138 2737">
     <span class='ocr_line' id='line_1_27' title="bbox 562 2666 2138 2737; baseline -0.009 -4"><span class='ocrx_word' id='word_1_177' title='bbox 562 2688 681 2732; x_wconf 88' lang='lat' dir='ltr'><strong><em>tum</em></strong></span> <span class='ocrx_word' id='word_1_178' title='bbox 733 2684 840 2732; x_wconf 89' lang='lat' dir='ltr'><strong><em>est.</em></strong></span> <span class='ocrx_word' id='word_1_179' title='bbox 882 2674 990 2727; x_wconf 76' lang='lat' dir='ltr'><strong><em>Sed</em></strong></span> <span class='ocrx_word' id='word_1_180' title='bbox 1026 2672 1233 2726; x_wconf 88' lang='lat' dir='ltr'><strong><em>nullum</em></strong></span> <span class='ocrx_word' id='word_1_181' title='bbox 1276 2670 1520 2737; x_wconf 78' lang='lat' dir='ltr'><strong><em>ciosdem</em></strong></span> <span class='ocrx_word' id='word_1_182' title='bbox 1576 2668 1859 2735; x_wconf 70' lang='lat' dir='ltr'><strong><em>vestigium</em></strong></span> <span class='ocrx_word' id='word_1_183' title='bbox 1918 2666 2138 2719; x_wconf 82' lang='lat' dir='ltr'><strong><em>invenio</em></strong></span> 
     </span>
    </p>
   </div>
   <div class='ocr_carea' id='block_1_28' title="bbox 565 2758 2138 2836">
    <p class='ocr_par' dir='ltr' id='par_1_28' title="bbox 565 2758 2138 2836">
     <span class='ocr_line' id='line_1_28' title="bbox 565 2758 2138 2836; baseline -0.008 -14"><span class='ocrx_word' id='word_1_184' title='bbox 565 2768 711 2836; x_wconf 85' lang='lat' dir='ltr'><strong><em>apud</em></strong></span> <span class='ocrx_word' id='word_1_185' title='bbox 753 2765 1009 2819; x_wconf 74' lang='lat' dir='ltr'><strong><em>All-alium</em></strong></span> <span class='ocrx_word' id='word_1_186' title='bbox 1046 2764 1098 2814; x_wconf 91' lang='lat' dir='ltr'><strong><em>in</em></strong></span> <span class='ocrx_word' id='word_1_187' title='bbox 1140 2763 1378 2815; x_wconf 75' lang='lat' dir='ltr'><strong><em>Diatriba</em></strong></span> <span class='ocrx_word' id='word_1_188' title='bbox 1426 2762 1491 2813; x_wconf 70' lang='lat' dir='ltr'><strong><em>de</em></strong></span> <span class='ocrx_word' id='word_1_189' title='bbox 1522 2759 1847 2828; x_wconf 74' lang='lat' dir='ltr'><strong><em>Symeonum</em></strong></span> <span class='ocrx_word' id='word_1_190' title='bbox 1879 2758 2138 2826; x_wconf 83' lang='lat' dir='ltr'><strong><em>scriptisa</em></strong></span> 
     </span>
    </p>
   </div>
   <div class='ocr_carea' id='block_1_29' title="bbox 560 2850 2139 2934">
    <p class='ocr_par' dir='ltr' id='par_1_29' title="bbox 560 2850 2139 2934">
     <span class='ocr_line' id='line_1_29' title="bbox 560 2850 2139 2934; baseline -0.011 -17"><span class='ocrx_word' id='word_1_191' title='bbox 560 2879 683 2934; x_wconf 76' lang='lat' dir='ltr'><strong><em>pag.</em></strong></span> <span class='ocrx_word' id='word_1_192' title='bbox 726 2860 844 2922; x_wconf 66' lang='lat'><strong><em>125,</em></strong></span> <span class='ocrx_word' id='word_1_193' title='bbox 870 2858 957 2912; x_wconf 75' lang='grc' dir='ltr'><strong><em>ιιὺί</em></strong></span> <span class='ocrx_word' id='word_1_194' title='bbox 981 2856 1130 2911; x_wconf 79' lang='lat' dir='ltr'><strong><em>Vitas</em></strong></span> <span class='ocrx_word' id='word_1_195' title='bbox 1156 2861 1466 2913; x_wconf 76' lang='lat' dir='ltr'><strong><em>enumerat,</em></strong></span> <span class='ocrx_word' id='word_1_196' title='bbox 1502 2865 1641 2918; x_wconf 87' lang='lat' dir='ltr'><strong><em>quas</em></strong></span> <span class='ocrx_word' id='word_1_197' title='bbox 1678 2860 1936 2917; x_wconf 79' lang='lat' dir='ltr'><strong><em>tanquam</em></strong></span> <span class='ocrx_word' id='word_1_198' title='bbox 1972 2850 2139 2902; x_wconf 84' lang='lat' dir='ltr'><strong><em>Meta-</em></strong></span> 
     </span>
    </p>
   </div>
   <div class='ocr_carea' id='block_1_30' title="bbox 561 2942 2140 3025">
    <p class='ocr_par' dir='ltr' id='par_1_30' title="bbox 561 2942 2140 3025">
     <span class='ocr_line' id='line_1_30' title="bbox 561 2942 2140 3025; baseline -0.009 -17"><span class='ocrx_word' id='word_1_199' title='bbox 561 2956 797 3025; x_wconf 73' lang='lat' dir='ltr'><strong><em>phrastte</em></strong></span> <span class='ocrx_word' id='word_1_200' title='bbox 850 2950 1097 3019; x_wconf 86' lang='lat' dir='ltr'><strong><em>proprias</em></strong></span> <span class='ocrx_word' id='word_1_201' title='bbox 1136 2950 1331 3013; x_wconf 78' lang='lat' dir='ltr'><strong><em>signal.</em></strong></span> <span class='ocrx_word' id='word_1_202' title='bbox 1368 2942 1605 2995; x_wconf 78' lang='lat' dir='ltr'><strong><em>Consule</em></strong></span> <span class='ocrx_word' id='word_1_203' title='bbox 1657 2956 1777 3007; x_wconf 72' lang='lat' dir='ltr'><strong><em>qua:</em></strong></span> <span class='ocrx_word' id='word_1_204' title='bbox 1816 2942 1959 2992; x_wconf 88' lang='lat' dir='ltr'><strong><em>dicta</em></strong></span> <span class='ocrx_word' id='word_1_205' title='bbox 2010 2949 2140 2993; x_wconf 78' lang='lat' dir='ltr'><strong><em>sunt</em></strong></span> 
     </span>
    </p>
   </div>
   <div class='ocr_carea' id='block_1_31' title="bbox 562 3034 2137 3110">
    <p class='ocr_par' dir='ltr' id='par_1_31' title="bbox 562 3034 2137 3110">
     <span class='ocr_line' id='line_1_31' title="bbox 562 3034 2137 3110; baseline -0.007 -11"><span class='ocrx_word' id='word_1_206' title='bbox 562 3056 709 3099; x_wconf 84' lang='lat' dir='ltr'><strong><em>toruo</em></strong></span> <span class='ocrx_word' id='word_1_207' title='bbox 737 3042 802 3097; x_wconf 91' lang='lat' dir='ltr'><strong><em>Ill</em></strong></span> <span class='ocrx_word' id='word_1_208' title='bbox 836 3040 997 3110; x_wconf 83' lang='lat' dir='ltr'><strong><em>hujus</em></strong></span> <span class='ocrx_word' id='word_1_209' title='bbox 1030 3039 1235 3091; x_wconf 87' lang='lat' dir='ltr'><strong><em>mensis</em></strong></span> <span class='ocrx_word' id='word_1_210' title='bbox 1283 3053 1402 3107; x_wconf 82' lang='lat' dir='ltr'><strong><em>pag.</em></strong></span> <span class='ocrx_word' id='word_1_211' title='bbox 1453 3036 1554 3087; x_wconf 84' lang='lat' dir='ltr'><strong><em>7l9</em></strong></span> <span class='ocrx_word' id='word_1_212' title='bbox 1584 3036 1650 3087; x_wconf 89' lang='lat' dir='ltr'><strong><em>de</em></strong></span> <span class='ocrx_word' id='word_1_213' title='bbox 1702 3034 1849 3087; x_wconf 87' lang='lat' dir='ltr'><strong><em>Actis</em></strong></span> <span class='ocrx_word' id='word_1_214' title='bbox 1882 3034 1937 3086; x_wconf 90' lang='lat' dir='ltr'><strong><em>S.</em></strong></span> <span class='ocrx_word' id='word_1_215' title='bbox 1977 3034 2137 3103; x_wconf 71' lang='grc' dir='ltr'><strong><em>Ευρῇ</em></strong></span> 
     </span>
    </p>
   </div>
   <div class='ocr_carea' id='block_1_32' title="bbox 562 3124 2135 3207">
    <p class='ocr_par' dir='ltr' id='par_1_32' title="bbox 562 3124 2135 3207">
     <span class='ocr_line' id='line_1_32' title="bbox 562 3124 2135 3207; baseline -0.008 -15"><span class='ocrx_word' id='word_1_216' title='bbox 562 3138 837 3207; x_wconf 85' lang='lat' dir='ltr'><strong><em>martyris.</em></strong></span> <span class='ocrx_word' id='word_1_217' title='bbox 910 3131 1185 3186; x_wconf 82' lang='lat' dir='ltr'><strong><em>Habemus</em></strong></span> <span class='ocrx_word' id='word_1_218' title='bbox 1239 3130 1404 3182; x_wconf 87' lang='lat' dir='ltr'><strong><em>etiam</em></strong></span> <span class='ocrx_word' id='word_1_219' title='bbox 1470 3126 1746 3195; x_wconf 80' lang='lat' dir='ltr'><strong><em>exemplar</em></strong></span> <span class='ocrx_word' id='word_1_220' title='bbox 1783 3124 2027 3179; x_wconf 67' lang='grc' dir='ltr'><strong><em>(ἰτωςιιηι</em></strong></span> <span class='ocrx_word' id='word_1_221' title='bbox 2083 3130 2135 3179; x_wconf 89' lang='lat' dir='ltr'><strong><em>in</em></strong></span> 
     </span>
    </p>
   </div>
   <div class='ocr_carea' id='block_1_33' title="bbox 561 3219 2139 3293">
    <p class='ocr_par' dir='ltr' id='par_1_33' title="bbox 561 3219 2139 3293">
     <span class='ocr_line' id='line_1_33' title="bbox 561 3219 2139 3293; baseline -0.01 -9"><span class='ocrx_word' id='word_1_222' title='bbox 561 3239 752 3284; x_wconf 86' lang='lat' dir='ltr'><strong><em>nostro</em></strong></span> <span class='ocrx_word' id='word_1_223' title='bbox 788 3224 1037 3293; x_wconf 70' lang='lat' dir='ltr'><strong><em>codice-l-</em></strong></span> <span class='ocrx_word' id='word_1_224' title='bbox 1078 3240 1179 3276; x_wconf 84' lang='lat' dir='ltr'><strong>IIIS.</strong></span> <span class='ocrx_word' id='word_1_225' title='bbox 1216 3223 1339 3283; x_wconf 71' lang='grc'><strong><em>194,</em></strong></span> <span class='ocrx_word' id='word_1_226' title='bbox 1376 3221 1534 3289; x_wconf 82' lang='lat' dir='ltr'><strong><em>cujus</em></strong></span> <span class='ocrx_word' id='word_1_227' title='bbox 1594 3219 1924 3287; x_wconf 80' lang='lat' dir='ltr'><strong><em>exemplaris</em></strong></span> <span class='ocrx_word' id='word_1_228' title='bbox 1982 3219 2139 3272; x_wconf 81' lang='lat' dir='ltr'><strong><em>titulo</em></strong></span> 
     </span>
    </p>
   </div>
   <div class='ocr_carea' id='block_1_34' title="bbox 560 3311 2143 3390">
    <p class='ocr_par' dir='ltr' id='par_1_34' title="bbox 560 3311 2143 3390">
     <span class='ocr_line' id='line_1_34' title="bbox 560 3311 2143 3390; baseline -0.006 -16"><span class='ocrx_word' id='word_1_229' title='bbox 560 3321 898 3390; x_wconf 55' lang='lat' dir='ltr'><strong><em>pra’notarur</em></strong></span> <span class='ocrx_word' id='word_1_230' title='bbox 944 3316 1135 3371; x_wconf 86' lang='lat' dir='ltr'><strong><em>eadem</em></strong></span> <span class='ocrx_word' id='word_1_231' title='bbox 1177 3315 1230 3366; x_wconf 90' lang='lat' dir='ltr'><strong><em>in</em></strong></span> <span class='ocrx_word' id='word_1_232' title='bbox 1285 3328 1386 3366; x_wconf 91' lang='lat' dir='ltr'><strong><em>ms.</em></strong></span> <span class='ocrx_word' id='word_1_233' title='bbox 1424 3313 1627 3365; x_wconf 78' lang='lat' dir='ltr'><strong><em>Caesar.</em></strong></span> <span class='ocrx_word' id='word_1_234' title='bbox 1662 3311 1730 3363; x_wconf 72' lang='grc'><strong><em>65</em></strong></span> <span class='ocrx_word' id='word_1_235' title='bbox 1756 3328 1876 3379; x_wconf 69' lang='lat' dir='ltr'><strong><em>pag.</em></strong></span> <span class='ocrx_word' id='word_1_236' title='bbox 1916 3311 2012 3363; x_wconf 65' lang='grc' dir='ltr'><strong><em>ρει</em></strong></span> <span class='ocrx_word' id='word_1_237' title='bbox 2050 3327 2143 3365; x_wconf 76' lang='grc' dir='ltr'><strong><em>ει-</em></strong></span> 
     </span>
    </p>
   </div>
   <div class='ocr_carea' id='block_1_35' title="bbox 566 3406 2141 3475">
    <p class='ocr_par' dir='ltr' id='par_1_35' title="bbox 566 3406 2141 3475">
     <span class='ocr_line' id='line_1_35' title="bbox 566 3406 2141 3475; baseline -0.004 -8"><span class='ocrx_word' id='word_1_238' title='bbox 566 3426 737 3469; x_wconf 85' lang='lat' dir='ltr'><strong><em>stare.</em></strong></span> <span class='ocrx_word' id='word_1_239' title='bbox 771 3411 931 3467; x_wconf 81' lang='lat' dir='ltr'><strong><em>Aliud</em></strong></span> <span class='ocrx_word' id='word_1_240' title='bbox 960 3410 1210 3465; x_wconf 78' lang='lat' dir='ltr'><strong><em>Cra-cum</em></strong></span> <span class='ocrx_word' id='word_1_241' title='bbox 1244 3407 1612 3475; x_wconf 65' lang='lat' dir='ltr'><strong><em>apographum</em></strong></span> <span class='ocrx_word' id='word_1_242' title='bbox 1644 3420 1989 3459; x_wconf 80' lang='lat' dir='ltr'><strong><em>asscrramus</em></strong></span> <span class='ocrx_word' id='word_1_243' title='bbox 2040 3406 2141 3461; x_wconf 91' lang='lat' dir='ltr'><strong><em>hoc</em></strong></span> 
     </span>
    </p>
   </div>
   <div class='ocr_carea' id='block_1_36' title="bbox 564 3500 2138 3572">
    <p class='ocr_par' dir='ltr' id='par_1_36' title="bbox 564 3500 2138 3572">
     <span class='ocr_line' id='line_1_36' title="bbox 564 3500 2138 3572; baseline -0.009 -10"><span class='ocrx_word' id='word_1_244' title='bbox 564 3508 723 3563; x_wconf 84' lang='lat' dir='ltr'><strong><em>titulo</em></strong></span> <span class='ocrx_word' id='word_1_245' title='bbox 755 3522 771 3561; x_wconf 87' lang='lat'><strong>:</strong></span> <span class='ocrx_word' id='word_1_246' title='bbox 803 3504 1117 3572; x_wconf 78' lang='grc' dir='ltr'>Μαρτύριον</span> <span class='ocrx_word' id='word_1_247' title='bbox 1156 3500 1249 3552; x_wconf 83' lang='grc' dir='ltr'><strong><em>τοῦ</em></strong></span> <span class='ocrx_word' id='word_1_248' title='bbox 1281 3500 1435 3565; x_wconf 71' lang='grc' dir='ltr'>ἁγίου</span> <span class='ocrx_word' id='word_1_249' title='bbox 1471 3501 1742 3568; x_wconf 73' lang='grc' dir='ltr'><strong><em>μάρτυρος</em></strong></span> <span class='ocrx_word' id='word_1_250' title='bbox 1773 3501 1864 3551; x_wconf 72' lang='grc' dir='ltr'><strong><em>τοῦ</em></strong></span> <span class='ocrx_word' id='word_1_251' title='bbox 1898 3500 2138 3569; x_wconf 74' lang='grc' dir='ltr'><strong><em>Στρατη-</em></strong></span> 
     </span>
    </p>
   </div>
   <div class='ocr_carea' id='block_1_37' title="bbox 563 3590 2137 3660">
    <p class='ocr_par' dir='ltr' id='par_1_37' title="bbox 563 3590 2137 3660">
     <span class='ocr_line' id='line_1_37' title="bbox 563 3590 2137 3660; baseline -0.006 -8"><span class='ocrx_word' id='word_1_252' title='bbox 563 3600 753 3660; x_wconf 81' lang='grc' dir='ltr'>λάτου,</span> <span class='ocrx_word' id='word_1_253' title='bbox 781 3612 843 3649; x_wconf 81' lang='lat' dir='ltr'><strong><em>ex</em></strong></span> <span class='ocrx_word' id='word_1_254' title='bbox 870 3596 994 3648; x_wconf 92' lang='lat' dir='ltr'><strong><em>cod.</em></strong></span> <span class='ocrx_word' id='word_1_255' title='bbox 1023 3592 1270 3644; x_wconf 82' lang='lat' dir='ltr'><strong><em>Ambros.</em></strong></span> <span class='ocrx_word' id='word_1_256' title='bbox 1302 3591 1365 3643; x_wconf 83' lang='lat' dir='ltr'><strong><em>N.</em></strong></span> <span class='ocrx_word' id='word_1_257' title='bbox 1391 3591 1427 3643; x_wconf 89' lang='lat' dir='ltr'><strong><em>f.</em></strong></span> <span class='ocrx_word' id='word_1_258' title='bbox 1461 3590 1657 3653; x_wconf 69' lang='lat' dir='ltr'><strong><em>n.152,</em></strong></span> <span class='ocrx_word' id='word_1_259' title='bbox 1686 3593 1823 3643; x_wconf 82' lang='lat' dir='ltr'><strong><em>sicut</em></strong></span> <span class='ocrx_word' id='word_1_260' title='bbox 1850 3592 2137 3647; x_wconf 84' lang='lat' dir='ltr'><strong><em>additurin</em></strong></span> 
     </span>
    </p>
   </div>
   <div class='ocr_carea' id='block_1_38' title="bbox 561 3681 2138 3757">
    <p class='ocr_par' dir='ltr' id='par_1_38' title="bbox 561 3681 2138 3757">
     <span class='ocr_line' id='line_1_38' title="bbox 561 3681 2138 3757; baseline -0.003 -15"><span class='ocrx_word' id='word_1_261' title='bbox 561 3690 751 3743; x_wconf 86' lang='lat' dir='ltr'><strong><em>eodem</em></strong></span> <span class='ocrx_word' id='word_1_262' title='bbox 778 3685 1113 3757; x_wconf 81' lang='lat' dir='ltr'><strong><em>apographo.</em></strong></span> <span class='ocrx_word' id='word_1_263' title='bbox 1144 3682 1338 3751; x_wconf 85' lang='lat' dir='ltr'><strong><em>Incipit</em></strong></span> <span class='ocrx_word' id='word_1_264' title='bbox 1368 3700 1381 3735; x_wconf 88' lang='lat'><strong>:</strong></span> <span class='ocrx_word' id='word_1_265' title='bbox 1408 3681 1509 3733; x_wconf 81' lang='grc' dir='ltr'><strong><em>Τὸν</em></strong></span> <span class='ocrx_word' id='word_1_266' title='bbox 1534 3682 1844 3751; x_wconf 75' lang='grc' dir='ltr'><strong><em>Θαυμαστὸν</em></strong></span> <span class='ocrx_word' id='word_1_267' title='bbox 1886 3684 2138 3752; x_wconf 75' lang='grc' dir='ltr'><strong><em>’Λνδρέαιν</em></strong></span> 
     </span>
    </p>
   </div>
   <div class='ocr_carea' id='block_1_39' title="bbox 558 3775 2140 3853">
    <p class='ocr_par' dir='ltr' id='par_1_39' title="bbox 558 3775 2140 3853">
     <span class='ocr_line' id='line_1_39' title="bbox 558 3775 2140 3853; baseline -0.004 -17"><span class='ocrx_word' id='word_1_268' title='bbox 558 3784 651 3836; x_wconf 69' lang='grc' dir='ltr'><strong><em>τὸν</em></strong></span> <span class='ocrx_word' id='word_1_269' title='bbox 685 3781 1086 3853; x_wconf 73' lang='grc' dir='ltr'><strong><em>στρατηλάτην.</em></strong></span> <span class='ocrx_word' id='word_1_270' title='bbox 1119 3776 1415 3831; x_wconf 79' lang='lat' dir='ltr'><strong><em>Mirabilem</em></strong></span> <span class='ocrx_word' id='word_1_271' title='bbox 1446 3775 1711 3828; x_wconf 75' lang='lat' dir='ltr'><strong><em>Andream</em></strong></span> <span class='ocrx_word' id='word_1_272' title='bbox 1744 3779 2001 3830; x_wconf 69' lang='lat' dir='ltr'><strong><em>exercitus</em></strong></span> <span class='ocrx_word' id='word_1_273' title='bbox 2037 3780 2140 3830; x_wconf 83' lang='lat' dir='ltr'><strong><em>da-</em></strong></span> 
     </span>
    </p>
   </div>
   <div class='ocr_carea' id='block_1_40' title="bbox 558 3883 830 3936">
    <p class='ocr_par' dir='ltr' id='par_1_40' title="bbox 558 3883 830 3936">
     <span class='ocr_line' id='line_1_40' title="bbox 558 3883 830 3936; baseline -0.007 -9"><span class='ocrx_word' id='word_1_274' title='bbox 558 3891 691 3936; x_wconf 79' lang='lat' dir='ltr'><strong><em>cem,</em></strong></span> <span class='ocrx_word' id='word_1_275' title='bbox 724 3883 830 3926; x_wconf 89' lang='lat' dir='ltr'><strong><em>etc.</em></strong></span> 
     </span>
    </p>
   </div>
   <div class='ocr_carea' id='block_1_41' title="bbox 632 3982 2138 4040">
    <p class='ocr_par' dir='ltr' id='par_1_41' title="bbox 632 3982 2138 4040">
     <span class='ocr_line' id='line_1_41' title="bbox 632 3982 2138 4040; baseline -0.004 0"><span class='ocrx_word' id='word_1_276' title='bbox 632 3988 681 4040; x_wconf 91' lang='lat'><strong><em>7.</em></strong></span> <span class='ocrx_word' id='word_1_277' title='bbox 729 3984 993 4039; x_wconf 87' lang='lat' dir='ltr'><strong><em>Baronius</em></strong></span> <span class='ocrx_word' id='word_1_278' title='bbox 1022 3998 1167 4038; x_wconf 90' lang='lat' dir='ltr'><strong><em>anno</em></strong></span> <span class='ocrx_word' id='word_1_279' title='bbox 1219 3982 1419 4039; x_wconf 76' lang='lat' dir='ltr'><strong><em>Christi</em></strong></span> <span class='ocrx_word' id='word_1_280' title='bbox 1480 3985 1577 4040; x_wconf 81' lang='lat'><strong><em>50|</em></strong></span> <span class='ocrx_word' id='word_1_281' title='bbox 1616 3984 1995 4039; x_wconf 82' lang='lat' dir='ltr'><strong><em>collectionem</em></strong></span> <span class='ocrx_word' id='word_1_282' title='bbox 2053 3984 2138 4035; x_wconf 86' lang='lat' dir='ltr'><strong><em>hi-</em></strong></span> 
     </span>
    </p>
   </div>
   <div class='ocr_carea' id='block_1_42' title="bbox 559 4076 2138 4146">
    <p class='ocr_par' dir='ltr' id='par_1_42' title="bbox 559 4076 2138 4146">
     <span class='ocr_line' id='line_1_42' title="bbox 559 4076 2138 4146; baseline -0.003 -12"><span class='ocrx_word' id='word_1_283' title='bbox 559 4079 814 4134; x_wconf 85' lang='lat' dir='ltr'><strong><em>storieam</em></strong></span> <span class='ocrx_word' id='word_1_284' title='bbox 854 4077 1116 4131; x_wconf 84' lang='lat' dir='ltr'><strong><em>Actorum</em></strong></span> <span class='ocrx_word' id='word_1_285' title='bbox 1166 4077 1401 4131; x_wconf 69' lang='lat' dir='ltr'><strong><em>intexuit</em></strong></span> <span class='ocrx_word' id='word_1_286' title='bbox 1432 4094 1446 4130; x_wconf 90' lang='lat'><strong>:</strong></span> <span class='ocrx_word' id='word_1_287' title='bbox 1478 4094 1598 4145; x_wconf 75' lang='lat' dir='ltr'><strong><em>qua:</em></strong></span> <span class='ocrx_word' id='word_1_288' title='bbox 1629 4078 1872 4146; x_wconf 77' lang='lat' dir='ltr'><strong><em>quidem,</em></strong></span> <span class='ocrx_word' id='word_1_289' title='bbox 1908 4076 1985 4129; x_wconf 91' lang='lat' dir='ltr'><strong><em>ait</em></strong></span> <span class='ocrx_word' id='word_1_290' title='bbox 2032 4077 2138 4130; x_wconf 88' lang='lat' dir='ltr'><strong><em>ibi-</em></strong></span> 
     </span>
    </p>
   </div>
   <div class='ocr_carea' id='block_1_43' title="bbox 559 4170 2136 4239">
    <p class='ocr_par' dir='ltr' id='par_1_43' title="bbox 559 4170 2136 4239">
     <span class='ocr_line' id='line_1_43' title="bbox 559 4170 2136 4239; baseline -0.003 -13"><span class='ocrx_word' id='word_1_291' title='bbox 559 4173 681 4226; x_wconf 86' lang='lat' dir='ltr'><strong><em>dem</em></strong></span> <span class='ocrx_word' id='word_1_292' title='bbox 718 4186 870 4225; x_wconf 91' lang='lat' dir='ltr'><strong><em>num.</em></strong></span> <span class='ocrx_word' id='word_1_293' title='bbox 903 4170 958 4237; x_wconf 86' lang='lat'><strong><em>5,</em></strong></span> <span class='ocrx_word' id='word_1_294' title='bbox 988 4185 1248 4239; x_wconf 78' lang='lat' dir='ltr'><strong><em>germana</em></strong></span> <span class='ocrx_word' id='word_1_295' title='bbox 1284 4180 1607 4224; x_wconf 88' lang='lat' dir='ltr'><strong><em>noscuntur.</em></strong></span> <span class='ocrx_word' id='word_1_296' title='bbox 1664 4176 1753 4235; x_wconf 86' lang='lat' dir='ltr'><strong><em>At,</em></strong></span> <span class='ocrx_word' id='word_1_297' title='bbox 1804 4170 1944 4223; x_wconf 88' lang='lat' dir='ltr'><strong><em>bona</em></strong></span> <span class='ocrx_word' id='word_1_298' title='bbox 1995 4170 2136 4222; x_wconf 87' lang='lat' dir='ltr'><strong><em>emi-</em></strong></span> 
     </span>
    </p>
   </div>
   <div class='ocr_carea' id='block_1_44' title="bbox 559 4261 2137 4326">
    <p class='ocr_par' dir='ltr' id='par_1_44' title="bbox 559 4261 2137 4326">
     <span class='ocr_line' id='line_1_44' title="bbox 559 4261 2137 4326; baseline -0.002 -10"><span class='ocrx_word' id='word_1_299' title='bbox 559 4261 873 4317; x_wconf 87' lang='lat' dir='ltr'><strong><em>nentissimi</em></strong></span> <span class='ocrx_word' id='word_1_300' title='bbox 911 4261 1211 4313; x_wconf 86' lang='lat' dir='ltr'><strong><em>cardinalis</em></strong></span> <span class='ocrx_word' id='word_1_301' title='bbox 1245 4264 1425 4323; x_wconf 85' lang='lat' dir='ltr'><strong><em>venia,</em></strong></span> <span class='ocrx_word' id='word_1_302' title='bbox 1452 4276 1560 4312; x_wconf 90' lang='lat' dir='ltr'><strong><em>non</em></strong></span> <span class='ocrx_word' id='word_1_303' title='bbox 1611 4276 1795 4326; x_wconf 75' lang='lat' dir='ltr'><strong><em>pauca:</em></strong></span> <span class='ocrx_word' id='word_1_304' title='bbox 1840 4269 2137 4313; x_wconf 89' lang='lat' dir='ltr'><strong><em>occurrunt</em></strong></span> 
     </span>
    </p>
   </div>
   <div class='ocr_carea' id='block_1_45' title="bbox 557 4347 2134 4419">
    <p class='ocr_par' dir='ltr' id='par_1_45' title="bbox 557 4347 2134 4419">
     <span class='ocr_line' id='line_1_45' title="bbox 557 4347 2134 4419; baseline -0.004 -9"><span class='ocrx_word' id='word_1_305' title='bbox 557 4354 927 4412; x_wconf 78' lang='lat' dir='ltr'><strong><em>difﬁcultates,</em></strong></span> <span class='ocrx_word' id='word_1_306' title='bbox 971 4350 1223 4419; x_wconf 79' lang='lat' dir='ltr'><strong><em>qtneillis</em></strong></span> <span class='ocrx_word' id='word_1_307' title='bbox 1251 4350 1682 4404; x_wconf 79' lang='lat' dir='ltr'><strong><em>incommodam.</em></strong></span> <span class='ocrx_word' id='word_1_308' title='bbox 1755 4347 1888 4403; x_wconf 76' lang='lat' dir='ltr'><strong><em>Nam</em></strong></span> <span class='ocrx_word' id='word_1_309' title='bbox 1937 4352 2134 4419; x_wconf 82' lang='lat' dir='ltr'><strong><em>primo.</em></strong></span> 
     </span>
    </p>
   </div>
   <div class='ocr_carea' id='block_1_46' title="bbox 559 4445 2129 4516">
    <p class='ocr_par' dir='ltr' id='par_1_46' title="bbox 559 4445 2129 4516">
     <span class='ocr_line' id='line_1_46' title="bbox 559 4445 2129 4516; baseline -0.004 -13"><span class='ocrx_word' id='word_1_310' title='bbox 559 4464 623 4503; x_wconf 87' lang='lat' dir='ltr'><strong><em>ea</em></strong></span> <span class='ocrx_word' id='word_1_311' title='bbox 657 4462 765 4500; x_wconf 87' lang='lat' dir='ltr'><strong><em>non</em></strong></span> <span class='ocrx_word' id='word_1_312' title='bbox 818 4459 943 4499; x_wconf 89' lang='lat' dir='ltr'><strong><em>esse</em></strong></span> <span class='ocrx_word' id='word_1_313' title='bbox 997 4454 1216 4497; x_wconf 81' lang='lat' dir='ltr'><strong><em>exarata</em></strong></span> <span class='ocrx_word' id='word_1_314' title='bbox 1258 4460 1287 4498; x_wconf 84' lang='lat' dir='ltr'><strong><em>a</em></strong></span> <span class='ocrx_word' id='word_1_315' title='bbox 1329 4445 1595 4513; x_wconf 86' lang='lat' dir='ltr'><strong><em>scriptore</em></strong></span> <span class='ocrx_word' id='word_1_316' title='bbox 1650 4458 2129 4516; x_wconf 84' lang='lat' dir='ltr'><strong><em>contemporanco,</em></strong></span> 
     </span>
    </p>
   </div>
   <div class='ocr_carea' id='block_1_47' title="bbox 3716 385 3817 451">
    <p class='ocr_par' dir='ltr' id='par_1_47' title="bbox 3716 385 3817 451">
     <span class='ocr_line' id='line_1_47' title="bbox 3716 385 3817 451; baseline -0.05 1"><span class='ocrx_word' id='word_1_317' title='bbox 3716 385 3817 451; x_wconf 72' lang='lat'><strong><em>502</em></strong></span> 
     </span>
    </p>
   </div>
   <div class='ocr_carea' id='block_1_48' title="bbox 2244 584 3827 657">
    <p class='ocr_par' dir='ltr' id='par_1_48' title="bbox 2244 584 3827 657">
     <span class='ocr_line' id='line_1_48' title="bbox 2244 584 3827 657; baseline 0.003 -21"><span class='ocrx_word' id='word_1_318' title='bbox 2244 584 2383 649; x_wconf 79' lang='lat' dir='ltr'><strong><em>illas,</em></strong></span> <span class='ocrx_word' id='word_1_319' title='bbox 2420 600 2540 653; x_wconf 67' lang='lat' dir='ltr'><strong><em>quae</em></strong></span> <span class='ocrx_word' id='word_1_320' title='bbox 2580 585 2646 639; x_wconf 94' lang='lat' dir='ltr'><strong><em>ad</em></strong></span> <span class='ocrx_word' id='word_1_321' title='bbox 2680 586 2911 640; x_wconf 80' lang='lat' dir='ltr'><strong><em>salutem</em></strong></span> <span class='ocrx_word' id='word_1_322' title='bbox 2951 589 3226 657; x_wconf 88' lang='lat' dir='ltr'><strong><em>pertinent</em></strong></span> <span class='ocrx_word' id='word_1_323' title='bbox 3257 605 3271 653; x_wconf 91' lang='lat'><strong>;</strong></span> <span class='ocrx_word' id='word_1_324' title='bbox 3304 588 3506 657; x_wconf 87' lang='lat' dir='ltr'><strong><em>quique</em></strong></span> <span class='ocrx_word' id='word_1_325' title='bbox 3536 588 3602 640; x_wconf 91' lang='lat' dir='ltr'><strong><em>ad</em></strong></span> <span class='ocrx_word' id='word_1_326' title='bbox 3645 588 3827 641; x_wconf 85' lang='lat' dir='ltr'><strong><em>locum</em></strong></span> 
     </span>
    </p>
   </div>
   <div class='ocr_carea' id='block_1_49' title="bbox 2245 675 3830 749">
    <p class='ocr_par' dir='ltr' id='par_1_49' title="bbox 2245 675 3830 749">
     <span class='ocr_line' id='line_1_49' title="bbox 2245 675 3830 749; baseline 0.004 -21"><span class='ocrx_word' id='word_1_327' title='bbox 2245 675 2390 730; x_wconf 87' lang='lat' dir='ltr'><strong><em>hunc</em></strong></span> <span class='ocrx_word' id='word_1_328' title='bbox 2424 676 2791 746; x_wconf 78' lang='lat' dir='ltr'><strong><em>confugerint,</em></strong></span> <span class='ocrx_word' id='word_1_329' title='bbox 2828 693 2925 732; x_wconf 86' lang='lat' dir='ltr'><strong><em>eos</em></strong></span> <span class='ocrx_word' id='word_1_330' title='bbox 2966 690 3186 749; x_wconf 78' lang='lat' dir='ltr'><strong><em>protege</em></strong></span> <span class='ocrx_word' id='word_1_331' title='bbox 3214 718 3229 733; x_wconf 95' lang='lat'><strong><em>.</em></strong></span> <span class='ocrx_word' id='word_1_332' title='bbox 3259 718 3274 733; x_wconf 93' lang='lat'><strong><em>.</em></strong></span> <span class='ocrx_word' id='word_1_333' title='bbox 3327 690 3380 733; x_wconf 91' lang='lat' dir='ltr'><strong><em>et</em></strong></span> <span class='ocrx_word' id='word_1_334' title='bbox 3408 696 3518 748; x_wconf 89' lang='lat' dir='ltr'><strong><em>quo</em></strong></span> <span class='ocrx_word' id='word_1_335' title='bbox 3551 681 3673 733; x_wconf 86' lang='lat' dir='ltr'><strong><em>loco</em></strong></span> <span class='ocrx_word' id='word_1_336' title='bbox 3727 682 3830 733; x_wconf 87' lang='lat' dir='ltr'><strong><em>hu-</em></strong></span> 
     </span>
    </p>
   </div>
   <div class='ocr_carea' id='block_1_50' title="bbox 2244 766 3828 836">
    <p class='ocr_par' dir='ltr' id='par_1_50' title="bbox 2244 766 3828 836">
     <span class='ocr_line' id='line_1_50' title="bbox 2244 766 3828 836; baseline 0.002 -17"><span class='ocrx_word' id='word_1_337' title='bbox 2244 766 2389 819; x_wconf 83' lang='lat' dir='ltr'><strong><em>milis</em></strong></span> <span class='ocrx_word' id='word_1_338' title='bbox 2418 767 2643 836; x_wconf 80' lang='lat' dir='ltr'><strong><em>sanguis</em></strong></span> <span class='ocrx_word' id='word_1_339' title='bbox 2672 776 2861 820; x_wconf 84' lang='lat' dir='ltr'><strong><em>noster</em></strong></span> <span class='ocrx_word' id='word_1_340' title='bbox 2898 766 3108 823; x_wconf 71' lang='lat' dir='ltr'><strong><em>etinsus</em></strong></span> <span class='ocrx_word' id='word_1_341' title='bbox 3139 770 3327 829; x_wconf 85' lang='lat' dir='ltr'><strong><em>fuerit,</em></strong></span> <span class='ocrx_word' id='word_1_342' title='bbox 3358 770 3450 823; x_wconf 82' lang='lat' dir='ltr'><strong><em>fiat</em></strong></span> <span class='ocrx_word' id='word_1_343' title='bbox 3508 770 3621 823; x_wconf 86' lang='lat' dir='ltr'><strong><em>illis</em></strong></span> <span class='ocrx_word' id='word_1_344' title='bbox 3660 785 3828 822; x_wconf 82' lang='lat' dir='ltr'><strong><em>cura-</em></strong></span> 
     </span>
    </p>
   </div>
   <div class='ocr_carea' id='block_1_51' title="bbox 2247 858 3837 929">
    <p class='ocr_par' dir='ltr' id='par_1_51' title="bbox 2247 858 3837 929">
     <span class='ocr_line' id='line_1_51' title="bbox 2247 858 3837 929; baseline 0.002 -19"><span class='ocrx_word' id='word_1_345' title='bbox 2247 858 2454 910; x_wconf 90' lang='lat' dir='ltr'><strong><em>tionum</em></strong></span> <span class='ocrx_word' id='word_1_346' title='bbox 2486 861 2637 919; x_wconf 85' lang='lat' dir='ltr'><strong><em>fons,</em></strong></span> <span class='ocrx_word' id='word_1_347' title='bbox 2690 877 2708 910; x_wconf 75' lang='grc' dir='ltr'><strong><em>ι</em></strong></span> <span class='ocrx_word' id='word_1_348' title='bbox 2739 868 2846 912; x_wconf 90' lang='lat' dir='ltr'><strong><em>etc.</em></strong></span> <span class='ocrx_word' id='word_1_349' title='bbox 2870 859 3076 922; x_wconf 77' lang='lat' dir='ltr'><strong><em>Oratio,</em></strong></span> <span class='ocrx_word' id='word_1_350' title='bbox 3113 863 3354 929; x_wconf 90' lang='lat' dir='ltr'><strong><em>inquam.</em></strong></span> <span class='ocrx_word' id='word_1_351' title='bbox 3387 862 3471 914; x_wconf 84' lang='lat' dir='ltr'><strong><em>illa</em></strong></span> <span class='ocrx_word' id='word_1_352' title='bbox 3501 876 3715 912; x_wconf 82' lang='lat' dir='ltr'><strong><em>merum</em></strong></span> <span class='ocrx_word' id='word_1_353' title='bbox 3750 869 3837 913; x_wconf 83' lang='lat' dir='ltr'><strong><em>est</em></strong></span> 
     </span>
    </p>
   </div>
   <div class='ocr_carea' id='block_1_52' title="bbox 2244 950 3833 1026">
    <p class='ocr_par' dir='ltr' id='par_1_52' title="bbox 2244 950 3833 1026">
     <span class='ocr_line' id='line_1_52' title="bbox 2244 950 3833 1026; baseline 0.003 -25"><span class='ocrx_word' id='word_1_354' title='bbox 2244 950 2572 1017; x_wconf 87' lang='lat' dir='ltr'><strong><em>episodium,</em></strong></span> <span class='ocrx_word' id='word_1_355' title='bbox 2607 968 2731 1005; x_wconf 90' lang='lat' dir='ltr'><strong><em>cum</em></strong></span> <span class='ocrx_word' id='word_1_356' title='bbox 2758 969 2785 1005; x_wconf 95' lang='lat' dir='ltr'><strong><em>a</em></strong></span> <span class='ocrx_word' id='word_1_357' title='bbox 2812 954 3030 1006; x_wconf 86' lang='lat' dir='ltr'><strong><em>nemine</em></strong></span> <span class='ocrx_word' id='word_1_358' title='bbox 3054 954 3289 1026; x_wconf 85' lang='lat' dir='ltr'><strong><em>potuerit</em></strong></span> <span class='ocrx_word' id='word_1_359' title='bbox 3329 955 3503 1005; x_wconf 81' lang='lat' dir='ltr'><strong><em>audiri</em></strong></span> <span class='ocrx_word' id='word_1_360' title='bbox 3534 954 3636 1004; x_wconf 82' lang='lat' dir='ltr'><strong><em>nisi</em></strong></span> <span class='ocrx_word' id='word_1_361' title='bbox 3667 968 3695 1004; x_wconf 88' lang='lat' dir='ltr'><strong><em>a</em></strong></span> <span class='ocrx_word' id='word_1_362' title='bbox 3740 967 3833 1005; x_wconf 57' lang='lat' dir='ltr'><strong><em>so.</em></strong></span> 
     </span>
    </p>
   </div>
   <div class='ocr_carea' id='block_1_53' title="bbox 2246 1040 3833 1113">
    <p class='ocr_par' dir='ltr' id='par_1_53' title="bbox 2246 1040 3833 1113">
     <span class='ocr_line' id='line_1_53' title="bbox 2246 1040 3833 1113; baseline 0.001 -21"><span class='ocrx_word' id='word_1_363' title='bbox 2246 1040 2311 1093; x_wconf 90' lang='lat' dir='ltr'><strong><em>lis</em></strong></span> <span class='ocrx_word' id='word_1_364' title='bbox 2347 1040 2478 1109; x_wconf 83' lang='lat' dir='ltr'><strong><em>ipsis</em></strong></span> <span class='ocrx_word' id='word_1_365' title='bbox 2507 1044 2858 1110; x_wconf 83' lang='lat' dir='ltr'><strong><em>martyribus,</em></strong></span> <span class='ocrx_word' id='word_1_366' title='bbox 2893 1047 3093 1111; x_wconf 83' lang='lat' dir='ltr'><strong><em>quibus</em></strong></span> <span class='ocrx_word' id='word_1_367' title='bbox 3127 1060 3223 1113; x_wconf 83' lang='lat' dir='ltr'><strong><em>per</em></strong></span> <span class='ocrx_word' id='word_1_368' title='bbox 3256 1054 3472 1110; x_wconf 84' lang='lat' dir='ltr'><strong><em>tempus</em></strong></span> <span class='ocrx_word' id='word_1_369' title='bbox 3504 1058 3613 1096; x_wconf 88' lang='lat' dir='ltr'><strong><em>non</em></strong></span> <span class='ocrx_word' id='word_1_370' title='bbox 3674 1042 3833 1093; x_wconf 78' lang='lat' dir='ltr'><strong><em>licuit</em></strong></span> 
     </span>
    </p>
   </div>
   <div class='ocr_carea' id='block_1_54' title="bbox 2244 1132 3839 1205">
    <p class='ocr_par' dir='ltr' id='par_1_54' title="bbox 2244 1132 3839 1205">
     <span class='ocr_line' id='line_1_54' title="bbox 2244 1132 3839 1205; baseline -0.001 -19"><span class='ocrx_word' id='word_1_371' title='bbox 2244 1149 2365 1186; x_wconf 88' lang='lat' dir='ltr'><strong><em>eam</em></strong></span> <span class='ocrx_word' id='word_1_372' title='bbox 2411 1135 2532 1187; x_wconf 91' lang='lat' dir='ltr'><strong><em>aliis</em></strong></span> <span class='ocrx_word' id='word_1_373' title='bbox 2570 1134 2798 1187; x_wconf 85' lang='lat' dir='ltr'><strong><em>referre.</em></strong></span> <span class='ocrx_word' id='word_1_374' title='bbox 2842 1138 3065 1188; x_wconf 76' lang='lat' dir='ltr'><strong><em>Aereilit</em></strong></span> <span class='ocrx_word' id='word_1_375' title='bbox 3103 1152 3188 1197; x_wconf 85' lang='lat' dir='ltr'><strong><em>eo,</em></strong></span> <span class='ocrx_word' id='word_1_376' title='bbox 3219 1137 3364 1205; x_wconf 87' lang='lat' dir='ltr'><strong><em>quod</em></strong></span> <span class='ocrx_word' id='word_1_377' title='bbox 3412 1151 3520 1187; x_wconf 90' lang='lat' dir='ltr'><strong><em>non</em></strong></span> <span class='ocrx_word' id='word_1_378' title='bbox 3569 1135 3707 1187; x_wconf 80' lang='lat' dir='ltr'><strong><em>satis</em></strong></span> <span class='ocrx_word' id='word_1_379' title='bbox 3752 1132 3839 1185; x_wconf 76' lang='lat' dir='ltr'><strong><em>vi-</em></strong></span> 
     </span>
    </p>
   </div>
   <div class='ocr_carea' id='block_1_55' title="bbox 2244 1222 3841 1291">
    <p class='ocr_par' dir='ltr' id='par_1_55' title="bbox 2244 1222 3841 1291">
     <span class='ocr_line' id='line_1_55' title="bbox 2244 1222 3841 1291; baseline -0.003 -14"><span class='ocrx_word' id='word_1_380' title='bbox 2244 1225 2438 1277; x_wconf 85' lang='lat' dir='ltr'><strong><em>deatur</em></strong></span> <span class='ocrx_word' id='word_1_381' title='bbox 2475 1234 2846 1278; x_wconf 77' lang='lat' dir='ltr'><strong><em>consentanea</em></strong></span> <span class='ocrx_word' id='word_1_382' title='bbox 2892 1224 3190 1278; x_wconf 83' lang='lat' dir='ltr'><strong><em>humilitati</em></strong></span> <span class='ocrx_word' id='word_1_383' title='bbox 3238 1226 3586 1287; x_wconf 69' lang='lat' dir='ltr'><strong><em>Christianm,</em></strong></span> <span class='ocrx_word' id='word_1_384' title='bbox 3621 1238 3745 1291; x_wconf 68' lang='lat' dir='ltr'><strong><em>qua:</em></strong></span> <span class='ocrx_word' id='word_1_385' title='bbox 3779 1222 3841 1274; x_wconf 86' lang='lat' dir='ltr'><strong><em>iu</em></strong></span> 
     </span>
    </p>
   </div>
   <div class='ocr_carea' id='block_1_56' title="bbox 2244 1315 3041 1383">
    <p class='ocr_par' dir='ltr' id='par_1_56' title="bbox 2244 1315 3041 1383">
     <span class='ocr_line' id='line_1_56' title="bbox 2244 1315 3041 1383; baseline 0 -16"><span class='ocrx_word' id='word_1_386' title='bbox 2244 1316 2575 1383; x_wconf 79' lang='lat' dir='ltr'><strong><em>martyribus</em></strong></span> <span class='ocrx_word' id='word_1_387' title='bbox 2612 1318 2829 1368; x_wconf 82' lang='lat' dir='ltr'><strong><em>elucere</em></strong></span> <span class='ocrx_word' id='word_1_388' title='bbox 2862 1315 3041 1368; x_wconf 81' lang='lat' dir='ltr'><strong><em>debet.</em></strong></span> 
     </span>
    </p>
   </div>
   <div class='ocr_carea' id='block_1_57' title="bbox 2315 1406 3844 1475">
    <p class='ocr_par' dir='ltr' id='par_1_57' title="bbox 2315 1406 3844 1475">
     <span class='ocr_line' id='line_1_57' title="bbox 2315 1406 3844 1475; baseline -0.001 -16"><span class='ocrx_word' id='word_1_389' title='bbox 2315 1407 2364 1459; x_wconf 93' lang='lat'><strong><em>8.</em></strong></span> <span class='ocrx_word' id='word_1_390' title='bbox 2413 1408 2621 1469; x_wconf 81' lang='lat' dir='ltr'><strong><em>Tertio,</em></strong></span> <span class='ocrx_word' id='word_1_391' title='bbox 2684 1410 2882 1461; x_wconf 84' lang='lat' dir='ltr'><strong><em>mirum</em></strong></span> <span class='ocrx_word' id='word_1_392' title='bbox 2953 1412 3116 1461; x_wconf 78' lang='lat' dir='ltr'><strong><em>etiam</em></strong></span> <span class='ocrx_word' id='word_1_393' title='bbox 3152 1407 3320 1461; x_wconf 79' lang='lat' dir='ltr'><strong><em>videri</em></strong></span> <span class='ocrx_word' id='word_1_394' title='bbox 3366 1418 3564 1475; x_wconf 84' lang='lat' dir='ltr'><strong><em>potest,</em></strong></span> <span class='ocrx_word' id='word_1_395' title='bbox 3618 1406 3678 1460; x_wconf 87' lang='lat' dir='ltr'><strong><em>S.</em></strong></span> <span class='ocrx_word' id='word_1_396' title='bbox 3720 1406 3844 1459; x_wconf 75' lang='lat' dir='ltr'><strong><em>An-</em></strong></span> 
     </span>
    </p>
   </div>
   <div class='ocr_carea' id='block_1_58' title="bbox 2245 1501 3842 1571">
    <p class='ocr_par' dir='ltr' id='par_1_58' title="bbox 2245 1501 3842 1571">
     <span class='ocr_line' id='line_1_58' title="bbox 2245 1501 3842 1571; baseline -0.002 -17"><span class='ocrx_word' id='word_1_397' title='bbox 2245 1502 2455 1556; x_wconf 88' lang='lat' dir='ltr'><strong><em>dream.</em></strong></span> <span class='ocrx_word' id='word_1_398' title='bbox 2490 1502 2693 1558; x_wconf 77' lang='lat' dir='ltr'><strong><em>Christi</em></strong></span> <span class='ocrx_word' id='word_1_399' title='bbox 2729 1504 2887 1553; x_wconf 82' lang='lat' dir='ltr'><strong><em>fidem</em></strong></span> <span class='ocrx_word' id='word_1_400' title='bbox 2919 1505 3250 1570; x_wconf 67' lang='lat' dir='ltr'><strong><em>amplexum,</em></strong></span> <span class='ocrx_word' id='word_1_401' title='bbox 3295 1506 3481 1571; x_wconf 71' lang='lat' dir='ltr'><strong><em>praelio</em></strong></span> <span class='ocrx_word' id='word_1_402' title='bbox 3536 1504 3658 1558; x_wconf 82' lang='lat' dir='ltr'><strong><em>uni.</em></strong></span> <span class='ocrx_word' id='word_1_403' title='bbox 3700 1501 3842 1567; x_wconf 85' lang='lat' dir='ltr'><strong><em>quin</em></strong></span> 
     </span>
    </p>
   </div>
   <div class='ocr_carea' id='block_1_59' title="bbox 2248 1590 3839 1659">
    <p class='ocr_par' dir='ltr' id='par_1_59' title="bbox 2248 1590 3839 1659">
     <span class='ocr_line' id='line_1_59' title="bbox 2248 1590 3839 1659; baseline -0.004 -15"><span class='ocrx_word' id='word_1_404' title='bbox 2248 1592 2355 1644; x_wconf 90' lang='lat' dir='ltr'><strong><em>imo</em></strong></span> <span class='ocrx_word' id='word_1_405' title='bbox 2410 1592 2699 1659; x_wconf 87' lang='lat' dir='ltr'><strong><em>pluribus.</em></strong></span> <span class='ocrx_word' id='word_1_406' title='bbox 2765 1600 2927 1658; x_wconf 87' lang='lat' dir='ltr'><strong><em>prout</em></strong></span> <span class='ocrx_word' id='word_1_407' title='bbox 2986 1600 3231 1659; x_wconf 86' lang='lat' dir='ltr'><strong><em>apparet,</em></strong></span> <span class='ocrx_word' id='word_1_408' title='bbox 3302 1605 3422 1642; x_wconf 79' lang='lat' dir='ltr'><strong><em>sese</em></strong></span> <span class='ocrx_word' id='word_1_409' title='bbox 3476 1590 3839 1655; x_wconf 70' lang='lat' dir='ltr'><strong><em>exposuisse,</em></strong></span> 
     </span>
    </p>
   </div>
   <div class='ocr_carea' id='block_1_60' title="bbox 2245 1681 3840 1752">
    <p class='ocr_par' dir='ltr' id='par_1_60' title="bbox 2245 1681 3840 1752">
     <span class='ocr_line' id='line_1_60' title="bbox 2245 1681 3840 1752; baseline -0.005 -15"><span class='ocrx_word' id='word_1_410' title='bbox 2245 1696 2540 1752; x_wconf 77' lang='lat' dir='ltr'><strong><em>antequam</em></strong></span> <span class='ocrx_word' id='word_1_411' title='bbox 2576 1686 2825 1752; x_wconf 77' lang='lat' dir='ltr'><strong><em>petiissot</em></strong></span> <span class='ocrx_word' id='word_1_412' title='bbox 2878 1694 3041 1751; x_wconf 83' lang='lat' dir='ltr'><strong><em>atque</em></strong></span> <span class='ocrx_word' id='word_1_413' title='bbox 3093 1682 3419 1735; x_wconf 76' lang='lat' dir='ltr'><strong><em>obtinuisset</em></strong></span> <span class='ocrx_word' id='word_1_414' title='bbox 3472 1681 3840 1747; x_wconf 81' lang='lat' dir='ltr'><strong><em>baptismum.</em></strong></span> 
     </span>
    </p>
   </div>
   <div class='ocr_carea' id='block_1_61' title="bbox 2245 1770 3843 1839">
    <p class='ocr_par' dir='ltr' id='par_1_61' title="bbox 2245 1770 3843 1839">
     <span class='ocr_line' id='line_1_61' title="bbox 2245 1770 3843 1839; baseline -0.008 -10"><span class='ocrx_word' id='word_1_415' title='bbox 2245 1778 2561 1839; x_wconf 81' lang='lat' dir='ltr'><strong><em>Audiantur</em></strong></span> <span class='ocrx_word' id='word_1_416' title='bbox 2599 1780 2729 1829; x_wconf 81' lang='lat' dir='ltr'><strong><em>Acta</em></strong></span> <span class='ocrx_word' id='word_1_417' title='bbox 2763 1794 2777 1827; x_wconf 89' lang='lat'><strong>:</strong></span> <span class='ocrx_word' id='word_1_418' title='bbox 2821 1794 2836 1825; x_wconf 79' lang='grc' dir='ltr'>ι</span> <span class='ocrx_word' id='word_1_419' title='bbox 2875 1778 3024 1827; x_wconf 77' lang='lat' dir='ltr'><strong><em>Inter</em></strong></span> <span class='ocrx_word' id='word_1_420' title='bbox 3061 1775 3329 1827; x_wconf 86' lang='lat' dir='ltr'><strong><em>idolorum</em></strong></span> <span class='ocrx_word' id='word_1_421' title='bbox 3368 1774 3614 1823; x_wconf 81' lang='lat' dir='ltr'><strong><em>cultores</em></strong></span> <span class='ocrx_word' id='word_1_422' title='bbox 3683 1770 3843 1819; x_wconf 78' lang='lat' dir='ltr'><strong><em>velut</em></strong></span> 
     </span>
    </p>
   </div>
   <div class='ocr_carea' id='block_1_62' title="bbox 2241 1861 3839 1936">
    <p class='ocr_par' dir='ltr' id='par_1_62' title="bbox 2241 1861 3839 1936">
     <span class='ocr_line' id='line_1_62' title="bbox 2241 1861 3839 1936; baseline -0.008 -13"><span class='ocrx_word' id='word_1_423' title='bbox 2241 1885 2358 1923; x_wconf 82' lang='lat' dir='ltr'><strong><em>rosa</em></strong></span> <span class='ocrx_word' id='word_1_424' title='bbox 2386 1869 2611 1922; x_wconf 80' lang='lat' dir='ltr'><strong><em>ﬂorebat</em></strong></span> <span class='ocrx_word' id='word_1_425' title='bbox 2647 1870 2790 1922; x_wconf 86' lang='lat' dir='ltr'><strong><em>inter</em></strong></span> <span class='ocrx_word' id='word_1_426' title='bbox 2833 1870 3021 1936; x_wconf 86' lang='lat' dir='ltr'><strong><em>spinas</em></strong></span> <span class='ocrx_word' id='word_1_427' title='bbox 3057 1906 3071 1919; x_wconf 94' lang='lat'><strong><em>.</em></strong></span> <span class='ocrx_word' id='word_1_428' title='bbox 3114 1909 3125 1919; x_wconf 93' lang='lat'><strong><em>.</em></strong></span> <span class='ocrx_word' id='word_1_429' title='bbox 3164 1865 3519 1919; x_wconf 60' lang='lat' dir='ltr'><strong><em>fidelissimus</em></strong></span> <span class='ocrx_word' id='word_1_430' title='bbox 3566 1861 3657 1916; x_wconf 81' lang='lat' dir='ltr'><strong><em>Dei</em></strong></span> <span class='ocrx_word' id='word_1_431' title='bbox 3708 1876 3839 1912; x_wconf 88' lang='lat' dir='ltr'><strong><em>ser-</em></strong></span> 
     </span>
    </p>
   </div>
   <div class='ocr_carea' id='block_1_63' title="bbox 2242 1954 3836 2029">
    <p class='ocr_par' dir='ltr' id='par_1_63' title="bbox 2242 1954 3836 2029">
     <span class='ocr_line' id='line_1_63' title="bbox 2242 1954 3836 2029; baseline -0.004 -19"><span class='ocrx_word' id='word_1_432' title='bbox 2242 1976 2340 2012; x_wconf 84' lang='lat' dir='ltr'><strong><em>vus</em></strong></span> <span class='ocrx_word' id='word_1_433' title='bbox 2363 1970 2417 2013; x_wconf 80' lang='lat' dir='ltr'><strong><em>et</em></strong></span> <span class='ocrx_word' id='word_1_434' title='bbox 2454 1972 2658 2029; x_wconf 65' lang='lat' dir='ltr'><strong><em>martyr</em></strong></span> <span class='ocrx_word' id='word_1_435' title='bbox 2681 1961 2926 2014; x_wconf 81' lang='lat' dir='ltr'><strong><em>Andreas</em></strong></span> <span class='ocrx_word' id='word_1_436' title='bbox 2952 1999 2989 2012; x_wconf 91' lang='lat'><strong><em>..</em></strong></span> <span class='ocrx_word' id='word_1_437' title='bbox 3028 1958 3124 2011; x_wconf 82' lang='lat' dir='ltr'><strong><em>Hie</em></strong></span> <span class='ocrx_word' id='word_1_438' title='bbox 3152 1996 3165 2010; x_wconf 90' lang='lat'><strong><em>.</em></strong></span> <span class='ocrx_word' id='word_1_439' title='bbox 3194 1996 3206 2008; x_wconf 95' lang='lat'><strong><em>.</em></strong></span> <span class='ocrx_word' id='word_1_440' title='bbox 3228 1958 3355 2009; x_wconf 81' lang='lat' dir='ltr'><strong><em>.lcsu</em></strong></span> <span class='ocrx_word' id='word_1_441' title='bbox 3395 1954 3596 2008; x_wconf 82' lang='lat' dir='ltr'><strong><em>Christi</em></strong></span> <span class='ocrx_word' id='word_1_442' title='bbox 3665 1962 3836 2018; x_wconf 79' lang='lat' dir='ltr'><strong><em>opem</em></strong></span> 
     </span>
    </p>
   </div>
   <div class='ocr_carea' id='block_1_64' title="bbox 2240 2050 3836 2115">
    <p class='ocr_par' dir='ltr' id='par_1_64' title="bbox 2240 2050 3836 2115">
     <span class='ocr_line' id='line_1_64' title="bbox 2240 2050 3836 2115; baseline -0.004 -8"><span class='ocrx_word' id='word_1_443' title='bbox 2240 2065 2531 2108; x_wconf 80' lang='lat' dir='ltr'><strong><em>assecutus</em></strong></span> <span class='ocrx_word' id='word_1_444' title='bbox 2562 2055 2971 2107; x_wconf 64' lang='lat' dir='ltr'><strong><em>adversantium</em></strong></span> <span class='ocrx_word' id='word_1_445' title='bbox 3006 2051 3475 2105; x_wconf 82' lang='lat' dir='ltr'><strong><em>bellorumhnsles</em></strong></span> <span class='ocrx_word' id='word_1_446' title='bbox 3502 2050 3836 2115; x_wconf 79' lang='lat' dir='ltr'><strong><em>superabat,</em></strong></span> 
     </span>
    </p>
   </div>
   <div class='ocr_carea' id='block_1_65' title="bbox 2241 2142 3839 2215">
    <p class='ocr_par' dir='ltr' id='par_1_65' title="bbox 2241 2142 3839 2215">
     <span class='ocr_line' id='line_1_65' title="bbox 2241 2142 3839 2215; baseline -0.005 -14"><span class='ocrx_word' id='word_1_447' title='bbox 2241 2158 2293 2201; x_wconf 82' lang='lat' dir='ltr'><strong><em>et</em></strong></span> <span class='ocrx_word' id='word_1_448' title='bbox 2326 2149 2511 2201; x_wconf 86' lang='lat' dir='ltr'><strong><em>multis</em></strong></span> <span class='ocrx_word' id='word_1_449' title='bbox 2544 2148 2778 2215; x_wconf 74' lang='lat' dir='ltr'><strong><em>egregiis</em></strong></span> <span class='ocrx_word' id='word_1_450' title='bbox 2827 2163 2889 2201; x_wconf 86' lang='lat' dir='ltr'><strong><em>ac</em></strong></span> <span class='ocrx_word' id='word_1_451' title='bbox 2924 2148 3163 2200; x_wconf 82' lang='lat' dir='ltr'><strong><em>strenuis</em></strong></span> <span class='ocrx_word' id='word_1_452' title='bbox 3194 2146 3529 2199; x_wconf 83' lang='lat' dir='ltr'><strong><em>facinoribus</em></strong></span> <span class='ocrx_word' id='word_1_453' title='bbox 3588 2142 3839 2194; x_wconf 75' lang='lat' dir='ltr'><strong><em>excelle-</em></strong></span> 
     </span>
    </p>
   </div>
   <div class='ocr_carea' id='block_1_66' title="bbox 2241 2238 3841 2309">
    <p class='ocr_par' dir='ltr' id='par_1_66' title="bbox 2241 2238 3841 2309">
     <span class='ocr_line' id='line_1_66' title="bbox 2241 2238 3841 2309; baseline -0.005 -14"><span class='ocrx_word' id='word_1_454' title='bbox 2241 2241 2355 2295; x_wconf 87' lang='lat' dir='ltr'><strong><em>bat.</em></strong></span> <span class='ocrx_word' id='word_1_455' title='bbox 2395 2241 2543 2293; x_wconf 86' lang='lat' dir='ltr'><strong><em>Bello</em></strong></span> <span class='ocrx_word' id='word_1_456' title='bbox 2577 2252 2756 2294; x_wconf 87' lang='lat' dir='ltr'><strong><em>autem</em></strong></span> <span class='ocrx_word' id='word_1_457' title='bbox 2788 2252 2977 2293; x_wconf 88' lang='lat' dir='ltr'><strong><em>contra</em></strong></span> <span class='ocrx_word' id='word_1_458' title='bbox 3010 2240 3205 2293; x_wconf 76' lang='lat' dir='ltr'><strong><em>Persas</em></strong></span> <span class='ocrx_word' id='word_1_459' title='bbox 3243 2241 3341 2309; x_wconf 88' lang='lat' dir='ltr'><strong><em>ipsi</em></strong></span> <span class='ocrx_word' id='word_1_460' title='bbox 3380 2238 3700 2296; x_wconf 83' lang='lat' dir='ltr'><strong><em>commisso.</em></strong></span> <span class='ocrx_word' id='word_1_461' title='bbox 3739 2248 3841 2288; x_wconf 79' lang='lat' dir='ltr'><strong><em>eos</em></strong></span> 
     </span>
    </p>
   </div>
   <div class='ocr_carea' id='block_1_67' title="bbox 2241 2330 3843 2400">
    <p class='ocr_par' dir='ltr' id='par_1_67' title="bbox 2241 2330 3843 2400">
     <span class='ocr_line' id='line_1_67' title="bbox 2241 2330 3843 2400; baseline -0.005 -15"><span class='ocrx_word' id='word_1_462' title='bbox 2241 2333 2407 2395; x_wconf 84' lang='lat' dir='ltr'><strong><em>solos,</em></strong></span> <span class='ocrx_word' id='word_1_463' title='bbox 2445 2349 2583 2400; x_wconf 90' lang='lat' dir='ltr'><strong><em>quos</em></strong></span> <span class='ocrx_word' id='word_1_464' title='bbox 2633 2334 2921 2385; x_wconf 78' lang='lat' dir='ltr'><strong><em>inartifeste</em></strong></span> <span class='ocrx_word' id='word_1_465' title='bbox 2980 2333 3222 2385; x_wconf 68' lang='lat' dir='ltr'><strong><em>caelcms</em></strong></span> <span class='ocrx_word' id='word_1_466' title='bbox 3278 2332 3444 2399; x_wconf 77' lang='lat' dir='ltr'><strong><em>gratia</em></strong></span> <span class='ocrx_word' id='word_1_467' title='bbox 3478 2332 3524 2382; x_wconf 89' lang='lat' dir='ltr'><strong><em>ei</em></strong></span> <span class='ocrx_word' id='word_1_468' title='bbox 3576 2330 3843 2395; x_wconf 73' lang='lat' dir='ltr'><strong><em>designa-</em></strong></span> 
     </span>
    </p>
   </div>
   <div class='ocr_carea' id='block_1_68' title="bbox 2243 2422 3841 2489">
    <p class='ocr_par' dir='ltr' id='par_1_68' title="bbox 2243 2422 3841 2489">
     <span class='ocr_line' id='line_1_68' title="bbox 2243 2422 3841 2489; baseline -0.003 -13"><span class='ocrx_word' id='word_1_469' title='bbox 2243 2426 2341 2486; x_wconf 79' lang='lat' dir='ltr'><strong><em>vit,</em></strong></span> <span class='ocrx_word' id='word_1_470' title='bbox 2372 2440 2555 2477; x_wconf 83' lang='lat' dir='ltr'><strong><em>secum</em></strong></span> <span class='ocrx_word' id='word_1_471' title='bbox 2595 2426 2821 2482; x_wconf 76' lang='lat' dir='ltr'><strong><em>habens,</em></strong></span> <span class='ocrx_word' id='word_1_472' title='bbox 2858 2424 3126 2489; x_wconf 78' lang='lat' dir='ltr'><strong><em>oppositis</em></strong></span> <span class='ocrx_word' id='word_1_473' title='bbox 3159 2422 3408 2474; x_wconf 88' lang='lat' dir='ltr'><strong><em>hostibus</em></strong></span> <span class='ocrx_word' id='word_1_474' title='bbox 3445 2422 3695 2489; x_wconf 71' lang='lat' dir='ltr'><strong><em>prndium</em></strong></span> <span class='ocrx_word' id='word_1_475' title='bbox 3754 2422 3841 2472; x_wconf 78' lang='lat' dir='ltr'><strong><em>in-</em></strong></span> 
     </span>
    </p>
   </div>
   <div class='ocr_carea' id='block_1_69' title="bbox 2243 2511 3844 2583">
    <p class='ocr_par' dir='ltr' id='par_1_69' title="bbox 2243 2511 3844 2583">
     <span class='ocr_line' id='line_1_69' title="bbox 2243 2511 3844 2583; baseline -0.003 -14"><span class='ocrx_word' id='word_1_476' title='bbox 2243 2518 2385 2569; x_wconf 89' lang='lat' dir='ltr'><strong><em>tulit.</em></strong></span> <span class='ocrx_word' id='word_1_477' title='bbox 2420 2516 2537 2569; x_wconf 82' lang='lat' dir='ltr'><strong><em>Jam</em></strong></span> <span class='ocrx_word' id='word_1_478' title='bbox 2577 2532 2707 2567; x_wconf 81' lang='lat' dir='ltr'><strong><em>vero</em></strong></span> <span class='ocrx_word' id='word_1_479' title='bbox 2743 2531 2865 2569; x_wconf 87' lang='lat' dir='ltr'><strong><em>cum</em></strong></span> <span class='ocrx_word' id='word_1_480' title='bbox 2897 2524 3041 2568; x_wconf 81' lang='lat' dir='ltr'><strong><em>esset</em></strong></span> <span class='ocrx_word' id='word_1_481' title='bbox 3070 2528 3464 2583; x_wconf 72' lang='lat' dir='ltr'><strong><em>congressurus</em></strong></span> <span class='ocrx_word' id='word_1_482' title='bbox 3499 2527 3625 2563; x_wconf 86' lang='lat' dir='ltr'><strong><em>cum</em></strong></span> <span class='ocrx_word' id='word_1_483' title='bbox 3664 2511 3844 2564; x_wconf 76' lang='lat' dir='ltr'><strong><em>hosti-</em></strong></span> 
     </span>
    </p>
   </div>
   <div class='ocr_carea' id='block_1_70' title="bbox 2243 2604 3845 2677">
    <p class='ocr_par' dir='ltr' id='par_1_70' title="bbox 2243 2604 3845 2677">
     <span class='ocr_line' id='line_1_70' title="bbox 2243 2604 3845 2677; baseline -0.003 -16"><span class='ocrx_word' id='word_1_484' title='bbox 2243 2610 2365 2672; x_wconf 88' lang='lat' dir='ltr'><strong><em>bus,</em></strong></span> <span class='ocrx_word' id='word_1_485' title='bbox 2403 2623 2591 2661; x_wconf 85' lang='lat' dir='ltr'><strong><em>eorum</em></strong></span> <span class='ocrx_word' id='word_1_486' title='bbox 2614 2609 2887 2677; x_wconf 81' lang='lat' dir='ltr'><strong><em>ingentem</em></strong></span> <span class='ocrx_word' id='word_1_487' title='bbox 2914 2607 3317 2660; x_wconf 87' lang='lat' dir='ltr'><strong><em>multitudinem</em></strong></span> <span class='ocrx_word' id='word_1_488' title='bbox 3343 2604 3542 2659; x_wconf 68' lang='lat' dir='ltr'><strong><em>divina:</em></strong></span> <span class='ocrx_word' id='word_1_489' title='bbox 3571 2604 3845 2672; x_wconf 81' lang='lat' dir='ltr'><strong><em>cognitio-</em></strong></span> 
     </span>
    </p>
   </div>
   <div class='ocr_carea' id='block_1_71' title="bbox 2242 2696 3839 2766">
    <p class='ocr_par' dir='ltr' id='par_1_71' title="bbox 2242 2696 3839 2766">
     <span class='ocr_line' id='line_1_71' title="bbox 2242 2696 3839 2766; baseline -0.004 -14"><span class='ocrx_word' id='word_1_490' title='bbox 2242 2700 2326 2752; x_wconf 88' lang='lat' dir='ltr'><strong><em>nis</em></strong></span> <span class='ocrx_word' id='word_1_491' title='bbox 2356 2712 2737 2766; x_wconf 70' lang='lat' dir='ltr'><strong><em>argumentum</em></strong></span> <span class='ocrx_word' id='word_1_492' title='bbox 2777 2700 2889 2752; x_wconf 87' lang='lat' dir='ltr'><strong><em>suis</em></strong></span> <span class='ocrx_word' id='word_1_493' title='bbox 2926 2698 3190 2749; x_wconf 78' lang='lat' dir='ltr'><strong><em>militibus</em></strong></span> <span class='ocrx_word' id='word_1_494' title='bbox 3224 2698 3505 2764; x_wconf 68' lang='lat' dir='ltr'><strong><em>pI‘OpUMlil</em></strong></span> <span class='ocrx_word' id='word_1_495' title='bbox 3540 2696 3839 2747; x_wconf 86' lang='lat' dir='ltr'><strong><em>:noudum</em></strong></span> 
     </span>
    </p>
   </div>
   <div class='ocr_carea' id='block_1_72' title="bbox 2243 2786 3839 2854">
    <p class='ocr_par' dir='ltr' id='par_1_72' title="bbox 2243 2786 3839 2854">
     <span class='ocr_line' id='line_1_72' title="bbox 2243 2786 3839 2854; baseline -0.004 -9"><span class='ocrx_word' id='word_1_496' title='bbox 2243 2792 2389 2850; x_wconf 87' lang='lat' dir='ltr'><strong><em>enim</em></strong></span> <span class='ocrx_word' id='word_1_497' title='bbox 2420 2792 2623 2845; x_wconf 86' lang='lat' dir='ltr'><strong><em>Christi</em></strong></span> <span class='ocrx_word' id='word_1_498' title='bbox 2682 2791 2771 2843; x_wconf 87' lang='lat' dir='ltr'><strong><em>Dei</em></strong></span> <span class='ocrx_word' id='word_1_499' title='bbox 2816 2789 2989 2841; x_wconf 87' lang='lat' dir='ltr'><strong><em>nostri</em></strong></span> <span class='ocrx_word' id='word_1_500' title='bbox 3044 2788 3145 2841; x_wconf 84' lang='lat' dir='ltr'><strong><em>fide</em></strong></span> <span class='ocrx_word' id='word_1_501' title='bbox 3196 2787 3384 2840; x_wconf 88' lang='lat' dir='ltr'><strong><em>donati</em></strong></span> <span class='ocrx_word' id='word_1_502' title='bbox 3431 2789 3649 2839; x_wconf 82' lang='lat' dir='ltr'><strong><em>fuerant</em></strong></span> <span class='ocrx_word' id='word_1_503' title='bbox 3691 2824 3705 2848; x_wconf 93' lang='lat'><strong><em>,</em></strong></span> <span class='ocrx_word' id='word_1_504' title='bbox 3741 2786 3839 2854; x_wconf 86' lang='lat' dir='ltr'><strong><em>qui</em></strong></span> 
     </span>
    </p>
   </div>
   <div class='ocr_carea' id='block_1_73' title="bbox 2244 2881 3833 2950">
    <p class='ocr_par' dir='ltr' id='par_1_73' title="bbox 2244 2881 3833 2950">
     <span class='ocr_line' id='line_1_73' title="bbox 2244 2881 3833 2950; baseline -0.003 -15"><span class='ocrx_word' id='word_1_505' title='bbox 2244 2884 2509 2936; x_wconf 81' lang='lat' dir='ltr'><strong><em>illustrem</em></strong></span> <span class='ocrx_word' id='word_1_506' title='bbox 2543 2884 2609 2936; x_wconf 90' lang='lat' dir='ltr'><strong><em>de</em></strong></span> <span class='ocrx_word' id='word_1_507' title='bbox 2649 2882 2899 2950; x_wconf 65' lang='lat' dir='ltr'><strong><em>il()SltltltS</em></strong></span> <span class='ocrx_word' id='word_1_508' title='bbox 2927 2881 3055 2948; x_wconf 83' lang='lat' dir='ltr'><strong><em>ipSis</em></strong></span> <span class='ocrx_word' id='word_1_509' title='bbox 3085 2882 3369 2933; x_wconf 69' lang='lat' dir='ltr'><strong><em>victoriam</em></strong></span> <span class='ocrx_word' id='word_1_510' title='bbox 3400 2881 3833 2949; x_wconf 53' lang='lat' dir='ltr'><strong><em>depol&#39;tarunt.’</em></strong></span> 
     </span>
    </p>
   </div>
   <div class='ocr_carea' id='block_1_74' title="bbox 2245 2973 3839 3045">
    <p class='ocr_par' dir='ltr' id='par_1_74' title="bbox 2245 2973 3839 3045">
     <span class='ocr_line' id='line_1_74' title="bbox 2245 2973 3839 3045; baseline -0.003 -15"><span class='ocrx_word' id='word_1_511' title='bbox 2245 2976 2509 3045; x_wconf 84' lang='lat' dir='ltr'><strong><em>Sequitur</em></strong></span> <span class='ocrx_word' id='word_1_512' title='bbox 2549 2986 2734 3044; x_wconf 83' lang='lat' dir='ltr'><strong><em>postea</em></strong></span> <span class='ocrx_word' id='word_1_513' title='bbox 2769 2976 2823 3029; x_wconf 88' lang='lat' dir='ltr'><strong><em>S.</em></strong></span> <span class='ocrx_word' id='word_1_514' title='bbox 2850 2977 3081 3029; x_wconf 82' lang='lat' dir='ltr'><strong><em>Andrcze</em></strong></span> <span class='ocrx_word' id='word_1_515' title='bbox 3118 2975 3412 3031; x_wconf 70' lang='lat' dir='ltr'><strong><em>confessio.</em></strong></span> <span class='ocrx_word' id='word_1_516' title='bbox 3452 2976 3737 3025; x_wconf 85' lang='lat' dir='ltr'><strong><em>cruciatus</em></strong></span> <span class='ocrx_word' id='word_1_517' title='bbox 3783 2973 3839 3025; x_wconf 92' lang='lat' dir='ltr'><strong><em>in</em></strong></span> 
     </span>
    </p>
   </div>
   <div class='ocr_carea' id='block_1_75' title="bbox 2243 3063 3838 3139">
    <p class='ocr_par' dir='ltr' id='par_1_75' title="bbox 2243 3063 3838 3139">
     <span class='ocr_line' id='line_1_75' title="bbox 2243 3063 3838 3139; baseline -0.004 -18"><span class='ocrx_word' id='word_1_518' title='bbox 2243 3069 2409 3139; x_wconf 82' lang='lat' dir='ltr'><strong><em>ignito</em></strong></span> <span class='ocrx_word' id='word_1_519' title='bbox 2450 3074 2591 3121; x_wconf 77' lang='lat' dir='ltr'><strong><em>let-to</em></strong></span> <span class='ocrx_word' id='word_1_520' title='bbox 2634 3083 2805 3129; x_wconf 70' lang='lat' dir='ltr'><strong><em>muco,</em></strong></span> <span class='ocrx_word' id='word_1_521' title='bbox 2862 3069 3131 3120; x_wconf 87' lang='lat' dir='ltr'><strong><em>Sociorum</em></strong></span> <span class='ocrx_word' id='word_1_522' title='bbox 3195 3066 3428 3116; x_wconf 87' lang='lat' dir='ltr'><strong><em>militum</em></strong></span> <span class='ocrx_word' id='word_1_523' title='bbox 3461 3063 3838 3131; x_wconf 83' lang='lat' dir='ltr'><strong><em>supplicium,</em></strong></span> 
     </span>
    </p>
   </div>
   <div class='ocr_carea' id='block_1_76' title="bbox 2248 3153 3839 3229">
    <p class='ocr_par' dir='ltr' id='par_1_76' title="bbox 2248 3153 3839 3229">
     <span class='ocr_line' id='line_1_76' title="bbox 2248 3153 3839 3229; baseline -0.003 -16"><span class='ocrx_word' id='word_1_524' title='bbox 2248 3172 2334 3214; x_wconf 80' lang='lat' dir='ltr'><strong><em>etc</em></strong></span> <span class='ocrx_word' id='word_1_525' title='bbox 2358 3202 2404 3223; x_wconf 87' lang='lat'><strong><em>.,</em></strong></span> <span class='ocrx_word' id='word_1_526' title='bbox 2436 3162 2635 3229; x_wconf 87' lang='lat' dir='ltr'><strong><em>quibus</em></strong></span> <span class='ocrx_word' id='word_1_527' title='bbox 2661 3162 2884 3212; x_wconf 79' lang='lat' dir='ltr'><strong><em>tandem</em></strong></span> <span class='ocrx_word' id='word_1_528' title='bbox 2923 3175 3045 3210; x_wconf 82' lang='lat' dir='ltr'><strong><em>rum</em></strong></span> <span class='ocrx_word' id='word_1_529' title='bbox 3091 3156 3269 3225; x_wconf 87' lang='lat' dir='ltr'><strong><em>ipsius</em></strong></span> <span class='ocrx_word' id='word_1_530' title='bbox 3296 3167 3409 3208; x_wconf 87' lang='lat' dir='ltr'><strong><em>rum</em></strong></span> <span class='ocrx_word' id='word_1_531' title='bbox 3432 3153 3666 3207; x_wconf 87' lang='lat' dir='ltr'><strong><em>militum</em></strong></span> <span class='ocrx_word' id='word_1_532' title='bbox 3698 3156 3839 3213; x_wconf 83' lang='lat' dir='ltr'><strong><em>sub—</em></strong></span> 
     </span>
    </p>
   </div>
   <div class='ocr_carea' id='block_1_77' title="bbox 2250 3248 3839 3323">
    <p class='ocr_par' dir='ltr' id='par_1_77' title="bbox 2250 3248 3839 3323">
     <span class='ocr_line' id='line_1_77' title="bbox 2250 3248 3839 3323; baseline -0.004 -16"><span class='ocrx_word' id='word_1_533' title='bbox 2250 3255 2399 3307; x_wconf 86' lang='lat' dir='ltr'><strong><em>ditur</em></strong></span> <span class='ocrx_word' id='word_1_534' title='bbox 2424 3255 2745 3323; x_wconf 84' lang='lat' dir='ltr'><strong><em>baptismns.</em></strong></span> <span class='ocrx_word' id='word_1_535' title='bbox 2782 3266 2942 3320; x_wconf 88' lang='lat' dir='ltr'><strong><em>quem</em></strong></span> <span class='ocrx_word' id='word_1_536' title='bbox 2964 3251 3225 3304; x_wconf 85' lang='lat' dir='ltr'><strong><em>dicuntur</em></strong></span> <span class='ocrx_word' id='word_1_537' title='bbox 3248 3251 3561 3315; x_wconf 75' lang='lat' dir='ltr'><strong><em>susr-cpisse.</em></strong></span> <span class='ocrx_word' id='word_1_538' title='bbox 3607 3264 3635 3300; x_wconf 91' lang='lat' dir='ltr'><strong><em>a</em></strong></span> <span class='ocrx_word' id='word_1_539' title='bbox 3667 3248 3839 3301; x_wconf 85' lang='lat' dir='ltr'><strong><em>Petro</em></strong></span> 
     </span>
    </p>
   </div>
   <div class='ocr_carea' id='block_1_78' title="bbox 2248 3340 3841 3413">
    <p class='ocr_par' dir='ltr' id='par_1_78' title="bbox 2248 3340 3841 3413">
     <span class='ocr_line' id='line_1_78' title="bbox 2248 3340 3841 3413; baseline -0.004 -14"><span class='ocrx_word' id='word_1_540' title='bbox 2248 3347 2397 3399; x_wconf 87' lang='lat' dir='ltr'><strong><em>urbis</em></strong></span> <span class='ocrx_word' id='word_1_541' title='bbox 2440 3346 2725 3399; x_wconf 73' lang='lat' dir='ltr'><strong><em>Tarsensis</em></strong></span> <span class='ocrx_word' id='word_1_542' title='bbox 2785 3348 3062 3413; x_wconf 81' lang='lat' dir='ltr'><strong><em>episcopo,</em></strong></span> <span class='ocrx_word' id='word_1_543' title='bbox 3108 3353 3393 3409; x_wconf 84' lang='lat' dir='ltr'><strong><em>postquam</em></strong></span> <span class='ocrx_word' id='word_1_544' title='bbox 3433 3356 3499 3391; x_wconf 88' lang='lat' dir='ltr'><strong><em>co</em></strong></span> <span class='ocrx_word' id='word_1_545' title='bbox 3547 3340 3688 3392; x_wconf 86' lang='lat' dir='ltr'><strong><em>clam</em></strong></span> <span class='ocrx_word' id='word_1_546' title='bbox 3721 3341 3841 3393; x_wconf 91' lang='lat' dir='ltr'><strong><em>dis-</em></strong></span> 
     </span>
    </p>
   </div>
   <div class='ocr_carea' id='block_1_79' title="bbox 2245 3430 3839 3490">
    <p class='ocr_par' dir='ltr' id='par_1_79' title="bbox 2245 3430 3839 3490">
     <span class='ocr_line' id='line_1_79' title="bbox 2245 3430 3839 3490; baseline -0.004 -1"><span class='ocrx_word' id='word_1_547' title='bbox 2245 3438 2562 3489; x_wconf 73' lang='lat' dir='ltr'><strong><em>ecSSisseut.</em></strong></span> <span class='ocrx_word' id='word_1_548' title='bbox 2602 3435 2709 3487; x_wconf 83' lang='lat' dir='ltr'><strong><em>Nos</em></strong></span> <span class='ocrx_word' id='word_1_549' title='bbox 2737 3435 2953 3485; x_wconf 74' lang='lat' dir='ltr'><strong><em>interim</em></strong></span> <span class='ocrx_word' id='word_1_550' title='bbox 3002 3448 3065 3485; x_wconf 81' lang='lat' dir='ltr'><strong><em>cx</em></strong></span> <span class='ocrx_word' id='word_1_551' title='bbox 3092 3432 3255 3484; x_wconf 82' lang='lat' dir='ltr'><strong><em>dictis</em></strong></span> <span class='ocrx_word' id='word_1_552' title='bbox 3320 3431 3729 3490; x_wconf 83' lang='lat' dir='ltr'><strong><em>concludimus,</em></strong></span> <span class='ocrx_word' id='word_1_553' title='bbox 3782 3430 3839 3482; x_wconf 90' lang='lat' dir='ltr'><strong><em>in</em></strong></span> 
     </span>
    </p>
   </div>
   <div class='ocr_carea' id='block_1_80' title="bbox 2247 3525 3838 3601">
    <p class='ocr_par' dir='ltr' id='par_1_80' title="bbox 2247 3525 3838 3601">
     <span class='ocr_line' id='line_1_80' title="bbox 2247 3525 3838 3601; baseline -0.002 -20"><span class='ocrx_word' id='word_1_554' title='bbox 2247 3528 2558 3601; x_wconf 64' lang='lat' dir='ltr'><strong><em>huiusmodi</em></strong></span> <span class='ocrx_word' id='word_1_555' title='bbox 2589 3529 2852 3579; x_wconf 81' lang='lat' dir='ltr'><strong><em>Actorum</em></strong></span> <span class='ocrx_word' id='word_1_556' title='bbox 2883 3525 3107 3579; x_wconf 73' lang='lat' dir='ltr'><strong><em>historia</em></strong></span> <span class='ocrx_word' id='word_1_557' title='bbox 3143 3542 3250 3578; x_wconf 90' lang='lat' dir='ltr'><strong><em>non</em></strong></span> <span class='ocrx_word' id='word_1_558' title='bbox 3290 3535 3396 3578; x_wconf 91' lang='lat' dir='ltr'><strong><em>tam</em></strong></span> <span class='ocrx_word' id='word_1_559' title='bbox 3431 3528 3684 3577; x_wconf 81' lang='lat' dir='ltr'><strong><em>relucere</em></strong></span> <span class='ocrx_word' id='word_1_560' title='bbox 3718 3525 3838 3578; x_wconf 85' lang='lat' dir='ltr'><strong><em>sin-</em></strong></span> 
     </span>
    </p>
   </div>
   <div class='ocr_carea' id='block_1_81' title="bbox 2244 3618 3837 3685">
    <p class='ocr_par' dir='ltr' id='par_1_81' title="bbox 2244 3618 3837 3685">
     <span class='ocr_line' id='line_1_81' title="bbox 2244 3618 3837 3685; baseline -0.003 -10"><span class='ocrx_word' id='word_1_561' title='bbox 2244 3638 2424 3675; x_wconf 89' lang='lat' dir='ltr'><strong><em>ccram</em></strong></span> <span class='ocrx_word' id='word_1_562' title='bbox 2480 3622 2872 3681; x_wconf 78' lang='lat' dir='ltr'><strong><em>narrationem,</em></strong></span> <span class='ocrx_word' id='word_1_563' title='bbox 2934 3634 3095 3685; x_wconf 87' lang='lat' dir='ltr'><strong><em>quam</em></strong></span> <span class='ocrx_word' id='word_1_564' title='bbox 3142 3618 3374 3674; x_wconf 70' lang='lat' dir='ltr'><strong><em>Gneculi</em></strong></span> <span class='ocrx_word' id='word_1_565' title='bbox 3417 3619 3837 3681; x_wconf 79' lang='lat' dir='ltr'><strong><em>scribillatoris,</em></strong></span> 
     </span>
    </p>
   </div>
   <div class='ocr_carea' id='block_1_82' title="bbox 2243 3711 3834 3779">
    <p class='ocr_par' dir='ltr' id='par_1_82' title="bbox 2243 3711 3834 3779">
     <span class='ocr_line' id='line_1_82' title="bbox 2243 3711 3834 3779; baseline -0.001 -16"><span class='ocrx_word' id='word_1_566' title='bbox 2243 3712 2485 3779; x_wconf 82' lang='lat' dir='ltr'><strong><em>quisquis</em></strong></span> <span class='ocrx_word' id='word_1_567' title='bbox 2502 3712 2719 3763; x_wconf 82' lang='lat' dir='ltr'><strong><em>(lCtlIltttl</em></strong></span> <span class='ocrx_word' id='word_1_568' title='bbox 2756 3712 2843 3763; x_wconf 85' lang='lat' dir='ltr'><strong><em>ille</em></strong></span> <span class='ocrx_word' id='word_1_569' title='bbox 2869 3711 3048 3771; x_wconf 85' lang='lat' dir='ltr'><strong><em>fuerit,</em></strong></span> <span class='ocrx_word' id='word_1_570' title='bbox 3071 3712 3520 3779; x_wconf 70' lang='lat' dir='ltr'><strong><em>corruptisitionmn</em></strong></span> <span class='ocrx_word' id='word_1_571' title='bbox 3555 3728 3569 3764; x_wconf 89' lang='lat'><strong>:</strong></span> <span class='ocrx_word' id='word_1_572' title='bbox 3609 3711 3834 3779; x_wconf 83' lang='lat' dir='ltr'><strong><em>idquod</em></strong></span> 
     </span>
    </p>
   </div>
   <div class='ocr_carea' id='block_1_83' title="bbox 2242 3804 3836 3871">
    <p class='ocr_par' dir='ltr' id='par_1_83' title="bbox 2242 3804 3836 3871">
     <span class='ocr_line' id='line_1_83' title="bbox 2242 3804 3836 3871; baseline -0.001 -13"><span class='ocrx_word' id='word_1_573' title='bbox 2242 3806 2656 3858; x_wconf 78' lang='lat' dir='ltr'><strong><em>cmrfirrualutur</em></strong></span> <span class='ocrx_word' id='word_1_574' title='bbox 2686 3822 2749 3858; x_wconf 77' lang='lat' dir='ltr'><strong><em>ex</em></strong></span> <span class='ocrx_word' id='word_1_575' title='bbox 2782 3806 2900 3858; x_wconf 86' lang='lat' dir='ltr'><strong><em>aliis</em></strong></span> <span class='ocrx_word' id='word_1_576' title='bbox 2927 3804 3250 3871; x_wconf 85' lang='lat' dir='ltr'><strong><em>quihusdam</em></strong></span> <span class='ocrx_word' id='word_1_577' title='bbox 3283 3805 3675 3865; x_wconf 86' lang='lat' dir='ltr'><strong><em>incommodis,</em></strong></span> <span class='ocrx_word' id='word_1_578' title='bbox 3706 3820 3836 3869; x_wconf 58' lang='lat' dir='ltr'><strong><em>qua:</em></strong></span> 
     </span>
    </p>
   </div>
   <div class='ocr_carea' id='block_1_84' title="bbox 2243 3895 3399 3963">
    <p class='ocr_par' dir='ltr' id='par_1_84' title="bbox 2243 3895 3399 3963">
     <span class='ocr_line' id='line_1_84' title="bbox 2243 3895 3399 3963; baseline -0.003 -14"><span class='ocrx_word' id='word_1_579' title='bbox 2243 3898 2470 3949; x_wconf 78' lang='lat' dir='ltr'><strong><em>inferius</em></strong></span> <span class='ocrx_word' id='word_1_580' title='bbox 2502 3906 2898 3963; x_wconf 82' lang='lat' dir='ltr'><strong><em>proponentur.</em></strong></span> <span class='ocrx_word' id='word_1_581' title='bbox 2939 3895 3072 3948; x_wconf 81' lang='lat' dir='ltr'><strong><em>‘v’ide</em></strong></span> <span class='ocrx_word' id='word_1_582' title='bbox 3108 3897 3399 3946; x_wconf 78' lang='lat' dir='ltr'><strong><em>Adnotata.</em></strong></span> 
     </span>
    </p>
   </div>
   <div class='ocr_carea' id='block_1_85' title="bbox 2312 3986 3838 4057">
    <p class='ocr_par' dir='ltr' id='par_1_85' title="bbox 2312 3986 3838 4057">
     <span class='ocr_line' id='line_1_85' title="bbox 2312 3986 3838 4057; baseline 0.002 -16"><span class='ocrx_word' id='word_1_583' title='bbox 2312 3988 2364 4041; x_wconf 84' lang='lat'><strong><em>9.</em></strong></span> <span class='ocrx_word' id='word_1_584' title='bbox 2394 3986 2997 4041; x_wconf 82' lang='lat' dir='ltr'><strong><em>Numerussanctorum</em></strong></span> <span class='ocrx_word' id='word_1_585' title='bbox 3040 3997 3335 4057; x_wconf 78' lang='lat' dir='ltr'><strong><em>martyrum</em></strong></span> <span class='ocrx_word' id='word_1_586' title='bbox 3408 4002 3515 4041; x_wconf 91' lang='lat' dir='ltr'><strong><em>non</em></strong></span> <span class='ocrx_word' id='word_1_587' title='bbox 3594 3989 3838 4057; x_wconf 79' lang='lat' dir='ltr'><strong><em>partitur</em></strong></span> 
     </span>
    </p>
   </div>
   <div class='ocr_carea' id='block_1_86' title="bbox 2240 4076 3835 4151">
    <p class='ocr_par' dir='ltr' id='par_1_86' title="bbox 2240 4076 3835 4151">
     <span class='ocr_line' id='line_1_86' title="bbox 2240 4076 3835 4151; baseline 0.004 -21"><span class='ocrx_word' id='word_1_588' title='bbox 2240 4078 2433 4131; x_wconf 84' lang='lat' dir='ltr'><strong><em>eodem</em></strong></span> <span class='ocrx_word' id='word_1_589' title='bbox 2488 4080 2650 4130; x_wconf 82' lang='lat' dir='ltr'><strong><em>itit)th</em></strong></span> <span class='ocrx_word' id='word_1_590' title='bbox 2687 4078 2827 4145; x_wconf 90' lang='lat' dir='ltr'><strong><em>apud</em></strong></span> <span class='ocrx_word' id='word_1_591' title='bbox 2878 4076 3097 4131; x_wconf 55' lang='lat' dir='ltr'><strong><em>Gram-os</em></strong></span> <span class='ocrx_word' id='word_1_592' title='bbox 3128 4094 3191 4130; x_wconf 83' lang='lat' dir='ltr'><strong><em>ac</em></strong></span> <span class='ocrx_word' id='word_1_593' title='bbox 3242 4078 3479 4132; x_wconf 83' lang='lat' dir='ltr'><strong><em>Latinos.</em></strong></span> <span class='ocrx_word' id='word_1_594' title='bbox 3515 4079 3579 4132; x_wconf 86' lang='lat' dir='ltr'><strong><em>Hi</em></strong></span> <span class='ocrx_word' id='word_1_595' title='bbox 3624 4083 3835 4151; x_wconf 83' lang='lat' dir='ltr'><strong><em>quippe</em></strong></span> 
     </span>
    </p>
   </div>
   <div class='ocr_carea' id='block_1_87' title="bbox 2240 4170 3835 4240">
    <p class='ocr_par' dir='ltr' id='par_1_87' title="bbox 2240 4170 3835 4240">
     <span class='ocr_line' id='line_1_87' title="bbox 2240 4170 3835 4240; baseline 0.003 -17"><span class='ocrx_word' id='word_1_596' title='bbox 2240 4172 2511 4223; x_wconf 73' lang='lat' dir='ltr'><strong><em>exstitisse</em></strong></span> <span class='ocrx_word' id='word_1_597' title='bbox 2539 4171 2660 4223; x_wconf 85' lang='lat' dir='ltr'><strong><em>illos</em></strong></span> <span class='ocrx_word' id='word_1_598' title='bbox 2707 4181 3012 4223; x_wconf 81' lang='lat' dir='ltr'><strong><em>inertiorant</em></strong></span> <span class='ocrx_word' id='word_1_599' title='bbox 3049 4172 3130 4223; x_wconf 88' lang='lat' dir='ltr'><strong><em>bis</em></strong></span> <span class='ocrx_word' id='word_1_600' title='bbox 3185 4170 3327 4223; x_wconf 84' lang='lat' dir='ltr'><strong><em>mille</em></strong></span> <span class='ocrx_word' id='word_1_601' title='bbox 3361 4170 3695 4240; x_wconf 81' lang='lat' dir='ltr'><strong><em>quingentos</em></strong></span> <span class='ocrx_word' id='word_1_602' title='bbox 3727 4191 3835 4227; x_wconf 87' lang='lat' dir='ltr'><strong><em>no-</em></strong></span> 
     </span>
    </p>
   </div>
   <div class='ocr_carea' id='block_1_88' title="bbox 2241 4262 3836 4331">
    <p class='ocr_par' dir='ltr' id='par_1_88' title="bbox 2241 4262 3836 4331">
     <span class='ocr_line' id='line_1_88' title="bbox 2241 4262 3836 4331; baseline 0.003 -19"><span class='ocrx_word' id='word_1_603' title='bbox 2241 4262 2460 4331; x_wconf 77' lang='lat' dir='ltr'><strong><em>naginta</em></strong></span> <span class='ocrx_word' id='word_1_604' title='bbox 2496 4274 2726 4329; x_wconf 82' lang='lat' dir='ltr'><strong><em>septem,</em></strong></span> <span class='ocrx_word' id='word_1_605' title='bbox 2768 4278 2832 4314; x_wconf 77' lang='lat' dir='ltr'><strong><em>ex</em></strong></span> <span class='ocrx_word' id='word_1_606' title='bbox 2874 4263 3168 4329; x_wconf 69' lang='lat' dir='ltr'><strong><em>praemissis</em></strong></span> <span class='ocrx_word' id='word_1_607' title='bbox 3197 4277 3356 4328; x_wconf 88' lang='lat' dir='ltr'><strong><em>supra</em></strong></span> <span class='ocrx_word' id='word_1_608' title='bbox 3391 4277 3548 4316; x_wconf 91' lang='lat' dir='ltr'><strong><em>num.</em></strong></span> <span class='ocrx_word' id='word_1_609' title='bbox 3589 4264 3644 4324; x_wconf 78' lang='lat'><strong><em>&#39;5,</em></strong></span> <span class='ocrx_word' id='word_1_610' title='bbox 3690 4263 3836 4316; x_wconf 71' lang='lat' dir='ltr'><strong><em>Mar-</em></strong></span> 
     </span>
    </p>
   </div>
   <div class='ocr_carea' id='block_1_89' title="bbox 2241 4353 3833 4423">
    <p class='ocr_par' dir='ltr' id='par_1_89' title="bbox 2241 4353 3833 4423">
     <span class='ocr_line' id='line_1_89' title="bbox 2241 4353 3833 4423; baseline 0.003 -18"><span class='ocrx_word' id='word_1_611' title='bbox 2241 4356 2561 4423; x_wconf 81' lang='lat' dir='ltr'><strong><em>tyrologium</em></strong></span> <span class='ocrx_word' id='word_1_612' title='bbox 2627 4353 2931 4404; x_wconf 81' lang='lat' dir='ltr'><strong><em>Romanum</em></strong></span> <span class='ocrx_word' id='word_1_613' title='bbox 2991 4370 3098 4405; x_wconf 88' lang='lat' dir='ltr'><strong><em>non</em></strong></span> <span class='ocrx_word' id='word_1_614' title='bbox 3134 4356 3308 4421; x_wconf 75' lang='lat' dir='ltr'><strong><em>signat</em></strong></span> <span class='ocrx_word' id='word_1_615' title='bbox 3367 4369 3712 4409; x_wconf 88' lang='lat' dir='ltr'><strong><em>numerum:</em></strong></span> <span class='ocrx_word' id='word_1_616' title='bbox 3778 4357 3833 4410; x_wconf 88' lang='lat' dir='ltr'><strong><em>in</em></strong></span> 
     </span>
    </p>
   </div>
   <div class='ocr_carea' id='block_1_90' title="bbox 2240 4442 3833 4514">
    <p class='ocr_par' dir='ltr' id='par_1_90' title="bbox 2240 4442 3833 4514">
     <span class='ocr_line' id='line_1_90' title="bbox 2240 4442 3833 4514; baseline 0.004 -17"><span class='ocrx_word' id='word_1_617' title='bbox 2240 4447 2396 4514; x_wconf 87' lang='lat' dir='ltr'><strong><em>cujus</em></strong></span> <span class='ocrx_word' id='word_1_618' title='bbox 2429 4447 2882 4498; x_wconf 84' lang='lat' dir='ltr'><strong><em>determinatione</em></strong></span> <span class='ocrx_word' id='word_1_619' title='bbox 2947 4442 3092 4497; x_wconf 82' lang='lat' dir='ltr'><strong><em>Fasti</em></strong></span> <span class='ocrx_word' id='word_1_620' title='bbox 3140 4444 3335 4504; x_wconf 66' lang='lat' dir='ltr'><strong><em>erci.</em></strong></span> <span class='ocrx_word' id='word_1_621' title='bbox 3392 4461 3549 4500; x_wconf 89' lang='lat' dir='ltr'><strong><em>num.</em></strong></span> <span class='ocrx_word' id='word_1_622' title='bbox 3597 4451 3615 4501; x_wconf 85' lang='lat' dir='ltr'><strong><em>t</em></strong></span> <span class='ocrx_word' id='word_1_623' title='bbox 3678 4449 3833 4503; x_wconf 86' lang='lat' dir='ltr'><strong><em>citati</em></strong></span> 
     </span>
    </p>
   </div>
   <div class='ocr_carea' id='block_1_91' title="bbox 558 4538 3831 4606">
    <p class='ocr_par' dir='ltr' id='par_1_91' title="bbox 558 4538 3831 4606">
     <span class='ocr_line' id='line_1_91' title="bbox 558 4538 3831 4606; baseline -0 -11"><span class='ocrx_word' id='word_1_624' title='bbox 558 4542 689 4597; x_wconf 84' lang='lat' dir='ltr'><strong><em>illud</em></strong></span> <span class='ocrx_word' id='word_1_625' title='bbox 722 4549 805 4592; x_wconf 89' lang='lat' dir='ltr'><strong><em>est</em></strong></span> <span class='ocrx_word' id='word_1_626' title='bbox 852 4538 1078 4596; x_wconf 88' lang='lat' dir='ltr'><strong><em>indicio.</em></strong></span> <span class='ocrx_word' id='word_1_627' title='bbox 1106 4538 1250 4604; x_wconf 89' lang='lat' dir='ltr'><strong><em>quod</em></strong></span> <span class='ocrx_word' id='word_1_628' title='bbox 1283 4538 1335 4589; x_wconf 89' lang='lat' dir='ltr'><strong><em>in</em></strong></span> <span class='ocrx_word' id='word_1_629' title='bbox 1370 4538 1640 4605; x_wconf 89' lang='lat' dir='ltr'><strong><em>principio</em></strong></span> <span class='ocrx_word' id='word_1_630' title='bbox 1670 4538 1885 4590; x_wconf 86' lang='lat' dir='ltr'><strong><em>illorum</em></strong></span> <span class='ocrx_word' id='word_1_631' title='bbox 1937 4540 2127 4591; x_wconf 81' lang='lat' dir='ltr'><strong><em>dican-</em></strong></span> <span class='ocrx_word' id='word_1_632' title='bbox 2163 4538 2207 4594; x_wconf 89' lang='lat' dir='ltr'><strong>D</strong></span> <span class='ocrx_word' id='word_1_633' title='bbox 2242 4539 2353 4591; x_wconf 83' lang='lat' dir='ltr'><strong><em>fere</em></strong></span> <span class='ocrx_word' id='word_1_634' title='bbox 2388 4554 2508 4591; x_wconf 90' lang='lat' dir='ltr'><strong><em>cum</em></strong></span> <span class='ocrx_word' id='word_1_635' title='bbox 2536 4538 2742 4591; x_wconf 82' lang='lat' dir='ltr'><strong><em>Latinis</em></strong></span> <span class='ocrx_word' id='word_1_636' title='bbox 2772 4538 3010 4606; x_wconf 85' lang='lat' dir='ltr'><strong><em>antiquis</em></strong></span> <span class='ocrx_word' id='word_1_637' title='bbox 3035 4538 3408 4591; x_wconf 82' lang='lat' dir='ltr'><strong><em>consentiunt.</em></strong></span> <span class='ocrx_word' id='word_1_638' title='bbox 3447 4538 3579 4592; x_wconf 80' lang='lat' dir='ltr'><strong><em>Acta</em></strong></span> <span class='ocrx_word' id='word_1_639' title='bbox 3613 4542 3831 4595; x_wconf 89' lang='lat' dir='ltr'><strong><em>nullum</em></strong></span> 
     </span>
    </p>
   </div>
   <div class='ocr_carea' id='block_1_92' title="bbox 558 4628 2130 4698">
    <p class='ocr_par' dir='ltr' id='par_1_92' title="bbox 558 4628 2130 4698">
     <span class='ocr_line' id='line_1_92' title="bbox 558 4628 2130 4698; baseline -0.003 -12"><span class='ocrx_word' id='word_1_640' title='bbox 558 4642 650 4686; x_wconf 87' lang='lat' dir='ltr'><strong><em>tur</em></strong></span> <span class='ocrx_word' id='word_1_641' title='bbox 672 4633 807 4685; x_wconf 88' lang='lat' dir='ltr'><strong><em>ista:</em></strong></span> <span class='ocrx_word' id='word_1_642' title='bbox 848 4648 865 4680; x_wconf 82' lang='grc' dir='ltr'>ι</span> <span class='ocrx_word' id='word_1_643' title='bbox 898 4628 1212 4683; x_wconf 83' lang='lat' dir='ltr'><strong><em>Persecutio</em></strong></span> <span class='ocrx_word' id='word_1_644' title='bbox 1250 4629 1494 4696; x_wconf 58' lang='lat' dir='ltr'><strong><em>quadam</em></strong></span> <span class='ocrx_word' id='word_1_645' title='bbox 1528 4644 1720 4698; x_wconf 84' lang='lat' dir='ltr'><strong><em>magna</em></strong></span> <span class='ocrx_word' id='word_1_646' title='bbox 1758 4641 1946 4682; x_wconf 74' lang='lat' dir='ltr'><strong><em>contra</em></strong></span> <span class='ocrx_word' id='word_1_647' title='bbox 1977 4629 2130 4682; x_wconf 82' lang='lat' dir='ltr'><strong><em>Chri-</em></strong></span> 
     </span>
    </p>
   </div>
   <div class='ocr_carea' id='block_1_93' title="bbox 566 4722 2136 4790">
    <p class='ocr_par' dir='ltr' id='par_1_93' title="bbox 566 4722 2136 4790">
     <span class='ocr_line' id='line_1_93' title="bbox 566 4722 2136 4790; baseline 0.001 -12"><span class='ocrx_word' id='word_1_648' title='bbox 566 4725 775 4778; x_wconf 77' lang='lat' dir='ltr'><strong><em>stianos</em></strong></span> <span class='ocrx_word' id='word_1_649' title='bbox 812 4732 1084 4777; x_wconf 89' lang='lat' dir='ltr'><strong><em>commota</em></strong></span> <span class='ocrx_word' id='word_1_650' title='bbox 1122 4730 1206 4774; x_wconf 89' lang='lat' dir='ltr'><strong><em>est</em></strong></span> <span class='ocrx_word' id='word_1_651' title='bbox 1231 4762 1243 4775; x_wconf 94' lang='lat'><strong><em>.</em></strong></span> <span class='ocrx_word' id='word_1_652' title='bbox 1281 4722 1402 4774; x_wconf 84' lang='lat' dir='ltr'><strong><em>Erat</em></strong></span> <span class='ocrx_word' id='word_1_653' title='bbox 1441 4732 1686 4790; x_wconf 88' lang='lat' dir='ltr'><strong><em>tempore</em></strong></span> <span class='ocrx_word' id='word_1_654' title='bbox 1713 4723 1804 4776; x_wconf 93' lang='lat' dir='ltr'><strong><em>illo</em></strong></span> <span class='ocrx_word' id='word_1_655' title='bbox 1831 4724 2136 4780; x_wconf 85' lang='lat' dir='ltr'><strong><em>Antiochus</em></strong></span> 
     </span>
    </p>
   </div>
   <div class='ocr_carea' id='block_1_94' title="bbox 559 4811 2130 4889">
    <p class='ocr_par' dir='ltr' id='par_1_94' title="bbox 559 4811 2130 4889">
     <span class='ocr_line' id='line_1_94' title="bbox 559 4811 2130 4889; baseline -0.001 -18"><span class='ocrx_word' id='word_1_656' title='bbox 559 4817 802 4888; x_wconf 88' lang='lat' dir='ltr'><strong><em>quidam.</em></strong></span> <span class='ocrx_word' id='word_1_657' title='bbox 851 4832 870 4866; x_wconf 71' lang='lat' dir='ltr'><strong><em>r</em></strong></span> <span class='ocrx_word' id='word_1_658' title='bbox 930 4811 1000 4867; x_wconf 82' lang='lat' dir='ltr'><strong><em>Et</em></strong></span> <span class='ocrx_word' id='word_1_659' title='bbox 1032 4811 1298 4867; x_wconf 85' lang='lat' dir='ltr'><strong><em>inferius:</em></strong></span> <span class='ocrx_word' id='word_1_660' title='bbox 1365 4830 1385 4864; x_wconf 75' lang='grc' dir='ltr'>ι</span> <span class='ocrx_word' id='word_1_661' title='bbox 1419 4814 1819 4871; x_wconf 86' lang='lat' dir='ltr'><strong><em>Celeberrimos</em></strong></span> <span class='ocrx_word' id='word_1_662' title='bbox 1866 4829 2074 4889; x_wconf 84' lang='lat' dir='ltr'><strong><em>martyr</em></strong></span> <span class='ocrx_word' id='word_1_663' title='bbox 2112 4838 2130 4870; x_wconf 75' lang='grc' dir='ltr'><strong><em>ι</em></strong></span> 
     </span>
    </p>
   </div>
   <div class='ocr_carea' id='block_1_95' title="bbox 559 4905 2133 4975">
    <p class='ocr_par' dir='ltr' id='par_1_95' title="bbox 559 4905 2133 4975">
     <span class='ocr_line' id='line_1_95' title="bbox 559 4905 2133 4975; baseline -0.002 -8"><span class='ocrx_word' id='word_1_664' title='bbox 559 4923 787 4967; x_wconf 81' lang='lat' dir='ltr'><strong><em>vocatur</em></strong></span> <span class='ocrx_word' id='word_1_665' title='bbox 820 4906 1080 4963; x_wconf 78' lang='lat' dir='ltr'><strong><em>Sanctus.</em></strong></span> <span class='ocrx_word' id='word_1_666' title='bbox 1124 4905 1315 4959; x_wconf 85' lang='lat' dir='ltr'><strong><em>Postea</em></strong></span> <span class='ocrx_word' id='word_1_667' title='bbox 1350 4921 1481 4959; x_wconf 83' lang='lat' dir='ltr'><strong><em>vero</em></strong></span> <span class='ocrx_word' id='word_1_668' title='bbox 1525 4908 1821 4975; x_wconf 84' lang='lat' dir='ltr'><strong><em>sequitur:</em></strong></span> <span class='ocrx_word' id='word_1_669' title='bbox 1879 4929 1895 4959; x_wconf 76' lang='grc' dir='ltr'>ι</span> <span class='ocrx_word' id='word_1_670' title='bbox 1938 4912 2133 4963; x_wconf 78' lang='lat' dir='ltr'><strong><em>Statim</em></strong></span> 
     </span>
    </p>
   </div>
   <div class='ocr_carea' id='block_1_96' title="bbox 560 4999 2136 5071">
    <p class='ocr_par' dir='ltr' id='par_1_96' title="bbox 560 4999 2136 5071">
     <span class='ocr_line' id='line_1_96' title="bbox 560 4999 2136 5071; baseline -0.001 -12"><span class='ocrx_word' id='word_1_671' title='bbox 560 5014 767 5064; x_wconf 88' lang='lat' dir='ltr'><strong><em>autem,</em></strong></span> <span class='ocrx_word' id='word_1_672' title='bbox 814 4999 1271 5070; x_wconf 83' lang='lat' dir='ltr'><strong><em>quemadmodum</em></strong></span> <span class='ocrx_word' id='word_1_673' title='bbox 1305 5009 1527 5053; x_wconf 76' lang='lat' dir='ltr'><strong><em>sanctus</em></strong></span> <span class='ocrx_word' id='word_1_674' title='bbox 1587 5012 1794 5071; x_wconf 83' lang='lat' dir='ltr'><strong><em>martyr</em></strong></span> <span class='ocrx_word' id='word_1_675' title='bbox 1879 5003 2136 5070; x_wconf 81' lang='lat' dir='ltr'><strong><em>precibus</em></strong></span> 
     </span>
    </p>
   </div>
   <div class='ocr_carea' id='block_1_97' title="bbox 561 5090 2139 5163">
    <p class='ocr_par' dir='ltr' id='par_1_97' title="bbox 561 5090 2139 5163">
     <span class='ocr_line' id='line_1_97' title="bbox 561 5090 2139 5163; baseline -0.004 -12"><span class='ocrx_word' id='word_1_676' title='bbox 561 5095 679 5151; x_wconf 85' lang='lat' dir='ltr'><strong><em>suis</em></strong></span> <span class='ocrx_word' id='word_1_677' title='bbox 713 5094 1107 5163; x_wconf 72' lang='lat' dir='ltr'><strong><em>postulaverat,</em></strong></span> <span class='ocrx_word' id='word_1_678' title='bbox 1134 5090 1292 5143; x_wconf 91' lang='lat' dir='ltr'><strong><em>locus</em></strong></span> <span class='ocrx_word' id='word_1_679' title='bbox 1322 5094 1373 5143; x_wconf 90' lang='lat' dir='ltr'><strong><em>iu</em></strong></span> <span class='ocrx_word' id='word_1_680' title='bbox 1413 5106 1575 5158; x_wconf 90' lang='lat' dir='ltr'><strong><em>quem</em></strong></span> <span class='ocrx_word' id='word_1_681' title='bbox 1629 5093 1973 5147; x_wconf 73' lang='lat' dir='ltr'><strong><em>venerandus</em></strong></span> <span class='ocrx_word' id='word_1_682' title='bbox 2014 5108 2139 5147; x_wconf 87' lang='lat' dir='ltr'><strong><em>san-</em></strong></span> 
     </span>
    </p>
   </div>
   <div class='ocr_carea' id='block_1_98' title="bbox 563 5176 2140 5257">
    <p class='ocr_par' dir='ltr' id='par_1_98' title="bbox 563 5176 2140 5257">
     <span class='ocr_line' id='line_1_98' title="bbox 563 5176 2140 5257; baseline -0.003 -17"><span class='ocrx_word' id='word_1_683' title='bbox 563 5184 805 5257; x_wconf 64' lang='lat' dir='ltr'><strong><em>guisllle</em></strong></span> <span class='ocrx_word' id='word_1_684' title='bbox 845 5192 1142 5251; x_wconf 78' lang='lat' dir='ltr'><strong><em>martyrum</em></strong></span> <span class='ocrx_word' id='word_1_685' title='bbox 1190 5176 1511 5245; x_wconf 72' lang='lat' dir='ltr'><strong><em>deﬂuxerat,</em></strong></span> <span class='ocrx_word' id='word_1_686' title='bbox 1562 5181 1683 5233; x_wconf 88' lang='lat' dir='ltr'><strong><em>fons</em></strong></span> <span class='ocrx_word' id='word_1_687' title='bbox 1740 5183 1963 5250; x_wconf 87' lang='lat' dir='ltr'><strong><em>quidam</em></strong></span> <span class='ocrx_word' id='word_1_688' title='bbox 2005 5181 2140 5235; x_wconf 75' lang='lat' dir='ltr'><strong><em>effe-</em></strong></span> 
     </span>
    </p>
   </div>
   <div class='ocr_carea' id='block_1_99' title="bbox 560 5275 2136 5345">
    <p class='ocr_par' dir='ltr' id='par_1_99' title="bbox 560 5275 2136 5345">
     <span class='ocr_line' id='line_1_99' title="bbox 560 5275 2136 5345; baseline -0.004 -10"><span class='ocrx_word' id='word_1_689' title='bbox 560 5281 689 5335; x_wconf 80' lang='lat' dir='ltr'><strong><em>ctus</em></strong></span> <span class='ocrx_word' id='word_1_690' title='bbox 736 5286 840 5338; x_wconf 83' lang='lat' dir='ltr'><strong><em>est.</em></strong></span> <span class='ocrx_word' id='word_1_691' title='bbox 895 5275 1311 5345; x_wconf 71' lang='lat' dir='ltr'><strong><em>omnigenarum</em></strong></span> <span class='ocrx_word' id='word_1_692' title='bbox 1362 5276 1787 5341; x_wconf 74' lang='lat' dir='ltr'><strong><em>:egrotationum</em></strong></span> <span class='ocrx_word' id='word_1_693' title='bbox 1845 5278 2136 5331; x_wconf 89' lang='lat' dir='ltr'><strong><em>sanitatem</em></strong></span> 
     </span>
    </p>
   </div>
   <div class='ocr_carea' id='block_1_100' title="bbox 563 5364 2135 5440">
    <p class='ocr_par' dir='ltr' id='par_1_100' title="bbox 563 5364 2135 5440">
     <span class='ocr_line' id='line_1_100' title="bbox 563 5364 2135 5440; baseline -0.003 -14"><span class='ocrx_word' id='word_1_694' title='bbox 563 5369 817 5430; x_wconf 69' lang='lat' dir='ltr'><strong><em>atterens.</em></strong></span> <span class='ocrx_word' id='word_1_695' title='bbox 851 5371 949 5439; x_wconf 81' lang='lat' dir='ltr'><strong><em>qui</em></strong></span> <span class='ocrx_word' id='word_1_696' title='bbox 990 5364 1113 5422; x_wconf 86' lang='lat' dir='ltr'><strong><em>fons</em></strong></span> <span class='ocrx_word' id='word_1_697' title='bbox 1160 5368 1226 5421; x_wconf 90' lang='lat' dir='ltr'><strong><em>ad</em></strong></span> <span class='ocrx_word' id='word_1_698' title='bbox 1267 5367 1590 5421; x_wconf 89' lang='lat' dir='ltr'><strong><em>hodiernum</em></strong></span> <span class='ocrx_word' id='word_1_699' title='bbox 1629 5383 1800 5438; x_wconf 84' lang='lat' dir='ltr'><strong><em>usque</em></strong></span> <span class='ocrx_word' id='word_1_700' title='bbox 1820 5369 1965 5425; x_wconf 88' lang='lat' dir='ltr'><strong><em>diem</em></strong></span> <span class='ocrx_word' id='word_1_701' title='bbox 2015 5386 2135 5440; x_wconf 80' lang='lat' dir='ltr'><strong><em>gra-</em></strong></span> 
     </span>
    </p>
   </div>
   <div class='ocr_carea' id='block_1_101' title="bbox 563 5461 2136 5531">
    <p class='ocr_par' dir='ltr' id='par_1_101' title="bbox 563 5461 2136 5531">
     <span class='ocr_line' id='line_1_101' title="bbox 563 5461 2136 5531; baseline -0.001 -10"><span class='ocrx_word' id='word_1_702' title='bbox 563 5466 654 5522; x_wconf 82' lang='lat' dir='ltr'><strong><em>tiis</em></strong></span> <span class='ocrx_word' id='word_1_703' title='bbox 682 5463 979 5518; x_wconf 82' lang='lat' dir='ltr'><strong><em>redundat.</em></strong></span> <span class='ocrx_word' id='word_1_704' title='bbox 1019 5481 1038 5514; x_wconf 83' lang='lat' dir='ltr'><strong>I</strong></span> <span class='ocrx_word' id='word_1_705' title='bbox 1067 5464 1150 5517; x_wconf 85' lang='lat' dir='ltr'><strong><em>An</em></strong></span> <span class='ocrx_word' id='word_1_706' title='bbox 1184 5461 1273 5515; x_wconf 86' lang='lat' dir='ltr'><strong><em>illa</em></strong></span> <span class='ocrx_word' id='word_1_707' title='bbox 1306 5461 1519 5515; x_wconf 86' lang='lat' dir='ltr'><strong><em>auctori</em></strong></span> <span class='ocrx_word' id='word_1_708' title='bbox 1584 5464 1895 5531; x_wconf 84' lang='lat' dir='ltr'><strong><em>synchrono</em></strong></span> <span class='ocrx_word' id='word_1_709' title='bbox 1933 5480 2136 5519; x_wconf 84' lang='lat' dir='ltr'><strong><em>conve-</em></strong></span> 
     </span>
    </p>
   </div>
   <div class='ocr_carea' id='block_1_102' title="bbox 564 5553 2133 5627">
    <p class='ocr_par' dir='ltr' id='par_1_102' title="bbox 564 5553 2133 5627">
     <span class='ocr_line' id='line_1_102' title="bbox 564 5553 2133 5627; baseline -0.003 -13"><span class='ocrx_word' id='word_1_710' title='bbox 564 5555 775 5614; x_wconf 76' lang='lat' dir='ltr'><strong><em>niunt?</em></strong></span> <span class='ocrx_word' id='word_1_711' title='bbox 804 5554 1079 5619; x_wconf 82' lang='lat' dir='ltr'><strong><em>Secundo,</em></strong></span> <span class='ocrx_word' id='word_1_712' title='bbox 1137 5553 1313 5609; x_wconf 84' lang='lat' dir='ltr'><strong><em>oratio</em></strong></span> <span class='ocrx_word' id='word_1_713' title='bbox 1352 5553 1410 5609; x_wconf 85' lang='lat' dir='ltr'><strong><em>S.</em></strong></span> <span class='ocrx_word' id='word_1_714' title='bbox 1454 5553 1705 5615; x_wconf 65' lang='lat' dir='ltr'><strong><em>Andreae,</em></strong></span> <span class='ocrx_word' id='word_1_715' title='bbox 1749 5556 1801 5609; x_wconf 92' lang='lat' dir='ltr'><strong><em>in</em></strong></span> <span class='ocrx_word' id='word_1_716' title='bbox 1834 5574 1940 5627; x_wconf 85' lang='lat' dir='ltr'><strong><em>qua</em></strong></span> <span class='ocrx_word' id='word_1_717' title='bbox 1959 5558 2091 5613; x_wconf 85' lang='lat' dir='ltr'><strong><em>dicit</em></strong></span> <span class='ocrx_word' id='word_1_718' title='bbox 2120 5574 2133 5609; x_wconf 90' lang='lat'><strong>:</strong></span> 
     </span>
    </p>
   </div>
   <div class='ocr_carea' id='block_1_103' title="bbox 566 5645 2133 5720">
    <p class='ocr_par' dir='ltr' id='par_1_103' title="bbox 566 5645 2133 5720">
     <span class='ocr_line' id='line_1_103' title="bbox 566 5645 2133 5720; baseline 0.003 -18"><span class='ocrx_word' id='word_1_719' title='bbox 566 5663 589 5702; x_wconf 72' lang='grc' dir='ltr'>ι</span> <span class='ocrx_word' id='word_1_720' title='bbox 626 5649 853 5705; x_wconf 81' lang='lat' dir='ltr'><strong><em>Domine</em></strong></span> <span class='ocrx_word' id='word_1_721' title='bbox 888 5645 1061 5701; x_wconf 85' lang='lat' dir='ltr'><strong><em>Deus.</em></strong></span> <span class='ocrx_word' id='word_1_722' title='bbox 1090 5684 1105 5699; x_wconf 91' lang='lat'><strong><em>.</em></strong></span> <span class='ocrx_word' id='word_1_723' title='bbox 1156 5647 1340 5719; x_wconf 89' lang='lat' dir='ltr'><strong><em>accipe</em></strong></span> <span class='ocrx_word' id='word_1_724' title='bbox 1372 5647 1475 5701; x_wconf 90' lang='lat' dir='ltr'><strong><em>mei</em></strong></span> <span class='ocrx_word' id='word_1_725' title='bbox 1505 5648 1842 5716; x_wconf 82' lang='lat' dir='ltr'><strong><em>peccatoris.</em></strong></span> <span class='ocrx_word' id='word_1_726' title='bbox 1864 5689 1879 5704; x_wconf 92' lang='lat'><strong><em>.</em></strong></span> <span class='ocrx_word' id='word_1_727' title='bbox 1921 5667 2133 5720; x_wconf 87' lang='lat' dir='ltr'><strong><em>preces,</em></strong></span> 
     </span>
    </p>
   </div>
   <div class='ocr_carea' id='block_1_104' title="bbox 560 5740 2134 5818">
    <p class='ocr_par' dir='ltr' id='par_1_104' title="bbox 560 5740 2134 5818">
     <span class='ocr_line' id='line_1_104' title="bbox 560 5740 2134 5818; baseline 0.003 -23"><span class='ocrx_word' id='word_1_728' title='bbox 560 5754 857 5818; x_wconf 83' lang='lat' dir='ltr'><strong><em>eorumque</em></strong></span> <span class='ocrx_word' id='word_1_729' title='bbox 886 5740 1130 5793; x_wconf 89' lang='lat' dir='ltr'><strong><em>omnium</em></strong></span> <span class='ocrx_word' id='word_1_730' title='bbox 1170 5740 1265 5809; x_wconf 87' lang='lat' dir='ltr'><strong><em>qui</em></strong></span> <span class='ocrx_word' id='word_1_731' title='bbox 1300 5755 1514 5794; x_wconf 86' lang='lat' dir='ltr'><strong><em>mecum</em></strong></span> <span class='ocrx_word' id='word_1_732' title='bbox 1562 5749 1692 5796; x_wconf 88' lang='lat' dir='ltr'><strong><em>sunt</em></strong></span> <span class='ocrx_word' id='word_1_733' title='bbox 1729 5780 1742 5797; x_wconf 97' lang='lat'><strong><em>.</em></strong></span> <span class='ocrx_word' id='word_1_734' title='bbox 1768 5784 1781 5799; x_wconf 91' lang='lat'><strong><em>.</em></strong></span> <span class='ocrx_word' id='word_1_735' title='bbox 1811 5754 1815 5765; x_wconf 93' lang='lat'>&#39;</span> <span class='ocrx_word' id='word_1_736' title='bbox 1844 5746 2134 5799; x_wconf 80' lang='lat' dir='ltr'><strong><em>omnibus-</em></strong></span> 
     </span>
    </p>
   </div>
   <div class='ocr_carea' id='block_1_105' title="bbox 554 5832 2137 5907">
    <p class='ocr_par' dir='ltr' id='par_1_105' title="bbox 554 5832 2137 5907">
     <span class='ocr_line' id='line_1_105' title="bbox 554 5832 2137 5907; baseline 0.007 -22"><span class='ocrx_word' id='word_1_737' title='bbox 554 5848 667 5897; x_wconf 76' lang='lat' dir='ltr'><strong><em>que</em></strong></span> <span class='ocrx_word' id='word_1_738' title='bbox 711 5834 795 5888; x_wconf 85' lang='lat' dir='ltr'><strong><em>his</em></strong></span> <span class='ocrx_word' id='word_1_739' title='bbox 822 5832 915 5903; x_wconf 85' lang='lat' dir='ltr'><strong><em>qui</em></strong></span> <span class='ocrx_word' id='word_1_740' title='bbox 939 5833 1281 5890; x_wconf 81' lang='lat' dir='ltr'><strong><em>necessitatis</em></strong></span> <span class='ocrx_word' id='word_1_741' title='bbox 1314 5842 1556 5905; x_wconf 78' lang='lat' dir='ltr'><strong><em>tempore</em></strong></span> <span class='ocrx_word' id='word_1_742' title='bbox 1586 5844 1792 5903; x_wconf 88' lang='lat' dir='ltr'><strong><em>nostra,</em></strong></span> <span class='ocrx_word' id='word_1_743' title='bbox 1817 5838 1910 5907; x_wconf 86' lang='lat' dir='ltr'><strong><em>qui</em></strong></span> <span class='ocrx_word' id='word_1_744' title='bbox 1945 5854 2137 5895; x_wconf 84' lang='lat' dir='ltr'><strong><em>sumus</em></strong></span> 
     </span>
    </p>
   </div>
   <div class='ocr_carea' id='block_1_106' title="bbox 2244 4631 3834 4703">
    <p class='ocr_par' dir='ltr' id='par_1_106' title="bbox 2244 4631 3834 4703">
     <span class='ocr_line' id='line_1_106' title="bbox 2244 4631 3834 4703; baseline 0.003 -22"><span class='ocrx_word' id='word_1_745' title='bbox 2244 4632 2459 4699; x_wconf 88' lang='lat' dir='ltr'><strong><em>quidem</em></strong></span> <span class='ocrx_word' id='word_1_746' title='bbox 2489 4633 2649 4683; x_wconf 84' lang='lat' dir='ltr'><strong><em>etiam</em></strong></span> <span class='ocrx_word' id='word_1_747' title='bbox 2682 4646 2963 4682; x_wconf 88' lang='lat' dir='ltr'><strong><em>numerum</em></strong></span> <span class='ocrx_word' id='word_1_748' title='bbox 3020 4631 3419 4682; x_wconf 83' lang='lat' dir='ltr'><strong><em>determinant:</em></strong></span> <span class='ocrx_word' id='word_1_749' title='bbox 3448 4632 3539 4683; x_wconf 77' lang='lat' dir='ltr'><strong><em>sed</em></strong></span> <span class='ocrx_word' id='word_1_750' title='bbox 3598 4645 3834 4703; x_wconf 72' lang='lat' dir='ltr'><strong><em>magnus</em></strong></span> 
     </span>
    </p>
   </div>
   <div class='ocr_carea' id='block_1_107' title="bbox 2241 4721 3833 4788">
    <p class='ocr_par' dir='ltr' id='par_1_107' title="bbox 2241 4721 3833 4788">
     <span class='ocr_line' id='line_1_107' title="bbox 2241 4721 3833 4788; baseline 0 -10"><span class='ocrx_word' id='word_1_751' title='bbox 2241 4725 2651 4778; x_wconf 83' lang='lat' dir='ltr'><strong><em>fueritnecesse</em></strong></span> <span class='ocrx_word' id='word_1_752' title='bbox 2681 4735 2782 4785; x_wconf 84' lang='lat' dir='ltr'><strong><em>est,</em></strong></span> <span class='ocrx_word' id='word_1_753' title='bbox 2808 4736 2931 4775; x_wconf 86' lang='lat' dir='ltr'><strong><em>cum</em></strong></span> <span class='ocrx_word' id='word_1_754' title='bbox 2974 4722 3251 4788; x_wconf 69' lang='lat' dir='ltr'><strong><em>ingentem</em></strong></span> <span class='ocrx_word' id='word_1_755' title='bbox 3327 4721 3614 4777; x_wconf 85' lang='lat' dir='ltr'><strong><em>Persarum</em></strong></span> <span class='ocrx_word' id='word_1_756' title='bbox 3682 4726 3833 4778; x_wconf 86' lang='lat' dir='ltr'><strong><em>mul-</em></strong></span> 
     </span>
    </p>
   </div>
   <div class='ocr_carea' id='block_1_108' title="bbox 2240 4816 3831 4872">
    <p class='ocr_par' dir='ltr' id='par_1_108' title="bbox 2240 4816 3831 4872">
     <span class='ocr_line' id='line_1_108' title="bbox 2240 4816 3831 4872; baseline 0 -1"><span class='ocrx_word' id='word_1_757' title='bbox 2240 4819 2521 4871; x_wconf 89' lang='lat' dir='ltr'><strong><em>titndincm</em></strong></span> <span class='ocrx_word' id='word_1_758' title='bbox 2566 4818 2869 4872; x_wconf 80' lang='lat' dir='ltr'><strong><em>debellarit.</em></strong></span> <span class='ocrx_word' id='word_1_759' title='bbox 2906 4828 2959 4869; x_wconf 91' lang='lat' dir='ltr'><strong><em>et</em></strong></span> <span class='ocrx_word' id='word_1_760' title='bbox 3021 4834 3039 4866; x_wconf 84' lang='grc'><em>‹</em></span> <span class='ocrx_word' id='word_1_761' title='bbox 3078 4816 3321 4869; x_wconf 86' lang='lat' dir='ltr'><strong><em>Andreas</em></strong></span> <span class='ocrx_word' id='word_1_762' title='bbox 3372 4829 3493 4868; x_wconf 89' lang='lat' dir='ltr'><strong><em>cum</em></strong></span> <span class='ocrx_word' id='word_1_763' title='bbox 3548 4824 3656 4867; x_wconf 81' lang='lat' dir='ltr'><strong><em>tota</em></strong></span> <span class='ocrx_word' id='word_1_764' title='bbox 3728 4831 3831 4870; x_wconf 81' lang='lat' dir='ltr'><strong><em>sua</em></strong></span> 
     </span>
    </p>
   </div>
   <div class='ocr_carea' id='block_1_109' title="bbox 2240 4906 3828 4975">
    <p class='ocr_par' dir='ltr' id='par_1_109' title="bbox 2240 4906 3828 4975">
     <span class='ocr_line' id='line_1_109' title="bbox 2240 4906 3828 4975; baseline 0.001 -14"><span class='ocrx_word' id='word_1_765' title='bbox 2240 4910 2436 4963; x_wconf 90' lang='lat' dir='ltr'><strong><em>fortiet</em></strong></span> <span class='ocrx_word' id='word_1_766' title='bbox 2470 4926 2497 4959; x_wconf 87' lang='lat' dir='ltr'><strong><em>a</em></strong></span> <span class='ocrx_word' id='word_1_767' title='bbox 2521 4909 2629 4959; x_wconf 89' lang='lat' dir='ltr'><strong><em>Deo</em></strong></span> <span class='ocrx_word' id='word_1_768' title='bbox 2658 4910 2823 4960; x_wconf 87' lang='lat' dir='ltr'><strong><em>electa</em></strong></span> <span class='ocrx_word' id='word_1_769' title='bbox 2848 4908 3137 4975; x_wconf 81' lang='lat' dir='ltr'><strong><em>phalange.</em></strong></span> <span class='ocrx_word' id='word_1_770' title='bbox 3176 4926 3195 4956; x_wconf 75' lang='grc' dir='ltr'><strong><em>ι</em></strong></span> <span class='ocrx_word' id='word_1_771' title='bbox 3231 4906 3303 4958; x_wconf 89' lang='lat' dir='ltr'><strong><em>uti</em></strong></span> <span class='ocrx_word' id='word_1_772' title='bbox 3338 4907 3637 4971; x_wconf 84' lang='lat' dir='ltr'><strong><em>loquuntur</em></strong></span> <span class='ocrx_word' id='word_1_773' title='bbox 3668 4909 3828 4972; x_wconf 76' lang='lat' dir='ltr'><strong><em>Acta,</em></strong></span> 
     </span>
    </p>
   </div>
   <div class='ocr_carea' id='block_1_110' title="bbox 2241 4998 3829 5071">
    <p class='ocr_par' dir='ltr' id='par_1_110' title="bbox 2241 4998 3829 5071">
     <span class='ocr_line' id='line_1_110' title="bbox 2241 4998 3829 5071; baseline -0.002 -15"><span class='ocrx_word' id='word_1_774' title='bbox 2241 5002 2561 5071; x_wconf 70' lang='lat' dir='ltr'><strong><em>martyrium</em></strong></span> <span class='ocrx_word' id='word_1_775' title='bbox 2594 5001 2664 5056; x_wconf 87' lang='lat' dir='ltr'><strong><em>sit</em></strong></span> <span class='ocrx_word' id='word_1_776' title='bbox 2693 5008 3023 5054; x_wconf 83' lang='lat' dir='ltr'><strong><em>consecutus</em></strong></span> <span class='ocrx_word' id='word_1_777' title='bbox 3057 5014 3071 5065; x_wconf 90' lang='lat'><strong>;</strong></span> <span class='ocrx_word' id='word_1_778' title='bbox 3106 4998 3353 5063; x_wconf 62' lang='lat' dir='ltr'><strong><em>quamvis</em></strong></span> <span class='ocrx_word' id='word_1_779' title='bbox 3384 5017 3401 5047; x_wconf 70' lang='grc' dir='ltr'><strong>ε</strong></span> <span class='ocrx_word' id='word_1_780' title='bbox 3441 4998 3590 5050; x_wconf 84' lang='lat' dir='ltr'><strong><em>illum</em></strong></span> <span class='ocrx_word' id='word_1_781' title='bbox 3623 4999 3829 5053; x_wconf 81' lang='lat' dir='ltr'><strong><em>milites</em></strong></span> 
     </span>
    </p>
   </div>
   <div class='ocr_carea' id='block_1_111' title="bbox 2241 5092 3825 5168">
    <p class='ocr_par' dir='ltr' id='par_1_111' title="bbox 2241 5092 3825 5168">
     <span class='ocr_line' id='line_1_111' title="bbox 2241 5092 3825 5168; baseline -0.004 -21"><span class='ocrx_word' id='word_1_782' title='bbox 2241 5099 2330 5168; x_wconf 83' lang='lat' dir='ltr'><strong><em>qui</em></strong></span> <span class='ocrx_word' id='word_1_783' title='bbox 2360 5115 2425 5151; x_wconf 78' lang='lat' dir='ltr'><strong><em>ex</em></strong></span> <span class='ocrx_word' id='word_1_784' title='bbox 2460 5096 2525 5151; x_wconf 86' lang='lat' dir='ltr'><strong><em>iis</em></strong></span> <span class='ocrx_word' id='word_1_785' title='bbox 2556 5098 2644 5165; x_wconf 91' lang='lat' dir='ltr'><strong><em>qui</em></strong></span> <span class='ocrx_word' id='word_1_786' title='bbox 2678 5111 2801 5149; x_wconf 90' lang='lat' dir='ltr'><strong><em>cum</em></strong></span> <span class='ocrx_word' id='word_1_787' title='bbox 2839 5097 2956 5163; x_wconf 83' lang='lat' dir='ltr'><strong><em>ipso</em></strong></span> <span class='ocrx_word' id='word_1_788' title='bbox 2989 5092 3243 5145; x_wconf 88' lang='lat' dir='ltr'><strong><em>fuerant:</em></strong></span> <span class='ocrx_word' id='word_1_789' title='bbox 3283 5093 3426 5158; x_wconf 88' lang='lat' dir='ltr'><strong><em>apud</em></strong></span> <span class='ocrx_word' id='word_1_790' title='bbox 3486 5092 3825 5143; x_wconf 88' lang='lat' dir='ltr'><strong><em>Antiochum</em></strong></span> 
     </span>
    </p>
   </div>
   <div class='ocr_carea' id='block_1_112' title="bbox 2238 5182 3824 5258">
    <p class='ocr_par' dir='ltr' id='par_1_112' title="bbox 2238 5182 3824 5258">
     <span class='ocr_line' id='line_1_112' title="bbox 2238 5182 3824 5258; baseline -0.006 -13"><span class='ocrx_word' id='word_1_791' title='bbox 2238 5191 2577 5252; x_wconf 89' lang='lat' dir='ltr'><strong><em>detulerunt,</em></strong></span> <span class='ocrx_word' id='word_1_792' title='bbox 2597 5189 2739 5258; x_wconf 89' lang='lat' dir='ltr'><strong><em>quod</em></strong></span> <span class='ocrx_word' id='word_1_793' title='bbox 2772 5188 2941 5240; x_wconf 88' lang='lat' dir='ltr'><strong><em>Deum</em></strong></span> <span class='ocrx_word' id='word_1_794' title='bbox 2978 5221 3015 5236; x_wconf 88' lang='lat'><strong><em>..</em></strong></span> <span class='ocrx_word' id='word_1_795' title='bbox 3036 5182 3391 5236; x_wconf 81' lang='lat' dir='ltr'><strong><em>confiteretur</em></strong></span> <span class='ocrx_word' id='word_1_796' title='bbox 3420 5193 3475 5237; x_wconf 90' lang='lat' dir='ltr'><strong><em>et</em></strong></span> <span class='ocrx_word' id='word_1_797' title='bbox 3498 5184 3824 5249; x_wconf 83' lang='lat' dir='ltr'><strong><em>celebraret,</em></strong></span> 
     </span>
    </p>
   </div>
   <div class='ocr_carea' id='block_1_113' title="bbox 2241 5277 3826 5345">
    <p class='ocr_par' dir='ltr' id='par_1_113' title="bbox 2241 5277 3826 5345">
     <span class='ocr_line' id='line_1_113' title="bbox 2241 5277 3826 5345; baseline -0.006 -6"><span class='ocrx_word' id='word_1_798' title='bbox 2241 5286 2297 5339; x_wconf 90' lang='lat' dir='ltr'><strong><em>in</em></strong></span> <span class='ocrx_word' id='word_1_799' title='bbox 2368 5300 2531 5337; x_wconf 85' lang='lat' dir='ltr'><strong><em>cruce</em></strong></span> <span class='ocrx_word' id='word_1_800' title='bbox 2591 5281 2815 5335; x_wconf 75' lang='lat' dir='ltr'><strong><em>sufﬁxus</em></strong></span> <span class='ocrx_word' id='word_1_801' title='bbox 2867 5278 3066 5333; x_wconf 84' lang='lat' dir='ltr'><strong><em>fuerat.</em></strong></span> <span class='ocrx_word' id='word_1_802' title='bbox 3126 5297 3145 5331; x_wconf 79' lang='grc' dir='ltr'><strong><em>ι</em></strong></span> <span class='ocrx_word' id='word_1_803' title='bbox 3213 5277 3411 5332; x_wconf 74' lang='lat' dir='ltr'><strong><em>Verum</em></strong></span> <span class='ocrx_word' id='word_1_804' title='bbox 3484 5291 3594 5344; x_wconf 90' lang='lat' dir='ltr'><strong><em>quo</em></strong></span> <span class='ocrx_word' id='word_1_805' title='bbox 3664 5287 3826 5345; x_wconf 91' lang='lat' dir='ltr'><strong><em>pacto</em></strong></span> 
     </span>
    </p>
   </div>
   <div class='ocr_carea' id='block_1_114' title="bbox 2241 5366 3825 5435">
    <p class='ocr_par' dir='ltr' id='par_1_114' title="bbox 2241 5366 3825 5435">
     <span class='ocr_line' id='line_1_114' title="bbox 2241 5366 3825 5435; baseline -0.009 -1"><span class='ocrx_word' id='word_1_806' title='bbox 2241 5390 2431 5435; x_wconf 84' lang='lat' dir='ltr'><strong><em>tantus</em></strong></span> <span class='ocrx_word' id='word_1_807' title='bbox 2474 5378 2713 5431; x_wconf 76' lang='lat' dir='ltr'><strong><em>colueret</em></strong></span> <span class='ocrx_word' id='word_1_808' title='bbox 2743 5388 3003 5428; x_wconf 85' lang='lat' dir='ltr'><strong><em>numerus</em></strong></span> <span class='ocrx_word' id='word_1_809' title='bbox 3062 5387 3187 5427; x_wconf 89' lang='lat' dir='ltr'><strong><em>cum</em></strong></span> <span class='ocrx_word' id='word_1_810' title='bbox 3213 5370 3469 5429; x_wconf 83' lang='lat' dir='ltr'><strong><em>Eusebio,</em></strong></span> <span class='ocrx_word' id='word_1_811' title='bbox 3490 5368 3583 5435; x_wconf 84' lang='lat' dir='ltr'><strong><em>qui</em></strong></span> <span class='ocrx_word' id='word_1_812' title='bbox 3641 5366 3825 5422; x_wconf 79' lang='lat' dir='ltr'><strong><em>Eccle-</em></strong></span> 
     </span>
    </p>
   </div>
   <div class='ocr_carea' id='block_1_115' title="bbox 2240 5458 3820 5530">
    <p class='ocr_par' dir='ltr' id='par_1_115' title="bbox 2240 5458 3820 5530">
     <span class='ocr_line' id='line_1_115' title="bbox 2240 5458 3820 5530; baseline -0.01 -3"><span class='ocrx_word' id='word_1_813' title='bbox 2240 5474 2467 5527; x_wconf 72' lang='lat' dir='ltr'><strong><em>siasticte</em></strong></span> <span class='ocrx_word' id='word_1_814' title='bbox 2490 5471 2794 5525; x_wconf 62' lang='grc' dir='ltr'><strong><em>Πίθων-ἕαδε</em></strong></span> <span class='ocrx_word' id='word_1_815' title='bbox 2824 5466 3035 5520; x_wconf 76' lang='lat' dir='ltr'><strong><em>Valesio</em></strong></span> <span class='ocrx_word' id='word_1_816' title='bbox 3064 5465 3225 5517; x_wconf 69' lang='lat' dir='ltr'><strong><em>editae</em></strong></span> <span class='ocrx_word' id='word_1_817' title='bbox 3276 5461 3372 5514; x_wconf 89' lang='lat' dir='ltr'><strong><em>lib.</em></strong></span> <span class='ocrx_word' id='word_1_818' title='bbox 3419 5476 3539 5523; x_wconf 80' lang='lat' dir='ltr'><strong><em>vui,</em></strong></span> <span class='ocrx_word' id='word_1_819' title='bbox 3588 5477 3716 5530; x_wconf 85' lang='lat' dir='ltr'><strong><em>cap.</em></strong></span> <span class='ocrx_word' id='word_1_820' title='bbox 3770 5458 3820 5519; x_wconf 72' lang='grc' dir='ltr'><strong><em>ι,</em></strong></span> 
     </span>
    </p>
   </div>
   <div class='ocr_carea' id='block_1_116' title="bbox 2240 5547 3821 5636">
    <p class='ocr_par' dir='ltr' id='par_1_116' title="bbox 2240 5547 3821 5636">
     <span class='ocr_line' id='line_1_116' title="bbox 2240 5547 3821 5636; baseline -0.012 -18"><span class='ocrx_word' id='word_1_821' title='bbox 2240 5583 2361 5636; x_wconf 82' lang='lat' dir='ltr'><strong><em>pag.</em></strong></span> <span class='ocrx_word' id='word_1_822' title='bbox 2392 5567 2519 5629; x_wconf 72' lang='lat'><strong><em>296,</em></strong></span> <span class='ocrx_word' id='word_1_823' title='bbox 2547 5566 2661 5618; x_wconf 71' lang='lat' dir='ltr'><strong><em>haec</em></strong></span> <span class='ocrx_word' id='word_1_824' title='bbox 2717 5564 2884 5615; x_wconf 84' lang='lat' dir='ltr'><strong><em>refert</em></strong></span> <span class='ocrx_word' id='word_1_825' title='bbox 2918 5577 2933 5614; x_wconf 89' lang='lat'><strong>:</strong></span> <span class='ocrx_word' id='word_1_826' title='bbox 2970 5575 2988 5608; x_wconf 70' lang='grc' dir='ltr'><strong>ε</strong></span> <span class='ocrx_word' id='word_1_827' title='bbox 3023 5558 3313 5625; x_wconf 80' lang='lat' dir='ltr'><strong><em>POStquam</em></strong></span> <span class='ocrx_word' id='word_1_828' title='bbox 3344 5591 3380 5607; x_wconf 92' lang='lat'><strong><em>..</em></strong></span> <span class='ocrx_word' id='word_1_829' title='bbox 3442 5555 3549 5608; x_wconf 78' lang='lat' dir='ltr'><strong><em>dux</em></strong></span> <span class='ocrx_word' id='word_1_830' title='bbox 3591 5547 3821 5605; x_wconf 75' lang='lat' dir='ltr'><strong><em>Romani</em></strong></span> 
     </span>
    </p>
   </div>
   <div class='ocr_carea' id='block_1_117' title="bbox 2239 5647 3819 5726">
    <p class='ocr_par' dir='ltr' id='par_1_117' title="bbox 2239 5647 3819 5726">
     <span class='ocr_line' id='line_1_117' title="bbox 2239 5647 3819 5726; baseline -0.01 -12"><span class='ocrx_word' id='word_1_831' title='bbox 2239 5661 2513 5715; x_wconf 79' lang='lat' dir='ltr'><strong><em>exercitus</em></strong></span> <span class='ocrx_word' id='word_1_832' title='bbox 2536 5659 2723 5712; x_wconf 89' lang='lat' dir='ltr'><strong><em>nescio</em></strong></span> <span class='ocrx_word' id='word_1_833' title='bbox 2778 5656 2903 5726; x_wconf 86' lang='lat' dir='ltr'><strong><em>quis</em></strong></span> <span class='ocrx_word' id='word_1_834' title='bbox 2960 5654 3225 5725; x_wconf 74' lang='lat' dir='ltr'><strong><em>(intelligo</em></strong></span> <span class='ocrx_word' id='word_1_835' title='bbox 3284 5651 3673 5707; x_wconf 65' lang='lat' dir='ltr'><strong><em>Maximiannm</em></strong></span> <span class='ocrx_word' id='word_1_836' title='bbox 3719 5647 3819 5700; x_wconf 85' lang='lat' dir='ltr'><strong><em>Ga-</em></strong></span> 
     </span>
    </p>
   </div>
   <div class='ocr_carea' id='block_1_118' title="bbox 2240 5744 3814 5823">
    <p class='ocr_par' dir='ltr' id='par_1_118' title="bbox 2240 5744 3814 5823">
     <span class='ocr_line' id='line_1_118' title="bbox 2240 5744 3814 5823; baseline -0.011 -18"><span class='ocrx_word' id='word_1_837' title='bbox 2240 5751 2458 5823; x_wconf 89' lang='lat' dir='ltr'><strong><em>lerium)</em></strong></span> <span class='ocrx_word' id='word_1_838' title='bbox 2513 5748 2858 5805; x_wconf 82' lang='lat' dir='ltr'><strong><em>Christianos</em></strong></span> <span class='ocrx_word' id='word_1_839' title='bbox 2914 5746 3118 5799; x_wconf 87' lang='lat' dir='ltr'><strong><em>milites</em></strong></span> <span class='ocrx_word' id='word_1_840' title='bbox 3184 5744 3435 5812; x_wconf 87' lang='lat' dir='ltr'><strong><em>persequi</em></strong></span> <span class='ocrx_word' id='word_1_841' title='bbox 3500 5752 3814 5809; x_wconf 79' lang='lat' dir='ltr'><strong><em>aggressus,</em></strong></span> 
     </span>
    </p>
   </div>
   <div class='ocr_carea' id='block_1_119' title="bbox 2240 5830 3813 5912">
    <p class='ocr_par' dir='ltr' id='par_1_119' title="bbox 2240 5830 3813 5912">
     <span class='ocr_line' id='line_1_119' title="bbox 2240 5830 3813 5912; baseline -0.013 -11"><span class='ocrx_word' id='word_1_842' title='bbox 2240 5861 2359 5909; x_wconf 80' lang='lat' dir='ltr'><strong><em>eos,</em></strong></span> <span class='ocrx_word' id='word_1_843' title='bbox 2390 5844 2571 5912; x_wconf 89' lang='lat' dir='ltr'><strong><em>quiin</em></strong></span> <span class='ocrx_word' id='word_1_844' title='bbox 2601 5840 2845 5897; x_wconf 79' lang='lat' dir='ltr'><strong><em>exercitu</em></strong></span> <span class='ocrx_word' id='word_1_845' title='bbox 2899 5838 3202 5903; x_wconf 84' lang='lat' dir='ltr'><strong><em>merebant,</em></strong></span> <span class='ocrx_word' id='word_1_846' title='bbox 3262 5836 3497 5889; x_wconf 81' lang='lat' dir='ltr'><strong><em>lustrare</em></strong></span> <span class='ocrx_word' id='word_1_847' title='bbox 3562 5830 3813 5900; x_wconf 71' lang='lat' dir='ltr'><strong><em>coepisset</em></strong></span> 
     </span>
    </p>
   </div>
  </div>
