3970 6454
162 418 263 479 593

1452 422 1629 481 VITA
1673 421 1733 480 S.
1777 419 2137 480 ANDREAI.

3313 414 3423 477 596

153 550 215 589 ac
278 549 597 597 recensere,
656 542 712 588 et
780 532 1110 590 Christianis
1176 535 1406 591 liberam
1496 536 1732 608 eligendi
1764 542 1808 598 Α
1836 551 2040 589 annum
2057 533 2259 588 Christi
2290 534 2412 597 30l,
2439 549 2593 589 num.
2626 535 2675 597 l,
2702 534 3099 590 Diocletianum
3127 535 3424 604 imperato-

153 635 487 695 potestatem
545 626 785 689 fecisset.
842 635 901 681 ut
961 627 1045 680 vel
1091 628 1484 697 imperatorum
1564 630 1735 698 jussis

151 719 599 785 obtemperantes
635 718 857 773 honoris
875 718 956 772 sui
988 719 1213 786 gradum
1269 724 1571 775 retinerent
1602 762 1614 782 .
1651 720 1735 774 vel

150 814 194 868 Ii
227 828 424 880 parere
454 814 681 874 nollent,
707 812 914 866 honore
936 813 1140 866 militiae
1172 814 1509 867 nudarentur
1540 832 1553 878 ;
1583 829 1735 866 com-

153 905 340 974 plures
374 905 525 973 regni
568 904 696 959 Jesu
753 904 949 957 Christi
1011 906 1231 968 milites,
1293 906 1531 958 nominis
1592 906 1736 959 illius

150 995 553 1049 confessionem
587 996 832 1050 smculari
864 997 1047 1064 gloriae
1076 1012 1137 1049 ac
1171 998 1432 1056 felicitati.
1456 1013 1558 1062 qua
1589 998 1736 1054 frue-

151 1088 373 1143 bantur.
412 1090 618 1156 absque
657 1089 758 1139 tilla
807 1090 1159 1141 cunctatione
1218 1090 1592 1156 prattulerunt.
1657 1090 1735 1144 Ex

152 1181 351 1248 quibus
404 1183 561 1248 pauci
622 1179 909 1232 admodum
934 1181 1008 1247 lin
1040 1180 1229 1234 Graeco
1252 1190 1336 1233 cst
1366 1176 1446 1243 εἷς
1476 1198 1578 1232 που
1635 1183 1731 1235 καὶ

172 1272 451 1339 δεύτερος.
483 1273 533 1325 id
562 1282 661 1332 est.
696 1288 836 1325 unus
855 1282 909 1325 et
937 1276 1109 1337 alter)
1151 1287 1256 1325 non
1283 1274 1443 1327 modo
1496 1273 1734 1341 dignita-

154 1372 285 1421 tem.
324 1379 510 1416 verum
543 1364 705 1415 etiam
746 1366 906 1415 vitam
940 1364 1192 1416 amittere
1259 1379 1358 1431 pro
1412 1364 1733 1418 defensione

152 1455 374 1521 pictatis
405 1456 820 1508 sustinuerunt:
854 1469 974 1507 cum
1012 1455 1057 1507 is
1090 1455 1181 1522 qui
1248 1456 1493 1525 religioni
1535 1466 1733 1510 nostra)

152 1545 399 1597 struebat
439 1545 685 1605 insidias.
720 1562 883 1614 parce
915 1546 1092 1599 adhuc
1116 1555 1169 1599 et
1240 1561 1365 1599 raro
1414 1550 1733 1617 sanguinem

151 1638 514 1706 quorumdam
550 1639 787 1692 fundere
836 1638 1079 1691 auderet.
1113 1638 1314 1691 Verum
1367 1639 1455 1692 ubi
1485 1640 1735 1707 apertius

150 1743 207 1783 se
236 1730 305 1781 ad
343 1730 546 1781 hriittttt
610 1728 870 1791 accinxit,
924 1727 1030 1781 dici
1090 1743 1198 1781 non
1259 1738 1459 1797 potest,
1502 1738 1632 1799 quot
1682 1738 1736 1782 et

150 1831 388 1888 quantos
417 1819 620 1872 Christi
655 1830 922 1888 martyres
978 1821 1031 1872 in
1075 1821 1337 1873 omnibus
1401 1820 1533 1875 locis
1572 1829 1733 1886 atque

153 1916 381 1969 urbibus
417 1912 615 1979 passim
682 1927 911 1965 cernere
954 1913 1190 1975 licuerit,
1232 1932 1249 1963 ι
1281 1922 1404 1981 post
1467 1913 1735 1967 famosum
1773 1906 1810 1957 Β

154 2010 407 2062 videlicet
440 2007 682 2060 edictum
716 2018 905 2061 contra
938 2009 1199 2061 ecclesias
1260 2010 1599 2075 [impositum
1646 2008 1737 2060 Ni-

151 2100 433 2155 comediae.
461 2102 529 2152 de
560 2115 671 2167 quo
730 2118 847 2167 cap.
885 2101 917 2154 5
950 2100 1197 2153 meminit
1254 2101 1397 2153 idem
1446 2091 1733 2154 Eusebius.

220 2194 309 2247 lO.
365 2192 424 2245 Si
481 2193 664 2259 itaque
715 2194 956 2262 pugilum
1028 2203 1346 2246 nostrorum
1420 2195 1735 2263 martyrium

149 2283 371 2337 diflerre
431 2284 619 2339 liceret
699 2293 862 2353 atque
937 2283 1003 2337 ad
1070 2283 1217 2335 illam
1301 2282 1736 2335 crudelissimam

151 2374 737 2445 persecutionem,qua
766 2376 817 2427 in
856 2391 1017 2429 omne
1062 2391 1234 2443 genus
1259 2376 1539 2428 hominum
1591 2393 1618 2428 a
1658 2385 1738 2443 ty-

155 2465 343 2513 rannis
369 2462 623 2514 saevitum
651 2472 756 2523 est,
785 2469 963 2513 lcalus
994 2462 1207 2515 Eusebii
1237 2477 1345 2515 non
1365 2474 1577 2517 crearet
1599 2464 1738 2517 dilli-

151 2550 410 2600 cultatem
440 2565 455 2609 ;
488 2549 582 2601 sed
614 2564 736 2601 eum
761 2564 826 2601 eo
858 2565 1028 2618 usque
1050 2566 1158 2602 non
1189 2551 1436 2604 videatur
1478 2553 1740 2606 differen-

152 2639 303 2701 dum,
341 2641 539 2692 saltem
609 2642 917 2695 secundum
946 2644 1101 2705 Acta,
1162 2654 1323 2712 prout
1354 2644 1607 2699 videlicet
1674 2661 1737 2699 ea

153 2743 297 2781 nunc
336 2738 561 2783 exstant
596 2748 610 2794 ;
638 2747 745 2789 non
776 2733 1076 2787 videamus.
1101 2750 1209 2801 quo
1242 2747 1398 2803 pacto
1429 2736 1561 2789 satis
1586 2750 1737 2790 com-

154 2820 310 2873 mode
336 2822 404 2875 ad
437 2824 598 2875 verba
628 2823 843 2876 Eusebii
888 2825 1203 2892 reSpouderi
1238 2836 1426 2893 queat.
1470 2827 1737 2892 Diximus,

154 2918 343 2966 saltem
376 2917 682 2967 secundum
708 2916 838 2968 Acta
870 2926 1001 2977 etc.,
1033 2932 1152 2983 quae
1192 2916 1250 2971 S.
1305 2917 1530 2972 Andrea:
1551 2934 1613 2971 ac
1645 2934 1737 2972 so—

152 3003 359 3054 ciorum
426 3005 659 3055 militum
714 3004 918 3057 credent
977 3015 1201 3060 narrant
1293 3008 1555 3062 accidisse
1616 3017 1738 3077 post

154 3091 353 3143 bellum
390 3090 669 3145 Persicum
708 3109 722 3157 ;
780 3097 1193 3150 circumstantia
1226 3115 1355 3151 vero
1387 3100 1471 3151 illa
1503 3098 1737 3155 fortasse

154 3181 361 3250 adjecta
390 3182 493 3235 fuit
532 3201 561 3235 a
603 3199 711 3237 non
744 3186 875 3240 satis
906 3198 1063 3239 cauto
1089 3198 1415 3241 exornatore
1446 3188 1729 3250 Actorum.

154 3289 272 3343 qua:
297 3276 521 3329 aliunde
561 3294 670 3332 non
711 3290 836 3333 sinit
870 3296 1073 3350 magna:
1105 3282 1398 3337 admodum
1439 3284 1732 3337 anctorita-
1762 3252 1806 3310 Ο

158 3370 240 3423 tis.
296 3370 578 3438 Quidquid
633 3374 725 3433 sit.
796 3390 897 3427 nos
959 3376 1229 3442 ingentem
1268 3376 1417 3429 illurn
1466 3378 1734 3431 sociorum

160 3470 449 3528 martyrum
484 3474 795 3521 numerum,
835 3464 886 3512 in
920 3462 1125 3515 Grzecis
1160 3466 1359 3531 pariter
1404 3481 1469 3518 ac
1526 3467 1735 3520 Latinis

162 3547 326 3604 Fastis
388 3554 797 3622 consignatum,
846 3556 1208 3625 relinquimus
1244 3558 1295 3609 in
1366 3559 1587 3627 antiqua
1641 3576 1736 3613 sua

162 3647 524 3714 possessione,
559 3649 628 3701 ita
659 3662 837 3704 tamen
868 3664 943 3711 ut.
970 3652 1406 3722 Martyrologium
1430 3654 1736 3711 Romanum

160 3742 347 3801 secuti,
384 3757 509 3795 eum
578 3742 630 3794 in
680 3742 839 3795 titulo
899 3755 1027 3797 ante
1062 3744 1207 3799 hunc
1266 3746 1735 3802 Commentarium

159 3846 403 3886 noswum
439 3850 546 3886 non
579 3835 1149 3889 determinaverimus.
1201 3837 1353 3891 Nunc
1416 3856 1444 3891 a
1508 3856 1740 3907 nurnero

160 3934 457 3993 martyrum
491 3941 782 3993 pergarnus
814 3928 881 3979 ad
920 3937 1135 3994 tempus
1170 3929 1434 3997 martyrii.

882 4016 1002 4087 gn.

520 4109 745 4176 Tempus
785 4112 1038 4181 martyrii
1076 4128 1383 4181 expensum.

235 4222 253 4252 ι
289 4203 551 4263 Cursum,
585 4204 839 4271 inquiunt
870 4205 1023 4270 Acta,
1078 4209 1316 4278 martyrii
1349 4211 1432 4263 sui
1487 4211 1741 4265 beatissi-

160 4307 280 4345 mus
311 4292 560 4345 Aodreas
591 4308 714 4343 eum
740 4302 849 4345 tota
901 4310 994 4348 sua
1055 4295 1179 4349 forti
1214 4308 1267 4350 et
1331 4314 1359 4350 a
1398 4300 1505 4352 Deo
1567 4303 1741 4356 electa

162 4384 429 4453 phalange
454 4383 683 4452 perfecit
716 4383 929 4438 decimo
956 4400 1101 4438 nono
1126 4386 1213 4440 die
1248 4391 1452 4444 mensis
1477 4391 1734 4460 Augusti,

160 4474 245 4526 die
278 4474 582 4526 Deminico.
623 4492 641 4522 ι
677 4472 874 4525 Littera
929 4473 993 4534 G,
1027 4491 1145 4544 quae
1190 4477 1276 4531 hic
1309 4489 1393 4533 est
1435 4480 1738 4536 litteradioi

160 4562 225 4615 19
248 4563 497 4631 Augusti,
533 4577 640 4613 non
671 4561 947 4615 invenitur
975 4576 1228 4634 tanquam
1263 4570 1439 4622 littera
1474 4572 1743 4623 .llomini-

161 4656 292 4709 calis
322 4656 533 4723 signata
579 4654 645 4708 ad
699 4665 945 4709 nostrum
1005 4659 1367 4728 propositum,
1424 4662 1526 4715 nisi
1597 4681 1743 4717 anno

160 4748 266 4803 204
298 4760 353 4802 et
381 4749 488 4802 505
518 4768 531 4814 ;
572 4750 713 4803 unde
770 4766 1115 4820 consequens
1146 4764 1249 4814 est,
1320 4763 1377 4807 ut
1436 4758 1739 4811 secundum

162 4844 294 4894 Arta
326 4842 529 4893 innecti
558 4843 754 4895 debeat
785 4845 1104 4912 martyrium
1142 4847 1270 4899 illud
1300 4850 1737 4904 annoalterutri.

161 4934 213 4989 Si
242 4944 431 4988 autem
486 4950 629 4987 anno
660 4934 764 4989 505
814 4934 863 4988 id
890 4935 1092 5006 alligas,
1150 4943 1510 5010 satagendum
1536 4954 1640 5008 est,
1688 4955 1745 4999 ut

162 5027 343 5081 dictus
365 5042 545 5079 annus
573 5039 935 5097 componatur
965 5046 1087 5083 cum
1114 5035 1296 5088 modo.
1329 5053 1439 5104 quo
1466 5037 1745 5093 Maximia-

164 5132 270 5169 nus
309 5130 577 5187 martyres
632 5122 853 5173 tractari
888 5122 1122 5190 iussisse
1169 5124 1343 5179 fertur
1376 5128 1427 5179 in
1463 5130 1636 5193 Actis,
1692 5140 1747 5184 et

163 5223 290 5262 cum
317 5208 528 5281 reliqua
559 5212 884 5265 earumdem
930 5214 1191 5269 Actorum
1245 5218 1408 5282 serie,
1446 5222 1608 5277 rebus
1644 5223 1748 5276 ibi-

164 5302 289 5356 dem
330 5303 402 5355 ita
424 5303 718 5373 expositis.
758 5312 818 5357 ut
842 5304 989 5358 dictu
1050 5307 1270 5364 difﬁcile
1326 5312 1601 5381 videatur,
1658 5331 1750 5369 eas

165 5394 436 5449 accidisse
467 5406 713 5463 tempore
737 5398 1142 5465 persecutionis
1170 5403 1443 5471 generalis
1466 5405 1751 5461 Diocletia-

167 5502 308 5543 nezz.
337 5486 514 5547 Adde,
536 5488 683 5555 quod
705 5502 1006 5543 memorent
1027 5494 1295 5549 accidisse
1325 5496 1560 5564 palmam
1609 5515 1754 5551 mar-

169 5580 292 5652 tyrii
320 5580 543 5647 quando
572 5586 691 5631 erat
714 5579 914 5636 bellum
953 5582 1083 5637 illud
1148 5596 1339 5639 contra
1396 5587 1615 5652 Persas,
1645 5605 1754 5659 quo

166 5686 193 5723 a
217 5672 275 5725 S.
302 5672 519 5726 Andre:
543 5669 771 5739 ejusque
798 5673 960 5728 sociis
988 5673 1219 5745 insignis
1246 5677 1470 5732 victoria
1502 5682 1666 5735 relata
1685 5681 1753 5736 de

172 5765 305 5831 ipsis
332 5764 435 5819 fuit
470 5782 485 5830 ;
525 5762 674 5818 unde
710 5761 788 5824 fit,
848 5775 907 5820 ut
960 5775 1174 5837 tempus
1241 5771 1487 5840 martyrii
1516 5773 1754 5841 pendeat

169 5874 195 5907 a
225 5867 472 5925 tempore
506 5855 668 5912 istius
705 5853 832 5909 belli
870 5860 1174 5915 secundum
1194 5860 1349 5916 Acta.
1386 5862 1656 5922 Baronius
1686 5866 1752 5922 ad

1844 643 1957 681 rem
1991 642 2113 681 cum
2142 642 2242 680 suo
2275 627 2477 696 collega
2507 625 2834 680 Maximiano
2866 636 2994 681 tunc
3054 625 3422 695 triumphasse

1840 722 1906 775 de
1947 719 2129 773 Persis
2192 717 2423 771 amrmat
2457 732 2473 781 ;
2506 726 2560 771 et
2615 717 2813 771 ibidem
2879 732 3027 771 num.
3074 718 3130 771 2.
3173 733 3192 768 ι
3235 715 3424 782 Porro,

1840 811 1937 873 ait,
1975 809 2170 863 enituit
2198 808 2251 860 in
2282 807 2425 861 bello
2458 806 2675 863 Persico
2726 808 2928 862 eximia
2966 808 3136 864 virtus
3195 807 3425 861 Andre.

1843 900 2052 955 tribuni
2086 899 2345 965 militum,
2386 917 2405 947 ι
2436 908 2545 953 etc.

1915 1034 1995 1087 ll.
2030 1033 2133 1088 Sed
2157 1034 2351 1106 Pagius
2390 1035 2455 1087 ad
2487 1035 2690 1088 dictum
2722 1050 2951 1096 annum,
2996 1050 3150 1088 num.
3180 1034 3236 1098 Ξ,
3274 1034 3421 1089 illum

1839 1127 2175 1195 triumphum
2225 1127 2561 1180 celebratum
2603 1128 2835 1180 aliirmat
2872 1145 2890 1176 ‹
2925 1143 3070 1180 anno
3121 1127 3227 1181 303
3268 1146 3287 1179 ι
3314 1142 3424 1195 quo

1839 1218 2155 1273 Lactantius
2176 1218 2273 1271 lib.
2316 1218 2389 1272 De
2418 1219 2668 1271 mortibus
2697 1228 3110 1287 persecutorum,
3168 1234 3289 1288 cap.
3330 1217 3424 1280 Π.

1837 1310 2231 1364 Diocletianum
2266 1310 2451 1365 Itonia:
2478 1310 2792 1364 V’icenualia
2864 1309 3172 1364 celebrasse
3232 1310 3422 1364 tradit.

1837 1399 1972 1453 Nam
2012 1417 2135 1453 cum
2164 1401 2475 1469 triumphus
2516 1401 2603 1454 ille
2660 1398 2846 1454 Romze
2893 1400 3173 1455 exhibitas
3233 1399 3422 1470 fuerit,

1837 1502 1893 1544 ut
1930 1492 2198 1545 Eusebius
2226 1493 2277 1546 in
2315 1492 2613 1554 Chronico,
2649 1491 2944 1561 Eutropius
2976 1502 3029 1546 et
3063 1491 3426 1548 Cassiodorus

1837 1592 2129 1646 testantur,
2204 1592 2257 1637 et
2326 1593 2455 1637 ante
2506 1600 2710 1637 annum
2763 1583 2867 1636 503
2923 1594 3045 1653 post
3140 1582 3424 1637 victoriam

1837 1672 2109 1725 Persicam
2139 1673 2506 1727 Diocletianus
2538 1672 2725 1727 Romae
2750 1689 2857 1727 non
2919 1674 3104 1739 fuerit,
3158 1673 3329 1744 liquet
3358 1689 3425 1727 eo

1838 1779 1983 1817 anno
2016 1768 2353 1833 triumphum
2378 1769 2522 1821 hunc
2544 1779 2725 1821 actum
2755 1784 2897 1822 esse.
2933 1767 3202 1823 Pmterea
3232 1768 3424 1823 trium-

1842 1856 1981 1925 plios
2014 1872 2138 1910 cum
2176 1857 2560 1913 Vicennalibus
2585 1869 2638 1914 et
2680 1861 2730 1913 id
2764 1875 2937 1929 genus
2962 1860 3120 1914 festis
3178 1861 3247 1914 de
3275 1874 3426 1915 more

1841 1949 2108 2013 exhibitas
2128 1946 2313 2015 fuisse.
2333 1965 2583 2019 saepeque
2602 1951 2798 2005 dilatos
2818 1966 2925 2004 non
2945 1952 3114 2005 semel
3131 1951 3427 2006 insinuavi.

1839 2037 2018 2103 Quare
2049 2039 2176 2092 licet
2207 2057 2306 2109 pax
2357 2043 2501 2094 inter
2552 2041 2825 2095 Romanos
2872 2053 2925 2097 et
2950 2041 3145 2097 Persas
3202 2043 3314 2111 jam
3357 2043 3427 2097 ab

1840 2145 1986 2183 anno
2014 2131 2115 2183 297
2168 2134 2377 2187 sancita
2462 2132 2673 2197 fuisset,
2740 2143 2918 2187 tamen
2995 2133 3306 2203 triumphus
3357 2138 3426 2189 de

1842 2220 2023 2276 Persis
2057 2239 2203 2276 anno
2227 2233 2433 2277 tantum
2468 2226 2571 2279 505
2599 2235 2775 2279 actus.
2804 2226 2891 2290 Et,
2930 2226 3212 2281 nonnullis
3250 2226 3423 2281 inter-

1838 2313 2023 2379 jectis,
2087 2318 2152 2366 ad
2213 2314 2340 2367 anni
2399 2314 2498 2369 50l
2552 2332 2840 2369 numerum
2898 2316 3427 2385 2,quosel3aronio

1842 2404 2097 2465 citabam,
2151 2415 2205 2457 et
2258 2419 2412 2473 seqq.
2470 2406 2724 2459 observat
2783 2407 2920 2459 ista:
2952 2425 2969 2457 ι
3013 2406 3421 2462 Diocletianus..

1841 2492 2053 2547 nullum
2094 2494 2198 2548 hoc
2228 2510 2373 2547 anno
2441 2494 2509 2549 de
2569 2500 2949 2565 persecutione
2988 2496 3423 2552 Christianorum

1846 2585 2212 2653 promulgavit
2240 2586 2501 2652 edictum,
2530 2588 2623 2641 sed
2658 2597 2867 2641 tantum
2896 2589 2950 2641 in
3016 2588 3219 2642 milites
3266 2590 3424 2643 saevi-

1846 2686 1983 2731 tum.
2016 2676 2196 2743 Quare
2228 2692 2519 2749 martyres,
2580 2680 2648 2734 de
2700 2681 2900 2749 quibus
2951 2680 3239 2743 Barouius,
3296 2690 3426 2737 ante

1841 2786 2044 2824 annum
2101 2772 2204 2826 303
2259 2774 2401 2842 passi
2460 2788 2569 2826 non
2620 2782 2768 2828 sunt.
2809 2791 2826 2824 ι
2860 2772 2963 2827 Alii
3023 2785 3290 2845 martyres
3336 2773 3423 2829 isti

1842 2862 1949 2917 huc
1981 2880 2088 2917 non
2114 2875 2381 2933 spectant,
2409 2866 2503 2919 sed
2541 2864 2600 2918 1..
2633 2865 2884 2920 Andreas
2914 2882 3036 2919 cum
3100 2869 3212 2921 seis
3277 2865 3424 2919 mili-

1840 2954 2008 3014 tibus,
2040 2968 2272 3021 quorum
2306 2955 2624 3025 martyrium
2654 2970 2717 3009 ex
2740 2957 2849 3024 jam
2890 2954 3049 3008 dictis
3108 2952 3250 3023 apud
3321 2951 3426 3008 Ba-

1840 3047 2081 3112 ronium,
2112 3062 2176 3101 ac
2208 3048 2459 3102 criticum
2508 3048 2652 3117 eius,
2713 3058 3154 3101 consummatum
3186 3047 3257 3102 sit
3281 3060 3428 3100 anno

1839 3138 1963 3193 301.

1912 3272 1995 3324 l2.
2037 3272 2141 3325 Sed
2166 3288 2274 3340 quo
2304 3273 2489 3331 minus
2508 3288 2698 3327 eorum
2748 3274 3147 3345 adstipulemur
3206 3284 3431 3333 senteno

1841 3362 1949 3423 the.
1973 3362 2228 3418 obstatl°
2257 3380 2271 3415 :
2303 3362 2411 3416 Pax
2444 3365 2587 3421 inter
2613 3365 2889 3420 Romanos
2919 3378 2973 3422 et
3011 3368 3203 3426 Persas
3222 3370 3333 3437 jam
3358 3372 3426 3426 ab

1840 3472 1985 3508 anno
2008 3457 2110 3511 297
2140 3456 2350 3510 sancita
2372 3456 2571 3523 fuerat,
2608 3461 2687 3512 uti
2712 3459 2874 3513 modo
2905 3459 3179 3515 fatebatur
3209 3460 3424 3532 Pagius.

1840 3551 2020 3604 Persis
2081 3554 2339 3608 videlicet
2368 3571 2398 3609 a
2452 3555 2669 3611 Galerio
2723 3558 2940 3613 C;esare
2978 3567 3111 3613 tunc
3145 3559 3322 3624 victis,
3358 3574 3427 3615 ex

1840 3646 2033 3701 eodem
2065 3656 2290 3700 auctore
2321 3647 2387 3699 ad
2409 3648 2573 3703 istum
2616 3664 2822 3701 annum
2877 3665 3032 3704 num.
3086 3648 3120 3703 ϐ
3147 3660 3202 3704 et
3233 3651 3284 3705 7.
3316 3650 3428 3706 Cur

1842 3758 1972 3811 ergo
1994 3753 2307 3795 sanctorum
2338 3750 2650 3795 nostrorum
2678 3740 2911 3795 militum
2942 3742 3262 3814 martyrium
3314 3743 3415 3799 dif-

1844 3834 1971 3886 ferri
2005 3835 2199 3887 delicat
2226 3836 2292 3886 ad
2349 3850 2553 3885 annum
2607 3834 2809 3887 Christi
2864 3835 3018 3890 501?
3068 3837 3180 3890 Cur
3235 3835 3426 3907 [δαείω

1844 3927 2142 3981 secundum
2209 3942 2305 3980 sua
2362 3926 2651 3997 principia'
2691 3927 2822 3981 illud
2885 3943 2993 3981 non
3044 3930 3200 3997 ponit
3244 3929 3429 3992 citius.

1844 4036 1965 4073 cum
2002 4036 2145 4072 anno
2168 4021 2272 4073 298
2305 4021 2536 4073 militum
2604 4022 3047 4088 persecutionem
3098 4020 3298 4091 alligat.
3346 4021 3431 4077 di-

1844 4129 1974 4165 cens
1998 4116 2062 4163 ad
2090 4111 2345 4163 eumdem
2370 4128 2573 4163 annum
2604 4128 2759 4165 num.
2787 4112 2855 4165 2:
2897 4132 2914 4162 ι
2984 4113 3300 4167 Persecutio
3332 4111 3432 4167 Id-

1834 4220 2035 4271 ,versus
2071 4205 2271 4257 milites
2307 4206 2408 4256 hoc
2444 4220 2589 4257 anno
2622 4204 2899 4269 inchoata,
2966 4214 3026 4259 ut
3067 4215 3214 4260 recte
3268 4205 3435 4263 Pros-

1847 4315 1945 4367 per
1969 4299 2022 4351 in
2056 4299 2348 4352 Chronico.
2372 4298 2525 4351 Sicut
2556 4298 2722 4366 igitur
2738 4299 3046 4366 persecutio
3082 4299 3350 4370 generalis
3377 4299 3432 4354 in

1849 4391 1981 4458 ipsis
2008 4391 2291 4457 utriusque
2329 4388 2552 4458 Augusti
2578 4390 2781 4457 (sermo
2818 4397 2904 4441 est
2928 4389 2993 4443 de
3020 4387 3359 4444 Diocletiano
3377 4398 3433 4446 et

1850 4480 2175 4532 Maximiano
2204 4477 2896 4539 Hercuho)V’icenualibus
2964 4481 3166 4547 ccepit;
3235 4479 3315 4533 sic
3376 4488 3437 4533 et

1772 4572 2233 4663 Dejusquredam
2290 4571 2531 4625 velitatio
2573 4571 2625 4622 in
2682 4570 2967 4638 utriusque
3018 4569 3436 4634 Quindecenna-

1852 4663 2017 4715 libus.
2049 4681 2065 4711 ι
2094 4663 2149 4715 Ξο
2187 4679 2199 4713 :
2247 4660 2383 4714 Cum
2425 4662 2605 4715 dicant
2641 4662 2963 4719 Acta.num.
2988 4661 3024 4714 2
3058 4676 3071 4713 :
3111 4679 3129 4712 ι
3168 4659 3436 4730 Tempore

1852 4754 1943 4807 illo
1972 4753 2186 4817 accidit,
2218 4762 2275 4805 ut
2304 4751 2642 4805 Pcrsicarum
2672 4754 2953 4823 copiarum
3000 4769 3126 4824 pars
3180 4754 3435 4823 quaedam

1852 4842 1987 4898 ﬁnes
2041 4844 2359 4906 transiliret,
2415 4851 2470 4895 et
2522 4843 2719 4896 bellum
2787 4842 3052 4895 adversus
3101 4843 3433 4896 Antiochum

1853 4937 2183 5000 suscitaret;
2227 4954 2244 4985 ›
2286 4949 2520 5004 cumque
2552 4933 2753 4986 bellum
2785 4931 2916 4987 illud
2964 4930 3021 4986 S.
3087 4934 3317 4989 Andre:
3367 4934 3436 4990 ab

1854 5028 2123 5082 Antiocho
2155 5028 2539 5081 demandatum
2568 5027 2758 5089 fuerit,
2823 5041 2932 5081 non
2969 5026 3155 5096 utique
3177 5041 3242 5079 ex
3275 5026 3435 5081 dictis

1855 5130 1976 5187 post
2006 5135 2209 5173 annum
2233 5120 2361 5182 ‘297,
2391 5135 2499 5187 quo
2540 5136 2557 5169 ι
2601 5134 2708 5188 pax
2740 5119 2883 5171 inter
2910 5117 3189 5170 Romanos
3224 5124 3279 5170 et
3300 5115 3433 5171 Per-

1854 5230 1941 5268 sas
1987 5214 2195 5267 sancita
2229 5231 2247 5276 ;
2285 5231 2303 5262 ι
2336 5212 2598 5281 quidnam
2631 5210 2779 5280 cogit
2843 5210 2988 5264 illius
3044 5225 3109 5264 ac
3158 5211 3432 5264 sociorum

1855 5306 2174 5377 martyrium
2209 5308 2613 5377 procrastinare
2638 5318 2810 5373 usque
2842 5304 2908 5359 ad
2962 5319 3166 5358 annum
3229 5304 3435 5359 Christi

1856 5399 2096 5454 501ἲ3ο
2138 5418 2151 5454 :
2194 5400 2331 5453 Cum
2378 5400 2612 5468 denique
2641 5396 2730 5452 hic
2785 5412 2963 5452 annus
3023 5398 3278 5467 componi
3327 5412 3437 5452 non

1855 5493 2031 5562 possit
2066 5509 2188 5546 cum
2215 5492 2422 5546 ratione
2448 5490 2734 5560 temporis.
2761 5473 2870 5559 quo
2918 5490 3238 5561 martyrium
3288 5492 3435 5543 acci-

1855 5582 2002 5639 disse
2040 5587 2517 5643 memorantActa,
2552 5581 2812 5636 nimirum
2850 5598 2868 5633 ι
2911 5582 3125 5636 decimo
3181 5593 3327 5634 nono
3349 5580 3438 5636 die

1858 5678 2062 5729 mensis
2091 5676 2343 5745 Augusti,
2376 5674 2462 5727 die
2486 5673 2790 5738 Dominico,
2829 5691 2849 5725 ο
2892 5674 3216 5741 sicutsupra
3241 5672 3437 5727 obsero

1858 5780 2042 5823 vatum
2072 5778 2194 5834 est;
2226 5768 2421 5823 melius
2464 5766 2683 5835 quidem
2740 5766 2898 5819 nobis
2955 5764 3250 5833 videretur,
3311 5764 3438 5816 Arta

1861 5863 1914 5917 in
1967 5862 2069 5917 hoc
2108 5859 2424 5924 defendere,
2480 5866 2533 5913 et
2584 5858 2786 5916 erroris
2811 5871 2920 5912 non
2969 5857 3356 5919 condemnare,
3389 5854 3453 5913 ei.
