  <div class='ocr_page' id='page_1' title='image "/cluster/home/n/w/nwhite01/storage/ocr_20150623/115/ien.35556001659887/307.png"; bbox 0 0 3970 6440; ppageno 0'>
   <div class='ocr_carea' id='block_1_1' title="bbox 565 398 677 458">
    <p class='ocr_par' dir='ltr' id='par_1_1' title="bbox 565 398 677 458">
     <span class='ocr_line' id='line_1_1' title="bbox 565 398 677 458; baseline -0.009 0"><span class='ocrx_word' id='word_1_1' title='bbox 565 398 677 458; x_wconf 79' lang='grc'><strong>595</strong></span> 
     </span>
    </p>
   </div>
   <div class='ocr_carea' id='block_1_2' title="bbox 1825 399 2578 463">
    <p class='ocr_par' dir='ltr' id='par_1_2' title="bbox 1825 399 2578 463">
     <span class='ocr_line' id='line_1_2' title="bbox 1825 399 2578 463; baseline 0.005 -5"><span class='ocrx_word' id='word_1_2' title='bbox 1825 399 2111 459; x_wconf 76' lang='lat' dir='ltr'><strong>MENSIS</strong></span> <span class='ocrx_word' id='word_1_3' title='bbox 2143 400 2578 463; x_wconf 82' lang='lat' dir='ltr'><strong>AUGUSTUS.</strong></span> 
     </span>
    </p>
   </div>
   <div class='ocr_carea' id='block_1_3' title="bbox 3728 402 3837 465">
    <p class='ocr_par' dir='ltr' id='par_1_3' title="bbox 3728 402 3837 465">
     <span class='ocr_line' id='line_1_3' title="bbox 3728 402 3837 465; baseline -0.028 0"><span class='ocrx_word' id='word_1_4' title='bbox 3728 402 3837 465; x_wconf 79' lang='lat'><strong>596</strong></span> 
     </span>
    </p>
   </div>
   <div class='ocr_carea' id='block_1_4' title="bbox 566 505 3840 582">
    <p class='ocr_par' dir='ltr' id='par_1_4' title="bbox 566 505 3840 582">
     <span class='ocr_line' id='line_1_4' title="bbox 566 505 3840 582; baseline 0.004 -26"><span class='ocrx_word' id='word_1_5' title='bbox 566 505 843 574; x_wconf 80' lang='lat' dir='ltr'><strong>probabili</strong></span> <span class='ocrx_word' id='word_1_6' title='bbox 870 505 1053 574; x_wconf 84' lang='lat' dir='ltr'><strong>aliquo</strong></span> <span class='ocrx_word' id='word_1_7' title='bbox 1077 521 1398 577; x_wconf 87' lang='lat' dir='ltr'><strong>argumento</strong></span> <span class='ocrx_word' id='word_1_8' title='bbox 1434 523 1500 563; x_wconf 89' lang='lat' dir='ltr'><strong>eo</strong></span> <span class='ocrx_word' id='word_1_9' title='bbox 1531 525 1639 563; x_wconf 90' lang='lat' dir='ltr'><strong>non</strong></span> <span class='ocrx_word' id='word_1_10' title='bbox 1676 510 2151 579; x_wconf 84' lang='lat' dir='ltr'><strong>compelleremur.</strong></span> <span class='ocrx_word' id='word_1_11' title='bbox 2185 517 2230 573; x_wconf 75' lang='grc' dir='ltr'><strong>Α</strong></span> <span class='ocrx_word' id='word_1_12' title='bbox 2261 512 2516 582; x_wconf 77' lang='lat' dir='ltr'><strong>gentibus</strong></span> <span class='ocrx_word' id='word_1_13' title='bbox 2549 511 2796 566; x_wconf 84' lang='lat' dir='ltr'><strong>barbaris</strong></span> <span class='ocrx_word' id='word_1_14' title='bbox 2824 512 3076 574; x_wconf 83' lang='lat' dir='ltr'><strong>luctaret,</strong></span> <span class='ocrx_word' id='word_1_15' title='bbox 3114 526 3237 565; x_wconf 87' lang='lat' dir='ltr'><strong>cum</strong></span> <span class='ocrx_word' id='word_1_16' title='bbox 3291 513 3379 566; x_wconf 93' lang='lat' dir='ltr'><strong>alii</strong></span> <span class='ocrx_word' id='word_1_17' title='bbox 3422 514 3564 566; x_wconf 82' lang='lat' dir='ltr'><strong>intra</strong></span> <span class='ocrx_word' id='word_1_18' title='bbox 3598 513 3840 568; x_wconf 77' lang='lat' dir='ltr'><strong>laxiores</strong></span> 
     </span>
    </p>
   </div>
   <div class='ocr_carea' id='block_1_5' title="bbox 565 593 1074 650">
    <p class='ocr_par' dir='ltr' id='par_1_5' title="bbox 565 593 1074 650">
     <span class='ocr_line' id='line_1_5' title="bbox 565 593 1074 650; baseline 0.002 -3"><span class='ocrx_word' id='word_1_19' title='bbox 565 593 664 649; x_wconf 80' lang='lat' dir='ltr'><strong>Est</strong></span> <span class='ocrx_word' id='word_1_20' title='bbox 699 605 884 650; x_wconf 84' lang='lat' dir='ltr'><strong>autem</strong></span> <span class='ocrx_word' id='word_1_21' title='bbox 905 596 1074 650; x_wconf 88' lang='lat' dir='ltr'><strong>illud:</strong></span> 
     </span>
    </p>
   </div>
   <div class='ocr_carea' id='block_1_6' title="bbox 638 773 2146 831">
    <p class='ocr_par' dir='ltr' id='par_1_6' title="bbox 638 773 2146 831">
     <span class='ocr_line' id='line_1_6' title="bbox 638 773 2146 831; baseline -0.002 -2"><span class='ocrx_word' id='word_1_22' title='bbox 638 777 725 831; x_wconf 78' lang='lat' dir='ltr'><strong>l3.</strong></span> <span class='ocrx_word' id='word_1_23' title='bbox 761 775 1141 830; x_wconf 82' lang='lat' dir='ltr'><strong>Theodericus</strong></span> <span class='ocrx_word' id='word_1_24' title='bbox 1182 774 1508 828; x_wconf 79' lang='lat' dir='ltr'><strong>Ruiuartius</strong></span> <span class='ocrx_word' id='word_1_25' title='bbox 1538 774 1683 827; x_wconf 90' lang='lat' dir='ltr'><strong>inter</strong></span> <span class='ocrx_word' id='word_1_26' title='bbox 1740 775 1875 827; x_wconf 89' lang='lat' dir='ltr'><strong>Acta</strong></span> <span class='ocrx_word' id='word_1_27' title='bbox 1933 773 2146 826; x_wconf 87' lang='lat' dir='ltr'><strong>sincera</strong></span> 
     </span>
    </p>
   </div>
   <div class='ocr_carea' id='block_1_7' title="bbox 568 867 2149 938">
    <p class='ocr_par' dir='ltr' id='par_1_7' title="bbox 568 867 2149 938">
     <span class='ocr_line' id='line_1_7' title="bbox 568 867 2149 938; baseline -0.003 -14"><span class='ocrx_word' id='word_1_28' title='bbox 568 881 623 924; x_wconf 86' lang='lat' dir='ltr'><strong>et</strong></span> <span class='ocrx_word' id='word_1_29' title='bbox 654 869 853 922; x_wconf 88' lang='lat' dir='ltr'><strong>selecta</strong></span> <span class='ocrx_word' id='word_1_30' title='bbox 886 885 915 921; x_wconf 91' lang='lat' dir='ltr'><strong>a</strong></span> <span class='ocrx_word' id='word_1_31' title='bbox 951 883 1010 921; x_wconf 91' lang='lat' dir='ltr'><strong>se</strong></span> <span class='ocrx_word' id='word_1_32' title='bbox 1036 869 1273 938; x_wconf 80' lang='lat' dir='ltr'><strong>vulgata,</strong></span> <span class='ocrx_word' id='word_1_33' title='bbox 1311 884 1431 938; x_wconf 88' lang='lat' dir='ltr'><strong>pag.</strong></span> <span class='ocrx_word' id='word_1_34' title='bbox 1462 869 1567 922; x_wconf 77' lang='lat'><strong>509</strong></span> <span class='ocrx_word' id='word_1_35' title='bbox 1597 877 1653 921; x_wconf 89' lang='lat' dir='ltr'><strong>et</strong></span> <span class='ocrx_word' id='word_1_36' title='bbox 1692 882 1848 936; x_wconf 84' lang='lat' dir='ltr'><strong>seqq.</strong></span> <span class='ocrx_word' id='word_1_37' title='bbox 1889 867 2149 920; x_wconf 90' lang='lat' dir='ltr'><strong>editionis</strong></span> 
     </span>
    </p>
   </div>
   <div class='ocr_carea' id='block_1_8' title="bbox 568 957 2146 1030">
    <p class='ocr_par' dir='ltr' id='par_1_8' title="bbox 568 957 2146 1030">
     <span class='ocr_line' id='line_1_8' title="bbox 568 957 2146 1030; baseline -0.003 -16"><span class='ocrx_word' id='word_1_38' title='bbox 568 959 1026 1030; x_wconf 62' lang='lat' dir='ltr'><strong>prima,exhibet</strong></span> <span class='ocrx_word' id='word_1_39' title='bbox 1076 961 1210 1015; x_wconf 85' lang='lat' dir='ltr'><strong>Acta</strong></span> <span class='ocrx_word' id='word_1_40' title='bbox 1259 960 1315 1015; x_wconf 89' lang='lat' dir='ltr'><strong>S.</strong></span> <span class='ocrx_word' id='word_1_41' title='bbox 1371 959 1720 1013; x_wconf 74' lang='lat' dir='ltr'><strong>Maximiliani</strong></span> <span class='ocrx_word' id='word_1_42' title='bbox 1777 959 2048 1026; x_wconf 85' lang='lat' dir='ltr'><strong>martyris,</strong></span> <span class='ocrx_word' id='word_1_43' title='bbox 2094 957 2146 1009; x_wconf 90' lang='lat' dir='ltr'><strong>in</strong></span> 
     </span>
    </p>
   </div>
   <div class='ocr_carea' id='block_1_9' title="bbox 565 1047 2148 1123">
    <p class='ocr_par' dir='ltr' id='par_1_9' title="bbox 565 1047 2148 1123">
     <span class='ocr_line' id='line_1_9' title="bbox 565 1047 2148 1123; baseline -0.003 -17"><span class='ocrx_word' id='word_1_44' title='bbox 565 1053 764 1122; x_wconf 84' lang='lat' dir='ltr'><strong>quibus</strong></span> <span class='ocrx_word' id='word_1_45' title='bbox 808 1062 1004 1123; x_wconf 69' lang='lat' dir='ltr'><strong>printer</strong></span> <span class='ocrx_word' id='word_1_46' title='bbox 1040 1053 1169 1116; x_wconf 85' lang='lat' dir='ltr'><strong>alia,</strong></span> <span class='ocrx_word' id='word_1_47' title='bbox 1222 1068 1367 1106; x_wconf 92' lang='lat' dir='ltr'><strong>anno</strong></span> <span class='ocrx_word' id='word_1_48' title='bbox 1398 1052 1604 1105; x_wconf 81' lang='lat' dir='ltr'><strong>Christi</strong></span> <span class='ocrx_word' id='word_1_49' title='bbox 1640 1051 1746 1105; x_wconf 73' lang='lat'><strong>295</strong></span> <span class='ocrx_word' id='word_1_50' title='bbox 1776 1047 1974 1120; x_wconf 83' lang='lat' dir='ltr'><strong>quario</strong></span> <span class='ocrx_word' id='word_1_51' title='bbox 2026 1049 2148 1103; x_wconf 89' lang='lat' dir='ltr'><strong>ldus</strong></span> 
     </span>
    </p>
   </div>
   <div class='ocr_carea' id='block_1_10' title="bbox 565 1145 2144 1215">
    <p class='ocr_par' dir='ltr' id='par_1_10' title="bbox 565 1145 2144 1215">
     <span class='ocr_line' id='line_1_10' title="bbox 565 1145 2144 1215; baseline -0.001 -16"><span class='ocrx_word' id='word_1_52' title='bbox 565 1145 743 1199; x_wconf 75' lang='lat' dir='ltr'><strong>Martii</strong></span> <span class='ocrx_word' id='word_1_53' title='bbox 774 1161 900 1200; x_wconf 89' lang='lat' dir='ltr'><strong>eum</strong></span> <span class='ocrx_word' id='word_1_54' title='bbox 967 1147 1301 1215; x_wconf 85' lang='lat' dir='ltr'><strong>impellentia</strong></span> <span class='ocrx_word' id='word_1_55' title='bbox 1340 1157 1398 1202; x_wconf 91' lang='lat' dir='ltr'><strong>ut</strong></span> <span class='ocrx_word' id='word_1_56' title='bbox 1443 1147 1650 1200; x_wconf 73' lang='lat' dir='ltr'><strong>militia:</strong></span> <span class='ocrx_word' id='word_1_57' title='bbox 1702 1162 1903 1200; x_wconf 84' lang='lat' dir='ltr'><strong>nomen</strong></span> <span class='ocrx_word' id='word_1_58' title='bbox 1969 1146 2144 1207; x_wconf 88' lang='lat' dir='ltr'><strong>daret,</strong></span> 
     </span>
    </p>
   </div>
   <div class='ocr_carea' id='block_1_11' title="bbox 561 1235 2146 1307">
    <p class='ocr_par' dir='ltr' id='par_1_11' title="bbox 561 1235 2146 1307">
     <span class='ocr_line' id='line_1_11' title="bbox 561 1235 2146 1307; baseline 0 -18"><span class='ocrx_word' id='word_1_59' title='bbox 561 1237 825 1292; x_wconf 90' lang='lat' dir='ltr'><strong>dicuntur</strong></span> <span class='ocrx_word' id='word_1_60' title='bbox 884 1238 987 1291; x_wconf 91' lang='lat' dir='ltr'><strong>ista</strong></span> <span class='ocrx_word' id='word_1_61' title='bbox 1022 1257 1032 1290; x_wconf 94' lang='lat'>:</span> <span class='ocrx_word' id='word_1_62' title='bbox 1091 1257 1109 1289; x_wconf 77' lang='lat' dir='ltr'><strong>i</strong></span> <span class='ocrx_word' id='word_1_63' title='bbox 1149 1238 1550 1292; x_wconf 81' lang='lat' dir='ltr'><strong>Maximilianus</strong></span> <span class='ocrx_word' id='word_1_64' title='bbox 1592 1238 1874 1307; x_wconf 85' lang='lat' dir='ltr'><strong>respondit</strong></span> <span class='ocrx_word' id='word_1_65' title='bbox 1919 1235 2146 1290; x_wconf 80' lang='lat' dir='ltr'><strong>:Militia</strong></span> 
     </span>
    </p>
   </div>
   <div class='ocr_carea' id='block_1_12' title="bbox 563 1328 2148 1400">
    <p class='ocr_par' dir='ltr' id='par_1_12' title="bbox 563 1328 2148 1400">
     <span class='ocr_line' id='line_1_12' title="bbox 563 1328 2148 1400; baseline -0.001 -18"><span class='ocrx_word' id='word_1_66' title='bbox 563 1344 682 1383; x_wconf 90' lang='lat' dir='ltr'><strong>mea</strong></span> <span class='ocrx_word' id='word_1_67' title='bbox 710 1330 776 1383; x_wconf 89' lang='lat' dir='ltr'><strong>ad</strong></span> <span class='ocrx_word' id='word_1_68' title='bbox 813 1329 1101 1384; x_wconf 90' lang='lat' dir='ltr'><strong>Dominum</strong></span> <span class='ocrx_word' id='word_1_69' title='bbox 1138 1348 1320 1386; x_wconf 87' lang='lat' dir='ltr'><strong>meum</strong></span> <span class='ocrx_word' id='word_1_70' title='bbox 1352 1341 1456 1386; x_wconf 90' lang='lat' dir='ltr'><strong>est.</strong></span> <span class='ocrx_word' id='word_1_71' title='bbox 1498 1328 1616 1384; x_wconf 83' lang='lat' dir='ltr'><strong>Non</strong></span> <span class='ocrx_word' id='word_1_72' title='bbox 1670 1345 1893 1400; x_wconf 89' lang='lat' dir='ltr'><strong>possum</strong></span> <span class='ocrx_word' id='word_1_73' title='bbox 1949 1330 2148 1384; x_wconf 61' lang='lat' dir='ltr'><strong>saaculo</strong></span> 
     </span>
    </p>
   </div>
   <div class='ocr_carea' id='block_1_13' title="bbox 563 1419 2145 1488">
    <p class='ocr_par' dir='ltr' id='par_1_13' title="bbox 563 1419 2145 1488">
     <span class='ocr_line' id='line_1_13' title="bbox 563 1419 2145 1488; baseline 0.001 -14"><span class='ocrx_word' id='word_1_74' title='bbox 563 1420 819 1476; x_wconf 81' lang='lat' dir='ltr'><strong>militare.</strong></span> <span class='ocrx_word' id='word_1_75' title='bbox 850 1419 969 1476; x_wconf 78' lang='lat' dir='ltr'><strong>Jam</strong></span> <span class='ocrx_word' id='word_1_76' title='bbox 1017 1424 1154 1488; x_wconf 80' lang='lat' dir='ltr'><strong>dixi,</strong></span> <span class='ocrx_word' id='word_1_77' title='bbox 1215 1424 1563 1478; x_wconf 89' lang='lat' dir='ltr'><strong>Christianus</strong></span> <span class='ocrx_word' id='word_1_78' title='bbox 1614 1439 1755 1478; x_wconf 85' lang='lat' dir='ltr'><strong>sum.</strong></span> <span class='ocrx_word' id='word_1_79' title='bbox 1814 1421 1961 1476; x_wconf 80' lang='lat' dir='ltr'><strong>Dixit</strong></span> <span class='ocrx_word' id='word_1_80' title='bbox 2011 1421 2145 1476; x_wconf 85' lang='lat' dir='ltr'><strong>Dion</strong></span> 
     </span>
    </p>
   </div>
   <div class='ocr_carea' id='block_1_14' title="bbox 562 1516 2147 1582">
    <p class='ocr_par' dir='ltr' id='par_1_14' title="bbox 562 1516 2147 1582">
     <span class='ocr_line' id='line_1_14' title="bbox 562 1516 2147 1582; baseline 0.001 -16"><span class='ocrx_word' id='word_1_81' title='bbox 562 1516 858 1582; x_wconf 89' lang='lat' dir='ltr'><strong>proconsul</strong></span> <span class='ocrx_word' id='word_1_82' title='bbox 899 1534 911 1569; x_wconf 96' lang='lat'>:</span> <span class='ocrx_word' id='word_1_83' title='bbox 949 1517 1003 1569; x_wconf 90' lang='lat' dir='ltr'><strong>In</strong></span> <span class='ocrx_word' id='word_1_84' title='bbox 1039 1533 1199 1572; x_wconf 89' lang='lat' dir='ltr'><strong>sacro</strong></span> <span class='ocrx_word' id='word_1_85' title='bbox 1231 1517 1494 1572; x_wconf 90' lang='lat' dir='ltr'><strong>comitatu</strong></span> <span class='ocrx_word' id='word_1_86' title='bbox 1556 1517 1903 1571; x_wconf 89' lang='lat' dir='ltr'><strong>dominorum</strong></span> <span class='ocrx_word' id='word_1_87' title='bbox 1928 1527 2147 1569; x_wconf 83' lang='lat' dir='ltr'><strong>nostro-</strong></span> 
     </span>
    </p>
   </div>
   <div class='ocr_carea' id='block_1_15' title="bbox 563 1607 2143 1676">
    <p class='ocr_par' dir='ltr' id='par_1_15' title="bbox 563 1607 2143 1676">
     <span class='ocr_line' id='line_1_15' title="bbox 563 1607 2143 1676; baseline 0.001 -17"><span class='ocrx_word' id='word_1_88' title='bbox 563 1622 683 1660; x_wconf 88' lang='lat' dir='ltr'><strong>rum</strong></span> <span class='ocrx_word' id='word_1_89' title='bbox 721 1608 1037 1664; x_wconf 79' lang='lat' dir='ltr'><strong>Diocletiani</strong></span> <span class='ocrx_word' id='word_1_90' title='bbox 1061 1621 1114 1664; x_wconf 91' lang='lat' dir='ltr'><strong>et</strong></span> <span class='ocrx_word' id='word_1_91' title='bbox 1139 1610 1474 1676; x_wconf 81' lang='lat' dir='ltr'><strong>Maximiani,</strong></span> <span class='ocrx_word' id='word_1_92' title='bbox 1497 1609 1804 1665; x_wconf 86' lang='lat' dir='ltr'><strong>Constantii</strong></span> <span class='ocrx_word' id='word_1_93' title='bbox 1827 1619 1881 1662; x_wconf 93' lang='lat' dir='ltr'><strong>et</strong></span> <span class='ocrx_word' id='word_1_94' title='bbox 1907 1607 2143 1667; x_wconf 83' lang='lat' dir='ltr'><strong>Maximi,</strong></span> 
     </span>
    </p>
   </div>
   <div class='ocr_carea' id='block_1_16' title="bbox 562 1699 2147 1765">
    <p class='ocr_par' dir='ltr' id='par_1_16' title="bbox 562 1699 2147 1765">
     <span class='ocr_line' id='line_1_16' title="bbox 562 1699 2147 1765; baseline 0 -14"><span class='ocrx_word' id='word_1_95' title='bbox 562 1699 767 1754; x_wconf 87' lang='lat' dir='ltr'><strong>milites</strong></span> <span class='ocrx_word' id='word_1_96' title='bbox 825 1703 1126 1756; x_wconf 87' lang='lat' dir='ltr'><strong>Christiani</strong></span> <span class='ocrx_word' id='word_1_97' title='bbox 1196 1713 1325 1757; x_wconf 90' lang='lat' dir='ltr'><strong>sunt</strong></span> <span class='ocrx_word' id='word_1_98' title='bbox 1378 1711 1434 1757; x_wconf 88' lang='lat' dir='ltr'><strong>et</strong></span> <span class='ocrx_word' id='word_1_99' title='bbox 1474 1703 1732 1756; x_wconf 90' lang='lat' dir='ltr'><strong>militant.</strong></span> <span class='ocrx_word' id='word_1_100' title='bbox 1776 1719 1793 1752; x_wconf 76' lang='grc' dir='ltr'><strong><em>ι</em></strong></span> <span class='ocrx_word' id='word_1_101' title='bbox 1859 1699 2147 1765; x_wconf 85' lang='lat' dir='ltr'><strong>Quomodo</strong></span> 
     </span>
    </p>
   </div>
   <div class='ocr_carea' id='block_1_17' title="bbox 561 1792 2148 1861">
    <p class='ocr_par' dir='ltr' id='par_1_17' title="bbox 561 1792 2148 1861">
     <span class='ocr_line' id='line_1_17' title="bbox 561 1792 2148 1861; baseline -0.001 -18"><span class='ocrx_word' id='word_1_102' title='bbox 561 1792 750 1861; x_wconf 88' lang='lat' dir='ltr'><strong>igitur,</strong></span> <span class='ocrx_word' id='word_1_103' title='bbox 782 1793 827 1847; x_wconf 91' lang='lat' dir='ltr'><strong>si</strong></span> <span class='ocrx_word' id='word_1_104' title='bbox 865 1810 1012 1849; x_wconf 88' lang='lat' dir='ltr'><strong>anno</strong></span> <span class='ocrx_word' id='word_1_105' title='bbox 1039 1795 1143 1850; x_wconf 72' lang='lat'><strong>295</strong></span> <span class='ocrx_word' id='word_1_106' title='bbox 1175 1796 1376 1851; x_wconf 88' lang='lat' dir='ltr'><strong>milites</strong></span> <span class='ocrx_word' id='word_1_107' title='bbox 1409 1795 1706 1850; x_wconf 86' lang='lat' dir='ltr'><strong>Christiani</strong></span> <span class='ocrx_word' id='word_1_108' title='bbox 1743 1794 1950 1848; x_wconf 78' lang='lat' dir='ltr'><strong>fuerint</strong></span> <span class='ocrx_word' id='word_1_109' title='bbox 2003 1792 2148 1844; x_wconf 89' lang='lat' dir='ltr'><strong>inter</strong></span> 
     </span>
    </p>
   </div>
   <div class='ocr_carea' id='block_1_18' title="bbox 2255 603 3557 673">
    <p class='ocr_par' dir='ltr' id='par_1_18' title="bbox 2255 603 3557 673">
     <span class='ocr_line' id='line_1_18' title="bbox 2255 603 3557 673; baseline -0.001 -16"><span class='ocrx_word' id='word_1_110' title='bbox 2255 614 2309 657; x_wconf 90' lang='lat' dir='ltr'><strong>et</strong></span> <span class='ocrx_word' id='word_1_111' title='bbox 2345 605 2643 673; x_wconf 79' lang='lat' dir='ltr'><strong>quietiores</strong></span> <span class='ocrx_word' id='word_1_112' title='bbox 2679 614 2853 657; x_wconf 89' lang='lat' dir='ltr'><strong>terras</strong></span> <span class='ocrx_word' id='word_1_113' title='bbox 2878 604 3110 657; x_wconf 85' lang='lat' dir='ltr'><strong>delicate</strong></span> <span class='ocrx_word' id='word_1_114' title='bbox 3140 603 3497 672; x_wconf 84' lang='lat' dir='ltr'><strong>imperarent.</strong></span> <span class='ocrx_word' id='word_1_115' title='bbox 3539 623 3557 656; x_wconf 75' lang='grc' dir='ltr'><strong><em>ι</em></strong></span> 
     </span>
    </p>
   </div>
   <div class='ocr_carea' id='block_1_19' title="bbox 2327 695 3844 766">
    <p class='ocr_par' dir='ltr' id='par_1_19' title="bbox 2327 695 3844 766">
     <span class='ocr_line' id='line_1_19' title="bbox 2327 695 3844 766; baseline 0.001 -17"><span class='ocrx_word' id='word_1_116' title='bbox 2327 699 2412 749; x_wconf 77' lang='grc' dir='ltr'><strong>Μ.</strong></span> <span class='ocrx_word' id='word_1_117' title='bbox 2443 697 2618 766; x_wconf 81' lang='lat' dir='ltr'><strong>Atque</strong></span> <span class='ocrx_word' id='word_1_118' title='bbox 2651 697 2734 750; x_wconf 76' lang='lat' dir='ltr'><strong>ha:</strong></span> <span class='ocrx_word' id='word_1_119' title='bbox 2768 706 2896 750; x_wconf 89' lang='lat' dir='ltr'><strong>sunt</strong></span> <span class='ocrx_word' id='word_1_120' title='bbox 2948 695 3320 759; x_wconf 73' lang='lat' dir='ltr'><strong>difﬁcultates,</strong></span> <span class='ocrx_word' id='word_1_121' title='bbox 3352 712 3477 764; x_wconf 74' lang='lat' dir='ltr'><strong>qua:</strong></span> <span class='ocrx_word' id='word_1_122' title='bbox 3531 697 3584 748; x_wconf 91' lang='lat' dir='ltr'><strong>in</strong></span> <span class='ocrx_word' id='word_1_123' title='bbox 3621 695 3844 764; x_wconf 79' lang='lat' dir='ltr'><strong>ﬁgendo</strong></span> 
     </span>
    </p>
   </div>
   <div class='ocr_carea' id='block_1_20' title="bbox 2254 786 3841 857">
    <p class='ocr_par' dir='ltr' id='par_1_20' title="bbox 2254 786 3841 857">
     <span class='ocr_line' id='line_1_20' title="bbox 2254 786 3841 857; baseline 0.001 -16"><span class='ocrx_word' id='word_1_124' title='bbox 2254 798 2501 857; x_wconf 82' lang='lat' dir='ltr'><strong>tempore</strong></span> <span class='ocrx_word' id='word_1_125' title='bbox 2567 787 2813 856; x_wconf 83' lang='lat' dir='ltr'><strong>martyrii</strong></span> <span class='ocrx_word' id='word_1_126' title='bbox 2877 801 3001 840; x_wconf 91' lang='lat' dir='ltr'><strong>sese</strong></span> <span class='ocrx_word' id='word_1_127' title='bbox 3050 786 3308 839; x_wconf 71' lang='lat' dir='ltr'><strong>oderunt.</strong></span> <span class='ocrx_word' id='word_1_128' title='bbox 3375 787 3841 855; x_wconf 79' lang='lat' dir='ltr'><strong>Quandoquidem</strong></span> 
     </span>
    </p>
   </div>
   <div class='ocr_carea' id='block_1_21' title="bbox 2251 878 3841 947">
    <p class='ocr_par' dir='ltr' id='par_1_21' title="bbox 2251 878 3841 947">
     <span class='ocr_line' id='line_1_21' title="bbox 2251 878 3841 947; baseline -0.001 -14"><span class='ocrx_word' id='word_1_129' title='bbox 2251 896 2382 933; x_wconf 82' lang='lat' dir='ltr'><strong>vero</strong></span> <span class='ocrx_word' id='word_1_130' title='bbox 2415 895 2522 932; x_wconf 90' lang='lat' dir='ltr'><strong>non</strong></span> <span class='ocrx_word' id='word_1_131' title='bbox 2556 888 2638 932; x_wconf 88' lang='lat' dir='ltr'><strong>est</strong></span> <span class='ocrx_word' id='word_1_132' title='bbox 2667 879 2799 932; x_wconf 92' lang='lat' dir='ltr'><strong>mihi</strong></span> <span class='ocrx_word' id='word_1_133' title='bbox 2837 890 3147 947; x_wconf 89' lang='lat' dir='ltr'><strong>promptum</strong></span> <span class='ocrx_word' id='word_1_134' title='bbox 3177 878 3389 931; x_wconf 86' lang='lat' dir='ltr'><strong>solvere</strong></span> <span class='ocrx_word' id='word_1_135' title='bbox 3424 881 3572 930; x_wconf 83' lang='lat' dir='ltr'><strong>hunc</strong></span> <span class='ocrx_word' id='word_1_136' title='bbox 3631 880 3841 931; x_wconf 89' lang='lat' dir='ltr'><strong>nodum</strong></span> 
     </span>
    </p>
   </div>
   <div class='ocr_carea' id='block_1_22' title="bbox 2252 970 3841 1033">
    <p class='ocr_par' dir='ltr' id='par_1_22' title="bbox 2252 970 3841 1033">
     <span class='ocr_line' id='line_1_22' title="bbox 2252 970 3841 1033; baseline -0.003 -6"><span class='ocrx_word' id='word_1_137' title='bbox 2252 972 2444 1027; x_wconf 81' lang='lat' dir='ltr'><strong>saltem</strong></span> <span class='ocrx_word' id='word_1_138' title='bbox 2484 971 2806 1024; x_wconf 64' lang='lat' dir='ltr'><strong>inherendo</strong></span> <span class='ocrx_word' id='word_1_139' title='bbox 2832 971 3006 1033; x_wconf 84' lang='lat' dir='ltr'><strong>Actis,</strong></span> <span class='ocrx_word' id='word_1_140' title='bbox 3043 975 3215 1023; x_wconf 87' lang='lat' dir='ltr'><strong>satius</strong></span> <span class='ocrx_word' id='word_1_141' title='bbox 3233 986 3354 1023; x_wconf 91' lang='lat' dir='ltr'><strong>esse</strong></span> <span class='ocrx_word' id='word_1_142' title='bbox 3394 970 3521 1022; x_wconf 85' lang='lat' dir='ltr'><strong>duxi</strong></span> <span class='ocrx_word' id='word_1_143' title='bbox 3576 971 3841 1024; x_wconf 88' lang='lat' dir='ltr'><strong>eumdem</strong></span> 
     </span>
    </p>
   </div>
   <div class='ocr_carea' id='block_1_23' title="bbox 2251 1059 3846 1130">
    <p class='ocr_par' dir='ltr' id='par_1_23' title="bbox 2251 1059 3846 1130">
     <span class='ocr_line' id='line_1_23' title="bbox 2251 1059 3846 1130; baseline -0.002 -13"><span class='ocrx_word' id='word_1_144' title='bbox 2251 1063 2522 1118; x_wconf 87' lang='lat' dir='ltr'><strong>scindere.</strong></span> <span class='ocrx_word' id='word_1_145' title='bbox 2551 1071 2606 1123; x_wconf 85' lang='lat' dir='ltr'><strong>et</strong></span> <span class='ocrx_word' id='word_1_146' title='bbox 2640 1071 2954 1115; x_wconf 90' lang='lat' dir='ltr'><strong>nostrorum</strong></span> <span class='ocrx_word' id='word_1_147' title='bbox 2986 1059 3236 1130; x_wconf 90' lang='lat' dir='ltr'><strong>Pugilum</strong></span> <span class='ocrx_word' id='word_1_148' title='bbox 3275 1063 3598 1130; x_wconf 75' lang='lat' dir='ltr'><strong>martyrium</strong></span> <span class='ocrx_word' id='word_1_149' title='bbox 3631 1077 3846 1129; x_wconf 86' lang='lat' dir='ltr'><strong>ponere</strong></span> 
     </span>
    </p>
   </div>
   <div class='ocr_carea' id='block_1_24' title="bbox 2249 1151 3846 1220">
    <p class='ocr_par' dir='ltr' id='par_1_24' title="bbox 2249 1151 3846 1220">
     <span class='ocr_line' id='line_1_24' title="bbox 2249 1151 3846 1220; baseline -0.001 -14"><span class='ocrx_word' id='word_1_150' title='bbox 2249 1169 2372 1207; x_wconf 91' lang='lat' dir='ltr'><strong>cum</strong></span> <span class='ocrx_word' id='word_1_151' title='bbox 2402 1154 2553 1206; x_wconf 85' lang='lat' dir='ltr'><strong>Actis</strong></span> <span class='ocrx_word' id='word_1_152' title='bbox 2584 1153 2683 1206; x_wconf 77' lang='lat' dir='ltr'><strong>sub</strong></span> <span class='ocrx_word' id='word_1_153' title='bbox 2721 1151 3076 1212; x_wconf 80' lang='lat' dir='ltr'><strong>Maximiano,</strong></span> <span class='ocrx_word' id='word_1_154' title='bbox 3110 1152 3214 1204; x_wconf 87' lang='lat' dir='ltr'><strong>sttb</strong></span> <span class='ocrx_word' id='word_1_155' title='bbox 3239 1167 3349 1220; x_wconf 95' lang='lat' dir='ltr'><strong>quo</strong></span> <span class='ocrx_word' id='word_1_156' title='bbox 3391 1152 3558 1204; x_wconf 87' lang='lat' dir='ltr'><strong>etiam</strong></span> <span class='ocrx_word' id='word_1_157' title='bbox 3603 1153 3740 1204; x_wconf 88' lang='lat' dir='ltr'><strong>illud</strong></span> <span class='ocrx_word' id='word_1_158' title='bbox 3772 1153 3846 1204; x_wconf 82' lang='lat' dir='ltr'><strong>si-</strong></span> 
     </span>
    </p>
   </div>
   <div class='ocr_carea' id='block_1_25' title="bbox 2249 1243 3846 1316">
    <p class='ocr_par' dir='ltr' id='par_1_25' title="bbox 2249 1243 3846 1316">
     <span class='ocr_line' id='line_1_25' title="bbox 2249 1243 3846 1316; baseline 0.002 -21"><span class='ocrx_word' id='word_1_159' title='bbox 2249 1254 2377 1312; x_wconf 85' lang='lat' dir='ltr'><strong>gnat</strong></span> <span class='ocrx_word' id='word_1_160' title='bbox 2421 1243 2857 1316; x_wconf 68' lang='lat' dir='ltr'><strong>Martyrologium</strong></span> <span class='ocrx_word' id='word_1_161' title='bbox 2908 1243 3238 1306; x_wconf 81' lang='lat' dir='ltr'><strong>Romanum,</strong></span> <span class='ocrx_word' id='word_1_162' title='bbox 3306 1259 3411 1296; x_wconf 92' lang='lat' dir='ltr'><strong>non</strong></span> <span class='ocrx_word' id='word_1_163' title='bbox 3466 1244 3846 1299; x_wconf 84' lang='lat' dir='ltr'><strong>determinato</strong></span> 
     </span>
    </p>
   </div>
   <div class='ocr_carea' id='block_1_26' title="bbox 2249 1336 3846 1404">
    <p class='ocr_par' dir='ltr' id='par_1_26' title="bbox 2249 1336 3846 1404">
     <span class='ocr_line' id='line_1_26' title="bbox 2249 1336 3846 1404; baseline 0.001 -15"><span class='ocrx_word' id='word_1_164' title='bbox 2249 1336 2494 1404; x_wconf 85' lang='lat' dir='ltr'><strong>ejusdem</strong></span> <span class='ocrx_word' id='word_1_165' title='bbox 2536 1337 2778 1404; x_wconf 87' lang='lat' dir='ltr'><strong>martyrii</strong></span> <span class='ocrx_word' id='word_1_166' title='bbox 2817 1351 2986 1389; x_wconf 90' lang='lat' dir='ltr'><strong>anno.</strong></span> <span class='ocrx_word' id='word_1_167' title='bbox 3041 1336 3158 1388; x_wconf 82' lang='lat' dir='ltr'><strong>Dixi</strong></span> <span class='ocrx_word' id='word_1_168' title='bbox 3195 1353 3214 1385; x_wconf 71' lang='grc' dir='ltr'>ι</span> <span class='ocrx_word' id='word_1_169' title='bbox 3252 1337 3446 1388; x_wconf 74' lang='lat' dir='ltr'><strong>saltem</strong></span> <span class='ocrx_word' id='word_1_170' title='bbox 3512 1337 3846 1390; x_wconf 76' lang='lat' dir='ltr'><strong>inluni-endo</strong></span> 
     </span>
    </p>
   </div>
   <div class='ocr_carea' id='block_1_27' title="bbox 2248 1426 3844 1494">
    <p class='ocr_par' dir='ltr' id='par_1_27' title="bbox 2248 1426 3844 1494">
     <span class='ocr_line' id='line_1_27' title="bbox 2248 1426 3844 1494; baseline 0.002 -15"><span class='ocrx_word' id='word_1_171' title='bbox 2248 1427 2437 1488; x_wconf 89' lang='lat' dir='ltr'><strong>Actis;</strong></span> <span class='ocrx_word' id='word_1_172' title='bbox 2491 1444 2509 1477; x_wconf 75' lang='grc' dir='ltr'>ι</span> <span class='ocrx_word' id='word_1_173' title='bbox 2542 1442 2668 1479; x_wconf 88' lang='lat' dir='ltr'><strong>nam</strong></span> <span class='ocrx_word' id='word_1_174' title='bbox 2707 1427 2748 1479; x_wconf 89' lang='lat' dir='ltr'><strong>si</strong></span> <span class='ocrx_word' id='word_1_175' title='bbox 2791 1426 3112 1480; x_wconf 91' lang='lat' dir='ltr'><strong>eorumdem</strong></span> <span class='ocrx_word' id='word_1_176' title='bbox 3141 1427 3381 1494; x_wconf 88' lang='lat' dir='ltr'><strong>scriptor</strong></span> <span class='ocrx_word' id='word_1_177' title='bbox 3411 1427 3673 1480; x_wconf 79' lang='lat' dir='ltr'><strong>habuerit</strong></span> <span class='ocrx_word' id='word_1_178' title='bbox 3710 1439 3844 1482; x_wconf 90' lang='lat' dir='ltr'><strong>ante</strong></span> 
     </span>
    </p>
   </div>
   <div class='ocr_carea' id='block_1_28' title="bbox 2248 1517 3849 1587">
    <p class='ocr_par' dir='ltr' id='par_1_28' title="bbox 2248 1517 3849 1587">
     <span class='ocr_line' id='line_1_28' title="bbox 2248 1517 3849 1587; baseline 0 -15"><span class='ocrx_word' id='word_1_179' title='bbox 2248 1536 2306 1574; x_wconf 91' lang='lat' dir='ltr'><strong>se</strong></span> <span class='ocrx_word' id='word_1_180' title='bbox 2332 1519 2661 1572; x_wconf 86' lang='lat' dir='ltr'><strong>documenta</strong></span> <span class='ocrx_word' id='word_1_181' title='bbox 2724 1517 2964 1572; x_wconf 85' lang='lat' dir='ltr'><strong>melioris</strong></span> <span class='ocrx_word' id='word_1_182' title='bbox 3007 1529 3170 1575; x_wconf 73' lang='lat' dir='ltr'><strong>noue.</strong></span> <span class='ocrx_word' id='word_1_183' title='bbox 3204 1519 3402 1587; x_wconf 91' lang='lat' dir='ltr'><strong>illaque</strong></span> <span class='ocrx_word' id='word_1_184' title='bbox 3464 1522 3536 1571; x_wconf 90' lang='lat' dir='ltr'><strong>ita</strong></span> <span class='ocrx_word' id='word_1_185' title='bbox 3572 1521 3849 1573; x_wconf 81' lang='lat' dir='ltr'><strong>transfor-</strong></span> 
     </span>
    </p>
   </div>
   <div class='ocr_carea' id='block_1_29' title="bbox 2249 1609 3846 1676">
    <p class='ocr_par' dir='ltr' id='par_1_29' title="bbox 2249 1609 3846 1676">
     <span class='ocr_line' id='line_1_29' title="bbox 2249 1609 3846 1676; baseline 0.001 -11"><span class='ocrx_word' id='word_1_186' title='bbox 2249 1611 2410 1665; x_wconf 87' lang='lat' dir='ltr'><strong>marit</strong></span> <span class='ocrx_word' id='word_1_187' title='bbox 2444 1621 2639 1663; x_wconf 87' lang='lat' dir='ltr'><strong>ornatu</strong></span> <span class='ocrx_word' id='word_1_188' title='bbox 2666 1626 2729 1663; x_wconf 89' lang='lat' dir='ltr'><strong>ac</strong></span> <span class='ocrx_word' id='word_1_189' title='bbox 2766 1609 3215 1676; x_wconf 87' lang='lat' dir='ltr'><strong>interpolatione,</strong></span> <span class='ocrx_word' id='word_1_190' title='bbox 3252 1619 3310 1662; x_wconf 90' lang='lat' dir='ltr'><strong>ut</strong></span> <span class='ocrx_word' id='word_1_191' title='bbox 3353 1611 3705 1664; x_wconf 88' lang='lat' dir='ltr'><strong>incommoda</strong></span> <span class='ocrx_word' id='word_1_192' title='bbox 3749 1628 3846 1665; x_wconf 82' lang='lat' dir='ltr'><strong>su-</strong></span> 
     </span>
    </p>
   </div>
   <div class='ocr_carea' id='block_1_30' title="bbox 2248 1701 3844 1771">
    <p class='ocr_par' dir='ltr' id='par_1_30' title="bbox 2248 1701 3844 1771">
     <span class='ocr_line' id='line_1_30' title="bbox 2248 1701 3844 1771; baseline 0.001 -16"><span class='ocrx_word' id='word_1_193' title='bbox 2248 1703 2441 1771; x_wconf 89' lang='lat' dir='ltr'><strong>perius</strong></span> <span class='ocrx_word' id='word_1_194' title='bbox 2474 1717 2714 1771; x_wconf 83' lang='lat' dir='ltr'><strong>expensa</strong></span> <span class='ocrx_word' id='word_1_195' title='bbox 2748 1702 2814 1755; x_wconf 89' lang='lat' dir='ltr'><strong>ad</strong></span> <span class='ocrx_word' id='word_1_196' title='bbox 2865 1703 3023 1755; x_wconf 88' lang='lat' dir='ltr'><strong>istatn</strong></span> <span class='ocrx_word' id='word_1_197' title='bbox 3070 1717 3290 1755; x_wconf 88' lang='lat' dir='ltr'><strong>causam</strong></span> <span class='ocrx_word' id='word_1_198' title='bbox 3341 1707 3451 1754; x_wconf 89' lang='lat' dir='ltr'><strong>slnt</strong></span> <span class='ocrx_word' id='word_1_199' title='bbox 3497 1701 3844 1768; x_wconf 79' lang='lat' dir='ltr'><strong>referenda;</strong></span> 
     </span>
    </p>
   </div>
   <div class='ocr_carea' id='block_1_31' title="bbox 2249 1795 3846 1866">
    <p class='ocr_par' dir='ltr' id='par_1_31' title="bbox 2249 1795 3846 1866">
     <span class='ocr_line' id='line_1_31' title="bbox 2249 1795 3846 1866; baseline -0.001 -18"><span class='ocrx_word' id='word_1_200' title='bbox 2249 1805 2378 1849; x_wconf 89' lang='lat' dir='ltr'><strong>tunc</strong></span> <span class='ocrx_word' id='word_1_201' title='bbox 2410 1813 2516 1850; x_wconf 90' lang='lat' dir='ltr'><strong>non</strong></span> <span class='ocrx_word' id='word_1_202' title='bbox 2541 1797 2698 1850; x_wconf 87' lang='lat' dir='ltr'><strong>video</strong></span> <span class='ocrx_word' id='word_1_203' title='bbox 2762 1811 2860 1848; x_wconf 79' lang='lat' dir='ltr'><strong>cur</strong></span> <span class='ocrx_word' id='word_1_204' title='bbox 2901 1806 3116 1866; x_wconf 88' lang='lat' dir='ltr'><strong>tempus</strong></span> <span class='ocrx_word' id='word_1_205' title='bbox 3167 1795 3408 1865; x_wconf 87' lang='lat' dir='ltr'><strong>martyrii</strong></span> <span class='ocrx_word' id='word_1_206' title='bbox 3466 1795 3674 1848; x_wconf 90' lang='lat' dir='ltr'><strong>innecti</strong></span> <span class='ocrx_word' id='word_1_207' title='bbox 3731 1810 3846 1848; x_wconf 86' lang='lat' dir='ltr'><strong>non</strong></span> 
     </span>
    </p>
   </div>
   <div class='ocr_carea' id='block_1_32' title="bbox 559 1886 3844 1960">
    <p class='ocr_par' dir='ltr' id='par_1_32' title="bbox 559 1886 3844 1960">
     <span class='ocr_line' id='line_1_32' title="bbox 559 1886 3844 1960; baseline 0 -22"><span class='ocrx_word' id='word_1_208' title='bbox 559 1896 771 1940; x_wconf 88' lang='lat' dir='ltr'><strong>turmas</strong></span> <span class='ocrx_word' id='word_1_209' title='bbox 788 1886 1099 1943; x_wconf 79' lang='lat' dir='ltr'><strong>Maximiani</strong></span> <span class='ocrx_word' id='word_1_210' title='bbox 1125 1889 1250 1943; x_wconf 90' lang='lat' dir='ltr'><strong>etin</strong></span> <span class='ocrx_word' id='word_1_211' title='bbox 1278 1890 1399 1944; x_wconf 90' lang='lat' dir='ltr'><strong>aula</strong></span> <span class='ocrx_word' id='word_1_212' title='bbox 1428 1891 1568 1960; x_wconf 87' lang='lat' dir='ltr'><strong>ejus,</strong></span> <span class='ocrx_word' id='word_1_213' title='bbox 1597 1889 1894 1960; x_wconf 88' lang='lat' dir='ltr'><strong>quomodo,</strong></span> <span class='ocrx_word' id='word_1_214' title='bbox 1924 1889 2144 1954; x_wconf 92' lang='lat' dir='ltr'><strong>inquam</strong></span> <span class='ocrx_word' id='word_1_215' title='bbox 2175 1895 2224 1954; x_wconf 81' lang='grc' dir='ltr'><strong>Β</strong></span> <span class='ocrx_word' id='word_1_216' title='bbox 2253 1891 2424 1960; x_wconf 85' lang='lat' dir='ltr'><strong>possit</strong></span> <span class='ocrx_word' id='word_1_217' title='bbox 2484 1888 2847 1957; x_wconf 90' lang='lat' dir='ltr'><strong>persecutioni</strong></span> <span class='ocrx_word' id='word_1_218' title='bbox 2900 1888 3286 1940; x_wconf 74' lang='lat' dir='ltr'><strong>Diorletianeze</strong></span> <span class='ocrx_word' id='word_1_219' title='bbox 3318 1903 3333 1950; x_wconf 90' lang='lat'><strong>;</strong></span> <span class='ocrx_word' id='word_1_220' title='bbox 3379 1903 3477 1941; x_wconf 91' lang='lat' dir='ltr'><strong>cur</strong></span> <span class='ocrx_word' id='word_1_221' title='bbox 3530 1901 3644 1939; x_wconf 89' lang='lat' dir='ltr'><strong>non</strong></span> <span class='ocrx_word' id='word_1_222' title='bbox 3707 1886 3844 1939; x_wconf 88' lang='lat' dir='ltr'><strong>item</strong></span> 
     </span>
    </p>
   </div>
   <div class='ocr_carea' id='block_1_33' title="bbox 561 1976 2143 2034">
    <p class='ocr_par' dir='ltr' id='par_1_33' title="bbox 561 1976 2143 2034">
     <span class='ocr_line' id='line_1_33' title="bbox 561 1976 2143 2034; baseline 0.001 -6"><span class='ocrx_word' id='word_1_223' title='bbox 561 1976 617 2028; x_wconf 91' lang='lat' dir='ltr'><strong>in</strong></span> <span class='ocrx_word' id='word_1_224' title='bbox 656 1977 857 2031; x_wconf 90' lang='lat' dir='ltr'><strong>milites</strong></span> <span class='ocrx_word' id='word_1_225' title='bbox 891 1989 1112 2033; x_wconf 86' lang='lat' dir='ltr'><strong>nostros</strong></span> <span class='ocrx_word' id='word_1_226' title='bbox 1133 1979 1477 2034; x_wconf 87' lang='lat' dir='ltr'><strong>Christianos</strong></span> <span class='ocrx_word' id='word_1_227' title='bbox 1503 1996 1648 2033; x_wconf 89' lang='lat' dir='ltr'><strong>anno</strong></span> <span class='ocrx_word' id='word_1_228' title='bbox 1669 1979 1874 2034; x_wconf 87' lang='lat' dir='ltr'><strong>Christi</strong></span> <span class='ocrx_word' id='word_1_229' title='bbox 1910 1978 2016 2033; x_wconf 66' lang='grc'><strong>294</strong></span> <span class='ocrx_word' id='word_1_230' title='bbox 2042 1976 2143 2031; x_wconf 88' lang='lat' dir='ltr'><strong>sub</strong></span> 
     </span>
    </p>
   </div>
   <div class='ocr_carea' id='block_1_34' title="bbox 559 2067 2142 2143">
    <p class='ocr_par' dir='ltr' id='par_1_34' title="bbox 559 2067 2142 2143">
     <span class='ocr_line' id='line_1_34' title="bbox 559 2067 2142 2143; baseline 0.004 -22"><span class='ocrx_word' id='word_1_231' title='bbox 559 2067 889 2124; x_wconf 78' lang='lat' dir='ltr'><strong>Maximiano</strong></span> <span class='ocrx_word' id='word_1_232' title='bbox 918 2071 1165 2124; x_wconf 65' lang='lat' dir='ltr'><strong>saevitum</strong></span> <span class='ocrx_word' id='word_1_233' title='bbox 1194 2073 1320 2126; x_wconf 81' lang='lat' dir='ltr'><strong>est?</strong></span> <span class='ocrx_word' id='word_1_234' title='bbox 1350 2073 1575 2127; x_wconf 88' lang='lat' dir='ltr'><strong>Accedit</strong></span> <span class='ocrx_word' id='word_1_235' title='bbox 1605 2089 1693 2134; x_wconf 88' lang='lat' dir='ltr'><strong>eo,</strong></span> <span class='ocrx_word' id='word_1_236' title='bbox 1726 2074 1869 2143; x_wconf 91' lang='lat' dir='ltr'><strong>quod</strong></span> <span class='ocrx_word' id='word_1_237' title='bbox 1895 2091 2003 2128; x_wconf 92' lang='lat' dir='ltr'><strong>non</strong></span> <span class='ocrx_word' id='word_1_238' title='bbox 2043 2092 2142 2130; x_wconf 87' lang='lat' dir='ltr'><strong>sa-</strong></span> 
     </span>
    </p>
   </div>
   <div class='ocr_carea' id='block_1_35' title="bbox 560 2161 2141 2234">
    <p class='ocr_par' dir='ltr' id='par_1_35' title="bbox 560 2161 2141 2234">
     <span class='ocr_line' id='line_1_35' title="bbox 560 2161 2141 2234; baseline 0.005 -21"><span class='ocrx_word' id='word_1_239' title='bbox 560 2161 633 2213; x_wconf 88' lang='lat' dir='ltr'><strong>tis</strong></span> <span class='ocrx_word' id='word_1_240' title='bbox 668 2161 984 2216; x_wconf 85' lang='lat' dir='ltr'><strong>verosimile</strong></span> <span class='ocrx_word' id='word_1_241' title='bbox 1040 2163 1314 2224; x_wconf 89' lang='lat' dir='ltr'><strong>videatur.</strong></span> <span class='ocrx_word' id='word_1_242' title='bbox 1376 2167 1721 2234; x_wconf 75' lang='lat' dir='ltr'><strong>tyrannidem</strong></span> <span class='ocrx_word' id='word_1_243' title='bbox 1778 2169 2141 2234; x_wconf 77' lang='lat' dir='ltr'><strong>persequendi</strong></span> 
     </span>
    </p>
   </div>
   <div class='ocr_carea' id='block_1_36' title="bbox 558 2253 2144 2310">
    <p class='ocr_par' dir='ltr' id='par_1_36' title="bbox 558 2253 2144 2310">
     <span class='ocr_line' id='line_1_36' title="bbox 558 2253 2144 2310; baseline 0.004 -7"><span class='ocrx_word' id='word_1_244' title='bbox 558 2253 907 2308; x_wconf 77' lang='lat' dir='ltr'><strong>Christianos</strong></span> <span class='ocrx_word' id='word_1_245' title='bbox 962 2270 991 2306; x_wconf 89' lang='lat' dir='ltr'><strong>a</strong></span> <span class='ocrx_word' id='word_1_246' title='bbox 1048 2255 1163 2307; x_wconf 89' lang='lat' dir='ltr'><strong>solo</strong></span> <span class='ocrx_word' id='word_1_247' title='bbox 1223 2254 1548 2310; x_wconf 80' lang='lat' dir='ltr'><strong>Maximiano</strong></span> <span class='ocrx_word' id='word_1_248' title='bbox 1597 2272 1719 2309; x_wconf 85' lang='lat' dir='ltr'><strong>esse</strong></span> <span class='ocrx_word' id='word_1_249' title='bbox 1802 2260 2144 2310; x_wconf 81' lang='lat' dir='ltr'><strong>exsecutioni</strong></span> 
     </span>
    </p>
   </div>
   <div class='ocr_carea' id='block_1_37' title="bbox 560 2344 2144 2418">
    <p class='ocr_par' dir='ltr' id='par_1_37' title="bbox 560 2344 2144 2418">
     <span class='ocr_line' id='line_1_37' title="bbox 560 2344 2144 2418; baseline 0.004 -21"><span class='ocrx_word' id='word_1_250' title='bbox 560 2344 903 2408; x_wconf 87' lang='lat' dir='ltr'><strong>mandatam,</strong></span> <span class='ocrx_word' id='word_1_251' title='bbox 938 2346 1043 2399; x_wconf 88' lang='lat' dir='ltr'><strong>nisi</strong></span> <span class='ocrx_word' id='word_1_252' title='bbox 1091 2359 1214 2416; x_wconf 91' lang='lat' dir='ltr'><strong>post</strong></span> <span class='ocrx_word' id='word_1_253' title='bbox 1252 2347 1560 2410; x_wconf 75' lang='lat' dir='ltr'><strong>victoriam,</strong></span> <span class='ocrx_word' id='word_1_254' title='bbox 1594 2364 1717 2418; x_wconf 76' lang='lat' dir='ltr'><strong>quze</strong></span> <span class='ocrx_word' id='word_1_255' title='bbox 1749 2365 1894 2402; x_wconf 90' lang='lat' dir='ltr'><strong>anno</strong></span> <span class='ocrx_word' id='word_1_256' title='bbox 1949 2350 2052 2403; x_wconf 76' lang='lat'><strong>297</strong></span> <span class='ocrx_word' id='word_1_257' title='bbox 2078 2351 2144 2404; x_wconf 91' lang='lat' dir='ltr'><strong>de</strong></span> 
     </span>
    </p>
   </div>
   <div class='ocr_carea' id='block_1_38' title="bbox 559 2437 2140 2510">
    <p class='ocr_par' dir='ltr' id='par_1_38' title="bbox 559 2437 2140 2510">
     <span class='ocr_line' id='line_1_38' title="bbox 559 2437 2140 2510; baseline 0.003 -18"><span class='ocrx_word' id='word_1_258' title='bbox 559 2437 745 2492; x_wconf 79' lang='lat' dir='ltr'><strong>Persis</strong></span> <span class='ocrx_word' id='word_1_259' title='bbox 779 2439 950 2492; x_wconf 89' lang='lat' dir='ltr'><strong>relata</strong></span> <span class='ocrx_word' id='word_1_260' title='bbox 985 2439 1169 2505; x_wconf 79' lang='lat' dir='ltr'><strong>fuerit,</strong></span> <span class='ocrx_word' id='word_1_261' title='bbox 1205 2457 1434 2510; x_wconf 72' lang='lat' dir='ltr'><strong>quaeque</strong></span> <span class='ocrx_word' id='word_1_262' title='bbox 1458 2443 1702 2496; x_wconf 87' lang='lat' dir='ltr'><strong>animum</strong></span> <span class='ocrx_word' id='word_1_263' title='bbox 1764 2443 1883 2509; x_wconf 87' lang='lat' dir='ltr'><strong>ejus</strong></span> <span class='ocrx_word' id='word_1_264' title='bbox 1919 2442 2140 2506; x_wconf 68' lang='lat' dir='ltr'><strong>inﬂat-it,</strong></span> 
     </span>
    </p>
   </div>
   <div class='ocr_carea' id='block_1_39' title="bbox 558 2529 2142 2601">
    <p class='ocr_par' dir='ltr' id='par_1_39' title="bbox 558 2529 2142 2601">
     <span class='ocr_line' id='line_1_39' title="bbox 558 2529 2142 2601; baseline 0.002 -17"><span class='ocrx_word' id='word_1_265' title='bbox 558 2529 866 2598; x_wconf 83' lang='lat' dir='ltr'><strong>cristasque</strong></span> <span class='ocrx_word' id='word_1_266' title='bbox 897 2532 1020 2598; x_wconf 88' lang='lat' dir='ltr'><strong>ejus</strong></span> <span class='ocrx_word' id='word_1_267' title='bbox 1049 2533 1288 2587; x_wconf 71' lang='lat' dir='ltr'><strong>erexerit</strong></span> <span class='ocrx_word' id='word_1_268' title='bbox 1309 2533 1375 2586; x_wconf 86' lang='lat' dir='ltr'><strong>ad</strong></span> <span class='ocrx_word' id='word_1_269' title='bbox 1409 2534 1722 2587; x_wconf 89' lang='lat' dir='ltr'><strong>audendum</strong></span> <span class='ocrx_word' id='word_1_270' title='bbox 1752 2535 2041 2601; x_wconf 84' lang='lat' dir='ltr'><strong>quidlibet.</strong></span> <span class='ocrx_word' id='word_1_271' title='bbox 2077 2536 2142 2589; x_wconf 84' lang='lat' dir='ltr'><strong>Et</strong></span> 
     </span>
    </p>
   </div>
   <div class='ocr_carea' id='block_1_40' title="bbox 560 2624 2142 2680">
    <p class='ocr_par' dir='ltr' id='par_1_40' title="bbox 560 2624 2142 2680">
     <span class='ocr_line' id='line_1_40' title="bbox 560 2624 2142 2680; baseline 0.003 -7"><span class='ocrx_word' id='word_1_272' title='bbox 560 2637 692 2675; x_wconf 79' lang='lat' dir='ltr'><strong>\ero</strong></span> <span class='ocrx_word' id='word_1_273' title='bbox 723 2633 1014 2677; x_wconf 81' lang='lat' dir='ltr'><strong>contextus</strong></span> <span class='ocrx_word' id='word_1_274' title='bbox 1050 2626 1309 2678; x_wconf 87' lang='lat' dir='ltr'><strong>Actorum</strong></span> <span class='ocrx_word' id='word_1_275' title='bbox 1343 2624 1398 2677; x_wconf 83' lang='lat' dir='ltr'><strong>S.</strong></span> <span class='ocrx_word' id='word_1_276' title='bbox 1444 2625 1678 2679; x_wconf 75' lang='lat' dir='ltr'><strong>Andrea:</strong></span> <span class='ocrx_word' id='word_1_277' title='bbox 1742 2641 1853 2679; x_wconf 87' lang='lat' dir='ltr'><strong>non</strong></span> <span class='ocrx_word' id='word_1_278' title='bbox 1910 2625 2142 2680; x_wconf 85' lang='lat' dir='ltr'><strong>obscure</strong></span> 
     </span>
    </p>
   </div>
   <div class='ocr_carea' id='block_1_41' title="bbox 561 2713 2143 2786">
    <p class='ocr_par' dir='ltr' id='par_1_41' title="bbox 561 2713 2143 2786">
     <span class='ocr_line' id='line_1_41' title="bbox 561 2713 2143 2786; baseline 0 -17"><span class='ocrx_word' id='word_1_279' title='bbox 561 2713 828 2779; x_wconf 85' lang='lat' dir='ltr'><strong>insinuat,</strong></span> <span class='ocrx_word' id='word_1_280' title='bbox 861 2715 1253 2770; x_wconf 79' lang='lat' dir='ltr'><strong>Maximianum</strong></span> <span class='ocrx_word' id='word_1_281' title='bbox 1290 2726 1421 2770; x_wconf 93' lang='lat' dir='ltr'><strong>tunc</strong></span> <span class='ocrx_word' id='word_1_282' title='bbox 1455 2717 1722 2784; x_wconf 83' lang='lat' dir='ltr'><strong>temporis</strong></span> <span class='ocrx_word' id='word_1_283' title='bbox 1746 2732 1861 2770; x_wconf 89' lang='lat' dir='ltr'><strong>rem</strong></span> <span class='ocrx_word' id='word_1_284' title='bbox 1904 2717 2143 2786; x_wconf 77' lang='lat' dir='ltr'><strong>gessisse</strong></span> 
     </span>
    </p>
   </div>
   <div class='ocr_carea' id='block_1_42' title="bbox 561 2802 2145 2876">
    <p class='ocr_par' dir='ltr' id='par_1_42' title="bbox 561 2802 2145 2876">
     <span class='ocr_line' id='line_1_42' title="bbox 561 2802 2145 2876; baseline 0.003 -20"><span class='ocrx_word' id='word_1_285' title='bbox 561 2806 616 2857; x_wconf 93' lang='lat' dir='ltr'><strong>in</strong></span> <span class='ocrx_word' id='word_1_286' title='bbox 649 2802 916 2859; x_wconf 87' lang='lat' dir='ltr'><strong>Oriente:</strong></span> <span class='ocrx_word' id='word_1_287' title='bbox 963 2817 1016 2860; x_wconf 91' lang='lat' dir='ltr'><strong>et</strong></span> <span class='ocrx_word' id='word_1_288' title='bbox 1041 2816 1189 2858; x_wconf 77' lang='lat' dir='ltr'><strong>extra</strong></span> <span class='ocrx_word' id='word_1_289' title='bbox 1253 2817 1466 2876; x_wconf 88' lang='lat' dir='ltr'><strong>tempus</strong></span> <span class='ocrx_word' id='word_1_290' title='bbox 1522 2806 1642 2860; x_wconf 90' lang='lat' dir='ltr'><strong>belli</strong></span> <span class='ocrx_word' id='word_1_291' title='bbox 1677 2807 1878 2861; x_wconf 85' lang='lat' dir='ltr'><strong>Persici</strong></span> <span class='ocrx_word' id='word_1_292' title='bbox 1927 2809 2145 2862; x_wconf 85' lang='lat' dir='ltr'><strong>videtur</strong></span> 
     </span>
    </p>
   </div>
   <div class='ocr_carea' id='block_1_43' title="bbox 561 2899 2142 2970">
    <p class='ocr_par' dir='ltr' id='par_1_43' title="bbox 561 2899 2142 2970">
     <span class='ocr_line' id='line_1_43' title="bbox 561 2899 2142 2970; baseline 0.002 -18"><span class='ocrx_word' id='word_1_293' title='bbox 561 2913 784 2968; x_wconf 84' lang='lat' dir='ltr'><strong>semper</strong></span> <span class='ocrx_word' id='word_1_294' title='bbox 830 2899 1008 2966; x_wconf 79' lang='lat' dir='ltr'><strong>egisse</strong></span> <span class='ocrx_word' id='word_1_295' title='bbox 1040 2915 1170 2954; x_wconf 89' lang='lat' dir='ltr'><strong>suas</strong></span> <span class='ocrx_word' id='word_1_296' title='bbox 1205 2910 1386 2970; x_wconf 80' lang='lat' dir='ltr'><strong>partes</strong></span> <span class='ocrx_word' id='word_1_297' title='bbox 1434 2900 1703 2970; x_wconf 92' lang='lat' dir='ltr'><strong>Illyricum</strong></span> <span class='ocrx_word' id='word_1_298' title='bbox 1744 2916 1958 2961; x_wconf 82' lang='lat' dir='ltr'><strong>versus.</strong></span> <span class='ocrx_word' id='word_1_299' title='bbox 2017 2918 2142 2956; x_wconf 85' lang='lat' dir='ltr'><strong>cum</strong></span> 
     </span>
    </p>
   </div>
   <div class='ocr_carea' id='block_1_44' title="bbox 559 2989 2138 3064">
    <p class='ocr_par' dir='ltr' id='par_1_44' title="bbox 559 2989 2138 3064">
     <span class='ocr_line' id='line_1_44' title="bbox 559 2989 2138 3064; baseline 0.002 -18"><span class='ocrx_word' id='word_1_300' title='bbox 559 2991 702 3060; x_wconf 78' lang='lat' dir='ltr'><strong>apud</strong></span> <span class='ocrx_word' id='word_1_301' title='bbox 726 2989 1071 3047; x_wconf 88' lang='lat' dir='ltr'><strong>Lactantium</strong></span> <span class='ocrx_word' id='word_1_302' title='bbox 1094 2993 1188 3046; x_wconf 92' lang='lat' dir='ltr'><strong>lib.</strong></span> <span class='ocrx_word' id='word_1_303' title='bbox 1211 2994 1284 3046; x_wconf 87' lang='lat' dir='ltr'><strong>De</strong></span> <span class='ocrx_word' id='word_1_304' title='bbox 1313 2993 1566 3046; x_wconf 74' lang='lat' dir='ltr'><strong>mortibus</strong></span> <span class='ocrx_word' id='word_1_305' title='bbox 1588 3002 1998 3060; x_wconf 74' lang='lat' dir='ltr'><strong>persecutor-um,</strong></span> <span class='ocrx_word' id='word_1_306' title='bbox 2019 3009 2138 3064; x_wconf 85' lang='lat' dir='ltr'><strong>cap.</strong></span> 
     </span>
    </p>
   </div>
   <div class='ocr_carea' id='block_1_45' title="bbox 562 3082 2143 3155">
    <p class='ocr_par' dir='ltr' id='par_1_45' title="bbox 562 3082 2143 3155">
     <span class='ocr_line' id='line_1_45' title="bbox 562 3082 2143 3155; baseline 0.001 -21"><span class='ocrx_word' id='word_1_307' title='bbox 562 3085 631 3135; x_wconf 77' lang='grc'><strong>18</strong></span> <span class='ocrx_word' id='word_1_308' title='bbox 662 3082 852 3136; x_wconf 88' lang='lat' dir='ltr'><strong>dicat:</strong></span> <span class='ocrx_word' id='word_1_309' title='bbox 885 3102 901 3132; x_wconf 72' lang='grc' dir='ltr'>ι</span> <span class='ocrx_word' id='word_1_310' title='bbox 939 3083 1055 3136; x_wconf 85' lang='lat' dir='ltr'><strong>Jatn</strong></span> <span class='ocrx_word' id='word_1_311' title='bbox 1089 3085 1311 3137; x_wconf 73' lang='lat' dir='ltr'><strong>ﬂuxisse</strong></span> <span class='ocrx_word' id='word_1_312' title='bbox 1356 3101 1530 3137; x_wconf 86' lang='lat' dir='ltr'><strong>annos</strong></span> <span class='ocrx_word' id='word_1_313' title='bbox 1578 3085 1889 3151; x_wconf 72' lang='lat' dir='ltr'><strong>quindecim</strong></span> <span class='ocrx_word' id='word_1_314' title='bbox 1928 3089 1981 3137; x_wconf 91' lang='lat' dir='ltr'><strong>in</strong></span> <span class='ocrx_word' id='word_1_315' title='bbox 2026 3084 2143 3155; x_wconf 82' lang='lat' dir='ltr'><strong>Illy-</strong></span> 
     </span>
    </p>
   </div>
   <div class='ocr_carea' id='block_1_46' title="bbox 562 3173 2142 3247">
    <p class='ocr_par' dir='ltr' id='par_1_46' title="bbox 562 3173 2142 3247">
     <span class='ocr_line' id='line_1_46' title="bbox 562 3173 2142 3247; baseline 0.002 -19"><span class='ocrx_word' id='word_1_316' title='bbox 562 3173 679 3228; x_wconf 87' lang='lat' dir='ltr'><strong>rico</strong></span> <span class='ocrx_word' id='word_1_317' title='bbox 737 3176 820 3230; x_wconf 91' lang='lat' dir='ltr'><strong>vel</strong></span> <span class='ocrx_word' id='word_1_318' title='bbox 853 3175 919 3229; x_wconf 87' lang='lat' dir='ltr'><strong>ad</strong></span> <span class='ocrx_word' id='word_1_319' title='bbox 954 3176 1125 3247; x_wconf 85' lang='lat' dir='ltr'><strong>ripam</strong></span> <span class='ocrx_word' id='word_1_320' title='bbox 1166 3174 1419 3238; x_wconf 87' lang='lat' dir='ltr'><strong>Danubii,</strong></span> <span class='ocrx_word' id='word_1_321' title='bbox 1475 3176 1675 3246; x_wconf 84' lang='lat' dir='ltr'><strong>quibus</strong></span> <span class='ocrx_word' id='word_1_322' title='bbox 1710 3174 1980 3246; x_wconf 78' lang='lat' dir='ltr'><strong>relegatus</strong></span> <span class='ocrx_word' id='word_1_323' title='bbox 2016 3192 2142 3231; x_wconf 86' lang='lat' dir='ltr'><strong>cum</strong></span> 
     </span>
    </p>
   </div>
   <div class='ocr_carea' id='block_1_47' title="bbox 2248 1975 3843 2046">
    <p class='ocr_par' dir='ltr' id='par_1_47' title="bbox 2248 1975 3843 2046">
     <span class='ocr_line' id='line_1_47' title="bbox 2248 1975 3843 2046; baseline -0.005 -11"><span class='ocrx_word' id='word_1_324' title='bbox 2248 1981 2356 2036; x_wconf 89' lang='lat' dir='ltr'><strong>diei</strong></span> <span class='ocrx_word' id='word_1_325' title='bbox 2391 1981 2696 2041; x_wconf 88' lang='lat' dir='ltr'><strong>Dominico,</strong></span> <span class='ocrx_word' id='word_1_326' title='bbox 2724 1987 2886 2046; x_wconf 89' lang='lat' dir='ltr'><strong>atque</strong></span> <span class='ocrx_word' id='word_1_327' title='bbox 2916 1979 3053 2032; x_wconf 84' lang='lat' dir='ltr'><strong>adeo</strong></span> <span class='ocrx_word' id='word_1_328' title='bbox 3085 1992 3230 2030; x_wconf 84' lang='lat' dir='ltr'><strong>anno</strong></span> <span class='ocrx_word' id='word_1_329' title='bbox 3264 1992 3384 2028; x_wconf 66' lang='lat' dir='ltr'><strong>terte</strong></span> <span class='ocrx_word' id='word_1_330' title='bbox 3415 1976 3660 2046; x_wconf 78' lang='lat' dir='ltr'><strong>vulgaris</strong></span> <span class='ocrx_word' id='word_1_331' title='bbox 3711 1975 3843 2040; x_wconf 78' lang='grc'><strong>505,</strong></span> 
     </span>
    </p>
   </div>
   <div class='ocr_carea' id='block_1_48' title="bbox 2247 2067 3845 2143">
    <p class='ocr_par' dir='ltr' id='par_1_48' title="bbox 2247 2067 3845 2143">
     <span class='ocr_line' id='line_1_48' title="bbox 2247 2067 3845 2143; baseline -0.004 -17"><span class='ocrx_word' id='word_1_332' title='bbox 2247 2082 2369 2143; x_wconf 90' lang='lat' dir='ltr'><strong>post</strong></span> <span class='ocrx_word' id='word_1_333' title='bbox 2413 2073 2758 2140; x_wconf 88' lang='lat' dir='ltr'><strong>imperatoria</strong></span> <span class='ocrx_word' id='word_1_334' title='bbox 2830 2071 3086 2124; x_wconf 83' lang='lat' dir='ltr'><strong>videlicet</strong></span> <span class='ocrx_word' id='word_1_335' title='bbox 3137 2070 3225 2120; x_wconf 89' lang='lat' dir='ltr'><strong>illa</strong></span> <span class='ocrx_word' id='word_1_336' title='bbox 3286 2067 3461 2120; x_wconf 74' lang='lat' dir='ltr'><strong>edicta</strong></span> <span class='ocrx_word' id='word_1_337' title='bbox 3499 2069 3644 2135; x_wconf 83' lang='lat' dir='ltr'><strong>(vide</strong></span> <span class='ocrx_word' id='word_1_338' title='bbox 3707 2069 3845 2122; x_wconf 82' lang='lat' dir='ltr'><strong>Acta</strong></span> 
     </span>
    </p>
   </div>
   <div class='ocr_carea' id='block_1_49' title="bbox 2247 2159 3846 2232">
    <p class='ocr_par' dir='ltr' id='par_1_49' title="bbox 2247 2159 3846 2232">
     <span class='ocr_line' id='line_1_49' title="bbox 2247 2159 3846 2232; baseline -0.003 -14"><span class='ocrx_word' id='word_1_339' title='bbox 2247 2181 2399 2218; x_wconf 87' lang='lat' dir='ltr'><strong>num.</strong></span> <span class='ocrx_word' id='word_1_340' title='bbox 2431 2165 2622 2232; x_wconf 74' lang='lat' dir='ltr'><strong>8)qu:e</strong></span> <span class='ocrx_word' id='word_1_341' title='bbox 2648 2165 2770 2216; x_wconf 80' lang='lat' dir='ltr'><strong>inde</strong></span> <span class='ocrx_word' id='word_1_342' title='bbox 2793 2179 2935 2214; x_wconf 89' lang='lat' dir='ltr'><strong>anno</strong></span> <span class='ocrx_word' id='word_1_343' title='bbox 2969 2164 3036 2214; x_wconf 91' lang='lat' dir='ltr'><strong>ab</strong></span> <span class='ocrx_word' id='word_1_344' title='bbox 3064 2163 3168 2214; x_wconf 76' lang='lat'><strong>305</strong></span> <span class='ocrx_word' id='word_1_345' title='bbox 3198 2161 3458 2213; x_wconf 77' lang='lat' dir='ltr'><strong>adversus</strong></span> <span class='ocrx_word' id='word_1_346' title='bbox 3487 2159 3846 2214; x_wconf 75' lang='lat' dir='ltr'><strong>Christianos</strong></span> 
     </span>
    </p>
   </div>
   <div class='ocr_carea' id='block_1_50' title="bbox 2250 2253 3846 2323">
    <p class='ocr_par' dir='ltr' id='par_1_50' title="bbox 2250 2253 3846 2323">
     <span class='ocr_line' id='line_1_50' title="bbox 2250 2253 3846 2323; baseline -0.001 -17"><span class='ocrx_word' id='word_1_347' title='bbox 2250 2257 2545 2323; x_wconf 85' lang='lat' dir='ltr'><strong>prodiere;</strong></span> <span class='ocrx_word' id='word_1_348' title='bbox 2613 2270 2706 2307; x_wconf 91' lang='lat' dir='ltr'><strong>cur</strong></span> <span class='ocrx_word' id='word_1_349' title='bbox 2765 2255 3002 2322; x_wconf 75' lang='lat' dir='ltr'><strong>denique</strong></span> <span class='ocrx_word' id='word_1_350' title='bbox 3051 2270 3174 2305; x_wconf 92' lang='lat' dir='ltr'><strong>cum</strong></span> <span class='ocrx_word' id='word_1_351' title='bbox 3229 2255 3378 2305; x_wconf 80' lang='lat' dir='ltr'><strong>Actis</strong></span> <span class='ocrx_word' id='word_1_352' title='bbox 3429 2253 3535 2305; x_wconf 89' lang='lat' dir='ltr'><strong>dici</strong></span> <span class='ocrx_word' id='word_1_353' title='bbox 3595 2263 3846 2319; x_wconf 87' lang='lat' dir='ltr'><strong>nequeat</strong></span> 
     </span>
    </p>
   </div>
   <div class='ocr_carea' id='block_1_51' title="bbox 2247 2344 3844 2414">
    <p class='ocr_par' dir='ltr' id='par_1_51' title="bbox 2247 2344 3844 2414">
     <span class='ocr_line' id='line_1_51' title="bbox 2247 2344 3844 2414; baseline -0.004 -13"><span class='ocrx_word' id='word_1_354' title='bbox 2247 2347 2377 2401; x_wconf 90' lang='lat' dir='ltr'><strong>illud</strong></span> <span class='ocrx_word' id='word_1_355' title='bbox 2419 2347 2684 2400; x_wconf 87' lang='lat' dir='ltr'><strong>accidisse</strong></span> <span class='ocrx_word' id='word_1_356' title='bbox 2714 2346 3042 2414; x_wconf 83' lang='lat' dir='ltr'><strong>imperatore</strong></span> <span class='ocrx_word' id='word_1_357' title='bbox 3073 2344 3418 2399; x_wconf 78' lang='lat' dir='ltr'><strong>Maximiano.</strong></span> <span class='ocrx_word' id='word_1_358' title='bbox 3463 2360 3667 2411; x_wconf 87' lang='lat' dir='ltr'><strong>nempe</strong></span> <span class='ocrx_word' id='word_1_359' title='bbox 3727 2345 3844 2397; x_wconf 83' lang='lat' dir='ltr'><strong>veri</strong></span> 
     </span>
    </p>
   </div>
   <div class='ocr_carea' id='block_1_52' title="bbox 2245 2437 3844 2510">
    <p class='ocr_par' dir='ltr' id='par_1_52' title="bbox 2245 2437 3844 2510">
     <span class='ocr_line' id='line_1_52' title="bbox 2245 2437 3844 2510; baseline -0.003 -16"><span class='ocrx_word' id='word_1_360' title='bbox 2245 2456 2307 2494; x_wconf 86' lang='lat' dir='ltr'><strong>ac</strong></span> <span class='ocrx_word' id='word_1_361' title='bbox 2348 2440 2549 2510; x_wconf 90' lang='lat' dir='ltr'><strong>proprii</strong></span> <span class='ocrx_word' id='word_1_362' title='bbox 2593 2441 2830 2492; x_wconf 86' lang='lat' dir='ltr'><strong>nominis</strong></span> <span class='ocrx_word' id='word_1_363' title='bbox 2880 2439 3267 2505; x_wconf 87' lang='lat' dir='ltr'><strong>imperatorem</strong></span> <span class='ocrx_word' id='word_1_364' title='bbox 3319 2438 3704 2506; x_wconf 79' lang='lat' dir='ltr'><strong>intelligendo.</strong></span> <span class='ocrx_word' id='word_1_365' title='bbox 3750 2437 3844 2506; x_wconf 86' lang='lat' dir='ltr'><strong>qui</strong></span> 
     </span>
    </p>
   </div>
   <div class='ocr_carea' id='block_1_53' title="bbox 2247 2528 3832 2593">
    <p class='ocr_par' dir='ltr' id='par_1_53' title="bbox 2247 2528 3832 2593">
     <span class='ocr_line' id='line_1_53' title="bbox 2247 2528 3832 2593; baseline 0 -10"><span class='ocrx_word' id='word_1_366' title='bbox 2247 2539 2371 2584; x_wconf 88' lang='lat' dir='ltr'><strong>ante</strong></span> <span class='ocrx_word' id='word_1_367' title='bbox 2404 2530 2608 2583; x_wconf 83' lang='lat' dir='ltr'><strong>dictum</strong></span> <span class='ocrx_word' id='word_1_368' title='bbox 2639 2545 2842 2583; x_wconf 87' lang='lat' dir='ltr'><strong>annum</strong></span> <span class='ocrx_word' id='word_1_369' title='bbox 2909 2531 3011 2583; x_wconf 77' lang='lat'><strong>305</strong></span> <span class='ocrx_word' id='word_1_370' title='bbox 3043 2531 3223 2584; x_wconf 58' lang='lat' dir='ltr'><strong>Ciesar</strong></span> <span class='ocrx_word' id='word_1_371' title='bbox 3286 2529 3553 2582; x_wconf 76' lang='lat' dir='ltr'><strong>duntaxat</strong></span> <span class='ocrx_word' id='word_1_372' title='bbox 3603 2528 3832 2593; x_wconf 87' lang='lat' dir='ltr'><strong>luerat,</strong></span> 
     </span>
    </p>
   </div>
   <div class='ocr_carea' id='block_1_54' title="bbox 2247 2621 3842 2691">
    <p class='ocr_par' dir='ltr' id='par_1_54' title="bbox 2247 2621 3842 2691">
     <span class='ocr_line' id='line_1_54' title="bbox 2247 2621 3842 2691; baseline 0.002 -20"><span class='ocrx_word' id='word_1_373' title='bbox 2247 2637 2572 2691; x_wconf 88' lang='lat' dir='ltr'><strong>quamquam</strong></span> <span class='ocrx_word' id='word_1_374' title='bbox 2594 2638 2714 2674; x_wconf 89' lang='lat' dir='ltr'><strong>cum</strong></span> <span class='ocrx_word' id='word_1_375' title='bbox 2736 2623 3079 2688; x_wconf 83' lang='lat' dir='ltr'><strong>adjectojam</strong></span> <span class='ocrx_word' id='word_1_376' title='bbox 3109 2637 3221 2674; x_wconf 89' lang='lat' dir='ltr'><strong>tum</strong></span> <span class='ocrx_word' id='word_1_377' title='bbox 3253 2623 3324 2675; x_wconf 87' lang='lat' dir='ltr'><strong>ab</strong></span> <span class='ocrx_word' id='word_1_378' title='bbox 3349 2639 3493 2674; x_wconf 89' lang='lat' dir='ltr'><strong>anno</strong></span> <span class='ocrx_word' id='word_1_379' title='bbox 3528 2621 3633 2674; x_wconf 71' lang='lat'><strong>9.99.</strong></span> <span class='ocrx_word' id='word_1_380' title='bbox 3664 2625 3842 2678; x_wconf 80' lang='lat' dir='ltr'><strong>etiam</strong></span> 
     </span>
    </p>
   </div>
   <div class='ocr_carea' id='block_1_55' title="bbox 2251 2713 3843 2781">
    <p class='ocr_par' dir='ltr' id='par_1_55' title="bbox 2251 2713 3843 2781">
     <span class='ocr_line' id='line_1_55' title="bbox 2251 2713 3843 2781; baseline -0.001 -14"><span class='ocrx_word' id='word_1_381' title='bbox 2251 2714 2408 2767; x_wconf 88' lang='lat' dir='ltr'><strong>titulo</strong></span> <span class='ocrx_word' id='word_1_382' title='bbox 2443 2713 2812 2781; x_wconf 70' lang='lat' dir='ltr'><strong>imperatoris,</strong></span> <span class='ocrx_word' id='word_1_383' title='bbox 2842 2718 2915 2764; x_wconf 91' lang='lat' dir='ltr'><strong>uti</strong></span> <span class='ocrx_word' id='word_1_384' title='bbox 2960 2713 3156 2781; x_wconf 87' lang='lat' dir='ltr'><strong>legitur</strong></span> <span class='ocrx_word' id='word_1_385' title='bbox 3205 2714 3347 2780; x_wconf 91' lang='lat' dir='ltr'><strong>apud</strong></span> <span class='ocrx_word' id='word_1_386' title='bbox 3383 2724 3665 2765; x_wconf 74' lang='lat' dir='ltr'><strong>auctorem</strong></span> <span class='ocrx_word' id='word_1_387' title='bbox 3711 2730 3843 2766; x_wconf 86' lang='lat' dir='ltr'><strong>neo-</strong></span> 
     </span>
    </p>
   </div>
   <div class='ocr_carea' id='block_1_56' title="bbox 2253 2805 3841 2869">
    <p class='ocr_par' dir='ltr' id='par_1_56' title="bbox 2253 2805 3841 2869">
     <span class='ocr_line' id='line_1_56' title="bbox 2253 2805 3841 2869; baseline -0.001 -9"><span class='ocrx_word' id='word_1_388' title='bbox 2253 2809 2478 2861; x_wconf 87' lang='lat' dir='ltr'><strong>tericum</strong></span> <span class='ocrx_word' id='word_1_389' title='bbox 2510 2807 2720 2860; x_wconf 77' lang='lat' dir='ltr'><strong>Gallum</strong></span> <span class='ocrx_word' id='word_1_390' title='bbox 2776 2806 3024 2860; x_wconf 62' lang='lat' dir='ltr'><strong>Historiae</strong></span> <span class='ocrx_word' id='word_1_391' title='bbox 3076 2808 3481 2869; x_wconf 71' lang='lat' dir='ltr'><strong>imperatorum,</strong></span> <span class='ocrx_word' id='word_1_392' title='bbox 3522 2816 3656 2861; x_wconf 88' lang='lat' dir='ltr'><strong>tom.</strong></span> <span class='ocrx_word' id='word_1_393' title='bbox 3695 2822 3750 2860; x_wconf 79' lang='lat' dir='ltr'><strong>tv</strong></span> <span class='ocrx_word' id='word_1_394' title='bbox 3787 2805 3841 2858; x_wconf 89' lang='lat' dir='ltr'><strong>in</strong></span> 
     </span>
    </p>
   </div>
   <div class='ocr_carea' id='block_1_57' title="bbox 2251 2881 3845 2969">
    <p class='ocr_par' dir='ltr' id='par_1_57' title="bbox 2251 2881 3845 2969">
     <span class='ocr_line' id='line_1_57' title="bbox 2251 2881 3845 2969; baseline -0.001 -15"><span class='ocrx_word' id='word_1_395' title='bbox 2251 2902 2611 2963; x_wconf 76' lang='lat' dir='ltr'><strong>Diocletiano,</strong></span> <span class='ocrx_word' id='word_1_396' title='bbox 2651 2910 2754 2953; x_wconf 88' lang='lat' dir='ltr'><strong>art.</strong></span> <span class='ocrx_word' id='word_1_397' title='bbox 2793 2902 2845 2962; x_wconf 86' lang='lat'><strong>9,</strong></span> <span class='ocrx_word' id='word_1_398' title='bbox 2883 2916 3004 2969; x_wconf 81' lang='lat' dir='ltr'><strong>pag.</strong></span> <span class='ocrx_word' id='word_1_399' title='bbox 3036 2900 3125 2952; x_wconf 69' lang='lat'><strong>‘31.</strong></span> <span class='ocrx_word' id='word_1_400' title='bbox 3182 2899 3318 2964; x_wconf 85' lang='lat' dir='ltr'><strong>Quia</strong></span> <span class='ocrx_word' id='word_1_401' title='bbox 3352 2914 3484 2952; x_wconf 78' lang='lat' dir='ltr'><strong>vero</strong></span> <span class='ocrx_word' id='word_1_402' title='bbox 3521 2881 3689 2966; x_wconf 79' lang='lat' dir='ltr'><strong>plane</strong></span> <span class='ocrx_word' id='word_1_403' title='bbox 3753 2913 3845 2952; x_wconf 83' lang='lat' dir='ltr'><strong>su-</strong></span> 
     </span>
    </p>
   </div>
   <div class='ocr_carea' id='block_1_58' title="bbox 2246 2996 3841 3063">
    <p class='ocr_par' dir='ltr' id='par_1_58' title="bbox 2246 2996 3841 3063">
     <span class='ocr_line' id='line_1_58' title="bbox 2246 2996 3841 3063; baseline 0.002 -18"><span class='ocrx_word' id='word_1_404' title='bbox 2246 3010 2644 3063; x_wconf 65' lang='lat' dir='ltr'><strong>peri-aeaneum</strong></span> <span class='ocrx_word' id='word_1_405' title='bbox 2701 2996 2900 3060; x_wconf 83' lang='lat' dir='ltr'><strong>judico,</strong></span> <span class='ocrx_word' id='word_1_406' title='bbox 2985 2997 3308 3051; x_wconf 84' lang='lat' dir='ltr'><strong>alterutrum</strong></span> <span class='ocrx_word' id='word_1_407' title='bbox 3365 2997 3663 3056; x_wconf 78' lang='lat' dir='ltr'><strong>eduobus,</strong></span> <span class='ocrx_word' id='word_1_408' title='bbox 3718 3009 3841 3062; x_wconf 64' lang='lat' dir='ltr'><strong>qua:</strong></span> 
     </span>
    </p>
   </div>
   <div class='ocr_carea' id='block_1_59' title="bbox 2248 3084 3831 3157">
    <p class='ocr_par' dir='ltr' id='par_1_59' title="bbox 2248 3084 3831 3157">
     <span class='ocr_line' id='line_1_59' title="bbox 2248 3084 3831 3157; baseline 0.004 -21"><span class='ocrx_word' id='word_1_409' title='bbox 2248 3084 2388 3151; x_wconf 89' lang='lat' dir='ltr'><strong>apud</strong></span> <span class='ocrx_word' id='word_1_410' title='bbox 2424 3099 2507 3135; x_wconf 90' lang='lat' dir='ltr'><strong>me</strong></span> <span class='ocrx_word' id='word_1_411' title='bbox 2537 3093 2683 3147; x_wconf 84' lang='lat' dir='ltr'><strong>sntit,</strong></span> <span class='ocrx_word' id='word_1_412' title='bbox 2713 3085 3346 3153; x_wconf 73' lang='lat' dir='ltr'><strong>Gra‘cisexcniplaribus</strong></span> <span class='ocrx_word' id='word_1_413' title='bbox 3375 3103 3541 3157; x_wconf 81' lang='lat' dir='ltr'><strong>supra</strong></span> <span class='ocrx_word' id='word_1_414' title='bbox 3570 3087 3831 3143; x_wconf 75' lang='lat' dir='ltr'><strong>indicatis</strong></span> 
     </span>
    </p>
   </div>
   <div class='ocr_carea' id='block_1_60' title="bbox 2251 3173 3251 3240">
    <p class='ocr_par' dir='ltr' id='par_1_60' title="bbox 2251 3173 3251 3240">
     <span class='ocr_line' id='line_1_60' title="bbox 2251 3173 3251 3240; baseline 0.006 -13"><span class='ocrx_word' id='word_1_415' title='bbox 2251 3173 2303 3227; x_wconf 91' lang='lat' dir='ltr'><strong>in</strong></span> <span class='ocrx_word' id='word_1_416' title='bbox 2349 3173 2598 3228; x_wconf 79' lang='lat' dir='ltr'><strong>Latinum</strong></span> <span class='ocrx_word' id='word_1_417' title='bbox 2624 3189 2962 3240; x_wconf 83' lang='lat' dir='ltr'><strong>convertere,</strong></span> <span class='ocrx_word' id='word_1_418' title='bbox 2995 3179 3251 3233; x_wconf 75' lang='lat' dir='ltr'><strong>exhibeo.</strong></span> 
     </span>
    </p>
   </div>
   <div class='ocr_carea' id='block_1_61' title="bbox 1535 3348 3819 3384">
    <p class='ocr_par' dir='ltr' id='par_1_61' title="bbox 1535 3348 3819 3384">
     <span class='ocr_line' id='line_1_61' title="bbox 1535 3348 3819 3384; baseline 0.001 -4"><span class='ocrx_word' id='word_1_419' title='bbox 1535 3348 3819 3384; x_wconf 59' lang='lat' dir='ltr'><strong>mm</strong></span> 
     </span>
    </p>
   </div>
   <div class='ocr_carea' id='block_1_62' title="bbox 571 3348 2294 3382">
    <p class='ocr_par' dir='ltr' id='par_1_62' title="bbox 571 3348 2294 3382">
     <span class='ocr_line' id='line_1_62' title="bbox 571 3348 2294 3382; baseline -0.002 0"><span class='ocrx_word' id='word_1_420' title='bbox 571 3348 2294 3382; x_wconf 50' lang='grc' dir='ltr'><strong>Μ</strong></span> 
     </span>
    </p>
   </div>
   <div class='ocr_carea' id='block_1_63' title="bbox 2302 3369 2500 3379">
    <p class='ocr_par' dir='ltr' id='par_1_63' title="bbox 2302 3369 2500 3379">
     <span class='ocr_line' id='line_1_63' title="bbox 2302 3369 2500 3379; baseline 0.01 -1"><span class='ocrx_word' id='word_1_421' title='bbox 2302 3369 2500 3379; x_wconf 68' lang='lat'><strong>—————-—</strong></span> 
     </span>
    </p>
   </div>
   <div class='ocr_carea' id='block_1_64' title="bbox 846 3504 3549 3638">
    <p class='ocr_par' dir='ltr' id='par_1_64' title="bbox 846 3504 3549 3638">
     <span class='ocr_line' id='line_1_64' title="bbox 846 3504 3549 3638; baseline -0.001 0"><span class='ocrx_word' id='word_1_422' title='bbox 846 3504 1726 3638; x_wconf 87' lang='grc' dir='ltr'><strong>ΜΑΡΤΥΡΙΟΝ</strong></span> <span class='ocrx_word' id='word_1_423' title='bbox 1853 3519 2160 3636; x_wconf 87' lang='grc' dir='ltr'>ΤΟΥ</span> <span class='ocrx_word' id='word_1_424' title='bbox 2270 3520 2737 3636; x_wconf 87' lang='grc' dir='ltr'>ΑΓΙΟΥ</span> <span class='ocrx_word' id='word_1_425' title='bbox 2849 3519 3549 3636; x_wconf 84' lang='grc' dir='ltr'><strong>ΑΝΔΡΕΟΥ</strong></span> 
     </span>
    </p>
   </div>
   <div class='ocr_carea' id='block_1_65' title="bbox 1647 3743 2762 3832">
    <p class='ocr_par' dir='ltr' id='par_1_65' title="bbox 1647 3743 2762 3832">
     <span class='ocr_line' id='line_1_65' title="bbox 1647 3743 2762 3832; baseline -0.002 -2"><span class='ocrx_word' id='word_1_426' title='bbox 1647 3747 1876 3832; x_wconf 88' lang='grc' dir='ltr'><strong>ΤΟΥ</strong></span> <span class='ocrx_word' id='word_1_427' title='bbox 1953 3743 2762 3831; x_wconf 80' lang='grc' dir='ltr'><strong>ΣΤΡΛΤΙΙΛΑΤΟΥ</strong></span> 
     </span>
    </p>
   </div>
   <div class='ocr_carea' id='block_1_66' title="bbox 1831 3936 2136 3991">
    <p class='ocr_par' dir='ltr' id='par_1_66' title="bbox 1831 3936 2136 3991">
     <span class='ocr_line' id='line_1_66' title="bbox 1831 3936 2136 3991; baseline 0.01 -3"><span class='ocrx_word' id='word_1_428' title='bbox 1831 3938 1948 3988; x_wconf 79' lang='lat' dir='ltr'><strong>KAI</strong></span> <span class='ocrx_word' id='word_1_429' title='bbox 2000 3936 2136 3991; x_wconf 87' lang='grc' dir='ltr'><strong>ΤΩΝ</strong></span> 
     </span>
    </p>
   </div>
   <div class='ocr_carea' id='block_1_67' title="bbox 2195 3933 2584 3988">
    <p class='ocr_par' dir='ltr' id='par_1_67' title="bbox 2195 3933 2584 3988">
     <span class='ocr_line' id='line_1_67' title="bbox 2195 3933 2584 3988; baseline 0.01 -4"><span class='ocrx_word' id='word_1_430' title='bbox 2195 3933 2332 3986; x_wconf 79' lang='grc' dir='ltr'><strong>ΣΥΝ</strong></span> <span class='ocrx_word' id='word_1_431' title='bbox 2383 3934 2584 3988; x_wconf 76' lang='grc' dir='ltr'><strong>ΑΥΤΩ.</strong></span> 
     </span>
    </p>
   </div>
   <div class='ocr_carea' id='block_1_68' title="bbox 568 4304 3834 4468">
    <p class='ocr_par' dir='ltr' id='par_1_68' title="bbox 568 4304 3834 4468">
     <span class='ocr_line' id='line_1_68' title="bbox 568 4304 3834 4468; baseline -0.004 -3"><span class='ocrx_word' id='word_1_432' title='bbox 568 4313 1731 4468; x_wconf 82' lang='lat' dir='ltr'><strong>MARTYRIUM</strong></span> <span class='ocrx_word' id='word_1_433' title='bbox 1851 4311 2009 4466; x_wconf 87' lang='lat' dir='ltr'><strong>S.</strong></span> <span class='ocrx_word' id='word_1_434' title='bbox 2111 4308 2942 4464; x_wconf 72' lang='lat' dir='ltr'><strong>ANDRE/E</strong></span> <span class='ocrx_word' id='word_1_435' title='bbox 3037 4304 3834 4462; x_wconf 82' lang='lat' dir='ltr'><strong>TRIBUNI</strong></span> 
     </span>
    </p>
   </div>
   <div class='ocr_carea' id='block_1_69' title="bbox 1688 4632 2721 4755">
    <p class='ocr_par' dir='ltr' id='par_1_69' title="bbox 1688 4632 2721 4755">
     <span class='ocr_line' id='line_1_69' title="bbox 1688 4632 2721 4755; baseline -0.011 0"><span class='ocrx_word' id='word_1_436' title='bbox 1688 4637 1866 4755; x_wconf 83' lang='lat' dir='ltr'><strong>ET</strong></span> <span class='ocrx_word' id='word_1_437' title='bbox 1951 4632 2721 4746; x_wconf 81' lang='lat' dir='ltr'><strong>SOCIORUM.</strong></span> 
     </span>
    </p>
   </div>
   <div class='ocr_carea' id='block_1_70' title="bbox 1294 4854 3146 4922">
    <p class='ocr_par' dir='ltr' id='par_1_70' title="bbox 1294 4854 3146 4922">
     <span class='ocr_line' id='line_1_70' title="bbox 1294 4854 3146 4922; baseline -0.002 -12"><span class='ocrx_word' id='word_1_438' title='bbox 1294 4859 1487 4922; x_wconf 70' lang='lat' dir='ltr'><strong>(Graece</strong></span> <span class='ocrx_word' id='word_1_439' title='bbox 1508 4872 1640 4908; x_wconf 88' lang='lat' dir='ltr'><strong>nunc</strong></span> <span class='ocrx_word' id='word_1_440' title='bbox 1668 4859 1878 4920; x_wconf 87' lang='lat' dir='ltr'><strong>primum</strong></span> <span class='ocrx_word' id='word_1_441' title='bbox 1907 4860 2077 4907; x_wconf 88' lang='lat' dir='ltr'><strong>editur</strong></span> <span class='ocrx_word' id='word_1_442' title='bbox 2101 4871 2162 4907; x_wconf 80' lang='lat' dir='ltr'><strong>ex</strong></span> <span class='ocrx_word' id='word_1_443' title='bbox 2193 4858 2302 4908; x_wconf 87' lang='lat' dir='ltr'><strong>cod.</strong></span> <span class='ocrx_word' id='word_1_444' title='bbox 2331 4870 2422 4909; x_wconf 89' lang='lat' dir='ltr'><strong>ms.</strong></span> <span class='ocrx_word' id='word_1_445' title='bbox 2455 4854 2638 4917; x_wconf 86' lang='lat' dir='ltr'><strong>Paris.,</strong></span> <span class='ocrx_word' id='word_1_446' title='bbox 2663 4871 2712 4907; x_wconf 82' lang='grc' dir='ltr'><strong>η.</strong></span> <span class='ocrx_word' id='word_1_447' title='bbox 2738 4855 2850 4916; x_wconf 73' lang='grc'><strong>548,</strong></span> <span class='ocrx_word' id='word_1_448' title='bbox 2884 4869 2998 4908; x_wconf 64' lang='lat' dir='ltr'><strong>sec.</strong></span> <span class='ocrx_word' id='word_1_449' title='bbox 3033 4855 3146 4920; x_wconf 80' lang='lat' dir='ltr'><strong>xu.)</strong></span> 
     </span>
    </p>
   </div>
   <div class='ocr_carea' id='block_1_71' title="bbox 636 5181 2144 5264">
    <p class='ocr_par' dir='ltr' id='par_1_71' title="bbox 636 5191 2139 5264">
     <span class='ocr_line' id='line_1_71' title="bbox 636 5191 2139 5264; baseline -0.003 -14"><span class='ocrx_word' id='word_1_450' title='bbox 636 5195 679 5250; x_wconf 92' lang='lat' dir='ltr'><strong>l.</strong></span> <span class='ocrx_word' id='word_1_451' title='bbox 710 5191 1050 5264; x_wconf 84' lang='lat' dir='ltr'><strong>Imperatore</strong></span> <span class='ocrx_word' id='word_1_452' title='bbox 1090 5193 1452 5259; x_wconf 84' lang='lat' dir='ltr'><strong>Maximiano,</strong></span> <span class='ocrx_word' id='word_1_453' title='bbox 1488 5192 1708 5248; x_wconf 90' lang='lat' dir='ltr'><strong>homine</strong></span> <span class='ocrx_word' id='word_1_454' title='bbox 1740 5193 1897 5249; x_wconf 83' lang='lat' dir='ltr'><strong>valde</strong></span> <span class='ocrx_word' id='word_1_455' title='bbox 1949 5191 2139 5260; x_wconf 89' lang='lat' dir='ltr'><strong>impio,</strong></span> 
     </span>
    </p>
   </div>
   <div class='ocr_carea' id='block_1_72' title="bbox 2253 5181 3835 5264">
    <p class='ocr_par' dir='ltr' id='par_1_72' title="bbox 2318 5181 3835 5260">
     <span class='ocr_line' id='line_1_72' title="bbox 2318 5181 3835 5260; baseline -0.008 -14"><span class='ocrx_word' id='word_1_456' title='bbox 2318 5194 2399 5246; x_wconf 88' lang='lat' dir='ltr'><strong>A&#39;.</strong></span> <span class='ocrx_word' id='word_1_457' title='bbox 2421 5191 2512 5245; x_wconf 79' lang='grc' dir='ltr'>Ἐν</span> <span class='ocrx_word' id='word_1_458' title='bbox 2533 5193 2644 5252; x_wconf 74' lang='grc' dir='ltr'><strong>τοῖς</strong></span> <span class='ocrx_word' id='word_1_459' title='bbox 2672 5188 2887 5260; x_wconf 80' lang='grc' dir='ltr'>χρόνοις</span> <span class='ocrx_word' id='word_1_460' title='bbox 2907 5185 3008 5255; x_wconf 77' lang='grc' dir='ltr'><strong>τῆς</strong></span> <span class='ocrx_word' id='word_1_461' title='bbox 3028 5186 3123 5238; x_wconf 82' lang='grc' dir='ltr'><strong>τοῦ</strong></span> <span class='ocrx_word' id='word_1_462' title='bbox 3150 5181 3516 5238; x_wconf 74' lang='grc' dir='ltr'><strong>ἀσεϐεστάτσυ</strong></span> <span class='ocrx_word' id='word_1_463' title='bbox 3548 5182 3835 5251; x_wconf 66' lang='grc' dir='ltr'><strong>Μαξιμισ-</strong></span> 
     </span>
    </p>
   </div>
   <div class='ocr_carea' id='block_1_73' title="bbox 563 5284 2145 5356">
    <p class='ocr_par' dir='ltr' id='par_1_73' title="bbox 563 5284 2145 5356">
     <span class='ocr_line' id='line_1_73' title="bbox 563 5284 2145 5356; baseline -0.001 -16"><span class='ocrx_word' id='word_1_464' title='bbox 563 5285 874 5356; x_wconf 85' lang='lat' dir='ltr'><strong>persecutio</strong></span> <span class='ocrx_word' id='word_1_465' title='bbox 907 5284 1156 5354; x_wconf 76' lang='lat' dir='ltr'><strong>quaedam</strong></span> <span class='ocrx_word' id='word_1_466' title='bbox 1181 5301 1377 5355; x_wconf 75' lang='lat' dir='ltr'><strong>magna</strong></span> <span class='ocrx_word' id='word_1_467' title='bbox 1409 5299 1599 5343; x_wconf 86' lang='lat' dir='ltr'><strong>contra</strong></span> <span class='ocrx_word' id='word_1_468' title='bbox 1629 5287 1971 5341; x_wconf 87' lang='lat' dir='ltr'><strong>Christianos</strong></span> <span class='ocrx_word' id='word_1_469' title='bbox 1993 5302 2145 5341; x_wconf 81' lang='lat' dir='ltr'><strong>com-</strong></span> 
     </span>
    </p>
   </div>
   <div class='ocr_carea' id='block_1_74' title="bbox 563 5378 2140 5447">
    <p class='ocr_par' dir='ltr' id='par_1_74' title="bbox 563 5378 2140 5447">
     <span class='ocr_line' id='line_1_74' title="bbox 563 5378 2140 5447; baseline -0.001 -14"><span class='ocrx_word' id='word_1_470' title='bbox 563 5390 710 5433; x_wconf 87' lang='lat' dir='ltr'><strong>mota</strong></span> <span class='ocrx_word' id='word_1_471' title='bbox 741 5388 845 5440; x_wconf 88' lang='lat' dir='ltr'><strong>est,</strong></span> <span class='ocrx_word' id='word_1_472' title='bbox 909 5378 1186 5447; x_wconf 66' lang='lat' dir='ltr'><strong>praecipue</strong></span> <span class='ocrx_word' id='word_1_473' title='bbox 1231 5385 1418 5432; x_wconf 90' lang='lat' dir='ltr'><strong>autem</strong></span> <span class='ocrx_word' id='word_1_474' title='bbox 1476 5378 1527 5431; x_wconf 92' lang='lat' dir='ltr'><strong>in</strong></span> <span class='ocrx_word' id='word_1_475' title='bbox 1576 5378 1891 5447; x_wconf 80' lang='lat' dir='ltr'><strong>regionibus</strong></span> <span class='ocrx_word' id='word_1_476' title='bbox 1948 5378 2140 5447; x_wconf 53' lang='lat' dir='ltr'><strong>Syrte.</strong></span> 
     </span>
    </p>
   </div>
   <div class='ocr_carea' id='block_1_75' title="bbox 563 5470 2145 5540">
    <p class='ocr_par' dir='ltr' id='par_1_75' title="bbox 563 5470 2145 5540">
     <span class='ocr_line' id='line_1_75' title="bbox 563 5470 2145 5540; baseline -0.002 -12"><span class='ocrx_word' id='word_1_477' title='bbox 563 5475 694 5528; x_wconf 74' lang='lat' dir='ltr'><strong>Erat</strong></span> <span class='ocrx_word' id='word_1_478' title='bbox 733 5481 979 5539; x_wconf 78' lang='lat' dir='ltr'><strong>tempore</strong></span> <span class='ocrx_word' id='word_1_479' title='bbox 1012 5470 1101 5526; x_wconf 92' lang='lat' dir='ltr'><strong>illo</strong></span> <span class='ocrx_word' id='word_1_480' title='bbox 1130 5470 1436 5526; x_wconf 85' lang='lat' dir='ltr'><strong>Antiochus</strong></span> <span class='ocrx_word' id='word_1_481' title='bbox 1466 5472 1708 5540; x_wconf 88' lang='lat' dir='ltr'><strong>quidam,</strong></span> <span class='ocrx_word' id='word_1_482' title='bbox 1767 5471 2145 5538; x_wconf 88' lang='lat' dir='ltr'><strong>superstitioni</strong></span> 
     </span>
    </p>
   </div>
   <div class='ocr_carea' id='block_1_76' title="bbox 563 5562 2147 5634">
    <p class='ocr_par' dir='ltr' id='par_1_76' title="bbox 563 5562 2147 5634">
     <span class='ocr_line' id='line_1_76' title="bbox 563 5562 2147 5634; baseline -0.002 -17"><span class='ocrx_word' id='word_1_483' title='bbox 563 5563 858 5634; x_wconf 86' lang='lat' dir='ltr'><strong>plurimum</strong></span> <span class='ocrx_word' id='word_1_484' title='bbox 893 5562 1131 5627; x_wconf 84' lang='lat' dir='ltr'><strong>deditus,</strong></span> <span class='ocrx_word' id='word_1_485' title='bbox 1170 5564 1436 5618; x_wconf 86' lang='lat' dir='ltr'><strong>militares</strong></span> <span class='ocrx_word' id='word_1_486' title='bbox 1494 5565 1715 5618; x_wconf 86' lang='lat' dir='ltr'><strong>ordines</strong></span> <span class='ocrx_word' id='word_1_487' title='bbox 1767 5565 1870 5616; x_wconf 82' lang='lat' dir='ltr'><strong>sub</strong></span> <span class='ocrx_word' id='word_1_488' title='bbox 1916 5565 2147 5632; x_wconf 88' lang='lat' dir='ltr'><strong>imperio</strong></span> 
     </span>
    </p>
   </div>
   <div class='ocr_carea' id='block_1_77' title="bbox 562 5653 2147 5724">
    <p class='ocr_par' dir='ltr' id='par_1_77' title="bbox 562 5653 2147 5724">
     <span class='ocr_line' id='line_1_77' title="bbox 562 5653 2147 5724; baseline 0.001 -18"><span class='ocrx_word' id='word_1_489' title='bbox 562 5666 664 5706; x_wconf 81' lang='lat' dir='ltr'><strong>suo</strong></span> <span class='ocrx_word' id='word_1_490' title='bbox 697 5668 890 5722; x_wconf 74' lang='lat' dir='ltr'><strong>regens</strong></span> <span class='ocrx_word' id='word_1_491' title='bbox 927 5670 941 5707; x_wconf 92' lang='lat'>:</span> <span class='ocrx_word' id='word_1_492' title='bbox 990 5653 1084 5721; x_wconf 90' lang='lat' dir='ltr'><strong>qui</strong></span> <span class='ocrx_word' id='word_1_493' title='bbox 1120 5666 1342 5724; x_wconf 90' lang='lat' dir='ltr'><strong>propter</strong></span> <span class='ocrx_word' id='word_1_494' title='bbox 1377 5655 1648 5709; x_wconf 88' lang='lat' dir='ltr'><strong>idolorum</strong></span> <span class='ocrx_word' id='word_1_495' title='bbox 1688 5655 1982 5719; x_wconf 86' lang='lat' dir='ltr'><strong>insaniam,</strong></span> <span class='ocrx_word' id='word_1_496' title='bbox 2012 5671 2147 5708; x_wconf 86' lang='lat' dir='ltr'><strong>con-</strong></span> 
     </span>
    </p>
   </div>
   <div class='ocr_carea' id='block_1_78' title="bbox 561 5743 2146 5815">
    <p class='ocr_par' dir='ltr' id='par_1_78' title="bbox 561 5743 2146 5815">
     <span class='ocr_line' id='line_1_78' title="bbox 561 5743 2146 5815; baseline 0.001 -19"><span class='ocrx_word' id='word_1_497' title='bbox 561 5753 644 5800; x_wconf 86' lang='lat' dir='ltr'><strong>tra</strong></span> <span class='ocrx_word' id='word_1_498' title='bbox 678 5743 797 5814; x_wconf 85' lang='lat' dir='ltr'><strong>pios</strong></span> <span class='ocrx_word' id='word_1_499' title='bbox 826 5744 1078 5800; x_wconf 84' lang='lat' dir='ltr'><strong>homines</strong></span> <span class='ocrx_word' id='word_1_500' title='bbox 1108 5745 1352 5801; x_wconf 81' lang='lat' dir='ltr'><strong>furorem</strong></span> <span class='ocrx_word' id='word_1_501' title='bbox 1383 5763 1565 5801; x_wconf 87' lang='lat' dir='ltr'><strong>acrem</strong></span> <span class='ocrx_word' id='word_1_502' title='bbox 1613 5749 1878 5815; x_wconf 90' lang='lat' dir='ltr'><strong>spirabat.</strong></span> <span class='ocrx_word' id='word_1_503' title='bbox 1939 5746 2054 5801; x_wconf 89' lang='lat' dir='ltr'><strong>Sub</strong></span> <span class='ocrx_word' id='word_1_504' title='bbox 2084 5760 2146 5802; x_wconf 87' lang='lat' dir='ltr'><strong>eo</strong></span> 
     </span>
    </p>
   </div>
   <div class='ocr_carea' id='block_1_79' title="bbox 563 5835 2142 5906">
    <p class='ocr_par' dir='ltr' id='par_1_79' title="bbox 563 5835 2142 5906">
     <span class='ocr_line' id='line_1_79' title="bbox 563 5835 2142 5906; baseline 0.003 -18"><span class='ocrx_word' id='word_1_505' title='bbox 563 5835 701 5903; x_wconf 78' lang='lat' dir='ltr'><strong>viro,</strong></span> <span class='ocrx_word' id='word_1_506' title='bbox 734 5852 895 5906; x_wconf 86' lang='lat' dir='ltr'><strong>quem</strong></span> <span class='ocrx_word' id='word_1_507' title='bbox 931 5839 1258 5895; x_wconf 81' lang='lat' dir='ltr'><strong>Antiochum</strong></span> <span class='ocrx_word' id='word_1_508' title='bbox 1301 5841 1926 5905; x_wconf 61' lang='lat' dir='ltr'><strong>nominatumdiximus,</strong></span> <span class='ocrx_word' id='word_1_509' title='bbox 1984 5840 2142 5893; x_wconf 88' lang='lat' dir='ltr'><strong>multi</strong></span> 
     </span>
    </p>
   </div>
   <div class='ocr_carea' id='block_1_80' title="bbox 2253 5273 3838 5353">
    <p class='ocr_par' dir='ltr' id='par_1_80' title="bbox 2253 5273 3838 5353">
     <span class='ocr_line' id='line_1_80' title="bbox 2253 5273 3838 5353; baseline -0.007 -15"><span class='ocrx_word' id='word_1_510' title='bbox 2253 5286 2344 5338; x_wconf 76' lang='grc' dir='ltr'><strong>νοῦ</strong></span> <span class='ocrx_word' id='word_1_511' title='bbox 2369 5283 2664 5353; x_wconf 70' lang='grc' dir='ltr'><strong>βασιλείας.</strong></span> <span class='ocrx_word' id='word_1_512' title='bbox 2688 5283 2924 5349; x_wconf 73' lang='grc' dir='ltr'><strong>διωγμός</strong></span> <span class='ocrx_word' id='word_1_513' title='bbox 2952 5279 3094 5331; x_wconf 81' lang='grc' dir='ltr'><strong>κατὰ</strong></span> <span class='ocrx_word' id='word_1_514' title='bbox 3119 5278 3228 5329; x_wconf 73' lang='grc' dir='ltr'><strong>τῶν</strong></span> <span class='ocrx_word' id='word_1_515' title='bbox 3250 5273 3597 5341; x_wconf 81' lang='grc' dir='ltr'><strong>Χριστιανῶν</strong></span> <span class='ocrx_word' id='word_1_516' title='bbox 3618 5279 3838 5342; x_wconf 77' lang='grc' dir='ltr'><strong>ἐγένετο</strong></span> 
     </span>
    </p>
   </div>
   <div class='ocr_carea' id='block_1_81' title="bbox 2257 5365 3836 5445">
    <p class='ocr_par' dir='ltr' id='par_1_81' title="bbox 2257 5365 3836 5445">
     <span class='ocr_line' id='line_1_81' title="bbox 2257 5365 3836 5445; baseline -0.006 -18"><span class='ocrx_word' id='word_1_517' title='bbox 2257 5375 2450 5445; x_wconf 77' lang='grc' dir='ltr'><strong>μέγας,</strong></span> <span class='ocrx_word' id='word_1_518' title='bbox 2485 5375 2577 5426; x_wconf 68' lang='grc' dir='ltr'>καὶ</span> <span class='ocrx_word' id='word_1_519' title='bbox 2606 5374 2838 5440; x_wconf 77' lang='grc' dir='ltr'><strong>μάλιστα</strong></span> <span class='ocrx_word' id='word_1_520' title='bbox 2861 5374 2916 5422; x_wconf 77' lang='grc' dir='ltr'>ἐν</span> <span class='ocrx_word' id='word_1_521' title='bbox 2938 5373 3047 5433; x_wconf 77' lang='grc' dir='ltr'><strong>τοῖς</strong></span> <span class='ocrx_word' id='word_1_522' title='bbox 3083 5369 3272 5438; x_wconf 73' lang='grc' dir='ltr'><strong>μέρεσι</strong></span> <span class='ocrx_word' id='word_1_523' title='bbox 3296 5365 3393 5433; x_wconf 81' lang='grc' dir='ltr'><strong>τῆς</strong></span> <span class='ocrx_word' id='word_1_524' title='bbox 3421 5366 3646 5434; x_wconf 76' lang='grc' dir='ltr'><strong>Συρίας.</strong></span> <span class='ocrx_word' id='word_1_525' title='bbox 3685 5365 3836 5436; x_wconf 66' lang='lat' dir='ltr'><strong>[iisz</strong></span> 
     </span>
    </p>
   </div>
   <div class='ocr_carea' id='block_1_82' title="bbox 2252 5459 3835 5535">
    <p class='ocr_par' dir='ltr' id='par_1_82' title="bbox 2252 5459 3835 5535">
     <span class='ocr_line' id='line_1_82' title="bbox 2252 5459 3835 5535; baseline 0.002 -15"><span class='ocrx_word' id='word_1_526' title='bbox 2252 5468 2309 5520; x_wconf 75' lang='grc' dir='ltr'><strong>δὲ</strong></span> <span class='ocrx_word' id='word_1_527' title='bbox 2342 5470 2461 5519; x_wconf 76' lang='grc' dir='ltr'><strong>τότε</strong></span> <span class='ocrx_word' id='word_1_528' title='bbox 2500 5468 2597 5533; x_wconf 75' lang='grc' dir='ltr'><strong>τῆς</strong></span> <span class='ocrx_word' id='word_1_529' title='bbox 2639 5466 2816 5518; x_wconf 78' lang='grc' dir='ltr'>ἐκεῖσε</span> <span class='ocrx_word' id='word_1_530' title='bbox 2859 5463 3235 5535; x_wconf 74' lang='grc' dir='ltr'><strong>στρατηγικῆς</strong></span> <span class='ocrx_word' id='word_1_531' title='bbox 3270 5459 3477 5524; x_wconf 78' lang='grc' dir='ltr'><strong>τάξεως</strong></span> <span class='ocrx_word' id='word_1_532' title='bbox 3512 5461 3614 5528; x_wconf 69' lang='grc' dir='ltr'><strong>τὴν</strong></span> <span class='ocrx_word' id='word_1_533' title='bbox 3666 5462 3835 5529; x_wconf 75' lang='grc' dir='ltr'><strong>ἀρχὴν</strong></span> 
     </span>
    </p>
   </div>
   <div class='ocr_carea' id='block_1_83' title="bbox 2270 5553 3836 5628">
    <p class='ocr_par' dir='ltr' id='par_1_83' title="bbox 2270 5553 3836 5628">
     <span class='ocr_line' id='line_1_83' title="bbox 2270 5553 3836 5628; baseline -0.005 -13"><span class='ocrx_word' id='word_1_534' title='bbox 2270 5561 2535 5628; x_wconf 72' lang='grc' dir='ltr'><strong>Ἀντίοχος</strong></span> <span class='ocrx_word' id='word_1_535' title='bbox 2560 5559 2906 5625; x_wconf 75' lang='grc' dir='ltr'><strong>δεισιδιῐμων</strong></span> <span class='ocrx_word' id='word_1_536' title='bbox 2933 5574 3037 5617; x_wconf 70' lang='grc' dir='ltr'><strong>τις,</strong></span> <span class='ocrx_word' id='word_1_537' title='bbox 3068 5557 3160 5608; x_wconf 78' lang='grc' dir='ltr'>καὶ</span> <span class='ocrx_word' id='word_1_538' title='bbox 3186 5555 3414 5626; x_wconf 73' lang='grc' dir='ltr'>σφοδρὸν</span> <span class='ocrx_word' id='word_1_539' title='bbox 3441 5553 3552 5604; x_wconf 68' lang='grc' dir='ltr'><strong>τῶν</strong></span> <span class='ocrx_word' id='word_1_540' title='bbox 3570 5553 3715 5624; x_wconf 76' lang='grc' dir='ltr'><strong>ὑπὲρ</strong></span> <span class='ocrx_word' id='word_1_541' title='bbox 3744 5556 3836 5618; x_wconf 68' lang='grc' dir='ltr'><strong>τῆς</strong></span> 
     </span>
    </p>
   </div>
   <div class='ocr_carea' id='block_1_84' title="bbox 2256 5647 3833 5720">
    <p class='ocr_par' dir='ltr' id='par_1_84' title="bbox 2256 5647 3833 5720">
     <span class='ocr_line' id='line_1_84' title="bbox 2256 5647 3833 5720; baseline -0.004 -13"><span class='ocrx_word' id='word_1_542' title='bbox 2256 5652 2648 5720; x_wconf 69' lang='grc' dir='ltr'><strong>εζὸωλομανίας</strong></span> <span class='ocrx_word' id='word_1_543' title='bbox 2690 5652 2828 5704; x_wconf 77' lang='grc' dir='ltr'><strong>κατὰ</strong></span> <span class='ocrx_word' id='word_1_544' title='bbox 2867 5651 2976 5702; x_wconf 78' lang='grc' dir='ltr'><strong>τῶν</strong></span> <span class='ocrx_word' id='word_1_545' title='bbox 3012 5649 3382 5702; x_wconf 61' lang='grc' dir='ltr'><strong>εὐσεϐούντων</strong></span> <span class='ocrx_word' id='word_1_546' title='bbox 3429 5647 3606 5700; x_wconf 62' lang='lat' dir='ltr'><strong>mit-iv</strong></span> <span class='ocrx_word' id='word_1_547' title='bbox 3646 5647 3833 5715; x_wconf 73' lang='grc' dir='ltr'><strong>θυμόν.</strong></span> 
     </span>
    </p>
   </div>
   <div class='ocr_carea' id='block_1_85' title="bbox 2269 5740 3833 5812">
    <p class='ocr_par' dir='ltr' id='par_1_85' title="bbox 2269 5740 3833 5812">
     <span class='ocr_line' id='line_1_85' title="bbox 2269 5740 3833 5812; baseline -0.006 -12"><span class='ocrx_word' id='word_1_548' title='bbox 2269 5747 2404 5800; x_wconf 78' lang='grc' dir='ltr'><strong>Ὑπὸ</strong></span> <span class='ocrx_word' id='word_1_549' title='bbox 2439 5745 2626 5799; x_wconf 77' lang='grc' dir='ltr'><strong>τοῦτον</strong></span> <span class='ocrx_word' id='word_1_550' title='bbox 2659 5740 2752 5798; x_wconf 76' lang='grc' dir='ltr'>οὖν</span> <span class='ocrx_word' id='word_1_551' title='bbox 2792 5745 2882 5796; x_wconf 77' lang='grc' dir='ltr'><strong>τὸν</strong></span> <span class='ocrx_word' id='word_1_552' title='bbox 2931 5744 3201 5812; x_wconf 73' lang='grc' dir='ltr'><strong>Ἀντίοχον</strong></span> <span class='ocrx_word' id='word_1_553' title='bbox 3241 5742 3424 5796; x_wconf 75' lang='grc' dir='ltr'>πολλοὶ</span> <span class='ocrx_word' id='word_1_554' title='bbox 3462 5742 3833 5811; x_wconf 70' lang='grc' dir='ltr'><strong>στρατηλάται</strong></span> 
     </span>
    </p>
   </div>
   <div class='ocr_carea' id='block_1_86' title="bbox 2253 5836 3831 5913">
    <p class='ocr_par' dir='ltr' id='par_1_86' title="bbox 2253 5836 3831 5913">
     <span class='ocr_line' id='line_1_86' title="bbox 2253 5836 3831 5913; baseline -0.003 -22"><span class='ocrx_word' id='word_1_555' title='bbox 2253 5841 2345 5913; x_wconf 72' lang='grc' dir='ltr'><strong>τῆς</strong></span> <span class='ocrx_word' id='word_1_556' title='bbox 2391 5839 2559 5908; x_wconf 72' lang='grc' dir='ltr'><strong>αὐτῆς</strong></span> <span class='ocrx_word' id='word_1_557' title='bbox 2603 5839 3038 5908; x_wconf 68' lang='grc' dir='ltr'><strong>συμμετέχοντες</strong></span> <span class='ocrx_word' id='word_1_558' title='bbox 3091 5839 3302 5909; x_wconf 69' lang='grc' dir='ltr'>πλάνης</span> <span class='ocrx_word' id='word_1_559' title='bbox 3350 5836 3663 5890; x_wconf 67' lang='grc' dir='ltr'><strong>ἐτάττοντο.</strong></span> <span class='ocrx_word' id='word_1_560' title='bbox 3715 5836 3831 5887; x_wconf 73' lang='grc' dir='ltr'><strong>Ἀνὰ</strong></span> 
     </span>
    </p>
   </div>
  </div>
