3970 6444
539 356 638 422 611

1766 362 2050 424 ΜΕΝὲῐὸ
2092 362 2571 425 SEPTEMBER.

3696 360 3808 424 612

540 472 813 528 sociorum
852 469 997 523 mille
1036 478 1254 523 centum
1297 478 1352 524 et
1382 480 1638 539 quatuor,
1679 472 1767 539 qui
1796 471 2120 540 abjicientes
2152 479 2194 533 Α
2224 475 2290 527 ad
2329 484 2570 544 tempora
2604 471 2953 527 Maximiani?
2982 468 3131 526 Vidit
3161 470 3301 526 haud
3330 471 3494 528 dubie
3556 472 3808 529 Nolanus

543 562 750 616 militiae
779 561 1076 627 cingulum,
1109 560 1160 612 in
1194 558 1575 629 persecutione
1645 560 1957 615 Diocletiani
2025 579 2121 631 pro

545 654 887 708 confessione
907 652 1107 703 Christi
1135 650 1308 703 necali
1335 662 1515 706 sunt.»
1548 650 1699 704 I’atet
1719 653 1803 706 hic
1836 654 2120 707 Itomulum

549 748 761 814 sejungi
793 763 821 795 a
864 745 1084 810 reliquis
1122 763 1135 809 ;
1172 756 1225 797 ct
1254 754 1415 801 recte.
1454 746 1524 797 uti
1550 748 1674 796 Acta
1701 746 1925 798 inferius
1945 748 2122 799 danda

547 839 859 890 ostendent.
912 837 1136 889 Fallitur
1174 847 1351 887 tamen
1387 836 1670 899 Baronius,
1704 838 1830 889 dum
1880 845 1933 889 in
1963 836 2126 889 Nota-

551 932 789 981 tionibus
827 930 891 981 ad
932 928 1363 997 Martyrologium
1398 930 1490 988 ait,
1538 948 1553 978 ι
1588 930 1755 981 Grieci
1814 931 1881 981 de
1931 932 2121 981 eodem

547 1024 823 1085 (Romulo)
862 1023 990 1077 item
1030 1025 1127 1075 hac
1160 1025 1241 1075 die
1271 1024 1321 1075 in
1359 1024 1659 1090 Menologio
1700 1033 1865 1091 agunt
1900 1041 1911 1074 :
1954 1045 1970 1073 ι
1998 1040 2121 1076 nam

547 1113 913 1181 Menologium
976 1115 1163 1166 Latine
1234 1131 1451 1168 versum
1488 1132 1514 1166 a
1580 1115 1777 1167 Sirleto
1831 1116 2120 1175 eardinale,

550 1207 691 1273 quod
726 1204 837 1271 ipse
882 1205 1143 1257 liaronius
1171 1207 1235 1258 ad
1268 1208 1299 1259 5
1327 1206 1567 1259 Januarii
1610 1208 1893 1273 prolitctur
1926 1223 1983 1259 se
2015 1206 2124 1259 Me—

551 1296 743 1361 nologii
781 1297 998 1348 nomine
1025 1314 1237 1360 semper
1271 1298 1595 1363 intelligere,
1649 1298 1845 1366 aliique
1914 1298 2127 1353 Grieco-

553 1404 668 1439 rum
731 1388 849 1439 fasti
912 1389 1265 1443 ecclesiastici
1319 1387 1456 1441 nihil
1490 1406 1712 1458 prorsus
1774 1394 1875 1443 bac
1902 1393 1990 1447 die
2058 1392 2125 1447 de

554 1479 782 1530 Romulo
809 1481 1012 1531 habent
1046 1481 1178 1542 ;sed
1217 1496 1339 1531 eum
1375 1498 1474 1534 una
1514 1498 1634 1535 cum
1670 1484 1881 1536 eicteris
1926 1493 2127 1551 marty-

553 1569 706 1622 ribus
736 1572 1011 1623 celebrant
1036 1561 1070 1623 ti
1096 1574 1461 1639 Septembris.

624 1664 674 1715 2.
708 1664 908 1731 Accipe
964 1664 1125 1717 verba
1173 1666 1368 1717 laudati
1415 1666 1695 1736 Meuologii
1749 1670 2001 1722 Sirletani
2060 1668 2127 1720 ab

553 1753 787 1810 Henrico
807 1756 1022 1808 Canlsio
1056 1758 1225 1809 editi:
1267 1774 1284 1805 ι
1331 1757 1530 1808 Eodem
1586 1760 1672 1807 die.
1716 1758 1793 1827 [li]
1846 1769 2120 1811 certamen

554 1858 867 1900 Sanctorum
903 1857 1194 1914 martyrum
1283 1846 1530 1907 Eudoxii,
1585 1846 1837 1910 Zenonis,
1892 1848 2130 1911 Romuli.

556 1935 776 1989 Maearii
841 1948 899 1988 et
952 1935 1306 2002 reliquorum.
1372 1934 1606 1989 Sanctus
1652 1935 1909 1989 Rumulus
1959 1939 2133 2004 capite

555 2030 910 2081 obtruncatus
939 2038 1021 2080 est
1057 2046 1083 2078 ιι
1118 2026 1351 2090 Traiano
1420 2028 1772 2095 imperatore,
1830 2031 1918 2095 qui
1978 2030 2133 2083 Chri-

556 2122 734 2173 tianos
771 2122 1029 2187 plurimos
1062 2121 1372 2171 indircrsas
1428 2121 1675 2187 regiones
1704 2120 1918 2173 exsules
1967 2122 2133 2182 misit,

557 2223 639 2265 set
693 2212 747 2262 in
796 2210 1117 2262 Christianae
1177 2209 1296 2262 lidei
1364 2208 1705 2263 Confessione
1754 2222 2135 2279 permanentes

558 2306 754 2357 mortis
780 2304 1048 2369 supplicio
1079 2304 1328 2370 subjecit.
1365 2301 1637 2355 Eudoxius
1666 2319 1794 2356 vero
1823 2318 2005 2355 comes
2032 2304 2135 2356 sub

560 2396 891 2448 Diocletiano
920 2396 1174 2446 detentus
1207 2410 1233 2445 a
1269 2394 1495 2461 pra-side
1536 2394 1786 2445 Melit'lnie
1849 2394 2135 2449 obtrunca-

562 2496 749 2539 tusest
806 2500 1037 2553 cumque
1094 2499 1160 2536 eo
1213 2485 1414 2536 milites
1458 2500 1686 2537 numero
1743 2484 1897 2539 H04.
1942 2486 2134 2539 Paucis

560 2578 898 2646 postdiebus
934 2576 991 2628 Β.
1025 2576 1171 2628 Zeno
1198 2592 1319 2628 cum
1358 2577 1583 2644 reliquis
1604 2578 1660 2629 S.
1697 2577 1923 2633 Eudoxii
1946 2580 2129 2643 sociis,

559 2669 800 2737 martyrii
834 2684 1090 2723 coronam
1124 2670 1351 2735 accepit.
1403 2688 1419 2718 ι
1460 2671 1618 2720 (.lara
1657 2672 1770 2723 lucc
1802 2681 1854 2721 et
1878 2671 2130 2723 distincta

557 2771 686 2814 sunt
714 2778 725 2811 :
758 2772 811 2812 at
840 2760 1372 2827 Menologiumjussu
1405 2758 1587 2811 Basilii
1623 2761 1965 2827 imperatoris
1997 2760 2130 2813 Por-

558 2854 981 2921 phyrogennela:
1018 2852 1216 2905 seculo
1243 2868 1271 2904 χ
1306 2852 1615 2916 collectum,
1654 2862 1707 2905 et
1745 2850 1935 2905 Urbini
1988 2865 2132 2904 anno

562 2947 697 2998 1727
769 2946 1099 3011 impressum
1156 2943 1613 3005 Gnaeo-Latine,
1693 2954 1966 2996 certamen
2035 2942 2128 2993 SS.

557 3037 682 3090 MM.
712 3036 961 3093 Eudoxii,
995 3033 1234 3094 Romuli,
1266 3044 1319 3087 et
1352 3036 1621 3088 sociorum
1654 3034 1717 3087 ad
1753 3035 1957 3088 dictum
1989 3036 2129 3087 diem

2224 569 2323 619 ista
2361 582 2469 619 non
2522 567 2846 631 coluererc;
2903 564 3133 631 ideoque
3184 564 3239 616 in
3306 564 3687 619 additionibns
3743 563 3810 619 ad

2226 656 2525 709 lisnardum
2563 658 2594 711 5
2647 656 2986 725 Septembris
3026 656 3356 719 scripserit:
3400 676 3419 707 ι
3462 658 3666 709 Eodem
3717 658 3806 711 die

2227 746 2325 800 SS.
2361 748 2487 801 MM.
2524 748 2776 811 Eudoxii,
2809 748 2976 817 quiet
3020 748 3313 811 Marianus,
3342 746 3581 801 Romuli.
3635 750 3816 802 Zeno-

2226 838 2328 897 nis,
2370 847 2424 889 et
2480 822 2728 894 Macarii,
2763 840 2851 904 qui
2919 838 3020 889 sub
3053 837 3288 904 Trajano
3355 840 3622 907 martyrio
3655 856 3817 892 coro—

2226 941 2449 982 nuntur.
2488 949 2505 981 ι
2544 928 2645 983 Sed
2686 928 3098 993 Metaphrastcs,
3132 945 3294 997 quem
3345 929 3566 997 alii-gul,
3609 934 3817 985 diserte

2228 1022 2385 1073 tradit
2418 1021 2711 1073 Romulum
2738 1023 2892 1087 jussu
2935 1020 3150 1091 Trajani
3187 1034 3461 1082 necatum,
3495 1022 3807 1075 Eudoxium

2228 1130 2355 1165 γυνθ
2383 1113 2625 1181 aliosque
2661 1113 2751 1167 diu
2812 1122 2932 1179 post
2973 1112 3229 1179 martyrio
3280 1111 3503 1165 allectos
3550 1129 3673 1169 esse
3714 1114 3819 1165 sub

2229 1203 2583 1256 Diocletiano.
2614 1202 2895 1257 Ferrarius
2932 1203 2985 1255 in
3018 1203 3275 1269 Catalogo
3314 1204 3556 1270 generali
3590 1215 3816 1257 sancto-

2227 1310 2345 1346 rum
2372 1296 2436 1347 ad
2474 1296 2505 1346 6
2529 1294 2865 1360 Septembris
2900 1294 3107 1345 videtur
3136 1303 3400 1359 martyres
3436 1292 3577 1344 velle
3638 1292 3819 1359 gemi-

2229 1402 2396 1439 nare:
2429 1387 2707 1453 prieiiiissa
2750 1386 2893 1436 enim
2934 1383 3033 1437 hac
3091 1387 3534 1446 aununtiatione,
3596 1404 3614 1431 ι
3661 1384 3821 1437 Meli-

2230 1489 2370 1532 tenie
2414 1478 2466 1531 in
2493 1479 2747 1529 Armenia
2782 1475 2882 1528 SS.
2922 1476 3212 1546 Martyrqu
3271 1475 3527 1538 Eudoxii,
3563 1476 3816 1539 Romuli,

2229 1582 2283 1623 et
2314 1572 2589 1622 sociorum
2631 1568 2733 1623 sub
2764 1566 3020 1634 Trajano,
3074 1586 3091 1615 ι
3130 1584 3295 1633 quam
3336 1578 3489 1619 notat
3555 1583 3619 1619 es
3655 1567 3819 1621 Gale-

2232 1663 2371 1715 sinio
2425 1663 2767 1729 desumplam
2828 1674 2967 1719 esse,
3002 1659 3225 1712 subdit:
3284 1677 3299 1706 ι
3336 1659 3408 1711 De
3474 1660 3725 1712 Eudoxio
3767 1668 3822 1712 et

2233 1770 2344 1807 soc.
2378 1753 2639 1810 Meliten:
2675 1752 2848 1820 passis
2876 1751 3052 1819 agitur
3090 1751 3141 1803 in
3177 1750 3445 1817 Martyrol.
3510 1749 3670 1803 Rom.
3712 1753 3808 1805 die

2236 1846 2467 1914 prieeed.
2501 1861 2515 1909 ;
2558 1844 2649 1897 sed
2693 1848 2794 1896 sub
2828 1840 3165 1895 Diodetiano
3196 1856 3208 1892 :
3241 1841 3295 1894 hi
3362 1856 3490 1893 vero
3545 1842 3653 1893 sub
3684 1840 3824 1893 Tra-

2232 1938 2362 2004 jano
2393 1936 2532 2003 pagi
2597 1935 2914 1987 traduntur.
2976 1934 3048 1987 De.
3108 1933 3337 1985 Romulo
3392 1933 3661 1986 duntaxat
3714 1933 3826 2001 agit

2238 2027 2513 2095 Martyrol.
2553 2026 2710 2083 Rom,
2744 2026 3072 2095 pra-cedenti
3133 2025 3240 2077 die.
3278 2043 3294 2073 ι
3326 2024 3547 2077 Nicolao
3579 2024 3827 2077 Antonio

2238 2119 2372 2173 infra
2395 2119 2612 2171 citando
2640 2118 2892 2169 videntur
2919 2129 3109 2168 omnes
3132 2115 3378 2183 ejusdem
3408 2118 3596 2183 agonis
3628 2116 3827 2168 trium-

2237 2213 2496 2281 phatores
2517 2223 2675 2273 esse;
2716 2218 2772 2260 at
2831 2223 2938 2261 non
2987 2207 3239 2260 edisserit
3293 2206 3394 2259 sub
3422 2220 3532 2273 quo
3582 2205 3830 2271 impera.

2237 2311 2370 2356 tore.

2308 2396 2359 2443 4.
2393 2392 2615 2445 Festum
2657 2390 2713 2443 S.
2760 2389 2985 2443 Eudoxii
3019 2400 3071 2443 et
3099 2391 3367 2443 sociorum
3407 2389 3459 2441 in
3487 2388 3696 2459 Typieo
3728 2405 3824 2443 seu

2236 2482 2437 2536 Rituali
2480 2483 2537 2536 S.
2572 2481 2728 2536 Saba:
2788 2484 3073 2535 colendum
3105 2484 3475 2551 praescribitur
3506 2484 3539 2531 6
3572 2482 3829 2549 Septem—

2235 2578 2348 2631 bris
2379 2578 2463 2631 his
2492 2579 2669 2629 verbis
2701 2593 2712 2627 :
2750 2578 2853 2627 Καὶ
2887 2575 2980 2627 τοῦ
3010 2576 3167 2642 ἁγίου
3210 2577 3492 2644 μάρτυρος
3540 2574 3825 2639 Εὺδιδξιῡυ,

2238 2672 2329 2722 καὶ
2360 2670 2467 2720 τῶν
2498 2670 2596 2720 σὺν
2638 2669 2785 2736 αὐτῷ
2840 2668 3193 2733 ἁῧλησέιντων
3246 2669 3420 2730 ἁγίων
3478 2666 3825 2734 Μαρτύρων,

2236 2760 2286 2813 id
2318 2768 2423 2818 est,
2453 2757 2516 2809 Et
2559 2759 2617 2812 S.
2672 2757 2745 2809 Μ.
2794 2755 3049 2822 Eudoxii,
3110 2774 3171 2807 ac
3203 2753 3300 2808 SS.
3342 2754 3648 2823 Martyrum
3709 2769 3830 2806 cum

2235 2852 2344 2919 ipso
2376 2867 2647 2919 passorum
2674 2888 2689 2903 .
2734 2849 2931 2902 Meua-a
2960 2864 3152 2917 magna
3182 2848 3442 2915 impressa
3476 2851 3542 2899 ad
3572 2849 3829 2901 eumdem

2234 2943 2374 2995 diem
2396 2942 2577 2995 Graece
2596 2945 2673 2995 sic
2706 2943 2903 2995 habent
2933 2957 2947 2993 :
2990 2963 3007 2989 ι
3037 2945 3323 2993 Certamen
3350 2940 3450 2992 SS.
3481 2939 3609 2993 MM.
3644 2939 3829 2993 Eudo-

2236 3034 2328 3095 xii,
2357 3033 2614 3093 Zenonis,
2668 3032 2882 3085 Romuli
2910 3044 2964 3085 et
3016 3031 3261 3096 Macarii,
3302 3049 3319 3082 ι
3355 3042 3409 3085 et
3462 3034 3831 3101 sequentibul

558 3129 714 3182 valde
761 3128 1009 3180 intricate
1058 3138 1109 3179 ιι
1179 3126 1408 3179 confuse
1472 3136 1657 3179 narrat
1727 3127 1829 3179 hoc
1918 3128 2080 3180 modo
2115 3143 2126 3176 :
2159 3158 2199 3211 ο
2237 3139 2331 3176 eos
2359 3123 2903 3177 ornantversiculis:

567 3240 585 3270 ι
626 3220 904 3272 Eudmius
974 3216 1175 3269 Christi
1263 3227 1489 3285 martyr,
1561 3215 1795 3281 Trajano
1859 3215 2132 3265 Romano-

561 3327 682 3364 rum
746 3312 1094 3379 imperatore,
1184 3322 1370 3361 comes
1452 3307 1647 3361 ordine
1703 3306 1821 3370 fuit,
1915 3308 2130 3364 inullis-

558 3419 666 3471 que
694 3403 922 3457 militum
953 3402 1191 3454 millibus
1226 3400 1433 3469 (erce
1488 3400 1716 3468 μυρίους
1782 3398 1872 3449 xxi.
1905 3400 2129 3467 χιλίους,

560 3497 744 3554 idest,
777 3510 828 3547 xi
871 3494 1037 3557 mille)
1074 3496 1127 3544 in
1164 3491 1333 3544 Callia
1389 3491 1694 3560 imperavit.
1738 3489 2000 3542 Romulus
2036 3504 2131 3540 au-

563 3599 669 3640 tem
697 3590 830 3639 aula:
864 3584 1228 3653 imperatoria:
1272 3585 1617 3653 praepositus,
1677 3594 1868 3636 auctor
1912 3582 2014 3635 l'uit
2057 3583 2135 3636 ei-

560 3680 683 3731 dem
724 3678 982 3744 Trojano,
1019 3686 1076 3727 ut
1108 3677 1159 3726 in
1200 3675 1427 3726 Galliam
1461 3678 1718 3731 mitteret.
1751 3678 1841 3740 qui
1869 3674 2136 3724 Christia-

562 3785 665 3824 nos
696 3770 895 3822 milites
919 3766 1020 3820 diis
1055 3767 1337 3819 immolare
1368 3765 1775 3835 compellerent.
1852 3763 1970 3829 Quo
2011 3780 2135 3832 pcr-

563 3869 843 3928 acto,cum
881 3860 1078 3912 milites
1102 3859 1237 3911 adid
1268 3857 1573 3911 faciendum
1608 3858 1786 3910 induci
1825 3858 2133 3925 nequirent,

569 3958 624 4008 in
693 3955 990 4007 Melitinam
1024 3954 1292 4005 Armenia:
1326 3951 1511 4003 urbem
1562 3950 1780 4019 relegati
1826 3960 1972 4001 sunt.
2012 3948 2138 4001 Post

569 4044 681 4098 haec
710 4043 973 4095 Romulus
1009 4042 1324 4109 pceniteutia
1367 4042 1583 4099 ductus,
1629 4054 1752 4089 cum
1783 4040 1835 4089 in
1862 4040 2135 4092 ChriStum

568 4134 915 4195 credidisset,
955 4133 1357 4199 'l'rajanumque.
1390 4130 1753 4197 objurgasset,
1793 4127 1975 4194 capite
2024 4131 2137 4193 plc-

568 4244 667 4282 xus
686 4238 787 4280 est.
823 4225 1022 4278 Deinde
1047 4240 1166 4278 cum
1205 4222 1435 4289 imperio
1462 4223 1667 4290 potitus
1690 4229 1836 4277 esset
1863 4218 2143 4271 Maximia-

568 4336 692 4383 nus,
726 4318 1093 4384 cdixissetque
1136 4312 1480 4367 Christianos
1540 4312 1796 4371 interﬁci,
1856 4311 2141 4364 mandavit

570 4428 663 4483 per
689 4414 893 4464 litteras
932 4420 988 4462 et
1020 4408 1272 4460 Melitime
1306 4403 1583 4473 prwfecto,
1646 4414 1702 4457 ut
1730 4404 1935 4458 Christi
1962 4405 2143 4457 culto-

2215 3239 2571 3303 ’Τμηθέντες
2607 3238 2918 3302 Ει“·δόξιος,
2958 3238 3284 3305 Ῥωμύλος,
3316 3237 3528 3300 Ζήνων

2238 3311 2346 3363 Καὶ
2374 3312 2690 3375 Μακάριος,
2712 3310 3065 3376 μακαριστοὶ
3109 3308 3216 3358 τοῦ
3268 3312 3506 3370 τέλους.

2242 3399 2430 3467 Capito
2460 3403 2649 3449 inmitti
2688 3400 2975 3452 lfudoa‘ius.
3016 3398 3292 3456 Romulus.
3323 3397 3503 3450 Zenon

2242 3473 2315 3522 Ac
2339 3469 2609 3521 Macarius
2647 3470 2803 3537 ﬁnem
2828 3469 3034 3521 beatum
3068 3471 3319 3521 obtinent.

2241 3584 2550 3652 Μακάριος,
2585 3594 2640 3634 et
2703 3583 3037 3652 μακαριστὸς
3092 3593 3291 3637 sonant
3353 3588 3537 3637 beatus
3572 3601 3593 3648 ,'
3625 3585 3679 3638 in
3726 3598 3837 3653 quo

2242 3676 2371 3728 lusit
2448 3684 2640 3741 poeta,
2697 3674 3058 3741 signiﬁcatum
3113 3676 3352 3725 nominis
3409 3678 3616 3743 proprii
3677 3680 3838 3729 unius

2244 3768 2496 3837 martyris
2552 3780 2647 3835 per
2707 3766 3089 3832 appellativum
3152 3765 3407 3817 omnibus
3490 3767 3830 3819 attribuens.

2245 3859 2511 3913 Subditur
2552 3859 2783 3931 elogium
2817 3858 2948 3911 satis
2966 3858 3257 3926 prolixum,
3289 3859 3443 3925 cujus
3477 3856 3582 3911 hoc
3616 3858 3836 3911 initium

2245 3962 2327 4006 est
2359 3970 2372 4006 :
2410 3946 2576 4012 Οὗτος
2619 3950 2773 4018 ἅγιος
2819 3948 3098 4018 Ῥωμύλος
3147 3951 3267 4002 ἐπὶ.
3291 3950 3561 4017 Τραϊανοῦ
3600 3950 3704 4018 τὴν
3741 3965 3837 4001 κε-

2251 4044 2424 4113 φαλὴν
2460 4044 2730 4113 ἀφῃρέθη.
2765 4041 2861 4093 llic
2902 4042 2961 4095 S.
3018 4042 3268 4094 Romulus
3326 4049 3415 4093 sub
3450 4042 3686 4108 Trojano
3746 4060 3839 4097 ca-

2247 4140 2352 4203 pite
2383 4143 2658 4189 truncatus
2694 4148 2787 4190 εει.
2831 4135 2959 4187 Dein
2990 4136 3168 4205 agitur
3194 4135 3261 4188 de
3316 4135 3562 4187 Eudoxio
3608 4153 3636 4186 a
3666 4136 3840 4205 iisque

2250 4236 2491 4294 tempore
2548 4226 2865 4279 Diocletiani
2918 4228 3213 4279 coronatis.
3258 4226 3434 4282 Pauca
3490 4225 3582 4282 illa
3622 4229 3836 4281 idcirco

2251 4318 2359 4373 huc
2402 4318 2765 4379 transtuli,ne
2792 4320 2913 4384 quis
2959 4320 3105 4369 solos
3154 4319 3457 4368 versiculos
3499 4333 3563 4369 ac
3615 4320 3838 4372 titulum

2249 4414 2438 4483 legens
2468 4410 2826 4471 existimaret,
2857 4411 2908 4462 in
2940 4410 3160 4463 Menaeis
3209 4409 3464 4479 conjungi
3493 4409 3661 4463 hosce
3691 4411 3839 4465 Mar-

569 4520 658 4557 res
686 4505 977 4557 occideret.
1005 4500 1183 4565 Quare
1217 4499 1515 4551 Eudoxium
1563 4497 1841 4559 comitem,
1912 4498 2134 4565 ejusque

2248 4518 2390 4575 tyres
2448 4517 2703 4573 tanquam
2775 4504 2828 4556 in
2903 4504 3094 4558 eadem
3156 4508 3535 4572 persecutione
3598 4519 3835 4573 passos:

570 4599 746 4652 socios
770 4598 972 4649 milites
1002 4595 1449 4661 comprehensos,
1508 4590 1650 4657 quod
1711 4591 1853 4641 idola
1912 4590 2141 4640 adorare

573 4692 794 4747 nollent.
832 4688 1062 4756 primum
1098 4685 1317 4753 quidem
1352 4683 1534 4735 multis
1569 4681 1850 4749 suppliciis
1898 4677 2139 4743 vexavit,

574 4783 792 4835 demum
819 4781 995 4847 capite
1023 4777 1390 4830 obtruncavit.
1418 4796 1435 4825 ι

644 4871 696 4922 5.
726 4869 915 4923 Versio
944 4866 1168 4920 Arcudli
1196 4867 1296 4917 col.
1327 4866 1431 4916 230
1460 4868 1602 4918 inter
1630 4864 1907 4919 Anecdota
1938 4862 2138 4931 Ughcl—

573 4964 718 5016 liana
755 4972 902 5016 tomo
943 4960 982 5012 Χ
1019 4960 1195 5013 Italia:
1231 4975 1395 5012 socru:
1430 4956 1671 5009 Venetiis
1715 4971 1938 5018 recns-a3,
1966 4955 2139 5021 quoad

576 5070 795 5108 sensum
824 5056 1009 5106 eadem
1039 5051 1152 5104 fere
1185 5063 1287 5113 est,
1322 5055 1536 5119 qualem
1571 5060 1625 5104 et
1669 5049 1975 5103 Galesinius
2020 5057 2144 5101 ante

574 5146 801 5199 dederat
827 5144 881 5195 in
912 5160 1011 5195 suo
1045 5144 1422 5211 Marlyt‘ologio
1451 5161 1461 5193 :
1500 5152 1744 5195 nostrum
1795 5154 2009 5208 quoque
2042 5153 2142 5191 ins.

576 5238 855 5307 exemplar
878 5234 1125 5288 Graecum
1188 5234 1477 5303 Menologii
1512 5233 1765 5285 Basiliam
1797 5233 1988 5285 statuit
2040 5231 2147 5283 Eu-

578 5331 795 5381 doxium
841 5326 1096 5382 comitem
1128 5327 1230 5376 sub
1262 5325 1516 5394 Trajano,
1566 5334 1856 5393 martyrem
1906 5324 2005 5378 sub
2042 5322 2151 5373 Ma-

580 5422 902 5477 ximiuiano.
959 5418 1251 5476 Conciliari
1290 5417 1405 5470 haec
1450 5417 1630 5471 forsan
1694 5426 1972 5486 utcunque
2028 5430 2150 5485 pos-

585 5524 728 5578 sent,
763 5511 811 5563 .si
855 5527 950 5578 per
976 5511 1277 5579 Trajanum
1323 5507 1661 5577 signiﬁcetur
1691 5509 1909 5570 Decius,
1961 5518 2149 5576 utpote

584 5607 853 5672 Trajanus
895 5607 1270 5673 pramomiue;
1313 5611 1368 5656 at
1399 5600 1442 5653 si
1488 5598 1783 5661 Eudoxius,
1848 5602 2151 5669 imperante

589 5695 825 5765 Trajano
859 5694 1106 5764 proximo
1130 5694 1319 5748 Nervae
1367 5705 1708 5755 successore,
1750 5690 1905 5746 initio
1964 5691 2151 5746 saeculi

592 5802 628 5840 ιι
660 5803 843 5844 comes
871 5790 992 5853 luit,
1026 5786 1148 5857 quis
1200 5787 1389 5841 credat
1435 5785 1587 5840 illum
1627 5782 1789 5839 vitam
1831 5786 2153 5853 produxisse

2246 4597 2388 4663 quod
2411 4611 2541 4649 sane
2572 4610 2804 4665 pronum
2832 4606 2976 4648 esset
3005 4596 3216 4665 Opinari
3263 4609 3328 4649 ex
3382 4596 3564 4659 titulo,
3626 4594 3840 4649 Romu-

2245 4686 2355 4740 lum
2402 4686 2521 4739 aliis
2546 4686 2980 4738 intermiscente.

2317 4780 2368 4833 5.
2404 4779 2533 4833 Post
2560 4790 2924 4834 memoratum
2946 4780 3182 4848 elogium
3206 4780 3455 4848 sequitur
3476 4780 3582 4833 alia
3610 4796 3841 4837 annun-

2245 4868 2396 4922 tiatio
2424 4887 2435 4921 :
2464 4870 2541 4939 Τῇ
2598 4871 2732 4939 αὐτῇ
2783 4871 2966 4938 ἡμέρᾳ
3004 4871 3197 4921 ἑκατὸν
3222 4872 3485 4941 τέσσαρες
3537 4878 3632 4924 καὶ
3670 4873 3836 4943 χίλιοι

2248 4961 2638 5029 στρατιῶται..
2666 5003 2677 5014 .
2707 4960 2849 5029 ξίφει
2882 4961 3236 5014 τελειοῦνται.
3277 4963 3331 5015 Id
3375 4973 3478 5027 est,
3532 4967 3714 5019 eodem
3756 4967 3841 5020 dis

2246 5063 2450 5105 centum
2483 5064 2710 5124 quatuor
2730 5072 2793 5105 ar:
2828 5055 2973 5107 mille
3022 5054 3283 5108 milites...
3315 5054 3493 5124 gladio
3528 5060 3653 5110 cmi
3718 5074 3840 5111 con-

2246 5157 2511 5197 summant
2540 5149 2874 5215 martyrium.
2927 5144 3021 5197 llis
3080 5146 3281 5200 deinde
3335 5148 3452 5202 bini
3505 5153 3839 5204 accinuntut’

2250 5237 2507 5289 versiculi
2544 5248 2559 5287 :

2250 5349 2424 5423 ᾼεκὰς
2458 5348 2700 5423 δεκαπλῆ
2734 5352 2829 5405 καὶ
2860 5353 3038 5423 χιλιὰς
3084 5353 3382 5423 μαρτύρων

2251 5421 2359 5471 Καὶ
2382 5422 2578 5488 τετρὰς
2611 5424 2756 5490 ἁπλῆ
2791 5421 3181 5476 spumantibus
3209 5422 3374 5491 ξίφει.

2322 5510 2470 5574 Quos
2510 5510 2703 5567 Latine
2744 5515 2823 5568 sic
2846 5524 3067 5566 vertas:

2254 5602 2419 5677 {lacus
2442 5606 2661 5677 derupta
2691 5616 2738 5677 et
2770 5605 2953 5677 clulius
2984 5603 3308 5677 Martyrum,

2255 5671 2642 5742 Qualeruioq'ue
2667 5674 2827 5726 simul
2859 5691 2978 5729 ense
3000 5671 3159 5730 vitam
3190 5677 3403 5743 ﬁnium.

2326 5786 2446 5841 Istis
2484 5786 2766 5842 versiculis
2826 5789 3035 5845 addunt
3084 5789 3283 5844 Mcnzea
3337 5789 3613 5845 distichon
3668 5786 3832 5854 aliud,
