3970 6454
132 380 231 441 613

1094 375 1283 435 ACTA
1325 376 1430 435 SS.
1476 374 1833 447 EUDOXII,
1881 375 2205 446 ROMULI,
2243 377 2402 437 ETC.

3300 374 3406 439 614

130 495 441 565 exprimens
492 492 669 547 simile
700 491 1021 563 martyrium
1052 490 1112 547 8.
1170 490 1482 555 Calodotes.
1549 507 1717 562 quam
1746 500 1793 556 Α
1821 504 1926 549 est.
1951 492 2084 549 Post
2119 492 2418 566 Traianum
2451 504 2632 549 autem
2670 504 2721 549 et
2747 494 2984 563 reliquos
3050 495 3408 566 imperatores

131 599 180 641 et
204 588 256 640 iu
282 586 709 639 annuntiatione
736 600 859 639 mox
896 583 1022 638 data
1081 584 1426 654 conjungunt
1477 584 1714 639 laudatis

132 681 416 741 militibus,
451 679 545 731 sed
615 693 904 748 perperam
935 697 948 732 :
999 694 1124 732 nam
1155 689 1344 733 sancta
1394 678 1482 731 illa
1512 688 1717 748 martyr

129 774 189 826 ad
223 773 364 825 hanc
388 772 622 824 classem
647 786 756 823 non
826 771 1082 840 pertinet.
1144 769 1375 824 Dabitur
1395 785 1521 824 cum
1550 769 1716 824 sociis

131 868 241 918 suis
269 866 357 917 die
384 864 416 917 6
454 863 815 929 Septembris.
885 862 1148 933 Martyres
1217 870 1399 917 autem
1453 862 1609 925 1101,
1647 862 1717 916 de

130 959 324 1027 quibus
358 958 443 1009 hic
474 965 725 1025 separate
754 956 955 1025 agitur.
1003 957 1146 1011 haud
1203 956 1368 1009 dubie
1436 966 1563 1009 sunt
1638 954 1713 1007 illi

131 1048 343 1112 milites,
408 1063 547 1117 quos
606 1048 843 1117 elogium
906 1048 1131 1101 citatum
1180 1057 1367 1100 narrat
1414 1047 1715 1117 proiecisse

131 1140 332 1193 balteos
360 1155 543 1193 rorant
571 1139 808 1209 pneside
839 1140 1093 1207 exemplo
1127 1137 1184 1193 S.
1210 1138 1438 1191 Eudoxii
1464 1156 1477 1204 ;
1511 1138 1718 1191 utrobi-

129 1252 228 1302 que
258 1236 427 1297 cnim,
471 1234 632 1285 etiam
668 1235 720 1284 iit
745 1232 894 1288 Actis
914 1242 969 1287 et
1012 1247 1114 1285 ms.
1159 1231 1461 1301 Mcnologio
1528 1231 1716 1285 Slaro—

132 1326 377 1387 Hussico,
410 1342 473 1377 ac
505 1324 805 1394 Synaxario
842 1320 1119 1377 Ruthenio
1152 1322 1292 1376 inira
1358 1323 1715 1377 memorando

130 1418 267 1470 idem
298 1427 381 1469 est
413 1432 677 1469 numerus
713 1415 870 1480 1101,
900 1430 1003 1469 nec
1042 1416 1210 1468 ullum
1233 1425 1461 1485 apparet
1519 1415 1717 1469 distin—

130 1510 328 1563 ctionis
352 1512 791 1565 fundamentum.

192 1602 246 1652 6.
284 1601 679 1655 Desiderantur
708 1604 885 1657 sancti
912 1604 1084 1657 nostri
1122 1604 1175 1657 in
1198 1604 1411 1659 duobus
1441 1607 1713 1662 Arineno-

131 1707 241 1743 rum
274 1690 683 1762 Menolugiisab
721 1695 1024 1747 Assemauo
1050 1694 1212 1747 editis
1235 1702 1380 1747 tomo
1414 1694 1481 1747 Ill
1520 1694 1716 1750 Biblio-

130 1783 293 1837 theca:
361 1785 659 1838 Orientalis
697 1783 1370 1847 Clementiuo-Yaticanm,
1425 1802 1551 1857 pag.
1607 1788 1714 1843 645

128 1889 177 1931 et
222 1862 359 1939 649;
415 1889 470 1931 at
513 1881 564 1929 iu
636 1892 718 1932 ms
810 1876 1071 1945 Catalogo
1112 1889 1427 1931 sanctorum
1461 1881 1713 1933 Armeniis

128 1972 714 2038 celcliratorttm,quem
748 1970 1121 2039 l’apcln‘ocliio
1180 1970 1326 2025 misit
1366 1972 1425 2027 Ι).
1479 1971 1717 2026 Ludovi—

129 2075 220 2113 cus
280 2060 511 2130 Pieques
571 2062 763 2117 doctor
817 2062 1174 2129 Sot'honicus,
1234 2064 1353 2120 haec
1421 2081 1576 2119 num.
1648 2064 1716 2119 50

131 2152 422 2222 leguntur:
487 2174 505 2205 ι
551 2155 951 2210 Testimonium
1014 2158 1073 2209 S.
1140 2156 1391 2210 Ettduclii
1442 2157 1713 2228 (Εὐδξίου)

129 2246 213 2312 qui
240 2246 477 2299 Marinus
508 2254 732 2299 vocatus
759 2256 863 2299 est.
923 2246 1057 2299 Item
1120 2246 1328 2299 Romcli
1382 2256 1436 2299 et
1489 2248 1711 2312 Maeari,

130 2337 211 2405 qui
245 2348 511 2407 martyres
556 2348 798 2407 tempore
826 2338 1067 2405 Traiani,
1106 2338 1443 2407 Septembris
1481 2350 1655 2395 sexto.
1687 2359 1707 2391 ι

133 2431 380 2485 Clemens
434 2430 699 2496 Galantts,
759 2431 852 2500 qui
917 2432 1311 2485 multosaunos
1344 2436 1396 2485 in
1453 2432 1713 2486 Armenia

134 2523 504 2578 miSsiunarius
568 2526 689 2586 fuit;
744 2536 898 2591 parte
948 2524 1411 2577 tConciliationis
1462 2522 1717 2576 Ecclesia:

135 2618 373 2667 Arinen-ae
396 2631 521 2669 cum
544 2616 786 2666 Romana
808 2615 860 2667 in
884 2617 1326 2668 Annotatiouead
1346 2624 1511 2683 caput
1533 2616 1567 2667 2
1589 2630 1711 2685 pag.

134 2704 213 2765 16,
243 2707 386 2758 inter
418 2717 686 2777 martyres
729 2706 932 2759 ibidem
1002 2722 1192 2775 passos
1224 2717 1472 2760 recenset
1533 2706 1718 2760 Eudo-

134 2796 296 2856 xittm,
326 2796 630 2859 Zenonem,
660 2798 953 2852 Macariqu
1018 2798 1306 2867 sociosque
1360 2799 1463 2853 sub
1507 2798 1717 2852 Diocle-

134 2890 274 2944 tiano
309 2900 402 2953 ;at
434 2890 649 2944 Romuli
681 2907 950 2960 nusquam
987 2892 1261 2943 meminit.
1286 2890 1456 2944 Porro
1481 2892 1716 2946 eximius

136 2980 445 3049 Picquesius
492 2992 702 3045 mouet,
760 2980 1081 3051 praedictum
1130 2980 1452 3048 Catalogttm
1518 2980 1715 3036 Latine

141 3088 351 3126 versum
404 3089 532 3126 esse
584 3089 650 3126 ex
700 3074 907 3143 ingenti
940 3075 1105 3142 regia:
1156 3073 1504 3127 bibliotheca:
1525 3073 1716 3127 codice

139 3164 391 3218 Armenio
416 3165 484 3217 Νο
532 3166 661 3230 514,
726 3167 1037 3219 uncialibus
1087 3167 1283 3219 litteris
1326 3166 1528 3236 scripto
1587 3178 1715 3221 ante

136 3272 301 3311 annos
321 3260 386 3312 ab
412 3261 516 3312 hoc
538 3257 669 3311 1687
696 3258 917 3311 circiter
945 3267 1236 3311 sexcentos
1264 3274 1277 3322 ;
1313 3259 1407 3310 sed
1439 3259 1716 3325 interpre-

137 3362 254 3415 tem,
281 3352 553 3407 t)scanum
581 3352 1055 3419 archiepiscoiium
1076 3350 1395 3410 Arnienum,
1419 3348 1562 3401 haud
1580 3351 1715 3402 satis

137 3446 356 3509 peritum
385 3447 573 3500 titulos
609 3445 891 3498 incondite
942 3446 1187 3498 dictasse
1226 3441 1716 3505 amanuensi,'itno

137 3546 183 3587 vt
206 3538 495 3589 nonnullos
516 3538 790 3588 omisisse.
818 3536 982 3587 Addit
1011 3536 1062 3586 in
1088 3537 1286 3589 litteris
1312 3535 1717 3605 posterioribus

138 3628 367 3692 ejusdem
398 3630 533 3681 anni
580 3627 738 3683 1687.
778 3641 836 3680 sc
864 3626 1149 3680 dumtaxat
1199 3642 1371 3694 usque
1423 3642 1714 3680 numerum

139 3722 199 3775 35
236 3724 499 3777 inclusive
566 3720 821 3776 Latinam
881 3720 1188 3773 versionem
1241 3734 1365 3773 cum
1402 3728 1555 3773 textu
1616 3720 1718 3771 Ar-

140 3828 291 3868 meno
358 3814 660 3869 contulisse
711 3830 725 3865 :
794 3813 938 3883 quod
987 3814 1197 3865 utinam
1253 3812 1337 3864 Vll'
1379 3811 1627 3865 eruditus
1661 3817 1717 3865 et

140 3902 557 3958 humanissimus
606 3904 837 3973 reliquis
884 3904 981 3956 111
1042 3901 1287 3956 numeris
1342 3903 1583 3963 fecisset.
1639 3902 1717 3953 si-

139 3996 345 4063 mulque
396 3995 600 4048 omissa
642 3995 710 4047 ab
762 3994 979 4047 Oscauo
1024 3994 1409 4061 supplevisset.
1469 3990 1718 4045 Meminit

135 4103 336 4158 quoque
371 4089 437 4143 ad
499 4088 749 4142 eamdem
788 4087 930 4140 diem
963 4086 1020 4141 8.
1064 4086 1132 4139 Μ.
1176 4086 1405 4142 Eudoxii
1460 4086 1718 4155 Synaxa-

139 4182 261 4236 rium
279 4182 651 4237 Butlienicunt
684 4197 765 4235 ms
798 4222 811 4244 ,
837 4181 982 4246 quod
1018 4196 1164 4233 anno
1188 4179 1325 4234 1688
1352 4178 1569 4233 Moscua
1589 4180 1718 4233 sub-

138 4275 272 4329 misit
325 4286 515 4329 noster
558 4274 669 4329 illic
701 4272 1082 4327 niissionarius
1114 4270 1174 4328 P.
1218 4271 1487 4342 Georgius
1522 4271 1712 4334 David,

136 4361 333 4422 addens
390 4371 444 4421 in
500 4368 608 4421 ﬁne
651 4367 1011 4438 Synaxarium
1049 4366 1193 4420 istud
1250 4381 1372 4419 esse
1421 4380 1717 4421 commune

141 4460 224 4510 tati
255 4460 501 4512 ecclesia:
541 4457 881 4511 Ruthenicaa.
930 4458 1089 4510 Aliud
1143 4458 1417 4525 peculiare
1456 4458 1712 4509 diwccsis

138 4547 473 4613 liiioviensis,
529 4550 721 4605 eodem
764 4549 1082 4619 interprete,
1120 4548 1193 4602 ita
1226 4548 1383 4601 habet
1420 4562 1433 4599 :
1495 4561 1517 4599 ι
1558 4546 1621 4603 Et
1652 4547 1711 4605 8.
1747 4561 1792 4618 D

139 4640 199 4694 11.
224 4642 473 4703 Eudoxii.
506 4652 562 4697 et
591 4658 712 4696 cum
744 4656 810 4695 eo
859 4640 1016 4695 1104.
1057 4660 1075 4692 ι

194 4732 242 4792 7.
280 4735 406 4788 Mss.
445 4734 646 4787 Meuma
709 4733 895 4786 Graeca
944 4734 1284 4787 bibliutliecze
1337 4733 1714 4788 Ambrosianaa

139 4835 184 4879 et
210 4827 312 4881 PP.
343 4826 827 4881 Dominicauorum
853 4834 1160 4878 conventus
1200 4824 1257 4877 8.
1282 4826 1446 4879 Marci
1481 4826 1713 4879 Floren-

142 4916 234 4980 tiae,
261 4936 326 4971 ac
364 4920 813 4986 supplementum
852 4919 915 4973 ad
947 4917 1149 4971 Menam
1201 4932 1400 4971 excusa
1423 4919 1713 4972 collectum

141 5026 196 5065 ex
214 5013 307 5067 Ms.
328 5014 628 5084 Synaxario
643 5014 1062 5064 membranaceo
1080 5012 1305 5077 antiquo
1325 5011 1383 5063 l‘.
1409 5008 1714 5073 Sirmondi,

142 5104 190 5157 S.
214 5106 504 5160 Romulum
533 5112 661 5159 ante
696 5102 829 5156 alios
849 5104 1204 5163 annuntiant,
1261 5101 1435 5169 prima
1494 5102 1712 5171 quidem

144 5196 233 5249 lioc
261 5200 467 5253 modo:
515 5216 532 5246 ι
568 5196 802 5265 liomyli,
856 5194 1111 5257 Eudoxii,
1177 5193 1437 5256 Zenonis,
1499 5194 1713 5249 Macarii

146 5289 204 5342 ll.
237 5331 251 5354 ,
281 5309 305 5341 ι
360 5289 532 5343 altera
570 5290 788 5342 titulum
821 5286 1053 5349 addunt,
1098 5306 1114 5337 ι
1156 5285 1422 5340 Romulus
1454 5289 1713 5357 prmposi-

149 5392 241 5447 tus,
271 5381 575 5444 Eudoxius,
632 5378 845 5443 Zenon,
903 5380 1211 5444 Macarius;
1249 5397 1267 5428 ι
1306 5379 1529 5432 tertium
1582 5395 1714 5433 vero

147 5472 312 5529 (itare
363 5475 437 5528 ita
496 5473 709 5537 habet;
767 5489 785 5522 t
821 5469 1008 5524 Passio
1091 5468 1193 5523 SS.
1254 5469 1377 5523 MM.
1470 5468 1709 5534 Romuli,

148 5561 380 5631 Eudoxii,
410 5563 651 5619 Zenonis
703 5573 761 5618 et
822 5560 1060 5616 Macarii.
1103 5580 1122 5612 ι
1155 5560 1398 5630 Elogium
1455 5561 1715 5631 subjunc~

149 5665 243 5711 tuin
275 5660 526 5729 quadam
560 5655 632 5710 ab
694 5657 845 5710 Actis
911 5658 1124 5709 diversa
1180 5655 1447 5712 continet.
1483 5655 1713 5723 proinde

148 5747 190 5799 in
218 5765 376 5818 pauca
416 5751 467 5805 id
486 5745 780 5803 contraho.
822 5766 840 5797 ι
883 5745 956 5799 Ex
999 5747 1146 5800 hisce
1205 5745 1412 5797 sanctis
1452 5744 1713 5798 Romulus

150 5845 451 5914 praepositus
479 5843 587 5899 sub
611 5839 850 5910 Traiano
879 5841 1213 5909 imperatore
1275 5837 1574 5893 decollatus
1606 5846 1710 5893 est.

1819 602 1928 641 non
1968 586 2163 656 paucis
2189 588 2352 640 armis
2373 587 2592 657 elapsis,
2632 602 2756 640 cum
2823 587 3192 641 Diocletianus
3232 590 3407 658 impe-

1820 679 1961 732 rium
1997 680 2229 746 adeptus
2260 692 2427 741 esset,
2456 679 2732 733 Eudoxius
2763 694 2949 734 comes
2981 682 3157 747 capite
3217 682 3408 751 plexus

1819 781 1901 826 est
1930 789 2051 825 cttm
2080 773 2302 827 Zenone
2335 784 2391 827 ct
2419 773 2674 835 Macario,
2700 774 2811 843 ἆμπι
2843 775 2941 826 σὺν
2968 778 3078 833 τοῖς
3104 776 3191 827 ὑπ’
3228 778 3407 828 αὐτῶν

1822 865 2200 933 στρατιώταις.
2249 866 2341 917 τὸν
2374 866 2606 935 ἀριθμὸν
2644 865 2761 918 οὖσι
2797 868 2991 935 χιλίοις
3028 869 3224 919 ἑκατὸν
3246 872 3401 937 τριά-

1820 971 1985 1008 κοντα
2019 953 2317 1025 τέσσαρσιν
2362 957 2411 1009 id
2444 965 2546 1027 est.
2583 973 2686 1009 una
2724 973 2847 1009 cuin
2889 958 3171 1014 militibus.
3202 962 3292 1021 qui
3328 963 3407 1013 eis

1820 1048 2109 1117 parebant,
2150 1064 2380 1101 numero
2409 1048 2556 1126 mille
2604 1057 2825 1101 centum
2880 1048 3097 1119 triginta
3149 1060 3405 1117 quatuor.

1834 1139 1897 1192 Ἦ
1941 1141 1995 1192 δὲ
2022 1140 2201 1194 αἰτῶν
2240 1138 2461 1203 etimit;
2494 1140 2725 1191 τελεῖται
2766 1142 2823 1191 ἐν
2849 1140 2928 1207 τῷ
2958 1144 3276 1210 (adpropequ
3307 1140 3401 1192 τοῦ

1820 1232 1911 1300 ἀγ.
1944 1232 2250 1302 llpoxoniou
2288 1232 2437 1284 ἔνδον
2487 1231 2579 1282 τοῦ
2615 1233 2703 1298 ἀγ.
2744 1248 2803 1299 μ.
2866 1231 3047 1299 Μηνᾶ.
3084 1232 3409 1284 Cclebratur

1820 1332 2002 1380 autem
2035 1325 2279 1392 ipsorum
2314 1328 2577 1377 memoria
2607 1324 2661 1375 in
2719 1324 2962 1378 oratorio
3024 1322 3081 1376 S.
3125 1324 3406 1393 Procopii,

1818 1414 1963 1482 quod
1998 1422 2079 1468 est
2115 1415 2167 1467 in
2204 1415 2407 1483 templo
2447 1413 2505 1469 S.
2541 1416 2610 1468 M.
2638 1417 2837 1471 Mense.
2880 1433 2901 1469 ι
2948 1416 3022 1470 De
3046 1429 3198 1471 saera
3233 1422 3347 1470 ade
3375 1432 3408 1472 a

1816 1506 2182 1561 Constantino
2214 1508 2406 1578 Magno
2461 1508 2640 1562 dicata
2701 1517 2893 1563 sancto
2935 1508 3107 1563 Mente
3183 1510 3407 1578 martyri

1817 1608 1996 1668 potest
2032 1600 2202 1653 rideri
2263 1600 2503 1671 Cangius
2538 1641 2553 1665 ,
2610 1602 2751 1654 libro
2814 1619 2866 1656 tv
2923 1603 3411 1672 Constantinopolis

1818 1690 2159 1758 Christianae,
2215 1705 2351 1747 seet.
2395 1692 2449 1757 6,
2505 1709 2657 1747 nunt.
2717 1694 2827 1761 62;
2886 1696 3083 1749 ibidem
3116 1712 3267 1749 num.
3318 1698 3409 1755 58.

1822 1786 2083 1853 templum
2114 1784 2151 1838 S
2206 1785 2434 1841 Eudoxii
2492 1800 2875 1842 consecratum
2921 1789 3087 1844 fuisse
3130 1791 3330 1845 saeculo
3358 1807 3410 1844 tv

1822 1878 1902 1930 vel
1928 1896 1981 1942 ν,
2003 1888 2184 1933 narrat
2205 1878 2290 1932 his
2317 1880 2504 1935 verbis
2531 1899 2541 1931 :
2571 1900 2590 1933 ‹
2618 1880 2672 1934 8.
2699 1882 2946 1936 Eudoxio
2969 1886 3117 1937 aedes
3136 1894 3411 1937 exstructa

1817 1972 2048 2039 patricio
2104 1982 2158 2026 et
2194 1973 2474 2042 praefecto,
2504 1972 2869 2027 Constantino
2903 1972 2970 2025 M.
3005 1974 3329 2043 imperante.
3365 1976 3411 2031 si

1816 2077 1923 2131 qua
1983 2063 2116 2117 ﬁdes
2136 2064 2348 2117 Codino
2380 2080 2502 2133 pag.
2537 2064 2641 2119 594
2669 2075 2819 2119 certe
2866 2066 3169 2119 Eudoxiuut
3228 2066 3415 2134 praeie'

1817 2162 1964 2209 ctum
2014 2155 2270 2223 praetorio
2301 2154 2404 2208 sub
2436 2152 2978 2224 Theodosiojuniore
3027 2155 3228 2208 vixisse
3264 2155 3414 2208 iudi-

1817 2257 1947 2302 cant
1989 2250 2135 2319 leges
2168 2248 2378 2318 aliquot
2403 2249 2457 2302 in
2481 2249 2613 2303 Cod.
2643 2248 2747 2302 Th.

1893 2364 2013 2431 §ll.
2049 2366 2124 2417 An
2179 2366 2388 2417 sanatio
2425 2364 2722 2417 Iustiniani
2776 2364 3107 2431 imperatoris
3160 2364 3416 2433 martyri-

1818 2436 1910 2486 bus
1928 2435 2065 2486 hisce
2096 2438 2405 2486 ascribentla
2447 2440 2531 2486 sit.
2568 2438 2587 2485 1
2626 2435 2890 2486 Numerus
2919 2434 2973 2487 S.
3009 2434 3415 2486 ENdOJ‘ilSOCiO-

1819 2522 1932 2558 rum
1954 2522 1971 2567 ;
1997 2505 2245 2574 ﬁgmenta
2264 2506 2327 2558 de
2352 2506 2389 2558 S
2434 2504 2650 2557 Romulo
2672 2519 2688 2565 ,'
2718 2506 2833 2572 ejus
2856 2506 3023 2558 cultus
3049 2507 3100 2557 in
3127 2506 3412 2574 Hispania,

1817 2580 2025 2644 quando
2055 2586 2101 2628 ct
2132 2577 2216 2628 ubi
2250 2589 2508 2644 martyres
2564 2576 2724 2640 passi.
2769 2579 2899 2627 Acta
2952 2575 3158 2638 Cra'ca,
3193 2583 3239 2627 et
3306 2573 3407 2627 Bac

1818 2646 1957 2697 ronii
1978 2647 2284 2714 conjectura
2316 2650 2379 2699 de
2411 2645 2559 2697 mille
2598 2646 2879 2697 militibus.

1896 2782 2162 2839 Baronius
2185 2785 2237 2838 iii
2278 2783 2667 2839 Notationihus
2697 2787 2762 2840 ad
2796 2786 3240 2857 MartyroIOgium
3299 2783 3415 2839 Ro-

1820 2894 2039 2932 manum
2067 2879 2169 2932 hac
2200 2876 2287 2933 die
2315 2879 2508 2933 scribit
2531 2879 2853 2947 sequentia:
2891 2897 2909 2930 t
2942 2878 3017 2932 Eii
3051 2880 3246 2932 ltorum
3304 2880 3412 2932 mi-

1818 2971 1975 3025 litum
2005 2987 2255 3035 nutncro.
2293 2973 2386 3041 qui
2430 2970 2687 3026 Melitinaa
2729 2974 2781 3025 in
2840 2971 3100 3025 Armenia
3168 2973 3413 3027 coronati

1820 3072 1969 3124 sunt,
2002 3074 2238 3132 quatuor
2286 3079 2442 3117 sacra
2498 3079 2728 3132 corpora
2794 3064 2972 3118 delata
3021 3064 3417 3119 Constantino-

1764 3145 1784 3227 ξ
1820 3156 2011 3226 polim.
2054 3154 2270 3226 reperta
2304 3170 2433 3211 sunt
2480 3158 2823 3227 temporibus
2880 3158 3175 3213 Iustiniani
3234 3159 3368 3230 iuip.
3395 3198 3414 3226 ,

1818 3264 2050 3317 quorum
2084 3249 2351 3303 beneﬁcio
2377 3250 2674 3319 imperator
2696 3251 2885 3305 lctltali
2948 3254 3138 3314 morbo
3188 3263 3415 3308 curatus

1819 3350 1923 3392 est.
1956 3340 2090 3392 Rem
2152 3350 2357 3408 gestam
2409 3344 2694 3409 perpetuis
2743 3344 2965 3412 dignam
3037 3347 3416 3401 monumentis

1818 3431 2151 3501 conscripsit
2176 3431 2494 3501 Procopius,
2524 3434 2617 3487 lib.
2649 3451 2664 3489 ι
2692 3433 2768 3487 De
2824 3437 3063 3505 rediﬁciis
3115 3436 3415 3493 Iustiniani

1820 3525 2181 3595 imperatoris.
2218 3545 2237 3577 ι
2274 3526 2660 3582 [mentionem
2708 3528 2903 3583 harqu
2942 3531 3298 3597 reliquiarum
3356 3535 3412 3589 in

1818 3618 2022 3685 templo
2065 3619 2123 3669 8.
2161 3618 2349 3672 Ircncs
2380 3620 2451 3673 M.
2488 3659 2505 3684 ,
2539 3633 2593 3675 et
2628 3622 2955 3676 beneﬁcium
2984 3626 3283 3677 sanationis
3315 3641 3413 3695 per

1820 3724 1913 3761 cas
1972 3704 2291 3764 Justiniano
2378 3716 2683 3780 praestitum
2742 3731 2806 3767 cx
2885 3718 3078 3768 codem
3146 3716 3413 3785 Procopio

1818 3801 2148 3855 Caesariensi
2180 3802 2346 3856 refert
2371 3804 2438 3857 ad
2490 3818 2695 3856 annum
2762 3804 2965 3859 Christi
3038 3806 3144 3859 500
3199 3808 3413 3863 num.2

1821 3893 2023 3949 Verum
2061 3895 2385 3966 Procopius,
2421 3914 2569 3951 anno
2609 3899 2745 3951 1663
2772 3914 2897 3951 cum
2951 3899 3410 3968 interpretatione

1819 3986 1992 4039 nostri
2030 3986 2243 4038 Claudii
2279 3987 2513 4039 Maltrcti
2549 3986 2773 4039 Parisiis
2799 3990 3003 4047 editus.
3044 3989 3244 4051 librat,
3282 4006 3407 4061 cap.

1820 4077 1848 4130 7
1872 4094 1978 4131 lion
2004 4078 2167 4132 habet
2191 4088 2445 4149 quatuor,
2467 4079 2560 4132 sed
2588 4075 2870 4150 οὑχῆσσον
2900 4080 2933 4148 ἢ
2960 4087 3399 4153 τεσσαράκοντα,

1821 4171 1873 4224 id
1912 4180 2015 4232 cst.
2052 4186 2157 4225 non
2225 4172 2406 4225 minus
2482 4188 2647 4240 quam
2708 4173 3118 4242 quadraginta;
3170 4188 3221 4229 et
3281 4178 3411 4231 licet.

1819 4263 2017 4316 sulidat
2050 4263 2149 4314 hos
2185 4263 2353 4315 fuisse
2388 4260 2666 4315 Romanos
2707 4264 2912 4315 milites
2942 4264 3171 4334 legionis
3193 4267 3409 4323 duode-

1819 4354 1996 4417 citate,
2043 4370 2204 4423 quam
2225 4353 2355 4407 olim
2413 4356 2794 4408 stationariam
2834 4357 3023 4410 habuit
3048 4357 3181 4412 urbs
3209 4362 3407 4414 Arine-

1822 4448 1921 4499 niae
1950 4446 2204 4499 Mclitctte
2234 4465 2247 4509 ;
2280 4463 2388 4499 non
2426 4457 2607 4500 tamen
2636 4448 2776 4499 dicit
2814 4449 2866 4500 in
2892 4463 2954 4501 ea
3014 4450 3147 4503 urbe
3200 4464 3409 4523 marty-

1821 4539 1960 4592 rium
1986 4552 2107 4592 esse
2128 4553 2336 4605 passos.
2364 4537 2503 4592 Hinc
2537 4539 2763 4593 dubiqu
2800 4549 2905 4605 est,
2933 4555 3001 4594 an
3038 4557 3268 4612 corpora
3315 4544 3409 4600 illa

1817 4633 2025 4687 fuerint
2056 4633 2362 4702 aliquorum
2391 4650 2455 4687 ex
2484 4633 2766 4688 ltodiernis
2801 4634 3084 4695 militibus.
3126 4647 3181 4691 et
3215 4653 3409 4693 conse-

1815 4734 2051 4792 quenter
2076 4741 2143 4777 an
2201 4726 2337 4792 ipsis
2393 4726 2588 4777 ascribi
2642 4726 2838 4778 debeat
2900 4737 3171 4795 patratum
3239 4732 3408 4783 mira-

1815 4819 2021 4873 culum.
2065 4818 2473 4883 Tillemontius,
2511 4829 2659 4872 tomo
2682 4816 2722 4870 ll
2753 4817 3406 4878 Jlottuntentorunieccle-

1816 4912 2152 4965 siasticorum
2186 4914 2442 4966 secundae
2492 4911 2771 4973 editionis,
2807 4928 2925 4981 pag.
2963 4913 3069 4966 574
3094 4918 3409 4982 suspicatur

1816 5003 1984 5057 fuisse
2012 5006 2270 5071 reliquias
2302 5003 2599 5055 celebrium
2628 5004 2697 5055 40
2724 5002 3017 5070 Martyrum
3078 4999 3409 5056 Scbastcno-

1818 5112 1963 5161 rum,
1989 5112 2111 5165 qute
2140 5111 2310 5165 pr0pe
2332 5093 2867 5163 Constantinopolim
2933 5096 3035 5148 sub
3085 5092 3403 5151 Theodosio

1816 5188 1863 5242 ll
1892 5189 2127 5241 inventa:
2157 5198 2307 5249 sunt,
2329 5188 2396 5239 de
2424 5187 2630 5256 quibus
2658 5187 2725 5239 ad
2752 5186 2903 5239 diem
2929 5203 2957 5238 ι
2990 5184 3187 5239 Martii.

1888 5282 1941 5335 9.
1976 5282 2356 5334 'l‘illetuoutius
2382 5281 2580 5334 citatus
2616 5294 2905 5331 numerum
2932 5277 2988 5333 S.
3018 5279 3250 5333 Eudoxii
3315 5295 3407 5334 so-

1817 5374 2027 5428 ciorum
2085 5382 2246 5443 auget
2303 5375 2588 5427 trecentis.
2644 5371 2845 5425 Scribit
2899 5375 3044 5425 enim
3089 5371 3250 5434 ηυι,
3305 5388 3405 5442 pro

1818 5465 1978 5529 1104,
2038 5465 2200 5532 idque
2258 5465 2344 5518 bis
2403 5465 2625 5534 reperit,
2656 5463 2896 5533 allegatis
2948 5463 3148 5517 Memea
3206 5479 3402 5533 magna

1815 5557 2137 5613 Graecorum
2186 5558 2446 5611 editionis
2508 5556 2724 5609 Veneuc
2783 5558 2913 5609 anui
2986 5554 3145 5610 i528.
3219 5556 3401 5611 Editio

1816 5649 1904 5705 illa
1920 5649 2127 5703 miliiad
2148 5665 2368 5702 manum
2388 5664 2499 5701 non
2530 5660 2650 5713 est;
2675 5650 2767 5703 sed
2795 5648 3049 5716 quoniam
3071 5651 3124 5704 in
3155 5649 3398 5713 Menaeis.

1816 5760 1937 5813 qua:
1976 5758 2120 5798 anno
2153 5744 2291 5799 1595
2316 5742 2561 5797 Venetiis
2588 5743 2929 5813 prodierunt.
2987 5744 3040 5796 iu
3096 5743 3402 5814 Menologio

1819 5837 2113 5895 cardinalis
2148 5835 2351 5904 Sirleti,
2417 5841 2571 5894 Actis
2601 5856 2631 5893 a
2660 5836 3024 5910 Metaphrastc
3073 5837 3399 5921 conscriptis
