3970 6444
562 354 669 418 615

1791 350 2080 412 MENSIS
2118 350 2589 415 SEPTEMBER-

3724 358 3830 422 616

563 498 619 539 et
640 481 768 538 alibi
796 490 1183 553 computantur
1216 482 1483 537 duntaxat
1512 480 1650 536 1104
1684 481 1977 546 ;existimo
2026 479 2131 536 Til-

2242 466 2368 520 huic
2417 475 2494 520 tot
2529 466 2890 523 adversantur
2916 481 3255 539 argumenta,
3282 480 3416 541 quot
3446 472 3679 528 Romqu
3711 491 3831 531 aevo

562 573 879 628 lemontiuin
928 587 1212 643 perperam
1263 572 1449 627 Graeca
1499 574 1750 627 vertisse.
1778 571 2134 628 Undeautem

559 666 613 718 in
640 664 1030 734 Supplementa
1075 665 1139 719 ad
1207 664 1410 718 Ilenaea
1480 680 1700 727 excusa,
1764 666 1922 733 cuius
1967 666 2132 720 verba

557 754 684 809 dedi
715 770 869 808 num.
892 754 943 819 7,
964 755 1028 808 ad
1045 754 1333 823 prmdictos
1360 753 1498 807 11οι
1519 754 1854 807 accesserint
1888 756 2133 824 triginta,

559 859 899 916 compertum
935 862 1041 901 noa
1076 848 1251 901 habeo
1284 865 1296 900 :
1332 861 1507 916 neque
1534 848 1603 899 ob
1636 847 1805 900 solam
1852 846 2134 917 Syriasarii

558 940 926 995 Sirmondiani
950 942 1333 994 auctoritatem
1360 956 1651 993 numerum
1702 940 1754 991 in
1814 938 2136 1009 Martyrolo-

555 1032 642 1102 gio
711 1033 959 1085 Romano
1014 1032 1350 1100 descriptum
1427 1046 1626 1099 augere
1700 1032 1865 1094 volui,
1934 1032 2012 1083 Ad
2075 1031 2133 1087 S.

563 1122 858 1177 Romulum
918 1127 1061 1189 quod
1121 1126 1337 1186 attinet,
1394 1136 1519 1177 eum
1584 1123 1793 1177 Pseudo
1828 1122 2025 1176 Dexter
2082 1125 2135 1176 in

555 1215 827 1269 Chronico
855 1215 920 1268 ad
954 1231 1157 1268 annum
1189 1215 1385 1269 Christi
1442 1215 1541 1269 l00
1568 1231 1724 1267 num.
1762 1213 1795 1266 2
1838 1214 2136 1282 llispanum

558 1305 687 1360 facit
735 1322 800 1359 ac
852 1307 1086 1375 Trajano
1138 1308 1511 1375 homupolum,
1568 1308 1640 1359 ita
1684 1306 1977 1360 scribens:
2020 1324 2037 1355 α
2076 1304 2134 1357 S.

555 1397 822 1453 Romulus
846 1395 1065 1466 Trajani
1107 1398 1337 1452 Ca'saris
1404 1398 1712 1466 praefectus,
1761 1398 1935 1465 patria
1996 1396 2140 1448 Itali—

554 1490 755 1543 ci-nsis.
793 1486 1060 1556 Hispanus
1097 1492 1149 1541 in
1179 1490 1490 1557 Hispaniam
1520 1490 1584 1540 ah
1643 1489 1835 1543 eodem
1871 1488 2138 1556 relegatus

554 1562 931 1634 inCeltiberia
968 1583 1190 1650 patitur.
1232 1601 1250 1633 ι
1291 1581 1497 1650 Nempe
1533 1582 1802 1634 innumeri
1874 1591 2137 1650 martyres

553 1673 621 1726 ad
646 1672 925 1726 Orientem
964 1676 1133 1743 passi,
1168 1691 1399 1742 quorum
1432 1676 1701 1727 duntaxat
1771 1675 2019 1727 meminit
2067 1689 2132 1726 ex

554 1765 793 1833 antiquis
824 1766 1138 1819 Gra'corum
1187 1766 1571 1835 Mcnologium,
1606 1766 2135 1819 PseudovArchimc-

2240 558 2332 613 illo
2366 575 2526 629 pares
2560 577 2688 617 esse
2723 572 3037 633 potuerunt,
3081 565 3282 619 nedum
3336 582 3497 635 pares
3548 568 3826 624 vixerunt.

2240 648 2515 705 "abemus
2579 654 2837 707 Actorum
2870 656 3034 709 verba
3071 672 3171 725 pro
3198 657 3345 710 mille
3375 660 3650 714 testibus:
3687 661 3832 715 Tum:

2239 741 2525 794 adductum
2577 742 2965 813 (Onesimum)
3007 748 3077 799 ad
3134 748 3371 801 tribunal
3425 749 3649 804 Tertulli
3708 770 3829 806 cum

2238 829 2464 885 Romulo
2500 834 2742 901 adjutore
2794 847 2840 888 et
2898 835 3071 904 Papia
3125 839 3394 904 spirituali
3449 845 3827 906 commilitone,

2238 922 2579 992 interrogavit
2614 924 2890 991 Tertullus,
2926 932 3100 982 dicens
3130 946 3147 981 :
3182 931 3311 994 Quis
3342 948 3394 983 cs
3422 933 3446 983 ?

2316 1016 2407 1068 12.
2444 1035 2461 1065 ι
2515 1014 2679 1071 Plane
2729 1020 2811 1072 vel
2870 1020 2959 1073 hic
3012 1021 3303 1075 Onesimus
3345 1024 3432 1076 ille
3490 1023 3833 1078 Philemonis

2238 1108 2602 1163 Collosseusis
2635 1126 2844 1172 servus,
2878 1114 2946 1164 de.
2995 1130 3104 1181 quo
3130 1115 3239 1181 agit
3285 1113 3488 1167 Paulus
3533 1119 3833 1183 Apostolus

2244 1201 2487 1271 Epistula
2530 1204 2596 1255 ad
2640 1201 2878 1258 Philem.
2922 1217 3084 1273 atque
3116 1206 3254 1259 idem
3293 1206 3604 1273 Ephesiuus
3639 1217 3832 1277 postea

2239 1296 2554 1362 episcopus,
2613 1305 2672 1347 ut
2722 1308 2949 1364 apparet
2978 1314 3043 1350 ex
3121 1298 3450 1365 Epistolas.
3510 1300 3703 1367 lgnatii
3766 1300 3834 1353 ad

2241 1374 2553 1451 Ephesios;
2595 1386 2679 1437 vel
2718 1398 2918 1455 martyr
2958 1388 3094 1440 alius
3153 1387 3249 1440 SS.
3308 1389 3487 1454 Alphii
3554 1390 3835 1441 Philadcl—

2241 1478 2352 1544 pliii
2395 1487 2447 1531 et
2479 1476 2664 1547 Cyrini
2704 1482 3025 1547 praeceptor,
3084 1479 3331 1534 Puteolis
3389 1492 3484 1533 aut
3542 1482 3595 1533 in
3647 1483 3835 1538 Sicilia

2240 1584 2344 1619 una
2405 1584 2526 1622 cum
2591 1570 2895 1636 iispussus,
2932 1571 3071 1637 quod
3132 1575 3302 1639 magis
3365 1572 3541 1639 placet
3575 1572 3835 1626 Ferrario

2240 1659 2293 1710 in
2321 1657 2494 1711 Catal.
2547 1666 2872 1714 banctorum
2930 1663 2993 1712 l6
3032 1662 3308 1714 Februarii
3358 1674 3411 1716 et
3463 1664 3523 1716 51
3590 1664 3741 1725 Julii,
3779 1676 3834 1717 et

2242 1750 2595 1803 Henschcnio
2658 1761 2787 1805 tum.
2819 1752 2860 1803 ll
2912 1751 3194 1803 Februarii
3259 1768 3376 1821 pag.
3407 1754 3532 1813 858,
3575 1757 3831 1819 num.t5,

550 1855 637 1909 dis
665 1858 823 1923 hujus
863 1858 1092 1925 (Dextri)
1121 1874 1284 1926 opera
1316 1859 1366 1910 in
1394 1860 1715 1911 hostractus
1747 1868 2131 1924 terrarumque

2240 1842 2657 1910 conl‘udisseque
2688 1844 3104 1913 Metaphrastem
3168 1847 3455 1913 utriusque
3506 1860 3593 1898 res
3624 1854 3833 1915 gestas.

553 1947 759 2014 ﬁnem,
800 1947 977 2003 Gades
1049 1949 1423 2011 transierunt,
1485 1951 1662 2018 inquit
1740 1953 1820 2003 vir
1875 1960 2131 2020 spectata:

551 2041 879 2095 eruditionis
954 2040 1014 2093 Ι).
1064 2041 1316 2097 Νἰοοιουε
1368 2044 1640 2095 Antonius
1688 2042 1740 2095 in
1804 2042 2003 2095 litteris
2062 2042 2130 2095 ad

550 2128 875 2186 Bollandum
899 2131 1039 2184 datis
1065 2147 1214 2185 anno
1239 2132 1392 2185 1658.
1413 2132 1557 2196 Quid
1588 2149 1712 2185 vero
1742 2133 2021 2200 speciatim
2063 2133 2132 2186 de

550 2222 611 2278 S.
670 2224 907 2277 Romulo
957 2225 1214 2287 senserit,
1279 2228 1462 2293 accipe
1497 2240 1561 2277 ex
1614 2240 1742 2288 mss.
1780 2225 1953 2291 ipsius
1984 2233 2134 2294 post-

550 2316 755 2380 humis,
802 2331 923 2387 qum
968 2315 1221 2386 Cuperus
1260 2331 1448 2371 noster
1515 2332 1661 2370 anno
1728 2317 1857 2371 1721
1920 2317 2130 2371 Madriti

551 2423 747 2477 magna
771 2423 837 2461 ex
872 2418 1023 2476 parte
1045 2408 1361 2476 descripsit.

625 2500 714 2555 l0.
753 2517 771 2549 ι
811 2499 1100 2552 Romulum
1157 2508 1372 2567 oportet
1422 2499 1639 2567 quidem
1695 2498 1837 2568 apud
1887 2498 2104 2553 Graecos

551 2594 813 2663 martyrio
848 2594 1120 2645 sublatum
1158 2609 1172 2643 :
1202 2590 1438 2657 quonulo
1464 2592 1608 2643 enim
1642 2592 1806 2643 homo
1834 2589 2128 2659 Hispanus,

552 2694 610 2739 et
641 2688 695 2738 in
752 2684 1008 2750 Hispania
1046 2700 1143 2752 pro
1179 2699 1303 2735 vera
1358 2683 1460 2736 ﬁde
1511 2685 1742 2746 occisus,
1779 2698 1995 2735 omnem
2050 2680 2131 2735 sui

552 2777 873 2832 memoriam
940 2776 1005 2830 ad
1087 2774 1305 2829 Gnaeos
1390 2775 1867 2845 transportaverit,
1930 2773 2130 2827 nullam

551 2868 698 2923 domi
734 2876 789 2919 et
820 2868 960 2935 apud
991 2882 1118 2921 suos
1153 2865 1487 2933 reliquerit?
1522 2866 1594 2919 De.
1626 2865 1729 2919 hoc
1776 2866 1971 2919 docere
2024 2877 2133 2915 non

554 2957 859 3011 debuerunt
884 2956 1029 3026 gravi
1058 2964 1489 3025 propugnatores
1520 2954 1923 3008 mendacissimi
1955 2952 2132 3005 Chro-

552 3049 688 3103 nici.
724 3050 790 3103 Et
836 3050 1079 3101 referunt
1115 3047 1215 3100 hoc
1264 3061 1518 3102 sermone
1574 3046 1741 3100 Grtl‘Ci
1806 3046 2131 3101 occisionem

558 3141 833 3211 martyris,
873 3140 1078 3196 nullum
1127 3148 1186 3192 ut
1228 3140 1499 3207 relinquat
1556 3140 1731 3193 locum
1794 3138 2129 3205 relegationi.

557 3231 823 3287 Romulus
851 3230 1072 3292 dicitur,
1104 3238 1385 3297 postquam
1429 3231 1693 3283 suasisset
1737 3227 1974 3281 Traiano
2026 3227 2130 3280 mi-

554 3320 708 3375 litum
739 3320 1175 3378 Christianorum
1202 3318 1428 3384 cmdern,
1460 3320 1512 3373 in
1544 3334 1601 3374 se
1629 3333 1927 3375 conversus
1952 3318 2131 3372 credi-

551 3411 696 3467 disse
725 3412 779 3465 in
799 3410 1097 3471 Christum,
1122 3411 1615 3480 imperatoremque
1645 3410 1941 3477 impietatis
1967 3423 2131 3463 accu-

556 3518 723 3559 sasse.
756 3522 774 3554 ι
836 3502 975 3556 Tum
1007 3502 1190 3556 subdit
1225 3503 1385 3555 verba
1413 3503 1660 3571 qua-dam
1707 3515 1771 3552 ex
1824 3498 2131 3568 Menologio

554 3594 739 3650 Basilii
782 3602 837 3648 et
904 3609 970 3647 ex
1016 3592 1403 3663 Metaphraste,
1458 3592 1581 3646 dein
1614 3592 1691 3645 sic
1753 3604 2129 3660 prosequens:

558 3705 578 3740 ι
613 3686 830 3741 Nullum
858 3687 947 3741 hic
978 3686 1135 3740 fateri
1162 3701 1301 3753 opus
1324 3694 1407 3740 est
1446 3684 1793 3753 Hispaniensi
1851 3683 2135 3749 relegatio-

553 3778 665 3839 nis,
725 3776 1093 3843 Celtiberique
1159 3775 1402 3844 martyrii
1466 3773 1804 3839 nstigium;
1866 3772 2131 3840 siquidem

554 3866 843 3936 Traianum
877 3867 927 3917 in
961 3863 1272 3933 Hispaniam
1302 3862 1514 3919 venisse
1539 3878 1839 3932 nunquam,
1866 3879 1927 3915 ex
1965 3862 2132 3917 Dione

552 3966 607 4011 et
633 3957 751 4012 aliis
778 3957 1278 4026 compertissimum
1308 3965 1413 4008 est.
1445 3973 1462 4004 ι
1501 3954 1772 4009 Hactenus
1801 3954 1867 4006 de
1900 3953 2132 4007 adducto

552 4048 806 4101 Chroniei
858 4049 1019 4111 loco;
1076 4050 1220 4115 quod
1287 4048 1534 4114 sequitur
1593 4045 1718 4098 ierit
1786 4042 2147 4112 potissimum

551 4138 818 4192 Joannem
854 4136 1153 4208 Tamayum
1208 4136 1426 4192 Salazar
1470 4136 1890 4206 martyrologum
1942 4136 2134 4205 llispa-

551 4244 707 4290 num,
767 4228 860 4296 qui
915 4228 966 4280 in
1023 4226 1176 4281 Notis
1215 4228 1280 4279 ad
1343 4227 1377 4280 5
1431 4225 1768 4295 Septembris
1840 4224 1942 4280 alia
1998 4224 2131 4279 lalsa

551 4336 617 4375 ex
674 4318 891 4372 Bivario
943 4317 1333 4386 superaddidit.

624 4426 713 4482 il.
756 4443 775 4478 ι
810 4422 927 4479 Non
962 4433 1145 4478 autem
1197 4424 1435 4478 contenti
1484 4424 1716 4480 Romulo
1752 4425 1870 4481 cive
1899 4432 1955 4479 et
1986 4440 2132 4479 mar-

553 4527 669 4587 tyre
699 4515 881 4569 Dextri
916 4515 1163 4570 vindices
1204 4513 1447 4569 Bivarins
1477 4525 1533 4569 et
1563 4516 1819 4585 Tamajus
1862 4520 2130 4587 progressi
2164 4533 2208 4587 ι)

552 4614 684 4660 sunt
742 4604 990 4669 ulterius,
1061 4613 1117 4657 et
1178 4607 1320 4674 quod
1392 4607 1444 4658 in
1492 4606 1640 4661 Actis
1693 4602 1931 4663 Onesimi
1976 4625 2005 4667 a
2045 4609 2133 4663 Si-

550 4711 744 4751 meoue
774 4697 1033 4765 scriptum
1087 4696 1253 4749 fuerit
1305 4695 2034 4769 Metaphraste(l“ebruario
2065 4699 2133 4753 16

560 4788 706 4856 apud
737 4784 957 4839 Suriqu
992 4796 1126 4840 tom.
1158 4790 1199 4851 l,
1232 4794 1248 4857 )
1292 4790 1528 4845 oblatum
1565 4806 1689 4843 eum
1726 4788 1965 4845 Tertullo
1998 4805 2134 4859 prse-

552 4881 653 4934 sidi
688 4894 791 4933 una
814 4895 937 4933 cum
967 4881 1129 4934 sociis
1161 4879 1393 4935 Romulo
1424 4894 1476 4936 ct
1505 4882 1664 4951 Papia
1700 4900 1715 4949 ;
1745 4884 1946 4947 statim,
1977 4883 2130 4951 quasi

549 4972 849 5029 revelatum
906 4972 1009 5025 sibi
1046 4973 1307 5025 divinitus
1350 4974 1561 5033 luisset,
1604 4974 1849 5025 Bivarius
1883 4988 1990 5027 non
2030 4974 2130 5027 du-

549 5065 789 5120 bitanter
827 5063 1093 5117 allirmare
1140 5078 1305 5117 ausus
1351 5074 1459 5127 est,
1521 5066 1775 5118 cunulem
1836 5064 1978 5123 hunc
2008 5078 2131 5117 esse

554 5174 681 5212 cum
722 5168 909 5211 nostro
937 5156 1212 5218 “urnula;
1249 5159 1334 5210 cui
1372 5159 1661 5210 temerario
1692 5157 1851 5210 ausui
1885 5162 2129 5211 obstrin-

552 5262 679 5318 gere
749 5247 825 5299 nil
878 5247 1084 5299 veritus
1133 5244 1371 5300 Joannes
1413 5248 1691 5315 Tamaius,
1732 5249 1783 5299 in
1836 5250 1967 5301 Acta
2010 5252 2126 5316 ipsa

550 5338 791 5402 Romuli,
831 5353 949 5408 qua:
986 5338 1055 5390 ad
1107 5339 1366 5392 obruzam
1420 5340 1534 5393 veri
1588 5347 1642 5394 et
1695 5341 1959 5409 comperti
2015 5356 2122 5395 non

549 5430 685 5484 alias
731 5427 951 5481 formari
982 5427 1063 5480 las
1090 5438 1146 5483 et
1173 5444 1385 5498 aequum
1416 5430 1539 5494 iuit,
1572 5430 1920 5484 vanissimam
1953 5430 2125 5484 admi-

548 5521 619 5575 sit
644 5518 842 5572 Bivarii
870 5519 1237 5587 conjecturam
1266 5536 1280 5586 ;
1314 5520 1715 5591 Romulumque
1739 5521 1956 5591 Trajani
1981 5522 2125 5577 hunc

552 5611 867 5692 praelectum
907 5610 1149 5663 (mesimi
1199 5612 1408 5666 socium
1461 5610 1611 5665 illum
1676 5614 1976 5667 constituit.
2018 5611 2123 5666 Sed

548 5721 817 5774 quaenam.
859 5705 960 5771 ais,
1014 5705 1319 5775 iujecerunt
1383 5706 1522 5763 banc
1575 5719 1811 5764 mentem
1865 5706 2125 5763 Bivario?

550 5797 631 5851 An
680 5799 850 5855 solam
882 5800 1126 5856 nominis
1185 5801 1452 5857 rationem
1510 5814 1733 5857 secutus
1793 5801 1940 5857 fuit?
1983 5801 2120 5856 Nam

2239 1936 2296 1991 Si
2358 1940 2594 2007 primum
2648 1940 2873 2003 dixeris,
2918 1943 3072 1993 lateri
3129 1953 3343 2008 oportet
3401 1952 3831 2009 consequenter,

2236 2030 2551 2093 Romulum,
2582 2048 2741 2099 quem
2773 2034 3013 2099 apellant
3066 2034 3373 2101 adiutorem
3401 2038 3643 2103 cpiScOpi
3693 2040 3831 2091 Acta

2234 2123 2501 2186 Oucsimi,
2535 2126 2700 2177 alium
2755 2142 2976 2191 prorsus
3019 2126 3087 2178 ab
3120 2142 3185 2177 νο
3216 2126 3405 2191 fuisse,
3458 2129 3550 2195 qui
3604 2141 3836 2197 propter

2235 2216 2620 2285 opprobratain
2688 2216 2923 2286 Traiano
3006 2219 3373 2287 impietatem.
3464 2222 3624 2286 cujus
3691 2223 3833 2276 aulae

2235 2311 2491 2378 magister
2538 2321 2673 2374 erat,
2718 2327 2936 2364 causam
2979 2327 3159 2363 coram
3197 2329 3264 2365 eo
3312 2314 3467 2366 dixit.
3522 2312 3627 2378 Qui
3680 2318 3829 2368 enim

2236 2402 2399 2456 simul
2431 2417 2557 2454 esse
2596 2411 2807 2465 poterat
2860 2404 3095 2470 praetorii
3147 2403 3373 2473 Augusti
3433 2409 3729 2473 puere-ctus
3776 2414 3832 2459 et

2238 2492 2492 2561 Ephesini
2580 2493 2821 2561 episcopi
2889 2494 3222 2561 coadjutor?
3297 2492 3492 2562 Neque
3551 2498 3683 2549 item
3748 2498 3831 2551 sic

2230 2586 2418 2655 jejuno
2450 2587 2581 2639 Acta
2613 2587 2680 2640 de
2715 2584 2948 2640 Romulo
2986 2596 3151 2641 tanta:
3184 2589 3236 2640 in
3292 2588 3495 2642 saeculo
3542 2589 3831 2657 dignitatis

2238 2678 2353 2730 viro
2432 2688 2679 2747 agerent,
2747 2688 2806 2730 ut
2855 2680 3136 2746 quaerendi
3192 2680 3369 2731 locum
3428 2680 3828 2748 relinquerent,

2234 2767 2360 2836 quis
2408 2768 2491 2819 ille
2522 2777 2687 2820 esset.
2720 2767 2772 2819 Si
2809 2784 2933 2821 vere
2964 2768 3317 2821 Puteolanum
3353 2781 3647 2840 martyrem
3680 2773 3830 2827 hunc

2239 2860 2459 2920 dixeris,
2517 2860 2650 2912 nihil
2702 2860 2919 2913 adcum
2980 2863 3255 2927 pertinere
3314 2864 3405 2932 qui
3464 2865 3565 2917 sub
3616 2866 3829 2919 ultimis

2237 2950 2468 3007 ethnicis
2510 2953 3075 3021 imperatoribus,hoc
3102 2965 3203 3017 est,
3240 2957 3320 3009 vel
3358 2958 3522 3009 Decio
3552 2958 3636 3011 vel
3686 2957 3833 3013 Lici-

2240 3045 2329 3098 nio
2368 3046 2746 3113 triumphavit,
2781 3046 3071 3100 liomulum
3097 3046 3317 3114 Trajani
3343 3058 3634 3119 martyrem
3665 3051 3828 3106 fateri

2239 3138 2645 3201 compellantur.
2690 3137 2859 3191 Porro
2904 3140 3033 3207 quid
3064 3139 3262 3193 mirum
3311 3141 3365 3194 in
3400 3140 3498 3196 has
3541 3148 3833 3207 angustias

2238 3227 2502 3290 deveniri,
2540 3229 2759 3297 quando
2788 3231 3025 3300 undique
3066 3233 3301 3287 corrasis
3340 3235 3505 3287 etiam
3530 3235 3830 3290 levissimis

2236 3321 2574 3390 argumentis
2606 3330 2713 3374 tam
2748 3338 2915 3376 sacrae
2952 3340 3040 3378 res
3100 3326 3454 3378 tractantur?
3506 3324 3635 3390 Quae
3689 3324 3828 3379 falsa

2236 3421 2382 3474 sunt,
2426 3422 2573 3464 certe
2616 3423 2895 3478 nequeunt
2925 3414 3266 3481 comprobari
3301 3415 3423 3467 aliis
3454 3418 3557 3468 nisi
3594 3415 3826 3484 inepte;

2238 3510 2294 3555 et
2343 3515 2565 3553 movere
2616 3500 2818 3567 aliquid
2882 3506 3117 3569 oportet,
3158 3512 3215 3555 ut
3272 3504 3404 3558 nihil
3464 3506 3573 3557 tiat.
3611 3523 3629 3556 ι
3698 3504 3827 3560 Hac

2236 3602 2429 3646 contra
2464 3592 2795 3646 labulatores
2832 3592 2951 3647 illos
2982 3595 3229 3649 eruditus
3269 3596 3563 3666 lliSpanus.

2310 3685 2395 3741 15.
2424 3687 2690 3740 Cancrum
2725 3687 2825 3740 ista
2854 3690 3138 3755 persuasio
3164 3690 3231 3742 de
3255 3694 3431 3758 patria
3470 3691 3529 3746 S.
3596 3689 3824 3747 Romuli

2236 3777 2578 3831 occasionem
2616 3777 2767 3829 dedit
2813 3776 3041 3829 solemni
3103 3780 3222 3845 ejus
3257 3782 3426 3833 cultui
3492 3784 3593 3835 hoc
3625 3784 3719 3837 die
3772 3786 3829 3838 in

2238 3868 2461 3941 dioecesi
2488 3866 2817 3935 Hispalensi,
2848 3874 3003 3932 prout
3034 3876 3219 3919 narrat
3251 3868 3543 3938 Tamayus,
3578 3886 3701 3937 pag.
3756 3871 3821 3923 61

2238 3957 2323 4009 his
2354 3956 2573 4010 verbis:
2616 3972 2635 4005 ι
2690 3955 2933 4024 Denique
2959 3971 3082 4010 cum
3136 3957 3487 4025 arcliipi'wsul
3520 3958 3582 4011 υ.
3615 3959 3676 4011 D.
3718 3957 3829 4015 Pe-

2240 4058 2355 4101 trus
2379 4048 2445 4101 de
2472 4047 2663 4103 Castro
2694 4058 2749 4102 ct
2778 4049 3081 4113 Quioones,
3111 4049 3448 4119 llispalcnsis
3508 4052 3652 4107 sedis
3702 4070 3821 4108 me-

2240 4142 2513 4211 tropolita,
2561 4142 2929 4196 referentibus
2976 4140 3193 4195 Decauo
3282 4152 3338 4200 et
3399 4145 3639 4213 capitulo
3706 4162 3826 4200 suae

2238 4232 2618 4285 illustrissimae
2674 4232 2932 4286 Ecclesia:
2988 4243 3042 4286 et
3102 4234 3222 4286 aliis
3267 4234 3601 4289 doctissimis
3660 4236 3821 4302 viris,

2238 4325 2585 4391 cognovisset
2615 4324 2763 4375 hunc
2836 4333 3086 4376 sanctum
3156 4336 3449 4392 martyrem
3492 4340 3555 4377 ex
3606 4325 3821 4388 Italica,

2238 4427 2350 4468 sine
2382 4414 2637 4473 diwcesis
2669 4415 2802 4468 urbe
2853 4416 3143 4471 oriundum
3198 4417 3409 4482 fuisse;
3467 4433 3615 4472 anno
3676 4420 3823 4475 1624

2238 4507 2313 4559 illi
2349 4511 2554 4562 cultum
2583 4524 2707 4561 cum
2747 4506 2936 4563 Ullicio
2959 4510 3167 4578 duplici
3204 4511 3257 4563 in
3319 4512 3566 4576 dioecesi,
3618 4523 3673 4567 et
3726 4530 3823 4569 se-

2241 4600 2436 4653 cauda:
2467 4601 2658 4653 classis
2682 4605 2735 4652 in
2762 4600 2904 4663 loco,
2947 4603 3037 4655 ubi
3076 4603 3207 4655 olim
3244 4602 3424 4656 Italica
3449 4604 3571 4669 luit,
3620 4606 3823 4660 detulit

2237 4700 2291 4744 et
2318 4690 2499 4744 hocin
2562 4701 2843 4760 posterum
2909 4693 3193 4747 observari
3266 4694 3545 4764 praecepit,
3606 4696 3819 4752 virtute

2236 4781 2637 4850 privilegiorum
2670 4798 2701 4836 a
2732 4783 2961 4838 summis
3017 4786 3366 4855 pontificibus
3418 4803 3818 4842 conccssoruin

2234 4875 2556 4946 praesulibus
2613 4875 2962 4941 Hispaniae.»
3023 4876 3128 4930 Sed
3193 4893 3396 4933 novum
3459 4880 3551 4933 bic
3619 4896 3819 4946 rursus

2234 4966 2997 5032 errorcmadmiscuit;nam
3057 4968 3360 5024 Rodericus
3426 4975 3587 5035 Caro,
3648 4944 3818 5042 quem

2233 5062 2389 5123 citat,
2462 5062 2515 5111 in
2565 5062 2977 5127 Antiquitatibus
3056 5062 3482 5128 Hispalensibus,
3548 5067 3641 5123 fol.
3711 5069 3818 5121 t06

2231 5156 2597 5223 quadriennio
2626 5158 2786 5209 citius
2811 5157 2861 5207 id
2900 5158 3101 5209 factum
3140 5158 3320 5219 tradit,
3369 5161 3631 5211 nimirum
3665 5175 3819 5213 attito

2233 5247 2410 5302 lli-20:
2451 5262 2597 5302 certe
2632 5250 2745 5302 tieri
2776 5249 2967 5309 debuit
2997 5258 3123 5302 ante
3161 5250 3233 5301 ‘20
3271 5249 3587 5305 Decembris
3647 5252 3809 5318 1623,

2230 5357 2339 5410 quo
2378 5342 2692 5410 praedictum
2735 5343 3203 5413 archiepiscopum
3239 5343 3460 5398 Petrum
3520 5348 3589 5400 de
3615 5348 3813 5401 (lustro

2231 5446 2259 5485 a
2288 5433 2421 5485 vivis
2438 5433 2741 5485 excessisse
2768 5433 3036 5502 'l'amayus
3062 5435 3178 5501 ipse
3225 5434 3293 5487 ad
3326 5435 3385 5489 tl
3454 5434 3632 5489 Martii
3683 5452 3811 5508 pag.

2227 5524 2352 5587 201,
2392 5523 2590 5593 aliique
2622 5536 2871 5579 auctores
2892 5529 3119 5595 Hispani
3157 5536 3428 5583 asserunt.

2301 5618 2386 5670 14.
2424 5616 2495 5668 De
2535 5627 2776 5686 tempore
2803 5659 2818 5685 ,
2843 5633 2952 5687 quo
2985 5620 3127 5689 passi
3186 5618 3361 5683 fuere,
3410 5620 3667 5676 observat
3706 5623 3808 5679 Pa-

2227 5711 2347 5781 gius
2406 5710 2459 5763 in
2514 5710 2710 5765 Critica
2774 5711 2991 5766 Baronii
3041 5713 3107 5765 ad
3136 5728 3339 5767 annum
3402 5714 3527 5780 106,
3564 5731 3718 5770 num.
3748 5719 3802 5777 5.

2232 5802 2549 5871 contingere
2576 5818 2682 5854 non
2714 5805 2961 5871 potuisse
2990 5806 3309 5869 martyrium
3358 5805 3415 5860 S.
3483 5808 3704 5863 Romuli
3753 5820 3805 5862 et
