3970 6466
176 406 272 471 617

1156 400 1344 461 ACTA
1386 399 1488 460 ss.
1527 396 1873 473 EUDOXII,
1919 395 2239 469 ROMULI,
2284 397 2443 459 ETC.

3309 402 3417 467 618

176 526 334 579 esset,
369 512 537 568 morti
577 510 939 572 addictorutn,
970 519 1095 563 ante
1130 524 1334 562 annum
1365 508 1490 570 HQ,
1553 523 1660 577 quo
1708 510 1750 562 is
1782 512 1822 567 Α
1855 518 1911 562 ιιι
1947 508 2045 579 ipsi
2075 510 2312 571 tradunt.
2350 524 2632 579 passorum
2668 524 2752 564 res
2791 520 2966 579 gestas
2994 513 3045 567 in
3082 529 3244 571 unam
3273 533 3421 574 eam.

178 614 469 678 imperator
506 606 556 656 itt
595 603 872 656 Orientem
929 600 1251 655 transmisit.
1309 601 1652 653 Castellanus
1691 600 1745 652 in

176 700 551 769 Martyrologio
588 694 900 755 universali,
946 708 1063 762 pag.
1088 692 1191 747 979
1242 702 1517 746 certamen
1547 693 1602 745 ὃ.
1643 692 1751 745 Ro-

175 793 298 847 mttli
343 793 627 861 consignat
681 790 794 857 ipso
844 802 988 840 anno
1044 784 1189 840 H2:
1225 794 1403 839 utrum
1437 797 1604 847 recte,
1641 800 1746 838 non

171 885 339 938 ausim
376 896 655 937 asserere:
683 878 1064 933 Tillemontius
1116 876 1261 931 enim
1300 885 1433 931 tom.
1476 877 1515 929 ll
1574 876 1748 945 Impe-

172 986 433 1038 rctorstm,
469 973 603 1027 Nota
632 972 694 1026 17
719 971 867 1024 etin
913 970 965 1023 in
1016 968 1333 1034 Traianum,
1392 969 1748 1037 probabiliter

171 1070 359 1121 statuit
388 1065 657 1133 duplicem
689 1062 1080 1131 profectionem
1106 1060 1328 1126 Traiani
1366 1061 1417 1111 in
1439 1059 1740 1125 Orientem,

172 1160 398 1227 primam
428 1170 572 1210 anno
604 1154 704 1209 106
726 1154 970 1219 ,alteram
1006 1168 1111 1206 non
1164 1152 1268 1204 nisi
1298 1166 1443 1205 anno
1492 1151 1607 1204 114.
1665 1153 1746 1207 Ad

170 1246 259 1301 SS.
290 1246 597 1300 Eudoxiutn
630 1254 685 1299 et
709 1245 885 1299 socios
945 1242 1095 1311 quod
1140 1250 1371 1310 spectat,
1434 1242 1743 1312 martyrium

171 1345 221 1397 hi
250 1351 709 1397 consummarunt
762 1341 863 1395 sub
896 1338 1228 1392 Diocletiano
1294 1352 1361 1391 ex
1416 1337 1700 1393 antedictis
1726 1377 1741 1403 ,

170 1452 329 1501 anno,
361 1445 421 1490 ut
442 1435 632 1491 Surius
653 1442 826 1493 notat,
860 1431 987 1486 290.
1023 1429 1288 1484 Baronius
1318 1439 1500 1483 autem
1548 1431 1600 1484 in
1628 1430 1739 1483 An-

170 1527 383 1579 nalibus
410 1524 643 1593 primum
679 1522 746 1577 de
782 1521 917 1590 ipsis
957 1518 1205 1573 meminit
1253 1518 1321 1571 ad
1372 1533 1575 1571 annum
1616 1518 1741 1583 511,

168 1631 314 1667 num.
347 1614 438 1667 2|.
474 1612 676 1665 Ilorutn
713 1612 963 1681 palaestra
1021 1608 1124 1661 fuit
1156 1607 1395 1661 Melitina
1424 1622 1521 1661 seu
1589 1606 1742 1661 Meli-

167 1716 284 1758 tene
308 1704 364 1756 in
397 1702 653 1755 Armenia
674 1700 863 1754 Minori
896 1699 961 1753 ad
1012 1698 1342 1766 Euphratem
1407 1695 1653 1749 ﬂuvium.
1682 1697 1740 1750 ὃ.

168 1795 430 1849 Romulus
464 1810 590 1849 vero
629 1809 818 1864 passus
844 1792 1056 1845 videtur
1080 1790 1383 1853 inGr-Jecia,
1408 1790 1570 1843 sicuti
1615 1806 1740 1844 eum

172 1887 484 1942 Calesittius
514 1886 824 1947 annuntiat,
861 1897 984 1935 cum
1006 1882 1125 1934 aliis
1142 1880 1361 1949 quidem
1392 1882 1737 1949 martyribus,

168 1980 255 2033 sed
278 1994 421 2049 quos
447 1988 632 2049 postea
663 1974 854 2029 scribit
875 1972 1005 2026 alibi
1041 1980 1332 2026 coronatos
1390 1986 1534 2036 esse,
1582 1973 1739 2027 vide-

167 2071 281 2125 licet
316 2072 371 2124 in
406 2070 744 2124 Armenia-et
768 2076 1013 2135 tempore
1048 2062 1383 2118 Maximiani.
1415 2062 1547 2118 Vide
1577 2080 1739 2134 supra

168 2179 291 2219 ttttttt
308 2201 323 2215 .
346 2164 403 2225 2,
437 2157 823 2228 Menologiuut.

237 2256 322 2307 15.
359 2254 491 2305 Acta
560 2250 768 2314 Graeca,
807 2251 1059 2319 'quorum
1112 2249 1507 2321 apograpbum,
1554 2248 1739 2305 nescio

170 2344 308 2397 unde
356 2351 663 2411 acceptum,
703 2341 974 2395 habemus
1024 2341 1125 2395 hoc
1176 2341 1331 2395 titulo
1376 2340 1739 2411 ιΜαρτύριον

165 2434 265 2487 τῶν
298 2435 475 2501 ἁγίων
499 2435 592 2487 καὶ
613 2432 843 2497 ἐνδόξων
868 2432 964 2485 τοῦ
986 2431 1224 2501 Χριστοῦ
1251 2433 1549 2502 μαρτύρων
1580 2432 1740 2485 Εὐδο-

167 2527 295 2593 ξίου,
351 2526 658 2596 Ῥωμύλου,
697 2526 944 2595 Ζήνωνος
990 2524 1085 2577 καὶ
1132 2524 1449 2592 Μακαρίου,
1513 2524 1568 2578 id
1599 2532 1734 2578 est:

169 2620 483 2688 Martyrium
522 2626 822 2671 sanctorum
855 2624 903 2668 et
930 2614 1280 2685 gloriosorunt
1304 2613 1503 2669 Christi
1539 2622 1739 2683 marty-

169 2725 280 2762 rum
306 2709 564 2773 Eudoxii,
598 2707 829 2770 Romuli,
878 2707 1103 2761 Zenonis
1162 2717 1211 2761 et
1264 2707 1517 2773 Macarii,
1549 2723 1615 2762 ex
1642 2722 1740 2760 an-

174 2800 327 2867 tiquis
360 2798 733 2853 monumentis
758 2799 1089 2866 conscripsit
1127 2798 1547 2867 Metaphrastes,
1579 2797 1739 2867 eique

173 2888 255 2941 illa
288 2884 669 2942 indubitanter
694 2887 942 2941 attribuit
966 2887 1078 2940 Leo
1124 2885 1355 2941 Allatius
1400 2886 1455 2940 in
1495 2886 1737 2940 Diatriba

173 2979 235 3034 de
263 2981 601 3050 Symeonum
644 2978 884 3048 scriptis,
930 2994 1053 3048 pag.
1090 2977 1189 3033 129
1230 2978 1442 3032 initium
1479 2978 1735 3035 recitatis.

173 3071 356 3126 Latine
398 3087 555 3125 versa
581 3070 747 3126 edidit
779 3072 1029 3140 Aloysius
1082 3070 1417 3139 Lipomanus
1446 3072 1738 3141 episcopus

1855 602 2089 670 dentque
2145 601 2519 655 narrationem
2573 601 2929 670 conjecerint.
2991 603 3067 657 Ex
3126 606 3419 662 collatione

1856 694 2114 747 Actorum
2146 709 2270 749 cum
2308 692 2515 763 Elogio,
2537 693 2682 762 quod
2702 704 2879 749 exstat
2901 697 2952 749 in
2976 696 3193 752 Menaeis
3208 704 3419 771 magnis

1854 784 2154 854 impressis,
2212 794 2357 854 patet
2394 785 2484 839 illa
2520 802 2582 841 es
2637 786 2741 841 hoc
2782 789 3113 843 concinnata
3164 806 3305 855 esse,
3362 802 3420 846 at

1854 876 2085 930 multum
2137 876 2356 931 aliunde
2414 876 2741 947 ampliﬁcata
2796 894 2811 931 :
2860 893 2923 933 ex
2982 880 3181 949 quibus
3234 891 3416 937 autem

1851 966 2242 1028 monumentis,
2275 968 2487 1036 ignoro.

1923 1058 2011 1113 16.
2057 1059 2215 1113 Certe
2235 1060 2454 1129 quidem
2506 1060 2595 1114 illa
2639 1060 2987 1130 ampliﬁcatio
3029 1063 3165 1117 facta
3192 1078 3301 1119 non
3330 1076 3418 1120 est

1848 1164 1914 1202 ex
1972 1148 2283 1204 narratione
2333 1164 2430 1204 seu
2472 1151 2650 1221 elogio
2694 1149 2980 1222 Menologii
3012 1150 3269 1209 Basiliani
3310 1154 3417 1210 :in

1851 1241 1956 1293 hoc
1982 1256 2216 1309 namque
2276 1242 2474 1296 dicitur
2530 1242 2588 1297 S.
2628 1243 2888 1299 Romulus
2932 1254 3124 1298 auctor
3179 1247 3415 1314 primum

1850 1333 2021 1386 fuisse
2053 1331 2311 1401 Traiano,
2342 1335 2665 1388 ἀποστεῖλαι
2694 1336 2775 1399 εἰς
2800 1336 2894 1407 τὴν
2942 1336 3170 1390 Γαλλίαν
3196 1348 3327 1404 etc.,
3356 1352 3417 1393 ut

1849 1423 2113 1486 mitteret,
2144 1423 2251 1487 vel,
2293 1423 2370 1477 uti
2397 1424 2705 1480 Galesinius
2724 1434 2777 1480 et
2804 1425 3079 1482 Arcudius
3108 1439 3410 1494 verterunt,

1848 1514 1949 1567 iret
1976 1515 2309 1580 iteGalliam,
2336 1516 2628 1571 Asiaticam
2649 1532 2871 1587 nempe,
2907 1518 2959 1572 id
2989 1528 3094 1582 est,
3121 1519 3411 1585 Calatiam,

1847 1608 2156 1677 militesque
2198 1607 2542 1664 Christianos
2574 1608 2682 1663 diis
2710 1608 2996 1666 immolare
3029 1613 3412 1681 compelleret;

1846 1698 2042 1753 deinde
2081 1700 2403 1769 poenitentia
2431 1699 2631 1755 ductus
2653 1700 2951 1757 credidisse
2995 1702 3050 1755 in
3112 1703 3412 1758 Christum.

1848 1789 2243 1858 Metaphrastes
2274 1808 2423 1857 vero,
2455 1792 2721 1847 mirabilia
2746 1795 2998 1850 omittere
3024 1795 3167 1850 haud
3198 1795 3409 1858 solitus.

1845 1883 2069 1950 impium
2100 1883 2232 1936 illttd
2287 1882 2504 1938 Romuli
2533 1885 2840 1950 consilium,
2870 1894 3109 1941 secutam
3143 1889 3413 1956 poeniten—

1842 1973 1972 2031 tiam
2020 1984 2076 2027 et
2094 1975 2517 2029 conversionem
2568 1990 2639 2031 ne
2681 1976 2850 2032 verbo
2885 1978 3106 2047 quidem
3144 1978 3361 2048 attingit
3393 1995 3409 2031 :

1844 2065 1952 2120 imo
2001 2076 2188 2121 contra
2236 2067 2495 2132 insinuat,
2552 2082 2678 2122 eum
2732 2069 2839 2138 iam
2881 2079 3009 2124 ante
3040 2070 3409 2126 Christianum

1844 2155 2033 2213 fuisse.
2067 2157 2218 2212 Mitto
2243 2158 2377 2212 alias
2421 2147 2842 2228 discrepantias,
2895 2158 3055 2215 facile
3094 2161 3164 2214 ab
3196 2162 3410 2217 erudito

1842 2249 2045 2303 lectore
2120 2251 2512 2308 observandas.
2575 2250 2728 2316 Quod
2789 2262 2995 2321 spectat
3044 2254 3110 2307 ad
3158 2254 3408 2309 undecim

1842 2340 2000 2395 mille
2027 2340 2293 2410 relegatos
2316 2342 2538 2407 milites,
2586 2361 2603 2393 ι
2642 2339 2970 2411 Coniectura
3007 2342 3278 2409 ducimur,
3322 2346 3408 2399 in-

1842 2432 1964 2500 quit
1999 2432 2264 2485 Baronius
2294 2432 2361 2486 ad
2397 2447 2601 2486 annum
2638 2432 2758 2497 108,
2808 2443 2864 2487 ιιι
2895 2435 3271 2491 existimemus
3311 2436 3409 2490 hos

1842 2522 1961 2577 illos
2008 2524 2152 2592 ipsos
2174 2538 2293 2577 esse
2325 2524 2515 2578 decem
2550 2525 2694 2580 mille
2725 2526 3204 2593 praestantissimos
3259 2543 3408 2580 tuar-

1843 2623 2005 2683 tyrcs,
2045 2614 2135 2682 qui
2168 2614 2221 2667 in
2253 2615 2403 2670 silvis
2438 2616 2638 2670 montis
2666 2616 2857 2670 Ararat
2893 2617 2949 2670 in
2990 2617 3246 2673 Armenia
3281 2629 3409 2674 sunt

1840 2704 2107 2758 cruciﬁxi.
2158 2725 2176 2756 ι
2216 2705 2329 2761 lloc
2370 2706 2415 2761 si
2452 2721 2641 2761 verum
2694 2707 2783 2770 sit,
2827 2708 3129 2763 manifestae
3164 2709 3407 2765 falsitatis

1840 2796 2242 2851 convincuntur
2304 2798 2532 2851 istorum
2591 2798 2969 2853 cruciﬁxorom
3023 2798 3191 2865 Acta;
3242 2800 3406 2853 Baro-

1842 2888 1965 2942 nius
2013 2889 2212 2957 quippe
2251 2887 2372 2941 loco
2419 2887 2585 2942 citato
2626 2887 2928 2957 praemittit,
2966 2887 3217 2942 undecim
3262 2888 3407 2943 mille

1842 2980 2043 3034 milites
2074 2980 2327 3034 inventos
2367 2979 2540 3034 fuisse
2568 2980 2909 3035 Christianos
2936 2996 2964 3033 a
2991 2979 3225 3049 Trajano
3245 2997 3405 3035 exer—

1840 3071 2005 3125 citum
2055 3070 2320 3124 lustrante
2366 3081 2668 3139 :martyres
2702 3080 2879 3125 autem
2935 3070 3193 3124 Crucit‘txi
3233 3072 3402 3125 idolo—

172 3161 500 3215 Vcronensis
529 3170 676 3214 tomo
710 3160 774 3214 Vl
809 3161 1051 3212 \‘itarum
1094 3159 1219 3221 SS.,
1260 3176 1421 3227 quam
1460 3162 1734 3229 interpre~
1763 3186 1805 3244 ε
1841 3163 1986 3216 [atrae
2010 3160 2187 3215 adhuc
2209 3170 2361 3215 erant
2406 3170 2649 3230 tempore
2671 3160 2917 3225 Adriani,
2941 3162 3159 3232 quando
3184 3162 3406 3233 angelus

172 3255 423 3307 tationem
454 3252 682 3307 interius
706 3252 981 3317 rccudam,
1014 3252 1109 3306 sed
1136 3266 1284 3305 more
1297 3260 1481 3304 nostro
1504 3251 1732 3305 divisam

174 3345 220 3397 in
249 3349 424 3416 capita
450 3356 505 3401 et
539 3363 821 3412 numeros,
849 3355 909 3402 ut
930 3345 1129 3401 Gra‘cze
1154 3342 1453 3399 narrationi
1489 3341 1743 3397 similiter

172 3436 472 3490 dividenda:
511 3441 855 3507 respondeat.
909 3436 1178 3491 Baronius
1212 3435 1279 3489 ad
1324 3435 1470 3490 hunc
1493 3433 1637 3487 diem
1676 3448 1738 3486 ca

172 3542 322 3580 vocat
348 3530 479 3581 Acta
515 3531 571 3581 S.
631 3530 870 3591 Ilomuli,
931 3528 1054 3596 quia
1105 3542 1299 3592 nempe
1354 3526 1420 3578 de
1471 3526 1589 3593 ipso
1631 3525 1741 3592 agit

174 3615 315 3685 prior
348 3620 563 3672 illorum
594 3635 747 3687 pars;
786 3627 841 3671 at
885 3619 1087 3670 rectius
1122 3615 1189 3668 ab
1232 3614 1355 3668 aliis
1392 3614 1737 3683 appellantur

175 3708 504 3777 reliquorum
536 3708 700 3761 etiam
734 3717 1029 3777 martyrum
1078 3705 1321 3771 nomine,
1349 3719 1579 3774 quorum
1606 3718 1736 3773 ago-

1842 3254 1895 3305 in
1938 3266 2131 3321 campo
2171 3267 2442 3320 apparens
2486 3252 2644 3305 ﬁdem
2698 3251 2902 3306 Christi
2951 3252 3028 3306 eis
3069 3252 3404 3322 prmdicavit,

1843 3340 1919 3393 uti
1955 3346 2209 3393 narratur
2245 3349 2375 3393 tom.
2411 3337 2474 3391 IV
2504 3338 2649 3393 Junii
2688 3340 2754 3393 ad
2790 3340 2933 3394 diem
2965 3340 3034 3393 (ὶῖ
3069 3342 3117 3393 ιιι
3161 3341 3403 3410 ipsorum

1842 3432 2013 3497 Actis,
2042 3448 2161 3501 qua:
2203 3432 2427 3495 ibidem,
2471 3446 2500 3485 a
2535 3446 2658 3501 pag.
2705 3431 2825 3495 175,
2860 3432 3262 3487 Commentario
3301 3436 3405 3487 cri-

1844 3524 1952 3577 tico
2009 3524 2250 3577 excussit
2289 3522 2697 3593 Papebrnchius
2732 3536 2793 3575 ac
2837 3520 3076 3575 fabulosa
3099 3537 3219 3575 esse
3248 3537 3402 3574 mon-

1842 3613 2053 3667 stravit.
2090 3612 2399 3668 Verisimile
2431 3614 2597 3666 ctiam
2641 3628 2747 3666 non
2788 3620 2894 3675 est,
2948 3611 3197 3665 undecim
3239 3612 3403 3665 millia

1838 3704 2116 3757 hominum
2162 3703 2325 3755 simul
2361 3704 2479 3755 neci
2518 3706 2639 3756 data
2671 3702 2838 3756 fuisse
2873 3717 2903 3755 a
2943 3700 3178 3770 Trajano
3204 3683 3223 3754 ἐ
3254 3716 3403 3755 certe

177 3812 319 3862 nent,
350 3796 407 3850 S.
447 3796 677 3851 Eudoxii
714 3797 1013 3866 praesertim
1060 3795 1228 3864 magis
1263 3796 1380 3849 fuse
1413 3794 1736 3849 describunt
1836 3794 1887 3848 id
1914 3793 2312 3862 Lletapltrastcs
2358 3810 2465 3850 non
2493 3796 2750 3861 siluisset,
2776 3796 2822 3849 si
2862 3793 2913 3846 in
2944 3794 3179 3865 antiquis
3210 3809 3402 3848 ιιιυιιιιι

177 3902 288 3955 post
336 3900 616 3943 narratum
662 3888 877 3944 Romuli
936 3887 1277 3956 martyrium.
1317 3884 1483 3939 Miror
1533 3894 1735 3949 tamen,

174 3978 309 4043 quod
367 3977 539 4031 Graeci
576 3987 890 4031 sanctorum
941 3987 1048 4031 tam
1105 3975 1336 4029 diversis
1382 3974 1731 4042 temporibus,

1837 3888 2037 3941 mentis
2063 3885 2378 3956 reperisset.

1471 4256 2098 4345 ΜΑΡΤΥΡΙΟΝ

320 4404 670 4538 ΤΟΥ
770 4403 1286 4540 ΑΓΙΟΥ
1377 4401 2281 4539 ΜΑΡΤΥΡΟΣ
2381 4395 3243 4535 ΕΥΔΟΞΙΟΥ

759 4596 879 4649 ΚΔΙ
932 4594 1065 4649 ΤΩΝ
1127 4594 1263 4649 ΣΥΝ
1321 4594 1505 4662 ΛΥΤῼ
1558 4592 2015 4647 ΔΘΛΗΣΑΝΤΩΝ
2070 4590 2269 4645 ᾹΓΙΩΝ
2324 4590 2723 4645 ΜΑΡΤΥΡΩΝ.

553 4739 1809 5013 ΜΑΒΤΥΒΙΠΜ

1883 4850 2041 5007 S.
2215 4846 3025 5007 EUDOXII

1338 5103 1479 5190 ET
1590 5097 2243 5192 SOCIORUM.

1626 5372 1850 5429 CAPUT
1914 5373 1957 5430 l.

180 5466 349 5524 Milites
386 5464 711 5524 Christianos
768 5468 819 5522 in
866 5466 1106 5521 exsilium
1152 5467 1295 5534 pellit
1354 5466 1657 5536 Trajanus:
1694 5470 1745 5519 id
1802 5468 2104 5537 improbans
2162 5464 2221 5519 S.
2268 5462 2517 5518 Romulus
2544 5470 2593 5517 et
2619 5468 2798 5528 aperte
2839 5457 3103 5515 Christum
3153 5459 3399 5528 conﬁtens

1388 5539 1667 5606 gloriosum
1690 5538 1822 5589 subit
1846 5538 2180 5607 martyrium.

239 5655 320 5713 A'.
352 5654 624 5729 Τραϊανοῦ
655 5651 746 5706 τοῦ
777 5653 1069 5718 δυσσεϐοῦς
1109 5654 1369 5723 βασιλέως
1409 5654 1607 5724 πολλὴν
1640 5653 1739 5723 μὲν

1920 5655 1960 5708 1.
1994 5652 2225 5721 Trajano
2259 5651 2334 5722 (l)
2372 5650 2536 5721 impio
2567 5650 2893 5718 imperatore
2924 5647 2977 5703 in
3002 5645 3392 5703 exsecrandum

247 5768 608 5843 (I)Trajanus
642 5766 923 5829 imperium
971 5768 1210 5837 suscepit
1249 5782 1391 5823 anno
1418 5765 1617 5823 Christi
1634 5766 1722 5833 98,
1754 5777 1997 5825 mortuus
2035 5776 2116 5820 est
2152 5766 2265 5819 ll'l.

495 5867 768 5925 ΡΑτιιοι..
801 5864 912 5921 Gn.
947 5862 1128 5922 CXV.

3049 5851 3123 5910 20
