3970 6460
237 399 336 467 621

1199 409 1385 470 ACTA
1427 409 1530 471 SS.
1575 407 1934 484 EUDOXII,
1979 407 2305 484 ROMULI,
2347 411 2507 475 ETC.

3385 423 3492 485 622

234 522 509 592 ιξυσρίζει
536 523 633 591 μὲν
657 523 733 585 είς
764 522 891 587 τοὺς
915 521 1122 576 ἐκείνου
1151 522 1306 585 θεοὺς
1327 523 1549 594 ἀναίδην
1575 540 1588 555 ’
1615 523 1778 593 όμολο

1887 576 1890 585 ,
1919 531 1971 575 et
2001 523 2392 579 ardentissimo
2416 524 2534 594 ejus
2564 525 2679 580 zelo
2707 525 2761 580 itt
2798 528 2987 585 animo
3008 545 3296 596 accensus.
3319 532 3491 589 libere

239 614 322 679 γετ
354 612 411 665 δὲ
446 614 697 682 φανερῶς
733 615 822 667 τὸν
856 615 1090 686 Χριστὸν
1126 616 1218 667 καὶ
1247 615 1684 685 παρρησιάζεται
1710 615 1809 686 τὴν

230 707 535 762 εὐσέϐειαν.
605 708 898 780 Ἀγριᾶνας
954 709 1129 762 τοίνυν
1189 707 1446 761 ὲπιπλέον
1507 707 1805 774 Τραϊανὸς,

229 799 442 852 κελεύει
476 800 709 872 ταθῆναι
739 799 928 854 τοῦτον
957 799 1050 852 καὶ
1090 798 1310 866 ῥάϐδοις
1338 796 1668 862 αἰκίζεσθαι.

295 971 371 1029 Δ’.
427 976 488 1030 '0
542 976 724 1044 μέντοι
778 973 1055 1044 Ῥωμύλος
1088 975 1338 1043 εὐψύχως
1372 973 1660 1044 δεχόμενος
1708 972 1805 1034 τὰς

224 1066 463 1135 πληγὰς,
514 1067 628 1121 Νῦν
665 1067 970 1135 εὐεργετῶν
1013 1085 1081 1137 με
1133 1068 1242 1121 ἴσθι
1277 1069 1344 1121 τὰ
1389 1066 1642 1135 μέγιστα,
1671 1063 1807 1132 πρὸς

223 1159 494 1228 Τραϊανὸν
536 1159 683 1212 ὲὸόα.
713 1158 789 1212 Τό
826 1176 884 1212 τε
926 1158 1034 1230 γὰρ
1097 1159 1254 1230 σῶμα
1297 1158 1422 1228 ἐμοὶ
1468 1157 1546 1225 τῷ
1590 1153 1805 1225 ἐρυθρῷ

218 1250 395 1319 τούτῳ
453 1250 879 1320 περιρρεόμενον
937 1253 1132 1320 αἵματι
1172 1252 1261 1303 τὸν
1291 1254 1354 1303 ὲκ
1382 1250 1481 1320 τῆς
1520 1247 1803 1315 είδωλικῆς

218 1329 444 1407 κνίσσης
482 1341 693 1413 δυσώδη
747 1344 1022 1414 μολυσμὸν
1071 1342 1416 1406 ἀπολούεται,
1464 1343 1557 1394 καὶ
1590 1342 1622 1411 ἡ
1655 1341 1801 1410 ψυχὴ

216 1431 273 1484 δὲ
321 1432 631 1503 ἀφθαρσίας
680 1434 882 1505 χιτῶνα
931 1435 1172 1507 καθαρὸν
1226 1433 1636 1505 περιϐάλλεται.
1690 1432 1804 1484 Οὐκ

213 1522 414 1592 ἤνεγκε
457 1526 628 1581 ταῦτα
661 1527 948 1596 Τραϊανὸς,
988 1527 1102 1582 ἀλλ’
1134 1529 1212 1591 είς
1251 1527 1472 1580 πλείονα
1501 1525 1590 1578 τὸν
1634 1522 1802 1593 θυμὸν

213 1617 536 1686 προαχθεὶς,
570 1622 793 1690 ταχεῖαν
823 1621 1003 1674 αὐτῶν
1028 1621 1350 1691 ἀπαλλαγὴν
1376 1619 1635 1687 ἐπίτομόν
1659 1633 1717 1669 τε
1743 1617 1802 1669 τὸ

218 1710 528 1781 μαρτύριον
558 1713 890 1785 διεπράξατο
913 1729 928 1747 ·
975 1716 1068 1767 καὶ
1101 1712 1375 1784 τμηθῆναι
1421 1711 1520 1781 τὴν
1556 1708 1802 1777 κεφαλὴν

224 1799 508 1869 Ῥωμύλου
549 1802 864 1870 ψηφίζεται.
927 1803 986 1857 ὐ
1023 1805 1122 1872 μὲν
1172 1803 1264 1854 οὖν
1315 1802 1552 1869 ἄσμενος
1608 1798 1668 1850 τὸ
1712 1796 1800 1850 διὰ

1912 613 2133 678 quidem
2179 624 2234 669 et
2283 614 2456 671 eiIuse
2501 616 2647 672 illius
2703 618 2832 673 deos
2877 620 3093 690 probris
3140 623 3487 688 insectatur,

1911 703 2192 759 Christum
2269 719 2457 762 autem
2513 721 2698 778 aperte
2762 711 3073 776 confitetur,
3127 722 3182 769 et
3225 715 3486 785 pietatem

1903 794 2176 849 audacter
2207 796 2516 865 proﬁtetur.
2544 799 2711 869 Magis
2744 801 2926 870 itaque
2945 801 3191 860 irritatus
3216 807 3486 876 Traianus

1906 888 2063 957 jubet
2101 903 2226 942 eum
2259 890 2480 944 extendi
2518 901 2570 945 et
2616 893 2779 964 virgis
2814 896 2968 950 caedi.

1979 977 2077 1032 IV.
2109 979 2375 1037 Romulus
2405 991 2591 1038 autem
2628 1001 2824 1056 magno
2856 997 2911 1042 et
2935 987 3061 1044 forti
3092 991 3276 1046 animo
3303 995 3490 1066 plagas

1909 1070 2190 1140 accipiens
2247 1091 2259 1122 :
2314 1070 2470 1128 Nunc
2503 1075 2668 1140 scias,
2704 1093 2789 1131 me
2825 1080 3062 1136 maximo
3101 1082 3238 1137 allici
3279 1085 3488 1140 benefi-

1906 1161 2052 1228 ficio,
2086 1164 2430 1220 exclamabat
2463 1167 2531 1221 ad
2554 1165 2873 1237 Trajanum.
2907 1171 3117 1242 Corpus
3142 1177 3309 1244 enim,
3335 1180 3483 1247 quod

1909 1253 2013 1308 hoc
2043 1257 2211 1312 rubro
2232 1258 2369 1312 mihi
2393 1261 2656 1330 sanguine
2684 1263 3038 1330 circumﬂuit,
3067 1269 3240 1323 abluit
3270 1273 3483 1338 sordes,

1905 1361 2040 1415 quas
2068 1350 2315 1402 contraxi
2337 1365 2404 1404 ex
2433 1352 2622 1407 nidore
2644 1354 3099 1419 simulacrorum:
3142 1371 3198 1414 et
3234 1362 3484 1418 induitur

1907 1438 2088 1493 anima
2111 1443 2314 1496 munda
2346 1444 2530 1499 tunica
2565 1447 3020 1519 incorruptionis.
3054 1451 3173 1507 Non
3203 1455 3328 1509 tulit
3364 1456 3481 1512 haec

1907 1528 2198 1600 Traianus,
2263 1534 2358 1587 sed
2403 1536 2600 1603 majori
2670 1539 2751 1592 ira
2799 1541 3064 1610 percitus,
3129 1543 3176 1598 ei
3243 1547 3483 1603 celerem

1905 1635 2194 1694 comparat
2215 1625 2634 1694 liberationem,
2671 1640 2725 1684 et
2759 1630 2928 1688 breve
2952 1633 3481 1710 ellicitmartyrium;

1903 1723 1957 1770 et
2003 1716 2275 1782 decernit.
2327 1729 2385 1774 ut
2445 1731 2611 1790 caput
2654 1721 2875 1779 Romuli
2929 1738 3262 1797 amputetur.
3303 1733 3485 1802 Atque

1901 1804 1992 1860 ille
2014 1808 2236 1876 quidem
2290 1807 2526 1865 libenter
2554 1827 2744 1866 ensem
2809 1814 3019 1884 aspexit
3057 1827 3281 1887 propter
3323 1816 3480 1875 Chri-

213 1889 451 1960 Χριστὸν
499 1883 606 1943 εἶδε
655 1891 828 1959 ξίφος,
864 1893 959 1946 καὶ
1012 1893 1202 1962 ἥδιστα
1251 1889 1311 1942 τὸ
1360 1889 1456 1943 τοῦ
1494 1886 1778 1959 μαρτυρίαι

1901 1902 2071 1960 stum,
2105 1904 2161 1950 et
2195 1898 2598 1966 iucundissime
2624 1901 2796 1958 subiit
2821 1883 3076 1961 stadium
3099 1883 3372 1978 martyrii.

210 1978 413 2048 ἐπῆλθε
451 1980 686 2035 στάδιον.

1636 2077 1884 2136 CAPUT.
1935 2079 2001 2134 ll.

210 2164 272 2222 S.
335 2167 606 2224 Eudoxius
661 2173 844 2262 missas
894 2177 964 2229 ad
1013 2176 1431 2262 se‘capiendum.
1453 2173 1930 2262 epllt‘iqulfffigiﬁ
1952 2173 2295 2262 eguerimus
2326 2180 2433 2233 adit
2463 2183 2990 2262 'prtesidem,_eorant
3017 2207 3118 2260 quo
3155 2191 3314 2260 ﬁdem
3353 2211 3478 2262 pro-

794 2244 981 2313 ﬁtetur
1007 2241 1339 2315 balteuinqne
1378 2245 1584 2313 objicit,
1614 2242 1870 2294 militibus
1909 2241 2047 2294 1104
2088 2241 2386 2311 εαῖεηιριωη
2419 2241 2535 2317 ejus
2567 2241 2922 2312 imitaniibus.

275 2356 352 2410 E’.
395 2357 600 2428 Συχνοῦ
640 2358 697 2413 δὲ
739 2361 941 2432 μεταξὺ
977 2361 1277 2425 διελθόντος
1318 2362 1532 2431 χρόνου,
1567 2358 1790 2426 Διοκλη-

204 2449 386 2511 τιανὸς
416 2449 517 2520 μὶν
543 2452 734 2522 αἵματι
758 2454 1004 2523 ἐμφυλίῳ
1031 2453 1124 2505 καὶ
1153 2455 1427 2523 τυραννίδι
1448 2454 1671 2506 κλέπτει
1694 2449 1793 2521 τὴν

203 2540 483 2610 βασιλείαν
508 2561 522 2574 ο
562 2545 858 2612 φιλονεικεῖ
893 2544 948 2596 δὲ
982 2544 1110 2606 τοὺς
1149 2546 1255 2614 πρὸ
1294 2545 1457 2595 αὑτοῦ
1493 2543 1793 2615 τυράννους

203 2633 344 2686 κατά
366 2649 430 2700 γε
466 2633 557 2685 τὸν
585 2634 681 2703 τῆς
715 2633 997 2704 ὠμότητος
1030 2635 1123 2688 καὶ⁸
1156 2633 1246 2686 τὸν
1285 2633 1383 2702 τῆς
1411 2630 1665 2694 ἀσεϐείας
1699 2629 1792 2682 λό-

201 2739 296 2790 γον
324 2724 675 2794 ὑπερϐαλεῖν,
709 2730 802 2780 καὶ
827 2727 925 2800 τὴν
960 2727 1183 2780 ἐκείνων
1214 2728 1513 2796 ἀγριότητα
1545 2723 1787 2793 φανερὰν

199 2816 370 2883 δεῖξαι
414 2819 861 2889 φιλανθρωπίαν
910 2820 1032 2874 ὃθεν
1082 2821 1147 2885 δὴ
1191 2821 1538 2888 διατάγματα
1579 2814 1782 2884 συνεχῆ

200 2910 580 2980 κατελάμϐανε
611 2912 672 2964 τὸ
704 2912 965 2981 ὑπήκοον,
990 2912 1022 2980 ἦ
1052 2914 1265 2971 πάντας
1288 2910 1436 2978 αύτῴ
1457 2908 1784 2975 κοινωνῆσαι

198 2999 292 3066 τῆς
325 2999 582 3061 ἀσεϐείας
605 3040 619 3066 ,
651 2999 684 3068 ἢ
721 2999 948 3054 θάνατον
979 3001 1162 3064 αὐτοῖς
1192 2996 1332 3053 εἷναι
1365 3001 1424 3052 τὸ
1457 2997 1556 3068 τῆς
1605 3013 1781 3066 παρα-

199 3092 328 3159 κοῆς
365 3093 663 3161 ἐπιτίμιον.
701 3093 1021 3164 Χριστιανοὶ
1052 3095 1234 3149 τοίνυν
1263 3095 1350 3148 διὰ
1385 3094 1444 3146 τὸ
1473 3095 1570 3164 τῆς
1608 3093 1779 3164 ὀργῆς

196 3182 286 3235 τοῦ
315 3184 513 3255 ἀνδρὸς
545 3186 756 3256 ἄμαχόν
786 3204 845 3240 τε
878 3188 972 3241 καὶ
1009 3188 1194 3249 δεινῶς
1225 3187 1436 3256 ἄγριον,
1477 3189 1523 3238 oi
1556 3187 1654 3254 μὲν
1681 3187 1779 3248 τὰς

199 3277 334 3344 μετά
361 3277 472 3329 τῶν
497 3279 698 3347 θηρίων
733 3279 790 3331 ὲν
818 3281 1046 3349 ἐρήμοις
1068 3279 1350 3349 διατριϐὰς
1377 3278 1473 3348 τῆς
1501 3278 1640 3347 μετὰ
1668 3278 1778 3329 τῶν

197 3369 502 3438 ἀνθρώπων
539 3352 740 3439 μᾶλλον
773 3371 1099 3443 προέκρινον
1137 3373 1416 3435 συνοικίας
1442 3389 1456 3403 ο
1495 3374 1546 3426 ei
1581 3372 1637 3425 δὲ
1671 3371 1774 3443 ὅρη

197 3463 286 3513 καὶ
317 3459 580 3531 σπήλαια,
605 3463 701 3515 καὶ
725 3463 824 3516 ὅσα
850 3462 1075 3519 δύναται
1097 3465 1386 3537 κρύπτειν,
1419 3467 1775 3536 ὑποδυόμενοι

197 3554 286 3607 καὶ
319 3555 484 3608 αὑτὸν
507 3595 522 3621 ,
559 3556 635 3619 ὡς
663 3550 832 3610 οἷόντε
852 3598 866 3625 ,
901 3559 992 3612 τὸν
1017 3558 1166 3626 ἥλιον
1193 3557 1466 3609 διαλαθεῖν
1494 3558 1771 3610 ἔσπευδον.

263 3740 354 3804 ς’.
400 3733 670 3789 Ἐνταῦθα
708 3733 976 3806 μηνύεται
1019 3749 1103 3800 τις
1149 3734 1400 3806 εὐσεϐὴς,
1427 3733 1521 3788 καὶ
1564 3731 1658 3786 τοῦ
1699 3733 1772 3804 μὴ

195 3828 374 3882 λαθεῖν
422 3823 592 3890 ὅντως
646 3827 819 3894 ἄξιος,
875 3827 1126 3893 Εὐδόξιος
1181 3828 1213 3899 ἢ
1266 3828 1546 3899 Μαριανὸς
1601 3827 1773 3896 όνομα

195 3923 328 3993 ἀνὴρ
347 3937 360 3951 ⁸
390 3923 722 3992 ἀμφοτέροις
759 3921 864 3990 γὰρ
892 3921 1293 3991 ὲκυριολογεῖτο
1327 3923 1436 3983 τοῖς
1467 3920 1732 3989 ὀνόμασιν
1753 3936 1766 3951 ο

193 4015 292 4066 ἀπὸ
321 4015 700 4083 πριμικηρίων
724 4012 781 4064 δὲ
803 4011 899 4083 τὴν
921 4012 1099 4078 ἀξίαν,
1126 4009 1190 4086 ἧς
1211 4013 1297 4065 διὰ
1323 4012 1410 4064 τὸν
1436 4015 1512 4073 είς
1535 4012 1767 4080 Χριστὸν

193 4107 351 4160 πόθον
371 4106 807 4177 ἀπεληλαμένος,
827 4108 884 4158 ὲν
900 4108 965 4175 τῇ
986 4106 1096 4158 τῶν
1117 4108 1373 4178 κυμήτων
1392 4105 1729 4175 ύπεδιὸἁσθη
1752 4121 1764 4134 ⁸

193 4199 280 4252 καὶ
305 4198 511 4272 ταύτης
538 4200 595 4253 δὲ
629 4200 704 4271 μὴ
732 4199 932 4270 τυχὼν,
961 4199 1218 4274 ἔστερξεν
1248 4201 1314 4254 ἂν
1341 4200 1420 4272 τῷ
1447 4200 1770 4270 ποθουμένῳ

195 4293 335 4364 μόνῳ
385 4292 902 4364 παρακαλούμενος.
951 4294 1236 4364 Μηνύεται
1273 4293 1328 4349 δὲ
1364 4295 1424 4346 τὸ
1465 4293 1769 4364 τηνικαῦτα

191 4385 494 4456 Μελιτηνῆς
529 4386 757 4454 ἡγεμόνι
787 4404 800 4417 ·
840 4387 899 4451 ὃς
947 4388 1132 4458 ἐπειδὴ
1164 4387 1232 4440 τὰ
1271 4388 1401 4456 περὶ
1438 4386 1534 4440 τοῦ
1575 4387 1768 4458 ἀνδρὸς

1964 2355 2028 2410 ν.
2058 2356 2193 2414 Cum
2210 2361 2438 2418 multum
2453 2376 2632 2421 autem
2652 2370 3047 2431 intercessisset
3086 2381 3346 2448 temporis
3376 2381 3474 2451 (6),

1894 2445 2279 2508 Diocletianus
2307 2457 2528 2526 quidem
2585 2463 2849 2534 sanguine
2916 2461 3175 2524 int'estino
3199 2445 3260 2526 et
3294 2445 3479 2544 tyran-

1892 2542 2016 2596 nide
2047 2543 2254 2599 invadit
2291 2548 2579 2618 imperium
2615 2553 2714 2622 (7),
2741 2559 3022 2612 contendit
3049 2570 3231 2616 autem
3258 2542 3352 2617 eos
3381 2569 3475 2635 qui

1890 2643 2283 2701 praecesserant
2317 2647 2574 2707 tyrannos
2606 2646 2930 2700 crudelitate
2961 2663 3225 2718 superare
3268 2665 3323 2707 et
3373 2657 3475 2710 im-

1906 2722 2131 2791 pietate,
2159 2735 2214 2779 et
2244 2729 2533 2784 ostendere
2581 2731 2798 2788 illorum
2851 2737 3111 2794 saevitiam
3163 2740 3330 2799 fuisse
3372 2747 3474 2801 hu—

1893 2817 2235 2889 manitatem.
2269 2819 2423 2876 Unde
2457 2824 2618 2878 etiam
2658 2827 2724 2882 ad
2753 2843 2847 2883 eos
2885 2831 2977 2899 qui
3027 2833 3174 2887 illius
3208 2841 3473 2904 parebant

1890 2908 2150 2978 imperio,
2209 2912 2391 2968 edicta
2432 2917 2725 2974 veniebant
2785 2920 3120 2993 frequentia,
3165 2936 3226 2980 ut
3278 2944 3473 2986 omnes

1885 2997 1970 3050 Vel
2001 3013 2124 3052 cum
2161 3016 2228 3054 eo
2277 3007 2720 3061 communionem
2768 3010 3061 3080 impietatis
3106 3019 3467 3088 susciperent.

1883 3088 1968 3142 vel
2001 3103 2148 3144 mors
2180 3101 2326 3146 esset
2365 3094 2444 3147 eis
2491 3111 2649 3163 ptena
2706 3099 3110 3159 inobedientiaz.
3167 3107 3467 3166 Christiani

1807 3165 1852 3226 (ἶ
1886 3183 2069 3253 itaque
2101 3196 2324 3254 propter
2360 3202 2560 3242 saevam
2590 3201 2646 3244 et
2677 3191 2970 3248 immanem
3004 3197 3149 3254 illius
3185 3201 3340 3264 iram,
3377 3206 3467 3260 alii

1880 3277 2099 3343 quidem
2139 3281 2414 3334 malebant
2444 3297 2567 3336 cum
2615 3283 2745 3340 feris
2776 3286 3018 3343 habitare
3056 3292 3108 3344 in
3160 3295 3474 3352 solitudini-

1879 3364 2002 3431 bus,
2038 3383 2198 3436 quant
2232 3370 2392 3423 simul
2421 3385 2542 3424 cum
2574 3374 2923 3430 hominibus:
2965 3379 3054 3434 alti
3099 3392 3277 3436 autem
3313 3402 3472 3442 mon-

1883 3464 1963 3512 tes
1997 3467 2051 3512 et
2103 3459 2390 3529 speluncas
2435 3471 2490 3518 et
2570 3479 2908 3536 quaecunque
2979 3471 3156 3528 celare
3217 3487 3469 3547 poterant

1879 3550 2176 3606 subeuntes
2219 3554 2546 3621 studebant,
2588 3560 2767 3628 quoad
2798 3564 2916 3632 ejus
2948 3563 3063 3619 ﬁeri
3108 3578 3342 3636 poterat,
3382 3575 3462 3628 vel

1877 3640 2055 3709 ipsum
2087 3644 2253 3698 solem
2291 3647 2482 3707 latere.

1951 3729 2035 3786 Vl.
2068 3733 2144 3786 Eo
2185 3736 2430 3807 tempore
2461 3740 2703 3798 defertur
2723 3744 2939 3812 quidam
2977 3751 3059 3802 vir
3082 3754 3234 3821 pius,
3265 3770 3319 3810 et
3349 3762 3464 3828 pla-

1879 3843 1950 3884 ne
1987 3832 2241 3904 indignus
2279 3835 2370 3905 qui
2400 3835 2610 3894 lateret.
2660 3838 2720 3894 Ei
2747 3857 2947 3898 nomen
2985 3857 3108 3902 erat
3161 3849 3460 3922 Eudoxius,

1879 3936 1972 3978 aut
2004 3926 2274 3981 Marianus
2299 3946 2313 3993 ;
2334 3941 2453 3984 erat
2500 3932 2646 3986 enim
2680 3943 2970 4005 utrumque
2999 3941 3045 3994 ei
3108 3959 3305 3999 nomen
3337 3965 3464 4018 pro—-

1875 4019 2097 4085 prium.
2129 4018 2172 4072 Α
2204 4021 2469 4089 dignitate
2515 4032 2695 4078 autem
2745 4028 3148 4095 pritniccriatus
3201 4042 3461 4107 expulsus

1879 4118 2108 4180 propter
2137 4127 2376 4167 amorem
2412 4114 2615 4172 Christi
2655 4158 2669 4180 ,
2714 4118 3070 4178 descenderat
3115 4127 3182 4179 ad
3231 4108 3457 4186 inferio—

1875 4217 1989 4257 rem
2053 4205 2314 4260 comitum
2355 4205 2678 4275 dignitatem
2713 4228 2727 4276 ;
2772 4228 2933 4279 quam
2967 4218 3186 4284 quidem
3245 4225 3454 4280 etiamsi

1873 4311 1983 4350 non
2014 4295 2208 4352 fuisset
2263 4311 2641 4366 consecutus,
2710 4303 2846 4358 satis
2909 4313 3091 4362 tamen
3173 4312 3457 4371 habuisset

1873 4403 1996 4442 eum
2060 4391 2234 4445 solum
2311 4395 2501 4464 sequi,
2551 4411 2711 4464 quem
2771 4397 3134 4457 desiderabat.
3201 4407 3456 4463 Defertur

191 4478 396 4530 ἱκαστα
436 4477 774 4547 μεμαθήκοι,
805 4481 930 4541 τοὺς
965 4480 1193 4544 ἄξοντας
1227 4481 1390 4530 αὑτὸν
1419 4481 1762 4550 παραχρῆμα

1887 4491 2054 4535 autem
2091 4483 2156 4534 ad
2199 4497 2321 4535 eum
2352 4523 2367 4546 ,
2419 4487 2510 4552 qui
2543 4496 2669 4539 tunc
2723 4487 2854 4541 erat
2892 4507 3094 4559 praeses
3152 4496 3448 4556 Melitena.

189 4570 480 4636 ἐκπέμπει.
542 4568 713 4622 Τοῦτο
763 4568 819 4622 δὲ
874 4571 950 4640 μὴ
1001 4569 1092 4624 τὸν
1137 4569 1388 4633 Εὑδόξιον
1434 4570 1620 4635 λαθὸν,
1677 4571 1767 4624 εύ-

187 4663 505 4735 τε).εστέραν
537 4663 895 4734 περιθέμενο,
921 4664 1022 4736 τὴν
1047 4663 1260 4736 στολὴν,
1287 4665 1373 4717 ἵνα
1400 4665 1475 4737 μὴ
1499 4666 1648 4730 ὅστις
1679 4668 1764 4735 εἴη

187 4756 416 4824 φανερὸς
470 4757 701 4824 γένοιτο,
753 4755 1109 4826 ἐμφανίζεται
1143 4762 1254 4820 τοῖς
1307 4759 1760 4830 ἀπεσταλμένοις.

184 4845 530 4916 Ἐντυχόντις
571 4846 753 4901 τοίνυν
815 4849 998 4909 αὐτοῖς
1059 4847 1203 4922 [imo
1234 4851 1405 4924 αὐτῷ]
1456 4855 1548 4905 καὶ
1599 4858 1763 4923 μήπω

184 4940 365 4994 τοῦτον
399 4944 608 4996 ἐκεῖνον
642 4943 780 4998 εἶναι
823 4944 1168 5014 νομίσαντες,
1210 4945 1318 5016 ὅπη
1349 4947 1456 5016 ἄρα
1491 4946 1758 5016 διατρίόοι

182 5038 207 5088 ό
248 5037 423 5107 κόμης
462 5036 731 5102 Εὺδόξιος,
775 5038 979 5098 εὐθέως
1021 5037 1267 5107 ἠρώτων.
1331 5039 1390 5092 Ὀ
1420 5039 1510 5092 δέ·
1561 5040 1626 5091 Et
1667 5057 1756 5108 μοι

184 5130 475 5199 παρελθεῖν⁹
515 5129 797 5198 ἐθελήσετε
837 5132 915 5194 είς
957 5129 1051 5200 τὴν
1114 5130 1316 5198 στάγην
1372 5129 1445 5200 [L
1507 5131 1756 5203 στέγην],

182 5226 509 5292 ἡμερώτατα
541 5224 678 5293 πρὸς
710 5224 906 5286 αὐτας
942 5225 1069 5294 ἔφη,
1112 5225 1206 5276 καὶ
1241 5222 1412 5294 βραχὺ
1446 5223 1536 5275 τὸν
1567 5225 1631 5275 ὲκ
1661 5225 1756 5291 τῆς

181 5317 290 5368 ὁδοῦ
342 5319 514 5370 κόπον
563 5313 952 5372 διαναπαῦσαι,
1001 5315 1094 5366 καὶ
1147 5318 1427 5386 τραπέζης
1475 5316 1568 5368 καὶ
1613 5315 1754 5367 ἀλῶν

181 5406 524 5476 κοινωνῆσαι,
563 5405 674 5476 ἐγὼ
704 5406 835 5476 ύμῖν
858 5405 948 5459 τὸν
984 5405 1321 5477 ζητούμενον
1355 5406 1637 5470 ὑποδείξω.

243 5653 314 5722 (6)
335 5656 624 5733 annorum
641 5650 868 5733 scilicet.
895 5649 1018 5733 1‘57.
1081 5650 1352 5733 Traianus
1413 5651 1560 5732 enim
1618 5650 1753 5707 obiit

179 5719 312 5777 anno
329 5719 547 5792 Christi
569 5720 694 5784 “‘1,
722 5721 1086 5778 Diocletianus
1111 5719 1238 5777 vero
1256 5723 1542 5792 imperium
1562 5736 1752 5778 susce-

180 5804 418 5876 ptt‘itnl'tu
449 5789 610 5876 284.Δ
695 5861 707 5872 .
862 5872 872 5876 _
945 5861 958 5876 ο
1143 5861 1164 5876 ,
1233 5861 1266 5876 Α,
1331 5789 1348 5792 _
1425 5863 1437 5876 ,
1509 5863 1520 5876 ,

240 5866 312 5935 (7)
330 5862 553 5919 Crimen
581 5861 708 5931 Apri
742 5861 996 5932 praetorio
1024 5861 1289 5934 praefecti,
1347 5863 1440 5933 qui
1507 5863 1740 5935 imperio

1870 4569 1972 4635 Qui
2007 4585 2128 4624 cum
2161 4572 2228 4626 de
2275 4588 2341 4627 eo
2401 4573 2610 4646 singula
2673 4577 3070 4649 intellexisset,
3110 4586 3202 4655 qui
3273 4589 3448 4658 ipsum

1865 4663 2154 4717 addut-tttri
2211 4676 2438 4731 essent,
2495 4671 2697 4723 emittit.
2749 4676 3018 4740 protinus.
3086 4678 3198 4734 Hoc
3267 4694 3448 4739 autem

1865 4768 1990 4807 cum
2017 4770 2126 4809 non
2166 4758 2412 4811 latuisset
2458 4759 2760 4816 Eudoxium
2794 4803 2808 4827 ,
2858 4767 3031 4821 viliori
3085 4783 3234 4828 veste
3287 4777 3447 4832 indu-

1865 4853 1953 4898 tus
1974 4885 1988 4909 ,
2032 4859 2099 4899 ne
2126 4856 2272 4902 esset
2303 4848 2658 4906 manifestum
2685 4892 2698 4915 .
2748 4857 2998 4924 quisnam
3042 4873 3188 4916 esset
3217 4904 3231 4928 ,
3267 4881 3323 4919 se
3357 4884 3447 4923 οσ-

1863 4937 2038 4989 tendit
2067 4937 2133 4991 iis
2161 4939 2250 5008 qui
2309 4942 2460 4993 missi
2497 4945 2708 4997 fuerant
2736 4985 2749 4997 .
2796 4947 2929 5001 Cum
2963 4967 3086 5004 eum
3150 4971 3280 5026 ergo
3308 4975 3442 5014 corr-

1859 5028 2140 5083 venissent
2174 5041 2230 5084 et
2290 5034 2532 5088 nondum
2585 5051 2709 5092 eum
2753 5039 2905 5095 illum
2959 5059 3079 5100 esse
3121 5059 3436 5117 putassent,

1859 5120 2079 5174 ubinam
2109 5133 2421 5179 versaretur
2454 5144 2638 5183 comes
2659 5131 2957 5201 Eudoxius,
2988 5153 3113 5191 eum
3152 5157 3433 5212 rogarunt.

1857 5211 1951 5264 Ille
1978 5221 2183 5277 autem,
2239 5215 2293 5270 Si
2318 5233 2498 5272 meum
2537 5229 2739 5274 tectum
2774 5225 2957 5279 subire
2995 5211 3278 5287 volueritis
3303 5275 3316 5298 ,
3354 5239 3436 5293 eis

1855 5304 1993 5358 dixit
2025 5304 2412 5378 benignissime
2437 5349 2451 5374 ,
2482 5319 2539 5365 et
2573 5327 2602 5365 a
2650 5314 2836 5370 labore
2865 5318 3077 5374 itineris
3113 5339 3206 5377 vos
3241 5341 3432 5394 parum

1864 5410 2144 5462 recreare,
2178 5412 2488 5470 mensaque
2531 5411 2587 5458 et
2628 5406 2757 5462 salis
2807 5423 3021 5464 mecum
3059 5427 3182 5468 esse
3217 5420 3437 5485 partici-

1868 5503 1964 5558 pes
1989 5530 2002 5552 .
2038 5504 2136 5560 ego
2176 5493 2462 5549 ostendam
2507 5499 2661 5553 vobis
2695 5514 2822 5553 eum
2867 5518 3028 5573 quem
3059 5509 3322 5576 quaeritis.

1861 5654 2079 5734 inhians
2117 5655 2508 5739 Numerianum
2564 5676 2822 5739 generum
2858 5681 3016 5720 suum
3073 5684 3169 5739 per
3210 5671 3436 5730 insidias

1859 5729 2096 5804 necavit,
2159 5727 2740 5797 Metapltrastes'male
2793 5737 3024 5804 imptttat
3074 5727 3432 5796 Diocletiano:

1857 5794 1956 5878 Hic
1978 5802 2122 5878 enim
2162 5814 2268 5852 non
2294 5794 2440 5878 caede
2471 5815 2569 5878 aut
2593 5794 3187 5877 ty'rannide'itnperiutii
3213 5794 3432 5878 invasit,

1854 5866 1948 5919 sed
1975 5869 2042 5921 ab
2063 5875 2306 5924 exercitu
2329 5871 2535 5926 electus
2561 5866 2856 5943 imperator
2886 5866 3111 5932 mortem
3144 5866 3435 5938 Numeria;
