3970 6494
530 412 633 475 ιιι

1756 404 2039 467 MENSIS
2074 402 2367 463 SEPTEM
2380 404 2547 465 BER.

3682 415 3791 478 οει

600 527 713 582 VII.
743 527 881 584 Cum
922 539 1059 600 ergo
1091 536 1330 598 parasset
1373 524 1682 579 convivium
1722 563 1736 587 ,
1788 539 1879 578 eos
1909 523 2076 593 excipi

2185 579 2187 583 ν
2281 523 2353 575 Z’.
2391 522 2958 593 Παρασκευασάμενος
3004 520 3099 580 οὖν
3144 528 3210 582 τὰ
3249 529 3381 599 πρὸς
3411 531 3508 600 τὴν
3545 530 3794 584 ἑστίασιν

532 618 821 673 liberaliter
846 659 859 673 .
898 618 1007 672 lllis
1051 627 1231 671 autem
1270 630 1459 670 mensa
1511 617 1640 669 satis
1665 614 2012 681 exhilaratis,
2046 623 2101 668 et

528 709 857 776 promissum
890 707 1083 761 deinde
1123 706 1467 777 exigentibus
1498 712 1554 759 et
1620 704 1935 773 rogantibus
1968 745 1980 768 ,
2042 711 2101 756 ut

526 816 652 855 eum
700 798 1015 854 ostenderet
1072 813 1235 867 quem
1283 796 1641 867 quazrebant;
1703 796 1791 850 ille
1834 798 2099 850 continuo

523 908 687 953 eum.
740 892 831 960 qui
867 900 985 945 erat
1030 891 1182 944 intus
1211 930 1223 953 ,
1274 889 1451 959 aperit
1497 887 1834 954 Eudoxium,
1877 889 2096 942 dicens:

523 981 631 1052 Ego
664 998 784 1037 sum
816 1021 830 1044 ,
862 997 1024 1051 quem
1056 982 1321 1051 qureritis.
1358 980 1471 1034 lloc
1501 981 1679 1051 gladio
1719 978 2099 1034 vehementius

522 1076 739 1129 illorum
778 1073 1014 1144 perculit
1048 1076 1292 1128 animum
1340 1092 1355 1141 ;
1402 1084 1456 1128 et
1509 1073 1904 1143 respondentes
1951 1071 2099 1125 dixe-

520 1177 645 1220 runt
680 1184 693 1219 :
728 1164 843 1220 Non
884 1176 933 1220 te
970 1164 1285 1234 prodemus,
1344 1164 1436 1234 qui
1481 1178 1581 1219 nos
1618 1163 1879 1232 accepisti
1910 1162 2097 1216 eonvi-

518 1258 829 1327 vio,neque
862 1272 959 1326 pro
1019 1256 1391 1326 hospitalitate
1447 1266 1556 1311 tam
1606 1257 1747 1309 male
1796 1254 2095 1309 referemus

517 1350 763 1418 gratiam.
788 1348 892 1403 Sed
918 1350 1016 1403 hoe
1039 1349 1103 1403 ad
1128 1358 1367 1403 nostram
1391 1347 1622 1401 sufficiet
1663 1347 2091 1409 excusationem,

515 1441 658 1508 quod
693 1456 817 1495 cum
871 1441 927 1494 in
980 1442 1277 1510 qumrendo
1334 1443 1565 1495 multum
1624 1440 2092 1500 laboraverimus,

514 1547 623 1586 non
657 1533 931 1600 petuimus
976 1540 1155 1585 tamen
1192 1532 1441 1587 invenire
1472 1533 1777 1586 Eudoxium
1808 1570 1821 1584 .
1854 1530 1938 1584 Illi
1968 1529 2093 1599 qui-

514 1626 638 1677 dem
663 1640 760 1695 pro
785 1624 1025 1694 hospitio
1058 1625 1155 1679 has
1184 1624 1433 1679 Eudoxio
1472 1626 1709 1680 retulere
1744 1622 1967 1693 gratias.

585 1799 718 1856 Vlll.
749 1802 839 1856 Ille
866 1812 1045 1858 autem
1074 1845 1087 1867 ,
1120 1802 1213 1872 qui
1246 1810 1301 1857 et
1338 1801 1545 1856 sciebat
1592 1800 1761 1855 latere
1789 1816 1912 1856 cum
1954 1816 2090 1870 Opus

2207 612 2526 681 φιλοτίμως,
2556 614 2824 680 δεξιοῦται
2853 618 2980 678 τοὺς
3008 618 3227 688 ἄνδρας.
3266 620 3384 673 Τῶν
3416 622 3471 674 δὲ
3512 622 3792 691 ἡσθέντων

2204 703 2398 765 ἱκανῶς
2442 707 2509 774 τῇ
2536 706 2803 777 τραπέζῃ,
2855 704 2973 760 εἶτα
3003 711 3095 761 καὶ
3142 711 3241 781 τὴν
3284 714 3576 782 ὑπόσχεσιν
3619 718 3792 767 ἁπαι-

2212 792 2447 846 τούντων
2477 794 2571 847 καὶ
2595 796 2865 863 δεομένων
2888 798 3123 868 φανερὸν
3153 800 3316 854 αὑτὸν
3342 804 3665 871 ποιήσεσθαι
3696 806 3792 857 τὸν

2206 884 2562 955 ζητούμενον,
2614 888 2822 949 ἐκεῖνος
2862 889 3023 952 εὐθὺς
3052 892 3142 943 τὸν
3186 892 3333 944 ἔνδον
3367 892 3549 954 αὐτοῖς
3577 894 3790 946 ἀνακα-

2199 976 2389 1029 λύπτει
2438 976 2725 1041 Εὑδόξιον·
2793 979 2934 1046 Ἐγώ
2985 984 3100 1051 ειμι
3155 982 3215 1035 ὃν
3290 983 3531 1052 ζητεῖτε,
3592 986 3787 1037 εἰπών.

2201 1067 2371 1122 Τοῦτο
2406 1071 2679 1140 μαχαίρας
2718 1070 2975 1140 ὀξύτερον
3008 1073 3263 1128 καθίκετο
3290 1076 3387 1145 τῆς
3422 1077 3649 1127 ἐκείνων
3678 1077 3792 1143 ψυ-

2200 1160 2299 1229 χῆς
2320 1176 2336 1193 ·
2371 1161 2461 1213 καλ⁵
2490 1162 2872 1225 ὑπολαϐόντες,
2898 1164 2971 1216 Οὐ
3003 1165 3352 1234 προδώσομέν
3383 1183 3443 1219 σε
3466 1167 3558 1220 τὸν
3589 1169 3792 1237 ήμέτιο

2203 1269 2294 1320 ρον
2322 1254 2631 1323 ἑστιάτορα,
2665 1249 2839 1319 εἷπον,
2871 1257 2992 1310 οὐδὲ
3028 1256 3173 1311 οὕτω
3206 1258 3303 1327 τὴν
3339 1259 3647 1326 φιλοξενίαν
3684 1278 3789 1313 κα-

2198 1344 2309 1408 κῶς
2350 1346 2702 1413 ἀμειψόμεθα
2730 1365 2744 1379 ο
2792 1348 2929 1402 ἀλλὰ
2982 1347 3141 1402 τοῦτο
3190 1350 3320 1418 ἡμῖν
3362 1350 3441 1413 είς
3486 1351 3792 1417 ἀπολογίαν

2197 1435 2426 1503 ἀρκέσει
2456 1436 2515 1487 τὸ
2550 1436 2720 1489 πολλὰ
2747 1438 2875 1507 περὶ
2907 1439 3005 1507 τὴν
3035 1438 3263 1509 ζήτησιν
3301 1441 3601 1509 καμόντας.
3632 1442 3789 1508 ὅμως

2198 1527 2273 1595 μὴ
2324 1526 2619 1595 δυνηθῆναι
2668 1528 2804 1591 ὅλως
2830 1528 2922 1581 τὸν
2958 1530 3204 1595 Romam
3236 1532 3507 1597 ἀνευρεῖν.
3554 1532 3790 1585 Ἐκεῖνοι

2198 1618 2294 1686 μὲν
2347 1614 2442 1671 οὖν
2487 1618 2689 1683 ταύτας
2737 1620 2975 1691 Εὑδοξίῳ
3019 1622 3116 1690 τῆς
3174 1623 3350 1687 ξενίας
3393 1624 3491 1687 τὰς
3546 1625 3789 1695 χάριτας

2194 1710 2543 1763 ἀπεδίδοσαν.

2264 1801 2342 1856 ιιι.
2394 1802 2451 1854 '0
2484 1800 2539 1853 δὲ
2575 1800 2672 1854 καὶ
2704 1801 2885 1855 λαθεῖν
2921 1804 3076 1866 εἰδὼς
3142 1805 3231 1856 ὅτε
3269 1803 3408 1867 δέον,
3445 1805 3539 1855 καὶ
3574 1804 3651 1873 μὴ
3681 1805 3786 1857 λα-

510 1900 692 1952 esset.
727 1901 781 1947 et
812 1910 1002 1949 rursus
1040 1910 1151 1949 non
1200 1895 1368 1949 latere
1404 1892 1618 1962 quando
1650 1892 1810 1961 hujus
1844 1894 1917 1945 rei
1945 1902 2076 1946 esset

2191 1886 2304 1943 θεῖν
2325 1885 2391 1944 αὖ
2428 1892 2516 1942 ὅτε
2542 1889 2729 1943 τούτου
2758 1893 2950 1963 καιρός
2970 1911 2982 1923 ·
3004 1894 3121 1947 θεία
3155 1894 3262 1963 γάρ
3286 1890 3351 1964 ἦν
3384 1897 3543 1963 χάρις
3575 1897 3606 1964 ἡ
3638 1912 3788 1964 πιρ-

510 1992 725 2053 tempus
759 1984 775 2053 (
806 1984 989 2038 divina
1022 1984 1168 2039 enim
1196 2024 1209 2049 ,
1243 1998 1362 2053 qua:
1406 1984 1595 2036 aderat
1625 1982 1791 2053 gratia
1828 1993 1881 2035 et
1920 1983 2087 2036 doce-

509 2074 602 2129 bat
634 2074 904 2128 Athletam
932 2115 944 2137 ,
996 2076 1161 2144 jussit
1192 2087 1249 2128 ut
1269 2090 1361 2129 eos
1403 2080 1767 2143 sequeretur),
1800 2090 1922 2127 cum
1953 2090 2089 2126 uxo-

509 2180 625 2219 rem
674 2175 921 2219 vocasset
956 2166 1265 2219 Basilissam
1305 2175 1421 2229 aut,
1454 2165 1495 2217 si
1539 2164 1704 2227 velis,
1739 2164 2083 2229 Mandanem,

508 2271 633 2309 nam
682 2270 744 2309 ea
775 2269 991 2325 quoque
1025 2254 1226 2324 duplici
1260 2255 1490 2309 nomine
1525 2255 1841 2318 vocabatur,
1863 2256 1908 2309 ei
1936 2271 2088 2309 man-

510 2346 603 2402 dat
637 2361 757 2415 quae
786 2353 1038 2414 spectant
1070 2344 1137 2398 ad
1172 2344 1427 2397 familiam
1458 2383 1470 2396 .
1498 2344 1560 2397 Et
1588 2358 1709 2397 eum
1756 2344 1935 2396 omnia
1967 2349 2085 2412 ejus

506 2451 653 2491 cura:
680 2434 1074 2497 commisisset,
1102 2433 1205 2487 hoc
1248 2447 1463 2502 quoque
1528 2442 1859 2500 postremum
1882 2441 1935 2485 et
1968 2447 2087 2501 ger-

507 2542 727 2581 manum
769 2526 819 2581 ei
849 2525 942 2580 dat
991 2528 1305 2579 mandatum
1333 2565 1348 2588 ,
1381 2540 1450 2578 ne
1481 2524 1600 2592 ejus
1654 2523 1847 2578 defleat
1895 2526 2085 2580 deees~

505 2633 625 2672 sum
659 2632 835 2685 neque
886 2625 1108 2686 propter
1164 2623 1393 2670 mortem
1443 2616 1561 2683 ejus
1602 2615 1946 2679 lamentetur,
1987 2616 2081 2671 sed

506 2709 849 2778 lampadibus
888 2707 992 2776 (9)
1039 2716 1093 2761 et
1123 2708 1226 2761 alia
1283 2706 1465 2761 laetitia
1516 2707 1693 2776 potius
1732 2708 1881 2760 illum
1936 2709 2080 2763 diem

504 2802 773 2858 honoret.
807 2800 1001 2854 Statim
1042 2815 1171 2871 ergo
1202 2815 1354 2856 suam
1408 2801 1633 2869 quidem
1700 2800 2078 2867 cegnationem

502 2892 733 2961 despicit
825 2890 1135 2945 Eudoxius:
1194 2891 1536 2946 obliviscitur
1602 2898 1784 2943 autem
1859 2898 2081 2959 propter

500 2965 779 3036 Christum
830 2982 911 3036 sui
942 2981 1144 3035 amoris
1174 2982 1226 3034 in
1277 2982 1417 3034 filios
1440 3019 1455 3044 ,
1491 2979 1652 3035 validi
1693 2989 1749 3033 et
1787 2981 2076 3035 inevitabi-

502 3075 567 3129 lis
617 3074 817 3128 viueuli
874 3074 1198 3143 parentibus
1222 3111 1236 3127 .
1274 3072 1341 3127 Ut
1371 3073 1517 3127 enim
1546 3073 1697 3127 illum
1726 3073 2030 3127 lucrifaciat
2059 3114 2073 3139 ,

2188 1978 2321 2032 οὖσα
2374 1982 2467 2033 καὶ
2532 1980 2855 2034 διδάσκουσι
2902 1983 2994 2034 τὸν
3051 1984 3280 2053 άθλητδν
3373 1984 3453 2056 [ι.
3490 1984 3784 2057 scamm-

2187 2070 2550 2137 ἀκολουθῆσαι
2572 2072 2681 2132 τοῖς
2700 2071 2957 2139 ἀνδράσιν
2977 2071 3244 2138 ἐσκέψατο
3270 2072 3351 2139 (8)
3375 2088 3386 2100 ⁸
3433 2074 3524 2123 καὶ
3546 2076 3646 2143 τὴν
3686 2093 3788 2142 γυ-

2188 2162 2351 2213 ναῖκα
2382 2163 2617 2224 καλέσας
2650 2163 2998 2222 Βασίλισσαν,
3032 2165 3065 2233 ἢ
3099 2165 3190 2215 καὶ
3222 2164 3531 2232 Μανδάνην,
3567 2168 3614 2216 εί
3651 2165 3784 2233 βούο

2188 2252 2269 2304 λει
2295 2269 2309 2283 ο
2350 2252 2557 2316 διπλοῖς
2585 2254 2693 2321 γὰρ
2732 2256 2827 2307 καὶ
2865 2256 3002 2323 αὐτῇ
3034 2256 3146 2317 τοῖς
3195 2254 3455 2323 ὀνόμασιν
3487 2255 3743 2309 ἐκαλεῖτο
3763 2270 3777 2282 ⁶

2186 2344 2287 2397 ὅσα
2334 2361 2392 2397 τε
2442 2345 2546 2398 ἔδει
2594 2347 2702 2397 τῶν
2745 2345 2867 2399 κατ’
2914 2342 3060 2397 οἷκον
3104 2347 3250 2413 αὕτη
3302 2346 3622 2406 ἐντέλλεται,
3685 2348 3787 2400 καὶ

2188 2435 2365 2488 πάντα
2398 2438 2463 2504 τῇ
2489 2436 2656 2505 αὐτῆς
2673 2436 2890 2500 ἀναθεὶς
2918 2436 3179 2505 φροντίδι,
3213 2437 3455 2505 ἐσχάτην
3493 2437 3656 2489 τοῦτο
3685 2444 3785 2489 καὶ

2185 2527 2416 2597 γνησίαν
2462 2528 2687 2598 ἐντολὴν
2726 2529 2907 2581 δίδωσι
2933 2545 2946 2558 ·
2986 2530 3062 2599 μὴ
3094 2528 3454 2597 ἐπιδακρῦσαι
3504 2531 3569 2597 τῇ
3611 2530 3783 2580 αὑτοῦ

2186 2618 2460 2689 ὲκδημίᾳ,
2529 2620 2603 2688 μὴ
2674 2618 3089 2688 ἀποδύρασθαι,
3157 2621 3232 2689 μὴ
3301 2619 3569 2688 θρηνῆσαι
3639 2618 3783 2678 ὅλως

2182 2712 2280 2781 τὴν
2308 2712 2601 2783 τελευτήν·
2655 2712 2789 2765 ἀλλὰ
2820 2712 2916 2765 καὶ
2954 2712 3343 2781 λαμπροφορέᾳ⁵
3386 2712 3481 2764 καὶ
3526 2714 3590 2780 τῇ
3633 2713 3775 2782 ἄλλῃ

2184 2803 2508 2879 φαιδρότητι
2574 2803 2791 2872 ἐκείνην
2840 2802 3068 2869 τιμῆσαι
3118 2802 3355 2868 μάλιστα
3394 2801 3492 2869 τὴν
3537 2804 3779 2870 ἡμέραν.

2185 2894 2361 2957 Εὐθὺς
2404 2890 2494 2947 οὖν
2536 2896 2869 2963 καταφρονεῖ
2913 2892 3010 2961 μὲν
3057 2892 3155 2962 τῆς
3196 2892 3402 2954 οἰκείας
3447 2894 3779 2959 συγγενείας

2182 2987 2429 3049 Εὑδόξιος
2452 3003 2466 3017 ·
2500 2985 2922 3039 ἐπιλανθάνεται
2949 2984 3005 3036 δὲ
3038 2984 3123 3036 διὰ
3154 2982 3390 3054 Χριστὸν
3414 2984 3512 3052 τῆς
3541 2983 3676 3053 πρὸς
3705 2985 3781 3036 τὰ

2178 3082 2342 3131 τέκνα
2367 3078 2619 3147 στοργῆς,
2654 3078 2745 3129 τοῦ
2781 3076 3001 3145 ἰσχυροῦ
3025 3077 3089 3144 δὴ
3120 3076 3304 3127 τούτου
3332 3080 3421 3128 καὶ
3451 3078 3738 3144 ἁπαραιτή
3757 3106 3775 3115 -

499 3166 681 3219 omnia
714 3167 974 3219 damnum
1024 3166 1298 3220 existimat
1336 3173 1392 3218 et
1424 3175 1664 3219 stercora
1686 3204 1700 3217 .
1732 3166 1797 3218 Et
1828 3166 1978 3218 vadit
2005 3166 2070 3218 ad

2185 3185 2272 3219 του
2306 3169 2417 3229 τοῖς
2454 3169 2691 3238 πατράσι
2719 3166 2922 3236 δεσμοῦ
2952 3182 2965 3196 ·
2999 3167 3083 3217 ἵνα
3114 3169 3223 3235 γὰρ
3258 3168 3467 3218 ἐκεῖνον
3502 3167 3776 3237 κερδήσῃ,

499 3256 782 3325 praesidem
810 3296 823 3309 .

568 3432 639 3487 lx
663 3472 675 3485 .
709 3434 755 3488 ls
774 3442 954 3488 autem
978 3449 1102 3488 cum
1138 3436 1315 3502 ipsum
1342 3434 1583 3497 vidisset,
1640 3434 1823 3497 Salve,
1878 3434 2073 3503 inquit,

496 3536 680 3578 cernes
736 3520 968 3576 Eudoxi.
1029 3522 1121 3576 Ille
1170 3530 1350 3575 autem
1407 3522 1641 3574 vicissim
1700 3523 1873 3575 reddit
1924 3523 2073 3576 salu-

496 3623 639 3674 tem,
689 3612 917 3666 dicens:
980 3610 1060 3665 Tu
1099 3626 1315 3681 quoque
1346 3610 1494 3665 salve
1520 3650 1535 3675 ,
1598 3627 1826 3681 praeses.
1864 3612 2072 3668 Praises

496 3713 677 3759 autem
706 3718 895 3757 rursus
922 3721 934 3756 :
966 3702 1159 3766 Tuam,
1194 3703 1403 3769 inquit,
1434 3704 1821 3756 aeeersivimus
1853 3705 2069 3757 clarita-

497 3804 603 3848 tem
633 3830 647 3855 ,
701 3800 761 3845 ut
809 3792 977 3859 jussis
1044 3806 1241 3861 parans
1294 3790 1671 3860 imperatoris,
1720 3802 1773 3846 et
1819 3794 1955 3860 diis,
2014 3804 2071 3849 ut

496 3899 594 3955 par
618 3893 729 3949 est,
761 3882 958 3938 offeras
998 3882 1363 3950 sacrificium,
1397 3894 1454 3938 et
1478 3886 1712 3939 maxime
1768 3890 1906 3956 patri
1949 3904 2067 3944 om—

492 3978 643 4031 nium
699 3976 925 4032 deorum
987 3991 1181 4046 magno
1238 3977 1377 4039 Jovi,
1430 3990 1483 4031 et
1544 3977 1745 4032 Plicebo
1798 3980 2066 4046 Apollini,

491 4079 549 4126 et
603 4073 783 4127 charte
843 4065 1048 4138 Virgini
1127 4068 1327 4122 Dianae.
1404 4069 1602 4139 Μαι-ιιι·
1666 4075 1846 4124 autem
1889 4088 1902 4125 :
1938 4070 2067 4126 Mihi

495 4177 662 4217 unum
704 4170 819 4225 est,
876 4162 1088 4230 inquit,
1153 4161 1481 4217 sacrificium
1514 4163 1627 4215 veri
1663 4162 1754 4217 Dei
1781 4205 1794 4226 ,
1827 4168 1915 4234 qui
1966 4168 2065 4220 hoc

494 4254 746 4325 produxit
794 4255 1150 4318 universum;
1186 4262 1239 4306 et
1288 4254 1334 4306 ei
1384 4254 1697 4308 sacrificabo
1741 4258 2065 4310 saeriticium

494 4346 709 4408 laudis,
763 4344 853 4415 qui
910 4352 995 4399 est
1056 4343 1198 4398 Deus
1242 4345 1295 4396 in
1368 4346 1607 4398 trinitate
1670 4362 2062 4413 personarum,

494 4437 617 4491 vita:
639 4446 820 4490 autem
842 4436 1217 4505 suppeditator
1244 4446 1300 4488 et
1328 4450 1467 4487 vera:
1494 4436 1683 4491 salutis
1702 4437 2061 4507 dispensator.

2181 3255 2382 3325 ζημίαν
2412 3258 2599 3326 ἡγεῖτο
2624 3258 2799 3309 πάντα
2834 3257 2927 3307 καὶ
2963 3255 3239 3309 σκύϐαλα·
3271 3256 3366 3307 καὶ
3391 3256 3581 3308 ἄπεισι
3617 3260 3767 3325 πρὸς

2178 3347 2269 3398 τὸν
2299 3348 2393 3415 ήγε
2407 3347 2563 3414 μόνα.

2247 3437 2325 3489 9'.
2359 3438 2469 3488 Καὶ
2502 3436 2661 3498 αὐτὸς
2692 3436 2782 3487 τὸν
2810 3437 2978 3505 ἄνδρα
3010 3436 3132 3487 ἰδὼν
3156 3476 3169 3498 ,
3207 3436 3457 3505 Χαίροις,
3490 3436 3591 3505 ἔφη
3621 3478 3633 3497 ,
3671 3440 3773 3490 x6-

2180 3547 2285 3600 μης
2305 3530 2543 3595 Εὐδόξιε.
2581 3530 2639 3582 '0
2662 3530 2716 3582 δὲ
2742 3531 2851 3591 τοῖς
2878 3530 3013 3592 ίσοις
3042 3528 3201 3590 εὐθὺς
3224 3528 3508 3597 ἠμείϐετο,
3535 3531 3775 3600 Χαίροις

2176 3625 2272 3675 καὶ
2303 3623 2485 3687 αὐτὸς,
2538 3624 2729 3686 εἰπὼν,
2767 3617 2811 3675 ὦ
2846 3622 3090 3693 ἡγεμών.
3127 3623 3237 3675 Καὶ
3264 3620 3321 3685 ὂς
3355 3622 3537 3685 πάλιν,
3587 3624 3775 3675 Μετε-

2175 3716 2506 3783 στειλὰμεθά
2531 3732 2647 3779 σου,
2674 3716 2800 3783 ἔφη,
2830 3715 2926 3784 τὴν
2948 3715 3326 3784 περιφάνειαν,
3358 3716 3499 3768 ὥστε
3532 3718 3624 3768 καὶ
3652 3721 3774 3779 τοῖς

2176 3804 2473 3875 βασιλικοῖς
2508 3807 2852 3874 ὑπηρετῆσαι
2891 3806 3303 3873 προστάγμασι,
3337 3806 3429 3856 καὶ
3462 3808 3572 3866 τοῖς
3613 3807 3765 3869 θεοῖς

2170 3896 2269 3967 τὴν
2302 3901 2685 3967 προσήκουσαν
2724 3896 2917 3949 θυσίαν
2958 3898 3369 3965 προσενεγκεῖν,
3419 3896 3657 3965 μάλιστα
3686 3899 3775 3969 τῷ

2172 3990 2339 4059 πατρὶ
2364 3990 2579 4042 πάντων
2610 3987 2748 4041 θεῶν
2770 3988 2849 4058 τῷ
2875 3989 3097 4058 μεγαλῳ
3129 3990 3232 4052 Διὶ,
3274 3988 3571 4040 Ἀπόλλωνί
3595 4005 3654 4040 τε
3686 3990 3772 4059 τῷ

2169 4082 2366 4151 Φοίϐῳ,
2401 4083 2497 4134 καὶ
2528 4084 2592 4150 τῇ
2627 4082 2756 4151 φίλῃ
2794 4081 3048 4149 παρθένῳ
3088 4081 3383 4150 Ἀρτέμιδι.
3423 4082 3531 4133 Καὶ
3561 4084 3587 4133 ὁ
3620 4083 3773 4149 μάρ-

2169 4188 2299 4233 τυςο
2341 4173 2496 4240 Ἐμοὶ
2541 4174 2661 4241 μία,
2688 4172 2814 4242 ἐφη,
2861 4172 3044 4238 θυσία,
3096 4174 3129 4243 ἡ
3169 4173 3263 4224 τοῦ
3291 4173 3550 4243 ἀληθινοῦ
3596 4174 3763 4238 Θεοῦ,

2172 4264 2264 4315 τοῦ
2287 4264 2346 4314 τὸ
2368 4265 2476 4315 πᾶν
2498 4266 2617 4317 τόδε
2641 4267 3054 4335 παραγαγόντος
3070 4282 3085 4297 ⁶
3114 4268 3205 4318 καὶ
3226 4264 3375 4335 αὺτῴ
3397 4264 3544 4317 θύσω
3564 4267 3767 4320 θυσίαν

2172 4356 2433 4419 αἰνέσεως
2456 4396 2469 4421 ,
2516 4356 2571 4420 ὃς
2606 4360 2663 4410 ὲν
2708 4360 2889 4428 τριάδι
2921 4358 3339 4427 θεολογούμενος
3377 4360 3759 4424 ὑποστάσεων,

2170 4448 2329 4521 ζωῆς,
2351 4450 2553 4516 ταμίας
2588 4450 2680 4501 καὶ
2718 4451 3002 4519 οἰκονόμος
3032 4451 3272 4519 statim;
3302 4454 3582 4521 σωτηρίας
3612 4450 3766 4519 γνῶ,

494 4526 640 4592 Quos
674 4534 853 4579 autem
894 4529 1024 4579 deos
1055 4526 1339 4589 nominas,
1380 4526 1522 4597 ligna
1562 4542 1656 4581 eos
1710 4529 1865 4582 video
1899 4542 1952 4585 et
1977 4531 2063 4584 la-

2185 4520 2405 4604 οίζεεῖαι.
2438 4538 2542 4601 Οὒς
2563 4540 2619 4592 δὲ
2652 4539 2805 4602 θεοὺς
2833 4532 3116 4609 ὀνομάζεις
3143 4541 3274 4607 ξύλα
3304 4543 3527 4603 τούτους
3554 4544 3649 4595 καὶ
3681 4544 3766 4594 λί-

495 4623 645 4690 pides
668 4660 681 4685 ,
746 4618 884 4672 nihil
935 4615 1247 4671 differentes
1280 4618 1500 4685 penitus
1523 4634 1550 4669 a
1585 4620 1773 4687 quavis
1824 4622 1924 4674 alia
1954 4623 2069 4675 ina-

498 4828 551 4881 ni
594 4830 734 4880 ultus
759 4832 863 4889 est,
901 4822 1085 4879 occiso
1115 4822 1394 4894 gperduelli
1423 4825 1594 4894 _Apro
1663 4824 1727 4879 Et
1796 4828 2067 4894 prioribus

496 4899 712 4963 quidem
766 4894 979 4963 imperii
1044 4892 1127 4948 sui
1188 4896 1344 4945 annis
1420 4892 1813 4947 Diocletianum
1870 4898 2065 4952 lavisse

496 4915 712 4949 (Ulucm
766 4915 979 4963 ιιιιμθτιι
1044 4915 1127 4948 δυι
1188 4915 1344 4945 3111115
1420 4915 1813 4947 υιυυιυιιιιιιυιη
1870 4915 2065 4952 ιιιιτιεδθ

494 4915 823 5020 έὴιιειιαιιίε
871 4972 1096 5015 testatur
1145 4962 1429 5034 Eusebius,
1491 4963 1890 5034 lib.vm,cap.|.
1932 4966 2065 5019 Per-

495 5035 702 5090 secutio
730 5043 908 5084 autem
945 5033 1205 5083 advers‘us
1244 5032 1439 5082 milites
1476 5034 1724 5084 inchoata
1789 5032 1869 5087 est
1922 5053 2067 5089 anno

493 5109 600 5159 ξ.)θὸ
642 5105 943 5157 secundum
1006 5100 1248 5169 l’agium,
1294 5115 1357 5153 ac
1420 5102 1616 5154 deinde
1652 5118 1794 5167 anno
1847 5106 1947 5158 505
1999 5107 2065 5160 ad

495 5176 833 5229 Christianos
851 5187 1041 5225 omnes
1068 5182 1313 5225 extensa.

567 5245 643 5313 (8)
680 5244 979 5315 Ἐσκέιζκατο
1011 5259 1035 5291 a
1064 5243 1228 5315 verbo
1270 5241 1574 5308 σκέπτομαι
1627 5260 1733 5297 ιιοιι
1799 5246 2066 5315 significat

492 5310 782 5384 jttssit,setl
816 5310 1135 5384 deliberavit,
1169 5312 1282 5363 sive
1335 5320 1539 5373 statuit,
1582 5326 1634 5384 et
1676 5310 1870 5367 referri
1904 5318 2067 5368 debet

496 5381 561 5437 ad
594 5397 877 5452 personam
914 5381 1065 5453 initio
1111 5384 1337 5453 periodi,
1369 5383 1512 5448 quod
1540 5383 1702 5434 etiam
1739 5388 1902 5453 exigit
1935 5388 2064 5437 sub-

496 5450 1053 5524 sequensconjuuetio
1071 5451 1370 5524 copulativa
1392 5456 1505 5517 καὶ,
1527 5464 1599 5511 et.
1620 5469 1780 5521 quam
1802 5450 2068 5524 interpres

495 5520 697 5578 omisit.
731 5521 948 5574 Rectius
972 5520 1147 5589 itaque
1183 5520 1258 5571 sic
1278 5530 1481 5574 vertes:
1506 5543 1522 5573 ι
1552 5520 1869 5589 Ιιίείιιιιιριιι,
1894 5520 1982 5592 qui
2015 5538 2069 5579 et

494 5596 699 5648 sciebat
726 5592 892 5644 latere
925 5607 1045 5643 eum
1076 5605 1213 5659 opus
1236 5600 1400 5648 esset.
1428 5600 1482 5643 et
1525 5608 1710 5647 rursus
1744 5611 1851 5648 non
1896 5598 2062 5649 latere

493 5667 706 5731 quando
749 5662 909 5731 hujus
950 5660 1022 5710 rei
1059 5674 1199 5714 esset
1221 5672 1429 5730 tempus
1449 5662 1649 5728 (divina
1680 5664 1823 5715 enim
1874 5670 2061 5719 aderat

494 5735 660 5800 gratia
712 5732 1046 5799 docebatque
1094 5731 1348 5784 athletam
1380 5747 1396 5800 j
1430 5734 1583 5800 sequi
1627 5734 1771 5786 viros
1830 5740 2051 5789 statuit:

492 5804 549 5859 et
590 5816 710 5854 cum
742 5814 961 5859 uxorein
999 5812 1292 5861 vocasset,»
1329 5816 1431 5854 etc.
1489 5805 1689 5859 Menam
1721 5804 1927 5871 dicunt,
1969 5821 2053 5859 sa—

2179 4627 2301 4690 θους
2339 4630 2450 4698 όρῶ
2504 4632 2599 4701 τῆς
2636 4632 2827 4700 λοιπῆς
2864 4632 3073 4703 ἀψύχου
3115 4634 3242 4702 ὕλης
3280 4634 3414 4703 μηδὲ
3457 4634 3598 4704 βαρὺ
3639 4636 3762 4688 δια-

2167 4831 2363 4887 tellites
2394 4833 2630 4888 suasisse
2660 4843 2866 4898 sancto,
2912 4844 2971 4887 ut
3000 4834 3233 4905 fugeret;
3264 4837 3405 4902 quod
3434 4836 3559 4890 licet
3582 4840 3760 4892 diser-

2167 4906 2235 4955 tis
2308 4906 2488 4958 verbis
2523 4921 2628 4956 non
2698 4908 3025 4972 expresserit
3092 4906 3507 4981 5|_etaphrastes,
3576 4913 3759 4981 colligi

2168 4984 2346 5024 tamen
2386 4985 2562 5040 potest
2587 4990 2648 5026 ex
2676 4991 2902 5026 numero
2938 4978 3298 5044 praecedente.

2246 5044 2322 5109 (9)
2348 5044 2531 5120 βιαίῳ
2568 5044 2972 5120 λαμπροψιρίᾳ,
3019 5048 3072 5099 id
3106 5058 3187 5120 est
3236 5049 3522 5113 gestatione
3558 5052 3754 5120 facium

2169 5114 2249 5165 vel
2281 5115 2567 5180 splemlidw
2595 5125 2769 5167 vestis.
2814 5118 2864 5167 ln
2905 5114 3072 5180 prima
3126 5118 3522 5183 significatione
3558 5114 3747 5174 iocum

2168 5183 2311 5236 illam
2370 5186 2587 5237 adhibet
2615 5190 2671 5237 ὃ.
2712 5186 3004 5251 Gregorius
3034 5183 3407 5239 Nazianzenus
3435 5188 3689 5243 oratione
3717 5212 3751 5245 ιι

2165 5252 2216 5328 in
2256 5253 3051 5328 l’asclia,_exinterpretatione
3072 5256 3257 5308 Jacobi
3298 5255 3456 5320 Billii,
3493 5262 3751 5328 pag.b7b.

2166 5322 2268 5396 Pro
2296 5324 2533 5375 secundo
2560 5325 2884 5392 significatu,
2925 5327 3179 5379 nimirum
3222 5322 3513 5396 gestatione
3566 5322 3747 5396 Splen-

2166 5394 2496 5466 didieveslis,
2530 5400 2728 5447 citatur
2758 5398 2918 5449 etiam
2949 5394 3242 5466 Gregorius
3274 5413 3327 5448 tn
3360 5394 3749 5458 LexicoJoau-

2167 5466 2249 5514 nis
2278 5461 2522 5539 Scapula:
2543 5468 2663 5539 ,eol.
2694 5461 3123 5539 Πῦϋηυειιειῖιε
3152 5468 3217 5519 ad
3250 5482 3434 5520 vocem
3494 5470 3748 5539 λαμπρὸς

2166 5536 2403 5586 ostendit
2436 5537 2600 5588 variis
2654 5538 2939 5604 exemplis,
3006 5541 3416 5607 λαμπροφορεῐν
3466 5536 3745 5597 interdum

2168 5617 2307 5675 esse
2338 5607 2556 5656 vestibus
2608 5608 2912 5673 splendidis,
2946 5608 3212 5659 interdum
3253 5612 3383 5660 albis
3434 5616 3657 5675 vestiri;
3695 5622 3748 5660 ct

2166 5688 2264 5740 pro
2296 5672 2641 5748 llOEilfltlllCll.
2672 5676 3117 5748 locutngﬁrcgorii
3167 5676 3493 5730 Nazianzenl
3553 5698 3604 5748 p.
3621 5672 3743 5739 1-57,

2163 5745 2305 5818 apud
2357 5741 2570 5818 Billium
2598 5762 2749 5818 pag._
2777 5745 2902 5811 409,
2942 5741 3026 5801 ubi
3069 5748 3455 5818 λαμπροφορία
3510 5741 3744 5805 vertitur

2163 5813 2349 5865 Latine
2376 5816 2583 5868 vestitus
2616 5815 2830 5870 candor.
