3970 6478
177 455 273 520 625

1155 460 1345 520 ACTA
1389 458 1494 519 SS.
1528 454 1881 518 EUDOXII.
1911 454 2234 525 ROMULI,
2275 460 2437 522 ETC.

3310 461 3413 525 626

176 578 453 643 φέροντας.
501 571 648 641 ῐιρδς
693 568 866 623 ταῦτα
898 570 1179 641 διαδλέψαι
1209 573 1309 624 οὐκ
1350 570 1489 639 ἔχων
1530 570 1737 629 ἐκεῖνος

1861 568 1986 623 tima
2013 572 2259 627 materia.
2298 572 2377 627 Ad
2404 574 2516 628 hac
2544 573 2631 628 ille
2660 587 2769 628 non
2785 572 2972 629 valens
3004 572 3231 639 intueri,
3263 572 3423 643 (quo-

176 666 357 734 (πόθεν
380 665 508 729 ὅσγε
534 664 636 715 ὑπὸ
662 662 855 734 βαθείᾳ
879 664 974 733 τῆς
996 663 1247 725 ἀσεϐείας
1264 662 1520 716 ἐκάθευδε
1552 662 1687 733 μέθῃ
1703 663 1742 729 ;)

190 755 321 820 Ἐγώ
344 772 400 806 σε
420 755 516 815 τὰς
542 753 633 805 τοῦ
668 754 930 823 βασιλέως
962 754 1241 807 ἐκτελέσαι
1270 755 1617 823 προστάξεις.
1648 754 1745 806 καὶ

176 846 307 914 πρὸς
338 845 462 906 τοὺς
486 844 642 905 θεοὺς
670 845 737 896 τὰ
755 844 1033 913 εἰθισμένα
1056 846 1257 914 δρᾶσαι
1281 846 1706 915 προετρεψάμην
1726 888 1740 911 ,

174 939 269 1006 ἔφη
297 954 311 968 ·
347 936 481 991 ἀλλὰ
504 937 566 989 σὺ
596 938 689 989 καὶ
718 936 874 997 θεῶν,
899 936 973 999 ώς
999 937 1129 1007 ὁρῶ,
1162 938 1255 990 καὶ
1280 938 1543 1006 βασιλέως
1576 939 1743 1005 ὑπερ-

176 1032 327 1099 ορᾷς,
378 1029 525 1085 οὕτω
555 1030 653 1098 μὲν
685 1029 907 1098 ἁναίδην
940 1032 1021 1093 εἰς
1064 1030 1157 1093 οὒς
1184 1034 1389 1092 ἐκεῖνος
1416 1032 1561 1083 σέϐει
1588 1030 1744 1091 θεοὺς

174 1120 481 1190 ἔνυδρίσας,
527 1121 670 1172 οὕτω
698 1120 752 1172 δὲ
794 1122 1091 1194 καινοφανῆ
1122 1139 1244 1178 τινα
1290 1121 1546 1189 λατρεὶαν
1596 1122 1746 1190 παρὰ

171 1212 375 1281 ταύτην
410 1212 737 1282 νομοθετῶν,
769 1214 862 1264 καί
890 1214 1080 1285 ταύτῃ,
1114 1213 1188 1275 ώς
1218 1216 1295 1273 εἰς
1324 1214 1431 1283 ἐμὰ
1456 1208 1567 1266 ὦτα
1597 1214 1743 1282 ἥκει,

174 1307 299 1370 τοὺς
334 1307 567 1369 πολλοὺς
602 1306 933 1358 ἀναπείθων.

242 1480 296 1537 l'.
362 1481 580 1543 Ταῦτα,
644 1480 855 1533 πολλῶν
925 1480 1313 1550 περιεστώτων
1371 1482 1747 1549 στρατιωτῶν.

170 1576 197 1622 ὁ
230 1570 459 1641 ἡγεμὼν
502 1571 794 1638 διελέγετο.
839 1573 947 1625 Καὶ
988 1574 1191 1641 μεταξὺ
1228 1574 1420 1643 ἄγριον
1454 1575 1546 1626 καὶ
1584 1574 1747 1642 δριμὺ

169 1664 374 1715 τούτων
404 1660 423 1733 [
454 1665 588 1732 forte
644 1663 877 1735 τούτοις]
911 1665 1215 1733 ὲμδλέψας·
1251 1666 1406 1719 Ὅσοι
1445 1668 1538 1719 καὶ
1574 1667 1747 1736 ὑμῶν,

172 1755 292 1822 ἔφη,
342 1754 417 1824 μὴ
473 1756 583 1818 τοῖς
634 1754 931 1824 βασιλικοῖς
970 1756 1335 1826 θεσπίσμασιν
1385 1758 1604 1823 ἕπεσθε,
1654 1758 1753 1821 τὰς

174 1846 571 1914 στρατιωτικὰς
608 1845 988 1913 διαλυσάμενοι
1040 1848 1214 1911 ζώνας
1250 1852 1489 1918 γυμνοὺς
1524 1851 1753 1913 ἑαυτοὺς

1850 662 2011 717 modo
2050 665 2197 718 enim
2224 705 2238 727 ,
2305 667 2396 734 qni
2441 665 2745 720 dormiebat
2794 680 3090 736 Oppressus
3148 666 3417 735 profunda

1845 756 2062 823 erapula
2105 756 2434 821 impietatis?
2459 757 2477 827 )
2506 758 2615 828 Ego
2643 766 2715 822 te,
2741 757 2912 827 inquit
2938 798 2951 822 ,
2986 772 3108 812 sum
3138 757 3382 813 hortatus
3406 798 3419 820 ,

1849 856 1908 900 ut
1944 847 2315 917 exsequereris
2345 849 2497 916 jussa
2531 850 2907 918 imperatoris,
2956 859 3012 905 et
3061 850 3167 906 diis
3213 849 3422 906 faceres

1846 950 1909 989 ea
1961 951 2081 1003 quae
2112 937 2291 991 solent
2336 937 2448 991 fieri
2486 956 2498 991 :
2543 940 2639 993 sed
2695 946 2751 994 tu
2778 978 2792 1003 ,
2853 950 2911 993 ut
2967 939 3158 1003 video,
3189 948 3245 993 et
3292 939 3424 993 deos

1847 1023 2083 1092 despicis
2116 1034 2171 1079 et
2215 1025 2614 1095 imperatorem,
2657 1039 2716 1081 ut
2747 1030 2861 1098 qui,
2888 1043 3025 1098 quos
3058 1030 3146 1083 ille
3204 1029 3422 1098 quidem

1848 1113 1998 1176 colit,
2065 1114 2198 1168 deos
2244 1122 2351 1169 tam
2407 1116 2748 1185 impudenter
2799 1120 3013 1187 probris
3070 1120 3316 1174 afleceris
3367 1126 3424 1173 et

1849 1206 2230 1271 contumeliis;
2265 1224 2456 1261 novam
2487 1210 2598 1277 (10)
2631 1219 2809 1264 autem
2842 1220 3043 1278 praeter
3081 1213 3219 1267 hanc
3256 1212 3425 1265 intro-

1850 1296 2015 1351 ducas
2039 1298 2387 1367 religionem,
2420 1310 2473 1355 et
2502 1311 2560 1355 ut
2590 1315 2711 1355 eam
2740 1301 3076 1371 suscipiaut(
3099 1310 3158 1355 ut
3184 1304 3248 1357 ad
3278 1315 3426 1356 meas

1851 1402 2011 1444 aures
2046 1392 2337 1461 pervenit)
2367 1392 2551 1447 multis
2600 1394 2951 1462 persuadeas.

1925 1484 1989 1535 Χ.
2041 1486 2163 1537 Haec
2219 1484 2436 1539 dicebat
2499 1500 2733 1555 prases,
2796 1487 2981 1541 multis
3033 1485 3294 1540 militibus
3325 1486 3427 1539 cir-

1853 1574 2344 1639 cumsistentibus;
2381 1590 2519 1642 quos
2558 1575 2644 1629 ille
2682 1576 2896 1629 interim
2930 1585 3083 1630 torve
3138 1584 3192 1629 et
3223 1576 3424 1629 feroci-

1854 1673 1936 1720 ter
1968 1666 2198 1721 intuitus
2234 1684 2245 1719 :
2283 1667 2606 1736 Quicunque
2666 1682 2732 1723 ex
2800 1668 2990 1732 vobis,
3035 1670 3243 1737 inquit,
3273 1669 3425 1737 jussa

1856 1759 2003 1829 regia
2035 1775 2143 1813 non
2168 1760 2457 1829 sequimini
2484 1804 2498 1826 ,
2518 1775 2616 1815 vos
2639 1760 2964 1815 militaribus
2994 1762 3194 1815 tunicis
3219 1775 3424 1815 exuen-

1860 1859 1976 1914 tes,
2010 1853 2319 1921 cognoscite
2352 1866 2471 1905 esse
2502 1852 2679 1905 nudos
2704 1852 2772 1906 ab
2800 1852 3104 1922 insignibus
3126 1851 3422 1923 dignitatis.

173 1912 276 1989 τῶν
308 1938 411 2005 τῆς
442 1939 597 2001 ἀξίας
630 1912 914 2006 συμϐόλων
944 1912 1271 2007 γνωρίσατεξ
1295 1912 1360 1992 Ἱ;ί
1390 1940 1547 1992 τοῦτο
1574 1912 1747 2007 λέγων

1861 1912 2105 1995 Curhoc
2159 1950 2341 1994 autem
2388 1941 2603 1995 dicebat
2634 1942 2723 1995 ille
2771 1912 3216 2011 improbuswi',
3256 1942 3302 1995 si
3332 1940 3427 2009 qui

177 2030 203 2079 ὀ
232 2030 471 2099 πονηρὸς
500 2030 738 2092 sitsi-Ioc;
770 2028 955 2089 Ὅπως
986 2030 1038 2081 ετ
1057 2046 1199 2093 τινες
1223 2030 1309 2083 διὰ
1334 2030 1431 2102 τὴν
1458 2032 1553 2103 τῆς
1586 2050 1746 2101 στρα-

178 2120 321 2182 τείας
356 2120 648 2171 κοινωνίαν
679 2119 868 2187 φιλίως
899 2120 975 2190 τῷ
1007 2121 1238 2191 Εὖδοξίῳ
1272 2122 1482 2193 ἔχοντες
1504 2166 1518 2189 ,
1551 2140 1745 2177 κοινω-

180 2216 284 2262 νεῖν
314 2212 461 2278 αύτῴ
493 2212 587 2263 καὶ
615 2212 712 2279 τῆς
742 2212 965 2281 γνώμης
1001 2214 1293 2284 βούλοιντο,
1323 2217 1645 2270 αἰδεσθῶσιν
1689 2222 1746 2271 ὲν

179 2300 412 2367 τοσούτῳ
446 2298 640 2371 πλήθει
672 2302 1100 2367 ἀποστατοῦντες
1130 2307 1283 2359 αὐτοὶ
1315 2307 1463 2375 μόνοι
1491 2326 1505 2342 ο
1535 2307 1747 2375 ὀλίγους

180 2392 280 2461 γὰρ
302 2386 443 2443 εἶναι
476 2392 819 2446 παντάπασιν
858 2395 1053 2458 αὐτοὺς
1086 2395 1221 2465 ᾤετο
1246 2414 1259 2428 ’
1293 2397 1584 2451 κάντεῦθεν
1611 2399 1746 2467 ὁμοῦ

180 2482 276 2549 μὲν
303 2482 398 2536 τὸν
430 2481 681 2548 Εὑδόξιον
706 2484 971 2553 αίσχύνοι,
1002 2486 1255 2555 ἀλλότρια
1285 2487 1424 2541 οὕτω
1454 2490 1551 2557 τῆς
1582 2509 1747 2561 στρα-

177 2575 295 2637 τιᾶς
333 2574 517 2642 πάσης
556 2574 856 2641 φρονοῦντα
882 2591 896 2605 ο
946 2574 1081 2643 ὁμοῦ
1124 2576 1179 2627 δὲ
1210 2578 1302 2629 καὶ
1352 2579 1508 2645 μόνον
1538 2581 1747 2649 εὑρών,

177 2666 436 2733 χρήσαιτο
461 2663 609 2731 αὖτῷ
642 2667 738 2717 ὅτι
772 2666 865 2717 καὶ
898 2665 1158 2733 βούλοιτο.
1208 2667 1346 2719 Ἀλλ’
1380 2669 1407 2721 ὁ
1443 2670 1747 2741 δρασσόμε-

175 2772 258 2815 νος
285 2757 410 2818 τοὺς
464 2758 660 2821 σοφοὺς
696 2760 753 2811 ὲν
787 2760 853 2828 τῇ
891 2763 1197 2833 πανουργίᾳ
1241 2762 1440 2829 αὐτῶν,
1485 2766 1623 2817 κατὰ
1656 2768 1753 2837 τῆς

175 2845 382 2897 ἐκείνου
438 2848 639 2915 μᾶλλον
688 2851 925 2919 κεφαλῆς
965 2854 1062 2920 τὴν
1095 2852 1374 2921 μεθοδείαν
1420 2858 1751 2927 περιέτρεπε

177 2938 401 3007 ταύτην.
440 2940 607 2992 Οὔπω
638 2940 744 3010 γὰρ
783 2945 809 2993 ὁ
838 2944 942 3005 πᾶς
976 2943 1131 3009 λόγος
1161 2944 1311 3014 αύτῷ
1354 2946 1562 3014 εῐρητο,
1606 2950 1699 3000 καὶ
1727 2953 1754 3003 ὁ

177 3031 421 3092 γενναῖος
452 3030 701 3096 Εὐδόξιος
734 3032 1017 3102 (ἐτύγχανε
1072 3033 1179 3104 γὰρ
1209 3034 1325 3087 τότε
1356 3034 1422 3087 τὰ
1452 3038 1753 3106 παράσημα

176 3122 269 3186 τῆς
296 3123 479 3188 ἀρχῆς
516 3124 914 3192 περικείμενος)
940 3126 1034 3195 τὴν
1052 3125 1227 3197 ζώνην
1257 3127 1416 3191 εὐθὺς
1441 3129 1653 3197 ἀφελὼν
1678 3130 1755 3201 τῷ

1848 2041 2074 2100 propter
2100 2032 2305 2085 militia:
2327 2034 2640 2087 societatem
2664 2034 2805 2087 bene
2830 2034 3031 2086 vellent
3063 2031 3306 2087 Eudoxio
3327 2073 3339 2094 ,
3373 2041 3430 2087 et

1850 2134 2032 2177 essent
2052 2124 2105 2177 in
2127 2123 2337 2185 eadem,
2368 2124 2419 2177 in
2446 2140 2549 2192 qua
2574 2125 2693 2193 ipse
2719 2125 3012 2188 sententia,
3038 2124 3428 2177 erubescerent

1851 2212 1953 2280 ipsi
1971 2211 2066 2265 soli
2085 2210 2399 2266 deficientes
2427 2212 2480 2265 in
2501 2219 2647 2266 tanta
2673 2210 3017 2265 multitudine
3038 2228 3053 2276 ;
3078 2210 3428 2265 existimabat

1851 2303 1993 2357 enim
2009 2318 2102 2356 eos
2118 2304 2341 2357 omnino
2360 2318 2478 2363 esse
2499 2318 2697 2369 paucos
2716 2344 2730 2365 ,
2752 2314 2805 2355 et
2827 2303 2986 2356 simul
3002 2303 3221 2372 quidem
3238 2303 3427 2356 volens

1850 2395 2055 2463 pudore
2094 2394 2306 2449 allicere
2341 2393 2641 2447 Eudoxium
2662 2394 2787 2463 ,qui
2814 2394 2893 2449 sic
2926 2393 3199 2451 videretur
3222 2394 3428 2447 sentire

1854 2486 2065 2539 diversa
2100 2500 2130 2538 a
2157 2493 2268 2539 toto
2284 2486 2524 2544 exercitu
2548 2504 2561 2551 ;
2588 2496 2643 2542 et
2667 2486 2711 2541 si
2734 2489 2909 2541 solum
2935 2501 3059 2540 eum
3103 2485 3424 2549 invenisset,

1854 2576 1919 2632 de
1933 2592 1999 2631 eo
2014 2576 2236 2641 faceret,
2256 2578 2395 2646 quod
2412 2578 2590 2632 vellet.
2610 2578 2715 2633 Sed
2729 2579 2820 2647 qui
2839 2577 3196 2647 apprehendit
3209 2578 3427 2646 sapien-

1857 2676 1937 2721 tes
1965 2670 2017 2721 in
2048 2670 2248 2723 astutia
2292 2684 2481 2723 eorum
2503 2710 2518 2735 ,
2555 2670 2605 2722 id
2630 2722 2644 2743 ,
2700 2670 2844 2739 quod
2890 2670 3227 2739 excogitarat
3248 2709 3263 2733 ,
3292 2683 3430 2723 con-

1858 2758 2017 2811 vertit
2047 2757 2099 2810 in
2132 2759 2251 2826 ejus
2279 2767 2471 2827 caput.
2512 2758 2764 2813 Nondum
2824 2760 2971 2813 enim
3024 2768 3194 2813 totam
3246 2756 3431 2812 absol-

1855 2860 2007 2907 verat
2036 2850 2341 2907 oratlonem
2365 2892 2378 2915 ,
2418 2861 2473 2905 et
2502 2853 2750 2921 egregius
2780 2851 2869 2905 ille
2915 2848 3194 2905 Eudoxius
3248 2850 3267 2919 (
3295 2859 3429 2905 tunc

1857 2948 2001 2999 enim
2032 2954 2151 3000 erat
2196 2944 2420 2999 indutus
2474 2944 2669 3014 insigni
2721 2943 3107 3013 magistratus)
3142 2958 3279 2996 zona
3312 2951 3428 2997 sta-

1859 3038 1951 3091 tim
1987 3037 2193 3098 ablata,
2238 3049 2356 3089 eam
2406 3034 2618 3104 projicit
2644 3034 2695 3086 in
2748 3034 2940 3088 faciem
2985 3034 3231 3103 pra-sidis
3275 3034 3385 3101 (il)
3412 3072 3425 3086 .

1860 3124 1973 3180 Hoc
2000 3133 2182 3178 autem
2223 3123 2397 3177 visum
2420 3130 2502 3176 est
2532 3122 2651 3175 aliis
2678 3122 2986 3177 adhortatio
3020 3132 3075 3176 et
3100 3123 3248 3176 zelus
3278 3123 3426 3191 (l2):

178 3213 450 3281 προσώπῳ
465 3213 559 3265 τοῦ
576 3215 829 3283 ἄρχοντος
854 3219 1185 3289 ἑπιρῤίπτει.
1207 3218 1372 3271 Τοῦτο
1390 3222 1446 3273 δὲ
1476 3226 1754 3293 προτροπὴ

1861 3226 1935 3280 et,
1973 3226 2122 3272 totus
2147 3257 2162 3279 ,
2201 3215 2295 3284 qui
2345 3215 2731 3269 circumstabat
2772 3230 3074 3279 numerus,
3135 3215 3227 3284 qui
3267 3222 3424 3269 erant

178 3304 281 3363 τοῖς
333 3303 515 3366 ἄλλοις
568 3304 780 3372 ἐγένετο
833 3307 928 3358 καὶ
965 3306 1123 3375 ζῆλον
1184 3305 1362 3378 [adde
1392 3310 1621 3380 ἀνῆψεῙ·
1668 3317 1759 3365 καὶ

180 3394 206 3446 ὁ
236 3396 537 3467 περιεστὼς
565 3396 708 3459 ἄπας
734 3398 1055 3465 κατάλογος,
1091 3398 1353 3471 τέσσαρες
1380 3400 1470 3452 ἐπὶ
1496 3404 1607 3465 τοῖς
1635 3404 1760 3458 ἑκα-

182 3489 267 3540 τὸν
294 3493 387 3541 καὶ
414 3491 575 3558 χίλιοι
598 3491 768 3557 ὄντες,
810 3494 1000 3563 ἀγαθῷ
1030 3494 1387 3563 ὑποδείγματι
1420 3495 1495 3565 τῷ
1528 3498 1760 3569 Εύδοξίῳ

180 3579 372 3631 αὐτίκα
422 3578 721 3647 χρώμενοι,
764 3584 860 3643 τὰς
910 3582 1083 3645 ζώνας
1126 3586 1219 3636 καὶ
1266 3585 1410 3637 οὗτοι
1464 3590 1603 3641 κατὰ
1651 3592 1759 3643 τῶν

184 3667 389 3717 ὲιείνου
424 3668 602 3734 ιψεων
633 3669 1021 3739 ἀπερρίπτουν.

247 3755 349 3810 IA'.
382 3758 732 3828 ’Υποπτήξας
763 3757 856 3815 οὖν
877 3765 939 3815 τὸ
970 3763 1171 3833 πλῆθος
1198 3770 1225 3820 ὁ
1252 3766 1476 3839 ἡγεμὼν
1500 3769 1758 3840 ἀναφέρει

187 3852 558 3923 Διοκλητιανῷ
586 3855 655 3907 τὰ
688 3856 781 3909 τοῦ
817 3858 1162 3926 πράγματος.
1205 3862 1264 3913 '0
1298 3862 1351 3914 δὲ
1381 3863 1505 3925 τοὺς
1524 3866 1630 3933 μὲν
1662 3866 1761 3934 τῆς

184 3943 437 4011 τοιαύτης
482 3946 685 4015 τόλμης
732 3949 939 4010 αἰτίους
986 3950 1079 4000 καὶ
1128 3952 1398 4020 ἀρχηγοὺς
1456 3956 1760 4023 βαρυτάτας

187 4029 363 4080 δοῦναι
388 4031 485 4090 τὰς
516 4033 785 4102 τιμωρίας
811 4035 1023 4087 κελεύει
1050 4051 1064 4065 ·
1092 4037 1191 4105 τὴν
1212 4040 1267 4091 δὲ
1294 4041 1421 4108 περὶ
1450 4042 1559 4093 τῶν
1587 4043 1761 4099 ἄλλων

185 4122 357 4189 ψῆφον
391 4126 458 4189 τῇ
494 4123 657 4194 βουλῇ
704 4127 1026 4199 ἐπιτρέψαι.
1063 4131 1333 4201 Τοιαύτην
1366 4134 1568 4198 ἐκεῖνος
1612 4138 1761 4204 παρά

187 4214 279 4283 τῆς
326 4214 615 4285 βασιλικῆς
670 4219 926 4283 ἀπονοίας
974 4222 1074 4289 τὴν
1120 4225 1365 4289 ἐξουσίαν
1412 4227 1609 4296 λαϐὼν,
1671 4230 1761 4282 τὸν

186 4312 432 4373 γενναῖον
470 4309 721 4375 Εὑδόξιον
757 4310 837 4381 τῷ
890 4309 1085 4365 ἑαυτοῦ
1119 4319 1612 4386 παραστησάμενος
1665 4323 1763 4389 κή-

192 4416 315 4464 ματι
362 4398 424 4468 [ί.
475 4400 723 4470 βήματιῇ
793 4403 903 4467 Τὰς
951 4404 1159 4477 μωρὰς,
1207 4407 1329 4479 ἔφη,
1372 4407 1626 4480 ζητήσεις
1671 4416 1762 4466 καὶ

188 4488 494 4554 ἀντιλογίας
546 4492 640 4542 καὶ⁸
689 4490 786 4559 τῆς
818 4494 1051 4558 διανοίας
1100 4498 1234 4566 ὁμοῦ
1278 4499 1490 4565 καὶτῆς
1517 4502 1761 4574 γλώττης

1863 3308 2031 3370 mille,
2057 3318 2275 3361 centum
2299 3315 2353 3361 et
2384 3314 2615 3374 quatuor
2644 3305 2778 3373 (l3),
2810 3304 2953 3359 bono
2982 3304 3233 3373 exemplo
3256 3302 3429 3370 proti-

1861 3412 1964 3450 nus
2004 3406 2218 3451 utentes
2266 3395 2529 3460 Eudoxio,
2565 3397 2602 3449 ii
2637 3410 2854 3468 quoque
2890 3396 3239 3467 projecerunt
3264 3408 3431 3451 zonas

1864 3495 1916 3548 in
1952 3493 2142 3549 faciem
2170 3492 2316 3548 illius
2339 3532 2353 3547 .

1931 3769 2024 3822 XI.
2063 3771 2327 3825 Dubitans
2362 3778 2543 3825 autem
2578 3785 2779 3840 praeses
2812 3771 2878 3825 de
2908 3770 3290 3833 multitudine,
3316 3785 3431 3824 rem

1862 3858 2035 3912 defert
2080 3857 2148 3911 ad
2193 3858 2608 3914 Diocletianum.
2656 3859 2750 3915 Ille
2788 3870 2970 3915 autem
3014 3866 3268 3915 auctores
3306 3862 3432 3929 qui-

1861 3951 1984 4003 dem
2018 3956 2181 4005 tanta:
2225 3949 2461 4003 audacia:
2488 3949 2642 4017 jubet
2681 3953 3018 4019 gravissimis
3056 3951 3189 4006 affici
3224 3951 3433 4020 suppli-

1863 4042 1999 4108 ciis;
2032 4041 2360 4097 sententiam
2388 4048 2572 4095 autem
2619 4040 2686 4095 de
2719 4039 2840 4095 aliis
2888 4039 3166 4095 ferendam
3198 4040 3435 4109 relinqui

1864 4133 2117 4185 senatui.
2154 4130 2305 4185 Hane
2337 4147 2459 4185 cum
2510 4131 2599 4185 ille
2652 4131 2954 4200 accepisset
2994 4139 3320 4201 potestatem
3366 4130 3436 4184 ab

1863 4220 2207 4289 imperatoris
2267 4220 2541 4283 amentia,
2610 4235 2935 4289 generosum
3016 4221 3317 4275 Eudoxium
3363 4221 3436 4273 si-

1864 4314 2114 4371 stendum
2154 4328 2351 4368 curans
2382 4327 2481 4383 pro
2504 4326 2603 4366 suo
2627 4310 2885 4365 tribunali
2909 4352 2923 4378 ,
2956 4308 3193 4376 Stultas,
3219 4310 3397 4381 inquit
3417 4353 3431 4373 .

1864 4406 2195 4479 quaestiones
2222 4416 2276 4461 et
2310 4405 2510 4461 mentis
2543 4412 2598 4459 et
2630 4403 2829 4474 lingua:
2884 4404 3110 4459 mittens
3157 4403 3437 4459 contradi-

1866 4499 2096 4557 ctiones,
2126 4505 2215 4548 tua
2264 4504 2460 4562 sponte
2490 4494 2593 4546 diis
2634 4493 2912 4546 sacriﬁca:
2945 4500 3067 4545 nam
3114 4491 3314 4562 alioqui
3379 4501 3436 4547 ut

188 4578 499 4645 ἀποϐαλὼν,
528 4581 687 4636 θῦσον
709 4585 819 4648 τοῖς
837 4584 978 4648 Θεοῖς
1002 4586 1142 4640 ἑκών
1172 4605 1185 4620 ο
1222 4591 1343 4642 ἐπεὶ
1367 4594 1458 4643 καὶ
1483 4596 1680 4647 ἄκοντά
1700 4571 1755 4647 σε

1870 4589 1919 4641 id
1961 4588 2161 4641 invitus
2187 4585 2353 4640 facias
2390 4586 2615 4639 omnino
2649 4592 2805 4654 coget
2841 4582 3113 4637 acerbitas
3143 4584 3437 4652 supplicio-

188 4670 247 4721 τὸ
276 4672 549 4740 αὐστηρὸν
605 4675 822 4739 πάντως
876 4677 983 4729 τῶν
1039 4678 1286 4749 βασάνων
1326 4686 1754 4751 παρασκευάσει.

191 4758 295 4811 Καὶ
316 4760 513 4813 αὐτίκα
535 4761 728 4830 δεσμὰ,
753 4767 845 4817 καὶ
871 4768 1101 4837 πληγὰς,
1127 4775 1221 4825 καὶ
1242 4774 1485 4841 εἱρκτὴν,
1509 4776 1757 4845 καὶπῦρ,

193 4853 280 4903 καί
308 4851 478 4905 τᾶλλα
523 4853 579 4907 δὲ
631 4855 697 4910 τὰ
750 4856 1023 4926 βαρύτατα
1068 4864 1159 4912 καὶ
1206 4866 1341 4931 πρὸς
1383 4866 1550 4936 ἀκοὴν
1596 4868 1761 4937 μόνην

193 4943 576 5010 ἀπηριθμείτο.
644 4946 995 5013 Ἰλιγγιὰσατε
1054 4953 1146 5004 καὶ
1196 4952 1353 5021 ὑμεῖς
1410 4956 1759 5024 ἀκούσαντες,

195 5029 331 5095 οἶδα,
377 5033 474 5087 καὶ
505 5036 632 5104 περὶ
670 5038 777 5090 τῶν
815 5039 941 5107 ὲξῆς
971 5045 1240 5108 ἀγωνιεῖτε
1271 5046 1361 5098 τοῦ
1396 5048 1729 5117 διηγήματος
1749 5065 1764 5079 ⁸

200 5132 326 5199 μήτι
374 5130 467 5185 καὶ
522 5133 551 5183 ὁ
590 5132 745 5199 λόγος
797 5136 888 5193 τὸν
937 5136 1175 5205 ἀθλητὴν
1217 5140 1564 5209 ἐθορύϐησεν.
1614 5142 1770 5195 Ἀλλὰ

268 5312 377 5381 (l0)
406 5312 594 5369 Graec
629 5318 949 5385 καινοερανῆ,
986 5318 1037 5372 id
1065 5325 1149 5370 est
1177 5319 1395 5376 ,noviter
1425 5329 1764 5386 apparentem

197 5384 307 5435 sive
322 5398 438 5450 qua:
458 5400 588 5436 nova
603 5392 843 5453 apparet,
868 5400 897 5436 a
920 5384 1102 5443 καινὸς
1122 5396 1176 5440 et
1194 5390 1385 5453 φαίνω.
1408 5384 1601 5443 Voéem
1620 5389 1762 5443 illam

202 5453 527 5519 καινοφανὴς
556 5454 609 5505 in
639 5453 789 5507 nullo
822 5454 1002 5509 inveni
1033 5456 1247 5511 Lexico.

267 5523 376 5591 (ll)
408 5521 463 5591 Id
495 5532 598 5585 est,
633 5540 809 5575 coram
836 5528 1073 5591 pmside.
1110 5528 1169 5579 P.
1205 5526 1485 5581 Matthmus
1523 5526 1768 5585 Raderus

204 5590 485 5667 societatis
513 5594 782 5667 nosmcin
812 5590 1044 5667 Historia
1073 5612 1222 5650 sacra
1247 5614 1308 5652 ex
1340 5601 1551 5667 magnis
1583 5600 1767 5658 Eccle-

204 5663 292 5720 sia:
320 5664 522 5720 Graecae
549 5659 767 5716 Menaeis
792 5679 949 5724 quam
986 5666 1126 5718 inter
1154 5682 1284 5719 mss.
1313 5659 1593 5721 servamus
1624 5687 1769 5724 cam-

206 5734 316 5785 ilem
360 5733 581 5799 phrasin
612 5729 770 5805 eIOgii
804 5729 997 5785 horum
1036 5746 1330 5805 martyrum
1360 5738 1433 5805 τῷ
1465 5740 1762 5804 προσώπῳ,

206 5810 327 5873 εις..
382 5805 566 5855 vertit.
609 5804 663 5853 in
712 5813 980 5873 conspectu
1033 5804 1265 5872 prtcci’dis
1318 5804 1525 5873 abierit.
1578 5810 1617 5860 Τ
1624 5821 1765 5865 esta-

211 5870 394 5926 bantur
439 5870 740 5927 Christiani
800 5870 884 5924 illa
938 5870 1083 5927 zonae
1150 5870 1447 5941 abjecl‘io'ne
1516 5893 1569 5929 sc
1630 5882 1767 5931 nolle

1868 4694 2020 4734 rum.
2054 4677 2117 4734 Et
2152 4680 2334 4735 statim
2362 4676 2704 4733 enumeravit
2749 4674 2984 4737 vincula,
3026 4684 3080 4728 et
3126 4674 3310 4744 plagas
3335 4713 3350 4738 ,
3381 4684 3436 4728 et

1867 4788 2141 4827 carcerem
2163 4812 2177 4835 ,
2214 4782 2267 4826 et
2299 4773 2479 4841 ignem
2506 4810 2519 4833 ,
2562 4778 2619 4823 et
2674 4783 3015 4837 quaecunque
3047 4767 3131 4822 vel
3176 4766 3291 4821 solo
3324 4780 3436 4818 au—

1867 4866 1982 4921 ditu
2016 4874 2143 4919 sunt
2198 4863 2537 4933 gravissima.
2584 4860 2868 4933 Caligastis
2922 4876 3020 4915 vos
3070 4874 3324 4927 quoque,
3354 4867 3437 4912 sat

1871 4957 2017 5021 Scio,
2054 4957 2169 5013 haec
2199 4956 2484 5010 audientes
2506 4995 2519 5017 ,
2553 4965 2609 5007 et
2655 4954 2801 5006 anxii
2835 4952 2967 5006 estis
3010 4950 3080 5003 de
3116 4951 3434 5005 narratione

1866 5063 2055 5101 eorum
2098 5062 2217 5113 quae
2268 5046 2526 5113 deinceps
2572 5051 2874 5111 sequuntur
2911 5059 2921 5093 :
2954 5057 3084 5093 num
3121 5042 3332 5095 scilicet
3371 5056 3433 5095 ea

1869 5138 2044 5194 oratio
2076 5138 2416 5193 conturbarit
2459 5135 2743 5189 athletam.
2782 5132 2888 5188 Scd
2928 5142 3101 5188 estote
3136 5134 3281 5187 bono
3311 5132 3431 5186 ani-

1869 5326 2027 5377 Iidem
2059 5321 2342 5383 abnegarc,
2375 5318 2599 5385 ideoque
2631 5315 2771 5370 ultro
2799 5312 3109 5385 renuntiare
3135 5311 3432 5385 honoribus

1868 5406 1978 5449 tum
2009 5379 2331 5443 militaribus
2359 5399 2470 5441 tum
2499 5379 2770 5454 palatinis,
2802 5385 2943 5452 ψιθι]
2976 5380 3037 5454 ‘S.
3078 5379 3432 5454 BusilinsAdo-

1867 5474 1951 5516 oet
1982 5464 2047 5516 de
2078 5461 2133 5513 S.
2166 5458 2363 5512 Gordio
2397 5456 2461 5507 Μ.
2492 5450 2633 5509 ίοῐηο
2668 5455 2734 5509 ΙΙΙ
2765 5450 3036 5511 Januarii,
3074 5468 3190 5519 pag.
3240 5451 3359 5506 151.

1943 5534 2052 5603 (li)
2079 5530 2264 5583 Melius
2308 5532 2392 5603 sic
2427 5536 2646 5579 vertas:
2690 5544 2706 5575 ι
2736 5523 2864 5603 Δῌος
2913 5532 3089 5575 autem
3145 5522 3262 5603 aliis
3300 5522 3427 5603 fuit

1871 5596 2210 5655 hortamento
2242 5600 2521 5667 zelumque
2550 5596 2791 5648 accendit
2819 5612 2832 5655 ;
2869 5615 2885 5645 ι
2924 5604 3043 5644 nam
3093 5596 3434 5667 neeusativus

1869 5674 2029 5739 ζῆλον
2055 5672 2161 5739 regi
2190 5669 2350 5721 debet
2378 5661 2449 5721 ali"
2498 5669 2676 5731 aliquo
2730 5668 2911 5727 verbo,
2979 5664 3119 5730 quod
3173 5661 3432 5716 omissum

1874 5756 1953 5800 est
1990 5745 2038 5792 in
2072 5741 2381 5809 apographo
2416 5746 2621 5792 nostro.

1948 5814 2056 5877 (l5)
2083 5812 2207 5864 Vide
2232 5810 2711 5869 (Iommentarlum,
2752 5823 2895 5860 num.
2925 5809 2978 5859 υ.
