3970 6456
185 382 289 447 629

180 590 381 658 μανίαν
412 592 725 660 γενόμενος,
763 596 1020 665 σφαίραις
1048 598 1138 652 τὸν
1170 600 1391 655 τένοντα
1424 604 1754 673 μολιϐδίναις

181 681 516 746 συνθλάττει,
541 686 635 737 καὶ
663 686 1021 757 ἀναμοχλεύει
1051 690 1243 745 τούτου
1272 695 1339 747 τά
1371 695 1572 765 ἀρθρα,
1601 700 1629 753 ὂ
1655 701 1754 754 θα-

175 771 355 824 νάτων
384 773 639 827 ἀπάντων
661 778 1003 847 πικρότερον.
1036 780 1351 851 Προσήγετο
1378 788 1669 854 τοιγαροῦν
1694 790 1754 843 τὸ

178 860 348 928 ἄηθες
376 864 524 917 τουτὶ
558 868 855 937 μηχάνημα
898 869 976 937 τῷ
1002 869 1205 941 ἀθλητῇ
1242 876 1334 924 καὶ
1385 876 1568 927 καινόν
1589 893 1602 907 ο
1635 880 1662 929 6
1694 879 1750 931 δὲ

176 950 368 1022 ὥσπερ
391 971 471 1017 τις
497 955 771 1019 ἀνάλωτος
795 958 992 1027 ἕστηκε
1021 961 1093 1013 πύ
1104 979 1247 1030 ργος.
1278 964 1414 1033 μηδὲ
1437 964 1609 1035 βραχὺ
1632 971 1750 1030 ταῖς

172 1045 383 1097 ἐκεένου
407 1047 694 1115 προϐολαῖς
715 1050 930 1105 διασαλε
941 1054 1186 1122 υόμενος.
1222 1056 1279 1108 Ὀ
1305 1058 1526 1126 ἡγεμὼν
1548 1062 1747 1125 τοίνυν,

172 1134 295 1185 ἐπεὶ
318 1136 395 1205 μὴ
418 1134 609 1206 ἔφερεν
630 1141 867 1211 αἰσχρῶς
896 1141 1037 1196 οὕτω
1065 1145 1386 1212 διάςπάντων
1418 1149 1746 1218 ἡττώμενος,

170 1226 401 1281 θάνατον
429 1230 592 1283 αὑτοῦ
630 1235 985 1305 κατακρίνεν
1018 1238 1208 1306 ἠγάπα
1250 1242 1357 1308 γάρ
1396 1242 1442 1293 εἰ
1478 1242 1571 1295 καὶ
1605 1241 1748 1295 οὕτω

168 1319 263 1379 τοῦ
292 1320 487 1388 ἀνδρὸς
516 1323 879 1394 ἀπαλλαγείη.

241 1410 343 1463 IE'.
372 1410 578 1479 Πλῆθος
596 1409 687 1466 οὖν
709 1416 871 1469 αὑτὸν
891 1417 1103 1487 δημίων
1128 1423 1538 1491 παραλαϐόντες
1561 1429 1657 1480 ἐπε
1668 1429 1746 1500 ibi)

168 1510 261 1557 τον,
286 1501 388 1568 τῆς
416 1503 687 1575 τιμωρίας
714 1508 1008 1563 κατέλαϐον
1041 1511 1225 1576 τόπον,
1258 1517 1444 1584 χεῖρας
1476 1519 1503 1570 ό
1536 1519 1748 1587 μάρτυς

169 1590 259 1642 καὶ
286 1589 513 1659 ὄμματα
557 1596 693 1662 πρὸς
732 1598 957 1668 οὐρανὸν
991 1603 1259 1673 ἀνασχὼν,
1295 1606 1540 1660 Δέσποτα
1576 1610 1744 1679 Κύριε

167 1682 195 1730 6
246 1680 400 1747 Θεὸς,
460 1682 602 1751 εἷπε,
635 1690 661 1740 6
695 1691 1131 1761 προσδεξάμενος
1187 1697 1352 1750 Ἀϐελ
1380 1700 1477 1771 τὴν
1532 1701 1740 1767 θυσίαν,

180 1770 435 1843 Ἀϐραὰμ
467 1777 895 1847 ὀλοκαρπώσεις,
917 1784 1023 1836 τῶν
1057 1787 1152 1839 ἀπ’
1182 1789 1379 1853 αίῶνος
1411 1809 1504 1845 σου
1533 1795 1741 1864 μαρτύ-

170 1880 276 1928 ρων
309 1866 405 1918 καὶ
438 1870 735 1936 προφητῶν
764 1875 855 1925 καὶ
880 1875 1105 1931 δικαίων
1136 1881 1201 1931 τά
1232 1882 1461 1950 αἵματα,
1499 1888 1592 1939 καὶ
1619 1889 1743 1950 τοὺς
1780 1862 1817 1918 Β

169 1956 411 2025 μακροὺς
444 1959 657 2026 πόνους,
693 1966 786 2015 καὶ
812 1965 910 2035 τὴν
940 1967 1194 2037 ὑπερφυᾶ
1225 1977 1553 2043 καρτερίαν·
1583 1979 1742 2044 αὐτὸς

168 2048 386 2117 εὐμενεῖ
418 2052 511 2104 καὶ
550 2053 644 2105 νῦν
675 2054 936 2127 ὀφθαλμῷ
969 2059 1065 2129 τὴν
1101 2061 1241 2132 ἐμὴν
1277 2066 1351 2117 ίδε
1390 2067 1615 2132 Quoia»,
1649 2076 1741 2125 καὶ

168 2139 241 2207 μὴ
272 2138 552 2215 ὑπερίδῃς,
589 2146 781 2216 Κύριε,
812 2148 905 2201 τοῦ
927 2149 1013 2203 διὰ
1033 2153 1089 2205 σὲ
1121 2155 1403 2222 μέλλοντος
1434 2162 1626 2229 ῥυῆναι
1653 2182 1740 2231 μι-

166 2232 296 2299 κροῦ
324 2234 578 2303 αἵματος,
608 2239 671 2290 ἐκ
705 2238 1046 2312 θερμοτάτης
1064 2262 1145 2298 σοι
1169 2252 1544 2325 προαιρέσεως
1570 2272 1735 2308 κατα-

167 2323 430 2393 θυομένου
452 2344 467 2359 ο
501 2327 611 2382 ἰδοὺ
640 2330 750 2402 γὰρ
771 2376 786 2393 ,
812 2334 886 2396 ὼς
920 2336 1073 2406 ὁρᾷς,
1105 2338 1203 2410 τὴν
1235 2340 1412 2411 ψυχὴν
1435 2323 1522 2397 διὰ
1554 2346 1610 2397 σὲ
1645 2348 1739 2416 σή-

166 2432 330 2483 μερον
358 2420 710 2491 ἀποτίθεμαι.
734 2421 867 2478 Εἶτα
887 2428 1049 2482 πάλιν
1075 2432 1351 2500 προσθεὶς,
1372 2436 1740 2492 Ἀπολαυέτω-

165 2520 283 2575 σαν,
329 2511 680 2579 φιλάνθρωπε
735 2518 1003 2580 Δέσποτα,
1034 2521 1159 2590 ἔφη.
1188 2523 1285 2590 τῆς
1308 2530 1457 2595 παρὰ
1490 2529 1584 2581 σοῦ
1614 2530 1738 2601 βοη-

163 2600 308 2663 θείας
337 2603 470 2655 οίδι*
493 2604 628 2672 ἐμοῦ
645 2605 701 2656 τὸ
734 2606 824 2658 σὸν
854 2607 1147 2674 καλοῦντες
1184 2614 1335 2679 ἅγιον
1361 2616 1531 2685 δνομα
1553 2635 1564 2646 ·
1599 2600 1737 2689 μνή-

163 2689 318 2757 σθητι
341 2690 436 2743 τοῦ
466 2690 597 2743 λαοῦ
633 2710 748 2758 σου,
788 2696 1054 2772 μνήσθητι
1082 2701 1182 2769 τῆς
1210 2702 1573 2775 κληρονομίας
1604 2726 1697 2761 σου
1717 2750 1732 2773 ,

161 2773 225 2848 ἧς
275 2784 500 2852 ἐκτήσω
527 2798 543 2816 ο
589 2787 681 2839 καὶ
716 2789 790 2858 μὴ
831 2790 1072 2845 ἐπιλίποι
1105 2773 1328 2861 τούτους
1362 2798 1422 2851 τὸ
1450 2773 1604 2871 ἠπαρᾶ
1642 2801 1734 2854 σοῦ

163 2874 326 2939 ἔλεος,
359 2878 554 2948 Κύριε.
583 2880 766 2934 Ταῦτα
793 2883 1095 2955 διαλεχθεὶς
1115 2887 1191 2959 τῷ
1220 2890 1358 2959 Θεῷ,
1384 2892 1481 2963 τὴν
1505 2895 1738 2964 σύζυγον

164 2969 569 3033 μεταστραφεὶς
615 2970 822 3022 ἐκεῖθεν
856 2973 957 3042 ὁρᾷ
984 2992 995 3004 ’
1027 2978 1121 3027 καὶ
1160 2972 1233 3029 ὧν
1267 2980 1567 3036 ἐνετείλατο
1597 2987 1732 3056 αὐτῇ

162 3058 423 3127 πρότερον
462 3062 805 3132 ἀναμνήσας,
852 3068 948 3119 καὶ
975 3067 1193 3140 ἀσφαλῆ
1233 3072 1301 3125 τὰ
1345 3074 1512 3128 πιστὰ
1552 3074 1733 3131 λαϐὼν

161 3146 298 3199 ὥστε
340 3152 697 3222 καταπρᾶξαι
739 3157 916 3211 πάντα
955 3160 1049 3212 καὶ
1092 3162 1267 3233 πέρας
1304 3165 1487 3233 αὐτοῖς
1532 3168 1735 3237 ἀγαθὸν

160 3240 451 3309 ἐπιθεῖναι,
476 3246 793 3301 τελευταίαν
817 3252 1037 3322 ἐντολὴν
1058 3256 1191 3325 αὐτῇ
1218 3262 1547 3331 ἐπισκήπτει
1567 3265 1736 3333 τάφον

160 3331 301 3403 αὐτῷ
333 3337 393 3387 ἐν
419 3335 497 3405 τῷ
525 3339 711 3408 χωρίῳ
756 3340 1004 3409 ’Λμιμνα
1032 3344 1351 3420 καλουμένῳ
1380 3331 1657 3422 ἐπιχῶσαι.
1675 3357 1733 3409 ιν

158 3428 331 3498 τούτῳ
365 3445 423 3481 τε
454 3429 620 3482 αὐτοῦ
657 3432 971 3505 καταθάψαι
1005 3438 1064 3491 τὸ
1096 3440 1276 3511 σῶμα.

225 3543 342 3609 ΚΓ.
384 3544 632 3613 Πλήθους
662 3548 753 3600 οὖν
793 3551 954 3604 αὑτὸν
988 3553 1087 3605 οὐκ
1121 3554 1302 3623 ὀλίγου
1339 3563 1695 3631 περιστάντος
1719 3606 1734 3634 ,

158 3636 257 3705 δρᾷ
298 3648 423 3689 τινα
466 3638 630 3706 μέσον
665 3640 876 3694 ἐστῶτα
924 3642 1138 3712 Ζήνανα
1170 3646 1246 3717 [ί.
1290 3652 1535 3728 Ζήνωνα]
1583 3660 1735 3726 φίλον

160 3727 302 3797 αὐτῷ
332 3729 571 3798 μάλιστα
599 3732 690 3784 καὶ
720 3734 925 3807 συνήθη
956 3736 1254 3793 πενθοῦντα
1281 3740 1379 3812 τὴν
1405 3744 1614 3801 ἐκείνου
1646 3768 1735 3803 τε-

161 3822 351 3892 λευτὴν
406 3824 502 3877 καὶ
547 3826 922 3894 κοπτόμενον
972 3827 1177 3894 καὶ,⁷Ω
1225 3833 1344 3903 φίλε
1389 3834 1595 3907 Ζήνων,
1658 3844 1733 3915 μὴ

160 3917 327 3979 κλαῖε,
362 3916 504 3983 ἔφη’
533 3916 597 3967 σὺ
633 3916 881 3988 μὲνγὰρ,
915 3916 1032 3972 οἶδα
1056 3962 1067 3983 ,
1096 3922 1187 3973 τὸν
1218 3928 1485 3997 ἡμέτερον
1517 3933 1734 4005 θρηνεῖς

161 4008 468 4076 χωρισμόνο
518 4007 632 4060 ἀλλ’
686 4011 713 4062 6
759 4010 916 4077 Θεὸς,
965 4006 1008 4081 ᾧ
1056 4015 1165 4082 ἐγὼ
1212 4016 1461 4088 λατρεύω
1508 4026 1601 4076 καὶ
1653 4031 1733 4093 είς

158 4098 212 4150 δν
238 4100 475 4153 πέποιθα
497 4140 511 4163 ,
541 4102 600 4154 οὗ
632 4102 911 4173 διαστήσει
943 4106 1187 4176 ἀλλήλων
1222 4110 1368 4183 ἡμᾶς
1387 4154 1402 4178 ,
1434 4113 1527 4177 οὓς
1556 4116 1732 4191 θερμὴ

160 4192 321 4246 πάλαι
354 4194 529 4262 φιλία,
573 4198 666 4249 καὶ
689 4198 715 4248 6
751 4197 886 4266 πρὸς
929 4198 1092 4251 αὐτὸν
1128 4201 1266 4273 ἔρως
1310 4208 1575 4277 συνῆψεν
1615 4211 1731 4266 ἀλλ’

157 4284 341 4359 ὥσπερ
374 4289 458 4357 ἐφ’
494 4290 611 4353 ἐνὸς
650 4290 912 4357 σκάφους,
952 4291 1093 4346 οὕτω
1115 4296 1205 4347 τὸν
1238 4296 1353 4366 βίον
1373 4303 1718 4371 συμπλεύσο-

160 4398 273 4449 μεν.
312 4382 460 4449 Πρὸς
481 4381 652 4435 ταῦτα
681 4385 708 4434 6
735 4383 919 4452 Ζήνων
938 4386 1354 4458 διαθερμανθεὶς
1372 4394 1471 4463 τὴν
1501 4398 1729 4467 καρδίαν

154 4475 245 4526 καὶ
279 4473 575 4539 ἀναζέσας,
593 4474 864 4545 ἐθάρσησε
891 4480 983 4531 καὶ
1005 4480 1330 4549 Χριστιανὸν
1354 4484 1512 4549 εὐθὺς
1538 4490 1730 4546 ἐαυτὸν

1142 390 1333 453 ACTA
1369 394 1474 455 SS.
1518 396 1869 476 EUDOXII,
1920 402 2243 481 ROMULI',
2292 409 2453 474 ETC.

181 497 281 550 οὐκ
332 497 591 567 ἐνεγκὼν,
636 500 770 555 ἀλλὰ
810 501 1153 576 θερμότερος.
1178 508 1375 563 ἐαυτοῦ
1432 511 1611 579 πολλῷ
1659 514 1737 586 τὴε

1861 531 2062 587 praeses
2103 522 2433 593 irrisionem,
2475 532 2567 587 sed
2613 532 2769 607 longe
2803 537 3013 599 acriore
3052 547 3293 615 percitus

3322 435 3428 496 630

3342 553 3425 611 in-

1856 611 2025 677 sania,
2050 612 2242 672 ferreis
2269 618 2582 695 [plumbeis]
2623 627 2797 697 globis
2856 611 3086 691 conterit
3137 642 3427 710 cervicem,

1854 709 1909 755 et
1944 704 2063 772 ejus
2122 722 2336 765 cmovet
2373 714 2653 781 articulos,
2706 723 2850 790 quod
2889 726 3106 794 quidem
3137 741 3221 785 est
3250 704 3431 790 omni;

1856 793 1957 849 bus
2036 801 2308 855 mortibus
2358 808 2629 864 acerbius.
2688 793 2950 871 Adhibita
3008 831 3095 875 est
3138 838 3266 895 ergo
3310 826 3427 886 haec

1855 901 1991 943 nova
2031 900 2084 945 et
2146 893 2360 952 insolita
2427 902 2645 957 athletas
2682 908 3033 967 machinatio.
3098 893 3425 975 Ille—autem

1854 981 2308 1054 stabattanquam
2350 998 2539 1057 turris,
2565 1012 2686 1064 (ποτε
2724 1014 2829 1053 non
2868 1011 3048 1070 potest
3099 1012 3421 1078 expugnari,

1853 1089 1922 1129 ne
1956 1079 2223 1133 tantillum
2264 1084 2483 1151 quidem
2516 1086 2871 1147 labefactatus
2903 1094 3051 1150 illius
3094 1097 3416 1156 insultibus.

1852 1164 2059 1223 Prmses
2102 1170 2281 1241 itaque
2318 1188 2441 1229 cum
2479 1192 2586 1231 non
2626 1178 2790 1235 ferret
2824 1198 2883 1238 se
2922 1194 3032 1241 tam
3092 1191 3326 1260 turpiter
3352 1193 3422 1248 ab

1849 1273 1916 1311 eo
1954 1265 2225 1329 superari,
2286 1282 2411 1321 eum
2465 1282 2639 1325 morte
2676 1276 3049 1334 condemnat:
3101 1284 3233 1337 satis
3277 1287 3420 1341 enim

1848 1344 2100 1412 ducebat,
2130 1353 2172 1405 si
2212 1355 2295 1409 vel
2328 1356 2406 1411 sic
2436 1360 2503 1413 ab
2542 1376 2607 1415 eo
2642 1362 2988 1423 liberaretur.

1920 1436 2035 1492 XV.
2062 1440 2196 1496 Cum
2229 1461 2354 1501 cum
2410 1465 2535 1521 ergo
2563 1456 2863 1525 accepisset
2911 1461 3208 1519 multitudo
3267 1466 3420 1521 licto-

1850 1542 1969 1582 rum
2001 1570 2017 1592 .
2068 1543 2349 1604 postquam
2392 1555 2757 1609 pervenerunt
2785 1550 2851 1604 ad
2905 1550 3083 1607 locum
3129 1557 3417 1625 supplicii.

1849 1632 2051 1694 martyr
2094 1640 2284 1683 manus
2321 1642 2376 1685 et
2406 1638 2591 1690 oculos
2645 1640 2807 1694 simul
2849 1644 3043 1700 tollens
3093 1646 3160 1701 ad
3209 1650 3414 1705 caelos:

1848 1714 2079 1773 Domine
2134 1721 2315 1788 Dcus,
2367 1726 2577 1796 inquit,
2631 1732 2725 1801 qui
2760 1733 2948 1790 Abelis
3011 1741 3299 1808 suscepisti
3330 1758 3418 1799 sa-

1847 1807 2109 1862 crificium
2138 1853 2151 1875 ,
2180 1812 2410 1869 Abrahae
2438 1818 2739 1877 oblationes
2761 1863 2775 1886 ,
2818 1838 3007 1880 eorum
3048 1830 3140 1897 qui
3180 1807 3420 1886 luerunt

1844 1914 1874 1953 a
1906 1902 2135 1962 saeculo.
2179 1917 2475 1977 martyrum
2513 1922 2569 1966 et
2594 1913 2868 1981 iustorum
2909 1922 3229 1991 sanguinem
3252 1962 3266 1986 ,
3299 1922 3421 1979 Ion-

1844 2011 2047 2067 gosque
2102 1998 2316 2054 labores
2342 2039 2358 2067 ,
2392 2010 2449 2057 et
2498 2007 2874 2064 admirabilem
2940 2015 3322 2083 tolerantiam;
3359 2028 3418 2073 tu

1843 2105 2059 2159 quoque
2094 2106 2237 2145 nunc
2270 2093 2517 2165 benignis
2586 2097 2759 2153 oculis
2799 2115 2978 2155 meum
3036 2104 3159 2159 vide
3209 2105 3418 2160 sacriﬁ-

1842 2180 1984 2233 cium
2014 2220 2029 2244 ,
2068 2191 2122 2235 et
2184 2200 2252 2238 ne
2301 2186 2573 2256 despicias
2600 2230 2613 2251 .
2678 2190 2937 2257 Domine,
3001 2196 3147 2251 hunc
3185 2213 3417 2266 paucum

1840 2280 2064 2338 propter
2105 2282 2157 2326 te
2189 2274 2580 2332 eﬂundendum
2639 2283 2955 2351 sanguinem
2983 2325 2997 2347 ,
3028 2286 3124 2354 qui
3200 2287 3419 2342 ferven-

1842 2359 2052 2415 tissimo
2082 2364 2266 2420 animo
2307 2366 2400 2419 tibi
2429 2369 2768 2424 sacriﬁcatur
2790 2410 2803 2424 .
2850 2371 2987 2429 Ecce
3018 2376 3165 2431 enim
3194 2416 3208 2441 ,
3243 2388 3304 2433 ut
3334 2380 3416 2435 vi-

1842 2450 1971 2517 des,
2033 2454 2267 2509 animam
2309 2467 2531 2529 propter
2586 2472 2638 2515 te
2673 2462 2835 2518 hodie
2903 2466 3153 2537 depono.
3210 2467 3419 2527 Deinde

1840 2559 2029 2601 rursus
2044 2548 2333 2618 adjiciens:
2354 2550 2787 2625 Consequantur,
2810 2559 3006 2628 inquit,
3032 2561 3260 2631 benigne
3308 2563 3417 2620 Do-

1840 2636 2008 2700 mine,
2034 2654 2063 2691 a
2098 2649 2149 2694 te
2175 2642 2431 2696 auxilium
2453 2687 2465 2708 ,
2486 2646 2579 2713 qui
2612 2658 2831 2715 prapter
2864 2664 2948 2703 me
2983 2659 3135 2704 tuum
3164 2662 3417 2709 sanctum

1839 2742 2037 2783 nomen
2072 2732 2345 2788 invocant.
2378 2735 2650 2793 Memento
2700 2740 3031 2797 hmreditatis
3063 2751 3199 2809 tuae,
3252 2762 3419 2821 quam

1839 2821 2140 2889 acquisiisti
2170 2865 2184 2889 ,
2216 2834 2272 2878 et
2300 2841 2368 2879 ne
2397 2826 2477 2881 eis
2524 2828 2768 2895 deficiat,
2826 2830 3057 2889 Domine
3078 2876 3093 2901 ,
3130 2844 3221 2891 tua
3254 2838 3426 2895 mise-

1840 2911 2108 2966 ricordia.
2144 2910 2269 2968 Haec
2295 2930 2421 2970 cum
2455 2915 2567 2971 Deo
2607 2917 2873 2984 dixisset,
2916 2921 3066 2978 illinc
3117 2939 3416 2980 conversus

1839 3000 1988 3056 videt
2041 3003 2364 3075 conjugem,
2404 3016 2459 3061 et
2512 3023 2633 3063 cum
2665 3026 2787 3079 qua!
2819 3011 2869 3065 ei
2934 3012 3086 3083 prius
3128 3016 3369 3085 jusserat
3397 3058 3413 3085 ,

1838 3104 2151 3148 revocasset
2183 3097 2237 3149 in
2266 3099 2583 3152 memoriam
2603 3110 2659 3153 et
2692 3100 2851 3155 ﬁdem
2885 3105 2952 3157 ab
2982 3118 3043 3157 ea
3077 3108 3377 3175 accepisset
3397 3149 3413 3172 ,

1842 3197 1903 3239 se
1959 3186 2142 3241 omnia
2206 3197 2355 3243 recte
2412 3200 2835 3259 exsecuturam,
2903 3194 3007 3250 hoc
3039 3207 3317 3266 postremo
3364 3198 3416 3255 ei

1843 3277 2103 3345 mandat,
2131 3290 2191 3334 ut
2222 3280 2271 3335 ei
2312 3280 2514 3337 fossam
2563 3282 2731 3340 fodiat
2763 3288 2817 3341 In
2855 3285 2975 3343 loco
2996 3329 3011 3355 ,
3042 3288 3134 3359 qui
3195 3290 3414 3356 dicitur,

1834 3366 2086 3423 Amimna
2113 3372 2249 3441 (I8),
2279 3381 2334 3426 et
2364 3375 2418 3426 in
2457 3389 2523 3429 eo
2551 3392 2749 3446 corpus
2787 3378 2903 3449 ejus
2934 3382 3178 3451 sepeliat.

1920 3551 2058 3606 XVI.
2090 3552 2226 3609 Cum
2266 3562 2449 3611 autem
2485 3571 2609 3613 eum
2642 3574 2753 3614 non
2784 3575 2949 3631 parva
2985 3561 3415 3623 circumsisteret

1838 3645 2176 3710 multitudo,
2246 3649 2382 3701 vidit
2454 3651 2743 3719 quemdam
2781 3653 2833 3706 in
2900 3655 3083 3710 medio
3140 3665 3413 3723 stantem,

1837 3738 2057 3792 nomine
2084 3736 2359 3795 Zenonem
2387 3783 2403 3807 ,
2441 3743 2489 3797 ei
2544 3744 2699 3798 valde
2731 3746 2965 3800 amicum
2996 3757 3051 3801 et
3092 3748 3412 3806 familiarem

1837 3830 1981 3883 illius
2018 3841 2247 3886 mortem
2289 3834 2655 3906 plangentem.
2688 3838 2785 3893 Cui
2820 3840 2942 3895 ille:
2978 3839 3022 3895 Ο
3046 3839 3212 3896 chare
3243 3842 3413 3910 Zeno,

1840 3931 1893 3975 tu
1922 3921 2140 3991 quidem
2168 3964 2182 3987 ,
2221 3924 2434 3993 inquit,
2466 3940 2549 3981 sat
2602 3930 2750 3990 scio.
2780 3939 3019 3984 nostram
3064 3931 3162 3988 ﬂes
3194 3948 3415 4002 separa-

1840 4013 2038 4067 tionem
2067 4031 2081 4079 ;
2115 4014 2208 4069 sed
2241 4013 2411 4079 Deus,
2439 4016 2525 4072 cui
2556 4033 2656 4089 ego
2688 4020 2867 4075 servio
2892 4029 2947 4075 et
3002 4021 3054 4075 in
3086 4038 3249 4093 quem
3283 4041 3415 4081 con-

1837 4105 1964 4171 ﬁdo,
1991 4122 2098 4159 non
2132 4122 2234 4161 nos
2256 4124 2286 4165 a
2322 4110 2477 4165 nobis
2510 4112 2744 4168 invicem
2777 4116 3049 4186 sejunget.
3085 4132 3222 4186 quos
3248 4120 3413 4176 vehe-

1834 4213 1987 4251 mens
2017 4200 2253 4253 amicitia
2285 4211 2340 4254 et
2368 4203 2564 4256 ardens
2596 4206 2650 4258 in
2685 4206 2861 4275 ipsum
2895 4222 3049 4261 amor
3083 4210 3407 4281 conjunxit;

1835 4289 1927 4344 sed
1958 4291 2182 4360 perinde
2222 4306 2285 4346 ac
2341 4292 2395 4346 in
2430 4310 2537 4349 una
2593 4296 2797 4367 scapha
2833 4312 2933 4353 nos
2974 4299 3143 4355 vitam
3169 4304 3412 4359 trasmit-

1836 4391 2045 4437 temus.
2082 4383 2175 4438 His
2214 4384 2361 4439 Zeno
2416 4387 2579 4443 corde
2613 4404 2881 4446 accensus
2950 4400 3007 4445 et
3039 4392 3411 4451 inﬂammatus

1834 4478 2066 4545 sumpsit
2098 4478 2414 4542 audaciam,
2467 4490 2521 4533 et
2575 4482 2838 4535 continuo
2890 4486 3147 4540 omnibus
3222 4488 3410 4542 vidca-

157 4568 254 4619 ὑπὸ
283 4570 351 4636 τῇ
384 4566 601 4619 πάντων
624 4567 745 4637 ὄψει
780 4572 876 4623 καὶ
899 4571 1032 4640 ἀκοῇ
1061 4575 1381 4644 ἐμαρτύρει.
1430 4578 1517 4633 Ἐν
1542 4584 1651 4653 ὅσῳ
1675 4587 1729 4640 δὲ

1846 4570 1985 4623 libus
2051 4580 2106 4623 ct
2164 4570 2515 4626 audientibus
2563 4588 2622 4628 se
2679 4576 2864 4629 statim
2918 4592 3039 4633 esse
3112 4591 3406 4653 martyrem

154 4657 301 4722 οὗτος
340 4660 482 4729 μετά
522 4663 835 4732 παρρησίας
857 4662 1014 4717 τοῦτο
1047 4666 1195 4731 ἐϐόα,
1237 4672 1590 4741 συλλαϐόντες
1626 4681 1728 4733 αὖ.

154 4754 239 4803 τὸν
292 4753 345 4803 οἱ
407 4750 591 4820 δήμιοι
644 4752 785 4805 κατά
834 4753 896 4807 τὸ
952 4764 1425 4831 προστεταγμένον
1482 4767 1583 4820 ὑπὸ
1636 4769 1726 4822 τοῦ

154 4845 437 4914 τυράννου.
470 4843 610 4915 ξίφει
631 4846 730 4915 τὴν
756 4846 999 4916 κεφαλὴν
1027 4850 1422 4920 ἀφαιροῦνται·
1457 4860 1551 4912 καὶ
1581 4861 1729 4929 ήτοῦ

158 4933 406 4998 Εὗδοξέου
439 4937 749 5006 πρόρρησις
779 4936 921 4989 οὕτω
951 4942 1089 5009 ταχὺ
1122 4946 1182 4995 τὸ
1216 4944 1389 5013 πέρας
1426 4947 1691 5019 λαμϐάνει
1715 4996 1728 5018 ,

156 5024 245 5075 καὶ
282 5024 376 5075 τὸν
426 5023 579 5090 φίλον
627 5025 729 5095 ὁρᾷ
781 5025 1002 5095 Ζήνωνα
1044 5028 1123 5101 τῷ
1180 5037 1466 5106 μαρτυρίῳ
1509 5041 1729 5095 τελειω-

158 5115 330 5171 θέντα.

222 5209 321 5263 IZ'.
359 5208 518 5263 Οὕτω
557 5208 625 5262 τὰ
658 5209 757 5280 τῆς
791 5211 973 5280 φιλίας
994 5219 1596 5289 πραγματευσάμενος,
1635 5228 1730 5281 καὶ

155 5302 374 5373 τοιούτῳ
418 5296 558 5359 ἠλει
600 5302 692 5354 τὸν
736 5305 959 5373 Ζήνωνα
1002 5308 1357 5364 τελειωθέντα
1413 5313 1557 5381 ἰδὼν,
1608 5318 1729 5372 ἐπεὶ

160 5392 245 5442 καὶ
274 5396 437 5447 αὐτὴν
474 5396 625 5464 φωνή
657 5412 739 5457 τις
775 5396 983 5449 ἄνωθεν
1014 5400 1105 5451 καί
1135 5404 1277 5457 κατά
1314 5406 1476 5469 πόδας
1508 5409 1723 5475 ἐκάλει,

161 5485 246 5534 καὶ
281 5484 471 5556 ὥσπερ
506 5489 626 5539 τινὰ
657 5490 753 5541 καὶ
783 5484 936 5552 οὗτος
963 5491 1197 5560 εὐωχίαν
1226 5495 1427 5565 ἀπῄτει
1452 5498 1542 5549 τὸν
1567 5499 1726 5552 θάνα-

162 5590 275 5627 τον·
323 5577 465 5642 ξίφει
514 5581 614 5649 τὴν
661 5584 940 5654 μακαρίαν
994 5584 1158 5639 αὑτοῦ
1206 5589 1448 5660 κεφαλὴν
1486 5592 1721 5661 ἄσμενος

221 5712 752 5799 (18).Αηιὶνζιησ.ςυῑε
779 5723 926 5776 locus
958 5722 1137 5790 fuerit,
1192 5728 1334 5799 apud
1390 5731 1721 5799 geograplms

160 5798 259 5865 non
328 5787 533 5869 inveni.
597 5787 825 5869 liena-3a
872 5787 1131 5869 tantum.
1196 5787 1418 5852 habent"
1471 5787 1723 5869 ἐμνημον

160 5855 339 5926 τάφον,
377 5857 523 5930 quod
562 5858 757 5916 citatus
792 5863 1035 5919 Iladerus
1069 5878 1479 5925 monumentum
1512 5855 1729 5926 'huinile

1838 4662 2262 4736 [Christianum]
2303 4674 2386 4718 est
2412 4673 2763 4734 protestatus.
2791 4668 3010 4721 Interim
3059 4682 3239 4725 autem
3278 4673 3409 4729 dum

1832 4756 1910 4811 sic
1963 4756 2229 4809 clamabat
2283 4758 2495 4823 libere,
2561 4773 2689 4813 eum
2746 4763 3282 4832 comprehendentes
3335 4768 3403 4822 li-

1832 4858 2037 4910 ctores,
2070 4856 2128 4901 ut
2159 4848 2237 4901 eis
2270 4847 2505 4917 iusserat
2531 4862 2811 4922 tyrannus,
2836 4867 3000 4924 caput
3026 4858 3101 4911 illi
3137 4858 3404 4917 adimunt.

1832 4940 2017 5010 Itaque
2056 4940 2283 4995 Eudoxii
2348 4945 2622 5011 praedictio
2678 4954 2787 4999 tam
2849 4949 2959 5003 cito
3018 4949 3269 5005 cﬂ'ectunt
3323 4962 3408 5007 est

1831 5034 2022 5089 sortita
2051 5074 2064 5097 ,
2092 5044 2145 5087 ct
2171 5036 2284 5103 ipse
2316 5039 2551 5089 amicum
2579 5037 2855 5093 Zenonem
2890 5043 3074 5097 statim
3097 5044 3242 5099 videt
3266 5060 3404 5100 cun-

1829 5134 2158 5181 summatum
2194 5128 2472 5197 martyrio.

1902 5216 2060 5271 XVII.
2129 5217 2264 5273 Cum
2328 5220 2406 5281 sic
2477 5222 2655 5277 amico
2722 5225 3082 5294 providisset,
3146 5234 3401 5303 quoniam

1828 5326 1953 5364 eum
2026 5326 2238 5379 quoque
2314 5326 2415 5365 vox
2496 5317 2741 5384 quaedam
2821 5332 2852 5372 e
2934 5322 3160 5392 vestigio
3240 5342 3402 5382 voca-

1831 5403 1943 5465 bat,
2021 5404 2136 5471 ipse
2190 5418 2318 5457 vero
2384 5414 2636 5475 tanquam
2726 5411 3035 5465 convivium
3127 5418 3397 5485 quoddam

1829 5504 2055 5551 mortem
2110 5497 2397 5563 poscebat;
2455 5500 2614 5553 beato
2670 5516 2769 5555 suo
2824 5505 3000 5571 capite
3079 5510 3194 5563 ensi
3250 5511 3397 5577 dato,

1834 5586 2060 5643 moritur
2109 5595 2231 5653 post
2278 5591 2509 5644 amicum
2560 5591 2695 5661 (19).
2759 5593 2890 5663 Ejus
2959 5609 3140 5654 autem
3199 5604 3397 5673 conjux

1831 5731 2241 5794 interpretatur,

1901 5799 2085 5865 il9)ln
2122 5802 2334 5875 Mcnmis
2358 5801 2557 5875 dicitur
2586 5804 2761 5873 capite
2813 5815 3090 5861 truncatus
3139 5810 3275 5875 μετά
3303 5811 3396 5864 τοῦ

1839 5872 2098 5939 φιλτάτου
2138 5873 2297 5926 αὑτοῦ
2333 5874 2647 5944 Ζήνωνος...
2683 5876 3088 5946 ἁποτμηθέντος
3122 5872 3261 5957 ξῖφει
3297 5882 3399 5951 τὴν
