3970 6454
527 383 630 447 63!

1757 392 2037 453 MENSIS
2080 394 2553 459 SEPTEMBER.

3672 414 3778 473 63:2

532 517 640 553 non
670 500 843 555 solum
894 516 1125 572 corpore
1146 546 1159 571 ,
1201 504 1298 560 sed
1324 506 1488 560 etiam
1526 508 1707 561 animo
1731 548 1746 572 ,
1778 524 1902 562 cum
1937 508 2098 562 vidis-

2212 508 2344 573 δοὺς,
2376 512 2875 584 ἐπαποθνήσκειτῴ
2906 515 3062 586 φίλῳ.
3104 519 3169 571 Ἥ
3202 520 3379 587 μέντοι
3406 522 3672 592 ὁμόζυγος
3714 525 3775 577 οὐ

532 600 613 647 set
643 592 893 647 maritum
925 604 1149 665 propter
1175 594 1456 652 Christum
1482 599 1831 654 interfectum
1860 640 1873 663 ,
1916 616 2095 668 neque

535 698 660 738 eum
723 684 997 755 neglexit,
1054 702 1233 757 neque
1292 689 1553 745 illiberale
1591 701 1682 745 aut
1726 690 2095 745 effeminatum

530 772 731 843 aliquid
753 785 837 829 est
867 775 1080 831 locuta:
1113 778 1208 833 sed
1256 781 1657 850 quamprimum
1685 796 2009 844 accurrens.
2043 783 2095 835 in

532 863 671 917 lana:
713 865 929 934 quidem
963 868 1162 924 vellere
1199 871 1425 940 suscipit
1466 872 1693 929 Athletae
1740 874 2054 944 sanguinem
2082 915 2095 937 ,

536 954 639 1008 hoc
664 956 810 1009 enim
851 958 904 1012 ei
960 961 1247 1015 mandarat
1299 962 1522 1018 maritus
1547 966 1692 1035 (20).
1723 965 1858 1019 Cum
1920 974 2097 1017 autem

534 1049 848 1105 sustulisset
878 1065 1078 1120 corpus
1106 1094 1119 1118 ,
1150 1053 1200 1107 id
1231 1052 1531 1111 honoriﬁce
1554 1055 1749 1125 sepelit
1776 1093 1788 1117 ,
1826 1055 1915 1108 ubi
1947 1056 2099 1124 jussa

535 1137 715 1193 fuerat
738 1180 754 1206 ,
790 1156 893 1196 nec
921 1142 1023 1197 alia
1056 1144 1274 1213 quidem
1308 1147 1455 1201 illius
1490 1148 1745 1201 mandata
1778 1148 2096 1218 negligens;

534 1242 644 1282 non
690 1231 833 1299 quod
869 1248 993 1288 eum
1021 1235 1333 1301 amisisset,
1379 1238 1471 1292 sed
1503 1238 1647 1307 quod
1686 1254 1792 1292 non
1835 1255 1938 1292 una
1974 1254 2096 1294 eum

534 1335 599 1377 eo
627 1324 983 1392 excessisset,
1008 1337 1271 1397 reputans
1305 1328 1641 1383 viduitatem.

607 1497 795 1555 XVlll.
826 1499 980 1557 Unde
1018 1503 1181 1559 etiam
1232 1505 1299 1560 ad
1334 1515 1616 1576 tyrannum
1650 1510 1915 1562 accersita
1952 1510 2094 1578 (21),

536 1593 717 1645 statim
752 1608 781 1645 a
844 1593 1021 1664 seipsa
1076 1598 1381 1665 accedens,
1438 1600 1690 1655 irridebat
1763 1599 1908 1653 illius
1968 1600 2099 1655 deos

536 1691 591 1736 et
626 1684 859 1739 habebat
910 1686 1144 1744 ludibrio
1169 1729 1182 1754 ,
1214 1705 1283 1745 ne
1316 1691 1494 1761 ipsum
1552 1693 1771 1761 quidem
1820 1692 2099 1747 dimittens

540 1775 838 1830 immunem
872 1794 903 1833 a
931 1781 1261 1835 contumelia
1288 1820 1301 1845 ,
1332 1783 1424 1851 qui
1472 1797 1567 1837 eos
1596 1784 1888 1839 sustineret
1920 1786 2095 1839 hono-

537 1881 682 1921 rare.
765 1868 871 1923 Sed
911 1879 966 1923 tu
1037 1871 1291 1941 quidem,
1376 1874 1554 1944 inquit
1622 1884 1911 1945 tyrannus,
1992 1876 2104 1931 haec

532 1955 664 2010 iacis
725 1959 960 2015 volcnsa
1006 1978 1093 2017 me
1161 1963 1390 2019 interﬁci
1420 1976 1473 2019 et
1520 1966 1743 2019 studens
1789 1966 1976 2020 venire
2038 1968 2102 2020 ad

535 2048 790 2102 maritum
816 2088 832 2115 ,
866 2061 922 2105 ut
954 2051 1169 2121 aliquod
1243 2070 1441 2110 nomen
1487 2057 1795 2126 assequaris
1833 2059 1976 2127 apud
2004 2058 2101 2113 hos

534 2138 730 2206 impios
764 2138 1187 2214 GalilaaosC’zﬁ);
1237 2160 1339 2214 ego
1391 2157 1571 2199 autem
1628 2162 1963 2216 nequaquam
2004 2150 2097 2203 tibi

532 2242 760 2284 mortem
815 2234 1037 2287 afferam
1063 2276 1075 2300 ,
1106 2236 1207 2291 etsi
1239 2236 1313 2291 sis
1334 2236 1491 2309 digna
1516 2238 1760 2307 pluribus
1790 2243 2053 2294 mortibus
2084 2258 2098 2305 ;

535 2335 601 2373 ne
630 2323 906 2379 existimes
944 2324 1059 2380 fore
1126 2338 1181 2380 ut
1220 2327 1270 2385 id
1320 2343 1348 2382 a
1384 2345 1468 2384 me
1510 2332 1815 2399 assequeris
1842 2372 1852 2383 .
1882 2332 1973 2385 llla
2006 2348 2099 2384 au-

536 2422 681 2467 tem:
730 2413 835 2467 Cor
884 2432 1061 2471 meum
1090 2456 1105 2481 ,
1151 2420 1358 2488 inquit,
1390 2420 1535 2474 videt
1596 2438 1750 2476 meus
1800 2423 2097 2485 Dominus,

533 2509 586 2554 et
618 2513 851 2559 mentem
889 2508 1083 2576 accipit
1112 2519 1235 2563 ante
1268 2510 1403 2563 facta
1426 2549 1440 2563 .
1485 2510 1601 2564 Non
1654 2527 1779 2580 ergo
1840 2512 2095 2569 frustrata

535 2609 652 2648 sum
683 2596 898 2651 coronis
918 2640 932 2665 ,
965 2600 1105 2668 quod
1130 2616 1158 2653 a
1194 2610 1244 2655 te
1272 2618 1377 2655 non
1406 2604 1599 2657 fuerim
1647 2606 1927 2660 interfecta
1962 2628 1974 2662 :
2002 2610 2093 2663 sed

533 2685 674 2752 quod
708 2698 959 2758 prompto
1005 2692 1169 2745 animi
1210 2695 1389 2749 studio
1425 2712 1507 2751 me
1547 2700 1720 2767 ipsam
1779 2702 2096 2763 sacriﬁcavi,

533 2790 627 2829 ero
662 2792 781 2832 cum
844 2781 1035 2836 marito
1069 2784 1337 2854 particeps
1375 2788 1691 2843 eorumdem
1722 2791 2088 2858 praemiorum,

532 2879 587 2923 et
641 2870 859 2939 paribus
903 2872 1051 2927 fruar
1111 2880 1672 2935 remunerationibus.
1746 2882 1872 2935 Eam
1904 2927 1916 2946 ,
1974 2900 2098 2938 eum

535 2959 649 3014 haec
674 2961 900 3017 dixisset
932 3005 946 3028 ,
983 2965 1203 3033 expellit
1237 2982 1265 3021 e
1301 2968 1580 3024 tribunali.

602 3051 742 3106 XIX.
774 3052 1018 3109 Nondum
1040 3065 1221 3112 autem
1249 3062 1573 3118 transierant
1596 3072 1803 3133 septem
1822 3066 1939 3122 dies
1961 3066 2094 3138 (25),

534 3161 652 3198 eum
677 3146 940 3214 gloriosus
968 3162 1168 3221 martyr
1204 3151 1481 3207 Eudoxius
1520 3155 1572 3207 in
1600 3156 1808 3209 somnis
1832 3173 2100 3226 apparens

532 3236 780 3307 eonjugi,
815 3237 967 3305 jubet
1000 3252 1059 3294 ut
1085 3242 1266 3295 mittat
1303 3244 1369 3299 ad
1426 3247 1741 3314 praetorium
1778 3246 2093 3315 Maearium,

534 3344 693 3382 suum
756 3330 1073 3387 familiarem
1100 3340 1155 3388 et
1210 3335 1465 3392 amicum.
1501 3335 1571 3391 Ea
1628 3348 1807 3396 autem
1833 3356 1954 3395 eum
2016 3358 2101 3397 re-

533 3422 833 3477 nuntiasset
858 3424 1089 3480 lilaeario
1107 3427 1393 3489 visionem,
1417 3430 1503 3483 ille
1533 3432 1930 3500 quamprimum
1956 3434 2103 3489 venit

533 3515 589 3569 in
621 3516 951 3585 praetorium,
1009 3530 1067 3577 et
1104 3533 1227 3574 cum
1286 3522 1579 3595 satellites,
1632 3524 1880 3590 quisnam
1919 3533 2100 3586 esset,

534 3606 956 3677 cognovissent,
1014 3623 1137 3662 eum
1172 3610 1351 3663 statim
1399 3611 1866 3678 comprehendunt
1916 3621 1967 3665 et
2005 3615 2103 3667 du-

534 3703 665 3754 cun't
689 3700 757 3755 ad
804 3700 1117 3770 praesidem.
1153 3701 1245 3757 Ille
1275 3711 1452 3757 autem
1489 3703 1668 3758 statim
1703 3719 1825 3758 eum
1874 3704 2105 3759 interro-

533 3789 716 3858 gavit,
757 3806 1002 3860 quamam
1048 3791 1167 3859 ejus
1197 3802 1342 3847 esset
1387 3793 1573 3861 religio
1597 3834 1610 3857 ,
1651 3804 1703 3847 et
1736 3797 1878 3862 quod
1910 3812 2101 3863 genus.

535 3881 585 3935 Is
616 3897 780 3936 vero:
820 3881 950 3936 Sum
974 3924 987 3945 ,
1020 3884 1339 3951 respondit,
1379 3883 1732 3938 Christianus
1762 3906 1771 3937 :
1824 3886 1955 3939 deos
2010 3902 2104 3939 au-

537 3984 645 4027 tem
676 3974 915 4044 gentium
939 3973 1050 4045 (24)
1086 3982 1141 4028 et
1172 3974 1492 4045 profundant
1517 3991 1705 4031 eorum
1733 3977 2105 4047 deceptionem

530 4065 642 4135 jam
699 4066 826 4120 olim
875 4066 1034 4121 didici
1090 4076 1471 4131 contemnere,
1505 4084 1628 4122 cum
1665 4085 1749 4123 me
1800 4070 1901 4125 hoc
1935 4070 2106 4125 admi-

535 4157 740 4213 randus
768 4156 1040 4212 docuisset
1067 4155 1359 4212 Eudoxius.
1392 4156 1525 4213 Hinc
1579 4160 1636 4213 lit
1663 4169 1720 4213 ut
1746 4177 1844 4230 ego
1877 4171 2103 4215 conten-

536 4254 658 4303 dam
708 4249 975 4319 meipsum
1025 4248 1331 4304 sacriﬁcare
1374 4251 1606 4306 hostiam
1650 4268 1777 4305 vero
1816 4253 1955 4317 Deo,
2010 4268 2106 4321 per

536 4338 681 4409 quod
718 4350 909 4409 potero
971 4340 1079 4395 cito
1119 4341 1185 4395 ad
1240 4342 1520 4397 dominum
1585 4355 1763 4398 meum
1820 4343 2106 4413 pervenire

536 4431 836 4488 Eudoxium
860 4474 874 4487 .

2198 602 2257 653 τὸ
2307 602 2467 670 σῶμα
2516 606 2697 673 μόνον,
2746 606 2881 660 ἁλλά
2930 610 3022 661 καὶ
3059 610 3157 680 τὴν
3191 610 3369 681 ψυχὴν
3408 614 3497 667 διὰ
3538 615 3777 685 Χριστὸν

2199 694 2550 763 ἀναιρεθέντα
2579 698 2663 748 τὸν
2693 697 2858 767 ἄνδρα
2890 698 3201 771 θεασαμένη
3233 703 3292 755 οὗ
3324 704 3580 773 ῥαθύμως
3608 703 3771 767 εἶδεν,

2198 784 2350 837 οὐδὲν
2384 788 2627 853 ἀγεννὲς,
2660 790 2779 841 οὐδὲ
2812 790 2945 857 θῆλυ
2980 792 3301 859 ἐφθέγξατο·
3340 795 3473 848 ἀλλά
3496 798 3772 867 προσδραο

2207 876 2385 941 μοῦσα
2430 876 2525 945 τὴν
2564 878 2827 947 ταχίστην
2871 881 3020 951 πόκῳ
3062 883 3161 951 μὲν
3191 884 3339 953 ἐρίου
3382 886 3439 936 τὸ
3476 884 3777 955 ἀθλητικὸν

2204 960 2341 1033 αἷμα
2390 966 2637 1035 δέχεται·
2688 970 2843 1023 τοῦτο
2906 972 3012 1041 γὰρ
3064 975 3450 1044 ἐντεταλμένον
3515 974 3583 1047 ἦν
3633 980 3776 1049 αὑτῇ

2204 1060 2351 1129 napi
2381 1060 2473 1111 τοῦ
2504 1062 2690 1131 ἀνδρός
2712 1081 2724 1095 ο
2746 1064 3041 1133 ἀνελομένη
3070 1068 3125 1117 δὲ
3170 1070 3263 1120 καὶ
3292 1071 3381 1120 τὸν
3423 1071 3639 1139 νεκρὸν,
3665 1073 3776 1139 ὅπη

2204 1154 2573 1218 προστέτακτο
2621 1154 2790 1222 αὐτῇ,
2850 1156 3144 1222 φιλοτίμως
3186 1158 3429 1225 κηδεύει·
3476 1160 3613 1228 μηξὲ
3663 1162 3777 1212 τῶν

2201 1242 2376 1293 ἄλλων
2405 1244 2612 1295 ἐκείνου
2651 1246 2878 1297 ἐντολῶν
2909 1248 3260 1317 ἀμελήσασα·
3288 1250 3383 1317 οὐχ
3416 1252 3497 1303 ὅτι
3529 1252 3776 1303 ἀπέλαϐε

2200 1334 2274 1400 τῷ
2310 1336 2461 1404 ἀνδρὶ
2495 1336 2673 1405 δεινὴν
2696 1375 2710 1399 ,
2746 1338 2861 1389 ἀλλ’
2891 1340 2971 1391 ὅτι
3015 1340 3088 1411 μὴ
3128 1342 3218 1392 καὶ
3250 1342 3386 1410 αὑτὴ
3420 1344 3733 1410 συναπῆὶθε
3760 1384 3774 1403 ,

2200 1427 2298 1493 τὴν
2329 1427 2555 1496 χηρείαν
2591 1428 2943 1499 λογισαμένη.

2274 1516 2374 1569 IH'.
2404 1518 2565 1571 Ὅθεν
2590 1522 2682 1571 καὶ
2705 1520 2781 1588 τῷ
2808 1522 3052 1590 τυράννῳ
3078 1523 3405 1591 αὐτόκλητος
3435 1526 3778 1592 παραστᾶσα

2199 1609 2505 1677 διεγλεύαζέ
2520 1627 2575 1661 τε
2602 1612 2725 1673 τοὺς
2744 1612 2949 1664 ἐκείνου
2970 1612 3145 1678 θεοὺς,
3171 1618 3261 1665 καὶ
3286 1616 3779 1679 γέλωταὲποιεῖτο,

2203 1702 2339 1769 μηδὲ
2388 1702 2547 1754 αὑτὸν
2602 1702 2807 1772 ὕϐρεως
2869 1706 3090 1772 ἀφιεῖσα
3148 1706 3238 1758 τὸν
3289 1706 3357 1758 τά
3404 1706 3635 1759 τοιαῦτα
3693 1723 3777 1758 τιν

2209 1795 2312 1861 μᾷν
2332 1782 2671 1861 ἀνεχόμενον.
2702 1794 2859 1846 Ἀλλὰ
2883 1796 2945 1847 σὺ
2974 1796 3091 1864 μὲν,
3113 1795 3142 1846 ὁ
3164 1796 3423 1865 τύραννος
3449 1796 3575 1865 ἔφη,
3602 1795 3779 1848 ταῦτα

2206 1886 2375 1946 ποιεῖς
2398 1885 2747 1955 ἀναιρεθῆναι
2778 1887 2909 1955 παρ’
2938 1888 3072 1954 ἐμοῦ
3097 1887 3418 1958 βουλομένη,
3448 1888 3544 1940 καὶ
3572 1889 3782 1956 φθάσαι

2203 1978 2293 2029 τὸν
2345 1976 2511 2044 ἄνδρα
2566 1977 2961 2041 σπουδάζουσα,
3009 1979 3093 2031 ἵνα
3139 1979 3283 2041 τινος
3328 1981 3419 2032 καὶ
3472 1980 3625 2047 παρά
3666 1980 3783 2041 τοῖς

2204 2067 2423 2121 ἀσεϐέσι
2456 2066 2666 2130 τούτοις
2701 2068 3001 2131 Γαλιλαίοις
3034 2070 3297 2138 ὀνόματος
3329 2070 3494 2140 τύχης
3523 2088 3534 2099 -
3572 2072 3687 2136 ἐγὼ
3722 2071 3780 2122 δὲ

2202 2158 2447 2227 οὐδαμῶς
2484 2170 2585 2220 σοι,
2614 2157 2788 2210 καίτοι
2822 2158 3031 2210 πολλῶν
3065 2158 3192 2228 ἀξίᾳ
3219 2158 3461 2211 θανάτων
3491 2157 3651 2227 οὔσῃ,
3683 2157 3779 2208 τὸν

2203 2250 2429 2303 θάνατον
2453 2250 2743 2318 ἐπαγάγωο
2783 2252 2855 2321 μὴ
2886 2252 3077 2303 τούτου
3110 2252 3239 2321 παρ’
3266 2251 3400 2318 ἐμοῦ
3425 2252 3608 2320 τυχεῖν
3640 2250 3779 2301 οἷον.

2216 2343 2276 2392 'il
2317 2342 2369 2393 δὲ
2392 2382 2404 2404 ,
2442 2342 2552 2401 Τὴν
2583 2341 2831 2410 καρδίαν,
2875 2334 3029 2393 εἶπεν
3051 2382 3065 2403 ,
3103 2342 3130 2392 ὁ
3164 2340 3293 2408 ἐμὸς
3326 2342 3603 2407 Δεσπότης
3634 2341 3738 2408 ὁρᾷ
3766 2379 3781 2404 ,

2205 2437 2295 2487 κα“;
2324 2435 2419 2499 τὴν
2452 2434 2676 2503 γνώμην
2702 2434 3022 2501 ἀποδέχεται
3048 2434 3153 2501 πρὸ
3179 2434 3285 2484 τῶν
3310 2433 3488 2501 ἔργων
3515 2448 3528 2462 ·
3556 2433 3783 2492 οὔκουν,

2202 2525 2281 2575 ὅτι
2311 2523 2384 2592 μὴ
2404 2520 2685 2592 ἀνῄρημαι
2708 2521 2858 2589 παρά
2890 2520 3004 2583 σοῦ,
3032 2520 3138 2571 τῶν
3168 2519 3449 2587 στεφάνων
3477 2518 3742 2582 ἐξέπεσον
3767 2537 3780 2550 ·

2204 2617 2318 2667 ἀλλ’
2371 2617 2451 2667 ὅτι
2495 2615 2875 2684 προκατέθυσα
2919 2613 3162 2681 ἐμαυτὴν
3209 2614 3272 2682 τῇ
3318 2611 3619 2680 προθυμία,
3669 2611 3784 2664 τῶν

2207 2708 2338 2760 ίσων
2372 2706 2615 2775 ἀμοιϐὦν
2642 2705 3043 2772 ἁπολαύσομαι.
3078 2704 3260 2758 Ταῦτα
3289 2702 3550 2756 εἰποῦσαν
3582 2703 3786 2754 “6:12).-

2203 2801 2281 2850 λει
2316 2793 2406 2850 τού
2444 2798 2705 2866 βήματος.

2277 3061 2376 3114 ΙΘ¹.
2420 3058 2589 3112 Ἑπτὰ
2619 3060 2673 3111 δὲ
2702 3060 2852 3111 οῧπω
2875 3058 3151 3125 παρῆλθον
3178 3060 3386 3126 ἡμέραι
3411 3057 3505 3107 καὶ
3538 3058 3565 3107 ὁ
3593 3055 3788 3108 καλλξ-

2202 3168 2349 3213 νικος
2396 3149 2643 3212 Εὖδόξιος
2691 3150 2822 3216 ὄναρ
2865 3150 3091 3211 ὲπιστάς
3132 3152 3197 3218 τῇ
3238 3148 3453 3219 συζύγῳ
3489 3148 3787 3219 Μακάριον

2203 3244 2292 3298 τὸν
2319 3243 2518 3313 συνήθη
2550 3242 2641 3295 καὶ
2674 3241 2825 3309 φίλον
2853 3240 3015 3294 αὐτοῦ
3045 3240 3260 3311 πέμψαι
3290 3242 3420 3311 πρὸς
3448 3241 3507 3293 τὸ
3535 3240 3784 3309 πραιτώ-

2206 3352 2319 3406 ριον
2351 3334 2701 3399 ἐπισκήπτει.
2734 3332 2842 3399 Ti};
2875 3332 2929 3382 δὲ
2962 3332 3029 3382 τά
3065 3333 3161 3398 τῆς
3192 3333 3365 3398 ὅψεως
3396 3332 3471 3400 τῷ
3502 3332 3787 3399 εἰρημένῳ

2204 3425 2475 3491 Μακαρίῳ
2500 3421 2933 3490 ἀπαγγειλάσης,
2968 3420 3065 3490 τὴν
3098 3422 3356 3490 ταχίστην
3387 3422 3593 3481 ἐκεῖνος
3624 3422 3784 3489 παρὰ

2205 3517 2265 3569 τὸ
2340 3511 2672 3584 πραιτώριον
2736 3511 2990 3581 ἐρχεται’
3058 3513 3152 3566 καὶ
3215 3513 3435 3580 γνόντες
3496 3511 3660 3565 αὐτὸν
3726 3514 3781 3565 οἱ

2205 3610 2301 3676 τῆς
2329 3606 2553 3670 τάξεως,
2574 3606 2718 3668 ὅστις
2742 3606 2850 3676 εἴη,
2880 3604 3229 3667 συλλαϐόντες
3250 3605 3407 3665 εὐθὺς
3426 3607 3613 3672 ἄγουσι
3644 3606 3789 3677 πρὸς

2205 3700 2294 3752 τὸν
2326 3698 2586 3769 ἡγεμόνα.
2621 3698 2729 3751 Καὶ
2760 3698 2955 3751 αὐτίκα
2990 3698 3089 3768 τὴν
3117 3697 3414 3766 θρησκείαν
3446 3698 3652 3757 ἐκεῖνος
3687 3702 3789 3753 καὶ

2203 3792 2264 3843 τὸ
2306 3792 2459 3859 γένος
2511 3788 2718 3859 ὴρώτα.
2772 3789 2830 3841 Ὀ
2867 3790 2944 3852 δὲ,
2986 3790 3310 3858 Χριστιανός
3358 3789 3492 3857 εἰμι,
3538 3790 3785 3859 Χριστοῦ

2205 3882 2414 3944 δοῦλος,
2442 3880 2575 3949 πρὸς
2596 3880 2756 3933 αὑτὸν
2778 3880 3106 3952 ἁπεκρίνατο
3125 3899 3139 3913 ο
3158 3882 3422 3951 Ἐλλήνων
3444 3883 3497 3936 δὲ
3524 3882 3663 3936 θεῶν
3686 3884 3788 3936 καὶ

2207 3976 2302 4045 τῆς
2327 3974 2546 4043 βαθείας
2578 3976 2705 4046 περὶ
2738 3975 2932 4038 αὐτοὺς
2973 3975 3189 4043 ἁπάθης
3226 3974 3243 4046 [
3274 3977 3309 4028 ι.
3338 3974 3575 4047 ἀπάτης]
3608 3978 3787 4029 παλαι

2207 4072 2573 4139 καταφρονεῖν
2624 4067 2939 4139 μεμάθηκα,
2992 4066 3146 4119 τοῦτο
3193 4083 3260 4135 με
3313 4066 3406 4119 τοῦ
3462 4068 3787 4135 θαυμαστοῦ

2209 4161 2462 4224 Εὺδοξίου
2513 4161 2839 4223 διδάξαντος.
2896 4158 3087 4213 Ἔνθεν
3129 4176 3210 4211 τοι
3267 4159 3358 4211 καὶ
3405 4157 3481 4229 τῷ
3537 4159 3787 4231 ἀληθινῷ

2210 4252 2329 4321 Θεῷ
2365 4252 2557 4305 θυσίαν
2594 4250 2825 4318 ἐμαυτὸν
2858 4250 3006 4303 θύειν
3046 4252 3337 4320 ἐπείγομαι
3365 4292 3379 4315 ,
3411 4252 3479 4303 δι’
3510 4247 3577 4321 ἧς
3611 4253 3787 4324 δυνή-

2209 4361 2371 4411 σομαι
2420 4342 2514 4396 καὶ
2564 4341 2652 4395 τὸν
2712 4343 2898 4413 κύριόν
2956 4344 3056 4412 μου
3114 4343 3362 4406 Εὐδόξιον
3410 4344 3620 4412 ταχέως
3679 4362 3787 4397 κα-

2206 4437 2480 4493 ταλαϐεῖν.

606 4523 725 4579 XX.
768 4523 974 4578 Prmses
1058 4533 1236 4578 autem
1301 4535 1580 4593 postquam
1641 4540 1838 4579 nomen
1896 4524 2099 4583 audivit

2278 4528 2364 4583 K'.
2418 4530 2474 4582 Ὀ
2510 4528 2731 4599 ἡγεμὼν
2765 4528 2944 4582 τοίνυν
2977 4529 3053 4592 ὡς
3088 4529 3146 4582 τὸ
3185 4527 3276 4582 τοῦ
3319 4528 3571 4596 Εὑδοξίου
3611 4531 3786 4602 ἥκου-

536 4616 801 4683 Eudoxii,
834 4624 891 4670 et
920 4614 1065 4670 hunc
1088 4614 1343 4684 cognovit
1378 4629 1497 4669 esse
1524 4614 1669 4669 illius
1733 4616 2061 4684 discipulum
2092 4636 2106 4684 ;

539 4709 627 4762 ille
666 4708 975 4762 mirandum
1045 4707 1100 4762 in
1136 4705 1357 4760 modum
1415 4706 1579 4759 animi
1623 4706 1843 4772 dubius,
1899 4708 2105 4762 sciebat

538 4804 722 4868 enim,
756 4819 813 4859 se
853 4803 990 4857 nihil
1056 4801 1287 4871 amplius
1318 4802 1641 4858 eﬂecturum
1687 4806 1741 4857 in
1790 4806 2060 4873 discipulo
2084 4846 2097 4868 ,

539 4911 698 4967 quam
743 4895 963 4952 fecisset
992 4896 1045 4951 in
1102 4896 1400 4967 magistro:
1446 4894 1584 4950 lluic
1614 4911 1847 4965 quoque,
1892 4899 2103 4966 inquit,

543 4990 748 5046 infelici
807 4989 1040 5045 Macario
1086 4990 1412 5045 sceleratum
1462 4997 1623 5060 caput
1653 5004 1782 5043 ense
1826 4990 2102 5058 quampri-

543 5194 709 5251 αὑτοῦ
736 5193 979 5261 κεφαλὴν
1010 5194 1147 5259 μετὰ
1177 5196 1282 5245 τῶν
1337 5196 1536 5250 λοιπῶν
1567 5198 1661 5246 σὺν
1701 5194 1774 5263 τῷ
1818 5195 1960 5263 ἁγίῳ
1997 5193 2097 5245 Eg-

543 5268 705 5335 δοξίφ
751 5266 922 5330 ἁγίων
966 5262 1281 5335 μαρτύρων.
1319 5264 1370 5317 id
1429 5277 1512 5321 est
1548 5284 1560 5319 :
1598 5266 1710 5319 L'na
1750 5262 1886 5317 ﬁcum
1940 5263 2102 5335 caris-

545 5331 686 5391 simo-
721 5338 819 5389 sibi
878 5331 1149 5389 Zenone...
1175 5332 1264 5404 qui
1320 5337 1492 5398 gladio
1548 5337 1780 5389 occubuit
1813 5350 1932 5404 cum
1966 5331 2101 5404 reli-

544 5408 658 5474 quis
686 5407 911 5460 Eudoxii
952 5407 1101 5459 sociis
1129 5402 1533 5476 etintartyribus,
1570 5406 1815 5459 videlicet
1846 5402 2105 5455 militibus

546 5477 705 5538 1104,
748 5491 882 5545 quos
931 5484 1113 5543 postea
1153 5475 1350 5529 eodem
1399 5476 1590 5528 mortis
1647 5492 1841 5541 genere
1888 5482 2105 5525 secutus

546 5559 630 5606 est
662 5546 1011 5607 S.Mucarius,
1040 5545 1117 5600 uti
1151 5556 1397 5600 narratur
1426 5560 1650 5599 numero
1682 5547 1886 5599 ultimo.

623 5618 733 5687 (20)
760 5616 939 5687 Potuit
970 5632 1099 5687 uxor
1128 5631 1194 5670 ex
1220 5614 1415 5687 pietate
1438 5626 1491 5687 et
1550 5618 1847 5687 reverentia
1884 5612 2101 5681 sangui-

549 5685 669 5743 nem
702 5686 877 5742 mariti
899 5686 1185 5756 colligere;
1228 5686 1321 5743 sed
1352 5685 1645 5741 verisimile
1679 5699 1784 5737 non
1825 5694 1925 5749 est,
1960 5699 2102 5737 mar-

544 5769 712 5827 tyretn
746 5758 796 5817 id
830 5760 1127 5812 mandasse.

611 5827 925 5895 (2|)Gra:ca
978 5844 1083 5883 non
1120 5828 1327 5891 dicunt,
1387 5830 1699 5886 accersitam
1762 5824 1964 5883 fuisse;
2006 5827 2096 5881 sed

2216 4639 2305 4673 σεν
2336 4622 2527 4691 ὄνομα,
2564 4624 2659 4675 καὶ
2698 4625 2883 4675 τοῦτον
2918 4624 3122 4677 ἐκείνου
3163 4622 3411 4691 μαθητὴν
3439 4623 3582 4691 ἔγνω
3609 4641 3623 4655 ·
3664 4628 3785 4687 τοῖς

2210 4714 2347 4775 ὅλοις
2377 4714 2534 4774 εὐθὺς
2565 4712 2939 4783 ἐξαπορηθεὶς,
2966 4714 3077 4782 ﬁas:
3102 4715 3298 4784 γάρὼς
3324 4715 3476 4768 οὐδὲν
3500 4718 3555 4768 ὲν
3578 4715 3654 4783 τῷ
3682 4734 3779 4783 μα·

2211 4807 2343 4874 οητῇ
2376 4804 2535 4857 πλέον
2565 4804 2839 4869 ἀνύσειεν,
2870 4807 2926 4856 ὲν
2946 4805 3022 4874 τῷ
3043 4805 3348 4875 διδασκάλῳ
3370 4807 3528 4858 τοῦτο
3557 4806 3746 4875 μαθών
3768 4823 3785 4837 ·

2211 4901 2318 4952 Καὶ
2347 4900 2373 4951 ὁ
2408 4897 2774 4965 κακοδαίμων,
2808 4894 2978 4958 εἶπεν.
3012 4892 3165 4961 οὗτος
3196 4898 3477 4967 Μακάριος
3508 4898 3652 4968 ξίφει
3685 4902 3786 4971 τὴν

2216 4992 2417 5061 μιαρὰν
2454 4990 2694 5061 κεφαλὴν
2725 4989 2784 5042 τὸ
2822 4992 2985 5061 τάχος
3022 4990 3397 5062 ἀφαιρεθήτω.
3435 4992 3544 5045 Καὶ
3577 4992 3784 5046 αὐτίκα

2199 5196 2525 5261 αὐτόκλητος
2553 5197 2899 5261 παραστὶσα.
2928 5195 2976 5247 id
3004 5205 3105 5251 est.
3139 5196 3377 5249 ultronea
3409 5209 3463 5245 se
3492 5193 3703 5246 sistens.

2272 5266 2381 5327 (Ἡ)
2408 5264 2747 5319 Christianos
2771 5280 2867 5333 per
2908 5272 3277 5332 contemptum
3310 5262 3561 5317 Galil-(ros
3596 5263 3781 5330 appel-

2201 5336 2384 5391 labant
2423 5334 2639 5393 ethnici,
2674 5350 2802 5412 qno_
2843 5336 3089 5412 convicio
3129 5335 3450 5412 dein-smpti
3507 5347 3634 5412 usus
3696 5342 3781 5412 est

2200 5406 2445 5459 Julianus
2472 5400 2732 5474 apostata.
2760 5406 2940 5459 Videri
2973 5414 3198 5473 possunt
3235 5400 3396 5453 Macri
3439 5400 3492 5452 in
3533 5402 3780 5456 Hierole-

2204 5493 2343 5529 XIC".

2282 5546 2391 5611 (9.5)
2442 5543 2639 5599 Meuma
2676 5545 2875 5600 habent
2924 5560 2935 5595 :
2992 5540 3161 5593 Ἑπτὰ
3208 5540 3261 5591 δὲ
3310 5539 3534 5609 ἡμερῶν
3579 5540 3783 5610 παρελ-

2216 5616 2442 5671 θουσῶν,
2475 5618 2524 5665 id
2554 5626 2655 5675 est,
2684 5626 2871 5684 septem
2899 5613 3081 5684 diebus
3107 5612 3315 5684 elapsis.

2283 5686 2392 5748 (Ἡ)
2431 5685 2695 5751 Ἑλλήνων
2730 5678 2942 5751 proprie
2976 5692 3128 5733 sonat
3166 5682 3513 5751 Graecorum:
3546 5680 3642 5733 sed
3670 5678 3777 5737 hic,

2210 5766 2266 5811 ut
2293 5755 2414 5808 alibi
2465 5750 2622 5823 sepe,
2656 5750 2916 5822 signiﬁcat
2952 5752 3226 5822 gentilium
3268 5767 3359 5805 seu
3395 5750 3769 5803 ethnicorum.
