3970 6476
526 405 634 469 635

1749 397 1978 462 MENSI
1993 396 2033 457 S
2065 391 2532 459 SEPTEMBEB.

3671 402 3781 468 636

530 525 648 569 erat
695 514 841 582 juxta
868 514 1096 579 fantem,
1157 530 1371 587 gregem
1438 523 1708 589 pasceret,
1762 530 1888 570 eum
1948 511 2105 568 valde

2231 508 2312 578 ’ὴν
2339 510 2448 580 πόᾳ
2493 509 2556 562 τδ
2602 510 2853 581 ποίμνιον
2903 512 3174 579 ἑστιῶντι,
3211 510 3381 577 ὕπνος
3426 513 3578 584 αὐτῷ
3632 516 3789 585 μάλα

531 612 871 673 opportunus
914 614 971 659 et
1006 607 1188 660 suavis
1245 621 1475 660 somnus
1549 605 1764 669 invasit,
1816 614 1871 659 et
1919 604 2101 659 divina

530 697 777 763 quaedam
800 697 864 750 ad
895 712 1017 751 eum
1058 698 1269 752 accedit
1301 698 1457 751 visio.
1537 695 1688 750 Visio
1738 706 1921 749 autem
1974 710 2101 750 eum

533 787 705 859 magis
741 786 1046 848 contirrnat,
1088 798 1142 841 et
1176 789 1223 842 ei
1262 789 1503 842 animum
1538 789 1687 843 addit
1732 789 1797 843 ad
1825 788 2101 859 pietatem.

538 876 741 931 Deinde
775 880 937 932 etiam
974 881 1175 934 revelat
1200 881 1451 948 gratiam,
1488 896 1609 950 quae
1638 881 1703 934 ad
1737 881 1919 935 locum
1986 887 2106 933 erat

535 969 769 1036 desuper
826 970 1162 1027 devolatura.
1238 972 1541 1035 Eritentni,
1576 972 1779 1040 inquit,
1836 970 1924 1025 hic
1970 986 2106 1039 prae-

537 1076 664 1115 sens
698 1062 850 1115 lucus
881 1064 1064 1117 multis
1118 1064 1287 1127 utilis,
1343 1075 1399 1119 et
1453 1066 1596 1135 apud
1639 1065 1814 1133 ipsum
1875 1062 2105 1117 salutem

537 1150 840 1214 invenient,
868 1162 921 1207 et
946 1154 1322 1223 glorificabunt
1363 1156 1709 1210 Trinitatem.
1762 1156 1903 1209 Cum
1960 1157 2107 1211 illinc

538 1253 719 1296 autem
751 1246 1081 1301 surrexisset
1117 1251 1368 1317 egregius
1414 1249 1500 1301 ille
1534 1258 1739 1317 pastor,
1776 1248 1922 1305 venit
1945 1247 2106 1303 Pom-

538 1337 852 1405 peiopolim,
906 1349 1109 1394 etcum
1151 1342 1206 1393 in
1262 1357 1323 1394 ea
1366 1343 1580 1409 quidem
1639 1342 1863 1398 vidisset
1911 1340 2107 1397 ﬂorere

538 1429 892 1498 impietatem,
931 1444 1295 1504 cumtemptas
1324 1446 1501 1491 autem
1538 1454 1658 1495 esse
1703 1454 1790 1492 res
1841 1437 2105 1493 Christia—

541 1536 758 1583 norum,
788 1534 843 1577 et
870 1540 1079 1579 summe
1101 1528 1392 1596 neglectas,
1457 1545 1563 1583 non
1631 1530 1811 1598 potuit
1874 1529 1923 1583 id
1967 1528 2108 1586 ferre

542 1611 796 1681 placide;
837 1617 931 1670 sed
964 1632 1056 1671 cor
1083 1618 1225 1671 illius
1268 1629 1490 1688 repente
1524 1620 1721 1674 invasit
1765 1619 2012 1689 impetus,
2057 1631 2110 1675 et

542 1717 664 1755 cmn
697 1708 931 1761 venisset
972 1709 1038 1762 ad
1088 1711 1371 1779 templum,
1434 1711 1488 1762 in
1552 1724 1661 1778 quo
1709 1712 1885 1763 stabat
1947 1726 2109 1766 aurea

543 1802 743 1857 statua,
784 1797 1076 1868 confringit
1103 1816 1321 1851 manum
1354 1800 1472 1867 ejus
1500 1800 1777 1855 dexteram
1808 1818 1822 1866 ;
1881 1814 1935 1856 et
1986 1820 2107 1857 cum

544 1899 662 1935 eam
696 1888 1045 1949 vendidisset,
1089 1891 1579 1953 succurritmultis,
1627 1894 1716 1963 qui
1772 1894 1880 1949 illic
1929 1905 2107 1960 erant,

544 1977 849 2043 egentibus.
892 1977 1009 2031 Nnn
1039 1980 1195 2036 latuit
1232 1983 1332 2036 hoc
1370 1984 1639 2043 adituos;
1674 1986 1765 2038 sed
1818 1996 2112 2058 propterea

546 2066 690 2131 quod
723 2068 1132 2138 nescirentquis
1181 2071 1421 2129 fecisset.
1495 2072 1646 2125 multi
1714 2072 1898 2125 statim
1964 2088 2114 2125 eom-

548 2158 1251 2223 prebendcbanturmiseri,
1285 2162 1373 2227 qui
1400 2161 1536 2219 nihil
1597 2164 1702 2221 tale
1759 2164 2021 2226 fecerant,
2062 2172 2117 2218 et

548 2246 942 2301 accusabantur
966 2251 1252 2321 sacrilegii,
1285 2254 1515 2321 repntati
1566 2254 1932 2309 maleficorum
1994 2271 2113 2310 om-

548 2336 700 2388 nium
754 2340 1180 2407 sceleratissimi,
1223 2346 1403 2413 utqui
1467 2346 1713 2402 sulfurati
1769 2356 1953 2400 essent
2030 2347 2117 2400 dei

554 2427 867 2497 imaginem.
896 2430 1065 2488 Nemo
1100 2444 1281 2488 autem
1306 2437 1384 2489 eis
1411 2452 1568 2503 opem
1604 2438 1812 2492 ferebat
1847 2454 1861 2500 ;
1901 2438 1995 2491 scd
2024 2439 2116 2506 qui

553 2530 711 2573 erant
743 2523 893 2589 prius
914 2524 1072 2579 amici
1122 2541 1215 2581 eos
1265 2529 1705 2593 aversabantur;
1759 2537 1815 2584 et
1865 2530 2120 2587 custodes

555 2612 790 2665 carceris
824 2614 917 2680 (ita
951 2616 1095 2670 enim
1128 2619 1512 2673 existimabant
1543 2636 1601 2675 se
1633 2621 1736 2674 iliis
1765 2637 1887 2676 esse
1953 2624 2118 2695 grati-

554 2701 834 2773 ticaturos)
860 2708 1094 2775 graviter
1123 2709 1433 2781 alﬂigebant
1482 2728 1600 2779 eos,
1664 2715 1757 2782 qui
1814 2716 1952 2783 capti
2001 2714 2120 2769 fue-

556 2804 702 2848 rant.

627 2906 718 2962 Ill.
750 2909 1059 2968 Generosus
1087 2925 1268 2970 autem
1301 2914 1480 2971 Sozon
1510 2917 1678 2971 libere
1710 2918 1897 2973 volens
1962 2920 2120 2989 profi-

560 2998 659 3050 teri
701 3000 980 3067 pietatem,
1021 3013 1074 3057 et
1102 3020 1194 3058 eos
1233 3007 1486 3069 liberare,
1518 3007 1607 3073 qui
1667 3008 1803 3061 nihil
1877 3011 2123 3065 sciebant

556 3102 623 3140 ex
658 3090 725 3144 iis
757 3107 877 3159 qme
904 3094 1040 3149 facta
1083 3095 1316 3163 fuerant,
1370 3098 1606 3167 seipsum
1659 3100 1849 3164 defert,
1898 3104 2122 3156 veniens

2138 1842 2187 1901 B

2208 597 2465 669 εὔκαιρος
2500 601 2731 669 ἀφίκετο
2762 603 2857 656 καὶ
2888 602 3095 670 γλυκὺς
3125 606 3219 657 καί
3250 604 3374 673 ὄψις
3406 607 3790 674 παραγίνεται

2210 689 2478 760 θειοτέρα.
2527 693 2590 745 Ἦ
2620 693 2677 747 δὲ
2705 694 2830 763 ὄψις
2861 694 3098 765 ῥώννυσι
3127 712 3185 748 τε
3216 697 3416 765 μᾶλλον
3448 698 3614 752 αὐτὸν
3641 699 3787 769 πρὸς

2207 782 2509 849 εὐσέϐειαν,
2533 786 2625 836 καὶ
2656 785 2855 854 θάρσος
2889 787 3115 855 ἐνίησιν.
3148 785 3282 840 Εἶτα
3313 790 3408 841 καὶ
3438 790 3601 859 χάριν
3632 790 3784 843 ἄνω-

2207 874 2299 927 θεν
2342 878 2688 945 καταπτῆναει
2738 879 2816 947 τῷ
2856 882 3004 950 τόπῳ
3055 880 3358 949 μέλλουσαν
3416 885 3782 938 ὲκκαλύπτει.

2211 966 2408 1019 Ἔσται
2438 968 2544 1037 γάρ
2570 968 2598 1020 ὁ
2652 969 2841 1038 παρὼν
2874 967 3048 1034 οὗτος.
3085 972 3210 1042 ἔφη,
3248 974 3410 1036 τόπος
3440 976 3661 1038 πολλοῖς
3701 977 3785 1039 είς

2208 1057 2500 1125 ὠφέλειαν,
2550 1065 2829 1129 σωτηρίαν
2870 1080 2927 1115 τε
2970 1063 3099 1130 παρ’
3141 1064 3289 1134 αὺτῷ
3317 1066 3639 1135 εὑρήσουσι,
3677 1066 3780 1120 καὶ

2209 1148 2307 1219 τὴν
2337 1151 2541 1219 Τριάδα
2592 1152 2907 1216 δοξάζοντες
2952 1152 3189 1208 ἔσονται.
3252 1156 3494 1209 Ἐκεῖθεν
3532 1158 3723 1210 τοίνυν
3755 1160 3786 1210 ὁ

2211 1244 2378 1306 καλὸς
2405 1246 2611 1306 ἐκεῖνος
2640 1245 2844 1315 ποιμὴν
2886 1247 3127 1310 ἀναστὰς
3158 1248 3235 1311 είς
3264 1246 3362 1318 τὴν
3393 1250 3787 1317 Πομπειοὺπο-

2212 1332 2293 1385 λιν
2324 1330 2447 1406 ἧκε,
2496 1338 2591 1387 καὶ
2635 1336 2899 1390 ἀνθοῦντα
2953 1337 3053 1407 μὲν
3097 1340 3239 1391 οὕτω
3273 1340 3341 1391 τὰ
3374 1341 3475 1409 τῆς
3522 1340 3786 1404 ἀσεϐείας

2216 1426 2339 1479 ίδὼν
2367 1430 2424 1478 ὲν
2458 1428 2616 1498 αὐτῇ,
2647 1430 3054 1498 παρεωραμὲνα
3081 1431 3137 1484 δὲ
3177 1434 3244 1487 τὰ
3282 1432 3652 1501 Χριστιανῶν,
3690 1435 3791 1487 καὶ

2213 1520 2294 1578 εἰς
2324 1518 2551 1586 ἔσχατον
2600 1520 2976 1588 ἀμελούμενα,
3019 1523 3117 1577 οὐκ
3145 1523 3385 1593 ἠδυνήθη
3434 1526 3623 1592 πράως
3652 1525 3793 1579 ὑπε-

2214 1612 2447 1676 νεγκεῖν,
2489 1610 2604 1662 ἀλλ’
2652 1614 2795 1682 ὁρμή
2840 1629 2899 1664 τε
2951 1612 3047 1682 τὴν
3084 1615 3289 1666 ἐκείνου
3340 1615 3569 1684 καρδίαν
3620 1617 3793 1681 εὐθὺς

2215 1700 2363 1766 ἐξεῑα
2396 1704 2591 1767 είσέδυ,
2634 1704 2729 1755 καὶ
2785 1706 2934 1773 παρά
2980 1707 3070 1758 τὸν
3107 1711 3230 1759 ναὸν
3289 1707 3415 1761 ἔνθα
3447 1708 3509 1761 τὺ
3557 1708 3794 1780 ἄγαλμα

2221 1794 2465 1863 εἱστήκει
2500 1798 2560 1848 τὸ
2592 1796 2825 1864 χρυσοῦν
2875 1799 3205 1867 ἀφικόμενος
3259 1800 3357 1869 τὴν
3381 1804 3537 1870 χεῖρα
3595 1802 3793 1855 τούτου

2217 1887 2396 1951 δεξιὰν
2427 1887 2745 1954 ἁποθριύει,
2786 1893 2876 1942 καὶ
2909 1892 3071 1959 τιμῆς
3107 1892 3273 1961 αὐτὴν
3303 1894 3633 1962 ἀποδόμενος
3659 1896 3797 1948 πολ-

2218 1978 2331 2040 λοῖς
2363 1981 2573 2032 ἐκεῖθεν
2604 1982 2711 2032 τῶν
2751 1983 2945 2033 ἐνδεῶν
2977 1986 3227 2051 ἐπαρκεῖ.
3278 1986 3393 2037 Οὐκ
3426 1986 3587 2039 ἔλαθε
3629 1988 3800 2042 τοῦτο

2220 2074 2345 2135 τοὺς
2373 2074 2696 2143 νεωκόρους.
2742 2074 2856 2127 ἀλλ’
2886 2076 3081 2146 ἀγνοίᾳ
3114 2076 3207 2128 τοῦ
3248 2077 3347 2147 δρά
3361 2096 3566 2144 παντος,
3601 2085 3801 2137 πολλοὶ

2222 2165 2417 2218 αὐτίκα
2467 2167 2934 2235 συνελαμϐά·.οντο
2991 2168 3186 2234 ἄθλιοι,
3222 2170 3389 2240 μηδὲν
3428 2172 3639 2226 τοιοῦτο
3674 2177 3799 2245 εξρο

2222 2257 2511 2326 γασμένοι,
2552 2261 2641 2309 καὶ
2668 2259 2974 2327 ἱεροσυλίας
3006 2260 3317 2332 ἀπῃτοῦντο
3344 2262 3499 2327 δίκας
3534 2265 3802 2320 ἁπάντων

2218 2348 2328 2399 τῶν
2353 2348 2411 2398 ἐν
2434 2346 2509 2416 τῷ
2542 2348 2896 2418 δεσθλωτηρίῳ
2923 2353 3244 2419 κακούργων
3279 2354 3613 2424 μιαρώτατοι
3639 2357 3802 2426 λογι-

2223 2437 2462 2501 σθέντες,
2516 2438 2591 2501 ὡς
2652 2438 2746 2490 τοῦ
2814 2439 2936 2491 Θεοῦ
3004 2442 3360 2512 σεσυληκότες
3425 2446 3487 2499 τδ
3540 2449 3797 2518 ἄγαλμα.

2235 2529 2481 2598 Ἐὁοήθει
2508 2530 2562 2583 δὲ
2598 2530 2793 2595 οὐδεὶς,
2820 2531 2957 2583 ἀλλὰ
2992 2534 3082 2586 καὶ
3109 2535 3157 2586 οἱ
3188 2537 3327 2596 τέως
3362 2537 3568 2607 ἑταῖροι
3595 2540 3802 2603 αὐτοὺς

2222 2620 2648 2692 ἀπεστρέφοντο,
2699 2623 2793 2675 καὶ
2835 2625 2883 2675 oi
2925 2624 3019 2676 ἐπὶ
3076 2625 3184 2677 τῶν
3236 2626 3450 2696 δεσμῶν
3486 2629 3653 2697 (οὕτω
3687 2632 3802 2703 γάρ

2223 2712 2392 2783 ῷοντο
2439 2713 2759 2783 χαρίζεσθαι
2798 2713 2873 2783 τῷ
2925 2714 3054 2785 θεῷ)
3106 2716 3294 2787 βαρεῖς
3352 2724 3461 2783 τοῖς
3494 2722 3804 2777 ἑαλωκόσιν

2220 2807 2545 2873 ἐφεστῶτες.

2294 2898 2366 2953 Γ’.
2407 2898 2474 2951 Ὅ
2515 2918 2576 2966 γε
2628 2905 2737 2971 μὴν
2784 2906 3028 2968 γενναῖος
3078 2904 3272 2969 Σώζων
3308 2905 3803 2976 παῤῥησιάσασθαί

2221 3007 2279 3043 τε
2297 2992 2394 3062 τὴν
2424 2994 2725 3059 εὐσέϐειαν,
2758 2998 2850 3047 καὶ
2872 2995 3142 3050 ἀπολῦσαι
3168 2997 3389 3061 τούτους
3413 2999 3614 3053 ἐθέλων
3642 3003 3805 3056 οὐδὲν

2223 3082 2334 3133 τῶν
2362 3086 2744 3152 γεγενημένων
2775 3086 3003 3151 εἰδότας,
3041 3090 3437 3159 προσαγγέλλει
3472 3094 3667 3146 ἑαυτὸν
3714 3097 3808 3147 ὲλ-

562 3181 625 3235 ad
657 3183 907 3247 aedituos,
940 3195 994 3239 et
1023 3188 1211 3242 dicens
1252 3205 1309 3242 se
1340 3205 1461 3243 eum
1501 3206 1641 3257 esse,
1675 3194 1764 3260 qui
1800 3193 2121 3245 malelicium

2231 3173 2336 3226 θὼν
2364 3178 2443 3236 εἰς
2472 3178 2597 3240 τοὺς
2623 3180 2925 3246 νεωκόρους
2969 3179 3045 3240 ὡς
3091 3183 3174 3251 εἴη
3214 3184 3515 3255 αὐτουργὸς
3556 3189 3656 3255 τῆς
3708 3190 3808 3241 ἐπὶ

560 3272 777 3325 admisit
808 3274 859 3326 in
912 3275 1216 3347 imaginem.
1266 3279 1551 3350 Postquam
1598 3292 1776 3335 autem
1823 3281 1925 3337 hoc
1971 3283 2123 3349 dixit,

562 3363 829 3419 abductus
860 3368 1105 3435 protinus
1142 3369 1242 3423 fuit
1277 3373 1343 3424 ad
1372 3369 1775 3427 Maximianum.
1837 3372 1953 3443 Ipse
1998 3390 2128 3427 vero

561 3455 615 3506 ln
655 3456 764 3511 alto
795 3458 991 3513 sedens
1032 3461 1309 3528 tribunali,
1348 3478 1468 3517 cum
1499 3482 1619 3518 eum
1647 3477 1887 3521 curasset
1928 3466 2130 3521 sisten-

560 3547 712 3612 dum,
770 3560 825 3605 et
884 3567 1007 3606 cum
1068 3566 1275 3623 quanto
1341 3558 1513 3626 potuit
1568 3557 1705 3612 fastu
1765 3560 2129 3629 apparuisset,

563 3641 799 3709 primum
863 3645 1081 3711 quidem
1132 3662 1351 3709 nomen,
1403 3649 1597 3701 deinde
1669 3651 2004 3722 religionem,
2078 3660 2134 3707 et

563 3742 841 3801 postremo
867 3736 1118 3803 patriam,
1160 3752 1279 3806 quae
1312 3752 1437 3791 eum
1476 3738 1704 3801 tulisset,
1762 3744 1985 3812 rogavit.
2040 3743 2133 3800 Ille

565 3834 779 3879 autem:
814 3826 997 3881 Patria
1020 3829 1236 3898 quidem
1267 3830 1398 3883 mihi
1436 3840 1520 3885 est
1549 3831 1832 3903 Lycaonia,
1873 3850 1935 3888 ea
1988 3837 2134 3910 enim

566 3935 655 3974 me
698 3919 858 3987 tulit;
894 3933 1151 3992 parentes
1191 3939 1318 3978 vero
1351 3924 1418 3979 ab
1445 3934 1567 3979 ortu
1602 3925 1730 3978 mihi
1770 3941 1969 3981 nomen
2037 3928 2136 3982 im-

566 4021 895 4080 posuerunt,
927 4012 1222 4079 Tarasius;
1260 4015 1548 4068 Sozontem
1597 4027 1773 4071 autem
1833 4020 1888 4072 in
1952 4021 2136 4077 divino

566 4114 655 4155 me
682 4111 943 4156 vocarunt
979 4102 1318 4173 baptismate.
1383 4104 1512 4158 Sum
1565 4105 1707 4159 enim
1768 4107 2135 4177 Christianus,

565 4188 838 4246 Christum
870 4193 1046 4248 solum
1087 4211 1279 4249 verum
1309 4193 1479 4251 Deum
1510 4197 1762 4265 adorans,
1800 4198 1890 4267 qui
1937 4202 2140 4256 creavit

564 4284 765 4337 malum
795 4292 851 4338 et
881 4294 1103 4339 terram.
1141 4286 1437 4355 Cujusnam
1462 4298 1642 4343 autem
1672 4291 1749 4344 rei
1781 4306 1930 4357 usus,
1965 4293 2139 4363 inquit

567 4376 946 4441 Maximianus,
1016 4388 1069 4433 te
1122 4379 1227 4434 liuc
1284 4380 1552 4433 adduxit?
1617 4380 1877 4445 Praesum,
1941 4384 2137 4453 inquit,

568 4469 767 4532 Sozon,
800 4470 946 4540 gregi
974 4472 1155 4525 ovium
1187 4490 1201 4525 :
1233 4482 1286 4526 et
1331 4487 1451 4542 quae
1493 4472 1622 4526 mihi
1679 4474 1796 4528 loca
1836 4474 2045 4540 florida,
2086 4487 2140 4532 et
2174 4513 2215 4569 ο

570 4578 709 4632 aqua
751 4564 1107 4629 abundantia,
1138 4575 1194 4619 et
1249 4566 1313 4619 ad
1351 4569 1681 4635 pascendum
1730 4568 1949 4625 herbida
2010 4574 2137 4625 anni

570 4664 814 4724 tempora
844 4656 1224 4723 ostenderunt,
1272 4657 1339 4711 ad
1391 4673 1450 4711 ea
1506 4674 1604 4727 ago
1646 4673 1792 4716 oves.
1866 4660 2070 4717 Deinde
2125 4681 2138 4717 :

571 4744 857 4811 Quomodo
912 4756 1117 4813 autem,
1154 4749 1330 4817 inquit
1393 4747 1765 4815 Maximianus,
1806 4767 1871 4805 eo
1926 4770 2145 4823 proces-

573 4837 687 4892 sisti
721 4838 979 4901 andaciae,
1009 4846 1067 4891 ut
1111 4840 1196 4892 dei
1227 4840 1501 4893 dexteram
1533 4839 1861 4895 abstuleris?

548 4968 553 4971 ς
632 4931 736 4986 ‘lV.
769 4930 1056 4999 Excipiens
1099 4946 1228 4985 vero
1271 4929 1448 4985 Sozon
1484 4952 1497 4987 :
1562 4934 1717 4999 Quod
1775 4949 1882 4989 non
1924 4938 2143 4995 audacis

577 5022 793 5091 quidem
821 5023 983 5091 empti
1010 5024 1099 5085 sit,
1153 5024 1297 5093 quod
1330 5023 1530 5078 factmn
1571 5035 1673 5089 est,
1713 5042 1889 5096 neque
1936 5027 1987 5080 id
2016 5045 2142 5098 pec-

577 5124 697 5169 cato
727 5114 923 5169 debeat
949 5114 1222 5183 imputari,
1262 5125 1384 5170 tuus
1410 5131 1643 5187 quoque.
1675 5125 1735 5170 ut
1764 5119 1892 5171 mihi
1924 5120 2142 5189 quidem

580 5209 815 5272 videtur,
856 5209 992 5263 deus
1022 5217 1273 5264 testatur.
1314 5208 1499 5277 Neque
1526 5210 1668 5264 enim
1699 5224 1838 5281 aegre
1873 5211 1999 5277 fert,
2043 5228 2145 5269 nec

580 5314 839 5370 tanquam
866 5302 1063 5370 injuria
1092 5301 1339 5367 affectus,
1395 5318 1583 5373 aspere
1610 5303 1909 5373 quidquam
1967 5306 2143 5374 loqui-

581 5406 699 5452 tur..
729 5394 884 5461 Quod
914 5395 958 5447 si
988 5408 1088 5448 vox
1118 5410 1335 5465 quoque
1366 5395 1417 5447 ei
1446 5395 1627 5463 aliqua
1656 5395 1893 5459 adesset,
1931 5397 2147 5450 videtur

584 5489 716 5544 mihi
747 5488 929 5559 potius
958 5500 1055 5539 vos
1087 5501 1207 5541 esse
1236 5495 1690 5549 aceusaturus,ct
1718 5497 1905 5556 aperte
1960 5502 2145 5555 repre-

584 5583 878 5645 hensurus,
919 5578 1063 5650 quod
1090 5578 1275 5633 relicto
1309 5578 1552 5633 omnium
1586 5575 1810 5646 Opificc.
1855 5572 2145 5634 inanimam

587 5671 897 5745 suspicietis
924 5670 1232 5732 materiam,
1270 5682 1324 5725 et
1350 5686 1471 5724 cam
1503 5670 1661 5725 deum
1703 5684 1823 5722 esse
1867 5672 2146 5725 existime-

592 5766 680 5830 tis,
713 5780 811 5819 vos
837 5764 891 5818 in
944 5763 1345 5818 benefactorcm
1395 5763 1745 5817 ostendentes
1809 5762 2049 5832 ingratos
2092 5773 2147 5817 et

588 5857 956 5914 immemores.
998 5852 1103 5910 Sed
1143 5855 1187 5913 si
1220 5852 1320 5922 vis,
1349 5852 1522 5923 inquit
1557 5867 1774 5926 praeses,
1814 5868 1920 5909 non
1960 5856 2132 5913 solum

2228 3268 2287 3319 τὸ
2318 3269 2539 3339 ἄγαλμα
2586 3272 2787 3335 ἐκεῖνος
2825 3273 3142 3342 ἐπιϐουλῆς.
3191 3277 3279 3339 Ὠς
3324 3276 3379 3328 δὲ
3422 3276 3583 3331 τοῦτο
3622 3276 3805 3345 εἶπεν,

2230 3365 2476 3429 ἀπήγετο
2508 3364 2667 3426 εὐθὺς
2696 3366 2829 3434 πρὸς
2862 3366 2951 3417 τὸν
2984 3366 3351 3435 Μαξιμιανόν.
3390 3370 3500 3422 Καὶ
3525 3372 3692 3434 αὐτὸς
3715 3377 3805 3441 ἐφ’

2233 3450 2438 3521 ὑψηλοῦ
2471 3454 2707 3521 μάλιστα
2738 3454 2830 3506 τοῦ
2861 3454 3106 3524 βήματος
3136 3458 3497 3528 προκαθίσας,
3546 3462 3713 3515 αὐτόν
3746 3483 3808 3518 τε

2235 3547 2723 3615 παραστησάμενος
2778 3549 2871 3601 καὶ
2908 3548 2983 3612 ὡς
3025 3544 3135 3603 οἶόν
3194 3567 3253 3603 τε
3310 3552 3537 3623 σοϐαρδς
3590 3557 3811 3624 ὀφθεὶς,

2234 3637 2425 3703 πρῶτα
2453 3639 2550 3706 μὲν
2575 3641 2671 3708 τὴν
2698 3640 2907 3708 κλῆσιν,
2936 3638 3053 3693 εἶτα
3075 3644 3133 3701 τὸ
3163 3643 3348 3710 σέϐας,
3372 3645 3562 3697 ἔπειτα
3586 3652 3682 3700 καὶ
3711 3650 3815 3718 τὴν

2234 3729 2608 3798 ὲνεγκαμένην
2641 3731 2992 3784 ἐπυνθάνετο.
3058 3731 3117 3785 Ὀ
3155 3732 3211 3783 δὲ
3236 3773 3250 3797 ,
3292 3735 3364 3786 Τὸ
3400 3736 3498 3804 μὲν
3529 3740 3624 3805 τῆς
3653 3742 3816 3805 γενέ-

2238 3836 2392 3885 σεως,
2450 3820 2575 3891 ἔφη,
2610 3822 2882 3891 Ταράσιον
2918 3823 2966 3877 οἱ
3020 3825 3269 3887 τεκόντες
3305 3825 3518 3893 ἔθεσαν,
3554 3828 3820 3890 Σώζοντα

2234 3912 2289 3965 δέ
2322 3929 2389 3982 με
2419 3914 2493 3983 τῷ
2520 3914 2649 3985 θείῳ
2698 3914 3035 3987 βαπτίσματι
3071 3921 3487 3989 μετωνόμασαν,
3527 3925 3817 3981 Λυκαονία

2234 4002 2289 4055 δέ
2322 4018 2412 4070 μοι
2442 4006 2661 4071 πατρὶς,
2688 4004 2827 4075 αὕτη
2861 4007 2968 4074 γάρ
2994 4024 3060 4074 με
3090 4009 3184 4058 καὶ
3215 4010 3412 4076 ἤνεγκε
3433 4028 3446 4041 ·
3480 4013 3819 4081 Χριστιανὸς

2234 4093 2291 4146 δέ
2324 4096 2460 4164 ειμι,
2496 4095 2732 4164 Χριστὸν
2765 4097 2930 4167 μόνον
2957 4097 3045 4151 τὸν
3082 4098 3258 4172 ἀληθῆ
3294 4102 3427 4156 Θεὸν
3462 4108 3816 4173 προσκυνῶν,

2236 4185 2291 4248 δς
2325 4187 2506 4241 ἔκτισε
2535 4188 2625 4242 τὸν
2652 4189 2885 4260 οὐρανὸν
2914 4194 3007 4245 καὶ
3026 4191 3123 4262 τὴν
3145 4194 3271 4262 γῆν.
3296 4195 3390 4259 Τίς
3415 4196 3469 4250 δὲ
3492 4196 3598 4267 ἄρα
3627 4202 3818 4269 χρεία,

2236 4277 2579 4343 Μαξιμιανδς
2603 4280 2730 4347 ἔφη,
2763 4281 3000 4334 ἰνταῦθά
3024 4300 3080 4334 σε
3109 4285 3319 4353 ἧγαγε;
3351 4288 3615 4356 ιιοίμνης,
3650 4297 3816 4361 φησὶ,

2240 4368 2548 4439 προϐάτιον,
2569 4370 2597 4421 ό
2624 4369 2837 4438 Σώζων,
2858 4374 3212 4442 προΐσταμαι,
3246 4377 3335 4428 καὶ
3357 4376 3500 4449 ἅπερ
3524 4378 3588 4431 ἂν
3611 4383 3821 4454 εὐανθῆ

2242 4460 2351 4512 τῶν
2382 4461 2617 4531 χωρίων,
2642 4464 2736 4515 καὶ
2765 4462 2981 4535 ἔνυδρα,
3007 4471 3099 4518 καὶ
3129 4469 3351 4538 χλοερὸν
3375 4472 3455 4534 εἰς
3485 4475 3657 4542 νομὴν
3687 4476 3822 4529 θάλ-

2242 4554 2401 4608 λοντα
2437 4556 2683 4623 δείξωσιν
2733 4559 2786 4610 αἱ
2817 4551 2979 4629 ὧραι,
3012 4561 3191 4612 ἐκεῖσε
3223 4561 3286 4632 δὴ
3325 4563 3419 4616 καὶ
3456 4565 3524 4617 τὰ
3562 4567 3819 4636 πρόϐατα

2243 4650 2559 4702 εισελαύνω.
2591 4650 2757 4715 Εἶτα,
2820 4654 2923 4705 Καὶ
2957 4655 3071 4716 πῶς
3102 4654 3232 4725 ἄρα,
3268 4658 3402 4725 φησὶ
3442 4659 3818 4727 Μαξεμιανος,

2244 4743 2323 4805 είς
2342 4742 2513 4794 τοῦτο
2542 4743 2743 4812 τόλμης
2773 4746 3077 4813 είλήλυθας,
3111 4748 3187 4811 ὠς
3223 4748 3317 4799 καὶ
3374 4751 3471 4817 τὴν
3500 4750 3681 4815 δεξιὰν
3710 4754 3822 4821 ἀφ.

2245 4833 2388 4886 ελείν
2420 4831 2513 4885 τοῦ
2540 4832 2696 4898 θεοῦ;

2314 4922 2388 4980 A'.
2431 4924 2747 4978 ’Υπολαϐὼν
2770 4924 2949 4978 τοίνυν
2973 4926 3000 4979 δ
3025 4924 3253 4990 Σὼζων⁹
3281 4927 3405 4981 ὀτι
3438 4929 3537 4997 μὲν
3562 4931 3665 4985 οὐκ
3698 4934 3820 4990 ἔστι

2243 5023 2445 5091 τόλμης
2482 5021 2541 5073 τὸ
2572 5021 2958 5091 γεγενημένον,
2992 5020 3117 5089 ἔφη,
3157 5021 3268 5073 οὐδ’
3311 5025 3368 5074 εν
3415 5023 3823 5092 ἁμαρτήματος

2244 5117 2385 5185 λόγῳ
2422 5115 2563 5168 θεῖτο
2619 5116 2684 5168 ἀν
2727 5131 2812 5176 τις
2859 5113 3010 5176 αὐτὸ,
3045 5113 3138 5165 καὶ
3173 5113 3200 5165 ὁ
3251 5113 3363 5183 σὸς,
3412 5114 3599 5182 ἔμοιγε
3648 5115 3820 5185 δοκεῖ,

2248 5213 2369 5274 θεὸς
2420 5209 2705 5278 μαρτυρεῖ.
2744 5204 2883 5257 Οὔτε
2933 5204 3042 5286 γὰρ
3092 5207 3334 5277 νεμεσᾷ,
3378 5204 3491 5258 οὔθ’
3529 5204 3605 5269 ὡς
3658 5226 3823 5280 περι..

2249 5302 2575 5375 υ6ρισμένος
2598 5299 2769 5352 δεινὸν
2812 5297 2948 5361 ὅλως
2994 5297 3327 5367 φθέγγεται·
3366 5300 3413 5349 εί
3438 5299 3494 5350 δέ
3523 5316 3669 5364 τινος
3711 5305 3825 5374 ἄρα

2248 5396 2340 5447 καὶ
2379 5390 2561 5460 φωνῆς
2593 5389 2938 5458 εὐπορήσειε,
2996 5386 3146 5439 δοκεῖ
3202 5404 3293 5455 μοι
3353 5387 3554 5456 μᾶλλον
3585 5390 3652 5443 ἂν
3690 5393 3825 5460 ὑμῖν

2248 5485 2406 5546 αὐτὸς
2440 5481 2731 5549 ἐγκαλέσαι
2780 5482 2869 5532 καὶ
2917 5476 3165 5546 φανερῶς
3215 5476 3557 5549 μέμψασθαι,
3605 5483 3688 5534 ὃτι
3730 5486 3823 5540 τὸν

2250 5571 2591 5641 Δημιουργδν
2646 5570 2754 5621 τῶν
2806 5570 2942 5620 ὅλων
2976 5568 3206 5635 ἀφέντες
3264 5571 3400 5641 πρὸς
3456 5572 3556 5641 τὴν
3614 5574 3826 5641 ἄψυχον

2252 5665 2384 5734 ὓλην
2421 5663 2711 5731 ὲπτόησθε,
2745 5662 2837 5714 καὶ
2865 5659 3066 5727 ταύτην
3093 5661 3314 5732 ἡγεῖσθε
3356 5661 3501 5725 θεὸν,
3539 5664 3827 5733 ἀχάριστοι

2252 5756 2452 5827 δηλαδὴ
2487 5756 2579 5807 καὶ
2610 5754 2927 5822 ἀγνώμονες
2973 5755 3099 5824 περὶ
3152 5754 3244 5807 τὸν
3290 5753 3591 5825 εὐεργέτην
3622 5754 3829 5820 ἀναφα-

2253 5849 2453 5909 νέντες.
2504 5844 2642 5897 Ἀλλ’
2669 5844 2782 5912 εἴγε
2812 5842 3010 5911 βούλει,
3045 5843 3209 5912 φησὶν
3238 5842 3267 5894 ὁ
3298 5837 3547 5909 ἡγεμὼν,
3584 5836 3662 5908 μὴ
3694 5854 3829 5908 συγ-
