3970 6454
102 452 200 515 6δῖ

1251 428 1719 496 MARTYRIUM
1757 426 1819 488 β.
1864 420 2246 490 SOZONTIS.

3250 421 3355 487 638

102 563 330 635 γνώμης
388 559 550 628 μόνον
598 555 803 627 τυχεῖν,
842 553 981 608 ά).λά
1026 566 1167 615 τινος
1227 546 1529 618 ἀξιωθῆναι
1577 544 1672 598 καὶ

1804 541 2039 611 :onsequi
2100 539 2337 604 veniam,
2401 536 2505 610 sed.
2544 535 2776 607 aliquam
2829 535 2991 592 etiam
3036 548 3359 591 remunera-

105 652 369 727 ἀμοιϐῆς,
404 649 513 703 τῶν
547 648 729 720 λήρων
762 645 968 702 τούτων
1008 644 1300 714 ἀφέμενος,
1335 640 1532 705 σῶσον,
1566 636 1682 691 Σώ-

104 749 231 811 ζων,
258 741 514 808 σεαυτὸν,
536 742 633 795 καὶ
657 735 972 809 προσελθὼν
993 735 1152 790 θῦσον
1174 735 1285 797 τοῖς
1307 732 1471 797 θεοῖς.
1506 729 1565 784 ’0
1590 728 1647 783 δέ
1663 743 1679 760 ·

104 838 208 907 Καί
231 837 356 899 πῶς
385 835 446 889 ού
478 832 672 904 μακρῷ
701 832 796 885 καὶ
829 827 996 884 αὐτοῦ
1026 845 1090 897 γε
1123 828 1188 881 ἂν
1220 826 1341 897 εἵην
1362 822 1682 892 ἀναισθητό-

104 947 263 1001 τερος
303 927 403 981 τοῦ
434 925 701 997 ὑμετέρου
744 922 889 989 θεοῦ,
928 922 1056 993 ἔφη,
1094 919 1258 974 τοῦτο
1292 919 1459 989 τιμᾷν
1493 917 1683 987 ἑλόμε-

107 1040 211 1088 νος,
236 1020 299 1084 ὂς
325 1019 449 1073 οὐδὲ
471 1017 630 1080 αὐτὸς
655 1016 899 1084 πάσχων,
926 1014 1156 1083 ἀμύνειν
1172 1010 1283 1075 οἷός
1306 1028 1365 1065 τε
1384 1007 1455 1083 ἦν
1479 1008 1680 1080 ἑαυτῷ,

107 1115 224 1168 οὐδὲ
256 1115 447 1183 φωνήν
474 1122 596 1165 τινα
626 1108 909 1179 προέσθαι,
937 1108 1058 1162 οὐδὲ
1082 1104 1309 1161 καλέσαι
1328 1106 1455 1169 τοὺς
1482 1103 1681 1175 βοηθη-

112 1224 325 1270 σοντας,
363 1205 484 1258 οὐδὲ
518 1243 533 1267 ,
568 1203 630 1255 τὸ
662 1203 880 1256 πάντων
914 1200 1046 1269 γοῦν
1072 1198 1426 1259 ἀθλιώτατον,
1463 1192 1551 1249 οἷα
1577 1195 1684 1249 πά-

113 1301 193 1357 θοι
216 1293 734 1366 διαμαρτύρασθαι;
771 1293 913 1364 Ὦρα
931 1292 1061 1360 γοῦν
1094 1308 1177 1344 σοι
1205 1289 1432 1343 τοιαῦτα
1452 1286 1681 1357 τιμῶντι

112 1386 201 1436 καὶ
232 1384 493 1437 πλάττειν
519 1380 757 1451 ἑκάστης
791 1382 1003 1451 ἡμέρας
1044 1379 1219 1443 θεοὺς,
1251 1378 1343 1432 καὶ
1375 1377 1682 1449 μεταπλάτο

112 1492 222 1527 τειν
249 1473 466 1537 ἄλλους,
507 1474 565 1525 ὲν
600 1475 667 1543 τῇ
694 1473 802 1526 τῶν
833 1474 1031 1544 χειρῶν
1073 1472 1240 1545 τέχνῃ
1282 1472 1381 1543 τὴν
1425 1471 1686 1543 δημιουρ-

115 1569 236 1636 γίαν
270 1568 383 1620 τῶν
410 1565 549 1618 θεῶν
575 1564 867 1636 τιθεμένῳ.

185 1662 260 1714 Ε’.
300 1659 527 1722 Τούτοις
576 1658 779 1729 θερμὸν
814 1658 977 1723 ζέσας
1003 1658 1031 1709 ό
1071 1659 1415 1730 Μαξιμιανδς
1462 1658 1685 1725 πικραῖς

116 1756 201 1806 τὸν
228 1754 485 1822 μάρτυρα
521 1751 860 1823 παραδίδωσι
892 1750 1205 1821 τιμωρίαις,
1237 1752 1334 1805 καὶ
1358 1752 1550 1822 πρῶτα
1588 1750 1688 1819 μὲν

1782 632 2007 698 tionem,
2036 632 2219 688 missis
2257 631 2343 688 his
2390 630 2569 701 nugis,
2600 644 2756 686 serva
2795 636 2849 685 te
2906 628 3107 699 ipsum,
3151 626 3355 692 Sozon,

1782 733 1839 781 et
1886 724 2156 780 accedens
2206 724 2315 779 diis
2358 722 2627 777 sacrifica.
2677 721 2747 776 Et
2804 718 3097 790 quomodo.
3153 717 3356 786 inquit,

1782 831 1892 871 non
1933 830 2111 871 essem
2147 816 2233 870 vel
2276 816 2395 884 ipso
2441 822 2626 868 vestro
2653 812 2757 866 deo
2790 810 2976 864 minus
3008 824 3173 863 sensu
3214 822 3357 877 prte-

1783 908 1951 975 ditus,
1989 909 2032 964 si
2100 924 2222 964 eum
2288 915 2583 962 statuerem
2614 906 2813 971 colere,
2842 902 2931 973 qui
2962 916 3063 960 nec
3094 902 3139 955 si
3178 901 3227 955 ei
3265 899 3362 953 ali-

1782 1002 1914 1073 quid
1944 1001 2058 1069 θαι,
2091 1017 2151 1057 se
2197 1009 2377 1071 potest
2429 999 2745 1062 defendere,
2802 1010 2976 1066 neque
3028 1008 3213 1049 vocem
3258 991 3360 1044 ali-

1782 1112 1946 1166 quam
1992 1096 2266 1158 emittere,
2303 1106 2480 1161 neque
2525 1105 2722 1145 vocare
2758 1104 2852 1143 eos
2893 1086 2986 1156 qui
3028 1086 3140 1139 sint
3202 1096 3360 1152 opem

1783 1188 1967 1253 laturi,
1998 1201 2197 1257 neque,
2238 1184 2383 1256 quod
2425 1192 2508 1238 est
2543 1181 2783 1236 omnium
2809 1177 3199 1238 miserrimum,
3226 1188 3361 1243 qua-

1784 1279 1853 1334 lia
1888 1280 2144 1350 patiatur,
2224 1273 2555 1347 protestari?
2593 1272 2686 1326 Est
2722 1271 2929 1338 itaquc'
2955 1267 3009 1321 in
3056 1274 3147 1320 tua
3203 1272 3362 1333 pote-

1790 1380 1954 1433 state,
1987 1374 2077 1441 qui
2107 1370 2222 1424 haec
2248 1366 2398 1431 colis,
2423 1366 2553 1420 deos
2581 1362 2824 1433 quotidie
2879 1359 3102 1429 ﬁngere.
3130 1365 3185 1410 et
3227 1354 3364 1406 alios

1787 1473 1976 1513 rursus
2003 1440 2285 1528 refingere,
2316 1468 2439 1509 cum
2470 1453 2522 1507 in
2562 1459 2678 1506 arte
2704 1462 2963 1504 manuum
3020 1457 3190 1516 ponas
3233 1440 3364 1496 deo-

1788 1566 1907 1606 rum
1943 1550 2381 1605 fabricationem.

1863 1664 1928 1719 V.
1966 1662 2342 1723 Maximianus,
2371 1675 2494 1714 cum
2532 1658 2617 1711 his
2639 1657 2687 1711 ci
2731 1652 3084 1710 eﬂ'erbuisset
3118 1647 3360 1706 animus,

1790 1758 1960 1814 tradit
2015 1768 2304 1827 martyrem
2353 1752 2609 1823 gravibus
2652 1758 2705 1805 et
2751 1746 2963 1802 acerbis
3011 1739 3361 1798 cruciatibus.

119 1844 353 1936 σιδηροῖς
382 1841 529 1936 δνιιξι
560 1842 839 1905 διαξαίνει.
882 1842 1105 1912 Ἐπειδὴ
1132 1843 1188 1895 δὲ
1232 1845 1263 1912 ή
1320 1843 1418 1910 μὲν
1455 1844 1685 1913 βάσανος

1804 1852 1858 1905 Et
1890 1851 2127 1920 primum
2162 1848 2379 1916 quidem
2406 1844 2599 1899 ferreis
2653 1856 2778 1896 eum
2843 1838 3013 1891 laniat
3072 1831 3363 1902 unguibus.

118 1935 206 1985 καὶ
234 1934 346 1987 τῶν
375 1934 579 1985 ὀστέων
608 1933 788 1985 αὐτῶν
822 1933 1149 1996 καθικνεῖτο,
1201 1936 1228 1987 ὁ
1286 1934 1341 1986 δὲ
1394 1934 1685 2003 σύμμαχον

118 2029 319 2095 ἀγαθὸν
345 2028 404 2080 τὸ
442 2026 596 2079 Θεῖον
637 2027 843 2092 ἐκάλει,
884 2028 978 2080 καὶ
1020 2027 1271 2100 καθάπερ
1305 2029 1412 2081 ἀπὸ
1463 2028 1683 2097 σιδήρου

120 2122 477 2186 συγκείμενον
533 2116 673 2184 ἔχων
720 2116 783 2168 τὸ
823 2117 1003 2186 σῶμα,
1058 2117 1199 2170 οὕτω
1249 2118 1466 2185 κούφως
1523 2118 1685 2189 ἔφερε

121 2208 208 2259 καὶ
238 2206 347 2259 τῶν
384 2205 617 2269 ζεόντων
648 2206 1024 2276 άπαθέστερος
1054 2202 1143 2277 ἦν,
1183 2208 1270 2276 ἐφ’
1301 2208 1463 2278 ἕτερα
1508 2208 1687 2271 Mati:-

129 2299 314 2367 μιανδς
340 2298 505 2350 πάλιν
532 2299 811 2368 ἐτρέπετο,
837 2300 932 2353 καὶ
961 2300 1304 2371 ὑποδήμασιν
1333 2302 1483 2371 ἥλοις
1510 2300 1688 2365 ὖξεσιν

124 2390 573 2459 ἐμπεπαρμένοις
604 2391 695 2444 τὸν
715 2391 953 2460 ἀθλητὴν
987 2392 1193 2455 ὑποδεῖ,
1229 2394 1320 2445 καὶ
1344 2394 1553 2456 τούτοις
1587 2394 1687 2461 ἑμ-

122 2481 664 2552 περιπατείνηαύτὸν
720 2482 1043 2550 ἀναγκάζει.
1088 2485 1147 2537 '0
1198 2484 1255 2537 δὲ
1297 2484 1373 2547 ὡς
1422 2486 1515 2537 ἐπὶ
1568 2485 1693 2555 ῥόδα

124 2574 323 2643 μᾶλλον
347 2575 564 2645 ἔτρεχε,
601 2577 695 2626 καὶ
719 2573 928 2644 ῥύακας
958 2573 1099 2644 ὁρῶν
1128 2576 1354 2643 αἵματος
1381 2576 1487 2627 τῶν
1517 2575 1693 2628 ποδῶν

124 2666 428 2727 κατιόντας,
488 2663 867 2734 περιρρεῖσθαί
893 2682 1000 2718 τινι
1032 2666 1141 2719 τῶν
1172 2667 1343 2737 ἡδέων
1377 2666 1573 2731 ἐδόκει,
1600 2668 1693 2721 καὶ

124 2758 243 2818 τοὺς
272 2755 369 2808 τοῦ
394 2755 664 2825 τυράννου
691 2759 786 2809 καὶ
809 2756 919 2809 τῶν
946 2758 1327 2828 περιεστώτων
1352 2759 1697 2829 χλευασμοὺς

126 2850 399 2917 εὐφημίαν
424 2850 633 2917 ἠγεῖτο.
667 2851 776 2904 Καὶ
808 2850 1209 2915 ἐκαλλωπίζετο
1239 2852 1411 2924 ταύτῃ
1442 2852 1641 2921 μᾶλλον
1668 2854 1695 2905 ὁ

126 2940 365 3010 ἀθλητὴς
404 2940 436 3009 ἢ
464 2944 529 3010 τῇ
558 2941 791 3011 χλαμύδι
829 2944 1039 3005 ἐκεῖνος
1064 2944 1159 2995 τοῦ
1202 2945 1534 3012 ἀξιώματος.
1566 2941 1695 2997 Εἶτα

128 3033 659 3102 κατειρωνευόμενος
737 3033 903 3087 αὐτοῦ
978 3036 1356 3105 Μαξιμιανόςο
1427 3036 1693 3105 Λῦλησον,

129 3127 279 3193 φησὶ,
330 3124 552 3189 Σὼζων,
598 3124 788 3193 αὓριον
833 3127 1084 3199 ἐξιούσης
1116 3128 1218 3198 τῆς
1257 3128 1495 3197 μεγάλης
1543 3129 1692 3194 θεᾶς,

1788 1943 2051 2009 Quoniam
2080 1951 2259 1995 autem
2319 1937 2520 1998 Sozun,
2589 1935 2689 1989 etsi
2744 1938 3072 1986 tormentum
3147 1922 3365 1995 quidem

1787 2036 1853 2091 ad
1895 2036 2007 2106 ipsa
2047 2048 2218 2103 usque
2276 2046 2398 2084 ossa
2446 2026 2791 2099 pervadebat,
2851 2021 2940 2075 Dei
2979 2029 3154 2075 tamen
3214 2014 3367 2068 invo-

1788 2144 1919 2190 cans
1970 2126 2253 2189 auxilium,
2312 2124 2383 2177 ita
2441 2120 2646 2176 ferebat
2721 2114 2935 2177 leviter,
2981 2120 3041 2165 ut
3093 2108 3369 2161 videretur

1791 2220 1990 2275 habere
2028 2232 2228 2285 corpus
2260 2231 2324 2269 ex
2358 2212 2505 2267 ferro
2565 2207 2967 2277 compositum;
3030 2196 3371 2254 convertitur

1790 2326 1983 2366 rursus
2022 2308 2088 2361 ad
2120 2309 2223 2361 alia
2265 2305 2647 2363 Maximianus,
2680 2309 2735 2353 et
2762 2296 2958 2353 calceis
2982 2292 3157 2347 acutis
3198 2287 3369 2343 clavis

1791 2400 2022 2457 conﬁxis
2050 2398 2228 2453 induit
2254 2396 2535 2459 athletam,
2568 2402 2620 2447 et
2689 2406 2813 2446 cum
2852 2386 2984 2459 ipsis
3044 2398 3169 2439 eum
3227 2380 3372 2451 cogit

1794 2493 2093 2549 ambulare.
2146 2490 2240 2543 Ille
2294 2496 2477 2542 autem
2534 2484 2812 2545 currebat,
2870 2490 3123 2547 tanquam
3210 2486 3375 2541 super

1794 2602 1945 2641 rosas
1984 2582 2275 2644 incedens;
2312 2592 2366 2632 et
2407 2576 2603 2632 videns
2635 2574 2781 2626 rivos
2809 2567 3095 2640 sanguinis
3145 2564 3375 2618 descen-

1795 2678 1988 2733 dentes
2017 2690 2083 2728 οι
2118 2672 2371 2742 pedibus,
2404 2667 2689 2723 videbatur
2724 2662 2984 2719 suavibus
3050 2656 3212 2711 rebus
3266 2653 3375 2707 cir-

1797 2767 2135 2830 cumﬂuere;
2167 2762 2488 2835 tyrannique
2530 2769 2583 2813 et
2611 2772 2798 2812 eorum
2821 2749 3371 2833 quicireumstahant,

1798 2861 2085 2915 irrisioncs
2134 2855 2368 2910 ducebat
2416 2865 2535 2906 esse
2600 2848 3012 2907 laudationem;
3079 2853 3133 2897 et
3188 2856 3250 2895 ea
3317 2852 3376 2892 re

1799 2953 1969 3021 magis
2000 2947 2328 3020 gloriabatur
2351 2943 2574 3007 athleta,
2602 2955 2762 3011 quam
2795 2939 2882 2992 ille
2900 2936 3178 3005 chlamyde
3201 2932 3375 3000 digni-

1802 3020 1947 3097 tatis.
2010 3038 2215 3093 Deinde
2263 3050 2386 3090 eum
2419 3033 2653 3087 illudens
2707 3027 3063 3083 Maximianus
3120 3040 3135 3075 :
3196 3020 3374 3083 Tibia,

1802 3133 1997 3202 inquit,
2033 3145 2188 3191 cane,
2224 3128 2424 3189 Sozon,
2474 3140 2597 3179 cras
2650 3136 2842 3191 magna
2874 3116 3204 3187 procedente
3252 3112 3375 3174 dea,

131 3218 216 3271 καὶ
246 3217 417 3287 αὐτὴν
440 3217 657 3284 ἐκείνην
698 3218 923 3289 ὄμνυμι,
986 3222 1164 3290 πάσης
1212 3222 1442 3291 εὐθύνης
1491 3223 1689 3275 αὐτίκα

1808 3201 1981 3293 etper
2019 3222 2161 3274 illam
2191 3219 2365 3288 ipsam
2396 3216 2543 3286 juro,
2580 3212 2725 3282 quod
2775 3209 2843 3265 ab
2900 3206 3047 3262 omni
3099 3201 3378 3258 examina—

132 3312 219 3364 καὶ
266 3310 546 3380 τιμωρίας
583 3310 911 3382 ἀπολελύσῃ.
953 3312 1064 3364 Καὶ
1117 3314 1144 3363 ὁ
1180 3313 1423 3381 μάρτυς·
1471 3314 1542 3365 Σὺ
1596 3314 1695 3382 μὲν

132 3403 472 3471 καταγελῶν,
536 3404 661 3472 ἔφη,
715 3407 809 3456 καὶ
841 3404 1143 3469 διαπαίζων
1173 3406 1322 3474 ἡμᾶς
1357 3404 1425 3456 τὰ
1472 3404 1699 3457 τοιαῦτα

132 3494 366 3564 φθέγγῃ,
422 3493 514 3547 τοῦ
580 3495 947 3563 συμπνέοντός
1009 3512 1091 3548 σοι
1158 3495 1396 3564 πονηροῦ
1451 3495 1703 3565 δαίμονος

132 3589 298 3642 ταῦτα
332 3589 458 3641 καθ’
488 3588 648 3656 ἡμῶν
682 3587 1141 3657 ὑποδεδληκότος.
1191 3588 1332 3656 Ἐγὼ
1356 3588 1414 3642 δὲ
1446 3592 1539 3641 καὶ
1568 3590 1703 3658 πρό-

134 3696 283 3746 τερον
316 3678 417 3745 μὲν
445 3677 508 3728 τὸ
547 3676 708 3728 καλὸν
734 3676 946 3744 ηῧλησα
986 3678 1067 3737 είς
1100 3678 1291 3744 ἀγρὸν,
1330 3679 1579 3743 συνάγων
1610 3680 1705 3730 καὶ

135 3769 420 3823 ἀνακαλῶν
451 3770 520 3822 τὶ
562 3768 671 3838 ἐμὰ
718 3766 998 3839 πρόϐατα’
1033 3770 1126 3821 καὶ
1149 3767 1242 3820 νῦν
1268 3769 1325 3821 δὲ
1350 3769 1458 3839 ᾄδω
1484 3768 1559 3837 τῷ
1593 3770 1700 3821 Κυ-

140 3860 233 3929 ρίῳ
292 3877 396 3928 μου
447 3855 601 3930 ᾆσμα
656 3858 861 3920 καινὸν,
922 3857 1410 3926 εὖαγγε>.ιζο;.ι.ενος
1472 3858 1607 3910 πᾶσι
1643 3860 1703 3912 τὸ

137 3953 320 4006 τούτου
354 3953 648 4019 σωτήριον.
693 3950 753 4002 Ἠ
772 3951 828 4001 δὲ
847 3951 910 4017 σὴ
937 3949 1057 4009 θεὸς
1090 3950 1209 4009 ὄνος
1232 3950 1303 4001 ἂν
1339 3951 1422 4019 εἴη
1457 3952 1697 4017 πάντως,

138 4045 191 4095 τὸ
212 4042 307 4094 τοῦ
338 4041 522 4107 λόγου,
554 4040 688 4110 πρὸς
710 4041 801 4093 τὸν
832 4039 1015 4105 αὐλὸν,
1044 4038 1249 4109 ἄψυχός
1269 4056 1327 4091 τε
1345 4036 1482 4094 οὖσα
1510 4058 1707 4094 παντε-

140 4138 237 4201 λῶς
272 4139 364 4190 καὶ
401 4133 751 4202 ἀναίσθητος.

202 4233 294 4299 ς’.
329 4231 475 4300 Πρὸς
528 4229 699 4282 ταῦτα
752 4229 916 4282 πλέον
967 4232 996 4283 ὀ
1034 4230 1375 4300 Μαξιμιανὸς
1420 4228 1501 4298 τῷ
1550 4228 1707 4298 θυμῷ

142 4326 253 4378 κατ’
296 4323 465 4378 αὐτοῦ
497 4322 859 4389 διανίσταται,
899 4322 994 4376 καὶ
1026 4322 1392 4393 σφοδροτέρας
1422 4320 1572 4391 αὐτῷ
1601 4322 1705 4390 μά-

142 4434 327 4487 στιγας
366 4417 476 4469 τῶν
508 4417 790 4485 προτέρων
814 4415 1033 4484 ἐπάγει,
1068 4417 1134 4469 ἵν’
1162 4414 1328 4473 οὓτω.
1359 4418 1544 4484 φησιν.
1579 4416 1708 4468 ἀνα-

144 4506 411 4576 μοχλευθῇ
447 4505 548 4573 μὲν
582 4504 730 4573 αὐτῷ
751 4503 819 4555 τὰ
861 4504 1065 4572 ἄρθρα,
1099 4505 1385 4575 παρεθῶσι
1427 4504 1481 4557 δὲ
1516 4506 1607 4556 καὶ
1651 4504 1705 4558 αἱ

140 4596 417 4667 ἁρμονίαι.
447 4596 540 4650 καὶ
577 4595 813 4668 διαρῤυῇ
855 4595 922 4648 τά
954 4594 1162 4662 ἔγκατα
1193 4596 1325 4647 ὡσεὶ
1371 4596 1536 4665 ὕδωρ.
1572 4593 1703 4648 Εἶτα

142 4691 229 4743 καὶ
258 4688 371 4760 πῦρ
412 4689 643 4757 άνάψας,
685 4691 739 4742 εί
761 4707 812 4742 τι
844 4688 953 4741 τῶν
987 4686 1165 4758 μελῶν
1193 4687 1570 4756 ύπολειφθείη,
1614 4705 1712 4741 κα-

143 4784 437 4837 τακαύσειν
479 4783 574 4834 καὶ
616 4780 779 4833 τοῦτο
803 4782 1044 4851 ἠπείλει,
1085 4783 1161 4843 ὡς
1194 4782 1259 4833 ἂν
1291 4782 1424 4852 μηδὲ
1456 4783 1555 4851 τῆς
1592 4799 1710 4834 κοι-

143 4880 232 4943 νῆς
275 4878 535 4929 ἁπάντων
572 4874 726 4944 τύχοι
774 4874 971 4941 ταφῆς.
1031 4874 1375 4941 Μαξιμιανὸς
1431 4869 1526 4926 οὖν
1567 4872 1712 4926 οὕτω

144 4968 613 5037 παρεσκεύασατο,
636 4969 731 5019 καὶ
777 4966 950 5028 οὕτως
988 4966 1192 5018 ἐποίει·
1236 4968 1327 5018 καὶ
1359 4965 1434 5035 τῷ
1468 4967 1706 5035 μάρτυρι

146 5060 237 5129 μὲν
267 5061 324 5113 αἱ
357 5057 562 5127 σάρκες
590 5060 709 5119 ταῖς
738 5059 974 5127 πληγαῖς
1009 5057 1374 5119 διεκόπτοντο,
1412 5062 1506 5109 καὶ
1548 5060 1579 5126 ἡ
1623 5058 1709 5108 ιν-

142 5152 226 5205 δον
251 5150 555 5223 ἑγυμνοῦτο
603 5148 914 5211 διάπλασις.
965 5153 1023 5202 '0
1066 5149 1121 5201 δὶ
1152 5148 1343 5218 ὥσπερ
1390 5152 1448 5201 ἐν
1479 5149 1711 5218 λειμῶνι

145 5244 345 5314 χλοερῷ
408 5242 735 5314 διατρίϐων,
784 5245 879 5294 καὶ
938 5243 1123 5311 ἠρέμα
1172 5241 1509 5313 δρεπόμενος
1543 5242 1701 5312 ἄνθη,

150 5335 283 5389 οὕτω
313 5335 568 5401 διέκειτο,
601 5336 694 5390 καὶ
724 5332 937 5409 ,χαίρων
979 5332 1270 5387 ἀποδίδωσι
1301 5335 1399 5405 τὴν
1427 5335 1605 5404 ψυχὴν
1634 5334 1713 5404 τῷ

148 5428 280 5499 Θεῷ.

216 5521 289 5575 Ζ’.
331 5519 418 5570 Ὠς
445 5516 503 5570 δὲ
526 5518 621 5570 καὶ
655 5520 687 5587 ἡ
712 5516 849 5587 φλὸξ
874 5518 967 5569 ἀπὶ
994 5517 1137 5588 μέγα
1168 5517 1330 5586 ἤρετο
1352 5518 1476 5588 ἥδη,
1511 5516 1710 5590 βροντὴ

150 5612 348 5665 ἄνωθεν
394 5608 671 5679 φρικῶδες
714 5626 769 5662 τι
812 5611 905 5677 καὶ
936 5610 1167 5680 φοϐερὸν
1211 5609 1568 5679 άπηχήσασα,
1619 5614 1711 5667 καὶ

152 5704 313 5763 πολὺν
344 5702 555 5774 ὄμϐρον
601 5704 696 5753 καὶ
745 5701 989 5771 χάλαζαν
1032 5702 1567 5771 συγκατενεγκοῦσα,
1604 5705 1710 5757 διε-

156 5797 375 5848 σκέδασε
408 5796 508 5863 μὲν
534 5792 662 5856 τοὺς
693 5793 919 5862 δημίους
960 5797 1054 5847 καὶ
1090 5796 1152 5846 ἐκ
1193 5795 1356 5865 μέσον
1390 5796 1705 5865 πεποίηκεν.

154 5885 295 5944 om
326 5888 729 5959 φιλομάρτυρις
785 5888 877 5937 καὶ
915 5886 1149 5953 μάλισια
1194 5885 1395 5940 τούτων
1445 5888 1492 5940 oi
1533 5904 1694 5941 οπουο

1806 3318 1951 3370 tione
1989 3322 2044 3367 et
2070 3311 2312 3365 cruciatu
2341 3307 2521 3361 statim
2556 3299 2891 3358 liberaheris.
2925 3296 3124 3365 hlartyr
3154 3301 3334 3345 autem
3364 3305 3378 3341 :

1804 3406 1884 3460 Tu
1916 3419 2023 3469 me,
2054 3401 2251 3470 inquit,
2288 3398 2523 3451 irridens
2565 3395 2684 3448 haec
2733 3389 2995 3460 loqueris,
3027 3401 3091 3440 ea
3140 3382 3383 3453 maligno

1804 3498 2050 3553 dtemone
2099 3494 2152 3547 in
2212 3506 2314 3545 nos
2368 3488 2463 3543 tibi
2524 3492 2869 3556 suggerente.
2930 3479 3043 3550 Ego
3099 3484 3279 3530 autem
3325 3480 3382 3526 et

1807 3590 1956 3660 prius
1988 3586 2203 3657 quidem
2233 3582 2364 3637 tibia
2405 3580 2460 3635 in
2495 3594 2623 3648 agro
2672 3586 2819 3629 recte
2879 3571 3079 3632 cecini,
3138 3579 3377 3635 congre-

1807 3694 1937 3752 gans
1967 3688 2022 3731 et
2051 3687 2314 3730 revocans
2352 3684 2500 3724 meas
2529 3680 2681 3729 OVCS,
2714 3672 2771 3718 et
2798 3675 2945 3716 nunc
2975 3669 3193 3727 quoque
3242 3664 3384 3707 cano

1808 3769 2035 3821 Domino
2072 3781 2193 3819 meo
2226 3764 2499 3819 canticum
2538 3772 2762 3817 novum,
2795 3754 2915 3822 ejus
2935 3752 3171 3806 salutare
3206 3743 3384 3799 omni-

1806 3860 1906 3915 bus
1938 3857 2293 3913 annuntians.
2326 3852 2440 3905 Tua
2475 3860 2653 3903 autem
2698 3848 2799 3901 dea
2822 3844 2983 3898 fuerit
3026 3842 3272 3902 omnino,
3323 3845 3383 3891 ut

1809 3964 1891 4013 est
1929 3954 1983 4007 in
2024 3948 2332 4022 proverbio,
2369 3945 2555 4000 asinus
2577 3941 2642 3997 ad
2670 3940 2881 4003 tibiam,
2914 3945 2973 3992 ιιι
2988 3948 3107 4006 qua:
3124 3934 3193 3989 sit
3226 3930 3383 4001 plane

1810 4045 2073 4107 inanima,
2108 4050 2163 4095 et
2194 4039 2345 4093 nullo
2378 4051 2547 4091 sensu
2578 4033 2827 4103 praedita.

1884 4247 1970 4301 Vl.
1997 4244 2089 4298 His
2128 4239 2485 4295 Maximianus
2524 4232 2697 4302 magis
2744 4231 2800 4282 in
2827 4241 2951 4282 eum
3003 4224 3269 4286 irritatur,
3328 4230 3386 4275 et

1812 4336 2083 4408 prioribus
2100 4328 2535 4387 vehementiores
2557 4323 2607 4377 ei
2635 4314 3130 4391 plagasimponit:
3195 4320 3256 4365 ut
3305 4309 3387 4365 sic

1813 4427 2030 4498 quidem
2056 4424 2106 4479 ei
2134 4428 2480 4476 moverentur
2527 4412 2764 4473 articuli,
2838 4417 2892 4462 et
2943 4403 3388 4460 dissolverentur

1814 4494 2123 4589 compages,
2155 4523 2209 4570 et
2263 4510 2517 4567 intestina
2561 4515 2819 4571 tanquam
2849 4513 2990 4568 aqua
3050 4494 3383 4550 difﬂuerent.

1815 4586 2170 4667 Deinde'cum
2190 4609 2366 4676 ignem
2396 4600 2561 4655 etiam
2596 4593 2959 4653 accendisset.
3000 4590 3045 4645 si
3069 4586 3214 4659 quod
3252 4586 3387 4641 reli-

1811 4716 1979 4774 quum
2008 4705 2152 4754 esset
2208 4692 2538 4753 membrum,
2597 4689 2652 4743 id
2703 4697 2920 4755 quoque
2957 4696 3017 4735 se
3075 4678 3388 4732 minabatur

1813 4794 2250 4850 combusturum,
2282 4793 2342 4839 ut
2379 4797 2448 4837 ne
2487 4780 2709 4851 quidem
2749 4774 2999 4830 omnium
3031 4781 3387 4825 communem

1811 4890 2194 4951 assequeretur
2230 4876 2585 4944 sepulturam.
2623 4868 2715 4921 Sic
2743 4880 2874 4937 ergo
2907 4880 2967 4919 se
3000 4863 3231 4934 parabat
3275 4858 3389 4913 bla-

1811 4978 2104 5033 simianus.
2136 4980 2191 5026 et
2218 4971 2297 5023 sic
2314 4965 2549 5020 faciebat
2584 4980 2597 5015 :
2626 4972 2683 5015 et
2705 4958 2925 5029 martyri
2948 4956 3169 5026 quidem
3195 4965 3391 5008 carnes

1812 5070 1981 5142 plagis
2004 5064 2369 5120 laniabantur,
2393 5065 2447 5110 et
2477 5056 2689 5110 interna
2721 5049 3109 5121 aperiebantur
3139 5046 3384 5109 viscera;

1814 5141 1905 5216 ille
1952 5166 2136 5211 autem
2186 5162 2444 5219 tanquam
2483 5147 2537 5199 in
2565 5144 2791 5199 herbido
2820 5149 2978 5210 prato
3021 5152 3269 5201 versans,
3335 5141 3391 5189 et

1814 5262 2011 5306 vernos
2039 5244 2201 5299 flores
2229 5241 2550 5309 decerpens,
2580 5245 2695 5291 erat
2717 5233 2968 5294 allectus,
3002 5240 3059 5285 et
3093 5228 3252 5283 laetus
3276 5224 3390 5280 Deo

1816 5339 1993 5396 reddit
2020 5337 2282 5391 animant.

1884 5518 1998 5575 V‘ll.
2028 5516 2163 5575 Cum
2190 5524 2370 5571 autem
2396 5507 2507 5579 jam
2537 5508 2748 5564 ﬂamma
2785 5504 2837 5557 in
2868 5504 3036 5559 altum
3072 5508 3217 5555 esset
3260 5496 3391 5554 sub-

1814 5615 1945 5677 lata,
1977 5610 2220 5667 terribile
2270 5602 2676 5662 ethorrendum
2703 5598 2905 5652 tonitru
2933 5606 3221 5655 resonans,
3248 5592 3391 5644 mut-

1817 5716 2041 5775 tumque
2089 5702 2318 5756 imbrem
2369 5706 2426 5751 et
2498 5692 2818 5765 grandinem
2876 5682 3037 5742 simul
3100 5683 3389 5752 dejiciens,

1822 5799 2043 5854 lictores
2074 5795 2292 5863 quidem
2328 5790 2539 5859 depulit
2569 5796 2622 5841 et
2659 5784 2952 5856 dispersit;
2994 5779 3150 5833 amici
3205 5785 3387 5829 autem

1820 5900 2137 5959 martyrum,
2166 5898 2218 5941 et
2248 5884 2479 5939 maxime
2546 5881 2579 5936 ii
2634 5879 2725 5949 qui
2783 5882 2941 5931 erant
2996 5868 3384 5942 diligentiores,
