3970 6458
530 425 640 491 639

1756 423 2040 483 MENSIS
2077 421 2553 481 SEPTEMBER.

3684 424 3790 489 640

533 552 724 593 secure
790 536 1112 608 colligebant
1174 537 1427 608 martyris
1522 538 1799 607 reliquias.
1876 537 2099 591 Interim

2235 540 2502 604 αιότεροι,
2561 534 2741 599 ἀδείας
2780 535 3072 605 λαϐόμενοι
3117 534 3212 606 τῆς
3261 535 3372 591 ἀπὸ
3412 536 3524 591 τῶν
3552 538 3789 607 δημίων,

534 640 716 683 antem
743 644 863 684 cum
892 644 998 683 nox
1025 643 1240 698 quoque
1274 627 1613 695 advenisset,
1644 645 1751 682 non
1778 629 1876 683 fuit
1924 639 2101 684 retar-

534 721 720 774 datum
756 720 971 772 illorum
1004 729 1316 788 promptum
1340 727 1394 773 et
1416 718 1596 775 alacre
1622 721 1883 773 studium.
1916 718 2104 788 Neque

534 814 680 868 enim
708 820 823 865 erat
849 827 950 865 nox
981 812 1235 880 amplius,
1268 810 1363 865 sed
1394 812 1481 865 lux
1513 812 1819 867 clarissima
1857 813 2106 881 protinus

538 902 887 959 illucescens.
962 916 1022 953 ea
1092 903 1353 955 reddebat
1430 902 1741 963 manifesta.
1802 918 1921 971 qua
1996 918 2104 957 non

537 989 824 1056 oportebat
849 988 1039 1048 latere.
1076 999 1129 1041 et
1162 990 1450 1059 praestabat
1484 998 1625 1043 utea
1647 988 1803 1043 facile
1853 990 2109 1044 tolleren-

537 1090 625 1131 tur
661 1090 715 1132 et
741 1078 1121 1152 colligerentur
1142 1095 1170 1131 a
1193 1080 1313 1147 piis.
1338 1082 1469 1145 Quae
1486 1080 1707 1149 quidem
1727 1081 1904 1133 omnia
1924 1090 2110 1135 sancte

537 1168 761 1221 collecta
797 1168 1026 1235 septimo
1058 1167 1416 1236 Septembris,
1451 1170 1764 1238 prmclaram
1814 1178 1868 1222 ct
1898 1169 2107 1239 magni-

546 1259 703 1313 ﬁcam
778 1271 1026 1312 assecuta
1078 1270 1207 1314 sunt
1258 1261 1619 1331 sepulturam.
1672 1261 1786 1316 Lux
1831 1261 1975 1315 enim
2026 1263 2110 1315 illa

541 1352 702 1402 etiam
731 1366 903 1418 usque
930 1350 994 1404 ad
1027 1351 1203 1420 ipsum
1229 1352 1377 1405 venit
1408 1353 1743 1421 sepulcrum,
1780 1362 1832 1406 et
1856 1369 2110 1422 perman-

539 1445 611 1496 sit
654 1445 707 1497 in
732 1446 1010 1513 sepultura
1062 1446 1445 1515 reliquiarum.
1513 1446 1717 1500 Deinde
1768 1462 1984 1501 reversa
2030 1455 2114 1501 est

542 1549 644 1587 nox
678 1536 741 1586 ad
779 1550 928 1587 suam
952 1545 1198 1592 naturam
1229 1552 1243 1600 ;
1278 1546 1331 1589 et
1364 1537 1561 1606 ubique
1594 1537 1695 1590 fuit
1731 1538 1910 1596 Sozon
1971 1555 2114 1607 prae-

542 1625 754 1676 dicatus
780 1624 952 1676 victor
987 1624 1278 1689 praeclarus
1311 1625 1377 1679 ad
1404 1625 1627 1696 gloriam
1664 1628 1756 1681 Dei
1812 1626 2010 1689 Patris,
2062 1639 2118 1681 et

544 1714 755 1767 Domini
790 1716 957 1769 nostri
985 1713 1114 1769 Jesu
1165 1716 1392 1779 Christi,
1469 1731 1631 1785 quem
1703 1716 1857 1770 decet
1926 1718 2118 1781 honor,

542 1805 709 1873 gloria
739 1816 794 1861 et
821 1807 1060 1877 potentia
1100 1808 1154 1861 in
1189 1806 1383 1862 saecula
1420 1807 1764 1862 saeculorum.
1796 1809 1985 1861 Amen.

1200 2088 1483 2108 ι’*

2208 628 2435 694 ἄσμενοι
2469 628 2537 678 τὶ
2594 628 2906 699 μαρτυρτκὰ
2952 626 3239 696 συνέλεγον
3278 628 3510 699 λείψανα
3543 647 3557 661 ·
3607 620 3793 685 ἐν’το-

2211 718 2388 787 σούτῳ
2418 720 2510 770 καὶ
2547 721 2579 787 ἡ
2614 720 2707 785 νὺξ
2740 721 3104 789 ἐπιγενομένη
3133 720 3231 791 τὴν
3257 721 3485 775 ἐκείνων
3516 724 3619 777 οὐκ
3660 724 3793 777 ἐπέ-

2210 828 2376 864 κοπτε
2396 811 2723 880 προθυμίαν,
2756 812 2935 865 οὐκέτι
2960 813 3065 883 γὰρ
3098 812 3214 865 οῦδὲ
3247 813 3383 882 αὑτὴ
3411 816 3508 881 νὺξ
3529 812 3619 884 ἦν,
3651 816 3790 869 ἀλλὰ

2212 904 2325 972 φῶς
2354 904 2737 973 λαμπρότατον
2779 899 2891 957 οἷον
2926 905 3122 957 αὐτίκα
3154 904 3443 974 ἐκλάμψαν
3467 907 3605 973 δῆλά
3636 923 3695 959 τε
3720 908 3793 959 τὰ

2218 996 2291 1063 μὴ
2322 994 2414 1047 τοῦ
2448 996 2627 1047 λαθεῖν
2660 995 2786 1060 ἄξια
2822 996 3016 1055 ἐποίει,
3050 998 3141 1048 καὶ
3182 996 3531 1065 ἀναιρεῖσθαι
3560 1000 3675 1058 τοῖς
3702 998 3794 1048 εῦ-

2217 1086 2395 1139 σεϐἐσι
2432 1088 2628 1159 ῥαδίως
2660 1088 2799 1142 αὐτὰ
2833 1090 2929 1141 καὶ
2971 1087 3245 1154 συλλέγειν
3286 1090 3654 1158 παρεῖχεν,⁴Α
3693 1090 3794 1157 δή-

2216 1196 2319 1231 που
2351 1179 2529 1232 πάντα
2553 1181 2645 1232 καὶ
2670 1180 2830 1249 ἱερῶς
2854 1178 3182 1247 συλλεγέντα
3204 1180 3405 1250 ἐϐδόμῃ
3430 1180 3527 1233 τοῦ
3546 1182 3720 1232 Σεπτε
3732 1199 3801 1248 μ-

2216 1272 2370 1340 ϐρίου
2396 1271 2677 1340 φιλοτίμου
2711 1273 2887 1340 ταψῆς
2927 1272 3083 1339 ἔτυχε
3139 1270 3233 1323 καὶ
3256 1271 3540 1339 λαμπρᾶς.
3572 1272 3648 1324 Τὸ
3681 1272 3802 1340 φῶς

2218 1363 2326 1431 γὰρ
2361 1365 2535 1415 ἐκεῖνο
2585 1363 2679 1415 καὶ
2722 1362 2856 1431 πρὸς
2889 1363 3052 1415 αὑτὸν
3084 1358 3215 1431 ἦλθε
3253 1364 3345 1414 τὸν
3394 1365 3568 1429 τάφον
3596 1365 3696 1414 καὶ
3733 1365 3800 1431 τῇ

2217 1453 2327 1507 τῶν
2367 1454 2633 1523 λειψάνων
2686 1457 2826 1524 ταφῇ
2855 1457 3152 1524 παρέμεινε
3206 1456 3423 1510 πάντων
3453 1495 3467 1518 ,
3522 1451 3644 1507 εἶτα
3703 1455 3803 1505 καὶ

2219 1547 2425 1599 οἰκείαν
2460 1547 2621 1602 πάλιν
2656 1547 2802 1617 ήνὺξ
2830 1547 3082 1599 ἀνείλετο
3113 1548 3296 1613 φύσιν,
3332 1549 3425 1600 καὶ
3458 1548 3544 1599 διὰ
3569 1547 3799 1600 πάντων

2220 1642 2247 1691 6
2285 1638 2535 1707 λαμπρδς
2565 1639 2966 1707 ἀνεκηρύττετο
2995 1638 3351 1705 στεφανίτης,
3396 1642 3476 1699 είς
3507 1636 3671 1702 δόξαν
3705 1636 3800 1689 τοῦ

2223 1728 2357 1781 Θεοῦ
2409 1729 2637 1797 Πατρὸς,
2666 1731 2761 1781 καὶ
2810 1730 3015 1798 Κυρίου
3052 1728 3208 1798 ἡμῶν
3250 1726 3426 1795 Ἰησοῦ
3462 1728 3730 1798 Χριστοῦ,
3757 1721 3805 1795 ᾧ

2230 1822 2429 1886 πρέπει
2460 1820 2615 1890 τιμὴ,
2666 1819 2865 1890 κράτος
2900 1822 2979 1883 είς
3014 1819 3139 1883 τοὺς
3172 1817 3374 1881 αἰῶνας
3411 1819 3521 1870 τῶν
3553 1822 3799 1872 αἰώνων.

2230 1912 2285 1963 Ἀ
2297 1918 2421 1980 μὴν.

944 2245 1571 2332 ΜΑΡΤΥΡΙΟΝ
1646 2247 1873 2331 ΤΟΥ
1944 2246 2278 2331 ΑΓΙΟΥ
2357 2247 3391 2332 ΜΕΓΑΛΟΜΑΡΤΥΡΟΣ

1624 2436 2723 2573 ΣΕΥΗΡΙΑΝΟΥ.

816 2862 1537 2953 MARTYBIUM

1660 2861 2071 2948 SANCTI
2181 2858 2332 2947 ET
2430 2856 2805 2949 MAGNI
2926 2854 3539 2947 MARTYHIS

1779 3069 2589 3186 SEVERIANI.

1008 3300 1201 3352 (Grece
1241 3309 1305 3346 ex
1334 3298 1442 3345 cod.
1467 3308 1559 3346 ms.
1605 3293 1763 3344 Paris.
1797 3305 1846 3341 n.
1878 3292 2021 3352 1525,
2051 3305 2165 3343 sec.
2192 3306 2285 3353 xu;
2320 3292 2495 3345 Latine
2518 3296 2643 3358 apud
2672 3295 2871 3346 Surium
2894 3297 2950 3345 ad
2976 3297 3108 3345 diem
3132 3297 3162 3343 9
3194 3296 3360 3357 Sept.)

630 3604 671 3657 l.
703 3599 910 3655 Licinio
935 3598 1102 3665 impio
1125 3598 1452 3664 imperante,
1506 3592 1715 3661 Lysias,
1746 3592 1837 3660 qui
1867 3602 1993 3647 tunc
2021 3604 2133 3649 erat

2309 3598 2387 3652 A'.
2413 3594 2686 3649 Λικιννίου
2716 3591 2809 3647 τοῦ
2832 3591 3127 3656 δυσσεϐοῦς
3145 3592 3545 3665 βασιλεύοντος,
3580 3594 3822 3665 Λυσίας,

561 3695 692 3756 dux,
729 3690 1057 3760 properabat
1089 3702 1120 3741 e
1153 3688 1398 3740 Caesarea
1434 3685 1620 3739 venire
1663 3683 1949 3740 Sebasten.
1995 3685 2131 3741 Eum

564 3784 713 3839 enim
752 3782 982 3835 vocabat
1017 3786 1234 3849 tempus
1270 3786 1568 3849 martyrum
1608 3778 1815 3833 Christi
1852 3779 2131 3845 :illorum,

566 3880 809 3945 inquam,
844 3872 1067 3926 victoria
1104 3871 1393 3940 insignium
1422 3870 1799 3937 quadraginta.
1844 3868 2135 3935 Postquam

564 3977 747 4020 autem
793 3965 901 4016 illis
933 3963 998 4015 ad
1040 3962 1201 4013 linem
1239 3957 1487 4028 pervenit
1519 3959 1858 4030 martyrium,
1892 3956 2136 4013 Severia-

568 4072 672 4111 nus
720 4068 938 4124 quoque
979 4052 1046 4108 ad
1098 4052 1289 4107 ducem
1345 4051 1606 4106 defertur.
1665 4052 1791 4107 Fuit
1826 4063 2005 4108 autem
2046 4053 2138 4107 hic

569 4150 652 4202 vir
699 4147 927 4218 insignis
981 4146 1202 4197 virtute.
1252 4143 1621 4196 Nuntiabatur
1673 4158 1827 4205 vero,
1861 4145 2006 4212 quod
2053 4144 2142 4197 hic

570 4240 899 4295 Severianus
928 4250 1037 4288 non
1070 4235 1245 4288 solum
1278 4230 1645 4288 Christianam
1678 4242 1892 4288 teneret
1924 4232 2141 4303 religio-

570 4344 721 4393 nem,
770 4338 826 4383 et
882 4326 1084 4381 cultum
1124 4326 1367 4397 gentium
1422 4324 1641 4394 probris
1693 4341 1757 4380 ac
1794 4326 2143 4380 contumeliis

572 4428 761 4489 aperte
818 4416 1093 4481 alliceret;
1149 4416 1246 4469 sed
1299 4415 1463 4468 etiam
1520 4413 1718 4467 multos
1774 4430 1838 4467 ex
1891 4416 2145 4483 gentibus

572 4511 872 4578 decipiens,
925 4509 992 4561 ad
1043 4522 1203 4560 suum
1238 4505 1408 4559 Deum
1444 4504 1758 4558 adduceret.
1794 4503 1998 4559 Prmter
2032 4504 2147 4559 haec

575 4601 740 4662 etiam
792 4600 926 4653 alias
974 4597 1315 4651 intentabant
1364 4596 1411 4651 ei
1462 4596 1896 4661 criminationes,
1952 4609 2148 4666 nempe

573 4693 718 4763 quod
751 4690 1110 4762 quadraginta
1153 4690 1396 4747 illorum.
1444 4688 1535 4754 qui
1565 4687 1727 4755 paulo
1760 4695 1888 4741 ante
1922 4688 2149 4741 viriliter

575 4788 1012 4846 decertaverant,
1049 4790 1103 4834 et
1142 4793 1321 4848 neque
1351 4786 1745 4832 tormentorum
1779 4779 2146 4847 experientiae,

576 4890 752 4944 neque
794 4875 1061 4929 bonorum
1097 4870 1382 4941 promissis
1427 4871 1743 4933 cessissent,
1775 4871 1868 4926 sed
1902 4872 2148 4926 eumdem

579 4976 779 5022 statum
816 4979 985 5034 usque
1013 4963 1079 5017 ad
1108 4972 1337 5017 mortem
1367 4976 1477 5031 prae
1506 4976 1564 5015 se
1596 4961 1869 5022 tulissent.
1904 4961 2151 5015 Severia-

580 5072 687 5111 nus
737 5055 903 5109 l'uerit
954 5054 1225 5122 praecipua
1274 5068 1437 5105 causa
1472 5068 1662 5106 eorum
1712 5052 2061 5107 tolerantiae:
2102 5063 2157 5106 et

580 5148 725 5219 quod
763 5162 888 5203 cum
929 5144 1125 5197 multas
1158 5142 1382 5197 haberet
1426 5142 1731 5207 facultates,
1769 5143 1976 5197 nullum
2008 5142 2155 5197 sine-

581 5249 668 5295 ret
696 5254 854 5311 egere
880 5253 946 5293 ex
988 5238 1056 5292 iis
1080 5238 1170 5305 qui
1202 5243 1361 5289 erant
1388 5233 1631 5304 ejusdem
1665 5235 1986 5299 sententiae;
2021 5233 2153 5302 quin

585 5332 748 5386 etiam
780 5344 875 5385 eos
903 5328 995 5397 qui
1038 5325 1457 5381 includebantur
1485 5326 1540 5379 in
1569 5326 1849 5388 custodiis,
1877 5337 2159 5396 prepterea

585 5416 734 5487 quod
788 5415 1052 5468 mutarint
1106 5413 1445 5483 religionem,
1499 5428 1607 5465 non
1659 5413 1884 5477 sineret,
1939 5427 2159 5484 propter

586 5523 772 5563 rerum
822 5503 1255 5559 necessariarum
1290 5503 1665 5573 indigentiam,
1719 5506 2001 5559 meliorum
2038 5522 2158 5561 sus-

587 5601 776 5670 cipere
812 5600 1136 5652 sententiam
1174 5611 1189 5649 :
1222 5597 1315 5649 sed
1366 5596 1573 5649 aﬂatim
1652 5597 1733 5650 eis
1786 5599 2160 5667 suppeditans,

589 5691 843 5747 redderet
894 5689 1345 5758 impudentiores.
1395 5689 1458 5741 Et
1507 5689 1621 5743 hzec
1668 5690 1883 5758 quidem
1939 5692 2161 5757 invidia,

596 5799 663 5839 ex
693 5785 929 5840 veritate
959 5797 1079 5838 sum

2234 3691 2295 3743 τὸ
2324 3688 2620 3759 τηνικαῦτα
2648 3687 2771 3753 δοὺξ
2804 3686 2901 3753 ὢν,
2926 3692 2988 3740 ἐκ
3012 3687 3349 3756 Καισαρείας
3375 3687 3633 3754 γενέσθαι
3671 3690 3823 3741 κατὰ

2235 3782 2333 3849 τὴν
2376 3778 2705 3832 Σεϐαστείαν
2758 3776 3018 3828 ἔσπευδεν
3040 3792 3052 3805 ·
3082 3775 3263 3827 ἐκάλει
3314 3778 3422 3845 γὰρ
3451 3778 3615 3830 αὑτὸν
3640 3782 3669 3832 6
3695 3797 3823 3833 xm-

2240 3870 2331 3940 ρδς
2354 3871 2460 3921 τῶν
2488 3867 2723 3936 Χριστοῦ
2758 3865 3072 3935 μαρτύρων,
3108 3864 3217 3917 τῶν
3259 3866 3611 3928 καλλινίκων,
3639 3875 3819 3940 φημὶ,

2237 3960 2663 4031 τεσσαράκοντα.
2706 3959 2791 4021 Ὠς
2825 3953 2917 4011 οὖν
2951 3956 3181 4020 ἐκείνοις
3207 3957 3265 4009 τὸ
3297 3956 3597 4027 μαρτύριον
3639 3962 3824 4030 πέρας

2240 4049 2375 4123 εἶχε,
2400 4051 2654 4122 γνώριμα
2687 4051 2762 4119 τῷ
2805 4050 2959 4104 δουκὶ
2985 4050 3080 4103 καὶ
3102 4048 3172 4102 τὰ
3206 4049 3332 4118 περὶ
3365 4050 3697 4120 Σευηριανοῦ
3732 4054 3825 4121 γί-

2240 4164 2406 4199 νεται.
2440 4146 2602 4215 Ἀνὴρ
2627 4145 2682 4196 δὲ
2704 4141 2857 4206 οὗτος
2888 4144 2984 4213 τὴν
3011 4142 3211 4214 ἀρετὴν
3238 4143 3543 4211 διαϐόητος.
3583 4146 3825 4213 Ἦγγέλ-

2240 4237 2362 4288 λετο
2384 4237 2438 4287 δὲ
2461 4238 2541 4288 ὃτι
2573 4238 2897 4305 Σευηριανὸς
2927 4230 3080 4295 οὗτος
3107 4236 3166 4285 οὐ
3202 4235 3361 4302 μόνον
3383 4234 3450 4285 τὰ
3467 4237 3828 4303 Χριστιανῶν

2244 4329 2329 4398 εἴη
2378 4326 2724 4399 πρασσεύων,
2774 4325 3073 4395 ἐξυϐρίζων
3128 4324 3184 4376 δὲ
3242 4324 3376 4393 πρὸς
3432 4325 3499 4375 τὰ
3541 4320 3825 4394 Ἑλλήνων

2246 4422 2672 4489 ἐπιφανέστατα,
2728 4416 2842 4471 ἀλλ’
2900 4417 2983 4471 ὅτι
3039 4416 3133 4471 καὶ
3172 4416 3404 4478 πολλοὺς
3434 4410 3573 4471 ὅσαθ
3612 4418 3823 4489 ἡμέραι

2246 4511 2351 4562 τῶν
2381 4512 2666 4581 ἡμετέρων
2691 4508 2978 4574 ἐξαπατῶν
3011 4508 3088 4577 τῷ
3119 4508 3314 4561 ἑαυτοῦ
3352 4510 3624 4577 προσάγει
3686 4510 3826 4580 Χρι-

2251 4603 2384 4673 στῷ.
2408 4602 2548 4672 Πρὸς
2578 4602 2786 4662 τούτοις
2816 4601 2908 4651 καὶ
2936 4598 3099 4659 ἄλλας
3134 4598 3282 4667 αὐτῷ
3318 4599 3653 4667 κατηγορίας
3684 4602 3830 4671 ἐπῆ-

2250 4711 2367 4761 γον,
2408 4694 2489 4745 ὅτι
2520 4707 2603 4755 τε,
2642 4690 2749 4741 τῶν
2774 4690 2879 4759 πρὸ
2914 4686 3110 4758 μικροῦ
3134 4686 3540 4758 τεσσαράκοντα
3562 4692 3829 4755 γενναίως

2251 4782 2682 4857 ἀνδρισαμένων,
2713 4781 2805 4834 καὶ
2840 4784 2976 4852 μήτε
3018 4780 3269 4851 βασάνων
3300 4779 3485 4850 πείρᾳ,
3516 4780 3654 4847 μήτε
3683 4781 3829 4847 ἀγα-

2254 4872 2360 4924 θῶν
2388 4870 2740 4937 ἐπαγγελίαις
2806 4867 3351 4934 ἐνδεδωκότων,ἀλ).ὰ
3379 4868 3545 4939 μέχρι
3584 4869 3829 4923 θανάτου

2252 4964 2636 5031 διενεγκόντων
2658 4964 2757 5032 τὴν
2783 4962 3055 5026 ἔνστασιν,
3084 4960 3415 5031 Σευηριανὸς
3441 4960 3525 5025 εἴη
3559 4965 3660 5029 τῆς
3683 4980 3828 5033 καρ-

2250 5057 2435 5126 τερίας
2488 5057 2685 5123 ταύτης
2715 5056 2743 5106 6
2782 5052 3125 5117 αἰτιώτατος,
3149 5054 3242 5105 καὶ
3273 5054 3375 5111 ὅτι,
3418 5058 3575 5121 φησι,
3614 5055 3832 5108 πολλῶν

2254 5148 2546 5218 χρημάτων
2582 5147 2766 5217 κύριος
2803 5144 2877 5198 ὣν
2907 5144 3095 5197 οὐδένα
3127 5142 3233 5194 τῶν
3259 5142 3535 5213 ὁμοδόξων
3563 5146 3827 5199 πένεσθαι

2255 5239 2493 5307 παρορᾷ,
2520 5237 2656 5289 ἀλλὰ
2713 5234 2807 5287 καὶ
2837 5237 2964 5296 τοῦς
2999 5235 3057 5285 ἂν
3090 5232 3363 5301 φυλακαῖς
3425 5233 3834 5305 κατακλειομέ-

2256 5349 2377 5393 νους
2415 5328 2503 5381 διὰ
2552 5329 2653 5395 τὴν
2700 5331 2762 5380 ἐκ
2804 5326 2900 5395 τῆς
2957 5324 3254 5396 θρησκείας
3302 5324 3483 5375 αὐτῶν
3538 5324 3835 5391 μετάθεσιν

2255 5424 2353 5474 οὐκ
2392 5422 2456 5490 ἐᾷ
2487 5423 2551 5491 τῇ
2584 5420 2763 5491 ἐνδείᾳ
2804 5418 2914 5471 τῶν
2961 5417 3277 5483 ἀναγκαίων
3324 5415 3599 5483 φρονῆσαί
3634 5434 3686 5469 τι
3716 5418 3838 5484 βέλε-

2256 5530 2391 5576 τιον,
2410 5510 2545 5562 ἀλλὰ
2574 5510 2807 5579 δαψιλῶς
2830 5507 3084 5577 παρέχων
3110 5504 3486 5575 ἰταμωτέρους
3512 5507 3831 5573 καθίστησι.

2261 5607 2368 5656 Καὶ
2395 5603 2564 5654 ταῦτα
2584 5604 2679 5672 μὲν
2710 5604 2736 5654 6
2767 5600 2964 5670 φθόνος
2998 5600 3062 5651 ἐκ
3104 5596 3205 5665 τῆς
3231 5595 3494 5667 ἀληθείας
3527 5596 3832 5666 λαμϐάνων

2262 5699 2356 5758 τὰς
2390 5696 2665 5779 ἀφορμάς.
