3970 6474
132 415 221 476 641
1233 410 1697 471 MARTYRIUM
1738 410 1779 469 S
1841 409 2279 472 SEVERIANI.
3272 412 3377 475 “2

191 524 262 579 B’.
306 522 373 577 Ἦ
401 522 456 574 δὲ
482 522 572 574 τοῦ
599 524 789 587 δουκος
826 521 970 593 ἀκοὴ
1024 521 1237 590 ἐδέχετο
1264 512 1334 574 τά
1358 519 1704 588 προσαγγελ-

1881 520 1948 576 ll.
1981 520 2110 586 Quae
2148 535 2282 576 vero
2312 521 2727 585 nuntiabantur,
2782 522 2889 577 dux
2932 522 3124 588 audiit,
3181 523 3378 594 partim

128 618 344 685 λόμενα.
381 614 542 667 τοῦτο
574 615 672 684 μὲν
704 614 966 683 ήδομίνη,
991 611 1223 666 τοῦτοδὲ
1252 612 1347 663 καὶ
1372 612 1508 680 πρὸς
1534 610 1704 679 ὀργὴν

1814 613 2021 681 quidem
2056 614 2229 675 lzetus,
2262 615 2461 683 partim
2508 618 2687 668 autem
2718 614 2782 668 ad
2820 616 2953 667 iram
3010 615 3262 684 protinus
3296 612 3382 668 in-

130 708 283 768 εὐθὺς
338 706 723 776 ἑρεθιζομένη.
785 706 983 759 Ἦδετο
1046 703 1144 774 μὲν
1166 702 1275 771 γὰρ
1303 698 1383 764 οἷς
1416 705 1509 754 καὶ
1544 700 1705 764 αὖθις

130 796 375 861 κολάζειν
394 797 646 867 ἔμελλεν,
666 798 802 866 ὅπερ
824 792 892 866 ἦν
916 794 1066 864 αὐτῷ
1095 794 1164 848 δι’
1186 793 1469 862 ὠμότητος
1489 784 1707 862 reprcu-

135 888 256 940 σίαν
308 886 371 940 τὸ
425 887 820 959 χαριέστατον
870 886 1094 961 ἐξήγετο
1124 885 1181 938 δὲ
1214 888 1351 955 πρὸς
1407 886 1577 954 ὀργὴν
1623 880 1704 947 οἷς

130 979 261 1040 ὃλως
300 978 610 1047 ἐμάνθανεν
640 974 781 1031 εἷναί
802 994 922 1031 τινα
940 977 1034 1031 τὸν
1062 976 1371 1047 θαρροῦντα
1386 978 1484 1045 τῆς
1508 976 1705 1028 τοσαύ-

129 1086 222 1136 της
293 1070 462 1123 αὐτοῦ
520 1069 715 1139 μανίας
771 1069 1066 1138 ὑπεριδεῖν.
1129 1068 1408 1122 Ἐϐούλετο
1444 1069 1572 1139 γὰρ
1611 1068 1704 1121 καὶ

133 1159 265 1229 μόνῃ
297 1158 364 1227 τῇ
412 1159 569 1229 φήμῃ
616 1159 715 1229 τῆς
766 1157 1091 1229 ἀγριότητος
1150 1158 1277 1219 τοὺς
1328 1158 1417 1210 τὸν
1467 1158 1703 1224 Χριστὸν

131 1249 568 1318 προσκυνοῦντας
592 1250 962 1321 ὑποπτήσσειν
986 1249 1168 1313 αὐτὸν,
1191 1250 1287 1302 καὶ
1312 1250 1389 1309 sl;
1440 1250 1700 1318 ἐσχάτους

133 1344 335 1410 μυχοὺς
366 1341 812 1411 ἀποκρύπτεσθαι
840 1358 853 1370 ·
886 1342 971 1393 ἴνα
998 1340 1055 1393 δὲ
1082 1343 1175 1392 καί
1200 1340 1274 1409 μὴ
1299 1340 1477 1409 μάτην
1498 1340 1700 1404 Λυσιας

131 1436 559 1505 κατονομάζοιτο
582 1437 799 1506 (ἐλύττα
825 1438 935 1504 γάρ
968 1435 1107 1487 κατὰ
1132 1434 1475 1505 Χριστιανῶν
1502 1432 1701 1487 λύτταν

131 1526 387 1603 ἄμαχον),
422 1526 741 1579 ἀποστέλλει
762 1526 915 1586 τινὰς
940 1526 1079 1595 μετὰ
1106 1526 1337 1596 φοϐεροῦ
1393 1524 1485 1578 τοῦ
1520 1526 1705 1578 κελεύ-

135 1636 338 1687 σματος
371 1622 722 1691 ἀνάρπαστον
791 1622 993 1675 αὐτίκα
1053 1623 1382 1692 Σευηριανὸν
1452 1623 1701 1687 ἄξοντας.

130 1712 189 1762 Τί
217 1710 276 1762 δὲ
312 1711 469 1764 6:05
522 1713 763 1784 Χριστοῦ
824 1714 1203 1783 στρατιώτης;
1254 1697 1387 1766 Οὐδὲ
1451 1714 1701 1782 ἀνέμεινε

129 1804 247 1864 τοὺς
293 1803 674 1871 πεμφθέντας,
704 1804 844 1858 ἀλλὰ
879 1807 1092 1873 φθάσας
1140 1805 1317 1859 αὐτῶν
1363 1805 1462 1873 τὴν
1518 1806 1701 1873 ἄφιξιν

130 1893 202 1963 τῷ
254 1896 411 1949 δουκὶ
444 1898 716 1966 παρέστη,
752 1899 847 1949 καὶ
884 1896 1196 1966 παρῤησίας
1227 1892 1365 1949 εἶναι
1391 1896 1482 1949 τὸν
1513 1898 1703 1965 καιρὸν

133 1982 489 2053 λογισάμενος
526 2024 541 2048 ,
578 1981 648 2036 Ὢ
683 1987 877 2047 Λυσία,
930 1988 1114 2054 φησὶν,
1166 1985 1261 2054 οὐχ
1299 1988 1479 2039 ἱκανόν
1514 2004 1595 2039 σοι
1644 1987 1704 2040 τὸ

135 2077 293 2143 μόνον
316 2075 653 2129 ἀπόλλυσθαι
686 2078 776 2129 καὶ⁸
812 2078 952 2130 κατὰ
996 2078 1222 2132 σεαυτοῦ
1253 2078 1313 2132 τὸ
1338 2079 1488 2147 ξίφος
1520 2076 1704 2143 ὠθεῖν,

133 2167 265 2217 ἀλλὰ
303 2170 397 2219 καὶ
427 2169 523 2229 τὰς
550 2170 820 2239 ἡμετέρας
848 2169 1023 2237 βούλει
1080 2171 1457 2240 παραπολέσαι
1505 2172 1701 2240 ψυχὰς,

133 2256 321 2318 καὶώς
350 2257 585 2327 ἕρμαιόν
639 2277 691 2314 τι
748 2262 950 2325 ταύτας
1008 2264 1118 2323 τοῖς
1177 2262 1399 2330 δαίμοσι
1429 2266 1540 2325 τοῖς
1591 2266 1704 2325 σοῖς

134 2352 466 2418 παρασχεῖνς
516 2352 656 2403 Ἀλλ’
695 2353 805 2405 ἴσθι
846 2355 942 2423 μὲν
971 2356 1044 2416 ὡς
1100 2354 1201 2407 οὐκ
1247 2354 1532 2422 άγεννόσιν
1587 2353 1705 2405 οὐδὲ

134 2441 486 2510 μικροψύχοις
541 2445 885 2514 περιτύχοιςο
920 2448 1045 2515 ιμοὶ
1104 2447 1212 2514 γὰρ
1268 2445 1412 2499 κατὰ
1453 2448 1543 2499 τὸν
1576 2447 1707 2515 ἐμὸν

131 2533 445 2588 διδάσκαλον
504 2536 712 2589 Παῦλον
787 2539 851 2589 τὸ
911 2536 1020 2603 ζῇν·
1076 2538 1349 2602 Χριστὸς,
1408 2540 1499 2590 καὶ
1534 2540 1601 2589 τὸ
1632 2538 1705 2589 δι’

133 2624 362 2677 ἐκεῖνον
389 2626 719 2679 ἀποθανεῖν
751 2625 962 2693 κέρδος
991 2626 1301 2694 μέγιστον.

195 2797 269 2851 ν’.
292 2799 519 2864 Τούτοις
548 2802 575 2853 ὁ
594 2802 834 2873 ἀθλητὴς
858 2805 951 2855 τὸν
978 2806 1075 2875 τῆς
1100 2805 1360 2868 ἀπονοίας
1379 2804 1590 2876 πύργον
1618 2809 1709 2860 εν-

136 2888 225 2951 Θῦς
259 2892 504 2945 ἐνέσεισε
538 2893 632 2946 τοῦ
667 2895 991 2965 ἀλάστορος,
1023 2897 1181 2949 τοῦτο
1209 2898 1307 2965 μὲν
1336 2898 1419 2949 ὅτι
1470 2900 1600 2967 παρ’
1624 2899 1702 2949 ὲλ·

136 2982 257 3036 πίδα
290 2984 473 3037 πᾶσαν
515 2985 651 3054 μηδὲ
694 2985 960 3054 κληθῆναι
1010 2988 1336 3054 περιμείνας
1389 2988 1705 3054 ἀπήντηκ’

135 3075 287 3127 τοῦτο
318 3075 377 3127 δὲ
416 3076 500 3128 ὅτι
542 3077 635 3128 καὶ
662 3076 874 3145 ἀπίστῳ
898 3076 1068 3147 τόλμῃ
1112 3077 1245 3146 παρ’
1276 3077 1410 3130 αὐτὸ
1440 3076 1503 3129 τὸ
1532 3077 1707 3146 φανῆο

138 3183 220 3217 ναι
252 3168 416 3235 μόνον
444 3166 737 3235 ἐχρήσατο.
784 3166 1026 3221 Ἐσιώπα
1076 3169 1209 3237 γοῦν
1246 3169 1331 3237 ἐφ’
1361 3170 1545 3223 ἱκανὸν
1595 3175 1707 3233 τοῖς

138 3257 275 3319 ὅλοις
306 3255 611 3324 διαπορῶν.
667 3254 803 3311 Εἶτα
844 3259 1015 3310 δεινὸν
1070 3259 1349 3327 ἐμϐλέψας
1396 3262 1508 3322 τοῖς
1569 3277 1709 3328 παρ-

142 3346 355 3409 εστῶσι,
383 3346 478 3399 καὶ
497 3348 563 3416 τῇ
587 3348 731 3421 χειρί
760 3346 1090 3418 παραδείξας
1120 3346 1211 3401 τὸν
1247 3350 1504 3419 μάρτυρα
1528 3364 1541 3379 ·
1574 3349 1713 3401 Νεύ-

141 3457 269 3509 ροις,
302 3438 485 3505 εἶπεν,
548 3442 719 3512 ὠμοῖς
744 3440 817 3505 ὡς
856 3442 1017 3510 τάχος
1040 3441 1472 3506 καταξαινέσθω,
1493 3440 1579 3494 ἴνα
1607 3442 1712 3495 κᾶν

138 3532 299 3595 οὕτως
333 3532 596 3601 αἴσθηται
627 3534 754 3585 οἴων
795 3531 944 3601 αύτῷ
993 3532 1255 3601 πρόξενον
1315 3532 1377 3585 τό
1425 3537 1715 3604 πεπαῤῥη-

140 3614 355 3674 σιάσθαὶ
405 3624 480 3690 μὴ
528 3623 668 3673 κατὰ
721 3624 913 3691 καιρὸν
946 3622 1176 3689 γίνεται.
1239 3620 1298 3675 Ὀ
1334 3624 1433 3692 μὲν
1461 3623 1525 3692 δὴ
1569 3624 1711 3675 οὓτω

139 3714 471 3781 τυπτόμενος
503 3712 719 3783 ἔχαιρεν
746 3707 824 3775 οἷς
854 3713 993 3783 ὑπὲρ
1018 3712 1255 3782 Χριστοῦ
1290 3715 1389 3777 τὰς
1443 3713 1712 3785 βασάνους

142 3805 529 3874 ὑπέφερε,καὶ
580 3804 639 3857 ἰδ
688 3805 963 3875 ψαλμικὸν
1024 3807 1203 3858 ἐκεῖνο
1258 3805 1510 3876 καθάπερ
1571 3807 1712 3878 ᾠδὴν

142 3896 459 3961 ἀλεξίκακον
486 3896 652 3967 ἐπῇδε
684 3900 791 3960 τοῖς
820 3896 1133 3967 τραύμασιν
1154 3939 1168 3964 ,
1202 3898 1327 3950 Ἐπὶ
1360 3898 1478 3951 τῶν
1511 3900 1714 3951 νώτων

136 4007 268 4055 μου,
287 3990 487 4057 λέγων,
517 3988 858 4041 ἐτέκταινον
886 3992 940 4041 οἱ
976 3990 1333 4057 ἁμαρτωλοὶ,
1367 3988 1712 4056 ἐμὰκρυναν

145 4081 248 4145 τὴν
270 4080 531 4146 ἀνομίαν
563 4076 789 4131 αὐτῶν·
822 4078 915 4131 καὶ
945 4078 1041 4139 τὰς
1075 4078 1287 4148 πληγάς
1318 4082 1558 4132 ἐποιεῖτο
1612 4080 1713 4150 τῆς

144 4175 270 4241 πρὸς
302 4169 540 4240 Χριστὸν
571 4170 789 4242 ἀγάπης
830 4171 1190 4240 ὑπέκκαυμα.
1232 4170 1290 4223 Ὀ
1346 4171 1606 4242 τύραννος
1656 4173 1713 4225 δὲ

144 4265 258 4316 ἐπεὶ
294 4266 423 4325 τοὺς
458 4264 819 4334 μαστίζοντας
852 4262 1002 4333 ἐώρα
1037 4265 1349 4335 κάμνοντας
1373 4267 1597 4336 μᾶλλον,
1621 4266 1712 4317 τὸν

148 4355 395 4426 μάρτυρα
428 4357 485 4409 δὲ
512 4357 589 4427 τῷ
645 4357 875 4427 πάσχειν
916 4357 1281 4428 φαιδροτέραν
1335 4358 1432 4427 τὴν
1462 4357 1585 4425 ὄψιν
1637 4357 1714 4429 τῷ

146 4450 280 4514 φωτὶ
309 4448 597 4501 δεικνύντα
633 4448 725 4499 τοῦ
752 4449 1087 4517 πνεύματος,
1115 4450 1225 4501 τῶν
1268 4449 1550 4519 μαστίγων
1576 4450 1705 4503 ἀνε-

1807 702 2023 754 citatus.
2068 700 2203 755 Nam
2255 702 2539 757 ketabalur
2589 704 2834 772 quidem,
2885 705 3027 774 quod
3072 720 3191 759 mox
3234 715 3383 759 esset

1807 790 2112 859 puniturus,
2171 794 2315 861 quod
2375 804 2596 863 propter
2655 810 2927 849 summam
2996 796 3380 850 crudelitatem

1804 891 1925 935 erat
1970 882 2017 935 ei
2060 883 2519 949 jucundissimum
2567 900 2582 939 :
2637 883 2715 937 ira
2746 891 2925 936 autem
2982 885 3381 945 concitabatur.

1806 973 1949 1041 quod
2004 973 2325 1044 intelligeret
2374 976 2597 1028 omnino
2630 990 2750 1030 esse
2780 975 3039 1045 aliquem,
3076 977 3169 1044 qui
3207 978 3380 1031 aude-

1806 1074 1889 1118 ret
1917 1066 2198 1133 desiiicere
2246 1074 2449 1119 tantam
2487 1067 2608 1135 ejus
2647 1068 2937 1121 insaniam.
2973 1066 3208 1123 Volebat
3239 1070 3380 1123 enim

1807 1154 1890 1206 vel
1923 1156 2035 1208 sola
2090 1156 2231 1209 fama
2271 1157 2567 1211 auditionis
2597 1173 2690 1212 eos
2728 1160 2818 1229 qui
2853 1158 3132 1213 Christum
3186 1162 3383 1215 adora-

1806 1245 1957 1305 bant,
1992 1247 2168 1312 ipsum
2219 1240 2535 1312 lormidare,
2581 1259 2634 1303 et
2681 1251 2738 1303 in
2788 1255 3048 1307 extremis
3089 1255 3253 1309 latere
3295 1272 3385 1325 pe-

1806 1336 2103 1393 netralibus
2155 1347 2208 1391 et
2261 1338 2522 1396 latibulis.
2560 1339 2639 1397 Ne
2684 1351 2865 1397 autem
2904 1353 3110 1400 temere
3157 1348 3385 1418 appella-

1806 1436 1955 1480 retur
2015 1426 2201 1498 Lysias
2232 1429 2390 1500 (erat
2427 1433 2573 1487 enim
2612 1435 2920 1491 vehementi
2951 1438 3100 1492 rabie
3143 1440 3385 1509 percitus

1805 1520 2067 1575 adversus
2111 1520 2513 1593 Christianos),
2549 1527 2718 1582 mittit
2765 1530 3027 1598 quosdam
3066 1545 3193 1587 cuiu
3226 1532 3382 1601 jussu

1807 1614 2056 1679 terribili,
2116 1616 2208 1685 qui
2260 1614 2617 1672 Severianum
2658 1635 2785 1674 mox
2817 1622 3142 1689 arriperent,
3211 1632 3267 1677 et
3314 1624 3380 1676 ad

1805 1721 1865 1761 se
1926 1708 2281 1764 adducerent.
2342 1710 2484 1775 Quid
2546 1722 2728 1766 autem
2791 1712 2999 1767 Christi
3060 1713 3250 1768 miles?
3304 1713 3384 1770 Ne

1804 1798 2144 1865 exspectavit
2201 1799 2419 1867 quidem
2478 1815 2572 1854 eos
2626 1801 2717 1870 qui
2780 1801 2933 1855 missi
2988 1801 3227 1867 fuerant,
3288 1805 3386 1858 sed

1805 1903 1996 1941 eorum
2049 1890 2344 1944 adventum
2387 1891 2713 1961 autieipans,
2764 1895 2998 1948 accessit
3048 1895 3114 1947 ad
3162 1894 3382 1957 ducem,

1805 1989 1859 2035 et
1900 1986 2156 2049 reputans
2193 1994 2316 2034 esse
2370 1991 2586 2049 tempus
2626 1983 2882 2051 loquendi
2922 1986 3092 2039 libere
3127 1985 3214 2040 :0
3276 1984 3385 2055 Ly-

1805 2072 1907 2136 sia,
1956 2072 2153 2139 inquit,
2198 2086 2305 2125 non
2353 2071 2549 2125 sufﬁcit
2599 2072 2692 2125 tibi
2737 2072 2914 2127 solum
2964 2073 3145 2142 perire
3223 2084 3279 2127 et
3327 2076 3381 2128 in

1808 2166 2040 2233 teipsum
2076 2179 2264 2219 ensem
2300 2164 2601 2234 impellere,
2651 2163 2748 2219 sed
2795 2176 3011 2220 nostras
3058 2167 3139 2220 vis
3172 2182 3388 2235 quoque

1806 2256 2033 2320 perdere
2082 2258 2314 2316 animas,
2355 2264 2409 2308 et
2460 2271 2551 2309 eas
2594 2264 2847 2323 tanquam
2903 2258 3111 2311 lucrum
3166 2255 3385 2326 aliquod

1810 2347 1915 2401 tuis
1956 2347 2197 2415 pra-.bere
2231 2346 2569 2400 daemonibus
2597 2346 2619 2398 ?
2646 2344 2755 2400 Sed
2787 2346 2929 2402 scias
2974 2363 3118 2401 nunc
3155 2358 3207 2402 te
3245 2350 3389 2402 inei-

1808 2438 1956 2495 disse
2002 2439 2055 2491 in
2104 2440 2249 2493 viros
2294 2436 2487 2501 tortes,
2538 2446 2593 2492 et
2636 2438 2729 2507 qui
2776 2452 2887 2492 non
2933 2449 3063 2493 sunt
3106 2440 3287 2509 pusilli
3331 2451 3389 2495 et

1808 2532 2007 2600 abjeeti
2063 2531 2250 2585 animi.
2312 2530 2437 2583 Mihi
2501 2533 2648 2585 enim
2704 2532 2803 2592 (ut
2856 2532 2933 2584 ait
2986 2531 3384 2588 meus-doctor

1808 2620 2036 2691 Paulus)
2082 2623 2247 2675 vivere
2288 2631 2362 2675 est
2407 2621 2667 2685 Christus,
2719 2631 2772 2675 et
2819 2632 3041 2690 propter
3072 2624 3221 2677 illum
3253 2625 3389 2678 mori

1810 2714 2012 2767 lucrum
2043 2724 2125 2767 est
2158 2714 2449 2766 maximum
2475 2714 2517 2765 ‘.

1883 2808 1971 2862 Ill.
2018 2806 2113 2861 His
2144 2807 2345 2861 athleta
2374 2804 2623 2860 amentia
2651 2801 2837 2860 are’em
2873 2805 3056 2859 statim
3092 2804 3389 2860 labefacta-

1817 2900 1894 2951 vit
1955 2898 2119 2965 hujus
2183 2896 2604 2960 eaeodaemonis,
2677 2896 2870 2965 partim
2934 2897 3183 2966 quidem,
3245 2897 3391 2966 quod

1812 2998 2009 3057 praeter
2056 3003 2207 3055 spem
2257 3003 2500 3049 omnem,
2548 3000 2616 3041 ne
2674 2990 3006 3057 exspectavit
3059 2990 3279 3057 quidem
3332 3000 3392 3045 ut

1812 3088 2126 3144 vocaretur;
2180 3079 2373 3147 partim
2428 3088 2609 3132 autem
2683 3079 2826 3147 quod
2878 3079 3007 3133 dum
3065 3082 3390 3149 comparuit,

1820 3170 2122 3225 incredibili
2155 3185 2286 3225 usus
2322 3179 2403 3225 est
2431 3169 2675 3225 audacia.
2721 3169 2888 3226 Siluit
2925 3171 3107 3241 itaque
3148 3170 3393 3243 aliquan-

1820 3263 2011 3326 tulum,
2046 3267 2201 3329 plane
2246 3262 2413 3315 animi
2465 3261 2667 3315 dubius
2714 3271 2768 3315 et
2816 3262 3128 3331 perplexus.
3183 3261 3390 3319 Deinde

1814 3369 1909 3409 eos
1937 3354 2027 3423 qui
2061 3355 2308 3415 aderant,
2340 3351 2670 3405 horribiliter
2698 3352 2937 3417 intuens,
2970 3361 3024 3408 et
3054 3368 3216 3407 manu
3248 3368 3393 3407 mar-

1814 3457 1988 3519 tyrem
2039 3443 2333 3505 ostendens
2362 3460 2375 3497 :
2409 3441 2622 3505 Crudis,
2656 3444 2849 3515 inquit,
2883 3444 3067 3499 nervis
3097 3446 3383 3515 quampri-

1816 3554 1963 3593 mum
1997 3538 2290 3599 laceretur,
2338 3545 2395 3590 ut
2437 3535 2595 3601 sciat,
2641 3534 2901 3604 quidnam
2933 3534 3193 3590 conciliet
3224 3537 3392 3590 libere

1814 3629 1961 3697 loqui
1998 3644 2107 3682 non
2145 3628 2199 3680 in
2234 3638 2501 3695 tempore.
2541 3631 2719 3697 Atque
2753 3627 2841 3681 ille
2878 3627 3118 3697 quidem,
3149 3628 3276 3681 dum
3310 3629 3391 3683 sic

1814 3722 2229 3784 verberabatur,
2258 3719 2545 3773 laetabatur
2593 3721 2901 3783 tormentis,
2932 3734 3051 3788 quae
3090 3719 3394 3774 sustinebat

1816 3823 2039 3887 propter
2081 3812 2384 3874 Christum,
2432 3819 2488 3865 et
2535 3808 2661 3863 illttd
2711 3809 3051 3878 psaltnicum,
3103 3818 3364 3876 tanquam

1815 3908 2049 3962 salutare
2086 3902 2410 3964 remedium,
2456 3902 2694 3956 atl‘erens
2743 3916 2988 3967 carmen,
3036 3902 3288 3956 cantabat
3316 3902 3385 3956 ad

1814 4000 2082 4053 vulnera:
2115 3993 2291 4061 Supra
2335 3993 2549 4045 dorsum
2590 4009 2787 4055 meum,
2835 3993 3041 4055 dicens,
3086 3991 3389 4061 fabricatae-

1816 4096 1935 4140 rtmt
1966 4092 2279 4155 peccatores,
2321 4080 2758 4151 prolongaverunt
2793 4081 3125 4150 iniquitatem
3149 4096 3301 4133 suam
3331 4081 3389 4145 ’ς

1817 4188 1872 4234 et
1909 4179 2090 4247 plagas
2141 4174 2378 4229 ducebat
2426 4187 2545 4226 esse
2598 4173 3011 4227 incitamentum
3068 4172 3134 4226 ad
3188 4171 3389 4226 Christi

1820 4269 2196 4327 dilectionem.
2261 4264 2545 4331 Tyrannus
2609 4272 2790 4318 autem
2856 4279 2981 4318 cum
3037 4263 3244 4317 videret
3295 4277 3391 4317 eos

1816 4364 2034 4435 quidem
2078 4375 2202 4417 esse
2246 4359 2437 4423 fessos,
2483 4357 2574 4428 qui
2623 4356 2804 4428 ﬂagris
2841 4356 3164 4411 caedebant:
3195 4365 3392 4426 marty-

1818 4470 1935 4510 rem
1996 4468 2126 4508 vero
2179 4466 2301 4506 esse
2355 4450 2507 4505 vultu
2580 4450 2899 4503 alaeriorem
2954 4450 3074 4501 luce
3142 4449 3389 4516 spiritus,

147 4538 297 4606 θῆναι
328 4537 731 4593 διακελεύεται.
783 4534 912 4589 Εἶτα
940 4540 1074 4609 πρὸς
1106 4541 1165 4592 τὸ
1195 4542 1498 4611 πραότερον
1553 4544 1709 4614 δῆθεν

1814 4546 1970 4617 jubet
2013 4557 2139 4597 eum
2176 4539 2409 4595 relaxari
2436 4555 2465 4592 a
2517 4539 2860 4617 verberibus.
2892 4533 3096 4591 Deinde
3125 4553 3246 4589 ctnn
3278 4545 3391 4589 tra-

151 4634 468 4696 μεταῦαλών
493 4650 504 4663 ’
531 4633 645 4685 Οὐκ
680 4630 933 4699 ἀσθενὴς,
964 4633 1093 4701 ἔφη,
1119 4630 1169 4684 εἶ
1197 4634 1564 4704 στρατιώτης,
1588 4637 1713 4689 ὅσον

150 4724 251 4773 ἀπο
275 4722 374 4789 τῆς
409 4722 634 4790 πρώτης
680 4724 874 4791 πείραις
926 4721 1141 4792 μαθεῖν,
1197 4722 1334 4775 ἀλλὰ
1384 4724 1719 4795 ὲρῤωμένως

150 4815 282 4884 ἒχων
314 4815 409 4867 καὶ
440 4812 731 4883 ἀνδρικῶς,
762 4817 855 4867 καὶ
903 4817 1039 4882 πρὸς
1088 4814 1335 4869 κίνδυνον
1370 4817 1721 4887 παραϐαλέσ-

154 4906 241 4958 θαῖ
271 4909 591 4976 δυνάμενος.
626 4904 845 4968 Ἔξεστι
875 4904 931 4955 δέ
958 4921 1040 4956 σοι
1086 4910 1197 4967 τοῖς
1234 4906 1471 4975 παροῦσι
1529 4907 1722 4974 μαθεῖν

154 4991 225 5052 ὡς
248 4994 345 5045 οὐκ
376 4989 712 5061 εὐφροσύνης
752 4993 913 5056 τινὸς,
960 4991 1081 5043 οὐδὲ
1116 4992 1297 5056 δεξιᾶς
1322 4994 1491 5063 τύχης
1524 4996 1551 5046 ὁ
1583 4996 1719 5064 Χρι·

157 5086 274 5145 στός
314 5101 395 5137 σοι
453 5085 763 5152 καθέστηκε
824 5086 1109 5154 πρόξενος.
1152 5086 1211 5137 '0
1232 5085 1289 5137 δὲ
1339 5086 1546 5155 μάρτυς
1590 5087 1719 5147 ἀνα-

156 5177 429 5245 θαρσήσᾳς
461 5178 686 5247 μᾶλλον,
712 5176 802 5228 καὶ
838 5172 950 5229 οἷον
972 5177 1284 5246 εὐστομωτέ
1297 5192 1395 5245 ραν
1426 5176 1523 5246 τὴν
1550 5177 1720 5243 γλῶτ-

155 5286 254 5323 ταν
272 5271 335 5339 τῇ
366 5272 538 5340 πείρᾳ.
583 5269 692 5321 τῶν
715 5268 981 5334 ἀλγεινῶν
1011 5269 1381 5338 ποιησάμενος
1400 5283 1416 5298 ⁸
1440 5267 1509 5319 Εἰ
1528 5284 1623 5319 σου
1655 5267 1721 5319 τά

156 5365 253 5428 τῆς
279 5361 475 5429 ψυχῆς,
506 5357 682 5426 εἶπεν,
702 5360 925 5429 ὕμματα
968 5361 1042 5427 μὴ
1076 5361 1154 5429 τῷ
1190 5361 1371 5413 σκότει
1402 5360 1499 5429 τῆς
1531 5360 1722 5411 δυσσε-

158 5450 301 5512 ϐείας
352 5448 680 5517 ἠμαύρωτο,
710 5450 893 5513 ἔδειξα
942 5448 1012 5502 ἄν
1066 5465 1149 5500 σοι
1192 5450 1331 5501 ὅσων
1378 5448 1597 5515 ἀγαθῶν
1630 5464 1720 5516 μοι

158 5547 382 5613 κατέστη
412 5539 678 5611 πρόξενος
710 5540 777 5609 ἢν
808 5541 1085 5608 ἐπήγαγες
1116 5539 1411 5610 τιμωρίαν.
1441 5540 1554 5592 Νῦν
1578 5540 1633 5591 δὲ
1671 5539 1722 5590 τι

160 5634 222 5685 ἂν
254 5638 469 5707 πάθοιμι
503 5632 614 5700 πρὸ
647 5632 848 5700 τυφλοῦ
877 5635 1082 5702 φαίνων
1108 5636 1203 5687 καὶ
1234 5633 1375 5704 ᾄδων
1401 5634 1493 5686 ἐπὶ
1514 5632 1680 5703 κωφῷ
1706 5648 1719 5697 ;

263 5814 274 5840 ¹
312 5810 545 5883 Philipp.
575 5826 615 5879 i,
646 5807 739 5865 2|.
853 5812 873 5841 '
904 5811 1048 5868 Psal.
1081 5824 1307 5877 ουτω,
1336 5812 1391 5867 5.

1817 4614 2015 4693 ductus
2061 4643 2205 4689 esset
2252 4632 2322 4687 ad
2378 4614 2854 4686 mansuetudinem
2887 4644 2901 4683 :
2934 4628 3051 4683 Non
3081 4644 3159 4694 es,
3214 4629 3393 4698 inquit

1816 4731 1949 4791 dux,
2008 4728 2164 4782 miles
2215 4730 2461 4797 ignavus,
2510 4733 2773 4793 quantum
2830 4731 3010 4791 potest
3049 4723 3273 4791 intelligi
3326 4738 3392 4775 ex

1817 4821 1990 4889 prima
2043 4817 2408 4885 experientia,
2459 4812 2554 4867 sed
2599 4812 2758 4865 fortis
2802 4820 2857 4865 et
2901 4823 3182 4872 strenuus,
3211 4822 3266 4865 et
3296 4812 3390 4879 qui

1819 4920 1973 4979 putes
2016 4906 2277 4961 audacter
2320 4903 2472 4957 adire
2521 4902 2784 4972 pericula.
2817 4899 2978 4955 Potes
3023 4916 3205 4953 antem
3247 4900 3391 4954 scire

1821 5015 1887 5054 ex
1950 4996 2334 5067 praesentibus,
2401 4993 2543 5063 quod
2608 4994 2814 5046 nullam
2890 4991 3155 5053 laetitiam,
3219 5000 3392 5059 neque

1824 5104 2143 5157 prosperam
2194 5088 2427 5155 aliquam
2474 5084 2751 5138 fortunam
2789 5084 2885 5138 tibi
2920 5083 3175 5137 Christus
3208 5082 3394 5137 conci-

1820 5180 1942 5235 liet.
1987 5179 2183 5248 Martyr
2236 5187 2417 5231 autem
2465 5179 2646 5231 animo
2696 5176 2865 5243 magis
2914 5176 3290 5236 conlirmatus,
3338 5184 3394 5227 et

1820 5281 1881 5325 ut
1913 5271 2005 5340 qui
2054 5284 2237 5323 rerum
2271 5283 2584 5339 asperarum
2618 5266 2973 5337 perpessione
3008 5267 3245 5333 linguam
3278 5280 3393 5319 ma-

1823 5362 1904 5432 gis
1953 5360 2193 5415 acuisset
2247 5378 2260 5413 :
2317 5356 2373 5410 Si
2422 5357 2587 5421 oculi,
2637 5357 2838 5426 inquit,
2890 5357 3084 5411 anima:
3135 5365 3239 5409 tua:
3284 5370 3391 5410 non

1828 5461 2016 5509 essent
2074 5450 2311 5506 hebetati
2370 5450 2613 5505 tenebris
2662 5450 2978 5521 impietatis,
3031 5451 3391 5505 ostendissem

1831 5545 1951 5605 tibi.
1992 5557 2152 5614 quam
2199 5541 2368 5597 multa
2413 5542 2555 5595 bona
2606 5542 2741 5595 mihi
2788 5541 3138 5595 conciliasset
3164 5542 3215 5595 id
3246 5540 3393 5609 quod

1832 5636 1965 5691 mihi
2006 5633 2243 5691 intulisti
2286 5633 2635 5705 supplicium.
2681 5630 2839 5688 Nunc
2868 5642 3050 5688 autem
3081 5632 3207 5701 quid
3240 5645 3395 5702 agam
