3970 6444
602 371 712 437 643

1833 363 2117 425 MENSIS
2157 365 2637 429 SEP’I‘EMBER.

3763 370 3868 435 644

601 499 746 539 ειεοο
792 481 1116 553 prmlueens,
1164 488 1218 533 ct
1268 478 1435 533 surdo
1468 476 1713 530 canens?
1743 475 1798 528 Si
1852 477 2000 529 enim
2058 491 2167 530 non

2284 482 2331 535 El
2372 483 2478 549 γὰρ
2510 473 2774 544 οὖτως,ῶ
2799 479 3050 541 (iurasti,
3075 479 3149 550 μὴ
3199 479 3459 545 διέκεισο,
3498 481 3744 545 συνεῖδες
3800 484 3865 536 ἂν

600 580 682 632 sic
714 575 939 630 allectus
957 587 1127 635 esses,
1160 588 1194 625 ο
1217 571 1408 640 judex,
1440 566 1807 622 intellexisses
1833 566 2031 621 Christi
2052 584 2172 635 gra-

601 668 734 723 tiam
769 676 827 723 et
864 665 1146 726 virtutem,
1181 678 1301 731 qua:
1335 675 1421 714 me
1464 659 1767 714 conﬁrmat.
1829 658 1967 711 Num
2029 659 2172 711 enim

600 771 761 831 putas
791 759 907 812 sine
941 773 1003 811 ea
1036 768 1144 811 tam
1182 754 1341 811 facile
1372 752 1624 805 alIectum
1652 750 1715 803 iri
1746 764 1871 819 erga
1905 758 2175 804 tormenta

599 866 819 907 carnem
850 859 907 905 et
930 844 1299 918 sanguinem?
1332 841 1389 895 Si
1418 856 1543 907 ergo
1568 841 1647 895 sic
1672 838 1866 903 semis,
1895 840 1938 893 si
1967 855 2028 893 ea
2056 855 2176 908 quae

599 954 728 997 sunt
778 958 889 1013 prae
947 942 1200 1010 pedibus,
1254 951 1361 989 non
1414 944 1570 1002 potes
1620 933 1845 993 intueri,
1900 932 2175 1001 quomodo

604 1052 715 1092 non
769 1044 900 1088 sunt
951 1030 1133 1087 omnia
1182 1038 1273 1082 tua
1324 1026 1510 1090 surda,
1545 1032 1601 1078 et
1648 1039 1813 1091 caeca,
1849 1031 1905 1077 et
1930 1023 2033 1077 diis
2067 1024 2174 1076 tuis

600 1128 800 1183 similia
821 1126 843 1179 ?

669 1219 755 1274 IV.
794 1219 908 1273 Dux
957 1230 1138 1272 antem
1180 1215 1332 1270 valde
1367 1214 1574 1277 ridens,
1614 1212 1716 1266 etsi
1757 1218 1965 1280 martyr
2033 1224 2175 1263 non-

597 1316 725 1369 dum
760 1320 1032 1367 cessasset
1060 1310 1241 1363 dicere
1273 1327 1287 1363 :
1314 1307 1547 1361 Tantum
1584 1305 1755 1371 abest,
1792 1303 1991 1373 inquit,
2029 1310 2085 1356 ut
2122 1311 2173 1356 te

597 1416 742 1461 recte
784 1405 989 1459 sentire
1019 1402 1348 1464 existimem,
1378 1408 1434 1453 et
1476 1398 1693 1451 credam
1744 1396 1810 1450 iis
1858 1411 1980 1464 quae
2033 1410 2062 1449 a
2118 1405 2171 1447 te

596 1501 874 1561 dicuntur,
928 1505 987 1550 ut
1040 1495 1240 1548 futuris
1276 1490 1565 1546 tormentis
1597 1490 1697 1542 sim
1748 1489 2062 1549 etlectnrus,
2114 1497 2172 1538 ut

597 1591 892 1646 modestior
926 1586 1171 1641 reddaris
1203 1594 1256 1639 et
1286 1584 1606 1654 sapientior.
1637 1579 1843 1635 Rursus
1872 1591 2053 1636 autem
2086 1578 2175 1631 di-

596 1686 670 1741 cit
715 1691 914 1751 martyr
949 1700 960 1734 :
994 1679 1117 1734 llaec
1158 1678 1320 1732 verba
1364 1684 1415 1730 te
1462 1690 1673 1745 magna:
1714 1682 1952 1741 arguunt
1986 1686 2175 1725 amen-

598 1779 723 1840 tiae;
764 1775 856 1829 sed
892 1772 1151 1843 quoniam
1193 1769 1422 1825 conﬁdis
1458 1768 1512 1820 in
1558 1766 1864 1829 tormentis,
1898 1775 1953 1818 et
1995 1764 2174 1819 credis

2281 578 2379 644 τὴν
2409 576 2764 647 ἐνισχύουσάν
2795 591 2863 645 με
2894 576 2986 627 τοῦ
3025 573 3264 644 Χριστοῦ
3296 577 3457 644 χάριν
3487 576 3583 627 καὶ
3615 574 3864 641 δύναμιν.

2284 662 2425 735 Ἀρα
2454 668 2563 737 γὰρ
2592 666 2692 719 οῖει
2717 665 2922 733 ταύτης
2954 664 3122 734 χωρὶς
3162 665 3293 735 ῥᾷον
3326 664 3471 717 οὕτω
3519 665 3659 735 πρὸς
3694 664 3866 734 βασάο

2282 773 2403 817 νους
2431 752 2570 825 αἷμα
2602 756 2698 809 καὶ
2736 756 2915 825 σάρκα
2942 754 3258 825 διατεθῆναι
3285 772 3299 821 ;
3331 756 3393 807 El
3426 754 3573 808 οὕτω
3620 756 3861 827 φρονεῖς,

2281 848 2329 899 εἰ
2358 851 2426 899 τά
2475 849 2531 899 ὲν
2572 848 2699 899 ποσὶ
2755 846 2927 900 ταῦτα
2984 847 3205 915 βλέπειν
3260 847 3569 909 ἀδυνατεῖς,
3600 849 3713 908 πῶς
3741 848 3865 916 οὐχὶ

2283 939 2460 990 πάντα
2499 954 2591 989 σου
2623 938 2783 1006 κωφά
2808 936 2900 989 καὶ
2923 937 3101 1005 τυφλά
3130 936 3227 990 καὶ
3266 939 3380 1001 τοῖς
3410 938 3555 1001 Θεοῖς
3586 942 3701 1001 τοῖς
3749 940 3864 998 σοῖς

2282 1028 2481 1097 ὄμοιας

2353 1214 2425 1262 Δί.
2464 1210 2521 1262 Ὀ
2557 1209 2613 1262 δὲ
2650 1210 2793 1279 μάλα
2850 1209 3090 1277 γελάσας
3115 1208 3142 1259 6
3169 1207 3313 1273 δοὺξ.
3347 1209 3518 1278 μήπω
3551 1206 3645 1259 τοῦ
3680 1205 3866 1273 λέγειν

2286 1303 2639 1371 παυσαμένου
2675 1302 2767 1355 τοῦ
2802 1304 3079 1372 μάρτυρος
3100 1342 3114 1367 ,
3139 1300 3426 1365 Τοσοῦτον,
3459 1300 3649 1368 φησὶν,
3668 1299 3863 1367 ἀπέχω

2281 1395 2375 1446 τοῦ
2416 1394 2597 1457 καλῶς
2644 1411 2701 1447 σε
2758 1396 2977 1464 φρονεῖν
3040 1393 3273 1456 οἴεσθαι,
3302 1392 3537 1452 καὶτοῖς
3576 1391 3728 1459 παρὰ
3766 1388 3862 1441 σοῦ

2282 1485 2595 1555 λεγομένοις
2644 1486 2959 1556 πεισθῆναι,
2986 1485 3068 1537 ὅτι
3103 1486 3200 1539 καὶ
3242 1484 3301 1537 σὲ
3347 1482 3553 1552 μᾶλλον
3589 1480 3863 1549 ἀγωνιοῦ-

2284 1598 2383 1652 μαι
2426 1584 2545 1643 ταῖς
2584 1578 2906 1649 μελλούσαις
2948 1577 3201 1647 βασάνοις
3244 1577 3573 1645 μεταϐαλεῖν
3621 1576 3761 1644 πρὸς
3804 1574 3866 1626 τδ

2282 1674 2743 1743 σωφρονέστερον.
2766 1670 2872 1724 Καὶ
2898 1672 2925 1723 6
2962 1673 3174 1740 μάρτυς
3227 1665 3385 1731 αὖθις
3435 1683 3612 1736 φησι·
3655 1665 3865 1734 Πολλὴν

2283 1769 2468 1822 ἄνοιάν
2496 1783 2587 1819 σου
2619 1767 2922 1836 κατηγορεῖ
2946 1765 3013 1816 τὰ
3048 1764 3269 1833 ῥήματα
3302 1760 3503 1815 ταῦτα·
3535 1759 3681 1828 πλὴν
3740 1758 3866 1810 επεὶ

601 1869 717 1924 ﬁeri
765 1880 927 1936 posse
960 1874 1017 1917 ut
1048 1864 1134 1917 his
1164 1877 1251 1915 me
1285 1859 1639 1929 persuadeas,
1672 1872 1770 1927 ego
1802 1857 2018 1926 quidem
2054 1871 2171 1910 sum

2284 1858 2536 1929 βασάνοις
2568 1857 2626 1909 τὸ
2658 1830 2883 1925 θαρρεῖν
2929 1830 3211 1922 Exn-spata).
3260 1850 3484 1912 ταύταις
3513 1848 3616 1900 οἴει
3655 1864 3723 1914 με
3771 1862 3867 1913 με·

599 1973 771 2030 prope
804 1976 816 2009 :
850 1971 1047 2009 manus
1087 1968 1269 2008 autem
1326 1952 1577 2004 lictorum
1632 1965 1740 2004 non
1793 1957 1921 2003 sunt
1961 1949 2170 2018 procul.

599 2051 796 2107 Libere
829 2064 956 2119 ergo
990 2048 1181 2116 loquar
1218 2046 1269 2098 in
1304 2044 1633 2098 necessitate
1669 2043 1899 2109 spiritus
1930 2041 2059 2104 mei,
2096 2051 2171 2105 et,

599 2154 657 2199 ut
686 2144 763 2196 ait
791 2141 1012 2197 divinus
1044 2138 1147 2193 Job
1177 2139 1219 2199 ³,
1252 2139 1492 2205 aperiam
1520 2152 1582 2189 os
1616 2150 1819 2196 meum,
1852 2135 1993 2203 quod
2022 2149 2175 2188 ania-

598 2232 843 2288 ritudine
895 2228 1091 2282 anima:
1132 2235 1443 2280 coarctatur
1475 2242 1488 2279 :
1520 2233 1574 2278 et
1603 2224 1813 2278 videbis
1863 2238 1950 2277 me
1984 2225 2174 2293 quavis

597 2330 774 2378 statua
819 2318 1154 2381 solidior-em,
1208 2325 1263 2371 et
1320 2315 1526 2385 patibili
1579 2324 1772 2368 natura
1808 2315 2172 2382 superiorem.

596 2414 751 2484 Apud
776 2412 943 2466 Deum
972 2411 1119 2465 enim
1150 2422 1333 2462 meum
1365 2418 1448 2460 est
1475 2406 1647 2459 virtus
1677 2415 1733 2458 et
1761 2404 2001 2473 potentia
2032 2418 2174 2469 mea,

596 2517 653 2563 et
692 2508 745 2560 in
791 2507 908 2575 ipso
957 2511 1041 2558 est
1088 2516 1215 2572 spes
1250 2514 1366 2554 mea
1418 2507 1474 2553 et
1530 2496 1814 2551 auxilium.
1866 2496 2001 2551 Cum
2061 2497 2174 2551 haec

600 2596 765 2654 Verba
806 2597 1110 2666 accepisset
1179 2594 1409 2663 Lysias:
1440 2590 1534 2655 Es,
1587 2591 1781 2661 inquit,
1822 2590 1995 2644 audax
2038 2604 2172 2644 con-

601 2692 873 2753 cionator,
914 2698 964 2742 et
1000 2687 1056 2741 in
1104 2700 1204 2740 nos
1253 2683 1429 2738 ﬂuens
1479 2698 1672 2753 magna
1727 2683 1937 2738 dicendi
1996 2683 2170 2751 c0pia,

598 2790 654 2835 et
726 2780 997 2832 adversus
1066 2777 1198 2830 deos
1250 2773 1488 2844 glorians
1533 2782 1585 2825 te
1636 2774 1867 2841 jactitas.
1930 2770 2175 2825 Tuamne

600 2882 838 2926 mentem
881 2869 1039 2938 fugit,
1083 2878 1135 2922 te
1179 2867 1377 2935 alloqui
1426 2863 1735 2933 praesidem,
1782 2862 1874 2932 qui
1911 2872 2015 2915 tute
2052 2863 2173 2916 vitm

599 2966 767 3020 habet
803 2970 1153 3033 potestatem,
1183 2975 1307 3017 cum
1340 2958 1415 3013 sis
1451 2972 1591 3012 unus
1618 2972 1680 3011 ex
1711 2956 1919 3019 multis,
1952 2965 2007 3009 et
2035 2957 2176 3009 rela-

602 3069 691 3113 tus
744 3058 820 3112 sis
874 3056 929 3109 in
986 3068 1281 3109 numerum
1337 3052 1616 3107 militum?
1675 3049 1766 3101 Ille
1823 3063 1995 3103 vero:
2055 3048 2175 3103 Non

2275 1950 2584 2009 ταπείσειν,
2616 1946 2780 2013 ἐγγὺς
2826 1945 2923 2013 μὲν
2967 1942 3078 2010 ἐγὼ
3103 1981 3117 2008 ,
3148 1942 3205 1994 αἱ
3236 1941 3294 1993 δὲ
3321 1939 3528 2009 δημίων
3573 1939 3759 2007 χεῖρες
3803 1936 3863 1986 οὐ

2278 2040 2584 2111 πόρρωθεν.
2613 2038 3076 2108 Παρῤησιάσομαι
3103 2032 3231 2101 γοῦν
3263 2036 3321 2084 ὲν
3344 2032 3559 2101 ἀνάγκη
3576 2029 3669 2081 τοῦ
3698 2030 3864 2081 πνεύ-

2280 2134 2446 2203 ματός
2477 2148 2601 2201 μου,
2631 2132 2747 2194 καὶ,
2773 2129 2914 2181 κατά
2936 2129 3025 2178 τὸν
3055 2125 3198 2191 Ἰὼϐ,
3227 2123 3423 2189 ἀνοίξω
3439 2121 3498 2174 τὸ
3537 2122 3716 2189 στόμα
3759 2138 3861 2189 μου

2276 2228 2473 2296 πικρίᾳ
2506 2227 2679 2294 τύχης
2708 2222 3065 2292 συνεχόμενος
3090 2234 3106 2249 ·
3142 2218 3263 2287 ὄψει
3290 2235 3354 2287 με
3383 2214 3583 2277 παντὸς
3604 2214 3864 2282 ἀνδριὰνο

2275 2337 2364 2381 τος
2429 2318 2810 2386 στερρά-τερον,
2843 2313 2936 2366 καὶ
2982 2312 3233 2379 παθητῆς
3286 2307 3562 2377 ἀνώτερον
3618 2306 3861 2373 φύσεως.

2278 2412 2434 2480 Παρὰ
2475 2414 2583 2480 γὰρ
2623 2410 2699 2478 τῷ
2742 2406 2862 2478 Θεῷ
2906 2423 3006 2477 μου
3036 2408 3070 2476 ὴ
3108 2405 3257 2473 ἰσχὺς
3286 2402 3463 2454 καὶτὸ
3492 2401 3694 2470 κράτος
3732 2416 3861 2468 μου,

2276 2506 2372 2559 καὶ
2404 2506 2531 2573 παρ’
2558 2502 2707 2571 αὐτῷ
2739 2503 2772 2572 ή
2823 2500 2976 2562 ἐλπίς
3020 2515 3122 2567 μου
3167 2497 3264 2549 καὶ
3293 2496 3325 2565 ἡ
3359 2492 3611 2564 βοήθεια.
3655 2491 3863 2543 Τοῦτον

2276 2600 2305 2651 6
2337 2600 2540 2660 Λυσίας
2574 2597 2665 2650 τὸν
2699 2596 2856 2663 λόγον
2886 2589 3224 2663 παραλαϐών
3252 2604 3265 2618 ·
3305 2587 3523 2658 Θρασύς
3557 2601 3642 2647 τις
3685 2579 3737 2634 εἶ
3764 2582 3861 2650 δη-

2281 2692 2541 2762 μηγόρος,
2570 2688 2697 2757 ἔφη,
2728 2687 2823 2740 καὶ
2857 2686 2979 2739 καθ’
3010 2683 3168 2753 ἡμῶν
3202 2680 3370 2741 πολὺς
3398 2677 3720 2748 ρέων,κατά
3749 2672 3863 2726 τῶν

2280 2781 2418 2834 θεῶν
2462 2781 2895 2851 φρυαττόμενος.
2930 2778 3000 2831 Ἦ
3026 2774 3359 2843 διαπέφευγέ
3384 2788 3478 2823 σου
3502 2770 3591 2821 τὸν
3622 2766 3751 2821 νοῦν
3777 2768 3859 2819 ὅτι

2277 2876 2501 2946 ἄρχοντι
2550 2874 2777 2946 διαλέγῃ
2807 2873 2905 2941 τῆς
2933 2870 3030 2940 σῆς
3061 2867 3308 2938 κεφαλῆς
3353 2861 3859 2926 κατεξουσιάζοντι,

2277 2969 2416 3039 ἀνὴρ
2468 2967 2576 3020 τῶν
2612 2966 2826 3019 πολλῶν
2861 2964 2957 3029 ῶν,
3006 2964 3105 3016 καὶ
3138 2963 3388 3030 τάγμασι
3433 2954 3863 3024 στρατιωτικοῖς

2280 3060 2629 3129 ὲναρίθμιος;
2679 3060 2790 3109 Καὶ
2820 3057 2878 3119 ὃς
2898 3097 2913 3121 ,
2967 3056 3082 3109 Ούκ
3120 3052 3323 3120 ἀγνοῶ,
3353 3049 3481 3118 ἔφη,
3511 3046 3649 3101 ἀλλά
3677 3046 3740 3098 τὸ
3782 3045 3865 3106 εἰς

598 3151 812 3221 ignoro,
864 3145 1061 3213 inquit,
1112 3144 1207 3198 sed
1254 3143 1310 3196 in
1356 3139 1639 3196 Christum
1697 3140 1870 3209 pietas
1914 3140 2006 3192 dat
2038 3139 2171 3192 milii

2284 3152 2513 3222 Χριστὸν
2556 3148 2778 3212 εὐσεϐὲς
2804 3146 2948 3200 οὕτω
2975 3145 3200 3217 θαρρεῖν
3232 3144 3330 3196 καὶ
3378 3136 3864 3211 παρρησιάζεσθαι

601 3248 805 3292 tantam
856 3234 1160 3296 audaciam,
1214 3242 1270 3288 et
1319 3232 1572 3303 loquendi
1617 3232 1944 3286 libartatem.
1994 3233 2176 3303 Angor

597 3340 781 3384 autem
811 3330 1016 3393 animo,
1047 3326 1188 3395 quod
1225 3340 1334 3379 non
1372 3326 1441 3379 sit
1469 3325 1664 3393 aliquis
1705 3324 1822 3378 sine
1862 3324 2171 3391 allectione,

605 3421 769 3476 simul
837 3429 890 3474 et
946 3420 1223 3487 sapienter
1288 3417 1651 3487 iudicaturus.
1710 3415 1869 3471 Forte
1925 3420 2093 3481 enim,
2141 3433 2174 3471 ο

600 3510 779 3582 Lysia.
846 3508 935 3564 Dei
966 3510 1212 3563 omnium
1247 3506 1523 3562 eﬂ‘ectoris
1550 3509 1863 3578 agnovisses
1890 3510 2171 3571 virtutem,

601 3614 659 3658 ct
710 3604 841 3657 deos
911 3602 1078 3655 lalsos
1134 3600 1580 3669 contempsisses.
1632 3599 1737 3653 Sed
1788 3616 1885 3652 cur
1934 3600 2173 3653 studium

607 3704 867 3749 nostrum
917 3693 1070 3745 nihili
1117 3692 1333 3744 l'ecisti?
1365 3691 1422 3743 In
1448 3706 1683 3759 quonam
1728 3700 1906 3745 autem
1938 3693 2052 3761 ipse
2082 3693 2174 3747 tibi

600 3788 804 3859 places,
836 3794 891 3840 et
930 3783 1187 3854 praeclare
1221 3784 1287 3837 de
1320 3792 1372 3837 te
1412 3782 1623 3839 sentis?
1656 3781 1725 3837 Es
1758 3784 1902 3838 enim
1952 3800 2172 3855 praeses,

602 3874 671 3934 ct'
705 3896 771 3932 ex
801 3872 1148 3936 sublimibus,
1186 3888 1294 3928 non
1337 3875 1388 3926 id
1436 3877 1786 3944 negaverim;
1826 3875 1960 3927 nihil
1994 3884 2175 3929 tamen

602 3988 632 4026 a
669 3980 855 4026 nostra
890 3967 1078 4023 dlﬂers
1119 3967 1399 4022 communi
1433 3976 1648 4025 natura.
1696 3966 1828 4020 Nam
1866 3976 1919 4021 tu
1954 3982 2173 4038 quoque

604 4078 663 4118 es
696 4064 878 4124 homo,
913 4061 967 4113 in
1009 4073 1169 4128 quem
1221 4074 1368 4111 mors
1398 4059 1545 4111 cadit
1587 4066 1643 4111 et
1679 4059 1950 4111 interitus.
1983 4059 2041 4111 In
2076 4074 2177 4113 nos

606 4163 793 4209 autem
873 4150 1177 4207 absolutam
1251 4163 1362 4203 non
1400 4148 1568 4203 habes
1600 4157 1946 4218 potestatem,
1980 4160 2177 4219 przeter

608 4262 768 4316 quam
815 4245 870 4297 in
923 4243 1098 4297 solum
1148 4256 1368 4311 corpus.
1429 4240 1547 4311 Ipsa
1600 4251 1781 4295 autem
1836 4257 1922 4295 me
1977 4242 2177 4296 docent

608 4340 793 4394 divina
828 4334 1053 4404 Eloquia
1082 4334 1124 4397 δ,
1157 4349 1267 4388 non
1300 4334 1491 4388 limere
1520 4351 1637 4397 eos,
1669 4336 1764 4403 qui
1797 4350 1996 4404 corpus
2028 4336 2175 4389 occi-

609 4433 766 4490 dunt,
814 4432 1052 4481 animam
1102 4434 1284 4479 autem
1321 4438 1429 4478 non
1480 4432 1710 4493 possunt
1758 4423 2026 4487 occidere,
2079 4424 2176 4479 sed

2279 3245 2480 3299 δίδωσι.
2513 3244 2733 3315 Πλήρης
2772 3242 2827 3294 δὲ
2862 3242 3085 3309 γίνομαι
3119 3237 3320 3307 λύπης,
3343 3236 3423 3289 ὅτι
3458 3234 3533 3304 μή
3566 3233 3683 3283 ἐστὶ
3725 3247 3814 3293 τις
3838 3232 3865 3281 6

2278 3338 2515 3393 δικάσων
2542 3339 2674 3407 ἡμῖν
2718 3334 2945 3396 ἀπαθῶς
2997 3334 3114 3403 ἅμα
3145 3332 3241 3384 καὶ
3277 3328 3514 3387 συνετῶς
3536 3340 3553 3357 ’
3582 3325 3704 3376 ἐπεὶ
3737 3323 3864 3391 τάχ’

2279 3422 2426 3493 ἂν,ῶ
2460 3427 2659 3491 Λυσία,
2682 3427 2776 3478 καὶ
2808 3422 3155 3493 παντουργοῦ
3186 3419 3330 3473 θεοῦ
3354 3417 3660 3485 ὲγνώρισας
3694 3415 3865 3471 δύνασ-

2281 3539 2397 3592 μιν,
2460 3520 2555 3573 καὶ
2585 3518 2800 3589 ψευδῶν
2847 3516 2988 3570 θεῶν
3047 3514 3489 3586 κατεφρόνησας.
3524 3511 3674 3581 Πλὴν
3702 3513 3785 3575 εἰς
3814 3511 3866 3562 τι

2278 3614 2375 3667 καὶ
2416 3613 2478 3666 τὸ
2513 3613 2853 3684 ἐπιτήδευμα
2894 3607 3102 3681 τούμὸν
3156 3608 3554 3673 ἐξουδένωσας;
3586 3606 3643 3658 ὲν
3673 3604 3782 3657 τινι
3810 3604 3867 3655 δὲ

2279 3711 2372 3760 καὶ
2422 3706 2583 3768 αὐτὸς
2620 3705 3034 3775 μεγαφρονεῖς;
3093 3703 3317 3773 Ἄρχων
3375 3699 3473 3769 μὲν
3522 3698 3636 3767 γὰρ
3671 3694 3745 3760 εἷ,
3773 3698 3869 3748 καὶ

2277 3800 2385 3851 τῶν
2426 3799 2672 3867 ὑψηλῶν,
2721 3797 2821 3847 οὐκ
2856 3798 3165 3867 ἀρνήσομαι
3195 3808 3208 3820 ·
3246 3791 3397 3843 οὐδὲν
3459 3790 3516 3842 δὲ
3566 3790 3633 3858 τῇ
3703 3790 3865 3857 κοινῇ

2280 3893 2440 3963 φύσει
2471 3890 2866 3964 παραλλάττων
2900 3890 3080 3962 ἡμῶν·
3115 3887 3240 3943 ἐπεὶ
3266 3888 3360 3942 καὶ
3386 3888 3549 3951 αὐτὸς
3570 3886 3869 3957 ἄνθρωπος

2280 3989 2496 4060 θανάτῳ
2513 3990 2872 4059 ὑποκείμενος
2905 3990 2997 4042 καὶ
3028 3988 3223 4059 φθορᾷ.
3275 3988 3645 4054 Ἐξουσιάζεις
3674 3986 3733 4041 δὲ
3765 3987 3867 4056 οὐχ

2277 4081 2436 4152 ἡμῶν
2471 4082 2677 4143 ἁπλῶς,
2736 4081 2872 4134 ἀλλά
2908 4082 3071 4151 μόνον
3100 4081 3195 4133 τοῦ
3242 4080 3533 4150 σώματος’
3560 4081 3701 4134 αὑτά
3756 4082 3867 4150 γάρ

2282 4190 2349 4245 με
2381 4174 2450 4226 τὰ
2479 4174 2598 4225 θεῖα
2631 4173 2945 4228 διδάσκουσι
2970 4174 3130 4242 λόγια
3185 4173 3262 4244 μὴ
3306 4172 3592 4243 φοϐεῖσθαι
3619 4173 3732 4227 ἀπὸ
3756 4174 3868 4225 τῶν

2279 4266 2714 4317 ἀποκτεινόντων
2762 4266 2823 4315 τὸ
2874 4265 3059 4334 σῶμα,
3083 4266 3182 4334 τὴν
3215 4265 3271 4317 δὲ
3323 4265 3504 4335 ψυχὴν
3536 4267 3868 4323 ἀποκτεῖναι

2282 4356 2356 4429 μὴ
2381 4357 2729 4426 δυναμένων⁸
2753 4359 2967 4410 ἐκεῖνον
2999 4357 3056 4412 δὲ
3092 4355 3293 4427 μᾶλλον
3344 4356 3593 4427 φρίττειν
3644 4357 3743 4409 καὶ
3776 4357 3868 4410 δεο

2280 4447 2520 4501 δοικέναι
2553 4448 2642 4502 τὸν
2690 4448 2785 4502 καὶ
2835 4449 3016 4520 ψυχὴν
3069 4449 3166 4502 καὶ
3224 4448 3388 4518 σῶμα
3434 4448 3737 4517 δυνάμενον
3797 4452 3867 4520 τῇ

609 4521 759 4573 illum
802 4520 983 4589 potius
1025 4520 1404 4581 extimescere,
1455 4518 1549 4586 qui
1591 4530 1790 4585 corpus
1836 4525 1890 4569 et
1936 4518 2173 4571 animam

2284 4540 2475 4611 γεέννῃ
2503 4539 2913 4606 καταδικάζειν,
2938 4541 3063 4610 ἥτις
3083 4539 3362 4603 ἐκδέξεταί
3398 4556 3458 4591 σε
3483 4540 3575 4591 τὸν
3599 4543 3867 4611 ἀμέτρως

608 4621 787 4681 potest
852 4611 1099 4680 gelienna
1157 4610 1576 4662 condemnare:
1633 4623 1753 4675 quae
1812 4619 1863 4660 te
1922 4610 2173 4677 accipiet,

610 4703 739 4757 licet
790 4717 939 4757 nunc
977 4700 1272 4756 immodice
1329 4698 1669 4770 gloriantem,
1722 4713 1844 4752 cum
1896 4698 2029 4769 ipsis
2071 4701 2177 4755 diis

610 4796 718 4848 tuis
752 4802 809 4847 et
837 4792 1178 4845 dmttionibus
1211 4795 1263 4843 in
1323 4804 1585 4845 aaternum
1619 4791 1977 4860 puniendum.

660 4878 749 4939 'V.
809 4885 900 4939 His
942 4883 1114 4955 magis
1144 4884 1206 4936 ad
1242 4884 1375 4935 iram
1419 4886 1724 4936 concitatus
1788 4882 1994 4951 Lysias,
2022 4883 2179 4952 jubet

611 4986 903 5046 martyrem
952 4978 1090 5030 trabi
1140 4989 1444 5045 appensum
1491 4974 1683 5028 ferreis
1717 4972 1909 5028 laniari
1943 4975 2175 5044 ungulis.

609 5068 907 5135 Postquam
939 5068 1120 5121 autem
1154 5074 1357 5133 martyr
1392 5066 1564 5119 sensit
1598 5065 1927 5119 tormentum
1959 5072 2179 5135 grai-tus

611 5156 926 5229 (quomodo
977 5159 1120 5209 enim
1173 5167 1362 5212 essent
1409 5172 1647 5221 coronze,
1705 5158 1805 5209 nisi
1862 5158 2179 5225 exciperent

612 5250 829 5303 labores
848 5258 901 5303 ct
932 5246 1148 5301 dolores
1174 5249 1247 5315 ?),
1279 5248 1408 5303 Jesu
1442 5247 1678 5312 Christe,
1711 5248 2050 5313 exclamavit,
2087 5247 2179 5318 qui

620 5342 767 5395 solus
825 5341 961 5396 lacis
1020 5354 1048 5393 a
1110 5340 1313 5394 saeculo
1360 5341 1653 5404 mirabilia,
1723 5342 1815 5411 qui
1880 5356 2180 5411 suspensus

616 5432 766 5490 fuisti
807 5431 862 5484 in
899 5447 1082 5495 cruce,
1134 5440 1189 5486 et
1220 5432 1302 5485 sic
1338 5433 1635 5497 superbum
1668 5433 1913 5501 deiecisti
1948 5452 1961 5487 :
2000 5433 2091 5502 qui
2126 5433 2178 5486 in

620 5526 952 5582 hodiernum
987 5540 1160 5594 usque
1192 5525 1335 5579 diem
1365 5524 1617 5593 magniﬁs
1648 5534 1705 5580 et
1738 5528 2014 5581 extollcris
2056 5541 2181 5594 pro-

618 5628 740 5689 pter
777 5630 942 5686 opera
991 5624 1081 5671 tua
1120 5616 1461 5671 admirabilia
1492 5630 1509 5670 :
1557 5617 1680 5669 veni
1711 5617 1775 5670 ad
1842 5634 1926 5672 me
1958 5634 2181 5671 servan—

721 5822 742 5851 ⁸
773 5817 873 5875 Job
900 5834 993 5888 vn,
1021 5818 1109 5874 ll.
1245 5816 1269 5849 ⁸
1295 5815 1483 5874 Matth.
1513 5835 1568 5889 x,
1599 5818 1684 5873 28.

2286 4632 2379 4685 νῦν
2435 4633 2867 4703 φρυαττόμενον,
2908 4633 3095 4697 αὐτοῖς
3149 4631 3291 4695 θεοῖς
3324 4647 3418 4684 σου
3468 4631 3563 4684 καὶ
3610 4630 3871 4703 δαίμοσιν

2285 4721 2520 4785 αἰωνιως
2558 4723 3052 4793 κολασθησόμενον.

2357 4905 2433 4959 E'.
2456 4903 2681 4970 Τούτοις
2710 4907 2791 4969 εἰς
2816 4904 2984 4978 ὀργὴν
3016 4906 3237 4960 πλείονα
3264 4909 3291 4961 6
3318 4908 3524 4971 Λυσίας
3551 4908 3866 4981 ἐξενεχθεὶς

2287 4997 2501 5053 κελεύει
2546 5001 2637 5053 τὸν
2674 5000 2929 5070 μάρτυρα
2982 5002 3141 5071 ῑκριῳ
3193 5003 3568 5075 ἀναρτηθέντα
3611 5006 3763 5070 (me.
3811 5008 3868 5059 τὸ

2290 5091 2448 5158 σῶμα
2516 5091 2755 5161 σιδηροῖς
2811 5090 3044 5155 ξέεσοαι.
3104 5091 3191 5158 Ὧς
3234 5092 3325 5149 οὖν
3352 5097 3380 5147 ὀ
3419 5102 3631 5166 μάρτυς
3665 5098 3867 5167 δριμυ·

2286 5184 2446 5253 τέρας
2480 5184 2681 5256 ᾔσθετο
2712 5185 2811 5254 τῆς
2865 5184 3099 5256 βασάνου
3132 5188 3247 5259 (καὶ
3279 5190 3395 5251 πῶς
3415 5192 3523 5257 γὰρ
3550 5191 3615 5242 ἂν
3637 5190 3866 5251 δικαίως

2286 5276 2337 5328 οῖ
2379 5277 2656 5341 στέφανοι,
2682 5279 2731 5330 εἰ
2777 5277 2854 5349 μὴ
2905 5279 3100 5343 πόνους
3149 5280 3443 5348 ἠμείῦοντο
3488 5283 3581 5334 καὶ
3609 5283 3865 5353 ὀδύναςς)

2301 5359 2476 5430 Ἰησοῦ
2528 5361 2752 5433 Χριστὲ,
2799 5363 3048 5435 ἐϐόησεν,
3078 5365 3105 5415 6
3153 5365 3323 5417 ποιῶν
3374 5368 3533 5435 μόνος
3577 5369 3638 5431 ὲξ
3670 5368 3870 5429 αἰῶνος

2291 5454 2589 5525 θαυμάσια,
2617 5456 2645 5508 6
2679 5457 2772 5508 ἐπὶ
2804 5456 2899 5509 τοῦ
2957 5456 3195 5527 σταυροῦ
3232 5460 3593 5529 κρεμασῡεὶς,
3647 5460 3742 5511 καὶ
3773 5464 3869 5521 τὸν

2293 5550 2641 5621 ὑπερήφανον
2666 5548 2808 5601 οὕτω
2840 5547 3186 5617 καταὸαλὼν,
3220 5551 3248 5605 6
3286 5570 3449 5623 μέχρι
3492 5554 3588 5605 καὶ
3620 5551 3715 5604 νῦν
3751 5558 3863 5614 τοῖς

2294 5640 2613 5711 παραδόξοις
2648 5639 2758 5695 τῶν
2810 5640 2989 5711 ἔργων
3040 5642 3501 5714 μεγαλυνόμενος,
3534 5641 3654 5697 ἐλθὲ
3688 5647 3767 5707 εἰς
3803 5648 3863 5694 τὸ
