3970 6454
136 411 242 474 665

1248 383 1723 453 MARTYRIUM
1763 380 1825 441 S.
1865 379 2303 443 SEVERIANI.

3290 376 3394 439 646

138 518 312 573 σῶσαί
358 534 450 588 με,
470 514 564 570 καὶ
594 512 685 565 τὸν
725 510 823 582 μὲν
850 509 1115 577 βραχιονα
1142 501 1237 556 τοῦ
1266 498 1593 572 ἀμαρτωλοῦ
1626 491 1725 547 καὶ

1841 489 1979 553 dum,
2035 497 2090 542 et
2141 486 2428 543 brachium
2481 484 2701 557 quidem
2740 482 3049 555 peccatoris
3089 491 3144 537 et
3187 481 3404 553 maligni

140 585 379 679 πονηροῦ
418 606 738 678 σύντριψον,
783 601 851 655 τά
878 600 937 652 δὲ
970 597 1083 652 τῶν
1138 594 1289 666 ὲμῶν
1320 592 1498 661 ἄρθρα
1540 585 1721 659 μελῶν

139 702 413 771 λελυμένα
453 696 775 765 σύσφιγξον,
798 690 994 761 ἀγαθὲ,
1037 689 1134 746 καὶ
1162 688 1248 750 δός
1285 702 1376 756 μοι
1406 683 1501 736 τὸν
1534 680 1724 748 ἀγῶνα

138 792 331 845 τοῦτον
390 790 642 845 διανῦσαι
677 788 773 840 τοῦ
812 782 1153 857 μαρτυρίου·
1187 780 1351 833 λῦσον
1385 775 1443 829 δὲ
1485 777 1584 828 καὶ
1622 773 1722 841 τὴν

140 886 506 954 ἐπικειμένην
555 881 632 951 τῷ
672 880 837 934 παντί
905 894 1001 931 σου
1058 872 1298 943 ποιμνίῳ
1330 867 1720 937 σκοτόμαιναν.

151 979 318 1049 Ὁρᾷς
348 980 428 1041 είς
457 977 762 1047 ὃσονήρθη.
789 973 883 1029 καὶ
908 972 1058 1034 ὅπως
1091 969 1274 1023 πάντα
1310 965 1501 1037 σχεδὸν
1533 958 1723 1030 περιέ-

140 1069 326 1125 λαϐεν.
358 1066 485 1139 Εἶχε
523 1068 621 1138 μὲν
656 1063 751 1123 οὖν
785 1065 955 1127 οὕτως
984 1061 1153 1131 εὐχῆς
1183 1063 1211 1114 6
1255 1058 1472 1131 μάρτυς
1523 1049 1728 1124 κρεμά-

144 1179 306 1231 μενος
337 1176 352 1189 ·
388 1164 416 1214 6
446 1161 707 1231 τύραννος
737 1158 794 1212 δὲ
822 1157 1013 1218 ἄλλους
1039 1156 1127 1207 ἐπ’
1155 1152 1337 1212 ἄλλοις
1375 1150 1590 1216 ἔπεμπε
1613 1142 1723 1196 τῶν

141 1255 375 1325 δημίων,
410 1254 510 1317 τὰς
535 1253 727 1315 ὀδύνας
760 1252 825 1303 ὲκ
846 1250 1038 1302 τούτου
1066 1244 1399 1317 δριμυτέρας
1424 1235 1726 1308 ἐπιτεχνώ-

146 1361 331 1411 μενος.
370 1345 523 1397 Ἐπεὶ
558 1344 615 1397 δὲ
650 1340 799 1413 ἑώρα
816 1342 909 1393 τὸν
937 1341 1098 1406 ἅγιον
1130 1335 1387 1406 ἀτρέπτῳ
1435 1330 1529 1384 καὶ
1572 1344 1729 1382 συνε-

146 1438 311 1497 στῶτι
342 1436 419 1507 τῷ
450 1435 724 1505 προσώπῳ
756 1433 824 1487 τά
855 1432 1176 1500 ἐπαγόμεναι
1193 1427 1446 1498 φέροντα,
1467 1423 1729 1492 διαπορη-

144 1530 255 1590 bal;
286 1528 543 1595 ἀνεθῆναι
571 1527 671 1596 μὲν
691 1524 799 1579 τῶν
824 1524 1108 1595 μαστίγων
1140 1520 1327 1585 αὑτὸν,
1358 1521 1423 1589 τῇ
1453 1517 1645 1585 εἱρκτῇ
1670 1512 1728 1565 δδ

144 1638 216 1672 πα
228 1617 928 1688 ραδοθῆναιδιακελεύεται.
942 1616 1001 1669 Ὀ
1021 1618 1229 1687 μάρτυς
1245 1614 1337 1667 οὖν
1352 1610 1726 1679 ἀπαγόμενος,

143 1714 237 1763 καὶ
271 1704 361 1763 οἷα
416 1711 609 1773 αὑταῖς
667 1710 905 1778 πληγαῖς
957 1708 1361 1777 σεμνυνόμενος
1414 1704 1502 1757 διὰ
1559 1703 1724 1772 μέσου

143 1804 271 1857 ἐϐόα
302 1805 405 1873 τῆς
435 1804 666 1867 πόλεως’
715 1804 782 1855 Oi.
809 1802 877 1855 τά
910 1801 1203 1871 τραύματα
1230 1800 1338 1852 τῶν
1367 1800 1459 1851 τοῦ
1488 1792 1725 1865 Χριστοῦ

1825 591 2069 647 contere,
2101 595 2350 635 meorum
2384 586 2567 633 autem
2601 576 2970 631 membrorum
3002 573 3260 629 articulos
3292 574 3407 630 dis-

1826 674 2033 728 solutos
2073 673 2270 742 colliga
2304 682 2359 726 et
2400 671 2520 735 uni,
2570 685 2604 724 ο
2638 669 2781 723 bone
2812 685 2822 719 :
2856 676 2912 722 ct
2959 667 3201 721 concede
3251 667 3407 726 tnihi.

1826 776 1888 821 ut
1927 766 2131 835 possim
2167 778 2429 835 peragere
2474 762 2580 818 hoc
2622 771 2904 817 certamen
2940 758 3211 830 martyrii.
3248 758 3409 812 Solve

1825 868 2010 914 autem
2053 856 2220 913 etiam
2253 872 2394 919 eam,
2443 870 2565 925 quae
2598 863 2691 908 tuo
2721 852 2871 925 gregi
2918 852 3192 914 imminet,
3226 848 3409 920 caligi-

1828 964 1977 1004 nem.
2013 947 2179 1003 Vides
2203 962 2365 1016 quam
2397 946 2466 999 sit
2495 943 2552 997 in
2584 943 2753 997 altum
2786 941 2950 1005 elata,
2978 949 3033 995 et
3054 941 3409 1009 quemadmo-

1827 1042 1955 1097 dum
1987 1040 2171 1095 omnia
2205 1039 2319 1093 l'ere
2363 1036 2803 1106 comprehendit.
2855 1034 3037 1103 Atque
3083 1032 3162 1085 sic
3189 1031 3408 1100 quidem

1829 1133 2155 1204 precabatur
2209 1141 2417 1201 martyr
2483 1142 2805 1198 suspensus.
2876 1126 3168 1196 Tyrannus
3228 1133 3409 1179 autem

1831 1230 1971 1283 alios
2004 1236 2124 1296 post
2153 1225 2289 1280 alios
2327 1223 2576 1277 mittebat
2610 1221 2853 1280 lictores.
2886 1220 3166 1289 graviores
3197 1232 3259 1271 ex
3303 1218 3409 1271 hoc

1828 1321 2049 1375 dolores
2079 1318 2423 1373 machinans.
2451 1315 2748 1383 Postquam
2779 1320 2965 1365 autem
2995 1310 3129 1364 vidit
3158 1318 3411 1365 sanctum

1830 1412 2158 1466 immutabili
2184 1421 2238 1465 et
2262 1411 2537 1463 constanti
2571 1405 2724 1460 vultu
2755 1402 3029 1458 ferentem
3060 1417 3126 1456 ca
3157 1415 3276 1471 qua
3324 1400 3411 1453 in-

1833 1507 2211 1570 tentabantur,
2268 1502 2436 1557 animi
2495 1498 2719 1562 dubius,
2785 1497 2943 1568 jubet
3004 1510 3129 1549 eum
3191 1494 3413 1563 quidem

1833 1598 2064 1654 relaxari
2120 1612 2151 1650 a
2206 1594 2459 1654 vinculis.
2513 1591 2716 1659 conjici
2769 1600 2952 1644 autem
3003 1588 3059 1642 in
3108 1600 3412 1641 carcerem.

1831 1690 2031 1761 Martyr
2062 1703 2194 1761 ergo
2226 1688 2356 1742 dum
2383 1683 2782 1745 abducebatur,
2815 1688 2873 1735 et
2901 1678 3243 1750 gloriabatur
3272 1691 3413 1745 quo-

1832 1782 2124 1839 dammodo
2151 1780 2348 1851 plagis,
2391 1791 2490 1847 per
2517 1774 2752 1830 mediam
2788 1771 3061 1826 clamabat
3090 1768 3363 1823 civitatem
3396 1784 3413 1821 :

147 1852 271 1857 nv—
314 1852 403 1873 η..
442 1852 640 1867 παν-τ
724 1852 779 1855 -κ
947 1852 959 1871 .
988 1852 996 1853 κ
1030 1852 1115 1871 πί
1543 1852 1554 1865 .

144 1897 436 1964 βλέποντες
469 1894 742 1963 ἀθλητῶν,
794 1894 1033 1945 ἐννοεῖτε
1090 1890 1298 1943 τούτων
1334 1889 1433 1950 τὰς
1488 1886 1726 1957 ἀμοιϐὰς

1841 1876 1933 1942 Qui
1989 1873 2323 1929 athletarum
2387 1866 2595 1923 Christi
2655 1864 2854 1920 videtis
2908 1861 3156 1925 vulnera,
3222 1873 3415 1913 eorum

145 1990 237 2040 xc".
268 1988 335 2040 τὰ
359 1986 592 2039 ἔπαθλα.
612 1982 755 2037 Οὔτε
782 1983 890 2053 γάρ
919 1981 995 2052 νῷ
1021 1980 1223 2051 ληπτά,
1241 1978 1363 2031 οὔτε
1388 1979 1531 2047 λόγῳ
1560 1974 1721 2047 ῥητὰ,

144 2081 240 2132 ὅσα
267 2080 297 2132 6
329 2078 598 2139 ἀθάνατος
633 2074 900 2137 Βασιλεὺς
939 2076 1049 2137 τοῖς
1084 2073 1224 2140 ὑπὲρ
1254 2071 1418 2125 αὑτοῦ
1452 2070 1725 2138 πάσχουσι

145 2175 233 2224 καὶ
263 2171 361 2223 νῦν
388 2170 572 2223 δίδωσι
610 2167 815 2236 ἀγαθὰ,
865 2167 963 2220 καὶ
984 2168 1066 2229 είς
1108 2166 1170 2218 τὸ
1200 2164 1353 2217 ἐπιὸν
1385 2165 1443 2215 ὲν
1474 2163 1727 2233 οὐρανοῖς

145 2262 486 2333 ταμιεύεται.
519 2261 627 2313 Καὶ
656 2259 788 2313 αὐτὸ
821 2258 981 2311 τοῦτο
1007 2258 1067 2311 τὸ
1110 2257 1252 2325 ὑπὲρ
1281 2253 1450 2306 αὑτοῦ
1492 2255 1725 2320 πάσχειν

147 2354 352 2423 γλυκύ·
394 2356 455 2407 τὸ
507 2354 563 2407 δὲ
602 2354 696 2406 καὶ
726 2351 796 2405 δι’
838 2352 1002 2405 αὑτὸν
1055 2349 1354 2405 ἀποθανεῖν
1409 2346 1581 2416 ἥδιον.
1613 2342 1725 2397 Καὶ

148 2449 258 2518 ἃμα
310 2446 649 2519 παρείποντο
701 2446 888 2500 πολλοὶ
937 2444 1014 2514 τῷ
1058 2444 1234 2512 ἀνδρὶ,
1283 2439 1593 2511 ὲπέρῤειδὲ
1631 2439 1727 2490 καὶ

148 2543 349 2595 πλείων
375 2544 403 2595 6
430 2540 588 2610 ὄχλος
622 2540 689 2592 τὰ
722 2539 966 2606 σωτήρια
992 2536 1083 2588 ὑπ’
1110 2532 1277 2587 αὑτοῦ
1321 2533 1725 2597 διδασκόμενοι,

149 2636 247 2697 ἓως
274 2637 371 2706 τῆς
401 2632 652 2703 φυλακῆς
680 2629 850 2699 ἐπέϐη
877 2625 970 2680 καὶ
1004 2627 1175 2697 αὐτῆς
1201 2625 1334 2678 εἵσω
1364 2624 1652 2693 γεγένητο.

220 2891 313 2957 (τ’.
340 2888 581 2959 Πέμπτη
606 2885 787 2941 τοίνυν
820 2884 960 2955 μετά
1006 2882 1105 2954 τὴν
1150 2879 1393 2952 φρουρὰν
1433 2876 1731 2949 περιῆλθεν

152 2985 356 3054 ἡμέρα,
379 2983 476 3036 καὶ
531 2981 655 3049 ἄγει
702 2979 866 3033 πάλιν
894 2978 985 3030 τὸν
1036 2973 1277 3046 ἀθλητὴν
1312 2976 1340 3026 6
1376 2973 1609 3034 Λυσίας,
1634 2971 1730 3025 καὶ

153 3078 383 3137 ἀναιδῶς
412 3074 503 3126 τὸν
529 3075 704 3142 πρᾶον
759 3070 1220 3140 ὑποκρινάμενος,
1260 3066 1433 3139 ταύτῃ
1469 3080 1731 3135 μετενεγ-

1828 1966 2308 2022 rcmunerationes
2360 1964 2598 2030 cegitate
2648 1967 2704 2011 et
2752 1955 2997 2026 pramia.
3041 1953 3229 2023 Neque
3268 1955 3414 2007 enim

1829 2073 2015 2117 mente
2038 2055 2459 2128 comprehendi,
2490 2064 2671 2120 neque
2698 2050 2883 2104 verbis
2910 2047 3149 2117 exprimi
3184 2052 3416 2116 possunt

1829 2153 1995 2215 bona,
2058 2164 2180 2220 qua:
2233 2147 2345 2201 [lex
2401 2143 2728 2200 immortalis
2778 2149 2836 2196 et
2886 2155 3032 2194 nunc
3071 2141 3164 2194 dat
3216 2140 3282 2193 iis
3322 2137 3414 2209 qui

1830 2260 1926 2315 pro
1974 2245 2091 2312 ipso
2129 2243 2438 2311 patiuntur,
2475 2246 2531 2292 et
2563 2238 2618 2290 in
2650 2234 2809 2289 ccelis
2837 2236 3191 2286 reservantur
3222 2230 3276 2284 in
3315 2246 3415 2300 po-

1831 2347 2070 2391 stcrum.
2110 2333 2251 2400 Quin
2286 2333 2451 2387 etiam
2498 2330 2678 2401 ipsum
2719 2340 2938 2398 quoque
2970 2339 3071 2394 pro
3118 2326 3235 2394 ipso
3281 2324 3414 2393 pati,

1830 2441 1915 2486 εει
1941 2429 2274 2498 jucundum,
2322 2435 2546 2495 propter
2577 2422 2757 2491 ipsum
2800 2428 2983 2473 autem
3016 2418 3179 2479 mori,
3212 2426 3295 2470 est
3324 2415 3417 2484 ju-

1831 2521 2089 2577 cundius.
2138 2518 2274 2572 Eum
2316 2527 2499 2571 autem
2538 2514 2697 2568 multi
2731 2510 3122 2581 sequebantur,
3158 2520 3213 2562 et
3244 2508 3418 2577 major

1831 2612 2090 2667 adluebat
2126 2610 2306 2672 turba,
2346 2622 2469 2678 qua:
2503 2606 2573 2661 ab
2600 2621 2668 2660 eo
2706 2604 3009 2659 docebatur
3040 2616 3103 2655 ea
3134 2616 3256 2670 quae
3289 2611 3419 2654 sunt

1831 2704 2116 2767 salutaria,
2155 2704 2333 2758 donec
2373 2700 2624 2755 ascendit
2658 2699 2713 2752 in
2751 2697 3085 2759 custodiam,
3139 2704 3195 2748 et
3239 2694 3415 2763 ipsam

1832 2811 1917 2858 est
1948 2801 2245 2869 ingressus.

1906 2891 1994 2947 Vl.
2048 2888 2287 2955 Quintus
2320 2885 2439 2939 dies
2472 2882 2840 2953 praeterierat,
2874 2893 2941 2933 ex
2994 2893 3101 2948 quo
3133 2877 3417 2946 conjectus

1834 2984 2014 3039 fuerat
2070 2984 2124 3034 in
2185 2977 2517 3041 custodiam,
2577 2982 2633 3028 et
2671 2973 2933 3026 athletam
2976 2986 3169 3024 rursus
3206 2967 3418 3022 curavit

1835 3074 2221 3133 adducendum
2278 3068 2504 3141 Lysias;
2586 3076 2641 3121 et
2700 3065 3049 3134 impudenter
3106 3076 3165 3115 se
3226 3063 3413 3116 mitem

154 3172 263 3221 κεῖν
300 3167 468 3221 αὐτὸν
501 3164 600 3233 τῆς
645 3162 932 3224 εὐσεϐείας
983 3163 1318 3229 ἐμηχανᾶτο.
1360 3159 1507 3222 Καὶ,
1538 3160 1730 3212 Ἴστω-

1841 3185 1959 3227 esse
1997 3166 2304 3227 simulans,
2358 3162 2436 3217 sic
2484 3173 2613 3214 eum
2664 3156 2992 3211 moliebatur
3050 3155 3332 3207 traducere
3384 3167 3415 3206 a

157 3276 249 3312 σαν
290 3259 341 3310 οί
394 3255 510 3309 θεοὶ
557 3252 822 3316 ἅπαντες,
878 3250 1055 3318 ἔλεγε,
1094 3247 1416 3318 Σευηριανὲ,
1466 3248 1548 3298 ὅτι
1585 3250 1728 3298 πάνυ

156 3350 360 3421 σφόδρα
419 3345 819 3416 ἔκπληττομαι,
879 3340 1338 3410 ἀναλογιζόμενος
1395 3340 1542 3401 ὅπως
1592 3336 1730 3408 ἀνὴρ

155 3443 291 3497 οὕτω
321 3443 422 3511 μὶν
463 3440 669 3506 ἀγαθὸς
697 3436 796 3509 τὴν
830 3434 1001 3505 ὥραν,
1027 3436 1122 3489 καὶ
1150 3434 1250 3487 ὅσα
1292 3433 1420 3486 ἰδεῖν
1448 3431 1730 3502 ἀνδρείως,

155 3538 291 3588 οὕτω
317 3536 380 3587 δὲ
412 3534 736 3600 ἐμπειρίαις
772 3528 1119 3597 πραγμάτων
1144 3526 1589 3597 μεμελετημένος
1636 3524 1730 3576 θά-

155 3644 313 3681 νατον
351 3622 609 3695 προφανῆ
653 3619 747 3673 τοῦ
795 3617 954 3688 ἡδέος
998 3616 1189 3669 τούτου
1240 3617 1480 3685 ἀλλάττῃ
1533 3614 1730 3677 φωτός.

166 3718 407 3775 Ἐπαινῶ
450 3731 545 3769 σου
574 3714 634 3767 τὸ
663 3710 949 3784 σταθερὸν,
978 3708 1094 3763 ἀλλ’
1128 3710 1177 3761 εἰ
1210 3706 1354 3760 κατά
1386 3706 1493 3759 τῶν
1521 3703 1734 3774 ἐχθρῶν

156 3816 428 3884 ίκέχρησο
466 3808 544 3878 τῷ
577 3807 1039 3881 πλεονεκτήματι.
1060 3802 1134 3855 T6
1165 3802 1221 3854 δὲ
1251 3802 1344 3853 καὶ
1376 3801 1606 3869 σιδήρῳ,
1640 3798 1735 3850 καὶ

158 3910 312 3979 πυρὶ,
337 3904 434 3959 καὶ
463 3903 646 3973 θηρσὶ,
666 3901 763 3953 καὶ
788 3897 958 3960 λίθοις
996 3895 1250 3950 παλαίειν
1294 3894 1504 3963 ἠλίθιον
1537 3891 1734 3961 κομιδῇ

158 4006 245 4054 καὶ
294 3998 417 4051 οὐδὲ
454 3993 652 4062 μανίας
713 3991 1016 4058 ἐλεύθερον.
1074 3989 1145 4040 ’Ἡ
1176 3988 1271 4055 οὐχ
1316 3987 1446 4056 ὁρᾷς
1478 3988 1525 4037 εἰ
1574 3985 1649 4053 μή
1686 4000 1738 4035 τι

159 4095 308 4156 ἀλλο,
339 4090 417 4151 ὡς
448 4087 709 4156 παρεῖται
735 4082 835 4151 μέν
896 4096 980 4132 σοι
1026 4078 1088 4131 τδ
1119 4080 1368 4148 γενναῖον
1401 4078 1500 4145 τῆς
1546 4077 1739 4147 ῥώμης

161 4189 252 4240 καὶ
278 4184 536 4247 λέλυταις
572 4176 787 4249 διαρρεῖ
813 4174 870 4228 δὲ
920 4174 1014 4227 καὶ
1063 4172 1197 4226 αὐτὸ
1230 4172 1331 4243 ἠδη
1363 4170 1423 4223 τὸ
1455 4170 1615 4240 σῶμα
1646 4170 1741 4222 καὶ

160 4284 410 4349 οἱχιταις
448 4274 659 4336 τούτοις
698 4274 725 4325 6
753 4268 963 4333 Λυσίας
1014 4265 1246 4321 ἐκλῦσαι
1290 4263 1610 4332 πανούργως
1650 4263 1740 4314 τὸν

163 4375 314 4424 τόνον
346 4368 500 4436 αύτῷ
528 4365 828 4435 ἀπεχείρει.
880 4361 941 4415 '0
966 4360 1049 4425 δὲ,
1092 4358 1183 4428 Μὴ
1212 4357 1349 4428 πρὸς
1373 4359 1469 4419 τὰς
1501 4356 1745 4423 δαπανη-

163 4466 350 4524 οείσας
382 4462 503 4519 ταῖς
528 4457 749 4527 μάστιξι
781 4458 991 4525 σάρκας
1015 4453 1233 4516 σκόπει,
1261 4448 1448 4520 φησίν’
1476 4448 1544 4516 ἃς
1573 4450 1620 4500 εἰ
1647 4446 1743 4499 καὶ

168 4558 240 4627 μὴ
308 4552 476 4614 αὐτὸς
533 4548 857 4610 ἀναλώσας,
902 4547 1019 4598 ἀλλ’
1051 4548 1079 4597 6
1107 4545 1337 4605 θάνατος
1387 4543 1633 4595 ἐπελθὼν
1680 4543 1739 4595 ού
1776 4539 1819 4594 D

166 4652 413 4718 φείσεται
443 4645 662 4707 πάντως
686 4659 700 4673 ·
724 4640 839 4695 ἀλλ’
863 4637 980 4693 ἔστί
1016 4654 1108 4708 μοι
1140 4636 1490 4707 προαίρεσις,
1518 4635 1585 4705 ἢν
1618 4635 1744 4687 οὔτε

166 4741 363 4814 ἀπειλὴ
398 4734 758 4807 καταπλήξει,
784 4732 911 4788 οὔτε
950 4733 1183 4804 βάσανος
1234 4729 1431 4799 ᾶψεται
1455 4744 1468 4758 ο
1523 4728 1748 4781 τούναν-

168 4837 276 4888 τίον
308 4837 411 4904 μὲν
439 4829 532 4884 οὖν
562 4830 710 4885 ἅπαν
738 4866 754 4895 ,
786 4827 882 4880 καὶ
916 4826 1150 4896 ῥώννυσι
1183 4824 1387 4898 μᾶλλον
1406 4821 1578 4890 αὐτὴν
1609 4820 1748 4890 ὑπὲρ

168 4926 408 4997 Χριστοῦ
451 4926 550 4976 καὶ
608 4918 1033 4991 προθυμοτέραν
1082 4916 1401 4988 ἐργάζεται.
1453 4914 1615 4969 Ὅθεν
1672 4915 1748 4983 μὴ

175 5017 429 5088 μάστιζε,
493 5013 629 5083 μηδὲ
667 5012 906 5084 ἀνάρτα,
952 5008 1087 5081 μηδὲ
1126 5007 1364 5073 διάξαινε
1402 5006 1587 5077 μόνον,
1612 5005 1752 5057 ἀλλά

174 5114 262 5165 καὶ
287 5112 458 5174 λίθοις
489 5106 781 5179 ammon
804 5106 936 5190 τε.»ρὶ
964 5103 1125 5165 δίδου,
1166 5102 1261 5153 καὶ
1302 5100 1413 5153 πᾶν
1447 5100 1587 5167 ὅπερ
1618 5096 1685 5150 ἂν

176 5207 483 5277 βουλομένῳ
516 5221 602 5256 σοι
644 5199 891 5264 δυνατὸν,
933 5198 1162 5265 ἐπάγειν
1206 5196 1281 5266 μὴ
1324 5192 1623 5261 ἀναϐάλλῃ.
1666 5191 1751 5253 Ὠς

177 5301 368 5354 θᾶττον
404 5294 471 5349 ἂν
501 5297 567 5347 σὺ
627 5292 874 5368 κολάζων
932 5291 1354 5358 ἀπαγορεύσῃς,
1381 5286 1415 5355 ἢ
1444 5284 1607 5345 αὐτὸς
1665 5283 1755 5336 διὰ

179 5391 410 5462 Χριστὸν
454 5386 699 5456 ἐμαυτοῦ
746 5385 1028 5455 φείσομαι.
1068 5380 1292 5452 Ἐχθρὸς
1336 5379 1393 5431 δὲ
1451 5379 1636 5438 ὁποῖος
1687 5375 1754 5429 ἂν

180 5487 362 5555 ἔτερος
414 5482 543 5553 ἐμοὶ
597 5478 695 5532 σοῦ
737 5478 1121 5549 χαλεπώτερος
1170 5476 1344 5539 ἔσται,
1376 5472 1609 5525 συνιδεῖν
1655 5470 1757 5521 οὐκ

183 5581 284 5647 εχω
305 5594 319 5608 ·
349 5579 407 5639 ὃς
430 5592 495 5644 γε
514 5576 577 5629 ού
604 5571 888 5641 πόρρωθεν
919 5568 1323 5641 ἀκροϐολίζεις,
1347 5565 1467 5620 οὐδὲ
1500 5564 1638 5616 κατὰ
1661 5561 1756 5613 τοῦ

185 5672 434 5740 σώματος
466 5666 638 5736 ἀφίης
672 5662 733 5716 τδ
769 5661 943 5731 βέλος,
976 5660 1090 5715 ἀλλ’
1123 5660 1292 5729 αὐτὴν
1344 5656 1637 5710 σκυλεῦσαι
1667 5671 1758 5721 φι-

182 5765 407 5821 λονεικίῖ
453 5763 555 5832 τῆς
582 5758 863 5819 εὐσεϐείας
890 5760 1070 5812 ὃπλων
1099 5758 1405 5828 γυμνωῖκκιιι
1426 5754 1523 5807 καὶ
1563 5750 1759 5820 δούλην

187 5850 491 5927 ἀπαγαγεῖν
526 5858 624 5908 καὶ
658 5851 1025 5926 αἰχμάλωτον.

1836 3267 2064 3333 pietate.
2089 3259 2175 3324 Et,
2234 3257 2422 3312 Sciant
2452 3266 2643 3309 omnes
2671 3249 2771 3312 dii,
2807 3248 3043 3311 diccbat,
3092 3250 3414 3311 Severiano,

1835 3354 1996 3410 valde
2032 3354 2224 3414 miror,
2262 3357 2528 3417 reputans
2560 3343 2708 3412 quod
2758 3342 2841 3395 vir
2871 3342 3092 3409 quidem
3125 3341 3261 3391 adeo
3308 3338 3419 3390 for-

1837 3466 1924 3506 ma
1967 3449 2209 3519 elegans,
2248 3452 2303 3499 ct
2353 3442 2499 3512 quod
2550 3437 2728 3493 videri
2777 3442 2975 3507 potest,
3012 3434 3189 3498 fortis,
3236 3441 3291 3485 et
3324 3432 3418 3500 qui

1839 3558 2023 3599 rerum
2092 3545 2297 3594 tantam
2358 3543 2555 3589 nactus
2618 3548 2678 3587 es
2737 3530 3164 3596 experientiam,
3228 3537 3416 3593 aperta

1839 3646 2076 3690 mortea
2136 3632 2290 3688 suavi
2350 3630 2453 3685 hac
2509 3628 2632 3682 luce
2689 3623 2963 3679 discedas.
3023 3619 3209 3673 Laudo
3268 3628 3416 3671 tuam

1839 3729 2193 3783 stabilitatem
2247 3734 2302 3781 et
2342 3722 2731 3781 constantiam,
2770 3717 2817 3771 si
2864 3732 2928 3771 ea
2966 3730 3097 3769 usus
3144 3728 3293 3770 esses
3325 3711 3422 3765 ad-

1839 3834 2034 3876 versus
2069 3821 2276 3871 hostes.
2322 3815 2461 3869 Cum
2516 3813 2662 3864 ferro
2710 3820 2915 3868 autem.
2946 3809 3092 3875 igne.
3139 3804 3330 3858 bestiis
3360 3812 3417 3856 et

1841 3914 2124 3984 lapidibus
2157 3911 2460 3972 decertare,
2494 3913 2580 3959 est
2629 3903 2793 3973 plane
2834 3899 3085 3961 stultum,
3123 3906 3176 3949 et
3218 3895 3416 3948 nonni-

1842 4004 1923 4060 hil
1971 4003 2131 4057 aliine
2186 3999 2433 4054 insaniae.
2490 3998 2573 4049 An
2622 4009 2733 4047 non
2783 3991 2938 4045 vides
2968 3991 3012 4044 si
3062 3987 3198 4041 nihil
3247 3988 3419 4045 aliud.

1843 4097 2011 4151 robur
2046 4089 2267 4163 quidem
2308 4097 2460 4141 tuum
2494 4101 2617 4140 esse
2657 4083 2892 4138 fractum
2960 4088 3018 4135 et
3070 4078 3421 4139 dissolutum,

1844 4189 2024 4257 ipsum
2061 4193 2245 4237 autem
2286 4193 2487 4247 corpus
2515 4179 2631 4240 jam
2678 4173 2926 4227 diﬂluere
2959 4184 3013 4224 et
3065 4170 3281 4239 perire?
3328 4170 3425 4220 His

1847 4281 2036 4351 Lysias
2118 4272 2315 4330 callide
2360 4266 2663 4325 conabatur
2702 4264 2823 4331 ejus
2863 4276 3128 4316 enervare
3168 4269 3425 4315 constan-

1848 4377 2001 4429 tiam.
2056 4372 2149 4424 llle
2192 4379 2379 4423 autem
2416 4365 2541 4420 :Ne
2589 4364 2929 4426 consideres,
2986 4362 3182 4428 inquit,
3232 4370 3426 4411 carnes

1847 4475 2207 4535 consumptas
2236 4460 2481 4531 ﬂagellis,
2527 4472 2661 4527 quas
2690 4456 2733 4509 si
2769 4463 2825 4505 tu
2853 4467 2962 4504 non
2993 4449 3424 4515 consumpseris,

1848 4571 1901 4616 at
1936 4574 2081 4613 mors
2120 4556 2418 4610 adveniens
2452 4550 2675 4604 minime
2720 4545 2945 4599 omnino
2979 4543 3059 4597 eis
3104 4538 3425 4611 parcet.Setl

1847 4664 1932 4707 est
1964 4651 2095 4705 mihi
2140 4651 2313 4703 libera
2344 4642 2511 4698 animi
2547 4642 2817 4701 voluntas,
2854 4651 3017 4705 quam
3051 4648 3230 4701 neque
3264 4632 3428 4684 minze

1850 4746 2155 4805 terrebunt,
2188 4754 2367 4809 neque
2397 4742 2728 4793 tormentum
2778 4730 3009 4797 attinget
3043 4743 3056 4779 :
3089 4735 3279 4778 contra
3325 4737 3429 4780 auo

1852 4848 1960 4892 tem
2000 4850 2121 4890 eam
2177 4832 2351 4899 magis
2402 4826 2629 4880 onmiuo
2666 4838 2767 4892 pro
2818 4820 3036 4875 Clu-isto
3084 4816 3428 4877 conﬁrmant,

1854 4926 2359 5000 promptioremque
2395 4916 2641 4981 alliciunt
2669 4926 2726 4969 et
2773 4912 3116 4967 alacriorctn.
3164 4907 3431 4974 Quocirca

1853 4990 1962 5070 non
1994 4990 2173 5068 solum
2202 5007 2383 5077 ﬂagris
2427 5003 2597 5063 caede,
2645 4999 2922 5069 suspende
2956 5004 3011 5049 et
3056 4995 3236 5047 lacera
3290 5010 3304 5044 :
3335 4990 3431 5044 sed

1853 5107 2019 5163 etiam
2051 5107 2227 5158 obrue
2275 5097 2568 5167 lapidibus,
2605 5103 2661 5148 et
2692 5093 2806 5160 iace
2843 5090 2896 5141 in
2947 5088 3152 5159 ignem,
3187 5096 3242 5138 et
3272 5085 3433 5153 quid-

1855 5198 2009 5270 quid,
2042 5194 2187 5266 quod
2225 5193 2308 5247 vis
2334 5200 2388 5245 et
2427 5198 2582 5258 potes
2612 5185 2814 5244 facere,
2849 5184 2906 5235 in
2941 5196 3028 5234 me
3062 5194 3131 5231 ne
3160 5174 3434 5229 cuuctcris

1855 5266 2145 5346 intentare.
2190 5284 2323 5339 Nam
2366 5293 2424 5336 tu
2463 5279 2571 5332 eris
2618 5277 2782 5330 citius
2823 5272 3076 5329 defessus
3127 5266 3434 5337 puniendo,

1856 5399 2019 5455 quam
2052 5398 2152 5451 ego
2208 5377 2343 5434 mihi
2397 5386 2616 5443 parcam
2667 5379 2893 5439 propter
2931 5365 3234 5424 Christum.
3274 5359 3436 5425 Quis-

1858 5491 1983 5530 nam
2030 5481 2214 5531 autetn
2249 5483 2300 5525 te
2334 5466 2467 5522 mihi
2524 5466 2741 5534 gravior
2777 5461 2996 5515 futurus
3049 5458 3121 5509 sit
3155 5455 3432 5515 inimicus,

1859 5584 1969 5623 non
2019 5579 2240 5635 possum
2293 5561 2655 5632 perspicere:
2706 5554 2799 5623 qui
2839 5566 2948 5605 non
3000 5548 3176 5603 solum
3216 5548 3437 5600 eminus

1858 5659 2140 5732 jacularis,
2178 5671 2242 5709 ac
2277 5658 2442 5708 telum
2484 5652 2538 5705 in
2576 5662 2772 5715 corpus
2823 5645 3093 5697 immittis.
3120 5642 3217 5695 sed
3248 5639 3440 5693 studes

1865 5755 2031 5823 ipsam
2070 5750 2303 5817 spoliare
2359 5747 2622 5802 animant,
2680 5752 2733 5793 et
2774 5754 2891 5791 eam
2944 5738 3168 5789 omnino
3221 5739 3432 5786 nudare

1867 5844 2034 5901 armis
2093 5842 2330 5913 pietatis,
2384 5846 2439 5893 et
2489 5850 2703 5890 servam
2740 5834 3013 5888 abducere
3053 5838 3111 5882 et
3141 5824 3433 5895 captivam.
