3970 6438
544 356 648 423 64⁸1

1776 353 2057 414 MENSIS
2100 354 2576 416 SEPTEMBER.

3707 360 3819 425 £48

619 471 725 527 Vll.
760 468 882 524 llaec
916 484 1039 523 cum
1074 468 1180 522 dux
1225 469 1508 529 audiisset,
1541 466 1802 521 continuo
1832 482 2121 536 personam

2299 470 2372 523 Z'.
2404 468 2627 523 Τούτων
2650 472 2677 523 ὁ
2709 468 2837 535 δοὺξ
2856 470 3118 537 ἀκούσας,
3138 472 3197 528 τέ
3238 475 3588 544 προσωπεῖον
3646 477 3819 539 εὐθὺς

548 576 603 623 et
650 579 866 622 scenam
918 562 1132 631 abiicit.
1185 572 1241 616 et
1295 576 1489 615 rursus
1542 571 1658 614 erat
1711 560 1898 631 Lysias
1988 575 2111 613 cum

547 658 707 713 solita
744 655 1069 710 crudelitate
1093 664 1143 708 et
1181 654 1539 717 immanitate,
1567 662 1618 706 et
1654 652 1810 722 jubet
1835 652 2109 721 lapidibus

547 747 759 804 conteri
798 762 861 801 os
890 747 1160 817 martyris,
1202 754 1257 799 et
1290 745 1488 799 deinde
1536 744 1702 798 etiam
1739 744 1787 797 ei
1827 744 2113 799 dictitari:

547 843 671 897 Noli
728 840 1006 895 Christum
1060 838 1382 893 crucifixum
1424 838 1478 891 in
1519 837 1701 907 lingua
1742 836 2118 899 circumferre,

549 952 727 1005 neque
770 936 919 988 illum
962 932 1446 989 commemorando
1499 947 1622 986 esse
1669 932 1930 987 molestus
1963 932 2120 987 ducis

548 1029 794 1081 auribus.
854 1025 959 1079 Sed
1028 1034 1284 1079 strenuus
1344 1024 1547 1078 athleta
1607 1024 1769 1077 etiam
1833 1024 2121 1078 decertans

550 1135 674 1173 cum
740 1118 830 1171 tali
890 1116 1180 1186 supplicio,
1235 1125 1412 1168 tamen
1452 1114 1865 1183 responsionem
1905 1129 2122 1183 quoque

551 1211 753 1279 adjecit
798 1227 811 1263 :
850 1210 1029 1270 Miser,
1072 1207 1287 1269 dicens,
1320 1208 1409 1276 qui
1466 1216 1611 1259 tuam
1655 1206 1899 1259 .animam
1957 1205 2123 1260 semel

553 1303 728 1357 fecisti
754 1303 1058 1355 daemonum
1103 1301 1496 1357 habitaculum.
1533 1301 1727 1351 merito
1757 1312 1827 1351 ne
1857 1296 1972 1352 solo
2000 1297 2123 1365 qui-

553 1396 674 1447 dem
707 1392 893 1445 auditu
915 1400 1069 1460 potes
1096 1388 1245 1443 ferre
1276 1390 1475 1442 Christi
1507 1388 1611 1440 mei
1651 1403 1873 1441 nomen.
1907 1387 1986 1440 Ad
2011 1388 2125 1442 hrcc

555 1501 747 1543 rursus
777 1486 881 1537 dux
912 1501 925 1535 :
960 1483 1090 1551 Ego,
1118 1497 1150 1535 o
1178 1481 1489 1535 Severiano.
1520 1480 1832 1533 existimans
1855 1488 1905 1531 te
1929 1478 2123 1533 factum

553 1593 676 1631 esse
737 1574 1151 1628 moderatiorem
1210 1572 1498 1625 tormentis
1556 1571 2010 1640 praecedentibus.
2068 1580 2122 1624 et

556 1682 863 1721 sermonem
914 1663 1150 1731 imperii.
1184 1671 1239 1715 et
1277 1677 1394 1729 qum
1424 1678 1559 1726 opus
1589 1672 1734 1723 sunt,
1766 1662 1909 1729 quod
1942 1664 2007 1713 ad
2042 1675 2128 1714 me

557 1761 775 1827 quidem
822 1757 1041 1816 attinet,
1089 1754 1254 1807 suasi.
1289 1754 1563 1817 Quoniam
1597 1763 1775 1807 autem
1810 1755 1923 1819 ipse
1960 1755 2128 1821 magis

558 1846 846 1901 contendis
892 1845 1108 1897 vincere
1145 1844 1325 1913 priora
1355 1844 1631 1904 secundis.
1663 1852 1718 1897 et
1747 1859 1864 1912 quae
1895 1859 2127 1913 prteces-
2161 1820 2201 1874 Β

560 1948 748 1993 serunt
775 1938 1175 2006 perpessiones,
1202 1936 1620 2004 exsuperatione
1646 1937 1826 1989 delere
1868 1938 2130 2005 posterio-

560 2047 705 2091 rum,
755 2038 816 2083 ut
856 2030 1092 2095 aliquam
1120 2026 1323 2080 referas
1358 2028 1583 2095 gloriam
1608 2042 1634 2079 ο
1662 2028 2010 2087 Christianis.
2037 2027 2129 2095 qui

560 2137 714 2190 aque
744 2135 807 2173 ac
842 2129 898 2173 tu
932 2127 1061 2171 sunt
1090 2118 1264 2181 stulti,
1305 2127 1354 2171 re
1384 2118 1701 2171 omnimodo
1729 2120 1935 2172 docebo
1965 2134 2130 2187 expe-

564 2215 781 2277 rientia,
814 2212 957 2281 quod
992 2223 1042 2265 te
1071 2221 1196 2265 tuus
1229 2210 1482 2266 Christus
1508 2226 1576 2265 ne
1612 2213 1881 2266 tantillum
1911 2214 2130 2282 quidem

558 2307 784 2376 jnverit.
831 2302 987 2356 Tunc
1017 2301 1371 2363 Severianus,
1414 2302 1504 2371 qui
1534 2301 1648 2370 ipse
1692 2318 1935 2370 quoque,
1994 2303 2136 2355 sicut

563 2397 781 2451 divinus
802 2394 1021 2457 Paulus,
1046 2402 1165 2448 erat
1192 2395 1386 2463 plenus
1411 2395 1594 2448 divino
1620 2394 1829 2463 Spiritu
1859 2411 1871 2446 :
1897 2394 2024 2457 Nos,
2054 2394 2137 2446 in-

563 2489 702 2557 quit,
723 2502 832 2539 non
866 2502 949 2547 ea,
981 2502 1102 2553 qua:
1134 2486 1404 2545 videntur,
1445 2499 1477 2537 o
1502 2485 1690 2552 judex,
1718 2485 1812 2539 sed
1848 2500 1911 2537 ea
1942 2486 2132 2551 etiam,

565 2596 687 2651 qua:
718 2595 826 2632 non
853 2579 1128 2639 videntur,
1172 2577 1590 2632 consideramus
1617 2578 1658 2630 ⁵.
1696 2576 1886 2631 Veniet
1918 2586 2125 2643 autem,

566 2674 656 2741 qui
691 2674 905 2735 liberat,
946 2682 1001 2724 et
1028 2681 1254 2723 sanctus
1279 2685 1308 2723 e
1336 2670 1473 2724 caelo
1494 2670 1754 2732 visitabit,
1789 2679 1845 2723 et
1876 2684 1995 2737 qua:
2022 2684 2053 2723 a
2085 2679 2136 2723 te

568 2763 621 2815 in
652 2775 737 2813 me
757 2760 1097 2813 intentantur
1115 2758 1399 2827 supplicia,
1421 2758 1604 2811 omnia
1638 2759 2052 2817 eﬂicietinania.
2080 2764 2145 2811 ut

567 2860 696 2905 sunt
747 2865 953 2904 revera.
1009 2848 1134 2903 Haec
1166 2864 1290 2903 cum
1340 2857 1541 2919 martyr
1588 2849 1984 2917 respondisset,
2031 2849 2139 2901 dux

570 2956 871 2996 conversus
926 2940 992 2993 ad
1052 2940 1472 2994 circumstantes
1523 2956 1537 2992 :
1585 2938 1875 3003 Quoniam,
1939 2940 2137 3009 inquit,

571 3034 900 3086 Severianus
940 3031 1289 3101 praesentium
1331 3030 1594 3084 malorum
1630 3038 1923 3103 exspectat
1954 3044 2138 3084 remu-

2218 563 2314 615 καὶ
2359 564 2461 633 τὴν
2492 563 2701 635 σκηνὴν
2747 563 3107 634 ἀπορρίπτει,
3169 567 3265 620 καὶ
3298 569 3505 632 Λυσίας
3540 565 3611 639 ήν
3638 570 3815 633 αὖθις

2225 653 2361 722 μετά
2389 654 2492 723 τῆς
2544 654 2813 725 συνήθους
2866 656 3142 725 ἀπηνείας
3194 658 3289 710 καὶ
3345 658 3447 728 τῆς
3495 660 3816 730 ὠμότητος,

2220 746 2389 809 λίθοις
2410 764 2468 799 τε
2487 748 2547 799 τὸ
2578 748 2920 817 μαρτυρικὸν
2943 749 3166 802 ἐκέλευε
3195 752 3583 821 συντρίϐεσθαι
3604 755 3815 823 στόμα,

2223 835 2343 893 εἶτα
2378 839 2470 892 καὶ
2505 839 2781 907 ἐπιλέγειν
2813 840 2963 910 αὺτῷ
2994 858 3008 873 ο
3046 841 3121 911 μὴ
3150 842 3242 894 ἐπὶ
3283 843 3379 911 τῆς
3423 844 3676 912 γλώττης
3710 863 3817 896 πε-

2226 934 2474 1002 ριφέρειν
2503 933 2595 985 τὸν
2636 936 3058 1004 ἐσταυρωμένον
3092 932 3353 1003 Χριστὸν,
3384 936 3520 1004 μηδὲ
3554 940 3623 1007 τῇ
3654 939 3813 989 ἐκεί-

2225 1043 2317 1077 νου
2379 1026 2569 1097 μνήμῃ
2605 1027 2705 1087 τὰς
2738 1025 2834 1077 τοῦ
2884 1025 3074 1087 δουκὸς
3130 1025 3323 1078 λυπεῖν
3370 1026 3559 1088 ἀκοάς.
3606 1027 3754 1079 Ἀλλ’
3793 1030 3821 1079 ό

2225 1119 2472 1184 γενναῖος
2510 1109 2665 1177 οὗτος
2694 1117 2873 1168 καίτοι
2920 1116 3058 1184 αὐτῇ
3098 1117 3349 1168 παλαίων
3388 1117 3637 1181 κολάσει,
3662 1118 3821 1183 ὅμως

2227 1209 2321 1260 καὶ
2340 1208 2397 1260 τὸ
2415 1208 2590 1261 αἴτιον
2612 1206 2927 1277 προσετίθει
2956 1225 2968 1237 ·
2996 1206 3205 1271 ’Λθλιε,
3220 1208 3417 1275 λέγων,
3436 1208 3717 1277 δαιμόνων
3736 1210 3821 1260 οἱ·

2227 1300 2490 1369 κητήριον
2507 1299 2653 1364 Ξιπαξ
2673 1302 2770 1369 τὴν
2789 1298 2956 1352 αὑτοῦ
2970 1300 3148 1369 ψυχήν
3166 1300 3562 1369 ποιησάμενος,
3581 1303 3821 1362 εἰκότως

2226 1392 2347 1443 οὐδὲ
2404 1394 2541 1461 ἀκοῇ
2578 1393 2714 1461 μόνῃ
2774 1393 2835 1444 το
2862 1392 2957 1444 τοῦ
3017 1391 3157 1461 ἐμοῦ
3220 1392 3461 1463 Χριστοῦ
3492 1394 3669 1461 ὄνομα
3734 1392 3823 1444 δι-

2233 1487 2485 1552 ενεγκεῖν
2514 1483 2763 1536 δύνασαι.
2814 1485 2954 1552 Ιιρὺς
3010 1486 3183 1537 ταῦτα
3222 1486 3385 1538 πάλιν
3415 1489 3442 1537 ὁ
3471 1486 3627 1550 δούξ·
3673 1486 3822 1551 Ἐγὼ

2233 1572 2681 1643 σωφρονέστερον
2714 1588 2775 1623 σε
2808 1572 3071 1637 γενέσθαι
3100 1574 3219 1633 ταῖς
3273 1573 3677 1641 προλαδούσαις
3718 1571 3820 1640 βα·

2233 1667 2413 1727 σᾶνοις
2440 1664 2666 1733 οίηθεὶς,
2687 1663 3010 1732 Σευηριανέ.
3032 1663 3129 1714 καὶ
3153 1663 3316 1728 λόγου
3376 1664 3689 1728 μετέδωκα,
3724 1661 3826 1713 καὶ

2231 1758 2299 1810 τὰ
2328 1756 2515 1810 δέοντα
2546 1757 2605 1808 τό
2639 1773 2702 1824 γε
2736 1758 2814 1818 είς
2846 1756 2948 1823 ἐμὲ
3009 1750 3167 1824 ἧκον,
3215 1753 3502 1823 παρῄνεσα
3528 1768 3542 1782 ·
3597 1752 3729 1803 ἐπεὶ
3763 1751 3823 1803 δὲ

2235 1850 2435 1919 μᾶλλον
2465 1848 2625 1909 αὐτὸς
2656 1851 2876 1916 νικῆσαι
2918 1848 3250 1916 φιλονεικεῐς
3295 1847 3406 1905 τοῖς
3437 1844 3719 1912 δευτέροις
3752 1846 3825 1892 τα

2234 1942 2497 2013 πρότερα,
2529 1940 2623 1991 καὶ
2661 1939 2728 1991 τά
2779 1938 3063 2006 φθάσαντα
3102 1937 3251 2007 πάθη
3298 1940 3361 2006 τῇ
3413 1935 3524 1987 τῶν
3562 1935 3822 1999 ὑστέρων

2235 2036 2508 2106 ὑπερϐολῇ
2539 2033 2889 2103 ἀμαυρῶσαι,
2915 2033 3061 2093 ὅπως
3091 2034 3212 2084 τινά
3232 2030 3324 2083 καὶ
3341 2029 3500 2093 δόξαν
3528 2027 3680 2098 παρὰ
3707 2028 3825 2079 τῶν

2234 2127 2318 2179 ἐπ’
2350 2126 2469 2194 ἴσης
2501 2127 2585 2178 σοὶ
2630 2124 2874 2192 ἀνοήτων
2916 2122 3194 2190 ἀπενέγκῃ
3246 2118 3615 2190 Χριστιανῶν,
3645 2118 3825 2187 πείρα

2237 2235 2295 2270 σε
2316 2215 2509 2279 διδάξω
2534 2215 2748 2276 πάντως
2770 2212 2975 2275 ὼςουδὲ
2996 2211 3171 2281 βραχύ
3199 2229 3257 2263 σε
3282 2211 3389 2280 ἄρα
3410 2212 3439 2262 ὀ
3465 2210 3555 2272 σὸς
3576 2208 3826 2280 Χριστὸς

2234 2309 2593 2375 ὠφελήσειεν.
2625 2304 2890 2358 Ἐνταῦθα
2918 2304 3267 2373 Σευηριανὸς,
3308 2304 3455 2357 θείου
3488 2304 3821 2371 Πνεύματος

2237 2403 2333 2455 καὶ
2357 2402 2518 2463 αὐτὸς
2556 2400 2698 2452 κατά
2739 2399 2951 2453 Παῦλον
2983 2400 3248 2469 πλησθείς
3271 2416 3285 2430 ·
3330 2400 3548 2469 Ἡμεῖς,
3574 2399 3815 2466 ἔφησεν,

2238 2495 2301 2549 οὗ
2353 2495 2421 2549 τὰ
2477 2494 2786 2565 βλεπόμενα
2832 2492 3006 2546 ταῦτα
3051 2493 3385 2563 σκοποῦμεν,
3436 2493 3574 2546 ἀλλά
3618 2492 3688 2544 τά
3747 2492 3827 2559 μὴ

2241 2588 2575 2657 βλεπόμενα,
2634 2586 2900 2638 δικαστά·
2954 2586 3077 2655 ἡξει
3130 2585 3187 2637 δέ
3246 2586 3276 2637 ὁ
3327 2584 3616 2652 ῥυόμενος,
3646 2584 3746 2633 καὶ
3800 2584 3830 2633 ὁ

2240 2682 2397 2746 ἀγιος
2436 2677 2497 2740 ἐξ
2523 2676 2751 2745 οὐρανοῦ
2799 2674 3299 2743 ἐπισκέψεταιμώ⁸
3329 2673 3428 2731 τὰς
3463 2673 3826 2740 ἐπαγομένας

2245 2771 2370 2839 ἐμοὶ
2439 2768 2589 2835 παρά
2651 2765 2746 2817 σοῦ
2810 2764 3061 2827 κολάσεις
3121 2763 3357 2833 ματαίας
3407 2762 3703 2827 ἀποδείξει,
3730 2762 3829 2814 καὶ

2242 2862 2407 2925 κενάς
2454 2860 2693 2923 ἁπάσας,
2747 2860 2884 2928 ὅπερ
2928 2855 3065 2911 ἐστί.
3128 2856 3314 2910 Ταῦτα
3383 2854 3476 2908 τοῦ
3539 2856 3828 2925 μάρτυρος

2243 2955 2705 3025 ἀποκριναμένου,
2768 2955 2796 3006 ὁ
2856 2952 2981 3016 δοὺξ
3053 2951 3191 3019 πρὸς
3252 2951 3380 3012 τοὺς
3437 2948 3826 3019 περιεστῶτας

2244 3045 2600 3115 ἐπιστραφείς
2622 3059 2633 3071 ·
2682 3044 2855 3103 Ἐπεὶ,
2895 3042 3049 3109 φησι,
3078 3041 3405 3108 Σευηριανὸς
3426 3038 3830 3110 δαψιλεστέρας

571 3124 903 3188 nerationes,
953 3123 1174 3177 interim
1222 3120 1459 3191 pendeat
1502 3120 1752 3175 sublimis
1792 3122 1846 3175 in
1888 3121 2054 3191 ligno,
2088 3130 2139 3173 et

2244 3139 2351 3191 τῶν
2415 3136 2699 3203 παρόντων
2759 3132 2945 3187 κακῶν
2997 3133 3095 3195 τάς
3145 3132 3445 3195 ἀντιδόσεις
3510 3131 3826 3199 ἐκδέχεται,

575 3214 741 3284 huius
769 3214 937 3267 latera
970 3214 1182 3284 ungula:
1212 3213 1402 3268 ferrem
1431 3223 1780 3268 consumant.
1814 3211 1933 3264 Sint
1958 3219 2139 3263 autem

575 3308 739 3360 etiam
770 3307 912 3361 circa
940 3322 1062 3360 eum
1088 3306 1371 3367 satellites,
1400 3313 1459 3357 ut
1488 3304 1863 3356 vehementius
1891 3303 2141 3366 lanietur,

574 3408 631 3451 et
660 3400 817 3451 nobis
846 3398 1053 3464 aliquas
1084 3396 1317 3449 fortasse
1348 3403 1469 3464 agat
1499 3394 1721 3465 gratias,
1755 3394 1845 3463 qui
1876 3398 1953 3449 sic
1980 3394 2142 3448 etiam

576 3489 828 3543 auctores
864 3503 1053 3543 sumus
1078 3488 1316 3557 plurium
1347 3489 1638 3543 bonorum.

656 3692 787 3745 Vill.
827 3692 951 3745 Haec
986 3692 1074 3745 ille
1104 3693 1320 3761 quidem
1354 3691 1508 3755 dixit,
1551 3689 1715 3744 veluti
1768 3689 2144 3755 subsannans;

582 3783 870 3839 multitudo
909 3791 1087 3837 autem
1129 3785 1378 3839 lictorum
1416 3782 1599 3837 statim
1636 3784 2064 3847 circumsistens,
2094 3791 2149 3837 et

580 3894 706 3933 eum
751 3875 982 3931 sublime
1029 3878 1245 3938 tollens,
1295 3878 1463 3929 latera
1512 3876 1782 3929 lacerabat
1834 3877 2145 3929 crudeliter.

582 3968 678 4023 Ille
712 3978 891 4021 autem
934 3988 947 4019 :
986 3967 1159 4021 Unam
1191 3968 1351 4028 hanc,
1393 3966 1629 4027 dicebat,
1679 3966 1886 4034 plagam
1929 3980 2147 4033 gravem

582 4059 853 4121 existimo,
895 4072 1017 4125 quae
1052 4072 1136 4110 me
1176 4072 1204 4108 a
1245 4056 1463 4109 Christo
1516 4054 1796 4125 disiungit.
1836 4054 1973 4107 Sunt
2022 4070 2150 4108 vero

584 4150 668 4204 hac
706 4163 896 4203 omnes
938 4147 1068 4201 mihi
1107 4149 1286 4218 potius
1326 4148 1605 4217 voluptati.
1653 4147 1735 4201 Me
1771 4147 1914 4201 enim
1959 4148 2027 4200 ab
2082 4147 2147 4203 iis

584 4256 705 4312 quae
731 4252 858 4296 sunt
892 4244 944 4295 in
970 4253 1132 4304 terra,
1167 4251 1502 4309 separantes,
1534 4241 1634 4295 soli
1672 4241 1889 4293 Christo
1918 4241 2148 4307 coniun-

589 4345 746 4402 gunt.
799 4334 1019 4386 Interim
1066 4343 1247 4385 autem
1298 4334 1406 4385 dux
1456 4333 1675 4400 quidem
1736 4332 1949 4385 dicebat
1989 4347 2003 4383 ι
2043 4331 2152 4384 Diis

586 4427 858 4486 sacriﬁca.
917 4424 1229 4490 Severiano,
1264 4434 1319 4477 et
1378 4423 1608 4477 liberare
1644 4437 1673 4475 a
1700 4423 2005 4493 suppliciis.
2058 4422 2147 4477 Ille

2249 3226 2669 3298 μετεωρισθήτω
2690 3226 2825 3287 τέως
2855 3227 2948 3277 ἐπὶ
2990 3223 3084 3276 τοῦ
3121 3224 3306 3289 ξύλου,
3333 3224 3425 3274 καὶ
3470 3225 3566 3282 τὰς
3621 3222 3824 3271 τούτου

2246 3322 2489 3389 πλευρὰς
2541 3320 2729 3384 ὄνυχες
2775 3319 2985 3386 σιδηροῖ
3014 3318 3411 3366 δαπανάτωςαν
3437 3330 3449 3342 '
3480 3314 3621 3363 ἔστω
3652 3312 3708 3362 δέ
3741 3330 3826 3373 τις

2248 3418 2373 3480 περὶ
2407 3412 2567 3460 αὐτὸν
2601 3408 2695 3460 καὶ
2730 3408 3047 3475 δορυφορία,
3076 3408 3223 3467 ὅπως
3256 3405 3659 3472 συντονώτερον
3704 3404 3829 3468 Emi-

2249 3519 2409 3564 νοιτο,
2433 3501 2523 3553 καί
2562 3517 2712 3561 τινας
2746 3500 2875 3559 ἴσως
2918 3499 3050 3567 ήμίν
3086 3496 3375 3563 ὁμολογοίη
3422 3498 3514 3546 καί
3562 3494 3828 3562 χάριτας,

2250 3593 2512 3646 πλειόνων
2551 3591 2719 3653 οὕτως
2762 3591 2955 3651 αἰτίοις
2992 3586 3212 3652 ἀγαθῶν
3231 3586 3381 3656 αῦτῴ
3413 3586 3750 3654 γινομένοις.

2322 3682 2401 3737 ll'.
2432 3682 2617 3735 Ἰἀῦτα
2647 3683 2677 3735 ό
2712 3684 2810 3751 μὲν
2839 3676 2950 3734 οἷον
2998 3680 3376 3748 ἐπιχλευάζων
3409 3675 3531 3731 εἷπε
3556 3694 3569 3707 ·
3604 3679 3828 3749 δημίων

2248 3779 2302 3831 δὲ
2338 3777 2536 3844 πλῆθος
2570 3776 2729 3835 εὐθὺς
2772 3773 3151 3842 περιστάντες.
3187 3778 3283 3824 καὶ
3313 3773 3503 3824 τοῦτον
3557 3773 3832 3841 μετεωρί-

2252 3883 2465 3928 σαντες,
2486 3869 2579 3925 τάς
2629 3866 2865 3934 πλευρὰς
2919 3863 3200 3929 ὠμότερον
3235 3863 3611 3925 διεσπάθιζον.
3644 3864 3706 3915 '0
3729 3866 3791 3917 δὲ
3813 3904 3828 3924 .

2251 3960 2397 4011 Μίαν
2434 3956 2669 4024 πληγὴν,
2703 3955 2881 4021 ἔλεγε,
2916 3953 3123 4023 ταύτην
3156 3954 3428 4006 ἐπώδυνον
3455 3954 3699 4023 ἥγημαι,
3726 3958 3832 4023 τὴν

2250 4048 2358 4119 ἀπὸ
2392 4048 2629 4117 Χριστοῦ
2656 4047 2947 4099 διιστὼσάν
2980 4063 3067 4117 με·
3094 4042 3251 4099 αὗται
3284 4046 3338 4097 δέ
3372 4062 3464 4115 μοι
3496 4046 3701 4117 μᾶλλον
3732 4052 3833 4099 καὶ

2252 4139 2587 4208 καθ’ήδονήν
2628 4141 2733 4189 εἱσι
2774 4139 2979 4189 πᾶσαι·
3010 4139 3116 4189 τῶν
3157 4139 3250 4188 ἐπὶ
3292 4136 3396 4203 γῆς
3444 4139 3552 4207 γάρ
3586 4155 3654 4207 με
3704 4138 3833 4191 δια·

2251 4234 2543 4298 τέμνουσαι
2575 4228 2795 4299 Χριστῷ
2821 4228 3153 4279 συνάπτουσι
3185 4228 3351 4294 μόνῳ.
3395 4226 3485 4277 Ἐν
3525 4229 3704 4296 τούτῳ
3728 4227 3833 4281 οὖν

2252 4321 2281 4371 ὁ
2321 4319 2419 4387 μὲν
2453 4317 2576 4381 δουξ
2600 4357 2614 4379 ,
2650 4317 2843 4380 Θῦσον,
2870 4316 3045 4381 ἔλεγε,
3070 4317 3175 4375 τοῖς
3198 4313 3361 4377 θεοῖς,
3388 4316 3709 4385 Σευηριανὲ,
3730 4321 3836 4371 καὶ

2255 4410 2361 4463 τῶν
2384 4408 2659 4462 κολάσεων
2677 4406 3045 4461 ἀπαλλάττου.
3077 4408 3136 4459 '0
3164 4408 3245 4471 δὲ,
3275 4408 3609 4460 τῶνέκείνου
3644 4411 3837 4479 ῥημά-

587 4535 719 4571 vero
750 4519 919 4587 ipsius
959 4518 1124 4569 verba
1157 4531 1224 4568 ne
1255 4516 1523 4569 tantillum
1558 4516 1776 4582 quidem
1807 4532 2025 4577 curans,
2058 4531 2139 4568 ne-

2257 4520 2363 4555 των
2385 4502 2504 4555 οὐδὲ
2528 4502 2585 4553 τὸ
2615 4500 2787 4571 βραχὺ
2814 4501 3136 4570 φροντίζων,
3162 4500 3282 4553 οὺδὲ
3316 4518 3460 4563 τινος
3494 4500 3661 4554 αὐτὸν
3693 4502 3835 4555 ἀπο·

586 4616 692 4680 Que
723 4626 846 4663 enm
895 4609 1072 4677 aliqua
1104 4606 1331 4678 dignaris
1378 4606 1748 4673 responsione,
1797 4608 1938 4671 apud
1966 4620 2026 4658 se
2063 4609 2152 4657 la-

586 4705 695 4757 cile
734 4702 1053 4770 loquebatur
1090 4716 1103 4753 :
1147 4698 1264 4752 Non
1299 4706 1428 4751 sunt
1472 4693 1645 4765 digna:
1686 4698 1967 4765 passiones
2011 4712 2156 4749 nunc

590 4789 875 4858 temporis,
913 4802 1033 4853 quae
1072 4785 1417 4837 conferantur
1447 4800 1567 4837 cum
1608 4784 1773 4854 gloria
1808 4782 2089 4838 revelanda
2115 4786 2152 4837 “.

590 4878 706 4931 Dux
748 4878 929 4944 itaque
963 4874 1213 4943 martyris
1247 4872 1543 4933 silentium,
1571 4880 1966 4940 contemptum,
2015 4874 2156 4927 sicut

588 4979 727 5032 erat,
777 4969 1093 5032 arbitratus,
1132 4966 1376 5036 graviora
1428 4967 1482 5017 in
1526 4978 1650 5016 eum
1686 4964 2026 5032 excogitabat
2059 4980 2073 5027 ;
2105 4974 2159 5018 et

591 5072 717 5111 cum
765 5070 891 5110 enm
940 5062 1006 5110 de
1052 5056 1198 5125 ligno
1245 5055 1611 5122 deposuisset,
1660 5054 1879 5109 deducit
1918 5056 1983 5109 ad
2040 5071 2158 5108 mtt-

590 5162 760 5213 rum;
812 5164 1044 5219 cumque
1096 5151 1232 5203 duos
1260 5146 1463 5217 lapides
1514 5150 1774 5201 maximos
1806 5158 1860 5202 ct
1905 5149 2158 5218 gravissi-

593 5256 733 5305 mos,
786 5256 951 5294 unum
984 5242 1201 5310 quidem
1251 5241 1413 5302 collo,
1446 5239 1678 5293 alterum
1718 5248 1903 5292 autem
1942 5240 2159 5309 alligas—

592 5341 675 5387 set
712 5333 963 5403 pedibus,
1000 5343 1364 5403 etmartyrem
1408 5334 1533 5386 tunc
1556 5331 1830 5396 cinxisset,
1868 5331 2087 5386 dimittit
2125 5346 2155 5385 e

592 5440 752 5479 muro
769 5426 997 5480 sublime
1020 5426 1366 5496 pendentem,
1388 5426 1695 5491 utlapidum
1728 5424 1963 5493 pondere
1988 5438 2158 5477 mem-

592 5522 711 5577 bris
748 5520 796 5573 ei
828 5518 1078 5593 divulsis,
1128 5516 1392 5570 violenter
1430 5518 1716 5584 abrumpat
1753 5515 2011 5569 animam.
2050 5515 2155 5570 Sed

595 5628 785 5669 revera
818 5611 871 5666 in
914 5619 966 5663 te
996 5605 1255 5678 speravit,
1291 5607 1538 5671 Domine,
1580 5615 1635 5661 et
1675 5622 1783 5662 non
1814 5616 1898 5663 est
1927 5607 2153 5662 aﬂ’ectus

598 5782 679 5835 'll
711 5782 835 5835 Cor.
869 5796 943 5847 tv,
1001 5778 1086 5833 18.
1199 5778 1218 5809 ⁸
1248 5776 1405 5833 Rom.
1438 5782 1557 5843 Vill,
1582 5773 1669 5831 18.

2256 4596 2487 4663 κρίσεως
2545 4592 2735 4655 ἀξιῶν,
2762 4594 2876 4644 Οὐκ
2933 4591 3160 4653 ἄξια,ἐν
3220 4592 3399 4660 ἑαυτῷ
3429 4594 3714 4659 ὑπελάλει,
3760 4596 3835 4646 τὰ

2254 4684 2560 4751 παθήματα
2608 4681 2703 4732 τοῦ
2757 4681 2851 4732 νῦν
2916 4680 3111 4747 καιροῦ
3165 4682 3300 4749 πρὸς
3353 4683 3452 4750 τὴν
3515 4684 3834 4750 μέλλουσαν

2252 4774 2709 4843 ἀποκαλυφθῆναι
2738 4772 2917 4835 δόξαν.
2964 4772 3021 4825 'U
3053 4773 3179 4840 δοῦξ
3217 4774 3397 4826 τοίνυν
3450 4774 3552 4845 τὴν
3615 4777 3836 4846 σιωπὴν

2254 4868 2348 4921 τοῦ
2385 4868 2662 4935 μάρτυρος
2696 4864 3279 4935 καταφρόνησιν,ὅπερ
3311 4861 3402 4937 ἦν,
3451 4865 3707 4938 νομίσας,
3729 4867 3836 4938 βα.-

2260 4962 2463 5032 ρύτερα
2492 4960 2613 5014 κατ’
2646 4961 2813 5014 αὑτοῦ
2845 4963 3144 5023 ἐπενοεῖτο,
3172 4963 3266 5013 καὶ
3295 4961 3391 5013 τοῦ
3422 4962 3582 5025 ξύλου
3631 4966 3835 5021 τοῦτον

2258 5052 2609 5121 καταγαγὼν,
2629 5054 2719 5105 ἐπὶ
2740 5054 2801 5105 τὸ
2816 5056 2990 5123 τεῖχος
3011 5054 3205 5121 ἀνάγει
3224 5055 3316 5108 καὶ
3330 5055 3422 5108 δύο
3442 5058 3598 5118 τινὰς
3621 5058 3833 5123 λίθους,

2255 5148 2315 5198 τὸ
2352 5145 2579 5217 μέγεθος
2612 5144 2922 5214 μεγίστους.
2947 5145 3129 5215 βαρεῖς
3155 5148 3251 5216 τὴν
3276 5146 3461 5215 ὁλκὴν,
3490 5148 3582 5201 τὸν
3608 5151 3710 5219 μὲν
3740 5152 3834 5205 τοῦ

2253 5238 2549 5307 τραχήλου,
2585 5238 2675 5289 τὸν
2714 5237 2768 5290 δὲ
2800 5238 2907 5289 τῶν
2944 5238 3121 5289 ποδῶν
3155 5238 3412 5303 ἐκδήσας,
3460 5241 3557 5294 καὶ
3610 5245 3836 5316 σχοινίῳ

2263 5330 2423 5383 πάλιν
2453 5330 2543 5381 τὸν
2597 5330 2848 5401 μάρτυρα
2904 5329 3174 5392 διαζώσας
3231 5330 3506 5403 μετέωρον
3568 5336 3678 5387 ἀπὸ
3736 5338 3834 5389 τοῦ

2262 5424 2474 5492 τείχους
2526 5423 2773 5493 ἀφίησιν,
2798 5423 2941 5486 ὅπως
2968 5424 3043 5491 τῷ
3068 5423 3177 5474 τῶν
3212 5423 3373 5478 λίθων
3404 5426 3563 5493 βάρει
3586 5428 3696 5480 τῶν
3734 5447 3835 5498 με-

2263 5515 2372 5568 λῶν
2400 5516 2847 5567 διασπασθέντων
2893 5512 3064 5582 αὐτῷ,
3104 5514 3293 5584 βιαίως
3325 5514 3625 5586 τὴνψυχὴν
3656 5520 3834 5588 ἀπορ-

2264 5608 2423 5678 ῥήξῃ.
2450 5605 2585 5657 Ἀλλ’
2604 5605 2771 5669 ὅντως
2798 5608 2889 5659 ἐπὶ
2910 5605 3011 5671 σοὶ,
3031 5604 3220 5677 Κύριε,
3240 5607 3459 5675 ήλπισε,
3479 5609 3573 5660 καὶ
3595 5612 3657 5660 οὺ
3677 5624 3838 5676 xam-
