3970 6452
150 389 254 453 619

1266 378 1729 441 MARTYRIUM
1773 376 1834 444 S.
1873 374 2309 437 SEVERIANI.

3283 374 3388 439 650

152 507 376 577 σχῦνθη.
422 506 489 559 ἠ
520 507 619 576 μὲν
656 509 763 575 γὰρ
812 508 917 557 τῶν
957 505 1136 576 μελῶν
1187 504 1476 565 διάπλασις
1510 502 1609 571 τῆς
1647 500 1724 553 ol-

1837 482 2046 568 puilore.
2081 499 2213 554 Nam
2236 501 2599 555 membrorum
2628 501 2843 571 quidem
2873 501 3043 557 forma
3065 515 3093 555 a
3116 514 3212 555 sua
3242 516 3396 555 com-

150 598 303 661 κείας
340 600 615 667 ἀρμοσίας
648 599 907 653 διεσπᾶτο
939 597 1032 650 καὶ
1056 597 1123 650 τὰ
1158 598 1293 650 ὀστᾶ
1338 594 1448 648 τῶν
1503 593 1721 662 σαρκῶν

152 689 492 757 ἑγυμνοῦτο·
525 690 556 757 ὴ
589 689 646 741 δὲ
679 690 997 759 προαίρεσις
1028 690 1163 751 ὅλως
1210 683 1279 758 ἦν
1326 687 1564 755 ἀπαθής.
1596 687 1720 738 Δια-

150 779 366 845 παίζων
390 780 445 833 δὲ
478 781 642 833 αὑτὸν
689 782 895 835 ἀνωθεν
928 786 1019 833 καὶ
1046 783 1073 833 ὁ
1099 780 1325 841 Λυσίας·
1376 776 1721 846 ’Υπὸμεινον,

150 871 332 941 ιλεγε,
362 872 684 941 Σευηριανὲ,
710 872 846 942 τάχα
874 873 982 940 γὰρ
1012 871 1155 924 οὕτω
1189 868 1340 940 παρὰ
1369 867 1447 938 τῷ
1481 866 1555 935 σῷ
1589 868 1724 936 Χρι-

152 964 265 1033 στῷ
312 964 410 1016 καὶ
440 968 466 1018 ὁ
505 964 693 1034 μισθός
726 982 806 1017 σοι
863 965 1066 1034 μείζων
1098 962 1482 1032 mnos-mne
1516 960 1724 1030 μάρτυς

150 1052 205 1105 δὲ
235 1058 331 1106 καὶ
364 1055 632 1107 ἐκλείπων
664 1056 785 1125 ἤδη,
813 1058 907 1108 καὶ
938 1057 1075 1124 πρὸς
1098 1054 1416 1115 τελευταίας
1451 1050 1725 1109 ἀναπνοὰς

152 1141 261 1207 ὣν,
300 1145 361 1196 Εἰ
396 1145 564 1215 ᾔδεις,
602 1146 780 1214 ἔλεγε,
829 1146 1083 1215 τύραννε,
1110 1144 1233 1197 τίνα
1294 1159 1384 1212 μοι
1446 1140 1725 1211 προξενεῖς

152 1236 277 1287 ἀντὶ
303 1239 893 1308 τοὺτου,ἐπεθύμησας
934 1237 999 1291 ἂν
1024 1236 1093 1289 τὰ
1137 1236 1229 1289 ίσα
1264 1236 1355 1287 καὶ
1399 1233 1561 1295 αὑτὸς
1594 1232 1725 1283 ὑπο-

153 1329 375 1395 στῆναι·
411 1329 465 1380 τὶ
512 1328 689 1397 δηλῶν
742 1328 1014 1390 ἐντεῦθεν,
1046 1328 1129 1380 ὅτι
1186 1327 1281 1379 καὶ
1343 1324 1605 1395 μειζόνων
1638 1321 1725 1375 διὰ

152 1419 386 1487 Χριστὸν
418 1418 593 1473 ἀλλων
638 1418 850 1489 ἠφίετο.
897 1418 1207 1489 Θαυμάζων
1251 1417 1431 1470 τοίνυν
1464 1417 1492 1468 ὁ
1523 1415 1727 1477 Λυσίας

152 1511 242 1561 ἐπὶ
274 1513 345 1579 τῇ
375 1511 616 1584 τοσαύτῃ
640 1512 734 1564 τοῦ
767 1512 958 1582 ἀνδρὸς
986 1514 1232 1583 ὑπομονῇ
1267 1528 1326 1563 τε
1354 1512 1447 1562 καὶ
1481 1508 1726 1577 γενναιό-

149 1615 294 1671 τητι,
329 1603 425 1655 καὶ
460 1603 695 1672 μάλιστα
729 1605 815 1674 ἐφ’
848 1599 927 1666 οἷς
955 1603 1225 1672 εὐκαίρως
1283 1601 1447 1666 οὕτω,
1487 1601 1729 1666 καίτοιγε

150 1694 414 1757 τοιούτοις
443 1696 853 1767 ἀπειλημμένος
882 1698 1097 1759 κακοῖς,
1128 1696 1493 1765 ἀπεκρίνατο·
1523 1694 1723 1762 ’ῼμην,

153 1786 279 1855 ἔφη,
312 1788 630 1859 Σευηριανὲ.
672 1789 894 1858 ἰδιώτην
925 1784 1085 1850 ,εἷναί
1126 1805 1209 1848 σε,
1241 1788 1334 1840 καὶ
1384 1786 1727 1857 γραμμάτων

154 1876 497 1942 ἀπαίδευτον,
525 1875 612 1931 οἶα
646 1879 954 1947 opuntiiqu
987 1878 1138 1941 ὅντα,
1170 1879 1263 1931 καὶ
1311 1878 1437 1945 περὶ
1469 1877 1725 1947 πολέμοις

152 1967 239 2018 ἀεὶ⁵
275 1970 725 2039 γυμναζόμενον*
753 1969 867 2023 ἀλλ’
901 1968 976 2032 ὡς
1004 1969 1140 2041 ὁρῶ,
1165 1969 1334 2032 πολὺς
1358 1965 1409 2020 εἷ
1431 1970 1530 2039 τὴν
1559 1970 1729 2037 γλῶτ-

153 2075 271 2125 ταν,
290 2063 388 2113 καὶ
415 2062 597 2129 λέγειν
629 2064 1093 2135 ῥητορικώτατος.
1127 2063 1270 2131 Πρὸς
1293 2062 1467 2115 ταῦτα
1522 2063 1727 2114 ὑπολα-

155 2151 312 2206 ϐὼνὸ
338 2154 513 2222 ἀγιος·
560 2157 617 2209 ’0
646 2156 801 2223 Θεὸς,
853 2157 1038 2226 φησὶν,
1151 2154 1259 2224 ἐγὼ
1291 2156 1558 2227 λατρεύω,
1598 2156 1728 2209 ὑποο

159 2248 468 2318 στήσασθαι
504 2251 680 2304 πάντα
707 2249 928 2313 δυνατὸς
958 2250 1054 2314 ὢν,
1089 2249 1155 2303 ἂν
1202 2248 1420 2320 ἰδιώτην
1450 2248 1610 2321 λάθῃ,
1638 2265 1727 2300 σου

90 2326 101 2341 ’
156 2336 255 2404 φὺν
289 2340 695 2409 ἀπεργάζεται,
716 2342 784 2395 ἂν
815 2343 1009 2408 δειλὸν,
1028 2343 1272 2412 ἀνδρεῖον
1314 2344 1478 2406 ποιεῖ,
1510 2344 1574 2395 Ξιν
1603 2356 1730 2410 μογ-

156 2430 379 2498 γιλάλον
441 2434 537 2487 καὶ
601 2434 1039 2504 βραδὺγλωσσον,
1082 2435 1325 2503 εὔφωνον
1379 2437 1587 2506 ῥήτορσ-
1638 2434 1734 2487 καὶ

158 2525 367 2592 κομψὸν
422 2527 791 2581 ἀναδείκνυσι.
840 2526 1028 2580 Ταῦτα
1079 2525 1222 2593 εἷπε,
1268 2531 1363 2581 καὶ
1418 2530 1590 2598 βραχὺ
1637 2532 1733 2592 τὰς

158 2619 349 2687 χεῖρας
400 2617 746 2689 διανασχὼν,
786 2618 1111 2692 Εὐχαριστῶ
1147 2636 1251 2685 σοι,
1309 2619 1478 2691 Κύριε
1519 2622 1546 2672 ὁ
1577 2620 1729 2683 Θεὸς,

159 2708 286 2778 ἔφη,
335 2711 419 2763 ὅτι
466 2712 757 2781 ἐνίσχυσάς
817 2728 920 2782 με,
960 2714 1055 2766 καὶ
1108 2712 1230 2766 ἔθου
1292 2712 1444 2780 τόξον
1502 2711 1734 2783 χαλκοῦν

159 2802 285 2863 τοὺς
318 2800 615 2872 βραχίονάς
647 2820 770 2873 μου,
818 2804 915 2856 καὶ
974 2804 1195 2874 ὲρρὑω
1247 2806 1345 2875 τὴν
1406 2806 1584 2875 ψυχήν
1635 2822 1735 2875 μου

162 2893 268 2946 ἀπὸ
302 2893 539 2957 ἀσεϐοῦς
571 2894 869 2966 ῥομφαίας,
902 2895 1009 2949 ἀπὸ
1040 2896 1249 2966 ἐχθρῶν
1279 2897 1380 2965 τῆς
1413 2898 1592 2966 χειρός
1618 2915 1732 2958 σου,

161 2984 253 3035 καὶ
291 2985 402 3037 ἀπὸ
436 2985 546 3037 τῶν
606 2987 1060 3058 ἐπανισταμένων
1112 2988 1199 3043 ἐπ’
1252 2988 1353 3058 ἐμὲ
1397 2988 1619 3057 Demsi;
1646 3005 1733 3057 με.

160 3074 266 3126 Καὶ
319 3074 417 3126 νῦν
465 3077 524 3127 ὲν
570 3064 693 3140 ταῖς
762 3078 956 3142 αὐλαῖς
1015 3098 1133 3146 σου,
1195 3082 1463 3144 Δέσποτα,
1515 3083 1574 3134 ὲν
1626 3084 1735 3143 τοῖς

161 3163 390 3231 ἀγαθοῖς
428 3164 521 3218 τοῦ
578 3168 729 3221 οἴκου
765 3184 858 3221 σου
899 3172 1330 3240 κατασκήνωσόν
1368 3191 1435 3240 με
1472 3190 1486 3203 υ

162 3257 543 3327 φραινομένων
620 3260 838 3314 πάντων
870 3263 903 3331 ὴ
939 3261 1196 3315 κατοικία
1249 3263 1307 3315 ἐν
1369 3264 1473 3315 σοί.
1519 3264 1737 3333 Ταύτην

162 3349 350 3420 Κυρίῳ
376 3350 478 3421 τὴν
507 3352 673 3421 εὐχὴν
708 3354 963 3421 ἀποδοὺς,
986 3354 1149 3417 εὐθὺς
1170 3355 1321 3426 αὑτῷ
1349 3355 1736 3409 συναποδίδωσι

164 3443 254 3495 καὶ
310 3442 374 3496 τὸ
421 3444 664 3515 πνεῦμα,
719 3447 947 3517 ὲννάτην
1012 3447 1133 3501 τότε
1189 3447 1284 3502 τοῦ
1361 3447 1740 3520 Σεπτεμϐρίου

166 3534 332 3603 μηνὸς
360 3535 607 3603 ἄγοντος.

231 3624 309 3677 9'.
338 3625 418 3694 Τῇ
452 3625 509 3677 δὲ
530 3627 655 3695 ἑξῆς
674 3668 690 3694 ,
720 3628 829 3682 τῶν
861 3630 1101 3683 εὐσεϐῶν
1131 3648 1295 3695 τινες,
1331 3632 1412 3695 οἷς
1434 3632 1630 3696 διαζῶν
1659 3633 1737 3685 ἔτι

166 3718 229 3773 τὰ
258 3717 390 3785 περὶ
419 3720 519 3789 τῆς
541 3721 719 3791 ταφῆς
745 3721 773 3773 ὁ
805 3722 1016 3793 μάρτυς
1038 3724 1369 3795 ἐπέσκηψεν,
1396 3726 1487 3777 ἐπὶ
1517 3726 1575 3778 τὸ
1606 3726 1737 3779 αὑτὸ

168 3814 513 3877 συνελθόντες
541 3814 633 3867 καὶ
654 3814 714 3866 τὺ
734 3815 1073 3886 μαρτυρικδν
1100 3817 1308 3870 ἐκείνου
1328 3818 1489 3887 σῶμα
1511 3818 1737 3889 διαπρεη

170 3908 281 3969 πῶς
314 3907 795 3977 περιστείλαντες,
830 3909 928 3962 καὶ
963 3908 1167 3980 ὕμνους
1200 3910 1285 3962 ἐπ’
1312 3911 1481 3980 αὑτῷ,
1515 3916 1604 3962 καὶ
1637 3913 1736 3963 ὅσα

168 3996 517 4065 Χριστιανοῐς
547 3999 707 4066 νόμος
742 3998 1175 4065 διατελέσαντες,
1206 3998 1498 4064 ποθούσαις
1529 4001 1645 4071 ἅμα
1682 4002 1738 4055 δὲ

170 4086 488 4158 σεδομέναις
513 4089 702 4160 χερσὶν
729 4088 1063 4161 ἀνελόμενοι,
1101 4090 1191 4145 διὰ
1222 4093 1398 4164 μέσης
1437 4094 1630 4157 νυκτὸς
1658 4097 1737 4157 είς

166 4182 261 4253 τὴν
283 4182 525 4253 πατρίδα
548 4181 643 4235 τοῦ
669 4183 947 4255 μάρτυρος
969 4185 1313 4255 ἀνεκόμιςον.
1337 4185 1490 4237 Ἐπεὶ
1518 4185 1575 4238 δὲ
1600 4186 1737 4238 κατά

166 4290 215 4325 τι
244 4275 445 4344 χωρίον
468 4274 1041 4345 ἀφίκοντο,νμηνὺεται
1067 4278 1164 4345 μὲν
1184 4280 1249 4348 τῇ
1281 4276 1501 4348 πατρίδι
1529 4278 1737 4333 ἐκεῖθεν

170 4368 197 4435 ἡ
219 4366 311 4419 τοῦ
335 4365 595 4436 λειψάνου
612 4365 880 4438 ἐπιδημία
897 4382 913 4397 ’
937 4370 1029 4422 καὶ
1049 4369 1280 4433 ἕκαστος
1301 4387 1357 4423 τε
1386 4372 1738 4441 προῦπαντᾷν

167 4458 361 4513 ἐνενόει
382 4501 397 4526 ,
436 4460 528 4511 καὶ
557 4460 691 4529 ὁμοῦ
725 4460 928 4522 πάντες
958 4457 1209 4531 ἐξῄεσαν,
1244 4459 1337 4511 καὶ
1369 4458 1541 4521 οὐδεὶς
1579 4455 1646 4528 ἦν
1678 4459 1736 4520 ὃς

165 4550 259 4602 οὑκ
285 4551 499 4619 ἐφοίτα,
523 4552 584 4602 οὑ
603 4553 800 4621 γέρων,
819 4552 877 4603 οὐ
908 4555 1055 4614 παῖς,
1084 4552 1183 4601 οὑκ
1209 4548 1458 4618 ἀσθενὴς,
1483 4548 1543 4602 οὑ
1575 4549 1735 4618 φύσει

167 4641 399 4711 βραδύς·
431 4641 547 4695 ἀλλ’
571 4644 799 4707 ἕκαστος
834 4642 1190 4715 προαρπάσαι
1222 4643 1321 4712 τὴν
1347 4643 1595 4711 εὐλογίαν
1626 4642 1740 4695 ἐνό-

168 4734 285 4803 μιζε
307 4775 324 4800 ,
365 4734 527 4804 μόνον
560 4736 608 4788 εί
646 4735 869 4805 φθάσειε
904 4734 981 4806 τῷ
1014 4735 1251 4805 λειψάνῳ
1286 4736 1734 4806 προῦπαντήσας.

168 4827 319 4881 Οὑτω
346 4829 529 4882 τοίνυν
573 4830 828 4882 ἁπάντων
880 4831 977 4882 σὺν
1012 4827 1290 4899 προθυμίᾳ
1322 4827 1691 4896 ἐπειγομένων
1717 4869 1733 4894 ,

166 4919 347 4972 δούλου
398 4921 695 4983 τεθνεῶτος
742 4919 974 4986 σύζυγος
1027 4917 1386 4971 ὑπολέλειπτο
1436 4918 1572 4987 μόνη
1622 4918 1734 4987 (τε-

169 5011 481 5079 τελευτήκει
511 5014 622 5084 γάρ
652 5031 734 5077 τις
770 5012 892 5065 κατ’
927 5012 1103 5064 ἐκεῖνο
1134 5008 1325 5082 καιροῦ
1357 5008 1463 5061 τῶν
1484 5007 1576 5061 τοῦ
1600 5008 1737 5079 μάρ-

170 5121 324 5180 τυρος
358 5103 631 5171 οίκετῶν)·
666 5099 843 5172 καὶῆν
872 5105 936 5171 τῇ
958 5102 1176 5171 γυναικὶ
1202 5102 1376 5171 πικρὰ
1390 5100 1586 5162 πάντα,
1608 5100 1643 5169 ἥ
1677 5118 1735 5152 τε

170 5195 251 5248 τοῦ
275 5195 467 5265 ἀνδρὸς
500 5193 672 5263 ζημία
712 5196 805 5247 καὶ
845 5198 878 5262 η
908 5194 1002 5246 τοῦ
1036 5191 1476 5263 παρακαλοῦντος
1512 5194 1735 5262 ἐρημία,

171 5288 258 5338 καὶ
278 5289 336 5339 τι)
362 5286 437 5356 μὴ
461 5288 605 5355 ἔχειν
626 5286 773 5347 ὅπως
793 5288 873 5349 εἰς
905 5285 1203 5354 ὑπάντησιν
1222 5282 1312 5336 καὶ
1331 5281 1465 5349 αὑτὴ
1487 5284 1735 5346 συνεξίοι.

172 5378 316 5447 Μόνη
345 5380 520 5432 τοίνυν
546 5379 693 5430 ἔνδον
728 5377 1138 5446 ὑπολειφθεῖσα,
1161 5375 1349 5445 ἐπειδὴ
1388 5374 1618 5443 ἐζήτησε
1646 5376 1735 5426 τὸν

173 5470 611 5541 παρακαλοῦντα,
635 5469 728 5521 καὶ
750 5470 847 5539 οὑχ
874 5471 1106 5541 ὑπῆρξε,
1132 5469 1224 5523 καὶ
1248 5468 1339 5522 τὸν
1368 5466 1739 5536 συλλυποὺμε-

171 5576 269 5625 νον,
292 5564 385 5614 καὶ
401 5564 501 5613 οὑκ
525 5556 673 5632 εὗρε,
698 5562 1053 5631 παραθεμένη
1074 5562 1163 5613 τὸν
1181 5560 1273 5613 τοῦ
1296 5561 1527 5627 συζύγου
1547 5561 1739 5629 νεκρὸν

167 5653 443 5710 ἐκόπτετο.
482 5654 734 5720 ἔστενεν,
765 5653 1097 5725 ὠλοφύρετο.
1134 5651 1219 5707 οἷα
1250 5654 1409 5721 ζῶντι
1443 5654 1518 5725 τῷ
1552 5656 1737 5724 τεθνη-

266 5795 284 5826 ⁷
313 5794 453 5849 l‘sal.
493 5810 628 5875 xru,
654 5793 725 5848 30
748 5809 898 5865 seqq.

480 5889 756 5951 Ρλτιιοι..
799 5890 914 5951 GR.
949 5889 1122 5952 CXV.

1824 605 1957 662 page
1983 590 2369 654 divellebalur,
2395 600 2451 646 et
2474 607 2594 648 ossa
2630 592 2974 647 uudabantur
3002 593 3388 656 carnibus,\'o-

1824 683 2003 737 luntas
2038 692 2222 737 autem
2246 694 2300 738 et
2328 684 2562 739 liberum
2596 684 2763 738 animi
2795 684 3098 739 institutum
3132 695 3247 739 erat
3272 700 3393 739 om-

1824 774 1955 827 nino
1980 774 2298 843 impatibile.
2333 775 2467 829 Eum
2500 786 2678 829 autem
2715 791 2783 829 ex
2812 777 2922 829 alto
2949 776 3237 829 ludificans
3290 775 3396 846 Ly-

1826 867 1934 919 sias
1966 883 1979 919 :
2011 865 2258 930 Sustine,
2287 866 2844 933 dicebat,Severiane,
2877 868 3107 921 fortasse
3145 867 3291 920 enim
3317 869 3395 920 Sit“.

1826 957 1966 1024 apud
1993 957 2267 1012 Christum
2301 958 2405 1014 erit
2444 959 2539 1013 tibi
2580 959 2750 1027 major
2790 972 3019 1012 merces.
3051 956 3247 1029 Martyr
3296 973 3393 1016 au-

1828 1057 1936 1101 tem
1970 1064 2092 1103 cum
2119 1049 2229 1119 jam
2268 1049 2545 1115 deficeret,
2591 1058 2644 1103 et
2671 1058 2971 1103 extremum
3008 1057 3190 1117 ageret
3222 1048 3391 1117 spiri-

1829 1147 1965 1204 tum,
2001 1138 2057 1193 Si
2119 1140 2308 1205 scires,
2342 1150 2586 1211 tyranne,
2620 1140 2855 1202 diccbat,
2898 1154 3143 1208 quaenam
3181 1154 3279 1210 pro
3311 1139 3395 1195 his

1828 1232 1959 1285 mihi
2002 1232 2284 1295 concilies,
2338 1233 2454 1303 ipse
2500 1247 2717 1303 quoque
2761 1232 3099 1287 desiderares
3143 1232 3251 1302 pati
3301 1246 3393 1285 ea-

1829 1323 1950 1379 dem
1982 1341 1995 1378 :
2027 1324 2156 1393 quid
2187 1324 2333 1379 aliud
2376 1325 2503 1378 hinc
2546 1324 2879 1394 signiﬁcans.
2908 1338 3073 1392 quam
3105 1322 3250 1391 quod
3285 1336 3399 1375 ma-

1824 1415 1943 1484 jora
1989 1415 2245 1486 cupiebat
2276 1426 2499 1486 propter
2542 1413 2860 1471 Christum?
2890 1413 3175 1469 Admirans
3218 1413 3401 1481 itaque

1832 1504 2015 1575 Lysias
2062 1512 2267 1558 tantam
2295 1506 2415 1574 ejus
2449 1505 2789 1560 tolerantiam
2822 1515 2876 1559 et
2920 1504 3315 1568 fortitudinem,
3346 1514 3402 1558 et

1834 1599 2068 1652 maxime
2103 1596 2249 1666 quod
2286 1607 2391 1650 tam
2423 1607 2753 1667 opportune,
2781 1597 2992 1651 etiamsi
3034 1596 3230 1650 talibus
3261 1606 3405 1649 esset

1831 1687 1986 1741 malis
2007 1687 2333 1756 implicatus,
2354 1686 2723 1756 respondisset
2743 1727 2756 1746 .
2799 1686 3206 1747 Existimabam,
3238 1684 3407 1739 Seve-

1831 1781 2002 1845 riane,
2036 1781 2231 1851 inquit,
2273 1791 2323 1836 te
2358 1795 2477 1836 esse
2506 1780 2783 1835 hominem
2819 1780 3007 1834 rudem
3039 1788 3095 1833 et
3150 1783 3399 1847 ignarum

1832 1873 2150 1936 litterarum,
2186 1881 2244 1927 ut
2276 1874 2367 1941 qui
2402 1873 2480 1927 sis
2532 1872 2708 1947 miles,
2739 1880 2794 1925 et
2828 1873 2881 1925 in
2913 1871 3054 1925 bello
3088 1880 3138 1925 te
3189 1886 3403 1939 semper

1831 1967 2142 2022 exercueris
2174 1983 2189 2019 :
2219 1966 2336 2029 sed,
2383 1974 2443 2020 ut
2475 1964 2653 2025 video,
2686 1979 2745 2018 es
2779 1964 3044 2017 facundus
3090 1972 3144 2016 et
3193 1978 3403 2017 summa

1831 2060 1881 2113 vi
1914 2059 2125 2114 dicendi
2169 2058 2445 2130 praeditus.
2487 2058 2566 2112 Ad
2606 2058 2717 2112 haec
2751 2058 3089 2126 respondens
3130 2065 3351 2111 sanctus
3389 2076 3403 2111 :

1830 2154 1999 2215 Deus,
2046 2152 2243 2220 inquit,
2296 2153 2380 2205 cui
2419 2167 2521 2221 ego
2565 2150 2745 2205 servio
2785 2193 2798 2215 ,
2842 2150 2932 2220 qui
3001 2158 3177 2220 potest
3230 2149 3410 2203 facere

1831 2255 1892 2301 ut
1918 2247 2100 2301 omnia
2124 2244 2449 2305 consistant,
2482 2256 2605 2295 cum
2644 2243 2712 2295 sit
2741 2243 3117 2310 omnipotens,
3155 2241 3199 2295 si
3234 2242 3406 2294 virum

1831 2337 2022 2391 rudem
2058 2335 2349 2406 acceperit,
2372 2349 2495 2389 eum
2544 2332 2720 2388 reddit
2750 2332 3047 2401 sapientem
3076 2349 3090 2395 ;
3124 2331 3167 2383 si
3197 2340 3408 2384 mutum

1836 2432 2111 2501 tardaeque
2146 2438 2200 2485 et
2234 2426 2593 2498 impeditioris
2626 2425 2840 2496 linguze,
2881 2441 3003 2478 eum
3043 2422 3206 2479 efficit
3233 2422 3408 2479 diser-

1838 2534 1952 2577 tum
2007 2534 2063 2576 et
2118 2522 2423 2591 elegantem
2483 2528 2778 2572 oratorem.
2840 2515 2964 2571 liae
3004 2517 3137 2570 dixit
3188 2525 3408 2570 etcum

1835 2627 2028 2667 manus
2049 2612 2320 2680 paululum
2350 2611 2686 2665 extendisset
2711 2625 2727 2661 :
2753 2610 2867 2678 Ago
2902 2609 3020 2671 tibi,
3049 2608 3247 2676 inquit,
3284 2625 3407 2679 gru-

1837 2705 1959 2769 tias,
1992 2701 2218 2758 Domine
2243 2701 2402 2761 Deus.
2435 2701 2578 2769 quod
2606 2714 2692 2752 me
2724 2697 3150 2761 conflrmasti,et
3180 2698 3407 2766 posuisti

1837 2812 2022 2853 arcum
2078 2810 2291 2851 aeneum
2323 2794 2547 2849 brachia
2591 2808 2731 2855 mea.
2768 2802 2822 2846 et
2874 2791 3123 2861 eripuisti
3169 2795 3408 2845 animam

1838 2905 2013 2944 meam
2039 2888 2106 2943 ab
2140 2889 2302 2959 impia
2344 2887 2677 2957 rhomphaea,
2707 2885 2773 2938 ah
2806 2885 3041 2940 inimicis
3070 2900 3262 2938 manus
3286 2892 3410 2945 tuae,

1838 2990 1891 3035 et
1916 2982 1983 3033 ab
2006 2982 2068 3033 iis
2089 2981 2177 3049 qui
2208 2980 2561 3048 insurgebant
2601 2979 2862 3031 adversus
2920 2992 3004 3030 me
3039 2975 3279 3030 extulisti
3307 2991 3409 3029 me.

1843 3072 1908 3127 Et
1945 3086 2091 3125 nunc
2145 3071 2199 3124 in
2239 3070 2395 3124 atriis
2421 3072 2550 3132 tuis,
2600 3068 2826 3123 Domine
2856 3111 2870 3133 ,
2922 3070 2974 3121 in
3016 3069 3174 3122 bonis
3219 3069 3411 3122 domus

1523 3174 1604 3226 ὅτι
1632 3175 1734 3224 εὑ-
1762 3168 1806 3232 C
1844 3174 1948 3219 tuae
1981 3162 2184 3218 colloca
2231 3178 2338 3219 me.
2364 3160 2637 3228 Quoniam
2682 3159 2994 3215 laatantibus
3028 3160 3285 3215 omnibus
3317 3160 3414 3215 ha«

1841 3257 2032 3309 bitatio
2074 3265 2156 3309 est
2204 3257 2256 3309 in
2295 3266 2346 3310 te
2372 3256 2415 3309 ⁷.
2448 3255 2582 3309 Cum
2636 3254 2734 3309 has
2771 3269 2963 3324 preces
2992 3254 3258 3309 edidisset
3310 3252 3415 3307 Do-

1842 3346 2011 3406 mino,
2045 3346 2205 3397 simul
2237 3345 2399 3399 etiam
2428 3345 2475 3395 ei
2520 3344 2694 3399 reddit
2725 3345 2977 3413 spiritum
3015 3359 3158 3397 nona
3208 3342 3414 3397 mensis

1841 3436 2198 3506 Septembris.

1912 3626 2003 3681 IX.
2037 3623 2296 3697 Sequenti
2348 3634 2529 3678 autem
2581 3622 2668 3677 die
2696 3623 2910 3694 quidam
2941 3638 3003 3677 ex
3056 3624 3179 3692 piis,
3215 3624 3414 3693 quibus

1844 3729 2046 3786 martyr
2102 3719 2257 3771 virus
2301 3730 2453 3768 suam
2504 3715 2788 3769 mandarat
2850 3714 3207 3784 sepulturam,
3253 3716 3417 3768 simul

1842 3805 2256 3872 convenientes,
2293 3819 2416 3858 cum
2445 3803 2797 3874 martyricum
2831 3804 2960 3856 illud
2985 3819 3187 3874 corpus
3211 3805 3417 3875 magni-

1843 3898 1939 3953 fice
1967 3898 2418 3967 composuissent.
2446 3908 2500 3951 et
2534 3912 2695 3966 super
2718 3896 2769 3951 id
2799 3896 3028 3967 hymnos
3066 3898 3395 3953 cecinissent

1840 3997 1897 4041 et
1948 4003 2287 4057 quascunque
2319 3988 2497 4041 solent
2541 3987 2831 4041 Christiani
2864 3990 3201 4059 peregissent
3230 4031 3243 4053 ,
3275 3990 3421 4045 desi-

1841 4081 2160 4137 derantibus
2218 4081 2383 4136 simul
2441 4095 2495 4135 et
2534 4080 2841 4137 colentibus
2908 4083 3160 4138 manibus
3212 4087 3413 4140 elatum

1840 4174 2014 4228 media
2046 4184 2206 4227 nocte
2239 4175 2481 4226 tulerunt
2510 4174 2561 4227 in
2599 4175 2828 4242 patriam
2862 4178 3132 4248 martyris.
3162 4176 3297 4233 Cum
3321 4195 3417 4236 au-

1840 4275 1946 4321 tem
1992 4266 2276 4320 venissent
2305 4264 2359 4318 in
2404 4266 2693 4335 quemdam
2744 4267 2943 4329 locum,
2992 4269 3139 4323 illinc
3190 4272 3415 4339 quidem

1840 4360 2022 4430 patriae
2072 4359 2405 4430 signiﬁcatur
2455 4360 2723 4415 adventus
2790 4360 3162 4429 reliquiarum.
3198 4362 3413 4433 Cagita-

1840 4450 1930 4504 bat
1968 4464 2097 4503 vero
2132 4450 2504 4517 unusquisque
2547 4451 2625 4504 eis
2682 4450 2760 4503 ire
2802 4451 3018 4505 obviam
3069 4471 3083 4519 ;
3126 4464 3181 4509 et
3226 4470 3419 4511 omnes

1842 4543 2003 4597 simul
2054 4545 2258 4613 egressi
2306 4551 2452 4601 sunt.
2492 4558 2669 4612 neque
2704 4543 2807 4597 fuit
2850 4544 3007 4610 ullus,
3042 4546 3132 4615 qui
3174 4563 3281 4601 non
3325 4564 3421 4602 ve—

1843 4633 1988 4687 nerit
2020 4649 2034 4687 :
2068 4649 2177 4688 non
2234 4646 2425 4700 senex,
2478 4648 2586 4687 non
2628 4651 2784 4704 puer,
2826 4651 2935 4690 non
2981 4638 3251 4703 infirmus,
3298 4656 3407 4693 non

1841 4735 2035 4779 natura
2096 4725 2330 4790 tardus;
2368 4727 2461 4779 sed
2526 4727 2874 4783 existimabat
2933 4732 3308 4801 unusquisque
3360 4749 3419 4787 se

1839 4827 2229 4888 prmrepturum
2276 4833 2396 4873 esse
2442 4818 2906 4886 benedictionem,
2963 4823 3005 4877 si
3060 4826 3224 4880 modo
3269 4829 3420 4895 prius

1838 4912 2170 4965 occurrisset
2201 4912 2467 4982 reliquiis.
2497 4912 2587 4969 Sic
2608 4929 2738 4983 ergo
2764 4917 3019 4972 omnibus
3059 4918 3311 4972 alacriter
3341 4920 3422 4973 fe-

1840 5002 2194 5069 stinantibus,
2232 5006 2431 5059 mortui
2469 5006 2607 5059 servi
2634 5006 2829 5076 conjux
2861 5008 2973 5061 sola
3019 5008 3203 5062 relicta
3240 5010 3417 5065 fuerat

1840 5095 2195 5163 (decesserat
2243 5098 2389 5149 enim
2440 5112 2505 5148 eo
2558 5106 2804 5167 tempore
2853 5099 3075 5167 quidam
3124 5115 3189 5154 ex
3240 5105 3417 5157 servis

1841 5185 2170 5257 martyris),
2205 5197 2467 5255 erantque
2534 5189 2688 5242 uxori
2734 5190 2927 5244 acerba
2975 5192 3181 5255 omnia,
3236 5196 3415 5248 mariti

1842 5278 2124 5344 damnum,
2157 5287 2211 5331 et
2257 5278 2377 5347 ejus
2420 5281 2509 5351 qui
2551 5297 2670 5335 eam
2702 5283 3100 5348 consolaretur,
3134 5286 3369 5339 solitudo
3402 5305 3413 5343 :

1842 5380 1897 5425 et
1938 5372 2081 5441 quod
2119 5372 2354 5427 nesciret
2385 5389 2620 5442 quonam
2677 5376 2837 5429 modo
2868 5387 3046 5445 posset
3096 5379 3173 5431 ire
3204 5377 3415 5433 obviam

1844 5463 2086 5531 martyri.
2115 5460 2238 5517 Sola
2274 5480 2402 5535 ergo
2447 5467 2593 5520 intus
2641 5468 2845 5532 relicta,
2884 5469 3141 5536 quoniam
3178 5470 3417 5539 qumsiit.

1842 5556 1930 5625 qui
1985 5571 2103 5610 eam
2160 5559 2559 5624 consolaretur,
2607 5570 2661 5614 et
2699 5576 2807 5614 non
2858 5561 2978 5628 fuit,
3016 5574 3071 5616 et
3114 5562 3204 5633 qui
3256 5564 3415 5617 simul

1848 5649 2074 5715 doleret,
2108 5659 2162 5703 et
2206 5666 2312 5703 non
2368 5651 2596 5717 invenit,
2647 5656 2843 5710 mortui
2905 5656 3152 5725 conjugis
3192 5668 3424 5725 corpore

3031 5886 3099 5948 21
