3970 6440
574 382 676 449 651

1797 369 2078 433 MENSIS
2119 366 2587 428 SEPTEMBER.

3717 368 3821 431 652

552 502 843 573 'apposito,
883 496 1188 571 plangebat.
1222 495 1487 568 gemebat,
1528 487 1949 549 lamentabatur,
1985 497 2128 537 mor-

2237 479 2354 532 κότι
2375 478 2759 546 συνδιελέγετο’
2784 478 3053 547 Ἕγειραι,
3073 472 3118 530 ὦ
3135 479 3283 548 ἄνερ,
3301 478 3539 548 ἐγείραι,
3564 477 3818 545 λέγουσα·

572 609 727 653 tuum
759 593 982 665 perinde
999 609 1063 649 ac
1094 594 1273 646 vivum
1306 584 1723 657 alloquebatur:
1750 579 1943 647 Surge,
1974 589 2137 629 oma-

572 687 693 753 rite,
728 700 912 757 surge,
947 684 1156 747 dicens,
1183 679 1375 735 camus
1409 675 1621 729 obviam
1663 669 1885 725 domino
1925 675 2136 725 nostro,

570 796 642 835 ne
680 780 961 835 videamur
1008 778 1106 832 soli
1135 774 1268 846 pigri
1303 780 1357 825 et
1383 768 1617 830 desides,
1651 776 1827 829 neque
1862 759 2134 829 quispiam

568 888 672 926 nos
698 870 1038 941 negligentiae
1065 874 1283 922 accuset
1309 863 1363 916 in
1385 872 1627 913 nostrum
1667 854 1967 909 dominum.
1998 850 2135 902 Sen-

571 964 673 1017 sim
713 970 892 1016 autem
930 969 986 1015 et
1013 958 1270 1028 tangebat
1313 954 1573 1013 tunicam,
1616 956 1670 1001 et
1709 948 1975 1015 laerymas
2011 955 2135 994 eum

568 1066 701 1106 voce
733 1050 1036 1105 emittebat.
1075 1046 1196 1100 Hae
1220 1054 1498 1114 postquam
1545 1037 1694 1093 brevi
1737 1046 1979 1103 tempore
2008 1047 2135 1100 sug-

569 1143 753 1212 gessit,
805 1150 861 1195 et
904 1139 1039 1193 dixit
1100 1135 1351 1205 conjugi.
1404 1132 1566 1185 etiam
1624 1142 1825 1196 corpus
1881 1123 2135 1193 martyris

568 1249 692 1287 mox
717 1239 832 1287 erat
857 1232 1216 1285 adventnrum
1237 1238 1477 1294 repente,
1503 1226 1558 1288 (ο
1586 1218 1902 1274 miraculum
1922 1216 1959 1279 ε)
1977 1215 2131 1269 vivus

568 1324 834 1384 cernitur,
883 1320 976 1389 qui
1022 1306 1139 1373 erat
1190 1325 1456 1377 mortuus,
1516 1320 1571 1366 et
1613 1310 1681 1362 iis
1723 1305 1945 1375 abiectis
2008 1315 2129 1371 qua:

569 1424 726 1468 erant
754 1414 802 1467 ei
840 1411 1113 1481 imposita,
1151 1423 1274 1464 cum
1332 1422 1393 1460 se
1424 1404 1671 1475 protinus
1704 1399 1983 1460 cinxisset,
2019 1396 2134 1463 ipse

566 1522 783 1577 quoque
829 1506 979 1561 vadit
1025 1504 1239 1559 obviam
1291 1500 1535 1568 martyri.
1567 1495 1721 1561 Quod
1771 1494 1980 1562 insigne
2027 1489 2133 1543 nii—

568 1601 902 1662 raculorum,
927 1606 982 1653 et
1016 1597 1139 1653 tulit
1168 1594 1384 1648 athletae
1426 1586 1797 1645 testimonium
1827 1587 1894 1639 de
1930 1583 2135 1651 majore

568 1694 685 1763 ejus
712 1691 904 1746 ﬁducia
938 1690 1003 1744 ad
1037 1688 1343 1745 Dominum.
1384 1690 1439 1737 et
1481 1681 1546 1735 ad
1578 1681 1752 1747 majus
1794 1674 2130 1731 desiderium

568 1782 815 1836 accendit
849 1778 1094 1833 omnium
1130 1775 1357 1827 animos.
1395 1770 1513 1824 Non
1562 1771 1707 1823 enim
1745 1766 1887 1836 quod
1929 1766 2129 1817 factum

565 1874 747 1929 fuerat
803 1876 921 1922 erat
970 1864 1235 1932 ejusmodi
1299 1872 1357 1915 ut
1393 1870 1579 1929 posset
1629 1858 1799 1924 rejici,
1847 1869 2023 1922 neque
2064 1853 2130 1905 de
2166 1830 2205 1885 Β

566 1978 629 2015 eo
664 1968 877 2029 poterat
922 1971 1045 2011 esse
1076 1956 1183 2009 ulla
1226 1952 1494 2008 dubitatio
1527 1967 1539 2001 :
1572 1949 1665 2003 sed
1708 1962 1843 2015 quos
1871 1946 2131 2000 decessus

565 2052 755 2105 habuit
783 2058 1138 2119 spectatores,
1164 2057 1215 2099 et
1243 2046 1332 2113 qui
1363 2057 1546 2097 curam
1579 2047 1862 2110 gesserant
1900 2032 2127 2098 funeris,

561 2145 781 2199 fuerunt
826 2144 860 2196 Ii
895 2155 1109 2209 quoque
1150 2148 1312 2192 testes
1352 2134 1791 2191 resurrectionis.

634 2235 705 2290 X.
740 2233 875 2288 Cum
904 2232 1064 2301 longo
1096 2240 1274 2284 autem
1303 2237 1543 2297 tempore
1579 2225 1869 2280 assedisset
1894 2223 2131 2278 famulus

562 2326 815 2396 sepulcro
871 2321 1147 2391 martyris,
1195 2318 1408 2373 decimo
1460 2318 1653 2385 quinto
1714 2329 1861 2368 anno
1916 2315 1984 2367 ab
2037 2312 2131 2365 illo

562 2429 826 2485 tempore,
862 2423 916 2467 et
946 2412 1107 2481 paulo
1135 2410 1277 2479 plus,
1301 2409 1417 2476 ipse
1444 2419 1657 2474 quoque
1684 2402 1917 2459 excessit
1946 2417 1976 2455 e
2001 2402 2126 2455 vita.

560 2511 739 2574 Atque
786 2512 913 2557 tunc
953 2500 1170 2570 quidem
1220 2497 1688 2553 considerantibus
1731 2495 2004 2556 omnibus,
2035 2492 2126 2562 qui

560 2598 626 2653 ad
676 2597 778 2650 hoc
831 2590 1138 2661 congregati
1196 2588 1432 2652 fuerant,
1486 2587 1705 2641 ubinam
1754 2587 1820 2638 ab
1867 2586 1947 2638 eis
1982 2599 2121 2637 mar-

561 2686 795 2757 tyricum
828 2698 1027 2752 corpus
1067 2683 1451 2751 deponeretur,
1478 2678 1731 2747 quoniam
1776 2674 2131 2729 dubitationis

562 2790 669 2829 non
721 2775 952 2829 dabatur
999 2772 1218 2836 solutio,
1270 2771 1478 2824 meliori
1529 2778 1584 2823 et
1632 2768 1885 2823 diviniori
1944 2766 2131 2837 provi-

559 2868 756 2922 dentiae
802 2867 855 2921 id
895 2864 1238 2920 statuendum
1273 2862 1628 2931 reliquerunt.
1665 2870 1719 2913 et
1768 2874 2023 2915 coronam
2062 2874 2125 2913 ex

561 2960 790 3015 ﬂoribus
855 2967 1167 3013 contextam
1217 2956 1507 3023 imponunt
1560 2952 1824 3021 reliquiis.
1875 2950 2128 3006 Protinus

560 3051 769 3114 autem,
799 3053 1055 3115 tanquam
1088 3046 1154 3098 ab
1182 3043 1365 3112 aliquo
1395 3042 1577 3107 missa,
1602 3042 1838 3113 desuper
1869 3041 2129 3096 advolans

2246 569 2641 637 ὺπαντήσωμιν
2666 568 2744 639 τῷ
2790 568 3041 638 ἡμετέρῳ
3063 568 3319 638 δεσπότῃ,
3351 570 3586 637 ἔγειραι,
3617 568 3694 637 μὴ
3729 569 3824 637 μό.

2246 678 2323 713 νοι
2360 661 2616 731 φανῶμεν
2652 663 2845 723 νωθεῖς
2884 660 3016 729 μηδὲ
3053 660 3311 732 ῥᾴθυμοι,
3351 660 3483 728 μηδὲ
3518 659 3823 728 ὀλιγωρίαν

2240 769 2323 814 τις
2362 754 2518 821 ἡμῶν
2573 752 2702 822 περὶ
2751 753 2841 803 τὸν
2890 753 3087 804 οίκεῖον
3133 750 3466 817 καταγνώτω
3508 749 3817 817 δεσπότην·

2242 846 2427 913 ἡρέμα
2454 843 2511 894 δὲ
2545 844 2638 894 καὶ
2668 841 2892 910 χιτῶνος
2915 843 3138 910 ἥπτετο,
3172 842 3266 893 καὶ
3298 840 3513 908 δάκρυα
3551 840 3696 907 μετὰ
3723 840 3821 905 τῆς

2242 936 2423 1004 φωνῆς
2474 932 2647 1001 ἠφίει.
2689 931 2875 985 Ταῦτα
2914 932 3037 983 ἐπεὶ
3084 932 3287 1001 βραχὺν
3334 930 3524 998 ὥσπερ
3572 928 3822 981 ὑπετίθει

2239 1028 2427 1098 χρόνον
2473 1028 2552 1094 τῷ
2593 1023 2813 1094 συζύγῳ
2854 1024 2950 1077 καὶ
2996 1024 3286 1090 διελέγετο,
3328 1024 3427 1094 ήδη
3470 1024 3579 1092 γὰρ
3626 1022 3725 1073 καὶ
3765 1023 3823 1071 τὸ

2243 1118 2576 1189 μαρτυρικὸν
2625 1117 2785 1185 σῶμα
2830 1117 2952 1168 ὅσον
2997 1114 3210 1167 οὐδέπω
3256 1115 3541 1183 ἐπιδημεῖν
3586 1113 3821 1182 ἔμελλε.

2243 1209 2349 1272 ζῶν
2406 1210 2468 1259 ἐκ
2528 1205 2949 1273 τοῦ,αίφνιδίου,
2986 1203 3031 1257 ὣ
3063 1204 3159 1258 τοῦ
3206 1204 3513 1271 θαύματοςί
3564 1206 3592 1255 ὁ
3624 1204 3825 1270 νεκρὸς

2236 1303 2450 1371 ὁρᾶται,
2482 1300 2576 1352 καὶ
2601 1301 2671 1352 τὰ
2696 1296 3049 1365 περικείμενα
3085 1295 3268 1365 ῥίψας,
3295 1294 3704 1362 διαζωσάμενος
3737 1294 3823 1343 εύ-

2238 1394 2357 1455 θὺς,
2385 1393 2459 1460 τῷ
2488 1391 2726 1460 μάρτυρι
2753 1392 2846 1441 καὶ
2873 1388 3036 1449 αὐτὸς
3064 1389 3407 1457 προῦπήντα,
3436 1386 3531 1438 καὶ
3557 1386 3617 1435 τὸ
3645 1385 3821 1449 ύπερ-

2237 1487 2429 1539 δαλλον
2459 1485 2610 1537 τοῦδε
2646 1482 2740 1535 τοῦ
2772 1479 3048 1549 θαύματος
3073 1479 3295 1553 πλείονα
3326 1478 3460 1547 πρὸς
3488 1476 3580 1529 τὸν
3610 1476 3821 1544 Κύριον

2236 1578 2548 1646 παρρησίαν
2591 1574 2670 1642 τῷ
2702 1571 2909 1641 ἀθλητῇ
2947 1570 3273 1639 ἐμαρτύρει,
3325 1569 3419 1621 καὶ
3458 1570 3539 1630 είς
3586 1564 3818 1636 μείζονα

2238 1669 2398 1720 πόθον
2456 1666 2552 1729 τὰς
2631 1665 2888 1719 ἁπάντων
2964 1662 3141 1731 ψυχὰς
3195 1660 3511 1727 ὰνέφλεγεν.
3573 1660 3649 1711 Ob
3706 1662 3820 1727 γὰρ

2234 1759 2677 1827 δυσπαράδεκτον
2710 1753 2777 1827 ἢν
2820 1756 2881 1807 τὸ
2914 1758 3136 1823 γεγονὸς
3170 1752 3277 1804 οὐδ’
3313 1750 3620 1821 ἀμφίϐολον
3642 1789 3657 1813 ,
3698 1749 3819 1803 ἀλλ’

2234 1848 2327 1911 οὒς
2356 1851 2454 1917 τῆς
2483 1848 2736 1916 τελευτῆς
2765 1847 2960 1905 θεατὰς
2992 1842 3128 1916 εἶχε,
3162 1844 3256 1899 καί¹
3282 1849 3408 1913 περὶ
3429 1844 3496 1895 τὰ
3525 1842 3817 1910 ἐπικήδεια

2235 1946 2622 2009 πονουμένους,
2656 1942 2879 2004 τούτους
2916 1942 3009 1993 καὶ
3037 1940 3133 2009 τῆς
3166 1938 3518 1998 ἁναὸιώσεως
3544 1935 3817 2003 πεποίητο

2236 2039 2538 2107 μάρτυρας.

2311 2219 2377 2272 I'.
2412 2217 2619 2286 Χρόνον
2650 2214 2704 2267 δὲ
2748 2213 2827 2283 τῷ
2868 2211 2963 2266 τοῦ
2998 2212 3273 2285 μάρτυρος
3325 2209 3354 2260 ὀ
3398 2209 3615 2277 οἰκέτης
3645 2222 3814 2276 προσ-

2232 2308 2493 2378 εδρεύσας
2532 2308 2710 2375 τάφῳ,
2746 2306 2882 2376 μετὰ
2912 2306 3161 2375 πέμπτον
3191 2304 3251 2367 ἐξ
3278 2302 3489 2355 ἐκείνου
3531 2302 3670 2368 πρὸς
3701 2300 3814 2359 τοῖς
3876 2312 3879 2319 ‘

2232 2401 2361 2453 δέκα
2400 2400 2539 2461 ἔτος,
2594 2402 2687 2450 καὶ
2731 2400 2897 2465 ὀλίγῳ
2932 2414 2986 2449 τι
3023 2397 3205 2460 πλέον,
3233 2396 3327 2447 καὶ
3369 2395 3530 2451 αὐτὸς
3572 2388 3811 2444 ἁπεῦἰω.

2234 2493 2365 2545 Τότε
2428 2494 2530 2560 μὲν
2579 2486 2673 2543 οὖν
2723 2489 3201 2558 διασκοπουμένων
3258 2486 3513 2540 ἁπάντων
3564 2482 3674 2533 τῶν
3720 2481 3817 2529 ὲπι

2232 2586 2405 2655 τούτῳ
2436 2584 2899 2652 συνειλεγμένων,
2935 2583 3069 2633 ὅπου
3104 2581 3212 2650 ἄρα
3252 2580 3343 2631 καὶ
3375 2576 3437 2629 τὸ
3471 2572 3813 2645 μαρτυρικδν

2232 2677 2413 2737 αὐτοῖς
2448 2675 2836 2727 κατακείσεται
2867 2673 3027 2741 σῶμα
3049 2710 3072 2753 ,Ι
3092 2672 3215 2722 ἐπεὶ
3246 2668 3340 2723 καὶ
3366 2668 3518 2727 λύσις
3547 2666 3645 2733 τῆς
3675 2668 3817 2718 ἀπο·

2234 2768 2355 2838 ρίας
2409 2768 2509 2819 οὐκ
2549 2762 2638 2837 ἦν,
2687 2764 2955 2836 κρείττονι
3000 2764 3099 2816 καὶ
3140 2762 3389 2830 θειοτέρα
3433 2757 3662 2826 προνοὶᾳ
3712 2754 3813 2822 τὴν

2230 2861 2409 2930 ψῆφον
2437 2859 2718 2925 ἀνέθεσαν,
2740 2857 2833 2911 καὶ
2858 2856 3118 2925 στέφανον
3149 2854 3366 2909 ἄνθινον
3399 2849 3812 2914 διαπλέξαντες,

2229 2952 2305 3022 τῷ
2335 2952 2570 3021 λειψὰνῳ
2603 2948 2959 3003 ὲπιτιθοῦσιν.
2997 2947 3209 3001 Αὐτίκα
3248 2945 3305 2997 δὲ
3341 2943 3531 3012 ὥσπερ
3564 2940 3630 2993 ἐκ
3661 2956 3813 2997 τινος

2231 3044 2535 3112 ἀποστολῆς
2563 3042 2718 3103 ἀετὸς
2754 3038 2959 3093 ἄνωθεν
2984 3038 3219 3098 ὲπιπτὰς
3247 3038 3340 3087 τὸν
3371 3035 3637 3100 στέφανον
3658 3032 3811 3099 εἰλή-

558 3142 763 3213 aquila,
805 3138 1014 3208 accepit
1056 3152 1336 3199 coronam,
1367 3144 1423 3189 et
1465 3135 1663 3190 sensim
1695 3134 1865 3189 movit
1899 3148 2126 3202 pennas,

2236 3152 2341 3204 φιι,
2379 3134 2470 3188 καὶ
2498 3134 2681 3204 ἡρέμα
2707 3134 2766 3185 τὸ
2788 3130 2984 3202 πτερὸν
3010 3129 3200 3192 ἐκίνει,
3222 3131 3314 3181 καὶ
3343 3125 3643 3196 ἀργότερον
3670 3125 3811 3194 πρὸς

560 3243 618 3289 et
670 3245 763 3288 eas
804 3230 985 3284 minus
1028 3229 1280 3298 pernices
1318 3225 1503 3280 habuit
1551 3224 1616 3277 ad
1666 3223 1977 3277 volandum.
2021 3221 2127 3275 Sed

560 3324 711 3379 illam
777 3320 998 3391 quidem
1061 3318 1242 3375 statim
1314 3316 1639 3387 sequebatur
1698 3316 1954 3386 populus.
2004 3314 2127 3384 Ipsa

559 3425 743 3471 autem
792 3413 1025 3483 quodam
1073 3414 1234 3467 modo
1283 3426 1406 3466 eum
1454 3411 1705 3475 ducebat,
1746 3418 1956 3464 tantum
2001 3418 2128 3462 ante

558 3524 652 3565 eos
688 3507 897 3572 volans,
930 3514 991 3559 ut
1019 3519 1128 3559 non
1166 3512 1311 3558 esset
1336 3503 1563 3557 multum
1598 3511 1806 3555 remota
1836 3502 1904 3553 ab
1931 3500 2125 3553 oculis.

562 3598 631 3653 Et
692 3613 815 3654 cum
841 3596 1083 3651 venisset
1114 3596 1181 3650 ad
1227 3594 1583 3665 propinquam
1623 3592 1807 3645 silvam
1841 3598 1895 3646 ct
1934 3592 2130 3646 deinde

558 3703 817 3747 coronam
840 3702 905 3742 ex
932 3686 1040 3741 alto
1070 3685 1378 3741 demisisset
1400 3684 1456 3738 in
1500 3683 1722 3754 pulchro
1754 3684 1872 3739 loco
1906 3684 2127 3746 montis,

558 3796 613 3837 et
667 3780 854 3836 volare
890 3776 1058 3850 coepit
1099 3777 1353 3843 celerius,
1387 3784 1442 3831 et
1466 3777 1704 3847 proiecta
1750 3785 1834 3831 est
1874 3775 1939 3829 ad
1976 3789 2128 3827 suam

561 3876 976 3931 habitationem.
1034 3870 1150 3925 Hoc
1178 3871 1254 3924 illi
1305 3870 1661 3937 conjicientes
1712 3869 1952 3923 divinam
2011 3883 2130 3923 esse

560 3965 969 4030 indicationem,
999 3976 1122 4018 eum
1148 3961 1423 4032 voluptate
1468 3971 1524 4016 et
1552 3977 1750 4033 magno
1778 3961 1960 4018 studio
1993 3977 2130 4017 con-

566 4065 853 4114 currentes
908 4070 1121 4112 saerum
1166 4054 1301 4111 illud
1348 4063 1404 4109 et
1457 4055 1705 4110 divinum
1758 4070 1958 4125 corpus
2024 4056 2131 4108 illic

558 4156 744 4205 sancte
782 4153 837 4202 et
860 4145 1043 4202 divine
1080 4145 1378 4214 deponunt.
1406 4143 1523 4212 Quo
1560 4145 1614 4200 in
1676 4146 1794 4200 loco
1824 4146 1878 4199 in
1914 4145 2130 4200 hodier-

560 4254 689 4294 num
734 4252 906 4308 usque
932 4237 1078 4294 diem
1120 4245 1345 4291 sanctus
1385 4237 1493 4290 illic
1537 4236 1849 4304 frequentes
1879 4244 2132 4304 operatur

560 4331 896 4394 curationes,
960 4336 1017 4385 et
1070 4329 1240 4383 multa
1300 4327 1583 4394 miracula,
1640 4327 1866 4383 cuilibet
1922 4325 2129 4398 roganti

563 4422 799 4494 benigne
831 4434 1121 4492 apparens,
1144 4429 1197 4475 et
1222 4420 1341 4489 ejus
1371 4435 1556 4475 curam
1589 4435 1803 4493 gerens,
1826 4421 1882 4475 in
1912 4419 2129 4475 Christo

2231 3227 2331 3298 τὴν
2367 3226 2565 3297 πτῆσιν
2611 3220 2775 3295 εἶχεν,
2825 3222 2985 3276 Ἀλλὰ
3031 3222 3110 3290 τῷ
3155 3223 3254 3291 μὲν
3290 3219 3352 3272 τὸ
3393 3218 3598 3287 πλῆθος
3644 3217 3810 3279 εὐθὺς

2232 3318 2447 3372 εἵποντο
2466 3330 2479 3343 ⁶
2506 3318 2533 3370 ὁ
2563 3315 2620 3368 δὲ
2644 3311 2753 3367 οἷον
2781 3313 2944 3374 αὐτὸς
2973 3313 3239 3379 ἀφηγεῖτο
3265 3308 3504 3378 τοσούτῳ
3532 3308 3809 3376 προῖπτά·

2235 3426 2393 3478 μενος
2446 3407 2674 3473 τούτων,
2723 3407 2832 3474 ὅσῳ
2882 3406 2957 3474 μὴ
3003 3402 3110 3455 τῶν
3147 3401 3325 3470 δψεων
3373 3401 3467 3452 ἐπὶ
3508 3400 3644 3451 πολὺ
3668 3398 3808 3450 διίσ-

2231 3501 2425 3555 τασθαι
2445 3516 2460 3530 ·
2493 3500 2588 3554 καὶ
2610 3500 2674 3571 δὴ
2709 3497 2844 3568 πρὸς
2870 3498 2937 3567 τῇ
2962 3493 3190 3564 πλησίον
3216 3492 3317 3566 ὕλῃ
3344 3492 3657 3562 γενόμενος,
3689 3485 3810 3543 εἶτα

2230 3594 2322 3648 τὸν
2373 3593 2635 3663 στέφανον
2687 3595 2746 3645 ὲν
2800 3589 2951 3661 καλῴ
3006 3587 3099 3644 τοῦ
3152 3587 3313 3660 ὅρους
3368 3585 3529 3657 ἀφεὶς
3575 3583 3807 3648 ἄνωθεν,

2231 3685 2478 3757 πτήσεως
2524 3702 2580 3737 τε
2616 3685 2820 3755 ἦπτετο
2867 3683 3195 3753 ταχυτέρας,
3244 3686 3339 3735 καὶ
3377 3682 3473 3733 επὶ
3508 3680 3579 3733 τὰ
3626 3682 3808 3732 οἰκεῖα

2231 3779 2336 3848 ἢθη
2372 3777 2589 3846 ἐχώρει.
2616 3776 2786 3827 Τοῦτο
2822 3777 3021 3827 ἐκεῖνοι
3055 3774 3206 3825 θείαν
3238 3768 3379 3824 εἶναι
3430 3771 3809 3839 συμϐαλόντε;

2231 3870 2522 3933 ἐπίδειξιν,
2580 3868 2784 3938 σπουδῇ
2844 3865 2964 3939 μεθ’
3018 3867 3215 3937 ἡδονῆς
3271 3864 3809 3936 συνδραμόντες,τὸ

2231 3963 2375 4031 ἱερὸν
2401 3964 2576 4013 ἐκεῖνο
2613 3961 2707 4012 καὶ
2736 3961 2881 4013 θεῖον
2907 3957 3069 4028 σῶμα
3118 3958 3278 4028 ίερῶς
3325 3958 3444 4009 ἐκεῖ
3496 3958 3596 4008 καὶ
3646 3953 3809 4015 θείως

2230 4056 2540 4110 κατέθεντο.
2581 4050 2654 4108 Οὖ
2709 4055 2774 4125 δὴ
2827 4056 2922 4108 καὶ
2972 4053 3140 4115 πολύς
3185 4056 3305 4105 ἐστι
3356 4051 3521 4121 μέχρι
3564 4051 3661 4103 καὶ
3711 4050 3807 4102 νῦν

2229 4150 2259 4202 δ
2313 4150 2522 4220 μάρτυς
2575 4150 2695 4211 ταῖς
2765 4148 2939 4201 ίὰσεσι
2992 4147 3089 4201 καὶ
3147 4147 3268 4209 ταῖς
3330 4142 3808 4215 θαυματουργίαις

2231 4241 2469 4309 δεομένῳ
2498 4242 2663 4293 παντὶ
2692 4240 3087 4310 φιλανθρώπως
3112 4239 3435 4307 ποιούμενος
3466 4239 3567 4300 τὰς
3598 4241 3803 4305 ἐπιφα-

2229 4331 2398 4396 νείας,
2442 4332 2536 4383 καὶ
2562 4331 3233 4402 θερμῶςΙπροῖστάμενος,
3269 4336 3327 4386 ὲν
3356 4334 3583 4405 Χριστῷ
3626 4333 3804 4404 Ἰησοῦ

2230 4425 2307 4496 τῷ
2342 4422 2700 4495 Κυρίῳήμῶν
2723 4462 2736 4487 ,
2766 4418 2809 4492 ᾧ
2839 4428 2872 4495 ὴ
2910 4424 3035 4488 δόξα
3074 4426 3169 4479 καὶ
3200 4425 3261 4478 τὸ
3293 4427 3519 4497 κράτος,
3558 4429 3654 4483 σὺν
3690 4429 3805 4481 Πα-

558 4514 687 4569 Jesu
724 4511 949 4568 Domino
992 4518 1180 4566 nostro
1214 4526 1230 4563 :
1292 4511 1380 4565 cui
1420 4511 1589 4582 gloria
1620 4519 1675 4567 et
1708 4512 1974 4582 potentia,
2001 4527 2124 4567 cum

2236 4521 2321 4587 τρὶ
2352 4519 2446 4571 καὶ
2487 4518 2631 4589 ἁγίῳ
2669 4517 2971 4591 Ιίνεύματι,
3025 4518 3120 4573 νῠν
3150 4520 3244 4574 καὶ
3274 4521 3384 4586 ἀεὶ,
3426 4523 3521 4576 καὶ
3551 4525 3633 4587 είς
3680 4525 3804 4589 τοὺς

560 4598 723 4655 Patre
774 4609 830 4654 et
882 4609 1074 4654 sancto
1125 4595 1349 4665 Spiritu,
1390 4613 1537 4654 nunc
1587 4606 1643 4655 et
1701 4614 1936 4671 semper,
1972 4609 2027 4656 et
2072 4601 2124 4656 in

563 4688 775 4744 inﬁnita
803 4687 996 4745 saeuis
1056 4687 1395 4744 saeculorum.
1449 4687 1623 4745 Amen

2230 4611 2617 4682 ἀτελευτήτους
2644 4613 2845 4678 αἰῶνας
2869 4614 2977 4669 τῶν
3004 4615 3238 4671 αίώνων.
3290 4614 3485 4681 Ἀμήν.
