3970 6446
526 401 634 471 655

1758 403 2044 464 MENSIS
2085 403 2555 467 SEPTEMBER.

3682 405 3795 465 656

528 536 690 577 suum
738 534 1069 576 assessorem
1140 533 1263 574 eum
1344 518 1610 573 ministris
1671 530 1724 573 et
1778 521 2110 575 satellitibus

2228 524 2531 590 Βιέποντσς·
2589 527 2681 580 καὶ
2716 527 2925 595 πέμπει
2958 527 3048 579 τὸν
3104 528 3494 600 συμπάρεδρον
3552 530 3716 592 εὐθὺς
3768 532 3798 583 ὁ

524 612 724 684 lubens
742 622 798 666 ut
816 621 1083 681 quaereret
1109 611 1370 681 virgines.

601 900 707 956 lll.
735 900 869 954 Cum
930 906 1111 953 autem
1167 897 1402 950 inventa:
1492 893 1719 947 fuissent
1754 891 2099 957 ,Undenam,

531 992 746 1048 dicebat
777 990 966 1059 judex,
997 997 1143 1041 tanta
1176 995 1257 1040 est
1312 984 1463 1039 vobis
1504 984 1753 1047 audacia,
1814 994 1894 1043 ut,
1947 981 2102 1033 mitto

532 1094 750 1149 caztera,
782 1083 952 1139 Deum
1008 1079 1218 1143 colatis,
1270 1092 1431 1146 quem
1494 1090 1673 1145 neque
1725 1075 1837 1141 ipse
1873 1086 2101 1141 magnus

535 1174 917 1234 Maximianus,
958 1183 1134 1237 neque
1183 1182 1282 1219 nos
1308 1166 1641 1219 honorantes
1673 1163 1725 1216 in
1780 1158 2103 1213 hodiernum

536 1284 709 1338 usque
758 1266 902 1321 diem
949 1259 1228 1330 conspecti
1275 1256 1508 1312 sumus?
1539 1255 1888 1324 Nequaquam
1923 1257 2104 1301 autem

532 1358 883 1429 perturbatae,
938 1353 1031 1409 sed
1084 1355 1136 1405 in
1162 1350 1353 1405 eodem
1403 1350 1597 1403 anima
1655 1353 1801 1399 statu
1828 1351 2109 1395 manentes

532 1452 772 1522 virgines
808 1490 821 1507 .
852 1447 983 1508 Nos.
1069 1460 1102 1500 ο
1143 1444 1332 1514 judex,
1387 1442 1663 1504 dixerunt,
1716 1452 1823 1491 non
1873 1437 2110 1489 humano

533 1545 757 1600 decreto
802 1539 971 1593 Deum
1002 1552 1162 1591 nosse
1193 1534 1515 1597 didicimus;
1576 1529 1671 1583 sed
1726 1544 1852 1582 eum
1900 1526 2105 1595 utique.

532 1640 625 1709 qui
702 1647 919 1703 semper
957 1637 1059 1692 est,
1130 1636 1184 1682 et
1228 1626 1544 1681 universum
1595 1623 1856 1684 intuetur,
1882 1618 2112 1673 conﬁte-

532 1728 816 1799 murzqui
871 1725 1033 1780 etiam
1075 1722 1219 1777 hunc
1288 1718 1533 1773 continet
1597 1713 1842 1770 ordinem
1892 1713 2112 1765 univer—

534 1838 739 1886 sorum,
772 1829 827 1874 et
860 1824 1144 1889 potestate,
1182 1827 1289 1866 non
1326 1810 1581 1867 essentia,
1612 1816 1795 1859 mente
1865 1815 2112 1869 compre-

2210 616 2455 686 Φρόντων
2484 620 2623 689 μετὰ
2657 618 2854 690 πολλῆς
2896 619 2995 689 τῆς
3039 621 3527 691 ὑπερασπισάντων
3561 623 3655 675 καὶ
3688 622 3801 674 τῶν

2210 707 2520 777 δορυφόρων
2578 708 2819 778 πληθύος
2867 710 2932 763 τὰ
2968 710 3108 765 κατὰ
3159 714 3255 775 τὰς
3304 712 3605 776 παρθένους
3647 712 3801 782 αὑτῴ

2210 800 2528 870 ἐπιτρέψας.

2284 888 2358 944 Γ.
2400 890 2459 946 Ὀ
2490 892 2546 945 δὲ
2586 893 2675 947 διὰ
2724 892 2834 947 τῶν
2890 894 3353 965 ὑπηρετουμένων
3399 896 3549 965 αὑτῷ
3581 898 3803 965 δημίων

2215 984 2709 1053 μεταστειλάμενος
2758 986 2983 1051 ταύτας,
3018 988 3189 1040 Πόθεν
3255 989 3383 1058 ὑμῖν
3424 991 3456 1058 ή
3514 995 3781 1058 τοσαύτη,

2214 1076 2394 1143 ἔλεγε,
2422 1076 2618 1143 τόλμα,
2655 1077 2752 1142 ὡς,
2798 1078 2885 1131 ἵνα
2932 1080 3097 1132 τᾶλλα
3132 1079 3309 1138 παρῶ,
3339 1079 3470 1132 Θεὸν
3500 1082 3710 1143 σέϐειν,
3742 1081 3805 1133 ὃν

2213 1166 2335 1218 οὔτε
2370 1166 2713 1234 Μαξιμιανὸς
2740 1167 2899 1230 αὑτὸς
2923 1170 2949 1220 ὁ
2982 1169 3151 1235 μέγας
3197 1168 3308 1221 οὗθ’
3341 1172 3503 1238 ἡμεῖς
3526 1171 3803 1238 τιμῶντες

2215 1256 2341 1324 ἄχρι
2373 1257 2466 1308 καὶ
2506 1257 2600 1310 νῦν
2631 1258 2931 1325 ὤφθημενς
2981 1259 3119 1311 Ὑπὸ
3146 1258 3223 1327 τῷ
3255 1260 3404 1328 αὑτῷ
3448 1260 3631 1311 τοίνυν
3667 1260 3804 1311 καθα

2216 1346 2359 1415 άπερ
2389 1348 2483 1416 τῆς
2515 1348 2689 1417 ψυχῆς
2717 1349 3103 1417 παραστήματι
3155 1352 3209 1403 αἱ
3243 1352 3533 1419 παρθένοι,
3580 1352 3804 1419 Ἡμεῖς,

2215 1440 2260 1493 ὦ
2286 1444 2494 1511 ἅρχων,
2555 1444 2788 1514 ἔφησαν,
2827 1446 2927 1497 οὑκ
2963 1447 3291 1517 ἀνθρωπίνῳ
3331 1448 3565 1515 δόγματι
3597 1462 3805 1497 πεπαι-

2216 1532 2453 1601 δεύμεθα
2504 1534 2704 1587 εἰδέναι
2747 1534 2900 1597 Θεὸν,
2955 1535 3088 1588 άλλά
3115 1536 3306 1589 τοῦτον
3344 1538 3518 1606 δήπου
3570 1536 3660 1587 τὸν
3716 1537 3805 1587 ἀεὶ

2218 1625 2345 1678 διτα
2368 1626 2460 1677 καὶ
2483 1626 2541 1678 τὸ
2565 1627 2673 1678 πᾶν
2703 1626 2984 1696 ἐφορῶντα
3011 1628 3404 1698 ὁμολογοῦμεν,
3428 1630 3487 1690 ὃς
3510 1631 3607 1681 καὶ
3638 1629 3804 1697 τήνδε

2219 1717 2315 1787 τὴν
2346 1719 2452 1769 τῶν
2492 1718 2629 1771 ὅλων
2683 1723 2983 1787 συγκρατεῖ
3020 1720 3172 1783 τάξιν
3222 1722 3314 1772 καὶ
3368 1720 3599 1788 δυνάμει
3639 1724 3702 1773 οὑ
3735 1724 3805 1792 τῇ

2222 1811 2380 1879 οὑσίᾳ
2441 1813 2806 1865 κατανοεῖται.
2863 1811 2919 1873 ὃς
2976 1811 3195 1881 καθαρᾷ
3223 1828 3282 1864 τε
3331 1811 3519 1880 ἥδεται
3551 1812 3808 1883 πολιτείᾳ

537 1880 795 1972 henditur
843 1880 981 1979 z-qui
1043 1905 1244 1960 munda
1290 1903 1396 1957 vita
1450 1901 1751 1954 delectatur
1804 1905 1857 1949 et
1889 1895 2111 1954 virtute,

2228 1902 2313 1952 καὶ
2368 1902 2560 1969 ἀρετῇ,
2623 1903 2712 1952 καὶ
2774 1905 2886 1964 τοῖς
2944 1904 3086 1955 οὕτω
3145 1904 3245 1971 μὲν
3306 1902 3587 1972 καθαρῶς,
3660 1903 3809 1955 οὕτω

533 2017 589 2063 et
634 2009 698 2061 iis
758 2003 849 2074 qui
909 2000 987 2055 sic
1032 2014 1095 2052 ex
1127 1997 1327 2050 virtute
1361 1994 1525 2045 vitam
1594 1996 1766 2057 agunt
1818 2000 1929 2039 sua:
1959 1981 2112 2037 boni-

536 2100 666 2155 tatis
720 2096 892 2167 gratia
974 2090 1113 2145 solet
1169 2098 1429 2156 apparere
1474 2102 1486 2136 :
1529 2090 1585 2136 et
1660 2078 1765 2133 sub
1814 2091 1922 2146 quo
1956 2087 2113 2143 reges

537 2165 831 2260 imperant,
880 2193 935 2239 et
983 2180 1202 2252 tyranni
1304 2188 1503 2231 terram
1567 2187 1663 2226 sua
1732 2169 1981 2222 obtinent
2029 2165 2103 2217 di-

540 2257 708 2337 tione.
748 2276 996 2347 Virgines
1048 2272 1163 2326 haec
1220 2267 1375 2322 valde
1407 2272 1722 2319 constanter
1743 2269 1797 2315 et
1848 2257 2114 2312 concinne

541 2369 939 2443 respondentes
999 2376 1204 2435 praeses
1237 2361 1480 2423 intuens,
1511 2364 1566 2410 et
1615 2351 1934 2443 modestiam
1959 2347 2115 2399 valde

539 2433 980 2519 est'admiratus,
1006 2433 1077 2507 et
1096 2462 1481 2518 responsorum
1519 2442 1857 2512 sapientiam.
1892 2433 1993 2489 Diu
2015 2436 2115 2486 ita-

540 2574 647 2630 que
738 2561 945 2614 tacens,
984 2556 1036 2600 et
1065 2544 1183 2598 inec
1251 2542 1457 2596 ducens
1506 2552 1604 2608 pro
1685 2530 1967 2591 miraculo,
2028 2526 2114 2578 vix

544 2623 762 2702 tandem
799 2636 1088 2695 secundam
1124 2630 1310 2686 intulit
1376 2623 1874 2695 interrogationem.
1923 2629 2118 2686 rogans

540 2748 789 2808 quzenam
861 2735 1045 2783 essent
1097 2738 1284 2776 earum
1335 2718 1577 2779 nomina,
1632 2723 1687 2767 et
1746 2726 1865 2779 qua:
1920 2706 2116 2777 patria.

542 2803 649 2886 ιίιιε
698 2836 881 2880 autem
914 2838 927 2873 :
966 2816 1209 2871 Primum
1268 2810 1508 2880 quidem,
1560 2822 1588 2859 a
1646 2803 1863 2859 Christo
1916 2808 2120 2853 vocatre

541 2934 753 2985 sumus,
789 2914 1062 2969 dixerunt.
1112 2904 1264 2972 Quod
1309 2903 1354 2955 si
1393 2901 1555 2954 etiam
1591 2891 2121 2960 nomenabaptismo

544 2981 853 3083 impositum
894 3007 1144 3073 oporteat
1172 2995 1395 3055 addere,
1428 3005 1537 3043 una
1575 2987 1790 3056 quidem
1811 2981 2120 3043 Mcnmlora,

544 3072 712 3159 altera
768 3072 951 3153 autem
1003 3088 1330 3148 Metrodora,
1371 3081 1569 3136 deinde
1637 3078 1791 3131 tertia
1850 3072 2122 3145 Nympho-

544 3202 700 3254 dora.
738 3191 997 3246 dicimur.
1065 3180 1245 3235 Patria
1303 3188 1480 3232 autem
1536 3172 1693 3227 nobis
1731 3179 1812 3223 est
1841 3165 2123 3235 Bithynia.

550 3289 623 3343 Ex
680 3284 871 3339 eodem
932 3291 1063 3333 vero
1094 3272 1299 3328 semine
1340 3268 1615 3339 productae
1682 3275 1889 3323 sumus,
1948 3266 2002 3309 et
2058 3255 2125 3307 ab

544 3380 733 3433 eadem
815 3378 986 3423 matre
1066 3376 1256 3419 sumus
1336 3359 1604 3417 educatae,
1647 3351 1815 3405 etab
1920 3346 2123 3401 eisdem

549 3467 867 3540 parentibus
920 3460 1130 3515 dilectae
1197 3464 1408 3515 sumus,
1452 3457 1501 3501 et
1568 3444 1813 3501 eamdem
1896 3449 2122 3495 matrem

546 3538 601 3623 et
629 3560 881 3617 eumdem
910 3563 1117 3623 patrem
1150 3544 1562 3616 appellavimus.
1619 3538 1875 3592 Eamdem
1910 3543 2124 3602 quoque

551 3656 673 3708 vitas
723 3648 989 3703 rationem
1052 3647 1253 3694 secuta:
1327 3648 1539 3695 sumus,
1581 3640 1636 3683 et
1672 3626 1921 3681 eamdem
1949 3623 2125 3675 adhuc

550 3749 799 3799 tenemus
852 3730 1202 3789 sententiam.

620 3853 686 3909 ιν
741 3849 949 3905 Morum
1004 3844 1182 3912 itaque
1226 3851 1280 3894 et
1310 3838 1596 3894 verborum
1632 3827 2006 3885 liberalitatem
2037 3823 2124 3878 ille

547 3942 768 4004 silentio
806 3939 1127 4001 admiratus,
1193 3935 1407 3988 curiose
1478 3926 1769 3983 admodum
1824 3936 1878 3978 et
1932 3922 2127 3979 callide

552 4044 701 4098 vafer
760 4037 848 4091 ille
883 4041 1108 4088 conatus
1138 4037 1220 4083 est
1256 4027 1504 4097 protinus
1538 4022 1775 4092 virgines
1825 4019 2123 4075 seducere:

540 4136 627 4193 Ne
657 4147 805 4203 ergo,
825 4128 1033 4189 dicens,
1063 4138 1182 4191 quae
1212 4122 1285 4173 dii
1315 4120 1380 4173 ad
1410 4117 1754 4171 concordiam
1784 4115 1928 4167 bona
1959 4110 2127 4165 dede-

550 4232 699 4283 runt,
735 4235 856 4282 vos,
888 4231 920 4269 ο
946 4215 1125 4268 chara:
1154 4208 1368 4281 puellae,
1399 4207 1637 4263 reddatis
1672 4219 1809 4261 vana
1832 4210 1885 4258 et
1922 4203 2127 4269 inania,

551 4315 645 4369 sed
686 4326 849 4381 super
912 4307 1028 4361 haec
1096 4304 1258 4357 etiam
1336 4301 1439 4354 alia
1532 4300 1811 4365 adiﬁcate,
1889 4310 1943 4356 et
1995 4298 2127 4354 milii

552 4411 831 4476 parentes,
871 4399 972 4451 diis
1044 4407 1261 4463 quoque
1324 4393 1678 4445 communiter
1750 4391 2049 4444 sacriﬁcate
2075 4398 2130 4442 et

554 4508 812 4565 tanquam
870 4500 1088 4543 sorores
1146 4486 1199 4538 in
1252 4482 1634 4538 benevolentia
1706 4497 1833 4553 erga
1877 4496 1972 4536 eos
1996 4494 2130 4535 con-

2213 1990 2268 2043 δὲ
2324 1991 2597 2059 ἐναρέτως
2659 1990 2860 2058 βιοῦσι,
2912 1996 2980 2061 τῇ
3034 1993 3133 2061 τῆς
3184 1996 3395 2057 οἰκείας
3458 1994 3808 2063 άγαθότητος

2212 2084 2394 2154 χάριτι
2426 2082 2572 2151 φιλεῖ
2610 2083 3012 2151 ἐπιφαίνεσθαι,
3080 2087 3173 2140 καὶ
3206 2088 3295 2153 ὑφ’
3325 2081 3389 2139 οῦ
3456 2086 3699 2154 βασιλεῖς
3749 2104 3810 2139 τε

2216 2177 2442 2245 ἄρχουσι
2474 2177 2568 2228 καὶ
2600 2175 2849 2244 τύραννοι
2878 2174 3139 2244 κρατοῦσι
3176 2179 3275 2247 τῆς
3301 2179 3424 2247 γῆς.
3477 2177 3669 2229 Ταῦτα
3710 2178 3809 2239 τας

2217 2267 2520 2336 παρθένους
2554 2266 2837 2337 ἀτρέπτως
2878 2267 3017 2321 πάνυ
3051 2269 3145 2321 καὶ
3197 2268 3451 2337 ἐμμελῶς
3492 2270 3804 2338 ἀποκρινα-

2220 2358 2391 2426 μένας
2426 2358 2454 2409 ὀ
2494 2359 2679 2427 ἄρχων
2726 2358 3025 2425 ἐμϐλέψας,
3075 2360 3433 2428 ὑπερηγάσθη
3485 2360 3589 2429 τήν
3629 2377 3689 2411 τε
3718 2376 3810 2411 κο-

2221 2448 2387 2515 σμίαν
2418 2450 2759 2516 παράστασιν
2791 2448 2883 2498 καὶ
2933 2447 2992 2498 τὸ
3038 2447 3145 2500 τῶν
3177 2450 3522 2517 ἀποκρίσεων
3557 2449 3809 2517 νουνεχὲς

2221 2538 2315 2591 καὶ
2346 2538 2654 2591 εὐσύνετον.
2691 2538 2800 2591 Καὶ
2833 2536 3007 2599 οὑτως
3038 2532 3106 2607 ἦν
3130 2538 3220 2590 ἐπὶ
3253 2539 3387 2589 πολὺ
3428 2539 3675 2603 σιωπῶν,
3713 2540 3810 2588 καὶ

2219 2631 2278 2681 ὲν
2309 2627 2547 2696 θαύματι
2570 2630 2772 2690 ταύτας
2804 2629 3150 2699 ποιούμενος.
3182 2628 3309 2697 Ὀψὲ
3340 2628 3386 2680 δ’
3420 2624 3512 2680 οὖν
3535 2630 3685 2697 ὅμως
3713 2644 3811 2679 και

2222 2721 2487 2789 δευτέραν
2518 2719 2789 2789 ἐρώτησιν
2820 2721 3018 2787 ἐπῆγε,
3051 2724 3171 2774 τίνα
3211 2738 3268 2772 τε
3303 2721 3370 2772 τὰ
3400 2721 3671 2788 ὀνόματα,
3714 2722 3807 2770 καὶ

2224 2814 2343 2881 ἥτις
2373 2812 2561 2871 αὑταῖς
2618 2810 3019 2879 πυνθανόμενος
3066 2812 3099 2879 ή
3136 2812 3352 2876 πατρίς.
3391 2812 3456 2861 Δί
3489 2813 3570 2873 δὲ,
3606 2812 3811 2879 Πρῶτα

2228 2903 2326 2971 μὲν
2374 2902 2481 2955 άπὸ
2526 2899 2768 2969 Χριστοῦ
2817 2900 3155 2969 κεκλήμεθα,
3191 2895 3364 2952 εἷπον.
3402 2900 3462 2950 Εἰ
3509 2902 3568 2952 δὲ
3621 2902 3717 2952 καὶ
3747 2902 3811 2951 τὸ

2224 2992 2333 3044 ἁπδ
2374 2992 2469 3044 τοῦ
2512 2991 2891 3061 βαπτίσματος
2924 2990 3096 3059 ὄνομα
3126 2989 3208 3067 δεῖ
3254 2990 3599 3058 προσθεῖναι,
3634 2992 3664 3057 ή
3708 2990 3813 3058 μὲν

2235 3084 2563 3155 Μηνοδώρα,
2601 3086 2635 3153 ή
2682 3084 2736 3136 δὲ
2769 3084 3130 3153 Μητροδόιρα,
3180 3084 3272 3134 καὶ
3308 3085 3342 3151 ή
3374 3083 3490 3147 μετ’
3533 3082 3705 3152 αὐτὴν
3756 3081 3817 3135 δὲ

2226 3173 2614 3244 Νυμφοδώρα,
2673 3172 2962 3242 λεγόμεθα.
3020 3173 3284 3242 Πατρίδος
3337 3173 3644 3241 ὁρμώμεθα
3704 3174 3814 3241 τῆς

2229 3267 2493 3321 Βιθυνῶν.
2529 3266 2777 3335 Ἐφυμεν
2803 3267 2857 3318 δὲ
2880 3266 2987 3319 ἀπὸ
3018 3264 3112 3317 τοῦ
3146 3264 3312 3318 αὑτοῦ
3345 3266 3686 3336 σπέρματος,
3714 3270 3817 3317 καὶ

2230 3363 2334 3416 ὑπὸ
2368 3363 2465 3431 τῆς
2489 3361 2655 3430 αὑτῆς
2689 3361 2893 3429 μητρὸς
2925 3362 3271 3427 ἐτράφημεν,
3309 3361 3404 3410 καὶ
3437 3359 3542 3410 ὑπὸ
3570 3360 3681 3409 τῶν
3714 3361 3819 3408 αὑ-

2231 3456 2338 3507 τῶν
2372 3454 2575 3521 γονέων
2606 3450 2966 3519 ἠγαπήμεοα,
3001 3451 3094 3501 καὶ
3124 3454 3224 3519 τὴν
3272 3452 3441 3517 αὑτὴν
3474 3451 3688 3519 μητέρα
3716 3453 3820 3502 καὶ

2229 3546 2319 3596 τὸν
2353 3543 2512 3597 αὑτὸν
2545 3541 2759 3611 πατέρα
2786 3542 3340 3611 προσηγορεύσαμεν.
3378 3543 3485 3593 Καὶ
3534 3540 3819 3601 πολιτείας

2230 3635 2287 3687 δὲ
2326 3633 2583 3704 ἡψάμεθα
2616 3634 2713 3704 τῆς
2757 3634 2952 3705 αὐτῆς,
3005 3634 3101 3688 καὶ
3155 3636 3255 3704 τῇς
3298 3635 3417 3704 ἴσης
3459 3633 3539 3685 ἑτι
3570 3632 3819 3701 ἐχόμεθα

2229 3727 2474 3797 γνώμης.

2297 3824 2367 3875 A'.
2422 3820 2495 3872 Τὸ
2546 3818 2857 3889 ἐλευθέριον
2888 3819 3067 3873 τοίνυν
3114 3818 3209 3873 τοῦ
3243 3836 3303 3872 τε
3333 3821 3543 3889 τρόπου
3572 3820 3673 3872 καὶ
3703 3819 3821 3872 τῶν

2229 3912 2496 3984 ῥημάτων
2521 3912 2701 3983 ῄσυχῆ
2737 3914 2946 3972 ἐκεῖνος
2976 3912 3287 3978 θαυμάσας,
3325 3914 3637 3984 περιέργως
3669 3913 3821 3979 ἄγαν

2230 4006 2257 4057 ὁ
2295 4006 2465 4068 δεινὸς
2494 4007 2587 4058 καὶ
2622 4003 2893 4069 ὑπούλως,
2935 4002 3264 4071 κλέψαιτάς
3308 4006 3609 4073 παρθένους
3648 4007 3821 4069 εὐθὺς

2229 4096 2544 4164 ἐπεχείρει,
2578 4097 2668 4167 Μὴ
2700 4095 2792 4148 οῦν
2822 4094 2857 4148 ἃ
2909 4096 2958 4147 oi
3004 4095 3139 4159 θεοὶ,
3169 4094 3374 4163 λέγων,
3424 4097 3504 4157 εἰς
3554 4098 3821 4166 ὁμόνοιαν

2229 4188 2351 4250 ταῖς
2398 4186 2656 4257 ἀδελφαῖς
2690 4192 2963 4259 παρέσχον
3008 4190 3075 4242 τά
3105 4188 3307 4257 ἀγαθά,
3351 4188 3557 4259 μάταια
3629 4188 3824 4257 ὑμεῖς,

2229 4274 2274 4334 ὦ
2311 4281 2463 4351 φίλαι
2494 4283 2685 4353 κόραι,
2729 4286 3028 4352 ποιήσητε*
3069 4281 3188 4333 ἀλλ’
3223 4284 3315 4333 ἐπὶ
3348 4282 3521 4335 ταῦτα
3552 4282 3647 4333 καὶ
3678 4283 3820 4335 ἄλλα

2230 4371 2564 4439 οἰκοδομεῖτε
2594 4372 2784 4439 φιλικά
2817 4372 2976 4439 ἔργα,
3015 4372 3110 4422 καὶ
3138 4370 3344 4437 ἀδελφά
3386 4388 3477 4440 μοι
3514 4369 3659 4423 οὕτω
3713 4372 3818 4424 τοῦ

2230 4463 2421 4516 λοιποῦ
2473 4467 2719 4530 φρονεῖτε
2766 4480 2780 4494 ο
2844 4463 2939 4515 καὶ
2989 4463 3255 4532 πειθήνιοί
3333 4479 3423 4534 μοι
3495 4463 3818 4535 γενόμεναι,

552 4553 752 4645 sent-ite
844 4585 1121 4653 protinus,
1157 4593 1263 4633 nec
1320 4578 1581 4631 sustineat
1644 4576 1811 4629 altera
1897 4575 2120 4628 alteram

2234 4559 2387 4627 κοινῇ
2418 4554 2563 4610 οὑτω
2615 4555 2711 4607 καὶ
2770 4555 2883 4618 τοῖς
2938 4553 3079 4619 θεοῖς
3133 4554 3334 4609 θύσατε
3389 4557 3481 4609 καὶ
3514 4557 3588 4620 ὼς
3650 4558 3821 4609 ἁδελ-

554 4690 798 4734 sororem
836 4672 1021 4725 videre
1057 4667 1392 4734 turpissima,
1448 4681 1480 4718 o
1536 4666 1647 4719 dii!
1680 4676 1733 4719 et
1776 4666 2128 4720 acerbissima

556 4771 873 4840 patientem,
894 4774 949 4825 et
961 4763 1146 4816 ﬂorem
1167 4758 1587 4829 pulchritudinis
1613 4758 1825 4826 probris
1862 4767 1916 4810 et
1937 4766 2131 4810 contu-

556 4862 733 4916 meliis
831 4853 1214 4909 miserabiliter
1276 4850 1434 4903 allici.
1486 4851 1610 4904 Haec
1690 4864 1840 4920 ergo,
1902 4858 1959 4902 ut
2013 4851 2130 4918 qui,

557 4970 677 5021 quae
710 4960 945 5019 oportet,
997 4946 1171 5000 dicam
1207 4949 1261 4996 et
1294 4941 1448 4995 vobis
1486 4943 1657 5005 utilia,
1688 4958 1717 4995 a
1766 4958 1850 4997 me
1874 4942 2129 5011 accipite,

560 5053 613 5096 el
650 5043 779 5095 mihi
830 5047 1034 5109 parete,
1094 5045 1348 5101 tanquam
1396 5032 1556 5106 patri,
1614 5032 1670 5085 in
1728 5047 1821 5085 vos
1853 5041 2130 5099 paternam

558 5124 801 5177 servanti
913 5115 1279 5173 aﬂectionem.
1356 5113 1453 5167 Sic
1556 5116 1700 5167 enim
1793 5113 2133 5183 imperatoris

556 5213 994 5269 benevolentiam
1028 5206 1394 5279 assequemini
1421 5215 1476 5261 et
1506 5205 1753 5276 gloriam,
1777 5214 1832 5259 et
1868 5222 1964 5261 vos
1987 5206 2137 5261 exci-

562 5311 671 5375 piet
720 5304 996 5359 alliuentla
1032 5310 1086 5358 et
1121 5316 1269 5355 mare
1318 5299 1620 5364 bonorum;
1645 5308 1697 5353 et
1721 5296 1917 5350 merito
1949 5297 2134 5353 felices

560 5409 775 5463 semper
834 5390 1299 5454 existimabimini,
1320 5398 1375 5443 et
1404 5389 1679 5442 memoriae
1706 5387 2133 5442 mandabimini:

561 5490 645 5539 sin
749 5483 929 5537 minus
1007 5481 1245 5536 immane
1339 5487 1395 5534 et
1478 5476 1697 5532 crudele
1806 5476 2133 5547 supplicium

561 5582 849 5632 consumet
884 5571 1164 5642 pulchram
1194 5571 1426 5622 vestram
1472 5576 1526 5621 et
1568 5577 1809 5621 teneram
1871 5567 2133 5638 speciem.

562 5663 642 5716 Ad
706 5662 819 5716 haec
848 5660 1127 5729 excipiens
1193 5657 1629 5723 Menodora,At
1689 5657 1866 5719 nobis,
1934 5658 2135 5727 inquit,

565 5772 596 5805 ο
645 5753 834 5821 judex,
910 5767 1009 5807 nec
1079 5765 1198 5821 qua:
1276 5759 1333 5804 tu
1394 5750 1665 5819 promittis
1720 5749 1971 5804 videntur
2014 5764 2136 5805 esse

568 5859 783 5917 magna,
850 5859 951 5899 nec
1014 5860 1136 5912 quae
1204 5853 1259 5900 tu
1352 5852 1542 5901 rursus
1616 5840 1841 5898 minaris
1906 5851 2135 5915 possunt

2235 4653 2355 4719 φαὶ,
2391 4652 2483 4703 καὶ
2549 4649 2651 4718 μὲν
2708 4648 2839 4719 περὶ
2871 4650 2971 4716 τὴν
3020 4651 3099 4711 είς
3158 4648 3354 4703 αὑτοὺς
3394 4645 3607 4697 εῦνοιαν
3647 4646 3821 4707 εὐθὺς

2234 4741 2515 4794 διαστᾶσαι
2557 4739 2826 4807 ἀλλήλων,
2856 4738 3157 4808 ἀνάσχεσθε
3205 4736 3441 4805 ἀδελφὴν
3468 4735 3622 4803 ὑμῶν
3662 4734 3820 4799 ἰδεῖν,

2234 4832 2303 4883 τὰ
2330 4831 2603 4897 αἴσλιστα,
2642 4823 2686 4880 ὦ
2715 4828 2852 4890 θεοὶ,
2900 4830 2997 4880 καὶ
3052 4827 3356 4897 πικρότατα
3404 4826 3817 4895 ὑπομένουσαν,

2237 4924 2330 4976 καὶ
2360 4923 2421 4975 τὸ
2470 4924 2569 4990 τῆς
2604 4920 2754 4993 ὥρας
2790 4918 2951 4983 ἄνθος
2984 4918 3251 4991 ⁴ἐλεεινῶς
3303 4918 3687 4990 ὑϐριζόμενον.
3728 4918 3819 4985 Ὣς

2235 5008 2327 5065 οὖν
2351 5013 2417 5064 τὰ
2444 5013 2629 5065 δέοντα
2673 5011 2768 5066 καί⁵
2813 5011 3088 5081 λυσιτελῆ,
3143 5010 3395 5078 λέγοντος
3434 5010 3593 5080 ἐμοῦ,
3637 5008 3819 5073 οὕτως

2236 5104 2589 5173 ἀποδέχεσθε,
2634 5103 2729 5154 καί
2780 5120 2872 5172 μοι
2914 5103 3013 5155 ὅσα
3045 5101 3140 5155 καὶ
3182 5100 3565 5170 περιπείθεσθε
3616 5116 3816 5168 πατρι-

2238 5197 2343 5265 κὴν
2402 5198 2536 5264 πρὸς
2594 5196 2737 5265 ὑμᾶς
2792 5194 3047 5263 τηροῦντι
3090 5178 3347 5248 διάθεσιν.
3406 5193 3563 5246 Οὕτω
3608 5193 3718 5264 γὰρ
3750 5194 3812 5246 ἃς

2238 5287 2525 5355 εὐμενείας
2562 5304 2621 5339 τε
2665 5284 3011 5356 ἀπολαύσητε
3050 5284 3335 5355 βασιλικῆς
3378 5284 3471 5336 καὶ
3497 5282 3684 5356 δόξης,
3722 5284 3813 5336 εὑ·

2243 5378 2363 5447 ροιά
2411 5393 2468 5427 τε
2520 5377 2637 5446 βίου
2684 5376 2828 5444 ὑμᾶς
2850 5376 2948 5429 καὶ
2992 5374 3213 5443 ἀγαθῶν
3236 5372 3519 5444 ὲκδέξηται
3546 5374 3818 5442 θάλασσα,

2239 5471 2335 5522 καὶ
2391 5468 2782 5540 μακαρίζοισθέ
2835 5486 2897 5537 γε
2947 5468 3170 5533 δικαίως
3200 5468 3291 5521 τὸν
3345 5470 3432 5523 ἀεὶ
3476 5470 3691 5540 χρόνον,
3726 5474 3821 5522 καὶ

2243 5564 2463 5632 μνήμης
2492 5561 2831 5630 τυγχάνοιτε.
2868 5562 2931 5613 Εἰ
2967 5561 3131 5627 δὀῦν,
3175 5560 3307 5614 άλλά
3329 5564 3451 5633 χεὶρ
3484 5563 3702 5631 ἀπηνὴς
3727 5567 3821 5617 καὶ

2241 5654 2460 5715 κόλασις
2494 5653 2770 5723 ὼμοτέρα,
2804 5654 2865 5706 τὸ
2894 5653 3077 5719 καλὸν,
3135 5653 3282 5723 οῐμοι
3324 5656 3423 5723 τῆς
3483 5654 3634 5723 ῶρας
3660 5657 3821 5713 τοῦτο

2240 5747 2333 5799 καὶ
2388 5745 2598 5799 ἁπαλὸν
2664 5743 3025 5801 ἀναλώσουσι.
3081 5746 3223 5816 Πρὸς
3275 5745 3450 5798 ταῦτα
3513 5748 3819 5818 Μηνοδώρα

2241 5840 2612 5907 ὑπολαϐοῦσα,
2674 5840 2814 5895 Ἀλλ’
2858 5841 3011 5913 ήμῖν,
3038 5834 3081 5895 ὦ
3131 5841 3336 5913 ἄρχων,
3374 5837 3552 5908 εἶπεν,
3578 5843 3703 5896 οὔτε
3755 5844 3820 5900 τὰ
