3970 6440
562 385 668 447 659

1791 378 2077 439 MENSIS
2116 376 2594 437 SEPTEMBER.

3711 369 3813 431 663

560 497 897 564 tatio,meus
954 510 1126 557 amor,
1182 493 1246 548 ad
1307 505 1356 548 te
1406 509 1558 565 Spem
1632 510 1802 548 meam
1858 493 2131 559 confugio,

2243 490 2384 556 δέξαι
2428 508 2529 556 μου
2557 488 2654 560 τὴν
2690 488 2874 557 ψυχὴν
2910 485 3029 555 μετ’
3077 484 3328 554 εἰρήνης·
3376 481 3508 534 αὑτό
3540 498 3598 533 τε
3636 482 3811 549 ἀφῆκε

556 590 741 658 accipe
771 589 824 643 in
852 603 983 657 pace
1013 602 1183 639 meam
1211 586 1472 649 animam,
1508 597 1563 639 et
1591 588 1763 656 ipsum
1804 588 1981 641 emisit
2021 585 2133 654 spi-

558 680 741 741 ritum,
792 690 848 733 et
904 678 1157 747 praeclare
1211 677 1460 730 ascendit
1514 676 1579 729 ad
1640 690 1919 744 sponsum.
1972 692 2133 745 quem

555 771 829 840 diligebat,
860 787 953 839 pro
983 771 1098 840 ipso
1117 768 1385 837 susceptis
1411 768 1749 838 stigmatibus
1772 779 1822 821 et
1849 770 2132 823 vulnerum

555 859 896 915 cicatricibus
924 868 1203 924 exornata,
1262 866 1316 913 et
1344 859 1535 928 quovis
1591 856 1719 911 llore
1754 861 2053 927 speciosius
2083 870 2135 912 et

549 954 846 1020 jucundius
878 955 1105 1008 variata.

626 1046 714 1099 Vl.
746 1047 875 1100 Post
906 1057 1159 1114 quartum
1190 1055 1368 1101 autem
1402 1046 1542 1101 diem
1580 1062 1703 1101 cum
1739 1047 1879 1114 apud
1920 1061 1977 1100 se
2006 1060 2129 1100 con-

552 1136 809 1191 sultassct
843 1152 1105 1197 assessor,
1141 1151 1207 1189 ne
1240 1135 1306 1190 ab
1328 1136 1447 1191 aliis
1472 1151 1691 1205 quoque
1713 1136 1831 1202 ejus
1857 1136 2136 1189 sororibus

554 1228 881 1290 vinceretur,
909 1237 964 1281 et
995 1229 1232 1280 animum
1270 1237 1539 1283 versasset
1575 1228 1629 1281 in
1653 1243 1867 1281 onmem
1901 1238 2129 1296 partem,

551 1329 607 1371 et
636 1318 833 1372 mentis
893 1318 1293 1387 quodammodo
1363 1319 1552 1372 intima
1601 1319 1923 1389 explicasset
1962 1334 2128 1389 pene.

555 1411 731 1474 tralia,
758 1410 1115 1465 Metrodoram
1142 1411 1361 1479 quidem
1394 1419 1450 1465 et
1504 1408 1939 1481 Nymphodoram
1983 1410 2131 1464 ducit

554 1502 622 1556 ad
650 1502 906 1558 tribunal.
940 1503 1045 1556 Eas
1080 1513 1259 1557 autem
1297 1502 1386 1556 ille
1412 1504 1633 1572 quidem
1661 1504 1826 1555 miser
1851 1503 1951 1555 sub
1973 1517 2131 1555 suum

552 1595 805 1664 producit
831 1606 1205 1664 conspectum,
1236 1606 1289 1649 et
1317 1596 1470 1663 ponit
1502 1604 1630 1648 ante
1662 1596 1825 1663 pedes
1851 1593 2136 1663 virginales

550 1687 837 1755 pulchrum
866 1685 999 1741 illud
1032 1702 1232 1755 corpus
1273 1688 1497 1750 sororis,
1540 1688 1683 1754 quod
1742 1702 1848 1740 non
1904 1686 2137 1739 habebat

549 1779 831 1843 amictum,
862 1792 972 1831 non
1022 1777 1473 1844 integumentum,
1527 1784 1700 1834 totum
1756 1777 2022 1831 tumidum
2083 1786 2135 1830 et

2236 588 2297 637 τὸ
2326 585 2541 653 πνεῦμα
2582 584 2677 637 καὶ
2722 583 2861 652 πρὸς
2889 581 2950 633 ὃν
3001 580 3192 650 ἠγάπα
3252 580 3485 647 νυμφίον
3542 578 3814 647 λαμπρῶς

2238 679 2547 747 ἀνέρχεται.
2593 679 2706 738 τοῖς
2741 676 2879 745 ὑπὲρ
2912 671 3078 727 αὐτοῦ
3114 672 3378 740 στίγμασι
3420 671 3514 722 καὶ
3554 672 3677 733 ταῖς
3709 669 3818 721 τῶν

2238 772 2567 840 τραυμάτων
2619 770 2807 829 οὐλαῖς
2871 767 3135 820 κάλλιστα
3190 762 3666 831 διεσκευασμένη,
3720 763 3814 813 καὶ

2238 866 2439 924 παντὸς
2484 862 2677 923 ἄνθους
2734 858 3105 930 εὐχροώτερόν
3159 874 3215 909 τε
3276 854 3683 923 πεποικιλμένη
3724 853 3816 905 καὶ

2237 958 2613 1025 χαριέστερον.

2311 1045 2399 1112 εἷ’.
2436 1044 2588 1097 Μετά
2620 1044 2803 1115 μέντοι
2834 1042 3110 1113 τετάρτην
3148 1043 3366 1113 ἡμέραν
3398 1044 3749 1111 σκεψάμενος
3787 1041 3815 1092 ὀ

2240 1138 2622 1206 συμπάρεδρος
2657 1138 2806 1197 ὅπως
2856 1136 2921 1189 ἀν
2964 1135 3038 1205 μὴ
3097 1136 3190 1187 καὶ
3244 1136 3353 1186 τῶν
3409 1135 3589 1188 ἀλλων
3646 1135 3816 1201 αὐτῆς

2238 1229 2483 1297 ἀδελφῶν
2517 1228 2801 1297 ἡττηθείη,
2853 1228 2947 1280 καὶ
2992 1227 3335 1296 πανταχόθεν
3388 1228 3812 1296 συγκροτηθεὶς,

2240 1322 2334 1373 καὶ
2364 1320 2554 1390 ῶσπερ
2583 1320 2701 1373 τινὰ
2746 1320 3054 1388 βαθυτέραν
3084 1319 3400 1382 ἀναπτύξας
3430 1320 3627 1387 φρένα,
3660 1320 3791 1387 Νυμ

2238 1411 2490 1480 φοδώραν
2553 1412 2652 1479 μὲν
2706 1412 2829 1477 ἄγει
2869 1400 2964 1461 καὶ
3016 1408 3389 1479 Μητροδὼραν
3442 1409 3521 1476 τῲ
3582 1409 3811 1477 βήματι·

2241 1504 2487 1572 παράγει
2520 1502 2573 1554 δὲ
2604 1504 2629 1554 ὁ
2670 1501 2851 1563 ἅθλιος
2901 1501 3004 1553 ὑπὸ
3034 1500 3133 1567 τὴν
3180 1499 3301 1567 ὄψιν
3340 1501 3534 1562 αὐταῖς
3570 1502 3665 1552 καὶ
3708 1500 3817 1569 πρὸ

2238 1596 2347 1647 τῶν
2382 1594 2557 1647 ποδῶν
2602 1594 2784 1662 τίθησι
2814 1594 2918 1645 τῶν
2946 1591 3295 1662 παρθενικῶν
3336 1592 3398 1643 τὸ
3432 1592 3601 1643 καλὸν
3637 1596 3817 1645 ἐκεῖνο

2238 1686 2337 1754 τῆς
2363 1686 2597 1753 ἀδελφῆς
2631 1685 2788 1753 σῶμα
2812 1700 2825 1714 ·
2859 1684 2959 1736 οὐκ
2988 1682 3267 1751 ἐπίϐλημα
3308 1682 3451 1749 ἔχον,
3487 1682 3547 1735 οὐ
3581 1683 3815 1751 περικά-

2240 1775 2449 1845 λυμμα,
2489 1775 2610 1829 ὅλον
2639 1775 2901 1845 διῳίηκὺς
2947 1776 3063 1837 τοῖς
3120 1773 3346 1843 μὼλωψι
3376 1774 3469 1825 καὶ
3513 1789 3815 1841 κατειργα-

550 1868 858 1923 confectum
890 1870 1172 1932 vibicibus,
1202 1883 1501 1939 apertaque
1560 1869 1851 1938 ﬂagrorum
1914 1879 1966 1921 et
2023 1868 2135 1937 pla-

2243 1870 2460 1935 σμένον,
2503 1868 2647 1934 σαφῆ
2681 1868 2747 1918 τά
2775 1866 2883 1918 τῶν
2917 1867 3197 1936 μαστίγων
3228 1866 3347 1935 ἴχνη
3386 1866 3480 1918 καὶ
3511 1865 3624 1917 τῶν
3672 1864 3818 1933 πλη-

550 1976 738 2028 garum
773 1961 995 2031 vestigia
1038 1961 1221 2014 ferens
1253 1961 1305 2013 in
1344 1961 1491 2013 omni
1545 1961 1813 2021 membro,
1871 1969 1925 2013 et
1975 1959 2131 2027 quasi

549 2051 799 2104 sentibus
846 2050 1085 2109 obsitum
1137 2050 1475 2113 vulneribus,
1548 2050 1796 2105 mirabile
1865 2050 2133 2119 quoddam

548 2140 917 2209 spectaculum
946 2151 1001 2195 et
1055 2156 1155 2195 nec
1186 2142 1317 2211 ipsis
1353 2142 1567 2211 quidem
1630 2142 1801 2195 oculis
1853 2139 2132 2199 credibile.

548 2231 638 2285 Sic
661 2231 806 2284 enim
860 2232 1206 2285 existimabat
1248 2231 1382 2296 fore,
1420 2242 1477 2284 ut
1532 2246 1626 2286 eas
1676 2230 2132 2299 obstupefaceret,

548 2326 605 2378 et
634 2332 838 2377 metum
874 2323 953 2377 eis
1008 2324 1249 2387 allcrret,
1298 2323 1615 2377 timentibus
1649 2338 1715 2376 ne
1769 2324 1847 2375 eis
1876 2324 1978 2375 tale
2034 2322 2134 2374 ali-

548 2413 679 2483 quid
707 2414 970 2469 eveniret.
1006 2415 1113 2469 Sed
1176 2415 1322 2467 illius
1384 2412 1600 2482 quidem
1658 2430 1858 2482 corpus
1917 2413 1996 2468 sic
2040 2412 2137 2467 luit

550 2507 909 2575 propositum,
939 2516 992 2560 et
1050 2521 1245 2560 omnes
1297 2506 1388 2575 qui
1420 2505 1919 2567 circumsistebant,
1951 2504 2135 2558 animo

549 2600 1027 2667 perturbabantur,
1058 2610 1111 2653 et
1135 2600 1449 2655 manifestas
1470 2600 1819 2656 eﬂ‘undcbant
1846 2600 2130 2670 lacryinas,

548 2704 692 2745 eteo
752 2690 1065 2760 spectaculo
1135 2693 1493 2745 movebantur
1557 2695 1621 2746 ad
1682 2692 2131 2753 misericordiam,

550 2792 746 2854 praeter
776 2800 972 2839 saevam
1001 2795 1055 2839 et
1100 2785 1392 2839 immanem
1444 2785 1680 2837 animam
1718 2784 1936 2852 judicis.
2000 2784 2132 2835 Eum

550 2878 697 2931 enim
746 2894 853 2933 non
896 2877 1269 2932 misericordia
1334 2876 1427 2930 sed
1459 2876 1539 2930 ira
1586 2875 1765 2945 potius
1821 2874 2042 2928 subibat
2082 2886 2137 2928 et

550 2970 873 3040 indignatio.
917 2970 1023 3024 Illa:
1055 2980 1236 3023 autem
1287 2967 1641 3023 trahebantur
1686 2969 1905 3037 quidem
1936 2983 1965 3021 a
2007 2982 2133 3037 pro-

549 3064 683 3131 priis
714 3062 1013 3117 visceribus
1042 3063 1106 3116 ad
1134 3062 1571 3130 lacrymandum;
1608 3060 1701 3112 sed
1736 3060 1786 3112 id
1811 3061 1891 3114 eis
1925 3073 2134 3127 neQua-

2238 1958 2349 2025 γῶν
2375 1959 2466 2010 ἐπὶ
2497 1958 2694 2017 παντὸς
2722 1958 2885 2023 φέρον
2916 1957 3113 2025 μέλους
3145 1958 3238 2008 καὶ
3274 1957 3669 2026 ἠκανθωμένον
3703 1958 3819 2017 τοῖς

2236 2050 2541 2119 τραύμασι,
2584 2048 2901 2117 παράλογόν
2939 2064 2990 2098 τι
3035 2047 3213 2117 Θέαμα
3258 2048 3353 2100 καὶ
3393 2048 3513 2099 οὐδὲ
3546 2048 3696 2115 αὐτῷ
3731 2063 3820 2099 πι-

2240 2142 2363 2193 στὸν
2417 2140 2650 2211 ὄμματι.
2704 2140 2892 2209 Ταύτῃ
2942 2140 3050 2209 γάρ
3085 2140 3257 2208 αύτάς
3296 2139 3669 2209 καταπλήξειν
3721 2142 3820 2192 καὶ

2238 2234 2315 2295 εἰς
2344 2233 2463 2296 δέος
2510 2234 2772 2301 ἐμϐαλεῖν
2815 2231 2973 2303 ᾤετο,
3014 2233 3321 2297 δεδοικυίας
3371 2234 3447 2303 μὴ
3504 2236 3599 2285 καὶ
3643 2232 3819 2292 αὑτὰς

2240 2326 2310 2377 τά
2365 2327 2725 2394 παραπλήσια
2804 2325 2995 2377 παθεῖν
3069 2324 3299 2391 γένοιτο.
3373 2326 3533 2377 Ἀλλὰ
3599 2324 3659 2376 τὸ
3722 2322 3819 2392 μὲν

2240 2420 2453 2489 ἐκείνης
2518 2419 2677 2487 σῶμα
2739 2418 2882 2470 οὓτω
2957 2418 3266 2487 προέκειτο,
3327 2418 3421 2468 καὶ
3491 2416 3698 2477 πάντες
3767 2417 3817 2467 οι

2239 2513 2663 2581 περιεστηκότες
2714 2510 3049 2579 ἐπληροῦντο
3098 2507 3342 2573 πάθους,
3418 2508 3513 2563 καὶ
3578 2508 3657 2569 εἰς
3720 2507 3815 2559 δά-

2239 2622 2380 2676 κρυα
2431 2605 2641 2672 φανερά
2697 2604 3023 2670 κατήγοντο,
3058 2603 3152 2653 καὶ
3201 2602 3279 2662 είς
3350 2598 3530 2653 οἶκτον
3580 2598 3687 2652 ὑπὸ
3719 2599 3819 2668 τῆς

2239 2699 2367 2760 θέας
2399 2695 2676 2749 ἐκινοῦντο
2723 2695 2862 2762 πλὴν
2902 2695 3001 2762 τῆς
3031 2693 3125 2747 τοῦ
3180 2692 3438 2745 δικαστοῦ
3480 2692 3661 2759 ψυχῆς
3718 2692 3819 2759 τῆς

2237 2789 2481 2859 ἀπηνοῦς
2521 2807 2578 2843 τε
2638 2789 2731 2841 καὶ
2783 2787 3084 2856 ἀνημέρου.
3126 2784 3332 2838 Τοῦτον
3368 2786 3476 2855 γάρ
3518 2785 3617 2837 οὐκ
3667 2784 3821 2845 ἔλεος

2239 2882 2357 2935 ἀλλ’
2385 2884 2521 2951 ὀργὴ
2560 2879 2760 2948 μᾶλλον
2794 2878 2887 2931 καὶ
2940 2879 3162 2945 νέμεσις
3216 2877 3487 2947 ύπεισῄει.
3529 2879 3593 2931 Αἱ
3629 2878 3684 2930 δὲ
3724 2879 3822 2930 δα-

2240 2975 2342 3046 κρύ
2356 2992 2439 3027 σαι
2476 2974 2575 3042 μὲν
2597 2974 2701 3024 ὑπὸ
2731 2972 2838 3023 τῶν
2866 2971 3085 3023 οἰκείων
3120 2970 3447 3041 σπλάγχνων
3478 2971 3820 3036 ἐφείλκοντο,

2238 3069 2299 3119 τὸ
2328 3066 2564 3125 συνειδὸς
2609 3065 2665 3116 δὲ
2701 3064 2893 3124 αὑταῖς
2934 3063 3033 3113 οὑκ
3078 3062 3399 3131 ἐπέτρεπεν.
3436 3061 3677 3132 ’ᾘδεσαν
3712 3062 3824 3131 γάρ

550 3171 712 3227 quam
754 3154 1001 3225 permisit
1024 3152 1379 3207 conscientia.
1420 3150 1679 3204 Sciebant
1714 3151 1858 3204 enim
1900 3160 1954 3203 et
1988 3161 2130 3202 mar-

2243 3159 2496 3231 μάρτυρά
2519 3174 2576 3209 τε
2608 3158 2704 3227 τὴν
2733 3156 2967 3227 ἀδελφὴν
3002 3150 3164 3217 εἶναι,
3206 3153 3486 3207 καὶτοῦτο
3518 3156 3614 3207 καὶ
3647 3157 3824 3217 αὐτάς

552 3258 724 3316 tyrem
779 3261 902 3301 esse
949 3261 1216 3310 sororem,
1265 3253 1320 3300 et
1366 3244 1511 3314 ipsas
1553 3258 1769 3313 quoque
1799 3244 1901 3298 lioc
1949 3252 2133 3313 postea

551 3341 851 3403 futuras,et
881 3338 944 3391 ad
978 3339 1149 3408 ipsam
1184 3352 1305 3392 mox
1326 3352 1445 3392 esse
1470 3347 1728 3391 venturas
1754 3353 1848 3407 per
1870 3352 2133 3391 consum-

552 3431 867 3485 mationem.
915 3430 1095 3499 Itaque
1144 3429 1224 3484 sic
1266 3428 1491 3484 fuerunt
1538 3429 1762 3493 allectze,
1813 3429 2044 3496 perinde
2078 3442 2140 3483 ac

554 3524 596 3576 si
624 3522 897 3577 venissent
928 3522 994 3576 ad
1041 3521 1311 3576 thalamos
1356 3518 1607 3585 sororis;
1669 3530 1934 3588 erantque
1984 3518 2138 3575 valde

557 3616 693 3668 laeta:
723 3623 778 3667 et
806 3612 980 3682 plenae
1026 3612 1325 3681 voluptate,
1360 3621 1418 3667 ut
1470 3628 1588 3681 qua:
1636 3628 1756 3666 eam
1803 3612 2138 3667 deducerent

558 3708 626 3763 ad
664 3706 952 3769 thalamos,
1013 3706 1066 3759 in
1101 3720 1238 3773 quos
1287 3720 1394 3758 non
1454 3704 1597 3756 cadit
1645 3703 1916 3766 interitus,
1969 3712 2023 3752 et
2081 3710 2137 3755 ut

479 3802 487 3807 ”
556 3815 624 3853 ne
659 3800 789 3869 ipsa:
837 3800 904 3851 ab
954 3799 1020 3851 iis
1066 3807 1251 3850 essent
1303 3804 1524 3848 remotae
1600 3804 1977 3864 properarent.
2030 3792 2133 3847 Sed

554 3891 719 3962 judex
747 3890 959 3947 etiamsi
990 3898 1097 3944 tam
1123 3888 1244 3944 forti
1285 3898 1339 3943 et
1374 3898 1477 3942 tam
1518 3888 1731 3943 excelso
1762 3888 1990 3943 fuissent
2017 3887 2135 3941 ani-

557 3998 647 4038 mo
676 3983 742 4038 ad
771 3991 1124 4051 conspectum
1144 3980 1367 4043 sororis,
1403 3996 1508 4035 non
1534 3980 1845 4048 desperavit
1874 3990 2055 4034 tamen
2079 3997 2135 4034 se

557 4091 649 4130 eas
678 4090 799 4129 esse
849 4086 1279 4143 persuasurum;
1314 4070 1407 4125 sed
1461 4072 1543 4139 (ut
1581 4078 1665 4125 est
1712 4072 1766 4123 in
1820 4071 2133 4139 proverbio)

559 4183 777 4225 omnem
809 4163 1251 4235 movitlapidem,
1293 4164 1488 4234 partim
1540 4164 1757 4234 quidem
1808 4163 1971 4217 minis
2029 4172 2138 4217 tor-

561 4270 869 4314 mentorum
900 4268 1118 4314 tentans
1146 4272 1330 4311 carum
1356 4257 1686 4312 labefactare
1708 4258 1974 4319 animum,
2009 4272 2136 4325 paro

560 4356 658 4408 tiin
692 4362 872 4406 autem
905 4351 1169 4405 bonorum
1195 4348 1479 4419 promissis
1505 4348 1710 4403 illicerc
1743 4365 1758 4414 ;
1788 4357 1862 4411 et,
1888 4348 1941 4401 Si
1971 4346 2137 4401 sacri-

562 4445 881 4509 licaveritis,
906 4443 1099 4512 inquit,
1130 4441 1361 4497 scribam
1409 4441 1586 4495 statim
1621 4440 1685 4495 ad
1731 4441 2131 4510 imperatorem.

2246 3254 2444 3322 μικρὸν
2484 3250 2712 3319 ὕστερον
2741 3249 2983 3315 ἔσεσθαι,
3032 3247 3126 3301 καὶ
3169 3247 3306 3317 πρὸς
3349 3247 3520 3316 αὐτὴν
3558 3247 3683 3299 ὅσον
3733 3246 3827 3298 οὐ·

2241 3346 2388 3398 δέπω
2444 3343 2691 3411 χωρῆσαι
2745 3341 2832 3392 διὰ
2871 3340 2971 3406 τῆς
3022 3338 3191 3404 αὑτης
3240 3338 3574 3398 τελειώσεως
3624 3337 3823 3405 ἀμέλει

2242 3437 2335 3491 καὶ
2369 3436 2442 3497 ὠς
2474 3434 2565 3487 ἐπὶ
2606 3432 2884 3494 παστάδας
2930 3430 3027 3500 τῆς
3081 3429 3317 3498 ἀδελφῆς
3366 3428 3623 3481 ἐλθοῦσαι
3675 3428 3825 3482 οὕτω

2239 3531 2528 3589 διέκειντο.
2563 3528 2653 3581 καὶ
2684 3525 2904 3595 φαιδραί
2952 3541 3008 3575 τε
3049 3518 3189 3593 ἦσαν
3231 3522 3323 3576 καὶ
3356 3522 3550 3591 ἡδονῆς
3596 3521 3821 3591 μεσταὶ,

2238 3620 2326 3677 οἷα
2357 3623 2448 3674 ἐπὶ
2480 3624 2603 3683 τοὺς
2629 3621 2937 3689 ἀκηράτους
2966 3620 3264 3687 νυμφῶνας
3295 3622 3539 3683 ἐκείνους
3568 3620 3828 3689 προπέμ-

2242 3733 2441 3770 πουσαι
2480 3716 2709 3783 ταύτην,
2750 3706 2824 3765 ὦν
2864 3712 2998 3781 μηδὲ
3032 3712 3192 3763 αὑταὶ
3226 3710 3625 3779 ἀπολειφθῆναι
3658 3711 3828 3779 ἠπεί-

2237 3826 2416 3879 γοντο.
2465 3807 2603 3861 Ἀλλ’
2627 3806 2961 3876 ὁδικαστὴς,
2999 3805 3175 3857 καίτοι
3209 3804 3479 3871 γενναίως
3523 3802 3672 3856 οὕτω
3705 3803 3827 3856 δια-

2238 3901 2500 3955 τεθεισῶν
2536 3899 2644 3951 τῶν
2670 3896 2957 3968 παρθένων
2990 3897 3124 3965 πρὸς
3141 3895 3237 3965 τὴν
3264 3898 3362 3967 τῆς
3392 3895 3635 3964 ἀδελφῆς
3663 3894 3817 3962 δ’ζιιν,

2237 3995 2386 4061 ὅμως
2417 3992 2478 4045 τὸ
2510 3994 2720 4043 πείσειν
2751 3990 2919 4057 αὐτὴν
2947 3989 3045 4040 οὐκ
3080 3990 3324 4055 ἀπέγνω.
3373 3986 3518 4040 Ἀλλ’
3552 3986 3775 4054 (ὥσπερ
3798 3986 3826 4037 ὁ

2237 4083 2414 4152 λόγος)
2460 4084 2641 4136 πάντα
2676 4080 2823 4133 λίθον
2859 4078 3030 4132 ἐκίνει
3053 4093 3068 4108 ·
3095 4076 3257 4131 τοῦτο
3301 4077 3401 4148 μὲν
3434 4078 3694 4139 ἀπειλαῖς
3726 4075 3829 4146 βα-

2242 4176 2419 4228 σάνων
2465 4174 2781 4227 κατασείειν
2810 4170 2991 4225 αὐτῶν
3019 4171 3080 4225 τδ
3120 4171 3349 4242 στερρὸν
3392 4168 3489 4221 τοῦ
3532 4172 3828 4238 φρονήμα-

2239 4286 2354 4331 τος,
2382 4266 2540 4319 τοῦτο
2585 4266 2642 4317 δὲ
2672 4266 2767 4317 καὶ
2803 4265 3024 4334 ἀγαθῶν
3061 4263 3414 4331 ἐπαγγελίαις
3455 4262 3828 4313 ὑποκλέπτειν

2241 4360 2434 4421 αὐταῖς
2460 4354 2835 4425 πειρώμενος·
2871 4358 2967 4408 καὶ
2996 4356 3069 4419 ὼς
3102 4355 3395 4420 Εἱθύσετε,
3430 4354 3586 4422 φησι,
3618 4350 3828 4421 γράψω

2243 4452 2587 4523 παραχρῆμα
2647 4448 2724 4519 τῷ
2777 4447 3010 4518 βασιλεῖ.
3082 4447 3141 4501 '0
3184 4447 3242 4500 δὲ
3282 4449 3378 4499 καὶ
3413 4447 3665 4516 χρήμασι
3724 4445 3825 4496 καὶ

562 4539 652 4593 ille
675 4546 853 4591 autem
882 4535 1130 4606 pecuniis
1160 4543 1213 4588 et
1265 4535 1460 4602 Opibus
1520 4534 1704 4587 multis
1750 4550 1843 4587 vos
1889 4535 2133 4595 donabit,

2246 4546 2462 4613 πλούτῳ
2497 4542 2681 4609 πολλῷ
2719 4544 3015 4610 χαριεῖται,
3045 4542 3142 4595 καὶ
3170 4540 3398 4611 ἀνδράσι
3445 4539 3591 4607 γένει
3622 4540 3684 4590 τε
3722 4541 3823 4591 καὶ

562 4644 766 4697 vosque
830 4628 962 4682 viris
1004 4640 1207 4697 genere
1248 4635 1300 4679 et
1341 4623 1605 4693 dignitate
1646 4625 1961 4678 clarissimis
2005 4639 2139 4678 con-

563 4720 749 4787 junzet
786 4716 1152 4779 matrimonio,
1201 4724 1255 4769 et
1310 4714 1598 4768 invenietis
1655 4729 1885 4785 sponsos
1950 4714 2141 4785 dignos

565 4821 743 4868 vestra
779 4805 1204 4877 pulchritudine.

637 4923 747 4976 Vll.
778 4924 837 4974 Et
857 4922 902 4974 is
916 4920 1133 4989 quidem
1159 4916 1292 4985 haec;
1310 4917 1411 4971 illze
1436 4928 1637 4971 autem:
1659 4917 1974 4985 Quousque,
1998 4920 2140 4972 dice-

547 5002 718 5079 obant,
750 5027 856 5067 non
889 5012 1148 5077 cessabis,
1175 5012 1364 5075 miser,
1397 5027 1503 5065 non
1538 5021 1723 5067 nostro
1756 5013 1926 5066 solum
1953 5029 2137 5083 scopo,

566 5112 662 5164 sed
697 5110 860 5163 etiam
900 5106 993 5160 tibi
1017 5105 1117 5175 ipsi
1145 5106 1327 5160 dicere
1352 5108 1652 5160 contraria?
1676 5118 1727 5159 et
1748 5124 1889 5160 nunc
1920 5108 2135 5175 quidem

570 5218 669 5254 nos
699 5214 893 5252 vocare
920 5213 1135 5251 sorores
1178 5196 1339 5265 hujus
1372 5196 1560 5258 beatae,
1598 5212 1743 5249 nunc
1798 5206 1982 5249 autem
2040 5209 2140 5254 nos

570 5292 806 5362 aggredi,
841 5298 1095 5358 tanquam
1149 5290 1374 5351 alienas,
1428 5298 1483 5340 et
1535 5303 1651 5358 qum
1708 5289 1863 5342 facile
1916 5297 2142 5356 possunt

572 5384 743 5437 vinci?
784 5384 839 5436 Si
876 5398 977 5437 nos
1010 5395 1140 5451 ergo
1173 5380 1448 5436 credidisti
1486 5397 1602 5434 esse
1638 5399 1855 5436 sorores
1921 5398 2137 5451 genere,

575 5480 713 5532 hanc
746 5476 910 5530 etiam
939 5490 1035 5542 pro
1064 5476 1265 5543 pietate
1290 5474 1674 5533 constantiam,
1712 5484 1766 5527 et
1793 5466 1929 5526 nihil
1956 5473 2138 5540 abjec—

574 5581 721 5626 ctum
747 5582 801 5624 et
845 5567 1126 5629 illiberale,
1156 5582 1333 5637 neque
1362 5567 1449 5619 tali
1484 5580 1689 5626 sorore,
1724 5582 1896 5633 neque
1921 5566 2029 5627 illa,
2081 5582 2141 5619 ex

575 5680 678 5731 qua
711 5672 819 5716 tres
842 5661 981 5714 rami
1019 5660 1122 5714 orti
1159 5675 1371 5723 sumus,
1404 5660 1582 5715 radice
1616 5659 1895 5727 indignum
1951 5660 2142 5712 inven—

574 5758 754 5806 turum
779 5753 1049 5807 existima.
1080 5750 1175 5804 Sin
1204 5763 1380 5805 autem
1410 5749 1485 5801 τίς
1504 5752 1658 5815 scire,
1682 5749 1857 5819 qualis
1876 5748 2142 5804 sitnostra

577 5848 903 5912 constantia,
937 5861 997 5901 cx
1025 5859 1091 5903 ea
1122 5859 1241 5915 qua
1291 5846 1567 5915 praecessit
1600 5852 1847 5901 accurate
1887 5844 2141 5913 inlcllige.

2243 4634 2516 4703 ἀξιώμασι
2572 4634 3058 4701 περιφανεστάτοις
3117 4636 3252 4702 πρὸς
3292 4634 3471 4700 γάμον
3507 4632 3653 4699 ὑμᾶς
3689 4648 3822 4681 συν-

2242 4728 2421 4795 ἀψειε,
2456 4726 2553 4778 καὶ
2592 4724 2775 4788 ἀξίους
2802 4722 2896 4776 τοῦ
2942 4724 3167 4787 κάλλους
3205 4724 3357 4793 ὑμῶν
3392 4724 3656 4790 εὑρήσετε
3692 4723 3825 4783 τοὺς

2241 4822 2533 4891 νυμφίους.

2314 4913 2388 4969 Ζ’.
2416 4914 2524 4966 Καὶ
2556 4914 2582 4965 ὁ
2617 4912 2716 4979 μὲν
2739 4911 2914 4965 ταῦτα
2934 4928 2946 4942 ·
2973 4914 3029 4963 αἱ
3059 4911 3136 4975 δὲ,
3164 4911 3342 4979 Μέχρι
3372 4909 3534 4972 τίνος,
3555 4905 3727 4970 εἷπον,
3758 4913 3821 4963 οὐ

2245 5008 2462 5077 παύσῃ,
2491 5006 2749 5068 ἀθλιε,οὑ
2803 5006 2879 5072 τῷ
2928 5004 3179 5073 ἡμετέρῳ
3226 5004 3386 5072 μόνον
3446 5000 3655 5072 σκοπῷ,
3684 5001 3826 5054 ἀλλὰ

2246 5101 2337 5149 καὶ
2378 5098 2590 5166 σεαυτῴ
2633 5096 2697 5146 τὰ
2728 5095 2944 5146 ἐναντία.
2998 5094 3415 5162 διαλεγόμενος;
3461 5095 3556 5146 καὶ
3592 5092 3688 5143 νῦν
3723 5091 3825 5159 μὲν

2244 5190 2475 5257 ἀδελφὰς
2506 5190 2649 5256 ἡμᾶς
2684 5190 2778 5253 τῆς
2834 5190 3112 5258 μακαρίας
3163 5186 3364 5256 ταύτης
3398 5186 3605 5247 καλῶν,
3637 5182 3734 5237 νῦν
3762 5186 3823 5237 δὲ

2244 5284 2317 5343 ὡς
2350 5282 2661 5348 ἀλλοτρίαις
2722 5282 2909 5341 cibat;
2948 5277 3296 5347 εὐχειρώτοις
3333 5275 3730 5347 προσδάλλων;
3760 5279 3824 5330 Et

2243 5375 2420 5426 τοίνυν
2442 5372 2679 5442 ἀδελφάς
2708 5370 2848 5424 εἶναι
2879 5372 2939 5423 τὸ
2972 5372 3128 5438 γένος
3157 5371 3554 5430 πεπίστευκας,
3577 5368 3821 5436 ἀδελφάς

2246 5468 2337 5519 καὶ
2373 5467 2469 5533 τὴν
2498 5467 2667 5535 καλὴν
2695 5466 2899 5533 ταύτην
2930 5465 3068 5533 ὑπὲρ
3105 5464 3203 5531 τῆς
3254 5463 3534 5522 εὐσεϐείας
3570 5463 3822 5515 ἔνστασιν

2247 5560 2739 5627 ὑπο>.άμ6ανε,καὶ
2791 5560 2957 5629 μηδὲν
3013 5558 3232 5622 ἀγεννὲς
3291 5557 3345 5606 ἐν
3384 5555 3513 5623 ἡμῖν
3562 5558 3819 5624 εἰρήσεικ

2250 5651 2385 5719 μηδὲ
2449 5652 2683 5722 ἀδελφῆς
2756 5654 3005 5719 τοιαύτης
3072 5650 3202 5715 μηδὲ
3264 5648 3420 5717 ῥίζης
3478 5652 3695 5715 ἐκείνης
3759 5642 3824 5712 ἧς

2247 5746 2293 5796 οἱ
2344 5748 2491 5815 τρεῖς
2547 5748 2753 5816 ἔφυμεν
2804 5745 2987 5797 κλάδοι
3036 5744 3252 5809 ἀνάξιον
3328 5742 3391 5795 Εἰ
3451 5742 3504 5792 δὲ
3543 5742 3639 5791 καὶ
3691 5737 3812 5806 περὶ

2250 5837 2406 5908 ἡμῶν
2459 5838 2635 5907 βούλει
2670 5838 2861 5909 μαθεῖν
2894 5832 3049 5889 δποῖα
3081 5835 3141 5887 ἂν
3180 5835 3275 5904 τὴν
3325 5835 3577 5885 ἔνστασιν
3610 5830 3821 5897 εἴημεν,
