3970 6454
174 385 276 451 661

981 386 1448 448 MARTYRIUM
1486 385 1549 445 s.
1589 368 2031 446 nanooonm
2073 386 2168 446 ET
2203 385 2620 448 somnum.

3324 380 3433 441 662

172 500 278 556 ἀπὸ
313 502 413 569 τῆς
440 497 823 569 προλαδούσης
849 499 1096 570 ἀκριϐῶς
1131 501 1385 570 μάνθανε.
1417 502 1479 554 El
1514 502 1623 571 γὰρ
1656 504 1749 553 καὶ

1857 499 1911 553 Si
1937 502 2083 554 enim
2107 515 2192 565 ea,
2223 516 2347 556 cum
2378 501 2583 555 nullum
2616 498 2844 553 haberet
2872 497 3149 569 exemplar
3188 498 3437 568 proposi'

171 593 339 663 χωρὶς
362 591 758 661 ὑποδείγματος
798 590 1102 663 τηλικαύτη
1132 593 1287 663 ὤφθη
1313 594 1410 664 τὴν
1446 596 1673 665 ἀρετὴν,
1701 596 1750 648 τι

171 700 302 737 ποτε
357 682 427 736 ἂν
452 684 616 754 ἡμεῖς
653 681 961 753 δράσαιμεν
1002 684 1140 754 πρὸς
1184 686 1425 739 τοιοῦτον
1444 686 1751 756 ὑπόδειγμα

170 776 265 843 τὴν
324 775 562 842 ἀδελφὴν
626 773 963 842 βλεπούσαις
991 777 1060 828 "H
1086 776 1185 845 οὐχ
1231 778 1364 846 ὁρᾷς
1413 780 1561 841 ὃπως
1602 780 1751 848 ἡμᾶς

170 864 260 917 καὶ
281 864 513 934 κειμένη
542 864 934 934 προτρέπεται,
956 868 1167 935 καὶτῆς
1196 870 1519 935 συγγενείας
1549 870 1751 939 ὑπομι-

172 959 430 1026 μνήσκει,
478 959 575 1009 καὶ
616 958 751 1026 πρὸς
786 958 877 1009 τὸν
907 951 1093 1026 ὅμοιον
1120 960 1538 1031 παραθαρῤύνει
1566 962 1747 1031 ζῆλον,

169 1050 335 1101 καλὸν
373 1049 671 1117 ἀθλήσεται
711 1051 883 1103 τύπον
945 1051 1145 1121 ἑαυτὴν
1185 1054 1586 1123 παρασχούσας
1642 1048 1751 1117 Ἧς

168 1141 286 1194 οὐδὲ
326 1142 846 1212 άπολειφθησόμεθι
891 1144 1024 1207 ῑσθι,
1055 1145 1176 1198 οὐδὲ
1207 1146 1306 1216 τὴν
1340 1147 1558 1217 ἐκείνης
1592 1148 1749 1216 εύγέο

169 1249 321 1285 νειαν
376 1234 743 1305 ἀτιμάσομεν.
785 1237 860 1289 Oi;
914 1237 1233 1306 ψευσόμεθα
1279 1240 1408 1303 τοὺς
1464 1241 1747 1307 τεκόντας,

168 1327 385 1396 ὲκείνης
411 1330 655 1396 πατέρας
689 1323 830 1382 εἶναι
861 1330 1147 1384 πείθουσαι
1180 1333 1372 1402 μόνης,
1416 1335 1465 1386 ει
1501 1332 1630 1403 περὶ
1648 1334 1749 1406 τὴν

168 1418 430 1471 ἀσέϐειαν
482 1421 628 1486 ἡμᾶς
679 1421 1124 1493 κινδυνεύσομεν.
1191 1424 1434 1495 Ἐρῤἐτω
1496 1425 1745 1491 πλοῦτος,

168 1514 380 1581 ιρρέτω
412 1512 562 1577 δόξα,
594 1512 663 1565 τά
696 1513 791 1566 ἐπὶ
817 1517 918 1583 γῆς
961 1515 1134 1568 ταῦτα
1165 1516 1261 1568 καὶ
1313 1516 1394 1579 εἰς
1434 1518 1539 1585 γῆν
1592 1516 1747 1580 αὖθις

171 1602 403 1670 ῥέονταο
462 1604 780 1672 ἑρῤἐτωσαν
844 1606 1074 1675 φθαρτοὶ
1132 1606 1467 1677 μνηστῆρες.
1510 1608 1747 1677 Ἐχομεν

166 1695 403 1762 Χριστὸν
438 1697 600 1765 ἡμεῖς
647 1697 737 1749 τὸν
793 1701 1063 1767 ἡμέτερον
1110 1694 1363 1767 νυμφίδν,
1419 1698 1480 1753 οὗ
1539 1702 1745 1772 σφόδρα

168 1786 409 1853 ἐρῶμεν,
439 1782 483 1854 ᾦ
513 1790 607 1840 καὶ
652 1790 854 1859 προῖκα
884 1788 1047 1855 μόνον
1079 1789 1171 1842 τὸν
1197 1790 1336 1861 ὑπὲρ
1368 1791 1534 1845 αὑτοῦ
1558 1793 1745 1847 δοῦσαι

167 1874 422 1939 θάνατον,
440 1879 718 1939 παστάδας
738 1896 796 1930 τε
815 1880 990 1948 ἱεράς,
1007 1882 1102 1933 καὶ
1124 1881 1399 1951 θαλάμους
1413 1882 1739 1950 ἀθανάτους,

168 1974 259 2023 καὶ
315 1971 613 2038 νυμφῶνας
674 1971 945 2039 διηνεκεῖς
999 1974 1405 2047 ἀντιλάϐοιμεν,
1460 1979 1557 2030 καὶ
1610 1980 1742 2049 παρ’

165 2061 313 2129 αὐτῷ
344 2061 613 2131 λαμπρῶς
649 2062 1068 2134 βασιλεύσομεν.

232 2148 316 2204 H'.
347 2151 492 2219 Πρὸς
522 2152 694 2207 ταῦτα
723 2154 751 2205 ό
778 2154 1065 2226 δικαστὴς,
1090 2156 1245 2221 εἰδὼς
1280 2158 1354 2220 ὡς
1380 2158 1601 2213 ἀνύσειε
1640 2158 1741 2228 μὲν

166 2240 328 2293 πλέον
360 2242 536 2304 οὐδὲν,
563 2245 959 2314 φλεγμαίνοντι
994 2248 1050 2301 δὲ
1081 2250 1229 2319 ὅμως
1272 2249 1351 2320 τῷ
1380 2251 1538 2321 θυμῷ
1581 2269 1740 2323 χαρισ-

166 2332 409 2400 ζόμενος,
440 2335 538 2404 τὴν
564 2337 827 2407 δευτέραν
856 2339 966 2393 τῶν
997 2342 1242 2409 ἀδελφῶν
1280 2343 1510 2415 δευτέρᾳ
1558 2344 1742 2399 δίδωσι

162 2426 277 2486 ταῖς
310 2423 592 2493 βασάνοις.
631 2429 740 2481 Καὶ
774 2432 1095 2500 μετεωρίζει
1125 2431 1226 2501 μὲν
1260 2434 1354 2485 ἐπὶ
1380 2434 1475 2487 τοῦ
1514 2434 1674 2501 ξύλου
1706 2438 1739 2507 ή

165 2519 387 2583 γενναία
444 2519 581 2587 γυνὴ
649 2520 1012 2591 Μητροδώρα,
1081 2522 1361 2593 λαμπάδες
1436 2526 1493 2578 δὲ
1571 2527 1742 2595 πυρὸς

166 2609 412 2662 διέκαιον
447 2612 615 2681 αὐτὴν
646 2612 949 2667 πάντοθεν·
982 2615 1077 2669 καὶ
1103 2616 1261 2688 ὡρῶν
1304 2616 1398 2671 δύο
1441 2621 1509 2689 τῇ
1539 2620 1742 2689 ἀπηνεῖ

165 2701 340 2773 ταύτῃ
396 2703 701 2775 πιεζομένη
767 2706 1008 2772 κολάσει,
1038 2710 1129 2762 τὸν
1191 2709 1432 2781 ἐραστὴν
1475 2711 1743 2765 ἐπεϐοᾶτο

167 2794 347 2861 μόνον,
390 2796 487 2847 καὶ
546 2797 644 2865 τὴν
693 2798 905 2851 ἐκεῖθεν
956 2799 1145 2852 ἐκάλει
1198 2800 1547 2871 ἐπικουρίαν.
1580 2800 1743 2855 ’Δλλά

170 2883 275 2949 μὴν
311 2884 438 2935 οὐδὲ
468 2884 569 2951 τῆς
606 2886 890 2955 εἰδωλικῆς
931 2887 1126 2955 ἠμέλει
1169 2889 1406 2959 ἀπάτης,
1452 2891 1569 2943 ἀλλ’
1610 2892 1743 2961 ἔμυ-

166 2970 390 3041 κτήριζέ
413 2989 473 3025 τε
498 2974 667 3043 αὐτὴν
692 2976 803 3036 καὶ,
823 2978 958 3045 ὅπερ
976 2973 1042 3047 ἦν
1062 2978 1300 3047 άληθῶς,
1320 2978 1581 3049 αἰσχύνην
1604 2980 1741 3033 ἐδεί-

165 3083 257 3118 κνυ
287 3066 380 3117 καὶ
410 3066 649 3133 γέλωτα.
707 3068 901 3119 Ἔνθεν
928 3086 1010 3122 τοι
1053 3071 1148 3122 καὶ
1198 3072 1431 3138 κατάγει
1490 3073 1589 3140 μὲν
1641 3076 1740 3141 τὴν

1856 602 1991 655 tum,
2014 602 2219 650 tantam
2245 593 2489 649 ostendit
2524 593 2805 655 virtutem,
2834 591 3096 660 quidnam
3136 590 3434 646 fecerimus

1854 699 1956 738 nos
1986 685 2090 739 tale
2149 685 2448 756 exemplar,
2498 698 2693 754 nempe
2750 697 3014 747 sororem,
3063 678 3435 750 aspicientes?

1852 778 1935 830 An
1962 790 2069 830 non
2102 777 2272 842 vides,
2315 778 2770 847 quemadmodum
2800 776 2890 830 illa
2928 774 3012 829 vel
3064 774 3257 844 jacens
3336 788 3435 827 nos

1854 871 2189 936 adhortatur,
2250 879 2306 925 et
2372 869 2746 940 cognationem
2774 867 3067 921 revocatio
3092 864 3433 927 memoriam,

1853 974 1906 1018 et
1953 964 2019 1018 ad
2053 964 2211 1018 talem
2266 962 2440 1017 zelum
2496 962 2657 1016 nobis
2698 961 2846 1015 addit
2896 960 3160 1019 animum,
3201 958 3434 1026 seips'am

1854 1057 2101 1125 przebens
2156 1054 2440 1125 pulchrum
2496 1054 2775 1123 exemplar
2804 1050 3283 1107 decertationis?A
3328 1065 3433 1117 qua

1852 1155 2002 1201 certo
2040 1148 2180 1202 scias
2212 1163 2312 1202 nos
2340 1162 2448 1201 non
2505 1162 2629 1202 esse
2678 1146 3036 1206 discessuras,
3077 1157 3255 1212 neque
3292 1142 3434 1195 illius

1853 1239 2193 1293 nobilitatem
2253 1238 2539 1293 habituras
2595 1238 2957 1305 contemptui.
3025 1234 3142 1291 Non
3188 1233 3433 1289 fallemus

1852 1342 2127 1401 parentes,
2178 1330 2320 1386 illius
2360 1331 2529 1386 solius
2560 1338 2813 1401 parentes
2866 1343 2985 1383 esse
3022 1328 3435 1397 persuadentes,

1851 1422 1897 1476 si
1952 1424 2005 1477 in
2062 1424 2363 1493 periculum
2430 1424 2714 1477 veniamus
2766 1422 2834 1476 de
2907 1420 3126 1490 pietate.
3197 1418 3425 1473 Valeant

1849 1514 2075 1578 divitiae,
2168 1515 2340 1570 valeat
2384 1514 2573 1585 gloria,
2628 1521 2682 1568 et
2740 1512 2856 1567 haec
2901 1527 3024 1581 quae
3051 1518 3241 1565 sunte
3289 1517 3435 1563 terra

1850 1616 1905 1660 et
1944 1621 2135 1660 rursus
2194 1606 2246 1659 in
2291 1616 2493 1660 terram
2546 1612 2915 1659 revertuntur.
2980 1600 3213 1656 Valeant
3259 1601 3431 1669 proci,

1850 1700 1905 1751 in
1965 1714 2099 1767 quos
2148 1697 2290 1753 cadit
2347 1698 2619 1752 interitus.
2671 1695 2946 1751 Habemus
3004 1708 3104 1749 nos
3152 1693 3432 1749 Christum

1851 1799 2095 1845 nostrum
2130 1806 2409 1860 sponsum,
2436 1806 2595 1857 quem
2627 1790 2779 1845 valde
2805 1802 3071 1853 amamus,
3108 1794 3163 1842 et
3191 1786 3278 1843 cui
3305 1801 3431 1841 cum

1850 1881 2030 1936 dotem
2050 1882 2223 1936 solum
2269 1882 2603 1945 dederimus,
2624 1898 2741 1937 eam
2759 1896 2919 1951 quam
2939 1879 3165 1950 proipso
3184 1877 3432 1933 subimus

1849 1984 2101 2038 mortem,
2124 1974 2656 2029 sacrosimmortales
2689 1984 2745 2028 et
2780 1982 3015 2027 aeternos
3074 1970 3426 2039 accipiemus

1848 2063 2133 2129 thalamos,
2195 2075 2249 2119 ct
2320 2066 2574 2133 praeclare
2622 2064 2763 2134 apud
2835 2064 3011 2133 ipsum
3062 2062 3429 2133 regnahimus.

1924 2154 2051 2210 VIII.
2075 2156 2152 2209 Ex
2176 2156 2259 2210 Itis
2284 2156 2593 2225 intelligens
2610 2156 2775 2225 judex
2801 2170 2859 2210 se
2879 2154 3017 2209 nihil
3053 2154 3272 2223 quidem
3299 2150 3432 2207 effe-

1848 2254 2087 2309 cturum,
2120 2246 2348 2301 ferventi
2402 2256 2581 2301 tamen
2636 2246 2729 2300 ira:
2786 2245 3091 2315 indulgens,
3133 2244 3429 2299 secundam

1849 2352 2091 2393 sororem
2116 2353 2361 2393 seorsum
2392 2337 2876 2394 datsecundoloco
2930 2335 3307 2405 torquendam.
3363 2334 3431 2390 Et

1849 2430 2082 2485 sublime
2121 2430 2339 2500 quidem
2379 2432 2433 2485 in
2488 2432 2633 2503 ligno
2677 2432 2876 2501 pendet
2902 2430 3192 2485 mulierum
3247 2428 3429 2484 fortis-

1850 2518 1988 2573 sima
2024 2518 2353 2585 Metrodora,
2376 2521 2655 2590 lampades
2682 2528 2864 2575 autem
2886 2520 3027 2591 ignis
3050 2534 3172 2574 eam
3200 2518 3430 2573 urebant

1848 2626 1912 2665 ex
1938 2612 2087 2665 omni
2123 2622 2297 2681 parte;
2332 2620 2387 2668 et
2416 2628 2537 2667 cum
2574 2612 2751 2681 spatio
2774 2612 3005 2666 duarum
3040 2612 3292 2666 horarum
3324 2610 3429 2665 hoc

1849 2703 1995 2774 gravi
2048 2713 2389 2774 premeretur
2426 2705 2716 2776 supplicio,
2746 2705 2922 2760 solum
2951 2719 3110 2759 suum
3160 2703 3430 2758 clamabat

1848 2806 2169 2864 amatorem,
2200 2808 2255 2853 et
2281 2799 2399 2869 ejus
2427 2799 2711 2853 invocabat
2769 2794 3191 2859 auxilium.'Sed
3249 2811 3429 2865 neque

1848 2885 2116 2942 idolorum
2146 2890 2453 2959 negligchat
2481 2889 2885 2959 deceptionem,
2918 2887 3012 2943 sed
3048 2895 3105 2941 ct
3131 2902 3252 2943 eam
3292 2887 3426 2941 sub-

1850 2980 2137 3044 sannabat,
2154 2990 2231 3045 et,
2252 2981 2303 3034 id
2332 2982 2474 3051 quod
2500 2991 2618 3037 erat
2640 2996 2850 3045 revera,
2874 2980 3087 3051 turpem
3105 2978 3426 3035 ostendebat

1849 3081 1903 3123 et
1937 3072 2239 3126 ridiculam.
2280 3072 2543 3141 Deinceps
2598 3083 2781 3128 autem
2829 3085 3151 3143 generosam
3207 3069 3424 3138 quidem

163 3156 419 3221 γενναίαν
448 3158 660 3210 ὲκείθεν
682 3175 694 3188 ·
732 3159 948 3226 μηλοῖς
974 3160 1031 3209 δὲ
1059 3162 1298 3229 σιδηροῖς
1323 3162 1616 3215 ὑποσάλλει
1648 3163 1741 3215 καὶ

1851 3162 1995 3216 illam
2025 3163 2289 3233 virginem
2326 3166 2474 3220 illinc
2498 3165 2737 3228 deducit,
2770 3164 2969 3219 ferreis
3013 3178 3146 3217 vero
3175 3161 3425 3216 vectibus

162 3255 217 3302 tl.
250 3252 357 3303 πᾶν
388 3250 560 3319 αὐτῆς
594 3252 767 3315 πιέζει
825 3252 983 3321 σῶμα
1042 3253 1137 3305 καὶ
1184 3254 1451 3323 καταθλᾷ.
1515 3254 1732 3324 Ἐκείνη

163 3343 343 3409 μέντοι
372 3342 473 3410 τὴν
501 3341 663 3409 φύσιν
694 3342 793 3411 ἤδη
825 3342 1287 3414 άπαγορεύσασαν
1314 3344 1633 3415 αἰσθομένη,
1655 3344 1733 3416 τῷ

160 3434 741 3505 φιλευμένῳοσυλλαλεῖ
762 3438 1022 3505 Νυμφίῳ,
1054 3435 1141 3491 οἷα
1171 3438 1234 3507 δὴ
1262 3437 1349 3490 διὰ
1373 3438 1465 3491 τοῦ
1493 3439 1729 3492 θανάτου

162 3526 293 3592 πρὸς
327 3527 495 3578 αὑτὸν
553 3526 957 3592 πλησιάζουσα,
1004 3526 1101 3578 καὶ
1140 3528 1230 3579 τὸν
1261 3530 1528 3597 νυμφῶνα
1566 3531 1731 3599 ἑαυτῇ

164 3617 705 3685 προπαρασκευάζει.
738 3614 875 3673 Εἶτα
911 3618 1005 3672 καὶ
1042 3618 1143 3690 τὴν
1194 3619 1372 3690 ψυχὴν
1416 3623 1535 3684 ταῖς
1568 3622 1735 3690 ἀγγέ-

160 3706 262 3757 λων
290 3707 451 3777 χερσὶ
484 3705 753 3772 πιστεύει,
779 3712 873 3761 καὶ
896 3709 991 3778 ὅλη
1026 3709 1161 3777 πρὸς
1182 3710 1349 3762 αὑτὸν
1384 3711 1635 3779 ὲκδημεῖ.
1673 3710 1733 3763 '0

161 3801 476 3870 παράνομος
499 3800 556 3851 δὲ
583 3801 765 3870 ἄρχων
788 3804 992 3863 ἐκεῖνος
1019 3804 1129 3865 τοῖς
1161 3803 1301 3864 ὅλοις
1324 3803 1731 3869 ἀπαγορεύσας,

158 3893 247 3943 καὶ
278 3893 338 3943 τὸ
370 3893 469 3957 τῆς
499 3892 761 3958 αἰσχύνης
806 3894 1083 3961 ὑπερφυὲς
1130 3894 1453 3960 ὑπενεγκεῖν
1484 3894 1542 3944 οὐ
1568 3893 1733 3945 δυνά-

160 3999 340 4049 μενος,
369 3982 667 4034 ὑπελίπετό
694 3999 815 4035 τινα
846 3985 995 4051 ὅμως
1027 3985 1207 4054 ἑαυτῴ
1230 3986 1609 4055 παραμυθίαν,
1632 3988 1731 4057 τὴν

156 4078 346 4145 τρίτην
391 4075 504 4129 τῶν
535 4074 805 4144 άδελφώνο
841 4078 934 4129 καὶ
980 4078 1479 4149 παραστησάμενος
1510 4079 1736 4150 Νυμφο-

155 4169 330 4239 δωραν
353 4174 413 4223 τὸ
444 4172 617 4239 πρᾶον
640 4172 1016 4242 ἀναισχύντως
1040 4174 1135 4225 καὶ
1160 4174 1342 4243 ῖλαρδν
1368 4175 1729 4244 ὑπεκρίνατο,

157 4266 268 4325 καὶ,
292 4263 559 4332 Πείσθητι
594 4279 684 4329 μοι
715 4264 819 4316 κᾶν
843 4263 1003 4333 αὑτὴ,
1033 4264 1247 4331 ἔλεγεν,
1272 4259 1315 4317 ὦ
1351 4267 1491 4335 καλὴ
1524 4268 1727 4332 νεᾶνις,

160 4362 219 4422 ἣν
252 4354 364 4420 ἐγὼ
395 4355 554 4407 πλέον
577 4356 685 4408 τῶν
738 4356 935 4422 ἄλλων,
977 4359 1033 4410 αἱ
1083 4358 1237 4426 φίλαι
1260 4358 1369 4412 τῶν
1402 4359 1537 4412 θεῶν
1580 4363 1728 4414 ῐσασι

156 4446 398 4512 χάριτες,
448 4446 543 4496 καὶ
593 4445 685 4498 τοῦ
720 4448 954 4509 κάλλους
990 4449 1203 4517 ἄγαμαι
1239 4452 1331 4503 καὶ⁸
1368 4453 1465 4519 τῆς
1508 4452 1727 4522 ἡλικίας

1842 3255 2081 3322 subiicit,
2110 3266 2165 3311 et
2190 3257 2505 3311 universum
2527 3257 2646 3326 ejus
2672 3270 2870 3324 corpus
2890 3255 3088 3324 premit
3110 3261 3163 3306 ει
3178 3249 3422 3307 confrin-

1837 3343 1931 3412 git.
1972 3342 2063 3397 lIIa
2096 3355 2301 3410 autem,
2341 3347 2693 3415 defatigatam
2719 3346 2830 3414 jam
2866 3344 3109 3399 sentiens
3146 3350 3425 3408 naturam,

1838 3449 2100 3503 Sponsum
2130 3434 2386 3489 dilectum
2426 3434 2813 3503 alquuitur,ut
2832 3447 2951 3502 qua:
2971 3447 3067 3501 pcr
3096 3439 3326 3484 mortem
3355 3428 3412 3483 ei

1836 3527 2323 3596 appropinquaret,
2362 3537 2417 3582 et
2468 3526 2568 3581 sibi
2626 3536 2780 3593 parat
2828 3524 3153 3577 thalamum.
3210 3520 3419 3576 Deinde

1836 3616 2072 3668 animam
2106 3632 2258 3670 suam
2285 3618 2731 3671 crcditmanibus
2753 3615 3090 3685 angelorum,
3125 3622 3181 3667 et
3207 3620 3316 3666 tota
3350 3614 3418 3666 ad

1838 3708 2015 3777 ipsum
2046 3708 2276 3762 excedit.
2300 3706 2522 3776 Iniquus
2540 3718 2721 3760 autem
2749 3708 3008 3776 illejudex
3034 3720 3183 3769 spem
3198 3715 3419 3758 omnem

1838 3800 2121 3866 abjiciens.
2145 3809 2200 3852 et
2229 3815 2339 3852 non
2369 3800 2551 3853 valens
2568 3797 2710 3853 ferre
2734 3812 3004 3853 summum
3027 3797 3283 3863 dedecus,
3310 3796 3416 3853 sibi

1839 3898 2020 3943 tamen
2052 3891 2339 3959 quamdam
2368 3891 2709 3960 relinquebat
2740 3890 3189 3957 consolationem,
3216 3906 3415 3961 nempe

1841 3982 2058 4036 tertiam
2097 3996 2363 4037 sororem.
2428 3979 2493 4036 Et
2547 3996 2671 4036 cum
2726 3983 3132 4051 producendam
3170 3995 3416 4040 curasset

1839 4074 2302 4143 Nymphodoram,
2345 4074 2826 4130 mansuetudinem
2856 4082 2907 4128 et
2940 4073 3274 4131 hilaritatem
3300 4077 3407 4132 im-

1837 4165 1943 4234 pud
1957 4174 2112 4217 euter
2137 4166 2432 4231 simulavit,
2454 4176 2509 4221 et
2534 4167 2583 4221 ei
2614 4167 2769 4221 dixit:
2801 4166 2930 4221 Mihi
2959 4184 3167 4225 morem
3196 4185 3346 4240 gere,
3378 4187 3413 4227 0

1836 4255 2063 4325 pulchra
2094 4256 2516 4320 adulescentula,
2554 4273 2716 4325 quam
2759 4275 2859 4328 ego
2889 4262 3013 4329 plus
3066 4275 3228 4330 quam
3278 4262 3413 4316 alias

1838 4349 2084 4419 (deorum
2104 4350 2292 4402 amicae
2316 4349 2366 4401 id
2385 4348 2822 4419 sciuntGratize),
2849 4361 2904 4405 et
2925 4352 3165 4407 admiror
3187 4364 3411 4424 prepter

1837 4441 2322 4509 pulchritudinem,
2372 4444 2639 4499 etaetatis
2680 4444 2958 4500 misereor.
3013 4445 3214 4501 Morem
3278 4450 3410 4503 mihi

156 4538 431 4607 οἰκτεῖρω-
461 4537 713 4605 πείσθητί
744 4554 835 4605 μοι
864 4538 941 4606 τῷ
968 4539 1141 4601 οὕτως
1175 4540 1251 4600 ὡς
1284 4542 1472 4603 παιδὸς
1492 4541 1724 4611 γνησίας

1844 4548 1983 4604 gere.
2024 4534 2113 4603 qui
2150 4551 2256 4589 non
2295 4535 2493 4599 minus,
2527 4551 2689 4605 quam
2750 4552 3019 4605 germana:
3051 4539 3173 4594 filiae
3208 4548 3301 4595 tuo
3327 4542 3411 4595 in-

160 4648 249 4683 σου
329 4631 764 4701 περικαιομένῳ,
834 4632 929 4683 καὶ
1003 4630 1400 4701 προσελθοῦσα,
1458 4633 1510 4685 τί
1565 4633 1726 4687 τοῦτο

166 4723 340 4793 βαρύς
394 4722 779 4795 προσκύνησον
814 4725 927 4787 τοῖς
985 4723 1129 4786 θεοῖς
1164 4724 1342 4793 μόνον,
1373 4725 1469 4777 καὶ
1526 4725 1725 4778 αὐτίκα

162 4820 423 4887 μεγίστην
476 4818 574 4886 μὲν
624 4816 833 4869 εἴσεταί
889 4834 971 4869 σοι
1022 4818 1727 4888 χάρινόβασιλεύς·δώσει

158 4910 207 4959 ὀᾶ
241 4912 332 4961 καί
367 4912 631 4977 χρήματα
663 4911 755 4959 καὶ
789 4908 975 4976 τιμὰς,
1027 4910 1121 4962 καὶ
1145 4910 1204 4961 τό
1233 4927 1294 4975 γε
1342 4910 1545 4978 μεῖζον,
1578 4912 1725 4981 παρ-

160 4999 348 5068 ρησίαν
368 5001 469 5068 τὴν
494 4999 630 5069 πρὸς
657 4997 841 5050 αὐτόν.
866 4998 925 5048 El
946 4998 999 5048 δὲ
1025 4999 1121 5065 μὴ,
1148 4999 1284 5051 ἀλλὰ
1313 4999 1683 5069 κακῶς,οῖμοι
1710 5000 1721 5053 I

161 5094 249 5146 καὶ
300 5091 442 5159 αὕτη
500 5091 715 5167 ἀπολεῖ,
760 5090 858 5141 καὶ
899 5087 1050 5140 οὐδὲν
1102 5088 1323 5150 πάντως
1370 5090 1469 5157 τῆς
1519 5091 1725 5160 πικρᾶς

162 5186 355 5253 ταύτης
385 5182 555 5252 ὀνήσῃ
588 5181 849 5257 τελευτῆς
903 5180 1091 5251 ὥσπερ
1148 5179 1240 5233 οὖν
1272 5181 1380 5233 οὐδ’
1408 5182 1464 5233 αῖ
1496 5182 1725 5248 ἀδελφαὶ

163 5277 319 5345 αὐτῆς
349 5275 580 5328 ὤναντο.

225 5365 296 5423 0'.
326 5367 517 5428 Οὕτως
571 5359 664 5417 οὗν
698 5362 789 5416 τοῦ
814 5362 1073 5434 ἄρχοντος
1107 5364 1420 5433 εἰρηκότος,
1442 5363 1539 5415 ἐπὶ
1576 5364 1724 5418 τέλει

162 5460 209 5511 δὲ
242 5461 334 5510 καὶ
368 5458 636 5527 φρόνιμον
674 5456 771 5508 καὶ
819 5456 929 5508 τῶν
960 5454 1205 5523 ἀδελφῶν
1242 5456 1614 5523 συνετωτέραν
1644 5460 1723 5509 si-

165 5551 360 5614 πόντος,
381 5551 571 5614 ἐκείνη
602 5548 711 5601 τῶν
744 5547 920 5600 ἄλλων
952 5548 1118 5602 αὐτοῦ
1164 5546 1341 5615 λόγων
1371 5550 1469 5600 εσι
1508 5548 1601 5600 καὶ
1627 5550 1721 5617 λή-

164 5659 261 5710 ρων
292 5642 634 5713 φροντίσασι
658 5654 673 5670 ⁸
696 5640 758 5691 τὸ
778 5642 1044 5708 φρόνιμον
1060 5642 1115 5692 δὲ
1146 5640 1308 5707 μόνον
1340 5641 1717 5701 ὑπολαϐοῦσα,

165 5731 279 5789 Εἶτα
306 5742 403 5791 οὐκ
428 5733 688 5805 αἰσχύνῃ,
720 5731 847 5803 ἔφη,
872 5734 993 5786 οὐδὲ
1018 5734 1297 5803 ἐρυθριᾷς,
1330 5733 1421 5786 νῦν
1457 5736 1555 5803 μὲν
1588 5738 1720 5803 φρόο

167 5844 308 5898 νιμον
357 5826 664 5899 ὀνομάζων,
698 5822 792 5877 νῦν
844 5825 900 5878 δί
950 5825 1041 5877 τὸν
1094 5825 1269 5894 ἀληθῆ
1305 5826 1715 5881 καταλιποῦσαν

1834 4628 2036 4679 cendor
2061 4642 2265 4691 amore;
2293 4635 2346 4680 et
2371 4627 2635 4683 accedens
2660 4627 2936 4698 (quidnam
2960 4639 3046 4683 est
3070 4630 3172 4685 hoc
3200 4634 3405 4701 grave?)

1831 4717 1959 4769 deos
1990 4718 2165 4771 solum
2194 4719 2376 4783 adora,
2409 4728 2464 4773 et
2502 4721 2684 4774 statim
2723 4723 3009 4777 maximam
3039 4724 3258 4793 quidem
3309 4726 3406 4781 tibi

1831 4810 2057 4877 gratiam
2094 4810 2642 4879 habebitimperator;
2663 4812 2809 4865 dabit
2838 4823 3019 4867 autem
3039 4816 3299 4884 pecunias
3347 4828 3406 4875 et

1830 4901 2085 4965 honores,
2121 4915 2172 4956 et
2223 4903 2363 4970 quod
2399 4912 2479 4956 est
2511 4903 2670 4974 longe
2715 4906 3031 4966 maximum.
3057 4909 3201 4977 apud
3221 4909 3399 4979 ipsum

1832 4994 2103 5046 ﬁduciam.
2136 4993 2229 5047 Sin
2259 4994 2457 5058 minus,
2490 4997 2575 5051 hei
2620 4998 2772 5063 mihi,
2804 5008 2857 5052 tu
2877 5015 3091 5069 quoque
3120 5002 3236 5072 ipsa
3261 5003 3402 5058 male

1832 5086 2071 5153 peribis;
2112 5104 2286 5158 neque
2331 5090 2442 5144 haec
2496 5107 2643 5147 mors
2699 5095 2891 5148 acerba
2946 5097 3042 5149 tibi
3099 5097 3395 5166 quidquam

1829 5179 2053 5234 omnino
2106 5183 2367 5251 proderit,
2422 5184 2694 5251 quomodo
2719 5201 2820 5240 nec
2872 5189 2977 5241 tuis
3000 5188 3208 5258 profuit
3242 5205 3395 5250 soro-

1831 5272 2000 5326 ribus.

1900 5363 1988 5417 IX.
2024 5363 2158 5419 Cum
2186 5368 2261 5422 sic
2293 5368 2728 5437 dixissetjudex,
2760 5381 3035 5439 postremo
3051 5385 3232 5431 autem
3275 5393 3394 5433 eam

1826 5464 1879 5508 et
1907 5457 2227 5525 prudentem
2256 5470 2311 5514 et
2339 5461 2550 5517 caeteris
2593 5474 2833 5519 vocasset
2862 5465 3272 5536 sapientiorem,
3306 5472 3391 5526 illa

1827 5549 1926 5601 alia
1954 5552 2071 5619 ejus
2105 5553 2268 5605 verba
2300 5569 2405 5607 non
2450 5558 2619 5621 magis
2652 5572 2871 5624 curans,
2904 5576 3066 5629 quam
3099 5578 3293 5634 nugas,
3339 5565 3391 5618 id

1824 5652 2001 5697 autem
2028 5644 2387 5712 solum,quod
2408 5661 2525 5700 eam
2550 5650 2775 5704 vocabat
2823 5653 3167 5720 prudentem,
3240 5658 3390 5711 exci-

1825 5736 1997 5801 piens,
2016 5734 2129 5789 Non
2166 5746 2212 5789 te
2232 5739 2413 5805 pudet,
2436 5741 2629 5809 inquit,
2662 5758 2761 5799 nec
2783 5745 3078 5811 erubescis,
3103 5763 3247 5802 nunc
3270 5750 3385 5818 qui.

1824 5827 1941 5883 dom
1969 5828 2248 5883 nominare
2268 5834 2605 5901 prudenum,
2630 5851 2770 5892 nunc
2790 5847 2967 5893 autem
2994 5855 3180 5895 verum
3218 5841 3383 5897 Deum
