3970 6440
550 332 659 396 663

549 550 783 602 quonam
821 538 999 601 modo,
1034 541 1232 610 inquit,
1272 552 1532 599 extremae
1581 562 1686 599 non
1705 547 1869 603 fuerit
1898 550 1998 605 hoc
2034 554 2118 605 in-

560 629 750 690 saniae.
781 638 833 684 et
857 633 1054 686 mentis
1084 634 1241 702 plane
1277 645 1493 697 emotae.
1525 654 1552 690 a
1583 642 1859 694 communi
1892 642 2120 696 Domino

552 725 606 771 et
633 718 1006 774 universorum
1069 722 1264 791 opifice
1299 725 1639 782 deficientem
1668 731 1821 799 sequi
1865 746 2122 785 manuum

550 822 737 877 opera,
767 825 886 878 qua;
914 822 1101 866 carent
1123 828 1287 869 sensu
1308 824 1360 869 et
1384 815 1759 888 intelligentia,
1785 828 1841 874 et
1864 836 1926 875 ea
1947 822 2125 876 colere

553 910 807 969 tanquam
835 901 1000 956 deos?
1024 902 1282 968 Quaenam
1319 919 1382 959 ex
1438 907 1518 960 eis
1557 910 1759 976 possim
1800 924 2041 979 sperare,
2074 919 2128 964 et

549 1005 797 1060 quaenam
829 991 1169 1057 lucrifacere,
1208 995 1295 1050 dic
1338 995 1494 1061 mihi,
1524 1005 1577 1052 et
1626 999 1859 1068 accipio.
1888 999 2129 1055 Ostende

548 1084 687 1137 mihi
720 1083 849 1153 quid
900 1084 1028 1139 boni
1048 1088 1122 1140 sis
1166 1098 1494 1143 consecutus
1524 1104 1588 1145 ex
1636 1100 1725 1145 tua
1761 1092 1814 1145 in
1846 1092 1968 1147 illos
1998 1107 2128 1161 spe;

547 1185 605 1230 et
649 1177 871 1245 parebo.
923 1176 1029 1232 Sed
1078 1179 1214 1233 nihil
1280 1190 1435 1250 potes
1472 1182 1673 1241 dicere.
1728 1184 1937 1239 Revera
1986 1187 2130 1240 enim

542 1267 829 1321 simulacra
863 1271 1092 1339 gentium
1142 1282 1415 1342 argentum
1452 1283 1501 1329 et
1539 1292 1753 1336 aurum.
1818 1292 1977 1345 opera
2020 1294 2132 1331 ma-

548 1373 709 1410 nuum
757 1360 1047 1413 hominum.
1091 1360 1305 1415 Similes
1358 1363 1467 1416 illis
1490 1364 1623 1431 ﬁant
1656 1366 1743 1433 qui
1784 1364 1959 1417 colunt
2000 1380 2060 1419 ea
2090 1366 2129 1420 ⁸.

546 1448 615 1503 Et
642 1449 761 1504 ideo
787 1465 853 1504 ne
892 1466 1083 1520 parcas
1111 1468 1173 1507 ea
1198 1469 1316 1522 quae
1340 1454 1475 1508 velis
1523 1453 1721 1509 facere.
1752 1454 1835 1509 En
1864 1456 1959 1510 tibi
2015 1471 2132 1509 car-

552 1555 651 1595 nes
694 1550 893 1609 parata:
932 1543 1040 1611 pati
1079 1554 1300 1613 propter
1326 1543 1629 1610 Christum,
1668 1554 1723 1600 et
1765 1546 1936 1615 magis
1968 1561 2130 1615 quam

547 1641 606 1684 tu
642 1646 742 1684 nos
774 1632 992 1701 punire.
1027 1631 1183 1688 Tunc
1226 1633 1482 1703 ignorans
1514 1634 1803 1699 scelestus,
1833 1634 1963 1705 quid
2008 1650 2133 1706 age-

552 1734 654 1786 ret,
692 1737 746 1776 et
773 1738 1066 1793 quamnam
1114 1739 1263 1793 spem
1304 1724 1742 1794 apprehenderet
1788 1728 1907 1795 (per
1944 1726 2129 1779 omnia

545 1817 690 1868 enim
712 1815 887 1869 fuerat
902 1815 1195 1884 repulsus),
1215 1817 1353 1871 hanc
1371 1831 1587 1885 quaque
1605 1815 1892 1869 sublimem
1914 1815 1965 1867 in
1979 1815 2124 1885 ligno
2164 1821 2203 1875 Β

545 1906 776 1967 extollit,
808 1915 864 1960 et
897 1905 1089 1960 ferreis
1110 1922 1229 1960 eam
1264 1907 1525 1976 discerpit
1588 1908 1822 1977 ungulis.
1880 1906 1987 1961 Sed
2041 1907 2133 1963 illa

547 1999 611 2052 ad
640 1999 739 2052 hoc
760 1999 959 2053 nullam
978 2012 1157 2067 neque
1169 2013 1377 2063 vocem,
1399 2013 1576 2067 neque
1664 1999 1921 2068 gemitum
1978 1997 2137 2051 emit‘

548 2089 715 2151 tebat;
754 2098 938 2159 aperte
966 2098 1145 2144 autem
1210 2090 1532 2144 ostendebat
1584 2105 1641 2144 se
1668 2106 1789 2145 cum
1823 2089 1933 2144 Deo
1962 2088 2132 2144 collo-

551 2182 667 2250 qui.
706 2180 772 2234 Et
804 2182 905 2236 hoc
937 2181 1206 2237 docebant
1238 2181 1457 2236 etlahra
1494 2197 1615 2251 quae
1666 2182 2045 2245 movebantur,
2079 2190 2133 2234 et

548 2274 693 2328 oculi
743 2289 883 2343 quos
916 2272 978 2326 ad
1001 2273 1197 2328 coelum
1226 2273 1537 2327 extollebat.
1564 2274 1657 2326 Ille
1690 2282 1873 2326 autem
1905 2269 2133 2324 stolidus

555 2380 745 2418 rursus
772 2379 990 2434 quoque
1028 2364 1208 2419 verbis
1237 2377 1357 2418 eam
1381 2372 1466 2419 est
1494 2377 1802 2433 aggressus;
1862 2375 1971 2414 non
1998 2360 2132 2414 citra

552 2456 892 2522 violentiam,
922 2466 976 2511 et
1012 2472 1107 2525 per
1130 2470 1434 2527 praeconem
1462 2456 1761 2526 jussiteam
1802 2452 2128 2515 sacriﬁcare,

550 2560 605 2603 et
631 2549 849 2603 liberari
873 2564 903 2601 a
930 2549 1233 2603 tormentis.
1261 2546 1350 2603 Illa
1375 2562 1503 2602 vero
1522 2546 1772 2601 dicebat:
1799 2543 1884 2598 Me
1903 2542 2131 2597 Domino

553 2656 678 2696 meo
706 2640 1028 2705 sacrificavi,
1062 2650 1287 2710 propter
1307 2655 1470 2708 quem
1497 2640 1584 2693 vel
1620 2639 1730 2708 pati
1757 2646 1840 2692 est
1858 2638 2128 2706 voluptas,

550 2744 605 2789 et
629 2734 763 2788 mori
814 2732 1044 2787 lucrum.
1092 2733 1223 2787 lllud
1255 2730 1844 2802 auteminjuslojudici
1869 2729 2130 2797 majorem

552 2828 797 2883 accendit
826 2827 1085 2885 furorem.
1113 2825 1312 2880 Deinde
1340 2834 1521 2879 autem
1555 2840 1672 2879 eam
1707 2837 1921 2892 quoque
1942 2820 2132 2873 ferreis

552 2920 811 2976 contrivit
859 2928 913 2973 et
954 2918 1223 2987 confregit
1253 2919 1519 2979 vectibus.
1559 2916 1665 2971 Sed
1718 2916 1879 2986 hujus
1914 2927 2130 2984 quoque

551 3012 775 3067 omnino
808 3026 991 3064 curam
1034 3010 1286 3063 similiter
1303 3011 1525 3080 gerebat
1568 3006 1709 3063 Deus
1730 3018 1789 3062 ut
1854 3020 2125 3069 sororum,

555 3114 611 3159 et
630 3103 896 3158 efﬁciebat
943 3113 1001 3157 ut
1029 3102 1264 3157 immane
1295 3104 1532 3157 vinceret
1561 3100 1913 3171 supplicium,
1938 3108 1993 3151 et
2038 3097 2130 3150 ad-

557 3211 747 3250 versus
802 3195 972 3264 ipsam
1035 3194 1189 3248 fortis
1227 3202 1395 3247 staret
1434 3201 1707 3245 naturam.
1757 3188 1960 3244 Deinde
2009 3202 2128 3242 eam

555 3300 772 3356 quoque
796 3285 859 3339 ad
897 3300 953 3339 se
974 3285 1227 3349 accersit,
1264 3297 1319 3340 et
1341 3284 1490 3355 virgo
1510 3282 1739 3338 libenter
1757 3279 1986 3352 deponit
2008 3279 2130 3333 ani-

560 3393 702 3434 mam
736 3379 787 3433 in
828 3377 949 3433 sinu
985 3378 1263 3431 amatoris.

643 3659 707 3714 Χ.
738 3658 944 3728 Impius
973 3664 1153 3710 autem
1184 3653 1373 3725 judex,
1401 3652 1493 3705 ira:
1527 3656 1685 3703 utens
1717 3648 1938 3707 auxilio,
1974 3646 2135 3698 etiam

565 3756 620 3810 in
647 3754 762 3823 ipsa
791 3759 1003 3806 mortua
1029 3760 1257 3814 corpora
1285 3743 1483 3796 bellum
1517 3738 1673 3810 gerit;
1704 3747 1758 3791 et
1790 3750 1913 3791 cum
1942 3749 2137 3789 accen-

567 3845 739 3900 disset
789 3840 1092 3899 fornacem,
1168 3846 1396 3901 eamque
1447 3828 1669 3883 aluisset
1725 3827 1892 3881 multa
1912 3835 1966 3880 et
2014 3835 2138 3894 apta

565 3932 815 3995 materia,
873 3931 930 3984 in
992 3928 1161 3998 ipsam
1214 3923 1486 3994 jaculatur
1560 3931 1788 3986 corpora
1834 3914 2138 3983 martyrica.

567 4025 709 4080 Deus
735 4032 914 4077 autem
946 4027 1152 4073 amator
1179 4016 1508 4077 animarum,
1534 4024 1634 4063 nec
1668 4022 1890 4077 corpora
1926 4003 2142 4075 quidem

566 4111 966 4188 neglexit;sed
1022 4122 1211 4179 magna
1263 4106 1342 4159 vis
1392 4112 1615 4172 repente
1656 4113 1949 4163 erumpens
1999 4096 2141 4152 toni-

572 4221 756 4264 truum
814 4214 871 4259 et
921 4202 1193 4272 fulgurum
1245 4196 1508 4268 prmvenit
1551 4195 1727 4263 ignem
1787 4189 2145 4252 fornacis,.et

570 4304 751 4373 ipsum
783 4296 1040 4368 iudicem.
1071 4303 1125 4347 et
1149 4306 1267 4360 qua:
1312 4287 1363 4342 ei
1422 4286 1690 4341 serviebat
1742 4280 2145 4336 multitudinem

572 4372 627 4445 in
683 4387 918 4443 favillam
947 4381 1137 4448 redigit
1158 4389 1212 4431 et
1250 4377 1550 4446 fuliginem.
1583 4372 1646 4426 Et
1673 4375 1775 4428 hoc
1822 4374 2149 4427 invenerunt

575 4477 901 4551 procemium
929 4472 1212 4545 gehennm,
1268 4482 1387 4538 qua
1446 4480 1721 4535 nunquam
1752 4461 1974 4527 desinit,
2055 4460 2145 4530 qui

574 4581 732 4629 erant
793 4569 879 4623 Illa
938 4566 1051 4621 sola
1074 4578 1262 4619 revera
1343 4558 1509 4631 digni.
1587 4552 1893 4611 Vehemens
1965 4563 2145 4608 autem

574 4669 797 4732 repente
845 4668 1139 4724 erumpens
1173 4652 1350 4723 pluvia
1408 4649 1703 4719 exstinguit
1734 4648 2004 4701 fornacem
2038 4663 2051 4697 :
2094 4654 2147 4697 et

576 4770 697 4811 cum
731 4752 910 4807 statim
941 4747 1113 4803 avidis
1145 4744 1397 4799 manibus
1455 4742 1723 4812 virginum
1784 4753 2014 4807 corpora
2074 4736 2147 4804 pii

577 4846 947 4907 sustulissent,
977 4839 1368 4911 magniﬁcoque
1394 4846 1677 4891 ornassent
1705 4846 1759 4889 et
1812 4832 2149 4901 composuis-

579 4944 719 4999 sent,
745 4933 997 4987 foderunt
1021 4930 1101 4985 eis
1126 4928 1434 4999 sepulcrum
1467 4927 1520 4979 in
1542 4926 1658 4979 loco
1680 4940 1869 4978 earum
1894 4934 2151 4975 consum-

581 5024 834 5083 mationis
861 5064 875 5078 .
909 5023 1017 5078 Deo
1065 5021 1169 5075 hoc
1196 5034 1413 5089 quoque
1455 5018 1774 5087 providente
1817 5010 2148 5069 admirabili-

582 5132 683 5184 ter,
721 5126 777 5171 ut
801 5130 936 5185 quas
998 5129 1137 5167 unus
1195 5118 1480 5180 pepererat
1532 5119 1737 5174 uterus,
1797 5108 1873 5160 eis
1935 5118 2151 5175 quoque

584 5224 751 5267 unum
782 5208 1001 5261 daretur
1030 5204 1337 5273 sepulcrum
1371 5218 1384 5265 ;
1418 5210 1472 5253 et
1517 5216 1742 5269 quarum
1774 5200 1965 5251 animo:
1987 5212 2153 5249 unum

584 5314 641 5358 et
661 5300 913 5356 eumdem
949 5304 1076 5351 sunt
1131 5294 1425 5349 thalamum
1482 5298 1806 5353 consecutae,
1857 5304 2039 5342 earum
2088 5300 2155 5339 ne

586 5396 782 5452 surdus
814 5392 1035 5462 quidem
1086 5389 1224 5444 cinis
1279 5398 1643 5456 separaretur,
1696 5385 1791 5439 sed
1837 5396 2052 5438 sorores
2100 5380 2153 5433 in

591 5492 723 5552 vita,
751 5499 972 5540 sorores
1002 5483 1053 5535 in
1083 5480 1261 5545 caelis,
1293 5494 1509 5535 sorores
1532 5478 1692 5531 etiam
1724 5478 1776 5530 in
1813 5482 1952 5529 terra
1975 5482 2158 5527 osten-
2218 5514 2231 5525 .

591 5581 870 5635 dercntur.
933 5571 1217 5642 Templum
1258 5576 1438 5625 autem
1495 5569 1546 5622 in
1598 5569 1923 5621 hodiernum
1987 5577 2156 5632 usque

666 5834 678 5865 ¹
720 5828 853 5885 Psal.
888 5842 1039 5891 cxiii,
1065 5824 1117 5891 4,
1148 5826 1202 5881 8.

1781 352 2065 416 MENSIS
2106 358 2579 426 SEPTEMBER.

553 442 979 513 relinquentem,
1009 446 1201 516 jubere
1231 450 1297 505 ad
1319 459 1443 508 tuos
1470 454 1730 510 accedere
1757 457 2124 516 dannones?Et

2243 469 2471 522 κελεύων
2532 472 2648 534 τοῖς
2703 471 2922 545 δαίμοσι
2981 476 3094 538 τοῖς
3133 477 3247 538 σοῖς
3304 480 3665 548 προσελθεῖνς
3703 442 3815 539 κει

3700 376 3811 444 664

2228 562 2388 625 ποίας
2441 565 2541 646 οὐκ
2583 566 2820 635 ἐσχάτης
2870 566 3035 623 τοῦτο
3087 571 3290 637 μανίας
3347 572 3443 625 καὶ
3506 574 3815 646 διαφθορᾶς

2225 654 2336 706 τῶν
2368 644 2603 725 φρενῶν,
2632 661 2903 713 Δεσπότου
2938 661 3123 715 κοινοῦ
3150 664 3245 715 καὶ
3268 664 3359 716 τοῦ
3382 664 3492 717 τῶν
3520 666 3661 720 ὅλων
3682 669 3813 720 τού-

2225 763 2334 799 των
2372 747 2689 802 ἀποστᾶσαν
2723 753 3098 823 Δημιουργου,
3132 754 3331 823 χειρῶν
3389 755 3597 824 ἔργοις,
3622 759 3817 830 αἰσθή-

2229 838 2367 902 σεώς
2401 856 2459 892 τε
2510 842 2604 894 καὶ
2642 844 2855 912 φρενῶν
2899 846 3134 917 ἐρήμοις
3166 845 3560 915 ἀκολουθῆσαι,
3596 849 3692 901 καὶ
3717 852 3817 902 αὑ-

2228 934 2342 994 τοῖς
2379 932 2470 984 ίσα
2492 934 2585 987 καὶ
2608 935 2745 988 θεῶν
2765 940 3165 1009 προσανέχειυς
3193 937 3311 990 Ἵνα
3338 938 3460 991 τίνα
3497 940 3637 1007 γοῦν
3671 942 3819 993 ἐκεῖ-

2232 1020 2323 1073 θεν
2371 1023 2578 1078 ἐλπίσω
2604 1041 2616 1089 ;
2648 1025 2828 1079 ’Ὶνατί
2851 1028 2907 1080 δὲ
2933 1029 3210 1097 κερδάνως
3239 1026 3393 1092 Εἰπὲ,
3420 1030 3512 1081 καὶ
3543 1028 3811 1097 δέχομαι·

2231 1114 2405 1180 δεῖξόν
2438 1134 2531 1186 μοι
2568 1117 2620 1170 τί
2650 1118 2888 1188 χρηστὸν
2919 1119 3018 1186 τῆς
3048 1122 3135 1173 ἐπ’
3166 1116 3309 1173 αὐτὰ
3356 1120 3418 1171 σὺ
3476 1119 3815 1187 προσδοκίας

2232 1209 2562 1273 ἀπέλαυσας,
2593 1211 2686 1263 καὶ
2723 1211 3002 1279 πείθομαι.
3042 1212 3180 1265 Ἀλλ’
3204 1209 3309 1265 οὐκ
3331 1209 3394 1263 ἀν
3425 1209 3573 1280 εχοις
3604 1213 3814 1263 εἰπεῖν·

2234 1302 2451 1373 ἀληθῶς
2488 1305 2599 1373 γὰρ
2623 1303 2695 1357 τὰ
2732 1303 2953 1357 εἴδωλα
3001 1303 3119 1359 τῶν
3161 1303 3358 1361 ἐθνῶν
3392 1304 3685 1373 ἀργύριον
3716 1304 3819 1358 καὶ

2235 1395 2515 1463 χρυσίον,
2544 1396 2686 1465 ἔργα
2712 1395 2925 1465 χειρῶν
2948 1397 3295 1464 ἀνθρώπων.
3324 1395 3556 1465 Ὅμοιοι
3604 1397 3818 1463 αὐτοῖς

2235 1489 2502 1558 γένοιντο
2528 1493 2582 1543 οι
2612 1488 2893 1558 τιμῶντες
2944 1490 3117 1545 αὐτά.
3141 1493 3285 1560 Πρὸς
3339 1489 3518 1544 ταῦτα
3582 1491 3820 1561 μηδενὸς

2235 1580 2441 1649 ἀπέχου
2474 1574 2548 1633 ὧν
2580 1581 2783 1651 βούλει.
2818 1582 2949 1635 ’1δού
2988 1599 3070 1635 σοι
3099 1585 3190 1635 καὶ
3225 1583 3428 1653 σάρκες
3461 1582 3695 1651 πάσχειν
3727 1583 3819 1635 διά

2236 1672 2471 1742 Χριστὸν
2508 1673 2739 1742 ἕτοιμοι,
2793 1675 2883 1727 καὶ
2920 1674 3122 1745 μᾶλλον
3156 1675 3188 1746 ἢ
3223 1674 3287 1727 σὺ
3324 1672 3581 1736 κολάζειν
3644 1676 3816 1743 ἡμᾶς.

2253 1763 2518 1817 Ἐνταῦθα
2574 1767 2649 1836 μὴ
2684 1766 2824 1835 ἔχων
2858 1769 2885 1821 ὁ
2919 1768 3121 1837 μιαρὸς
3159 1769 3186 1821 ὃ
3208 1784 3261 1819 τι
3304 1768 3398 1820 καὶ
3447 1765 3697 1835 δρᾶσειε,
3725 1767 3822 1818 καὶ⁵

2250 1856 2409 1920 ποίας
2432 1857 2539 1928 ἄρα
2569 1862 2667 1930 τῆς
2697 1859 2910 1923 ἐλπίδος
2958 1861 3241 1925 ἀνθέξεται
3299 1858 3409 1930 (διὰ
3441 1859 3666 1911 πάντων
3688 1874 3821 1927 τρο-

2243 1950 2359 2003 πῶν
2383 1951 2778 2022 ἀπεκρούσθη),
2813 1952 2908 2005 καὶ
2940 1952 3139 2021 ταύτην
3160 1955 3252 2006 ἐπὶ
3280 1951 3373 2004 τοῦ
3412 1951 3576 2015 ξύλου
3608 1965 3821 2017 μετεω-

2243 2042 2407 2110 ρίςει,
2431 2043 2527 2097 καὶ
2570 2043 2836 2109 διαξαίνει
2867 2043 3103 2111 σιδηροῖς
3132 2044 3332 2109 δνυξιν.
3371 2043 3513 2097 Ἀλλ’
3556 2041 3820 2109 οὐδεμίαν

2241 2136 2377 2203 πρὸς
2411 2136 2582 2190 ταῦτα
2605 2137 2786 2205 ἐκείνη
2805 2135 2924 2188 οὐδὲ
2947 2135 3132 2203 φωνὴν
3152 2136 3271 2187 οὐδὲ
3303 2134 3615 2203 στεναγμὸν
3640 2134 3817 2201 ἠφίει,

2241 2230 2455 2299 φανερὰ
2510 2230 2566 2282 δὲ
2597 2227 2665 2300 ἦν
2712 2227 3056 2283 συλλαλοῦσα
3109 2228 3249 2297 Θεῷ.
3318 2228 3429 2281 Καὶ
3466 2226 3631 2280 τοῦτο
3676 2228 3816 2295 αὐτῇ

2240 2320 2308 2373 τά
2340 2336 2402 2387 γε
2439 2319 2843 2388 ὐποκινούμενα
2892 2320 3046 2390 χείλη
3075 2318 3373 2381 ἐδίδασκον,
3427 2320 3521 2369 καὶ
3579 2318 3629 2369 οἱ
3680 2318 3819 2386 πρὸς

2238 2412 2503 2481 οὐρανοὺς
2553 2412 2833 2482 αἰρόμεναι
2878 2411 3168 2481 ὀφθαλμοί.
3225 2410 3282 2462 Ὀ
3325 2407 3507 2461 τοίνυν
3555 2406 3821 2467 drive-:0;

2239 2507 2444 2570 ἐκεῖνος
2488 2505 2700 2573 λόγους,
2726 2505 2864 2576 αὐτῇ
2890 2506 2983 2559 καὶ
3020 2503 3183 2559 πάλιν
3204 2503 3301 2555 οὐκ
3322 2501 3597 2561 ἀδιάστως
3616 2498 3819 2566 ἐπῆγε.

2240 2600 2333 2652 καὶ
2366 2598 2515 2651 θύειν
2541 2598 2627 2650 διὰ
2674 2597 2768 2649 τοῦ
2820 2600 3060 2667 κήρυκος
3100 2595 3344 2659 ἐκέλευε,
3388 2595 3482 2645 καὶ
3533 2590 3822 2645 ἀπαλλάτ-

2240 2690 2428 2744 τεσθαι
2458 2689 2565 2742 τῶν
2588 2689 2864 2757 βασάνων.
2903 2689 2965 2741 ἸΙ
2991 2688 3070 2750 δὲ,
3099 2683 3608 2755 Τέθυκαὲμαυτὴν,
3639 2683 3818 2749 ἔλεγε,

2239 2783 2396 2852 κάγὼ
2426 2782 2504 2854 τῷ
2551 2783 2743 2854 Κυρίῳ
2778 2798 2903 2852 μου,
2937 2780 3005 2835 δι’
3036 2780 3096 2834 ὃν
3131 2782 3225 2833 καὶ
3264 2780 3324 2831 τὸ
3379 2776 3573 2829 παθεῖν
3629 2775 3819 2846 ἡδονὴ,

2240 2875 2333 2928 καὶ
2358 2875 2415 2927 τὸ
2441 2874 2733 2927 ἀποθανεῖν
2757 2873 2967 2945 κέρδος.
2992 2872 3065 2925 Τὸ
3082 2872 3138 2924 δὲ
3161 2871 3268 2942 ἀρα
3294 2868 3518 2941 μείζονα
3541 2868 3621 2939 τῷ
3643 2869 3819 2937 ἀδίκῳ

2237 2969 2398 3037 κριτῇ
2427 2969 2525 3035 τὴν
2556 2966 2753 3037 μανίαν
2778 2965 3050 3034 ὑφῆπτεν.
3068 2964 3235 3018 ’Ὅθεν
3258 2964 3352 3017 καὶ
3387 2963 3611 3033 μοχλοῖς
3640 2961 3818 3031 αὐτὴν

2240 3060 2477 3127 σιδηροῖς
2497 3055 2778 3125 συνέτριόε
2800 3058 2894 3108 καὶ
2924 3054 3177 3108 συνέθλα.
3212 3053 3372 3106 ’Δλλά
3396 3056 3492 3105 καὶ
3516 3052 3726 3121 ταύτης
3749 3046 3818 3120 ἦν

2160 3172 2203 3231 C
2241 3150 2456 3213 πάντως
2487 3149 2515 3200 ὁ
2545 3151 2653 3203 τῶν
2682 3149 2930 3219 ἀδελφῶν
2962 3147 3096 3209 Θεὸς
3132 3147 3338 3215 ὁμοίως
3384 3144 3691 3213 κηδόμενος
3724 3145 3823 3195 καὶ

2233 3244 2331 3312 τῆς
2345 3259 2406 3295 τε
2432 3240 2669 3311 βασάνου
2690 3242 2913 3309 κρατεῖν
2939 3237 3114 3290 ἐποίει
3136 3236 3235 3301 τῆς
3265 3232 3535 3301 ἀπηνοῦς,
3556 3232 3655 3285 καὶ
3682 3230 3820 3300 πρὸς

2236 3334 2404 3401 αὐτὴν
2440 3332 2693 3383 ἵστασθαι
2726 3331 2991 3397 γενναίως
3025 3329 3123 3398 τὴν
3165 3324 3329 3395 φύσιν
3350 3338 3365 3352 '
3399 3320 3520 3377 εἶτα
3549 3324 3645 3378 καὶ
3675 3322 3818 3393 πρὸς

2238 3423 2429 3476 ἑαυτὸν
2493 3422 2908 3491 μετακαλεῖται,
2951 3424 3048 3475 καὶ
3102 3420 3199 3492 τὴν
3234 3418 3414 3489 ψυχὴν
3454 3420 3488 3489 ἡ
3540 3418 3822 3488 παρθένος

2235 3518 2348 3577 τοῖς
2381 3515 2601 3578 κόλποις
2628 3513 2801 3583 ἡδέως
2827 3519 2925 3567 τοῦ
2960 3512 3193 3583 ἐραστοῦ
3221 3510 3570 3565 ἀποτίθεται.

2307 3604 2361 3661 1’.
2420 3606 2477 3657 Ὀ
2513 3606 2693 3665 ἄδικος
2749 3605 2930 3656 τοίνυν
2986 3604 3201 3673 κριτὴς,
3236 3604 3333 3671 τὴν
3378 3603 3445 3652 ὲκ
3490 3600 3586 3652 τοῦ
3644 3599 3823 3667 θυμοῦ

2243 3698 2561 3768 συμμαχίαν
2585 3695 2936 3767 παραλαόὼν,
2963 3695 3058 3748 καῖ⁵
3080 3695 3262 3754 αὐτοῖς
3287 3692 3677 3760 ἐπιστρατεύει
3709 3694 3825 3751 τοῖς

2240 3796 2453 3862 νεκροῖς
2503 3791 2742 3861 σώμασι,
2792 3792 2887 3843 καὶ
2922 3790 3151 3857 κάμινον
3208 3787 3443 3855 ἀνάψας,
3496 3784 3594 3837 καὶ
3648 3783 3826 3852 πολλῇ

2240 3887 2445 3957 ταύτην
2477 3884 2579 3958 ὕλῃ
2618 3883 2710 3936 καὶ
2766 3881 3046 3953 ἐπιτηδεία
3102 3879 3327 3949 θρέψας,
3381 3875 3657 3941 ἀκοντίζει
3702 3881 3827 3929 κατ’

2243 3981 2411 4047 αὐτῆς
2449 3981 2516 4033 τά
2546 3977 2864 4049 μαρτυρικά
2915 3976 3163 4046 σώματα.
3192 3974 3323 4035 Θεὸς
3353 3973 3409 4025 δὲ
3440 3975 3469 4026 ὁ
3496 3972 3607 4025 τῶν
3633 3971 3829 4040 ψυχῶν

2245 4072 2481 4140 ἐραστὴς
2520 4071 2639 4121 οὐδὲ
2671 4069 2781 4121 τῶν
2837 4068 3106 4135 σωμάτων
3140 4067 3333 4133 ἠμέλει
3360 4079 3373 4093 ·
3400 4063 3542 4117 ἀλλά
3576 4062 3828 4131 βροντῶν

2249 4165 2431 4233 μέντοι
2471 4161 2660 4232 χρῆμα
2690 4159 2786 4212 καὶ
2808 4157 3108 4230 ἀστραπῶν
3132 4156 3330 4223 ἀθρόον
3381 4170 3519 4204 κατα
3530 4155 3828 4223 ρῤαγεῖσαι

2247 4254 2614 4325 προφθάνουσι
2655 4256 2716 4307 τὸ
2761 4254 2860 4321 τῆς
2918 4250 3153 4321 καμίνου
3216 4246 3347 4316 πῦρ,
3387 4245 3483 4297 καὶ
3535 4244 3701 4297 αὐτὸν
3736 4245 3831 4297 τὸν

2248 4348 2537 4410 δικάζοντα
2572 4350 2667 4397 καὶ
2697 4347 2757 4396 τὺ
2791 4342 3234 4412 ὑπηρετούμενον
3282 4336 3433 4404 αὑτῷ
3486 4334 3715 4406 πλῆθος,
3744 4335 3831 4390 αἰ-

2252 4438 2419 4508 θάλην
2450 4437 2761 4491 δεικνύουσι
2794 4436 2887 4487 καὶ
2912 4433 3169 4502 ἀσῦόλην.
3203 4432 3312 4485 Καὶ
3350 4428 3511 4482 τοῦτό
3541 4446 3607 4497 γε
3640 4428 3833 4498 προοί-

2174 4529 2225 4589 D
2256 4551 2376 4602 μιον
2400 4533 2498 4601 τῆς
2540 4530 2901 4600 ἀτελευτήτου
2956 4528 3185 4597 γεέννης
3218 4518 3400 4596 εῦρον,
3446 4524 3494 4577 οἱ
3528 4522 3623 4576 καὶ
3658 4523 3831 4593 μόνης

2250 4628 2464 4695 ἐκείνης
2534 4626 2608 4685 ὼς
2667 4623 2883 4692 ἀληθῶς
2930 4622 3092 4685 ἄξιοι.
3161 4620 3346 4675 ’Υετδς
3378 4618 3435 4669 δὲ
3475 4615 3618 4669 κατά
3655 4615 3832 4676 πόδας

2252 4720 2506 4788 ῥαγδαῖος
2560 4714 2841 4769 ἐπιπεσὼν
2881 4710 3128 4765 σϐεννύει
3164 4709 3259 4779 τὴν
3292 4709 3545 4776 κάμινον,
3590 4706 3684 4756 καὶ
3726 4721 3831 4756 πο-

2251 4811 2473 4872 θούσαις
2512 4809 2712 4862 αὐτίκα
2747 4805 2906 4876 χερσὶ
2931 4803 3001 4856 τὰ
3038 4799 3347 4869 παρθενικά
3392 4797 3627 4866 λείψανα
3657 4795 3708 4849 οἱ
3738 4797 3835 4848 εὑ-

2256 4904 2432 4966 σεδεῖς
2482 4901 2825 4970 ἀνελόμενοι,
2858 4896 2957 4951 καὶ
3002 4894 3322 4966 διαπρεπῶς
3355 4890 3744 4962 κοσμήσαντες
3776 4906 3833 4942 τε

2250 4998 2343 5050 καὶ
2380 5012 2443 5046 πε
2455 4993 2847 5062 ρισθιείλαντες,
2878 4990 3049 5059 τάφον
3080 4976 3265 5049 αὐτοῖς
3295 4990 3352 5039 ὲν
3373 4984 3449 5053 τῷ
3474 4983 3576 5052 τῆς
3607 4982 3835 5036 τελειώ-

2253 5108 2387 5151 σεως
2420 5088 2630 5158 ἔχωσαν
2660 5088 2833 5154 τόπῳ,
2853 5083 2989 5136 Θεοῦ
3023 5083 3116 5133 καῖ
3147 5079 3318 5133 ταῦτα
3342 5078 3835 5147 θαυματουργοῦν-

2252 5201 2365 5246 τος,
2404 5183 2553 5245 ὅπως
2587 5180 2650 5242 ἃς
2688 5180 2788 5247 μία
2837 5177 3049 5246 γαστὴρ
3074 5174 3251 5237 eam,
3280 5173 3484 5236 ταύτας
3530 5171 3627 5224 καὶ
3660 5173 3834 5240 τάφος

2254 5274 2333 5338 εἷς
2371 5276 2667 5342 πιστευοῇ⁶
2701 5273 2793 5324 καὶ
2837 5265 2911 5323 ὧν
2945 5269 3040 5322 ἕνα
3079 5270 3171 5320 καὶ
3215 5268 3307 5319 τὸν
3338 5263 3503 5318 αὐτὸν
3544 5265 3745 5336 ἔλαχον
3779 5268 3832 5318 αἱ

2255 5371 2424 5443 ψυχαὶ
2457 5367 2742 5438 νυμφῶνα,
2770 5363 2973 5433 τούτων
3009 5362 3142 5431 μηδὲ
3175 5364 3206 5429 ἡ
3239 5358 3393 5429 κωφὴ
3421 5359 3617 5428 διαστῇ
3644 5361 3794 5421 κόνις
3815 5371 3829 5387 ⁸

2257 5464 2369 5518 ἀλλ’
2413 5456 2520 5515 εἶεν
2553 5458 2782 5525 ἀδελφαὶ
2815 5458 2916 5508 κάν
2952 5453 3026 5524 τῷ
3055 5454 3177 5523 βίῳ,
3203 5451 3429 5519 ἀδελφαὶ
3460 5454 3566 5505 κάν
3605 5456 3720 5515 τοῖς
3746 5455 3836 5506 οὗ.

2260 5556 2463 5626 ρανςῖς,
2494 5550 2722 5619 ἀδελφαὶ
2758 5550 2856 5602 κάν
2894 5549 2958 5616 τῇ
3014 5549 3082 5614 γῇ
3136 5544 3543 5616 ὅεικνυόμεναι.
3590 5545 3833 5614 Τέμενὸς
