3970 6454
156 380 267 443 665

1092 382 1273 443 VITA
1311 382 1374 443 S.
1406 381 1845 444 THEODORJ
1887 384 2493 446 ALEXANDRINI‘E.

3311 386 3419 451 666

156 515 215 552 τι
236 500 315 557 είς
332 493 494 567 δεῦρο
520 496 627 567 πρὸ
656 493 735 565 τῷ
753 494 906 566 τάφῳ
930 495 1110 550 αὐτῶν
1144 498 1285 568 ίερον
1315 498 1553 569 ἵδρυται,
1581 500 1727 552 οἱον-

1843 500 1975 556 diem
2006 503 2242 570 positum
2272 512 2355 557 est
2382 502 2435 556 in
2468 516 2655 555 earnm
2725 502 3002 572 sepulcro,
3031 506 3207 562 instar
3236 508 3422 578 cujus-

154 589 206 642 εί
256 603 377 641 τινα
417 588 684 657 ποταμὸν,
712 589 857 643 ἔνδον
888 590 1188 660 προχέοντι
1224 591 1498 661 θαύματα.

228 683 333 736 IA'.
369 683 792 737 Ἀκουσάτωσαν
818 682 992 737 ταῦτα
1029 685 1123 736 καὶ
1156 684 1392 753 ἀδελφαὶ
1441 687 1538 739 καὶ
1601 704 1738 758 παρ-

156 774 325 835 Θὲνοι,
358 774 452 827 καὶ
475 774 599 826 ὅσαι
634 775 738 827 ὑπὸ
783 774 969 843 ζυγόν.
999 777 1109 829 Καὶ
1138 781 1193 829 αἱ
1226 778 1325 846 μὲν
1359 778 1534 841 οὕτως
1573 779 1737 849 ἀλλή-

157 866 259 928 λας
289 864 641 934 φιλείτωσαν,
672 867 727 917 αί
758 864 814 918 δὲ
851 866 923 935 μὴ
954 867 1055 933 τῆς
1081 869 1292 932 οἰκείας
1329 874 1739 936 καταγινωσκὲο

1837 592 1959 647 dam
1993 592 2140 647 ﬂuvii
2168 595 2316 648 intus
2348 593 2635 648 eﬂ‘undens
2666 594 2949 650 miracula.

1908 684 1999 739 XI.
2029 685 2155 740 Haec
2190 687 2413 740 audiant
2461 701 2701 748 sorores.
2737 697 2791 741 et
2842 688 3110 743 universae
3140 690 3419 754 mulieres,

1839 784 1948 829 tam
1977 776 2229 846 virgines.
2267 793 2429 845 quam
2465 794 2586 846 qua:
2618 788 2742 833 sunt
2778 780 3085 848 conjunctae
3131 782 3419 836 matrimo-

1837 866 1951 920 nio.
2021 866 2085 920 Et
2130 869 2231 921 ille
2252 869 2470 937 quidem
2522 869 2601 923 sic
2640 885 2699 924 se
2740 871 2971 925 invicem
3010 872 3277 941 diligant;
3305 872 3422 927 hanc

156 974 343 1009 τωσαν
382 957 598 1025 φύσεως
633 956 909 1025 ’Ἀνέῳγε
966 958 1075 1027 γὰρ
1136 961 1230 1010 καὶ
1290 960 1533 1026 γυναιξὶν
1583 961 1734 1027 ἡντοῧ

1843 968 2017 1012 autem
2054 974 2206 1013 suam
2243 976 2350 1013 non
2382 960 2749 1016 condemnent
2802 971 3074 1018 naturam.
3106 964 3235 1017 Nam
3263 965 3425 1019 femi-

164 1049 471 1119 μαρτυρίου
521 1046 663 1115 θύρα
682 1063 697 1078 ·
751 1049 921 1100 πᾶσαι
954 1048 1008 1100 δὲ
1034 1049 1234 1117 ὁμοίως
1261 1050 1354 1101 καὶ
1382 1049 1617 1104 θανάτου
1648 1051 1737 1104 διὰ

1843 1050 1920 1103 nis
1950 1066 2164 1119 quoque
2194 1062 2377 1120 aperta
2406 1062 2489 1105 est
2510 1054 2669 1120 janua
2709 1054 2968 1123 martyrii.
3000 1055 3203 1111 Omnes
3234 1066 3417 1112 autem

159 1140 401 1208 Χριστὸν
437 1139 531 1192 καὶ
566 1141 785 1200 πάντως
816 1140 1356 1207 καταφρονείτωσαν,
1393 1141 1483 1194 ενα
1515 1144 1737 1196 καὶτῶν

1843 1140 2097 1195 similiter
2123 1150 2178 1195 et
2208 1150 2440 1194 mortem
2469 1151 2523 1195 et
2552 1143 3119 1207 omniacontemnant,
3148 1154 3204 1199 ut
3227 1147 3425 1199 similia

160 1231 365 1299 ὁμοίων
396 1232 548 1295 παρᾶ
576 1231 676 1299 τῆς
709 1230 875 1283 αὐτοῦ
907 1229 1323 1300 φιλανθρωπίας
1357 1233 1451 1285 καὶ
1482 1233 1581 1301 τῆς
1605 1250 1740 1303 χρη-

1833 1247 2050 1301 quoque
2079 1242 2488 1299 consequantur
2520 1233 2587 1285 ab
2628 1233 2749 1301 ejus
2783 1233 3024 1287 b0nitate
3053 1243 3109 1288 et
3168 1236 3424 1306 benigni.

165 1325 426 1389 στότητος
444 1322 836 1384 ἀπολαύσειαν,
870 1315 944 1374 ὧν
978 1323 1189 1390 γένοιτο
1218 1323 1430 1386 πάντας
1451 1326 1595 1394 ἡμᾶς
1619 1326 1737 1377 ἐπι-

1843 1334 1969 1378 tate.
2004 1324 2135 1388 Quae
2160 1324 2321 1377 detur
2353 1324 2513 1377 nobis
2554 1324 2809 1378 omnibus
2855 1326 3114 1391 consequi
3167 1329 3333 1395 gratia
3371 1338 3428 1381 et

162 1416 346 1483 τυχεῖν
393 1416 581 1483 χάριτι
629 1415 723 1465 καὶ
786 1412 1171 1485 φιλανθρωπίᾳ
1205 1415 1298 1467 τοῦ
1346 1415 1550 1485 Κυρίου
1584 1416 1740 1484 ἡμῶν

1840 1416 2173 1484 benignitate
2206 1414 2417 1468 Domini
2460 1415 2629 1468 nostri
2674 1415 2801 1469 Jesu
2842 1416 3070 1480 Christi,
3134 1433 3257 1470 cum
3317 1434 3424 1487 quo

176 1505 351 1572 ’1ησοῦ
413 1502 674 1572 Χριστοῦ,
740 1504 859 1572 μεθ’
916 1499 977 1557 οὗ
1008 1505 1086 1574 τῷ
1119 1505 1295 1574 Harp!
1349 1505 1467 1572 ἅμα
1494 1504 1572 1572 τῷ
1599 1505 1737 1574 ἁγίῳ

1843 1502 1979 1555 Patri
2015 1504 2177 1563 simul
2210 1519 2333 1557 cum
2363 1516 2553 1559 sancto
2620 1506 2824 1576 Spiritu
2882 1508 3071 1577 gloria,
3136 1510 3310 1563 honor
3372 1520 3430 1564 et

167 1594 448 1663 Πνεύματι
507 1593 658 1659 δόξα,
697 1595 855 1664 τιμὴ,
884 1598 1085 1665 κράτος
1133 1597 1230 1649 νῦν
1263 1596 1358 1648 καὶ
1392 1596 1503 1658 ἀεὶ,
1527 1597 1621 1648 καὶ
1657 1598 1737 1656 είς

164 1687 288 1750 τοὺς
320 1687 529 1749 αἰῶνας
550 1685 658 1738 τῶν
690 1688 925 1740 αίώνων.
968 1687 1160 1756 Ἀμήν.

1834 1596 2099 1663 potentia,
2132 1611 2275 1649 nunc
2307 1607 2360 1649 et
2382 1612 2615 1667 semper,
2654 1608 2709 1652 et
2743 1600 2799 1652 in
2853 1601 3049 1653 saecula
3081 1602 3428 1657 surculorum.

1837 1690 2040 1741 Amen.

181 1848 3416 1897 mm
840 1877 1246 1888 _.__.__.._

1260 2018 1507 2103 ΒΙοΣ
1582 2017 1778 2100 ΚΑΙ
1853 2012 2399 2102 ΠΟΛΙΤΕΙΑ

1320 2198 1459 2251 ΤΗΣ
1501 2198 1701 2252 ΟΣῘΑΣ
1748 2198 2035 2255 ΜΗΤΡΟΣ
2074 2198 2269 2252 ΗΜΩΙΝ

304 2370 1211 2508 ΘΕΟΔΩΡΑΣ
1322 2381 1665 2505 ΤΗΣ
1786 2382 1994 2507 ΕΝ
2114 2364 3317 2507 ΑΛΕΞΑΝΔΡΕΙΑ.

1065 2806 1343 2895 VITA
1449 2805 1597 2893 ET
1702 2798 2543 2896 CONVERSATIO

1445 2994 1505 3052 S.
1559 2993 1821 3051 MATRIS
1866 2991 2166 3050 ΝΟδΤΒΑΞ

396 3177 1510 3333 ΤΗΕΟΒΟΒΖΕ

1714 3174 3207 3332 ΑΕΕΧΑΝΠΒΙΝᾏΕ.

960 3449 1157 3514 (Latine
1185 3451 1314 3514 apud
1343 3450 1545 3500 Surium
1579 3448 1721 3510 Sept.
1753 3447 1833 3508 tl,
1871 3448 2044 3500 Grece
2076 3460 2142 3499 ex
2166 3461 2261 3498 ms.
2303 3447 2457 3498 Paris.
2489 3445 2643 3508 1526.)

233 3793 312 3849 A'.
352 3793 545 3862 Ζήνων
591 3789 688 3861 μὲν
732 3790 834 3862 ἤδη
878 3789 979 3861 τὴν
1010 3788 1393 3861 αὐτοκράτορα
1432 3786 1734 3858 Ῥωμαίοις

1912 3780 2057 3837 Zeno
2095 3782 2312 3849 quidem
2345 3783 2650 3838 Romanum
2693 3782 2803 3852 jam
2860 3780 3080 3841 tenebat
3120 3780 3430 3849 imperium.

164 3886 367 3940 διεῖπεν
425 3883 639 3957 ἀρχὴν,
699 3883 1006 3955 Γρηγόριος
1067 3884 1124 3938 δὲ
1175 3885 1275 3953 τὴν
1333 3881 1428 3935 τοῦ
1486 3880 1738 3949 ὑπάρχου

165 3980 413 4046 ἐξουσίαν
463 3980 521 4030 ιν
562 3980 628 4045 τῇ
672 3977 794 4029 κατ’
824 3977 1098 4038 Αἴγυπτον
1152 3970 1299 4043 εἶχεν
1332 3970 1736 4040 ’Δλεξανδρείᾳ.

179 4074 241 4125 Ἡ
278 4074 333 4125 δὲ
367 4071 427 4123 οὐ
458 4069 717 4121 τοσοῦτον
751 4066 839 4119 ἐπ’
871 4067 1019 4137 ἄλλῳ
1047 4068 1157 4119 τῶν
1199 4066 1459 4120 ἁπάντων
1486 4062 1739 4127 Ἀλεξάν-

160 4165 314 4235 ὄρεια
381 4163 509 4217 ὅσον
571 4161 667 4215 ἐπὶ
742 4159 996 4231 Θεοδώρᾳ
1044 4160 1247 4229 μᾶλλον
1295 4156 1735 4219 ἐκαλλωπίζετο,

157 4260 274 4324 οῐας
336 4258 545 4329 μητρὸς
607 4257 781 4326 αὐτῆς
842 4253 1139 4326 ὑπάρξασα
1200 4252 1297 4307 καὶ
1353 4251 1595 4320 πατρὶς,
1644 4250 1741 4303 καὶ

157 4351 402 4404 τοιοῦτον
434 4347 612 4415 ἀγινῆ
644 4348 840 4402 κλάδον
864 4348 1159 4413 άναδοῦσα,
1198 4346 1296 4399 καὶ
1340 4342 1485 4397 οὕτω
1534 4344 1739 4405 πάσαις

165 4444 408 4514 βρύοντα
430 4440 672 4511 χάρισιν.
724 4440 816 4491 Ἔν
863 4441 1002 4511 αὐτῇ
1042 4441 1151 4508 γὰρ
1200 4441 1234 4509 ἡ
1274 4437 1452 4508 σεμνὴ
1482 4436 1560 4506 τῷ
1600 4435 1739 4498 ὄντι,

159 4537 249 4590 καὶ
312 4533 522 4605 κοσμία
568 4535 685 4597 τοῖς
731 4532 912 4604 ῆθεσι,
965 4532 1064 4594 τὰς
1118 4532 1175 4583 ὲν
1228 4531 1419 4599 κόσμῳ
1453 4527 1740 4598 διατριϐάς

160 4628 399 4681 ἐποιεῖτο
423 4642 439 4656 ⁸
468 4625 635 4695 ἀνδρὶξ
688 4623 789 4693 μὲν
864 4624 1141 4677 συνοικεῖν
1181 4619 1424 4694 λαχοῦσα
1466 4618 1739 4689 συναφεία

159 4721 339 4789 γάμου
383 4720 450 4789 τῇ
485 4720 629 4771 κατὰ
655 4719 844 4787 νόμον,
878 4718 1054 4789 ταύτῃ
1085 4718 1141 4771 δὲ
1175 4718 1270 4770 καὶ
1301 4716 1476 4778 ἄλλως
1510 4714 1611 4784 μὲν
1643 4713 1739 4783 τὴν

159 4813 523 4883 ὀφειλομένην
544 4814 657 4873 τοῖς
680 4810 908 4879 ἀνδράσι
935 4812 1100 4879 τιμὴν
1123 4811 1476 4879 ἀπονέμουσα
1504 4808 1739 4879 μάλιστα

159 4906 215 4956 δὲ
268 4906 348 4971 τῷ
388 4902 824 4971 σωφρονεστάτη
870 4918 929 4953 τε
985 4900 1125 4954 εἶναι
1159 4917 1173 4932 ο
1214 4903 1320 4953 τῶν
1366 4904 1423 4953 ὲν
1464 4905 1529 4972 τῇ
1583 4901 1737 4953 πόλει

163 4995 351 5051 πασῶν
378 4994 599 5054 οἰκείως
630 5012 685 5047 τε
720 4994 857 5065 πρὸς
894 4993 1087 5048 τοῦτον
1126 4996 1222 5047 καὶ
1276 4995 1481 5057 πιστῶς
1533 4994 1737 5047 διακεί-

166 5089 309 5154 σθαι,
342 5088 439 5143 καὶ
464 5086 716 5156 καθαρὰν
751 5087 1019 5159 αὐτῷτὴν
1055 5087 1292 5158 στοργὴν
1322 5087 1615 5155 φυλάττειν
1648 5087 1738 5137 καὶ

166 5182 347 5244 πόθοις
400 5182 675 5251 ῥυπαροῖς
716 5179 1099 5247 ἀνεπίμικτον.
1157 5180 1376 5251 Ἐπειδὴ
1433 5181 1487 5233 δὲ
1541 5183 1737 5233 ἀνεπιε-

164 5274 377 5342 limae;
400 5272 733 5338 ἀγαπῶντας
766 5270 914 5342 βιοῦν
950 5272 1049 5325 οὐκ
1083 5272 1163 5325 ἐτι
1209 5274 1283 5344 μὴ
1313 5274 1520 5335 καὶτὰς
1551 5274 1613 5325 ἐκ
1641 5270 1738 5323 τοῦ

166 5363 401 5435 πονηροῦ
435 5361 747 5433 προσϐολὰς
775 5363 1072 5434 δέχεσθαι,
1106 5366 1412 5434 πειρασμὸς
1459 5365 1739 5432 ἐγείρεται

166 5458 251 5509 καὶ
306 5456 486 5528 ταύτῃ
532 5453 727 5517 δεινός.
820 5456 1053 5519 Ἐκεῖνος
1088 5457 1196 5525 γάρ
1230 5458 1290 5509 τό
1324 5475 1381 5509 τε
1414 5456 1510 5509 τοῦ
1546 5455 1739 5522 ἀνδρὸς

1844 3876 2136 3948 Gregorius
2183 3886 2365 3930 autem
2431 3877 2671 3945 prrefecti
2704 3876 2924 3947 gerebat
2954 3874 3327 3944 magistratum
3374 3875 3430 3927 in

1844 3969 2207 4024 Alexandrina
2232 3967 2443 4039 Egypti
2470 3967 2711 4021 civitate.
2741 3966 3062 4025 Alexandria
3081 3976 3262 4019 autem
3284 3967 3433 4020 nullo

1844 4078 1907 4118 ex
1966 4064 2221 4118 omnibus
2289 4063 2410 4117 aliis
2472 4071 2681 4117 tantum
2729 4062 3085 4133 gloriabatur,
3167 4070 3431 4130 quantum

1844 4153 2149 4214 Theodora.
2205 4163 2409 4222 utquae
2435 4162 2582 4205 esset
2617 4154 2736 4220 ejus
2768 4164 2959 4227 mater,
3002 4163 3056 4205 et
3131 4167 3251 4220 qua
3308 4167 3427 4205 eam

1844 4255 2127 4318 pepererat
2150 4246 2343 4315 patria.
2376 4254 2432 4299 et
2466 4261 2675 4299 ramum
2710 4245 2970 4299 edidisset
2996 4254 3105 4298 tam
3140 4242 3429 4313 pulchrum

1844 4351 1898 4395 et
1926 4340 2178 4394 omnibus
2204 4339 2338 4393 adeo
2365 4348 2664 4393 scatentem
2701 4340 2908 4409 gratiis.
2934 4338 2992 4391 In
3021 4352 3082 4391 ea
3101 4336 3247 4391 enim
3276 4351 3429 4392 suam

1876 4431 2210 4485 mundanam
2278 4429 2512 4481 habebat
2566 4430 3036 4482 conversationem
3132 4428 3234 4480 ista
3305 4441 3431 4482 vere

1843 4521 2171 4584 veneranda,
2196 4528 2250 4574 et
2280 4529 2473 4574 ornata
2510 4519 2774 4585 moribus,
2804 4535 2929 4573 cum
2981 4519 3103 4574 viro
3136 4520 3429 4589 conjuncta

1845 4616 2085 4685 legitimo
2118 4613 2503 4675 matrimonio,
2558 4613 2605 4666 ei
2647 4614 2866 4679 quidem
2917 4628 3041 4666 eum
3092 4612 3182 4679 qui
3220 4610 3431 4664 maritis

1842 4711 2075 4765 debetur
2132 4709 2399 4765 honorem
2455 4707 2726 4768 tribuens;
2759 4706 2991 4759 maxime
3020 4715 3201 4757 autem
3261 4702 3332 4756 ab
3362 4717 3429 4756 eo

1844 4803 2058 4863 dilecta.
2088 4800 2239 4871 quod
2306 4811 2454 4855 esset
2490 4797 2798 4852 castissima
2855 4798 3099 4851 omnium
3127 4814 3247 4867 qua:
3273 4808 3431 4853 erant

1845 4893 1898 4949 in
1947 4894 2184 4956 civitate.
2249 4892 2619 4961 benevoleque
2666 4901 2721 4945 et
2760 4892 2993 4945 ﬁdeliter
3026 4890 3079 4943 in
3127 4907 3254 4946 eum
3284 4904 3431 4947 esset

1843 4986 2055 5046 all‘ecta.
2086 4995 2139 5038 et
2171 5000 2367 5051 purum
2424 4983 2471 5037 ei
2540 4992 2786 5037 servaret
2836 4996 3101 5045 amorem,
3144 4992 3197 5036 et
3264 4983 3430 5037 nullis

1846 5076 2094 5146 turpibus
2116 5075 2415 5129 immistum
2447 5074 2756 5129 desideriis.
2780 5072 3049 5137 Quoniam
3075 5089 3205 5127 vero
3240 5076 3272 5126 ii
3304 5076 3429 5143 qui-

1843 5170 1945 5224 bus
1996 5169 2172 5233 placet
2206 5169 2382 5222 vivere
2416 5169 2552 5221 citra
2626 5168 3108 5237 reprehensionem
3153 5167 3266 5220 ﬂeri
3317 5182 3427 5222 non

1844 5270 2038 5331 potest,
2066 5272 2123 5315 ut
2151 5276 2257 5315 non
2289 5274 2672 5332 oppugnentur
2724 5260 2944 5331 maligni
2975 5261 3209 5324 insidiis,
3242 5264 3426 5330 gravis

1841 5369 2058 5422 quoque
2094 5355 2146 5407 in
2174 5369 2293 5408 eam
2329 5355 2397 5407 ab
2424 5354 2542 5423 ipso
2574 5354 2844 5408 excitatur
2872 5354 3123 5407 tentatio.
3158 5354 3251 5409 llle
3279 5355 3424 5409 enim

1845 5456 1973 5501 tunc.
2004 5446 2200 5500 videns
2227 5448 2389 5514 hujus
2435 5447 2613 5500 mariti
2654 5446 3112 5504 moderationem.
3155 5460 3210 5500 et
3259 5448 3423 5517 hujus

170 5548 378 5619 σῶφρον
400 5548 568 5619 ὀρῶν,
596 5549 664 5617 τῇ
717 5563 776 5599 τε
821 5548 1113 5619 σεμνότητι
1134 5552 1231 5617 τῆς
1257 5548 1409 5611 ὁσίας
1433 5546 1736 5616 διαςοϐονῶν

1843 5547 2040 5591 sanetae
2080 5539 2328 5593 inridens
2362 5538 2653 5601 honestati,
2686 5539 2940 5593 adhibuit
2976 5554 3141 5592 omne
3168 5540 3411 5593 studium

170 5642 321 5710 ἔργον
368 5641 527 5692 ἔθετο
584 5638 679 5690 καὶ
732 5638 973 5710 σπουδὴν
1026 5640 1124 5709 τὴν
1176 5638 1437 5707 τοιαύτην
1470 5638 1735 5707 συζυγίαν

164 5735 459 5802 διατεμεῖν.

228 5823 296 5875 B'.
334 5825 442 5876 Καὶ
494 5823 559 5888 δή
616 5839 739 5875 τινα
796 5819 1028 5885 ῥεόντων
1081 5822 1324 5891 χρήμασι
1365 5820 1459 5873 καὶ
1508 5819 1725 5890 πλούτῳ

1840 5639 1893 5683 et
1916 5628 2274 5699 diligentiam,
2318 5640 2375 5684 ut
2406 5631 2545 5685 hanc
2582 5631 2919 5686 rescinderet
2950 5631 3415 5700 conjunctionem.

1909 5816 1973 5870 ll.
2002 5815 2300 5881 Quemdam
2338 5816 2518 5888 itaque
2545 5820 2819 5894 juvenem,
2854 5819 3097 5889 pecuniis
3128 5828 3180 5873 et
3216 5818 3412 5886 opibus
