3970 6444
559 379 665 446 667

1800 364 2083 427 ΜΕ.ΝὸΙὸ
2123 362 2591 424 SEPTEMBER.

3706 363 3817 429 663

559 500 838 556 onustum,
869 491 1069 559 quibus
1104 502 1287 543 rerum
1328 486 1483 555 copia
1538 481 1920 553 suppeditabat
1970 482 2136 532 mate-

2245 475 2652 547 βαρυνομένων,
2684 469 2767 541 οἷς
2798 476 2897 547 ὕλη
2917 474 3052 547 πρὸς
3076 469 3293 547 οἶστρον
3328 477 3360 544 ἡ
3391 474 3648 544 ιὺθηνίσ,
3675 476 3816 544 arpi;

559 587 693 639 riam
727 581 793 637 ad
825 582 1104 636 stimulum
1164 577 1389 640 amoris,
1427 573 1672 630 incitavit
1702 570 1768 625 ad
1804 584 1925 624 eam
1948 579 2136 620 aman-

556 681 677 731 dam
707 685 928 747 propter
954 675 1235 727 florentem
1267 671 1386 741 ejus
1413 670 1668 737 speciem.
1690 665 1782 719 Illa
1814 673 1991 717 autem
2026 675 2133 713 non

560 782 775 832 nutum,
830 783 937 822 non
989 775 1223 835 gestum,
1261 777 1366 817 nec
1414 761 1707 831 quidquam
1759 756 1863 811 tale
1912 754 2136 807 omnino

560 864 885 921 sustinente,
917 858 1101 911 nullus
1137 872 1245 909 non
1306 854 1439 923 lapis
1472 854 1539 906 ab
1564 868 1630 905 eo
1680 848 2026 906 movebatur.
2077 854 2135 900 ut

562 954 626 1010 ad
657 952 910 1005 eﬂ‘ectum
969 949 1192 1003 omnino
1221 947 1510 1002 deduceret
1549 944 1598 997 id
1652 942 1797 1012 quod
1858 940 2138 994 desidera-

560 1047 736 1107 batur;
774 1044 906 1095 adco
932 1051 988 1094 ut
1014 1042 1131 1109 eius
1165 1038 1459 1093 familiares
1492 1046 1539 1090 et
1575 1036 1807 1095 vicinas.
1846 1033 1911 1087 ad
1941 1035 2042 1085 hoc
2084 1033 2135 1085 ei

562 1134 942 1193 iuservientes,
1000 1132 1218 1186 assidue
1276 1129 1668 1183 transmitteret
1711 1124 1971 1194 quidquid
2022 1130 2138 1177 erat

560 1225 913 1279 desiderabile
978 1232 1032 1276 et
1100 1222 1380 1275 blandiens
1430 1219 1709 1289 cupiditati
1763 1234 1820 1271 se
1886 1218 2134 1271 daturum

563 1318 843 1385 pollicens.
887 1315 977 1367 illa
1006 1324 1185 1367 autem
1246 1313 1328 1365 his
1369 1312 1546 1365 verbis
1574 1322 1628 1365 et
1664 1309 1934 1363 illecebris
1969 1323 2135 1377 oppo-

561 1410 721 1463 nebat
747 1409 888 1461 diem
919 1406 1106 1475 judicii
1136 1416 1189 1458 et
1218 1407 1461 1457 timorem
1482 1403 1778 1472 gehennae:
1809 1401 1949 1465 Quin
1974 1400 2135 1453 etiam

528 1494 529 1497 “
565 1503 852 1557 erubesco.
889 1501 1123 1562 dicebat,
1155 1501 1238 1553 vel
1281 1499 1455 1566 ipsum
1490 1498 1657 1551 solem
1710 1496 1911 1549 habere
1944 1502 2133 1547 testem

563 1595 683 1649 talis
714 1594 918 1664 ﬂagitii.
953 1594 1106 1659 Quod
1138 1593 1355 1662 quidem
1381 1593 1606 1646 verbum
1665 1606 1789 1645 cum
1831 1587 2136 1658 apprehen-

560 1688 730 1745 disset
761 1704 867 1739 una
898 1701 962 1740 ex
991 1686 1149 1748 lenis,
1170 1686 1293 1738 mali
1330 1684 1700 1738 accessionem
1735 1682 1943 1736 habens
1964 1689 2135 1733 artem

561 1781 845 1845 magicam,
899 1780 999 1831 hoc
1033 1777 1082 1831 ei
1123 1776 1408 1844 praposuit
1441 1774 1793 1843 probabiliter
1825 1789 1838 1825 :
1869 1771 1979 1823 Sed
2032 1771 2138 1861 hoc
2173 1807 2213 1861 Β

561 1868 833 1936 inquiens.
866 1885 895 1922 a
931 1879 981 1923 te
1016 1868 1107 1922 ﬂat
1146 1878 1265 1937 post
1291 1867 1421 1921 solis
1455 1880 1706 1918 occasum
1742 1873 1797 1918 et
1826 1862 2010 1916 nullus
2039 1860 2141 1915 crit

558 1960 651 2025 qui
692 1967 742 2011 te
774 1966 1059 2026 cognoscat
1092 1972 1106 2010 :
1136 1972 1313 2025 neque
1369 1955 1587 2008 futurus
1626 1963 1709 2008 est
1746 1953 1887 2007 ullus
1915 1951 2140 2006 omnino

563 2047 713 2099 testis
736 2049 875 2115 apud
914 2048 1099 2109 Deum,
1128 2059 1220 2099 aut
1253 2046 1394 2115 apttd
1451 2046 1721 2099 homines.
1776 2044 1898 2098 Haec
1931 2043 2139 2098 audivit

558 2152 612 2190 et
639 2138 738 2190 fuit
771 2153 864 2191 cor
888 2138 1005 2206 ejus
1035 2139 1283 2205 protinus
1325 2139 1561 2190 illectum
1594 2147 1647 2189 et
1672 2135 1975 2190 seductum.
2010 2135 2139 2189 Erat

562 2231 707 2283 enim
730 2231 925 2283 mulier
952 2247 1071 2298 quae
1100 2240 1292 2283 natura
1318 2229 1474 2284 facile
1502 2230 1620 2299 capi
1648 2239 1825 2298 potest
1844 2240 1900 2282 et
1936 2228 2135 2296 decipi,

564 2332 618 2376 et
641 2323 870 2376 maxime
899 2322 1042 2390 quod
1072 2323 1307 2378 futurum
1344 2333 1489 2376 esset
1510 2333 1568 2376 ut
1591 2323 1789 2375 factum
1812 2321 1983 2373 Deum
2008 2320 2141 2371 late-

563 2430 666 2481 ret,
708 2434 804 2487 per
835 2418 1080 2471 fraudem
1113 2418 1397 2471 audiverat
1429 2429 1483 2473 et
1513 2418 1839 2473 crediderat.
1872 2416 1936 2468 Et
1964 2413 2041 2472 sic
2073 2413 2140 2470 ad

561 2508 811 2561 eli'ectum
842 2508 1129 2563 deductum
1162 2519 1243 2563 est
1282 2511 1479 2565 malum
1516 2512 1636 2588 ejus
1676 2510 1993 2565 consilium.

634 2600 723 2653 Ill.
760 2599 1040 2668 Postquam
1069 2613 1246 2656 autem
1281 2620 1337 2658 re
1372 2604 1510 2658 facta
1534 2620 1693 2673 quam
1750 2606 1927 2674 turpis
1952 2613 2008 2659 ct
2044 2604 2133 2657 in-

563 2692 758 2746 decora
778 2707 864 2746 res
899 2692 969 2747 sit
999 2705 1303 2761 peceatum,
1337 2698 1600 2765 agnoscit.
1630 2698 1855 2754 acerbos
1931 2698 2140 2752 habens

565 2786 814 2839 stimulos
843 2795 896 2839 ct
940 2788 1095 2843 valde
1148 2800 1470 2859 compuncta
1506 2793 1842 2846 conscientia
1908 2792 2139 2846 cruciari

564 2879 746 2935 animo
774 2879 941 2946 coepit
991 2889 1045 2933 et
1084 2897 1266 2936 amara
1323 2883 1447 2935 duci
1500 2884 1819 2951 poenitentia
1882 2884 2069 2938 dicens
2122 2900 2135 2936 :

568 2969 640 3021 Ex
693 2970 834 3037 quali
872 2970 1078 3025 honore
1101 2972 1165 3025 ad
1203 2983 1459 3041 quautam
1498 2975 1686 3027 transii
1754 2974 2133 3043 ignominiam!

570 3058 930 3113 «Putruerunt
959 3069 1013 3114 et
1043 3073 1309 3130 corruptae
1340 3072 1467 3117 sunt
1491 3064 1769 3118 cicatrices
1788 3080 1918 3120 mere
1947 3083 1977 3120 a
2004 3067 2140 3120 facie

2237 568 2329 621 τὸν
2390 568 2593 639 ταύτης
2638 567 2728 623 διὰ
2783 568 2883 640 τὴν
2934 566 3278 621 ἐπανθοῦσαν
3344 566 3497 637 ὤραν
3555 567 3814 633 ἐκίνησεν

2238 660 2441 729 ἔρωτα.
2481 661 2727 731 Ἐκείνης
2779 661 2836 715 δὲ
2892 661 2968 731 μὴ
3024 662 3221 731 νεῦμα,
3280 660 3353 730 μὴ
3382 660 3595 731 σχῆμα,
3645 657 3809 729 μηδὲν

2237 753 2372 815 ὅλως
2400 753 2510 805 τῶν
2550 754 2811 807 τοιούτων
2866 753 3227 823 ἀνεχομένης,
3271 752 3417 814 λίθος
3460 752 3614 817 αὐτῷ
3665 751 3812 811 ἅπας

2238 846 2475 897 ἐκινεῖτο
2502 845 2601 897 τοῦ
2632 845 2853 907 πάντως
2893 848 2976 907 είς
3020 845 3182 915 ἔργον
3212 844 3441 910 ἀγαγεῖν
3476 843 3538 894 τὸ
3574 841 3812 894 ὑποθού-

2241 953 2443 1005 μενον·
2476 938 2551 1000 ὠς
2610 938 2705 990 xui
2760 938 2861 999 τὰς
2922 937 3177 1005 συνήθεις
3231 935 3394 1003 αὐτῇ,
3453 932 3693 994 καὶτὰς
3743 934 3812 984 ὲκ

2240 1028 2501 1095 γειτόνων
2582 1028 2721 1096 πρὸς
2782 1026 2939 1079 τοῦτο
3017 1024 3487 1094 διακοσμουμένας
3568 1020 3813 1089 συνεχῶς

2236 1122 2645 1190 διαπέμπεσθαι
2674 1125 2782 1176 πᾶν
2810 1124 2949 1193 ὅπερ
2974 1123 3163 1189 ἐφετὸν
3184 1122 3278 1174 καὶ
3298 1123 3480 1174 σαῖνον
3507 1119 3815 1187 ἐπιθυμίαν

2236 1214 2429 1267 δώσειν
2462 1216 2956 1286 ἐπαγγελλόμενος.
2997 1215 3062 1268 Ἠ
3092 1214 3151 1268 δὲ
3183 1216 3304 1275 τοῖς
3349 1214 3564 1282 ῥήμασι
3596 1212 3815 1272 τούτοις

2240 1305 2336 1356 xui
2389 1303 2762 1371 ὑποκνίσμασι
2817 1304 2916 1373 τὴν
2976 1302 3077 1371 τῆς
3152 1303 3388 1371 κρίσεως
3439 1300 3664 1369 ἡμέραν
3717 1299 3818 1350 καὶ

2236 1397 2328 1449 τὸν
2362 1396 2462 1462 τῆς
2509 1397 2733 1463 γεέννης
2794 1394 3065 1447 ἀντετίθει
3112 1394 3318 1463 φόϐονυ
3368 1392 3507 1447 άλλά
3548 1392 3650 1460 μὲν
3692 1389 3813 1451 xui,

2238 1488 2342 1539 Τὸν
2372 1488 2524 1556 ἥλιον
2559 1486 2907 1556 αίσχύνομαι,
2942 1488 3099 1555 φησὶ,
3134 1486 3385 1557 μάρτυρα
3432 1484 3527 1536 τοῦ
3561 1484 3813 1535 τοιούτου

2242 1585 2664 1656 μιάσματος.....
2692 1584 3003 1653 δραξαμένη
3046 1584 3297 1652 ῥήματος
3329 1582 3437 1633 τῶν
3463 1579 3816 1650 προαγωγῶν

2244 1678 2343 1745 μία
2381 1678 2705 1747 προσθήκην
2744 1676 2840 1730 τοῦ
2882 1675 3053 1730 κακοῦ
3106 1675 3200 1728 xui
3240 1675 3339 1741 τὴν
3388 1674 3565 1741 μάγον
3610 1672 3815 1739 ἔχουσα

2241 1768 2460 1837 τέχνην,
2532 1768 2777 1839 πιθανῶς
2833 1768 2997 1839 δῆθεν
3048 1769 3187 1838 αὐτῇ
3241 1766 3558 1835 προέτεινεν
3599 1784 3613 1799 ·
3647 1762 3818 1815 Ἀ).λά

2246 1866 2385 1932 μετά
2409 1862 2615 1930 δυσμὰς
2646 1862 2818 1933 ἡλίου,
2848 1863 3094 1927 λέγουσα,
3120 1863 3239 1915 τόδε
3266 1878 3348 1912 σοι
3370 1856 3694 1928 πραχθήτω,
3720 1857 3816 1907 xui

2242 1952 2366 2006 οὔτε
2407 1954 2532 2007 τινὰ
2567 1954 2660 2007 τὸν
2705 1956 3148 2022 συγγινώσκοντα
3174 1955 3337 2017 ἔξεις,
3370 1951 3495 2005 οὔτε
3530 1951 3639 2020 μὴν
3673 1951 3814 2019 πρδς

2238 2047 2373 2100 Θεὸν
2426 2046 2458 2117 ἢ
2518 2047 2653 2117 πρὸς
2706 2048 3049 2117 ἀνθρώπους,
3115 2048 3368 2118 μάρτυρα
3424 2046 3484 2099 τὸ
3544 2045 3816 2114 παράπαν

2240 2140 2523 2209 ἐσόμενον,
2563 2142 2751 2194 Ταῦτα
2787 2143 2989 2212 ἡκουσέ
3026 2158 3085 2194 τε
3110 2182 3123 2203 ,
3172 2142 3267 2192 xui
3316 2139 3415 2207 τὴν
3446 2139 3681 2207 καρδίαν
3727 2138 3817 2189 εύ-

2242 2228 2337 2291 θίις
2376 2229 2750 2283 ύποὸλέπεται
2776 2246 2789 2260 ·
2825 2231 2964 2295 γυνὴ
3001 2231 3110 2297 γὰρ
3145 2224 3213 2297 ἦν
3259 2228 3420 2295 φύσις
3464 2226 3818 2295 εὐεξαπάτη-

2241 2336 2332 2382 τος
2378 2322 2474 2372 xui
2520 2321 2817 2388 ἁλώσιμος,
2876 2320 2972 2373 xui
3028 2320 3264 2387 μάλιστα
3304 2321 3386 2371 ὅτι
3440 2319 3536 2369 xui
3584 2319 3722 2371 Θεὸν
3755 2319 3819 2372 τὸ

2242 2411 2490 2480 πραχθὲν
2514 2410 2669 2463 λάθοι
2700 2409 2935 2480 δολερῶς
2966 2412 3167 2480 ἤκουσε
3204 2411 3298 2463 xui
3341 2409 3635 2462 ἐπίστευσε
3668 2424 3684 2439 °
3722 2412 3820 2462 xui.

2240 2502 2416 2566 οὕτως
2446 2504 2525 2567 είς
2563 2503 2723 2573 ἔργον
2758 2502 2919 2573 ὲξέὄη
2952 2502 3010 2556 τὸ
3042 2501 3279 2571 πονηρὸν
3310 2500 3581 2569 βούλημα.

2314 2595 2389 2651 Γ.
2453 2596 2608 2648 Ἐπεὶ
2657 2597 2734 2660 δὲ,
2792 2596 2934 2663 μετά
2974 2594 3071 2664 τὴν
3121 2593 3340 2660 πρᾶξιν,
3393 2592 3541 2648 ὅπως
3584 2587 3818 2656 αἰσχρὸν

2243 2685 2338 2739 xui
2370 2686 2668 2755 ἀσεμνονή
2695 2685 2943 2755 ἁμαρτία
2982 2681 3335 2751 γνωρίζεται,
3368 2679 3573 2748 πικράς
3613 2678 3821 2746 ἔχουσα

2242 2780 2339 2842 τὰς
2362 2779 2555 2841 ἀκίδας
2586 2780 2679 2831 xui
2723 2777 2965 2849 ἰσχυρῶς
2994 2776 3053 2828 τὸ
3093 2776 3336 2837 συνειδὸς
3378 2773 3816 2839 καταξαίνουσα,

2243 2874 2338 2925 xui
2389 2870 2625 2941 μάλιστα
2667 2870 2761 2923 τοῦ
2808 2869 3116 2941 πράξαντος
3164 2870 3360 2937 σεμνὸν
3429 2869 3489 2921 τὸ
3540 2868 3819 2937 προτερον

2248 2964 2679 3034 μεταδιώκοντος
2749 2963 2862 3033 βίον
2926 2966 3021 3017 xui
3084 2962 3372 3032 φιλοσοφίᾳ
3442 2964 3818 3032 προσέχοντος

2243 3056 2479 3123 ἤρξαντο
2534 3055 2629 3105 xui
2682 3054 2820 3119 αὐτὴ
2880 3054 3301 3122 σπαράττεσθαι
3340 3052 3438 3123 τὴν
3488 3054 3669 3122 ψυχὴν
3721 3052 3820 3105 xui

565 3150 892 3219 insipienti-.e
924 3169 1062 3207 meae
1100 3157 1154 3219 ¹;
1189 3173 1206 3203 ι
1237 3164 1291 3209 et
1327 3174 1337 3209 :
1374 3176 1389 3204 ι
1422 3156 1696 3213 Conversa
1746 3176 1865 3214 sum
1908 3160 1963 3211 in
1998 3173 2136 3211 :nru—

2245 3146 2439 3222 πικρὸν
2481 3139 2593 3196 οἷον
2639 3144 2728 3196 τὸν
2762 3144 3066 3214 μετάμελον
3112 3145 3365 3214 δέχεσθαι
3392 3162 3405 3176 ³
3458 3147 3554 3207 Εἰς
3596 3146 3720 3199 οἶσιν
3758 3145 3817 3209 ἐξ

567 3258 768 3307 mnam,
813 3246 940 3301 dum
989 3248 1153 3303 infixa
1184 3258 1269 3303 est
1302 3250 1433 3305 mihi
1462 3253 1639 3321 Spina.
1683 3270 1701 3301 ι
1741 3251 1864 3305 Ηαιο
1925 3250 2138 3306 dicebat

564 3346 618 3387 et
648 3336 1002 3406 lacrymarum
1050 3341 1334 3396 emittebat
1391 3342 1571 3394 fontes
1627 3341 1852 3423 calidos,
1894 3343 1972 3397 sic
2014 3357 2140 3409 pec-

565 3430 669 3481 cati
702 3430 1019 3501 abstergens
1073 3432 1320 3486 faetorem
1375 3444 1430 3488 et
1476 3428 1899 3488 deformitatem.
1927 3435 2139 3502 Conjux

564 3525 744 3573 autem
775 3522 1032 3591 ignorans
1063 3539 1291 3579 causam
1333 3526 1450 3593 ejus
1493 3526 1749 3585 tristitiae.
1777 3526 1959 3577 omnia
1984 3525 2138 3576 dice-

564 3607 656 3659 bat
682 3619 733 3658 et
755 3606 1010 3670 faciebat,
1064 3626 1184 3662 eam
1225 3613 1516 3664 consolans
1546 3620 1600 3663 et
1630 3626 1728 3679 pro
1778 3612 1990 3664 viribus
2016 3626 2137 3664 eam

562 3713 769 3753 conans
825 3716 1092 3754 recreare.
1141 3700 1245 3755 Sed
1293 3701 1401 3765 illa,
1432 3712 1659 3772 peccato
1702 3711 1954 3771 tanquam
2005 3718 2139 3772 quo-

560 3792 686 3845 dam
756 3793 932 3846 ulcere
995 3794 1200 3847 interna
1254 3801 1581 3863 depasccnte
1631 3807 1685 3849 et
1764 3796 2136 3865 cogitationem

564 3895 672 3935 non
696 3883 911 3937 sinente
942 3886 1245 3952 quiescere,
1278 3894 1395 3938 erat
1443 3886 1872 3949 incunsolabilis,
1928 3897 1983 3939 et
2016 3888 2137 3939 nul-

563 3973 665 4027 lam
723 3976 1041 4031 attendebat
1102 3978 1431 4041 orationem,
1496 3994 1615 4045 quae
1664 3991 1786 4031 eam
1838 3984 2136 4030 recrearet.

562 4065 858 4133 Pmpterea
886 4068 1078 4120 statuit
1114 4069 1299 4120 venire
1333 4068 1399 4120 ad
1426 4082 1589 4119 unum
1641 4084 1706 4121 ex
1745 4069 1913 4123 sacris
1949 4085 2135 4124 mona-

563 4157 768 4221 steriis,
811 4157 865 4211 in
901 4174 1010 4227 quo
1073 4160 1176 4230 pia:
1216 4159 1619 4213 exercebantur
1650 4159 1884 4222 feminae,
1947 4171 2003 4215 et
2056 4161 2135 4215 sic

563 4249 743 4316 aliqua
808 4250 1017 4304 ratione
1077 4267 1269 4320 parare
1324 4253 1427 4306 sibi
1489 4254 1938 4307 consolationem.
1996 4252 2133 4307 Cum

562 4354 691 4409 ergo
722 4340 965 4405 abiisset,
1008 4351 1063 4395 et
1113 4342 1232 4409 ejus
1281 4356 1402 4410 qua;
1454 4352 1684 4412 praeerat
1734 4343 1902 4411 pedes
1935 4357 2133 4411 appre-

2240 3237 2356 3296 οῗας
2384 3235 2548 3305 τιμῆς
2574 3235 2671 3305 τὴν
2721 3234 2985 3305 αἰσχύνην
3026 3236 3227 3305 μετέϐη
3269 3236 3281 3289 1
3317 3235 3679 3305 Προσώζεσαν
3721 3235 3818 3285 xui

2240 3329 2524 3394 ὲσάπησαν
2550 3329 2598 3377 oi
2632 3328 2898 3394 μώλωπες
2930 3345 3055 3394 μου,
3083 3328 3340 3392 λέγουσα,
3373 3327 3479 3377 ἀπὸ
3516 3324 3817 3391 προσώπου

2240 3424 2339 3490 τῆς
2366 3420 2681 3490 ἀφροσύνης
2702 3424 2838 3489 μου,
2893 3420 2989 3473 xui
3020 3421 3101 3471 ὅτι
3136 3419 3381 3491 ἐτράφην
3415 3419 3495 3478 είς
3526 3417 3817 3472 ταλαιπω-

2246 3513 2391 3581 ρίαν,
2435 3514 2490 3563 ἐν
2518 3512 2593 3580 τῷ
2622 3511 2943 3582 ἐμπαγῆναι
2977 3530 3062 3580 μοι
3094 3510 3359 3564 ἄκανθαν.
3439 3510 3629 3563 Ταῦτα
3659 3512 3819 3579 ἕλεγὲ

2240 3619 2299 3656 τε
2364 3604 2457 3656 xui
2493 3604 2701 3673 θερμὰς
2734 3602 2990 3674 δακρύων
3021 3604 3174 3673 ἠφίει
3218 3603 3426 3673 πηγὰς,
3481 3603 3543 3655 τὸ
3575 3604 3820 3668 δυσῶδες

2238 3696 2381 3749 οὕτω
2424 3700 2521 3751 xui
2563 3698 2798 3760 ἀκαλλὲς
2845 3699 2944 3767 τῆς
2992 3697 3272 3767 ἁμαρτίας
3333 3698 3819 3767 ἀποκαθαίρουσα.

2260 3780 2318 3834 '0
2349 3784 2532 3850 μέντοι
2572 3784 2842 3847 σύνοίκος,
2870 3786 2967 3855 τὴν
3010 3787 3190 3838 αἰτίαν
3223 3787 3321 3852 τῆς
3350 3786 3820 3857 σκυθρωπότητος

2238 3873 2469 3941 ἀγνοῶν,
2527 3876 2704 3927 πάντα
2755 3891 2817 3927 τε
2875 3876 3030 3942 ἔλεγε
3086 3878 3180 3928 xui
3238 3879 3413 3930 ἐποίει
3470 3884 3819 3951 παρηγορῶν

2238 3967 2423 4037 αὐτὴν,
2469 3969 2561 4021 καὶ
2595 3969 2693 4039 ὅση
2718 3968 2969 4039 δύναμις,
3006 3969 3413 4040 ἀναλαμόάνειν
3441 3974 3814 4041 πειρώμενοςο

2235 4061 2354 4115 ἀλλ’
2387 4062 2573 4132 ἐκείνη
2598 4062 2787 4131 ὥσπερ
2823 4064 2966 4127 τινὸς
2999 4064 3191 4128 ἕλκους
3230 4065 3332 4134 τῆς
3364 4067 3651 4137 ἁμαρτίας
3696 4069 3818 4123 δια-

2237 4155 2576 4223 6οσκομένης
2628 4154 2694 4207 τά
2738 4154 2909 4217 ἔνδον,
2976 4156 3069 4208 xui
3117 4158 3208 4208 τὸν
3252 4156 3513 4223 λογισμὸν
3578 4161 3817 4230 ἠρεμεῖν

2233 4244 2333 4294 οὐκ
2389 4244 2594 4310 ἐώσης,
2628 4245 3017 4313 ἀπαράκλητος
3054 4242 3123 4313 ἦν
3162 4245 3254 4295 xui
3286 4245 3463 4297 οὐδενὶ
3496 4246 3642 4313 λόγῳ
3672 4267 3818 4318 παρ-

2236 4335 2530 4403 ηγοροῦντι
2570 4338 2934 4403 προσέχουσα.
2966 4338 3064 4389 Διά
3093 4334 3265 4387 ταῦτα
3307 4337 3404 4387 xui
3456 4340 3537 4399 εξς
3571 4339 3630 4390 ἓν
3671 4341 3819 4407 ἔγνω

566 4432 868 4495 hendissct.
907 4448 1026 4487 eam
1062 4434 1219 4489 valde
1255 4434 1482 4506 rogabat
1506 4446 1559 4490 et
1593 4434 1835 4505 petebat,
1866 4444 2129 4504 utquam-

2240 4428 2345 4483 τῶν
2386 4427 2547 4499 ίερῶν
2581 4427 2879 4497 ἀφικέσθαι
2912 4427 3363 4499 φροντιστηρίων,
3397 4430 3455 4482 ὲν
3476 4424 3521 4496 ᾧ
3551 4434 3816 4496 γυναῖκες

564 4528 806 4594 primum
864 4526 1154 4579 aﬂerretur
1206 4528 1452 4581 divinum
1519 4527 1889 4596 Evangelium.
1954 4532 2130 4582 Causa

565 4621 747 4665 autem
778 4620 916 4677 erat,
943 4621 1001 4665 ut
1035 4612 1162 4665 hinc
1189 4613 1389 4667 certior
1419 4612 1591 4677 fieret,
1629 4628 1696 4667 an
1726 4613 1870 4682 quod
1902 4630 2133 4683 vespere

564 4702 615 4757 ei
654 4707 857 4757 factum
912 4705 1111 4766 fuerat,
1144 4704 1405 4759 evasisset
1429 4705 1654 4759 evidens
1700 4704 1795 4758 Dei
1848 4705 2038 4760 oculis.
2069 4706 2136 4760 Et

568 4795 721 4865 quid,
754 4796 831 4848 ait
874 4794 923 4849 ei
982 4795 1258 4863 preefecta,
1294 4806 1380 4850 est
1417 4796 1527 4851 Deo
1566 4798 1944 4866 incognitum?
1993 4798 2132 4852 Num

565 4887 714 4941 enini
750 4885 915 4957 (sicut
945 4887 1021 4940 ait
1061 4886 1280 4941 divinus
1320 4888 1486 4941 David
1519 4888 1561 4954 ³)
1598 4890 1689 4962 qui
1742 4889 2007 4957 plantavit
2032 4906 2127 4944 au-

564 4996 678 5034 rem
702 4996 812 5035 non
851 4982 1047 5035 audit?
1092 4994 1187 5035 aut
1223 4982 1314 5050 qui
1352 4981 1506 5036 ﬁnxit
1565 4983 1781 5037 oculum
1833 4998 1945 5037 non
1996 4998 2132 5038 con-

567 5071 793 5136 siderat,
832 5072 918 5125 cui
958 5073 1044 5126 vel
1071 5074 1186 5142 ipse
1215 5076 1423 5142 primus
1470 5083 1526 5129 et
1563 5075 1720 5129 exilis
1751 5075 1931 5130 cordis
1963 5076 2134 5131 nostri

567 5172 751 5216 motus
812 5164 997 5218 evadit
1050 5166 1418 5219 manifestus?
1455 5168 1559 5221 Sed
1597 5168 1643 5221 si
1688 5169 1930 5225 dolorem
1996 5171 2135 5225 nolis

570 5254 769 5311 habere
834 5254 1220 5320 intensiorem,
1282 5258 1417 5312 mihi
1474 5272 1685 5327 expone
1726 5260 1981 5328 quidnam
2042 5263 2134 5329 sit,

568 5346 716 5415 quod
760 5355 911 5400 tuum
945 5347 1160 5401 mordet
1181 5349 1467 5417 animum;
1507 5362 1557 5406 et
1594 5350 1827 5406 fortasse
1849 5354 2004 5409 nobis
2022 5372 2131 5411 non

566 5437 738 5491 deerit
800 5438 1124 5494 remedium.
1182 5439 1278 5494 Illa
1335 5452 1514 5495 autem
1570 5444 1945 5499 recordatione
1995 5448 2131 5514 ejus,

568 5535 715 5597 quod
752 5530 954 5584 factum
1005 5530 1208 5597 fuerat,
1258 5545 1527 5587 commota
1572 5536 1639 5589 ad
1664 5536 1952 5605 lacrymas,
1991 5541 2132 5607 quod

570 5621 638 5673 ab
665 5621 819 5675 initio
846 5622 1093 5691 petierat,
1122 5624 1303 5677 denuo
1332 5619 1715 5691 petiitilhristi
1752 5627 2127 5698 Evangelium.

646 5795 657 5822 ι
692 5794 825 5846 Psal.
858 5809 1057 5855 xxxvii.
1090 5796 1143 5849 6.
1220 5799 1238 5827 ³
1276 5795 1417 5850 Psal.
1449 5810 1590 5860 xxxi,
1624 5797 1673 5849 ι.
1754 5798 1771 5828 ³
1798 5794 1941 5849 Psal.
1978 5812 2126 5861 κοίη,
2155 5798 2206 5851 9.

2235 4522 2502 4590 ἠσκοῦντο
2528 4521 2823 4586 θεοσεϐεῖς,
2850 4525 2947 4577 xui
2980 4520 3128 4577 οὕτω
3160 4523 3362 4591 τρόπον
3392 4523 3517 4576 τινὰ
3548 4524 3816 4593 παραψυ-

2234 4615 2338 4683 χῆς
2399 4616 2571 4684 ἑαυτῇ
2623 4616 3068 4684 μηχανήσασθαι.
3118 4613 3461 4669 Ἀπελθοῦσα
3511 4614 3647 4682 γοῦν
3717 4617 3816 4670 καὶ

2231 4706 2342 4759 τῶν
2373 4705 2471 4775 τῆς
2508 4705 2864 4775 προεστώσης
2894 4705 3171 4774 λαδομένη
3222 4704 3399 4756 ποδῶν
3422 4744 3438 4768 ,
3519 4708 3695 4777 πολλή
3727 4727 3817 4773 τις

2230 4795 2301 4869 ἦν
2350 4799 2578 4870 δεομένη
2621 4800 2847 4867 ταύτης,
2879 4799 2973 4851 xui
3012 4797 3072 4851 τὸ
3108 4798 3251 4851 θεῖον
3286 4798 3622 4867 Εὐαγγέλιον
3669 4817 3816 4872 παρ·

2231 4891 2468 4961 αχθῆναι
2524 4890 2586 4942 τὸ
2635 4889 2800 4960 τάχος
2849 4890 3077 4943 αἰτοῦσα
3109 4906 3122 4919 ·
3174 4889 3266 4944 καὶ
3309 4891 3373 4942 τὸ
3430 4891 3607 4943 αἴτιον
3668 4889 3815 4945 ὥστε

2232 4984 2614 5053 πληροφορίαν
2668 4982 2883 5035 ἐκεῖθεν
2938 4982 3166 5047 λαϐεῖν,
3237 4982 3285 5033 εί
3341 4982 3403 5033 τὸ
3461 4983 3814 5053 διαπραχθὲν

2233 5078 2473 5147 ἑσπέρας
2492 5079 2630 5145 αὐτῇ
2657 5077 2767 5138 τοῖς
2786 5076 2881 5129 τοῦ
2901 5074 3037 5127 Θεοῦ
3056 5074 3213 5143 δῆλον
3236 5077 3457 5144 γέγονεν
3480 5076 3653 5143 ὀφθαλ
3662 5080 3809 5145 μοῖς.

2233 5170 2344 5222 Καὶ
2376 5170 2447 5233 τί,
2490 5170 2652 5237 φησὶν
2701 5172 2734 5238 ἡ
2781 5167 3169 5235 καθηγουμὲνη
3197 5168 3334 5237 πρὸς
3366 5167 3558 5239 αὐτὴν,
3605 5172 3812 5242 ἠγνόη-

2234 5276 2324 5312 ται
2358 5258 2431 5327 τῷ
2486 5258 2645 5328 Sed);
2688 5259 2779 5325 Μὴ
2840 5259 2947 5327 γάρ
2984 5256 3079 5325 (ὠς
3135 5258 3163 5309 ὁ
3216 5256 3356 5318 θεῖος
3402 5256 3507 5328 ἔφη
3552 5258 3741 5329 Δαυῒδ)
3785 5264 3813 5313 ο

2234 5350 2509 5418 φυτεύσας
2561 5352 2619 5403 τὸ
2664 5346 2756 5411 οὖς
2800 5351 2919 5417 οὐχὶ
2974 5349 3202 5413 ἀκούεις
3254 5348 3285 5419 ἢ
3354 5349 3381 5401 ὁ
3452 5351 3672 5413 πλάσας
3715 5355 3810 5405 τὸν

2234 5440 2513 5509 ὀφθαλμὸν
2542 5439 2665 5507 οὐχὶ
2711 5440 3006 5499 κατανοεῖ,
3156 5435 3252 5488 xui
3284 5437 3421 5505 αὑτὴ
3467 5436 3663 5505 πρώτη
3714 5442 3808 5513 xui

2236 5532 2407 5603 λεπτὴ
2471 5533 2684 5601 κίνησις
2736 5533 2835 5601 τῆς
2894 5530 3122 5598 καρδίας
3174 5528 3334 5600 ἡμῶν
3381 5527 3521 5598 δήλη
3568 5530 3809 5596 γίνεται,

2239 5627 2405 5697 πλὴν,
2438 5628 2485 5679 εί
2536 5629 2608 5696 μὴ
2663 5626 2876 5695 μέλλοις
2926 5623 3217 5677 ἐπιτείνειν
3265 5623 3325 5676 τὸ
3373 5621 3642 5693 ἄλγημα,
3683 5623 3808 5693 ἐμοὶ
