  <div class='ocr_page' id='page_1' title='image "/cluster/home/n/w/nwhite01/storage/ocr_20150623/115/ien.35556001659887/344.png"; bbox 0 0 3970 6500; ppageno 0'>
   <div class='ocr_carea' id='block_1_1' title="bbox 181 406 304 468">
    <p class='ocr_par' dir='ltr' id='par_1_1' title="bbox 181 406 304 468">
     <span class='ocr_line' id='line_1_1' title="bbox 181 406 304 468; baseline 0.033 -6"><span class='ocrx_word' id='word_1_1' title='bbox 181 406 304 468; x_wconf 77' lang='grc'><strong>669</strong></span> 
     </span>
    </p>
   </div>
   <div class='ocr_carea' id='block_1_2' title="bbox 1135 398 2512 462">
    <p class='ocr_par' dir='ltr' id='par_1_2' title="bbox 1135 398 2512 462">
     <span class='ocr_line' id='line_1_2' title="bbox 1135 398 2512 462; baseline -0.001 0"><span class='ocrx_word' id='word_1_2' title='bbox 1135 400 1310 462; x_wconf 71' lang='grc' dir='ltr'><strong>ΠΤΑ</strong></span> <span class='ocrx_word' id='word_1_3' title='bbox 1351 400 1412 462; x_wconf 92' lang='lat' dir='ltr'><strong>S.</strong></span> <span class='ocrx_word' id='word_1_4' title='bbox 1450 399 1885 460; x_wconf 74' lang='grc' dir='ltr'><strong>ΤΗΕΟΒΟΒΛΞ</strong></span> <span class='ocrx_word' id='word_1_5' title='bbox 1919 398 2512 460; x_wconf 62' lang='grc' dir='ltr'><strong>ΑιΕΧΑΝΒΗΙΝᾸΕ.</strong></span> 
     </span>
    </p>
   </div>
   <div class='ocr_carea' id='block_1_3' title="bbox 3333 405 3444 469">
    <p class='ocr_par' dir='ltr' id='par_1_3' title="bbox 3333 405 3444 469">
     <span class='ocr_line' id='line_1_3' title="bbox 3333 405 3444 469; baseline 0 -1"><span class='ocrx_word' id='word_1_6' title='bbox 3333 405 3444 469; x_wconf 85' lang='lat'><strong>670</strong></span> 
     </span>
    </p>
   </div>
   <div class='ocr_carea' id='block_1_4' title="bbox 174 497 1757 590">
    <p class='ocr_par' dir='ltr' id='par_1_4' title="bbox 174 516 1757 590">
     <span class='ocr_line' id='line_1_4' title="bbox 174 516 1757 590; baseline 0.001 -19"><span class='ocrx_word' id='word_1_7' title='bbox 174 520 572 590; x_wconf 75' lang='grc' dir='ltr'><strong>προσανάθου,</strong></span> <span class='ocrx_word' id='word_1_8' title='bbox 605 518 660 571; x_wconf 87' lang='grc' dir='ltr'><strong>τί</strong></span> <span class='ocrx_word' id='word_1_9' title='bbox 683 518 746 572; x_wconf 83' lang='grc' dir='ltr'><strong>τδ</strong></span> <span class='ocrx_word' id='word_1_10' title='bbox 772 517 972 571; x_wconf 78' lang='grc' dir='ltr'><strong>δάκνον</strong></span> <span class='ocrx_word' id='word_1_11' title='bbox 1004 533 1098 570; x_wconf 87' lang='grc' dir='ltr'><strong>σου</strong></span> <span class='ocrx_word' id='word_1_12' title='bbox 1130 520 1228 583; x_wconf 76' lang='grc' dir='ltr'><strong>τὴν</strong></span> <span class='ocrx_word' id='word_1_13' title='bbox 1259 516 1474 586; x_wconf 78' lang='grc' dir='ltr'><strong>ψυχὴν,</strong></span> <span class='ocrx_word' id='word_1_14' title='bbox 1507 519 1603 571; x_wconf 73' lang='grc' dir='ltr'>καὶ</span> <span class='ocrx_word' id='word_1_15' title='bbox 1645 518 1757 576; x_wconf 62' lang='grc' dir='ltr'><strong>ἴσως</strong></span> 
     </span>
    </p>
   </div>
   <div class='ocr_carea' id='block_1_5' title="bbox 1859 497 3446 590">
    <p class='ocr_par' dir='ltr' id='par_1_5' title="bbox 1879 515 3446 590">
     <span class='ocr_line' id='line_1_5' title="bbox 1879 515 3446 590; baseline 0.003 -20"><span class='ocrx_word' id='word_1_16' title='bbox 1879 515 2036 581; x_wconf 84' lang='lat' dir='ltr'><strong>Quod</strong></span> <span class='ocrx_word' id='word_1_17' title='bbox 2077 515 2298 585; x_wconf 81' lang='lat' dir='ltr'><strong>quidem</strong></span> <span class='ocrx_word' id='word_1_18' title='bbox 2331 529 2455 571; x_wconf 91' lang='lat' dir='ltr'><strong>cum</strong></span> <span class='ocrx_word' id='word_1_19' title='bbox 2481 517 2716 585; x_wconf 89' lang='lat' dir='ltr'><strong>primum</strong></span> <span class='ocrx_word' id='word_1_20' title='bbox 2746 517 3060 583; x_wconf 83' lang='lat' dir='ltr'><strong>evolvisset,</strong></span> <span class='ocrx_word' id='word_1_21' title='bbox 3096 519 3258 573; x_wconf 80' lang='lat' dir='ltr'><strong>simul</strong></span> <span class='ocrx_word' id='word_1_22' title='bbox 3282 527 3446 590; x_wconf 87' lang='lat' dir='ltr'><strong>atque</strong></span> 
     </span>
    </p>
   </div>
   <div class='ocr_carea' id='block_1_6' title="bbox 163 608 1766 682">
    <p class='ocr_par' dir='ltr' id='par_1_6' title="bbox 163 608 1766 682">
     <span class='ocr_line' id='line_1_6' title="bbox 163 608 1766 682; baseline -0.002 -18"><span class='ocrx_word' id='word_1_23' title='bbox 163 613 274 667; x_wconf 71' lang='grc' dir='ltr'>οὒκ</span> <span class='ocrx_word' id='word_1_24' title='bbox 326 611 690 682; x_wconf 77' lang='grc' dir='ltr'><strong>ἀπορήσομεν</strong></span> <span class='ocrx_word' id='word_1_25' title='bbox 735 609 1056 682; x_wconf 77' lang='grc' dir='ltr'><strong>θεραπείας.</strong></span> <span class='ocrx_word' id='word_1_26' title='bbox 1115 609 1181 660; x_wconf 80' lang='grc' dir='ltr'><strong><em>Ἥ</em></strong></span> <span class='ocrx_word' id='word_1_27' title='bbox 1203 609 1285 671; x_wconf 65' lang='grc' dir='ltr'><strong>δὲ,</strong></span> <span class='ocrx_word' id='word_1_28' title='bbox 1316 612 1380 678; x_wconf 79' lang='grc' dir='ltr'><strong>τῇ</strong></span> <span class='ocrx_word' id='word_1_29' title='bbox 1435 610 1628 681; x_wconf 76' lang='grc' dir='ltr'><strong>μνήμῃ</strong></span> <span class='ocrx_word' id='word_1_30' title='bbox 1672 608 1766 662; x_wconf 87' lang='grc' dir='ltr'><strong>τοῦ</strong></span> 
     </span>
    </p>
   </div>
   <div class='ocr_carea' id='block_1_7' title="bbox 164 703 1768 774">
    <p class='ocr_par' dir='ltr' id='par_1_7' title="bbox 164 703 1768 774">
     <span class='ocr_line' id='line_1_7' title="bbox 164 703 1768 774; baseline 0.007 -18"><span class='ocrx_word' id='word_1_31' title='bbox 164 707 468 774; x_wconf 64' lang='grc' dir='ltr'>γεγονότος</span> <span class='ocrx_word' id='word_1_32' title='bbox 522 705 814 774; x_wconf 82' lang='grc' dir='ltr'><strong>κινηθεῖσα</strong></span> <span class='ocrx_word' id='word_1_33' title='bbox 865 703 1001 774; x_wconf 79' lang='grc' dir='ltr'><strong>πρὸς</strong></span> <span class='ocrx_word' id='word_1_34' title='bbox 1078 703 1314 773; x_wconf 78' lang='grc' dir='ltr'><strong>δάκρυα,</strong></span> <span class='ocrx_word' id='word_1_35' title='bbox 1375 704 1434 756; x_wconf 70' lang='grc' dir='ltr'>τὸ</span> <span class='ocrx_word' id='word_1_36' title='bbox 1485 704 1548 768; x_wconf 66' lang='grc' dir='ltr'><strong>ἐξ</strong></span> <span class='ocrx_word' id='word_1_37' title='bbox 1593 705 1768 774; x_wconf 66' lang='grc' dir='ltr'><strong>ἀρχῆς</strong></span> 
     </span>
    </p>
   </div>
   <div class='ocr_carea' id='block_1_8' title="bbox 164 794 1758 866">
    <p class='ocr_par' dir='ltr' id='par_1_8' title="bbox 164 794 1758 866">
     <span class='ocr_line' id='line_1_8' title="bbox 164 794 1758 866; baseline 0.002 -17"><span class='ocrx_word' id='word_1_38' title='bbox 164 797 412 862; x_wconf 78' lang='grc' dir='ltr'><strong>οίττ,θὲν</strong></span> <span class='ocrx_word' id='word_1_39' title='bbox 440 800 535 851; x_wconf 64' lang='grc' dir='ltr'>καὶ</span> <span class='ocrx_word' id='word_1_40' title='bbox 570 794 724 860; x_wconf 83' lang='grc' dir='ltr'><strong>αὖθις</strong></span> <span class='ocrx_word' id='word_1_41' title='bbox 759 797 940 866; x_wconf 79' lang='grc' dir='ltr'><strong>ἐζήτει</strong></span> <span class='ocrx_word' id='word_1_42' title='bbox 985 797 1080 848; x_wconf 82' lang='grc' dir='ltr'><strong>τοῦ</strong></span> <span class='ocrx_word' id='word_1_43' title='bbox 1130 797 1368 866; x_wconf 72' lang='grc' dir='ltr'><strong>Χριστοῦ</strong></span> <span class='ocrx_word' id='word_1_44' title='bbox 1406 797 1758 866; x_wconf 80' lang='grc' dir='ltr'><strong>Εὑαγγέλιον.</strong></span> 
     </span>
    </p>
   </div>
   <div class='ocr_carea' id='block_1_9' title="bbox 170 888 1769 959">
    <p class='ocr_par' dir='ltr' id='par_1_9' title="bbox 170 888 1769 959">
     <span class='ocr_line' id='line_1_9' title="bbox 170 888 1769 959; baseline 0.001 -16"><span class='ocrx_word' id='word_1_45' title='bbox 170 891 366 959; x_wconf 77' lang='grc' dir='ltr'><strong>Ὅπερ</strong></span> <span class='ocrx_word' id='word_1_46' title='bbox 399 890 562 953; x_wconf 63' lang='lat' dir='ltr'><strong>eleb;</strong></span> <span class='ocrx_word' id='word_1_47' title='bbox 595 891 884 955; x_wconf 83' lang='grc' dir='ltr'><strong>ἀνελίξασα</strong></span> <span class='ocrx_word' id='word_1_48' title='bbox 920 888 1038 958; x_wconf 76' lang='grc' dir='ltr'><strong>ἅμα</strong></span> <span class='ocrx_word' id='word_1_49' title='bbox 1070 891 1132 958; x_wconf 81' lang='grc' dir='ltr'><strong>τῇ</strong></span> <span class='ocrx_word' id='word_1_50' title='bbox 1166 889 1391 959; x_wconf 72' lang='grc' dir='ltr'><strong>ἐπιϐολῇ</strong></span> <span class='ocrx_word' id='word_1_51' title='bbox 1421 890 1531 943; x_wconf 83' lang='grc' dir='ltr'><strong>τῶν</strong></span> <span class='ocrx_word' id='word_1_52' title='bbox 1573 889 1769 957; x_wconf 60' lang='grc' dir='ltr'><strong>ὸςιθαλο</strong></span> 
     </span>
    </p>
   </div>
   <div class='ocr_carea' id='block_1_10' title="bbox 173 975 1762 1050">
    <p class='ocr_par' dir='ltr' id='par_1_10' title="bbox 173 975 1762 1050">
     <span class='ocr_line' id='line_1_10' title="bbox 173 975 1762 1050; baseline 0.002 -19"><span class='ocrx_word' id='word_1_53' title='bbox 173 982 297 1049; x_wconf 77' lang='grc' dir='ltr'><strong>μῶν</strong></span> <span class='ocrx_word' id='word_1_54' title='bbox 321 984 505 1034; x_wconf 84' lang='grc' dir='ltr'><strong>ἐκεῖνο</strong></span> <span class='ocrx_word' id='word_1_55' title='bbox 530 975 686 1046; x_wconf 73' lang='grc' dir='ltr'><strong>εὗρεν</strong></span> <span class='ocrx_word' id='word_1_56' title='bbox 705 981 1044 1048; x_wconf 72' lang='grc' dir='ltr'><strong>ἐγκείμενον,</strong></span> <span class='ocrx_word' id='word_1_57' title='bbox 1070 981 1126 1032; x_wconf 74' lang='grc' dir='ltr'><strong>τὸ</strong></span> <span class='ocrx_word' id='word_1_58' title='bbox 1145 980 1177 1032; x_wconf 77' lang='grc' dir='ltr'><strong>’ὃ</strong></span> <span class='ocrx_word' id='word_1_59' title='bbox 1202 980 1450 1050; x_wconf 81' lang='grc' dir='ltr'><strong>γέγραρα</strong></span> <span class='ocrx_word' id='word_1_60' title='bbox 1483 982 1762 1050; x_wconf 78' lang='grc' dir='ltr'><strong>γέγραφα.</strong></span> 
     </span>
    </p>
   </div>
   <div class='ocr_carea' id='block_1_11' title="bbox 171 1071 1767 1144">
    <p class='ocr_par' dir='ltr' id='par_1_11' title="bbox 171 1071 1767 1144">
     <span class='ocr_line' id='line_1_11' title="bbox 171 1071 1767 1144; baseline -0.001 -18"><span class='ocrx_word' id='word_1_61' title='bbox 171 1077 288 1127; x_wconf 73' lang='grc' dir='ltr'><strong>Καὶ</strong></span> <span class='ocrx_word' id='word_1_62' title='bbox 322 1075 538 1128; x_wconf 76' lang='grc' dir='ltr'>αὐτίκα</span> <span class='ocrx_word' id='word_1_63' title='bbox 569 1073 716 1144; x_wconf 80' lang='grc' dir='ltr'><strong>λύπῃ</strong></span> <span class='ocrx_word' id='word_1_64' title='bbox 753 1072 946 1143; x_wconf 69' lang='grc' dir='ltr'><strong>βαρείᾳ</strong></span> <span class='ocrx_word' id='word_1_65' title='bbox 979 1071 1078 1142; x_wconf 76' lang='grc' dir='ltr'><strong>τὴν</strong></span> <span class='ocrx_word' id='word_1_66' title='bbox 1111 1072 1293 1141; x_wconf 73' lang='grc' dir='ltr'><strong>ψυχὴν</strong></span> <span class='ocrx_word' id='word_1_67' title='bbox 1317 1073 1613 1142; x_wconf 78' lang='grc' dir='ltr'><strong>πληγεῖσα,</strong></span> <span class='ocrx_word' id='word_1_68' title='bbox 1645 1075 1767 1135; x_wconf 83' lang='grc' dir='ltr'><strong>ταῖς</strong></span> 
     </span>
    </p>
   </div>
   <div class='ocr_carea' id='block_1_12' title="bbox 171 1164 1765 1235">
    <p class='ocr_par' dir='ltr' id='par_1_12' title="bbox 171 1164 1765 1235">
     <span class='ocr_line' id='line_1_12' title="bbox 171 1164 1765 1235; baseline 0.014 -20"><span class='ocrx_word' id='word_1_69' title='bbox 171 1167 337 1233; x_wconf 71' lang='grc' dir='ltr'><strong>χερσὶ</strong></span> <span class='ocrx_word' id='word_1_70' title='bbox 367 1184 425 1218; x_wconf 86' lang='grc' dir='ltr'><strong>τε</strong></span> <span class='ocrx_word' id='word_1_71' title='bbox 448 1167 546 1235; x_wconf 77' lang='grc' dir='ltr'><strong>τὴν</strong></span> <span class='ocrx_word' id='word_1_72' title='bbox 565 1165 687 1230; x_wconf 60' lang='grc' dir='ltr'><strong>ὄψιν</strong></span> <span class='ocrx_word' id='word_1_73' title='bbox 707 1164 1016 1228; x_wconf 71' lang='grc' dir='ltr'><strong>πατάξισα.</strong></span> <span class='ocrx_word' id='word_1_74' title='bbox 1051 1165 1189 1219; x_wconf 55' lang='grc' dir='ltr'><strong>Οὐαί</strong></span> <span class='ocrx_word' id='word_1_75' title='bbox 1219 1182 1309 1234; x_wconf 83' lang='grc' dir='ltr'><strong>μοι</strong></span> <span class='ocrx_word' id='word_1_76' title='bbox 1326 1167 1393 1235; x_wconf 65' lang='grc' dir='ltr'><strong>τῇ</strong></span> <span class='ocrx_word' id='word_1_77' title='bbox 1419 1165 1601 1235; x_wconf 67' lang='grc' dir='ltr'><strong>ἀθλίᾳν</strong></span> <span class='ocrx_word' id='word_1_78' title='bbox 1625 1166 1765 1234; x_wconf 70' lang='grc' dir='ltr'>μέγα</span> 
     </span>
    </p>
   </div>
   <div class='ocr_carea' id='block_1_13' title="bbox 172 1256 1764 1329">
    <p class='ocr_par' dir='ltr' id='par_1_13' title="bbox 172 1256 1764 1329">
     <span class='ocr_line' id='line_1_13' title="bbox 172 1256 1764 1329; baseline 0.002 -22"><span class='ocrx_word' id='word_1_79' title='bbox 172 1259 383 1326; x_wconf 65' lang='grc' dir='ltr'><strong>ἐϐόησε</strong></span> <span class='ocrx_word' id='word_1_80' title='bbox 407 1276 421 1290; x_wconf 78' lang='grc' dir='ltr'><strong><em>ο</em></strong></span> <span class='ocrx_word' id='word_1_81' title='bbox 463 1256 566 1327; x_wconf 75' lang='grc' dir='ltr'><strong>φεῦ</strong></span> <span class='ocrx_word' id='word_1_82' title='bbox 600 1259 696 1326; x_wconf 80' lang='grc' dir='ltr'><strong>τῆς</strong></span> <span class='ocrx_word' id='word_1_83' title='bbox 729 1257 960 1326; x_wconf 79' lang='grc' dir='ltr'><strong>πλάνης,</strong></span> <span class='ocrx_word' id='word_1_84' title='bbox 999 1257 1102 1326; x_wconf 75' lang='grc' dir='ltr'><strong>φεῦ</strong></span> <span class='ocrx_word' id='word_1_85' title='bbox 1133 1257 1229 1311; x_wconf 80' lang='grc' dir='ltr'><strong>τοῦ</strong></span> <span class='ocrx_word' id='word_1_86' title='bbox 1257 1258 1610 1329; x_wconf 72' lang='grc' dir='ltr'><strong>τολμήματος</strong></span> <span class='ocrx_word' id='word_1_87' title='bbox 1637 1259 1650 1310; x_wconf 85' lang='lat' dir='ltr'><strong>l</strong></span> <span class='ocrx_word' id='word_1_88' title='bbox 1682 1259 1764 1320; x_wconf 80' lang='grc' dir='ltr'><strong>είς</strong></span> 
     </span>
    </p>
   </div>
   <div class='ocr_carea' id='block_1_14' title="bbox 177 1346 1764 1417">
    <p class='ocr_par' dir='ltr' id='par_1_14' title="bbox 177 1346 1764 1417">
     <span class='ocr_line' id='line_1_14' title="bbox 177 1346 1764 1417; baseline 0.001 -20"><span class='ocrx_word' id='word_1_89' title='bbox 177 1348 291 1413; x_wconf 68' lang='grc' dir='ltr'><strong>γὰρ</strong></span> <span class='ocrx_word' id='word_1_90' title='bbox 347 1348 450 1414; x_wconf 83' lang='grc' dir='ltr'><strong>τὴν</strong></span> <span class='ocrx_word' id='word_1_91' title='bbox 496 1347 590 1398; x_wconf 76' lang='grc' dir='ltr'><strong>τοῦ</strong></span> <span class='ocrx_word' id='word_1_92' title='bbox 645 1346 840 1415; x_wconf 79' lang='grc' dir='ltr'><strong>ἀνδρὸς</strong></span> <span class='ocrx_word' id='word_1_93' title='bbox 887 1346 1150 1417; x_wconf 76' lang='grc' dir='ltr'><strong>ἑξύὸρισα</strong></span> <span class='ocrx_word' id='word_1_94' title='bbox 1199 1348 1407 1416; x_wconf 80' lang='grc' dir='ltr'><strong>κοίτην.</strong></span> <span class='ocrx_word' id='word_1_95' title='bbox 1453 1347 1640 1400; x_wconf 80' lang='grc' dir='ltr'><strong>Ταῦτα</strong></span> <span class='ocrx_word' id='word_1_96' title='bbox 1671 1346 1764 1400; x_wconf 83' lang='grc' dir='ltr'><strong>λέ-</strong></span> 
     </span>
    </p>
   </div>
   <div class='ocr_carea' id='block_1_15' title="bbox 178 1439 1762 1510">
    <p class='ocr_par' dir='ltr' id='par_1_15' title="bbox 178 1439 1762 1510">
     <span class='ocr_line' id='line_1_15' title="bbox 178 1439 1762 1510; baseline 0.002 -21"><span class='ocrx_word' id='word_1_97' title='bbox 178 1455 389 1503; x_wconf 75' lang='grc' dir='ltr'><strong>γουσα,</strong></span> <span class='ocrx_word' id='word_1_98' title='bbox 423 1439 520 1493; x_wconf 76' lang='grc' dir='ltr'>καὶ</span> <span class='ocrx_word' id='word_1_99' title='bbox 573 1439 888 1510; x_wconf 82' lang='grc' dir='ltr'><strong>συγχύσεως</strong></span> <span class='ocrx_word' id='word_1_100' title='bbox 931 1441 1032 1509; x_wconf 76' lang='grc' dir='ltr'><strong>μὲν</strong></span> <span class='ocrx_word' id='word_1_101' title='bbox 1065 1441 1162 1509; x_wconf 83' lang='grc' dir='ltr'><strong>τὴν</strong></span> <span class='ocrx_word' id='word_1_102' title='bbox 1201 1440 1433 1510; x_wconf 78' lang='grc' dir='ltr'><strong>καρδίαν</strong></span> <span class='ocrx_word' id='word_1_103' title='bbox 1461 1481 1476 1505; x_wconf 95' lang='grc'>,</span> <span class='ocrx_word' id='word_1_104' title='bbox 1508 1439 1762 1509; x_wconf 76' lang='grc' dir='ltr'><strong>δακρύων</strong></span> 
     </span>
    </p>
   </div>
   <div class='ocr_carea' id='block_1_16' title="bbox 173 1532 1762 1604">
    <p class='ocr_par' dir='ltr' id='par_1_16' title="bbox 173 1532 1762 1604">
     <span class='ocr_line' id='line_1_16' title="bbox 173 1532 1762 1604; baseline 0.003 -22"><span class='ocrx_word' id='word_1_105' title='bbox 173 1533 229 1584; x_wconf 76' lang='grc' dir='ltr'><strong>δὲ</strong></span> <span class='ocrx_word' id='word_1_106' title='bbox 281 1532 576 1602; x_wconf 73' lang='grc' dir='ltr'><strong>πληροῦσα</strong></span> <span class='ocrx_word' id='word_1_107' title='bbox 625 1535 685 1585; x_wconf 75' lang='grc' dir='ltr'><strong>τὸ</strong></span> <span class='ocrx_word' id='word_1_108' title='bbox 739 1535 958 1604; x_wconf 77' lang='grc' dir='ltr'><strong>ἔδαφος,</strong></span> <span class='ocrx_word' id='word_1_109' title='bbox 995 1534 1092 1588; x_wconf 75' lang='grc' dir='ltr'><strong>καὶ</strong></span> <span class='ocrx_word' id='word_1_110' title='bbox 1143 1534 1279 1604; x_wconf 70' lang='grc' dir='ltr'><strong>μηδὲ</strong></span> <span class='ocrx_word' id='word_1_111' title='bbox 1322 1534 1385 1586; x_wconf 84' lang='grc' dir='ltr'><strong>τὸ</strong></span> <span class='ocrx_word' id='word_1_112' title='bbox 1413 1534 1567 1603; x_wconf 68' lang='grc' dir='ltr'><strong>ὄμμα</strong></span> <span class='ocrx_word' id='word_1_113' title='bbox 1624 1534 1762 1603; x_wconf 76' lang='grc' dir='ltr'><strong>πρὸς</strong></span> 
     </span>
    </p>
   </div>
   <div class='ocr_carea' id='block_1_17' title="bbox 172 1626 1762 1698">
    <p class='ocr_par' dir='ltr' id='par_1_17' title="bbox 172 1626 1762 1698">
     <span class='ocr_line' id='line_1_17' title="bbox 172 1626 1762 1698; baseline 0.003 -23"><span class='ocrx_word' id='word_1_114' title='bbox 172 1626 453 1696; x_wconf 73' lang='grc' dir='ltr'><strong>οὐρανοὺς</strong></span> <span class='ocrx_word' id='word_1_115' title='bbox 483 1628 664 1697; x_wconf 69' lang='grc' dir='ltr'><strong>αἴρειν</strong></span> <span class='ocrx_word' id='word_1_116' title='bbox 717 1628 997 1698; x_wconf 84' lang='grc' dir='ltr'><strong>τολμῶσα,</strong></span> <span class='ocrx_word' id='word_1_117' title='bbox 1031 1627 1168 1680; x_wconf 85' lang='grc' dir='ltr'><strong>ἀλλά</strong></span> <span class='ocrx_word' id='word_1_118' title='bbox 1197 1629 1292 1681; x_wconf 81' lang='grc' dir='ltr'>καὶ</span> <span class='ocrx_word' id='word_1_119' title='bbox 1335 1628 1530 1680; x_wconf 87' lang='grc' dir='ltr'><strong>τούτου</strong></span> <span class='ocrx_word' id='word_1_120' title='bbox 1569 1629 1762 1697; x_wconf 79' lang='grc' dir='ltr'><strong>ἀπείρ-</strong></span> 
     </span>
    </p>
   </div>
   <div class='ocr_carea' id='block_1_18' title="bbox 1874 607 3444 682">
    <p class='ocr_par' dir='ltr' id='par_1_18' title="bbox 1874 607 3444 682">
     <span class='ocr_line' id='line_1_18' title="bbox 1874 607 3444 682; baseline 0.004 -22"><span class='ocrx_word' id='word_1_121' title='bbox 1874 607 2064 675; x_wconf 85' lang='lat' dir='ltr'><strong>injecit</strong></span> <span class='ocrx_word' id='word_1_122' title='bbox 2091 607 2301 670; x_wconf 87' lang='lat' dir='ltr'><strong>oculos,</strong></span> <span class='ocrx_word' id='word_1_123' title='bbox 2334 607 2692 662; x_wconf 87' lang='lat' dir='ltr'><strong>invenitillud</strong></span> <span class='ocrx_word' id='word_1_124' title='bbox 2713 609 2976 679; x_wconf 91' lang='lat' dir='ltr'><strong>scriptum</strong></span> <span class='ocrx_word' id='word_1_125' title='bbox 3013 609 3206 676; x_wconf 88' lang='lat' dir='ltr'><strong>:Quod</strong></span> <span class='ocrx_word' id='word_1_126' title='bbox 3221 613 3444 682; x_wconf 79' lang='lat' dir='ltr'><strong>scripsi,</strong></span> 
     </span>
    </p>
   </div>
   <div class='ocr_carea' id='block_1_19' title="bbox 1871 697 3439 768">
    <p class='ocr_par' dir='ltr' id='par_1_19' title="bbox 1871 697 3439 768">
     <span class='ocr_line' id='line_1_19' title="bbox 1871 697 3439 768; baseline 0.005 -18"><span class='ocrx_word' id='word_1_127' title='bbox 1871 697 2066 767; x_wconf 87' lang='lat' dir='ltr'><strong>scripsi</strong></span> <span class='ocrx_word' id='word_1_128' title='bbox 2102 698 2146 753; x_wconf 72' lang='grc'><strong>⁸.</strong></span> <span class='ocrx_word' id='word_1_129' title='bbox 2192 716 2210 750; x_wconf 77' lang='grc' dir='ltr'><strong>ι</strong></span> <span class='ocrx_word' id='word_1_130' title='bbox 2250 698 2317 753; x_wconf 83' lang='lat' dir='ltr'><strong>Et</strong></span> <span class='ocrx_word' id='word_1_131' title='bbox 2367 698 2528 752; x_wconf 89' lang='lat' dir='ltr'><strong>simul</strong></span> <span class='ocrx_word' id='word_1_132' title='bbox 2568 700 2718 768; x_wconf 73' lang='lat' dir='ltr'><strong>gravi</strong></span> <span class='ocrx_word' id='word_1_133' title='bbox 2753 700 2920 754; x_wconf 90' lang='lat' dir='ltr'><strong>animi</strong></span> <span class='ocrx_word' id='word_1_134' title='bbox 2948 701 3137 756; x_wconf 90' lang='lat' dir='ltr'><strong>dolore</strong></span> <span class='ocrx_word' id='word_1_135' title='bbox 3168 705 3439 768; x_wconf 83' lang='lat' dir='ltr'><strong>sauciata,</strong></span> 
     </span>
    </p>
   </div>
   <div class='ocr_carea' id='block_1_20' title="bbox 1869 788 3444 860">
    <p class='ocr_par' dir='ltr' id='par_1_20' title="bbox 1869 788 3444 860">
     <span class='ocr_line' id='line_1_20' title="bbox 1869 788 3444 860; baseline 0.005 -18"><span class='ocrx_word' id='word_1_136' title='bbox 1869 798 1927 842; x_wconf 90' lang='lat' dir='ltr'><strong>ct</strong></span> <span class='ocrx_word' id='word_1_137' title='bbox 1956 788 2206 844; x_wconf 89' lang='lat' dir='ltr'><strong>manibus</strong></span> <span class='ocrx_word' id='word_1_138' title='bbox 2235 806 2392 844; x_wconf 86' lang='lat' dir='ltr'><strong>suam</strong></span> <span class='ocrx_word' id='word_1_139' title='bbox 2438 791 2662 860; x_wconf 82' lang='lat' dir='ltr'><strong>pulsans</strong></span> <span class='ocrx_word' id='word_1_140' title='bbox 2697 791 2889 847; x_wconf 88' lang='lat' dir='ltr'><strong>faciem</strong></span> <span class='ocrx_word' id='word_1_141' title='bbox 2925 811 2938 847; x_wconf 92' lang='lat'>:</span> <span class='ocrx_word' id='word_1_142' title='bbox 2970 793 3069 848; x_wconf 88' lang='lat' dir='ltr'><strong>Hei</strong></span> <span class='ocrx_word' id='word_1_143' title='bbox 3105 796 3236 849; x_wconf 89' lang='lat' dir='ltr'><strong>mihi</strong></span> <span class='ocrx_word' id='word_1_144' title='bbox 3278 795 3444 850; x_wconf 89' lang='lat' dir='ltr'><strong>mise-</strong></span> 
     </span>
    </p>
   </div>
   <div class='ocr_carea' id='block_1_21' title="bbox 1871 883 3439 952">
    <p class='ocr_par' dir='ltr' id='par_1_21' title="bbox 1871 883 3439 952">
     <span class='ocr_line' id='line_1_21' title="bbox 1871 883 3439 952; baseline 0.005 -18"><span class='ocrx_word' id='word_1_145' title='bbox 1871 896 1967 946; x_wconf 83' lang='lat' dir='ltr'><strong>rae,</strong></span> <span class='ocrx_word' id='word_1_146' title='bbox 1995 897 2188 952; x_wconf 79' lang='lat' dir='ltr'><strong>magna</strong></span> <span class='ocrx_word' id='word_1_147' title='bbox 2216 897 2352 936; x_wconf 84' lang='lat' dir='ltr'><strong>voce</strong></span> <span class='ocrx_word' id='word_1_148' title='bbox 2387 883 2706 937; x_wconf 80' lang='lat' dir='ltr'><strong>exclamavit</strong></span> <span class='ocrx_word' id='word_1_149' title='bbox 2742 902 2756 952; x_wconf 88' lang='lat'>;</span> <span class='ocrx_word' id='word_1_150' title='bbox 2817 901 2849 939; x_wconf 90' lang='grc' dir='ltr'><strong>ο</strong></span> <span class='ocrx_word' id='word_1_151' title='bbox 2897 902 3162 948; x_wconf 88' lang='lat' dir='ltr'><strong>errorem,</strong></span> <span class='ocrx_word' id='word_1_152' title='bbox 3195 902 3227 939; x_wconf 88' lang='grc' dir='ltr'><strong>ο</strong></span> <span class='ocrx_word' id='word_1_153' title='bbox 3261 888 3439 942; x_wconf 83' lang='lat' dir='ltr'><strong>audax</strong></span> 
     </span>
    </p>
   </div>
   <div class='ocr_carea' id='block_1_22' title="bbox 1867 972 3439 1043">
    <p class='ocr_par' dir='ltr' id='par_1_22' title="bbox 1867 972 3439 1043">
     <span class='ocr_line' id='line_1_22' title="bbox 1867 972 3439 1043; baseline 0.005 -18"><span class='ocrx_word' id='word_1_154' title='bbox 1867 972 2117 1028; x_wconf 84' lang='lat' dir='ltr'><strong>facinusl</strong></span> <span class='ocrx_word' id='word_1_155' title='bbox 2163 974 2360 1028; x_wconf 77' lang='lat' dir='ltr'><strong>violavi</strong></span> <span class='ocrx_word' id='word_1_156' title='bbox 2413 975 2513 1029; x_wconf 81' lang='lat' dir='ltr'><strong>viri</strong></span> <span class='ocrx_word' id='word_1_157' title='bbox 2555 975 2752 1029; x_wconf 83' lang='lat' dir='ltr'><strong>cubile.</strong></span> <span class='ocrx_word' id='word_1_158' title='bbox 2812 976 2939 1031; x_wconf 66' lang='lat' dir='ltr'><strong>llaec</strong></span> <span class='ocrx_word' id='word_1_159' title='bbox 2990 978 3204 1043; x_wconf 90' lang='lat' dir='ltr'><strong>dicens,</strong></span> <span class='ocrx_word' id='word_1_160' title='bbox 3247 989 3302 1033; x_wconf 91' lang='lat' dir='ltr'><strong>et</strong></span> <span class='ocrx_word' id='word_1_161' title='bbox 3347 995 3439 1034; x_wconf 79' lang='lat' dir='ltr'><strong>eor</strong></span> 
     </span>
    </p>
   </div>
   <div class='ocr_carea' id='block_1_23' title="bbox 1867 1063 3434 1140">
    <p class='ocr_par' dir='ltr' id='par_1_23' title="bbox 1867 1063 3434 1140">
     <span class='ocr_line' id='line_1_23' title="bbox 1867 1063 3434 1140; baseline 0.006 -25"><span class='ocrx_word' id='word_1_162' title='bbox 1867 1063 2088 1131; x_wconf 90' lang='lat' dir='ltr'><strong>quidem</strong></span> <span class='ocrx_word' id='word_1_163' title='bbox 2127 1065 2472 1128; x_wconf 83' lang='lat' dir='ltr'><strong>confusione,</strong></span> <span class='ocrx_word' id='word_1_164' title='bbox 2509 1067 2684 1120; x_wconf 83' lang='lat' dir='ltr'><strong>solum</strong></span> <span class='ocrx_word' id='word_1_165' title='bbox 2709 1077 2889 1122; x_wconf 90' lang='lat' dir='ltr'><strong>autem</strong></span> <span class='ocrx_word' id='word_1_166' title='bbox 2921 1069 3138 1139; x_wconf 88' lang='lat' dir='ltr'><strong>replens</strong></span> <span class='ocrx_word' id='word_1_167' title='bbox 3161 1071 3434 1140; x_wconf 81' lang='lat' dir='ltr'><strong>lacrymls,</strong></span> 
     </span>
    </p>
   </div>
   <div class='ocr_carea' id='block_1_24' title="bbox 1864 1155 3437 1226">
    <p class='ocr_par' dir='ltr' id='par_1_24' title="bbox 1864 1155 3437 1226">
     <span class='ocr_line' id='line_1_24' title="bbox 1864 1155 3437 1226; baseline 0.004 -18"><span class='ocrx_word' id='word_1_168' title='bbox 1864 1164 2056 1210; x_wconf 90' lang='lat' dir='ltr'><strong>etnec</strong></span> <span class='ocrx_word' id='word_1_169' title='bbox 2103 1155 2170 1210; x_wconf 89' lang='lat' dir='ltr'><strong>ad</strong></span> <span class='ocrx_word' id='word_1_170' title='bbox 2211 1157 2407 1210; x_wconf 74' lang='lat' dir='ltr'><strong>etnlum</strong></span> <span class='ocrx_word' id='word_1_171' title='bbox 2446 1158 2666 1226; x_wconf 83' lang='lat' dir='ltr'><strong>quidem</strong></span> <span class='ocrx_word' id='word_1_172' title='bbox 2702 1162 2909 1215; x_wconf 86' lang='lat' dir='ltr'><strong>audens</strong></span> <span class='ocrx_word' id='word_1_173' title='bbox 2955 1162 3142 1215; x_wconf 81' lang='lat' dir='ltr'><strong>oculos</strong></span> <span class='ocrx_word' id='word_1_174' title='bbox 3167 1162 3437 1225; x_wconf 82' lang='lat' dir='ltr'><strong>attollere,</strong></span> 
     </span>
    </p>
   </div>
   <div class='ocr_carea' id='block_1_25' title="bbox 1863 1244 3437 1319">
    <p class='ocr_par' dir='ltr' id='par_1_25' title="bbox 1863 1244 3437 1319">
     <span class='ocr_line' id='line_1_25' title="bbox 1863 1244 3437 1319; baseline 0.003 -21"><span class='ocrx_word' id='word_1_175' title='bbox 1863 1244 1961 1298; x_wconf 87' lang='lat' dir='ltr'><strong>sed</strong></span> <span class='ocrx_word' id='word_1_176' title='bbox 1990 1247 2156 1298; x_wconf 89' lang='lat' dir='ltr'><strong>etiam</strong></span> <span class='ocrx_word' id='word_1_177' title='bbox 2182 1245 2249 1299; x_wconf 86' lang='lat' dir='ltr'><strong>ab</strong></span> <span class='ocrx_word' id='word_1_178' title='bbox 2275 1246 2376 1300; x_wconf 89' lang='lat' dir='ltr'><strong>hoc</strong></span> <span class='ocrx_word' id='word_1_179' title='bbox 2417 1247 2605 1301; x_wconf 86' lang='lat' dir='ltr'><strong>dicens</strong></span> <span class='ocrx_word' id='word_1_180' title='bbox 2629 1263 2688 1300; x_wconf 90' lang='lat' dir='ltr'><strong>se</strong></span> <span class='ocrx_word' id='word_1_181' title='bbox 2726 1251 2923 1312; x_wconf 84' lang='lat' dir='ltr'><strong>arceri,</strong></span> <span class='ocrx_word' id='word_1_182' title='bbox 2956 1259 3017 1303; x_wconf 90' lang='lat' dir='ltr'><strong>ut</strong></span> <span class='ocrx_word' id='word_1_183' title='bbox 3064 1265 3182 1319; x_wconf 65' lang='lat' dir='ltr'><strong>qua:</strong></span> <span class='ocrx_word' id='word_1_184' title='bbox 3223 1249 3437 1302; x_wconf 80' lang='lat' dir='ltr'><strong>nefario</strong></span> 
     </span>
    </p>
   </div>
   <div class='ocr_carea' id='block_1_26' title="bbox 1869 1335 3439 1410">
    <p class='ocr_par' dir='ltr' id='par_1_26' title="bbox 1869 1335 3439 1410">
     <span class='ocr_line' id='line_1_26' title="bbox 1869 1335 3439 1410; baseline 0.004 -21"><span class='ocrx_word' id='word_1_185' title='bbox 1869 1349 1966 1389; x_wconf 90' lang='lat' dir='ltr'><strong>suo</strong></span> <span class='ocrx_word' id='word_1_186' title='bbox 1997 1335 2201 1406; x_wconf 81' lang='lat' dir='ltr'><strong>ﬂagitio</strong></span> <span class='ocrx_word' id='word_1_187' title='bbox 2237 1337 2412 1406; x_wconf 76' lang='lat' dir='ltr'><strong>ipsum</strong></span> <span class='ocrx_word' id='word_1_188' title='bbox 2461 1339 2620 1393; x_wconf 90' lang='lat' dir='ltr'><strong>etiam</strong></span> <span class='ocrx_word' id='word_1_189' title='bbox 2686 1356 2866 1394; x_wconf 89' lang='lat' dir='ltr'><strong>acrem</strong></span> <span class='ocrx_word' id='word_1_190' title='bbox 2921 1342 3192 1410; x_wconf 87' lang='lat' dir='ltr'><strong>polluerit,</strong></span> <span class='ocrx_word' id='word_1_191' title='bbox 3249 1342 3439 1396; x_wconf 89' lang='lat' dir='ltr'><strong>statuit</strong></span> 
     </span>
    </p>
   </div>
   <div class='ocr_carea' id='block_1_27' title="bbox 1869 1424 3438 1498">
    <p class='ocr_par' dir='ltr' id='par_1_27' title="bbox 1869 1424 3438 1498">
     <span class='ocr_line' id='line_1_27' title="bbox 1869 1424 3438 1498; baseline 0.005 -19"><span class='ocrx_word' id='word_1_192' title='bbox 1869 1424 2257 1494; x_wconf 74' lang='lat' dir='ltr'><strong>deincepsnon</strong></span> <span class='ocrx_word' id='word_1_193' title='bbox 2283 1430 2522 1498; x_wconf 87' lang='lat' dir='ltr'><strong>amplius</strong></span> <span class='ocrx_word' id='word_1_194' title='bbox 2569 1446 2793 1484; x_wconf 87' lang='lat' dir='ltr'><strong>manere</strong></span> <span class='ocrx_word' id='word_1_195' title='bbox 2833 1431 2887 1484; x_wconf 89' lang='lat' dir='ltr'><strong>in</strong></span> <span class='ocrx_word' id='word_1_196' title='bbox 2921 1433 3148 1497; x_wconf 80' lang='lat' dir='ltr'><strong>mundo,</strong></span> <span class='ocrx_word' id='word_1_197' title='bbox 3181 1442 3234 1486; x_wconf 80' lang='lat' dir='ltr'><strong>et</strong></span> <span class='ocrx_word' id='word_1_198' title='bbox 3268 1433 3320 1485; x_wconf 89' lang='lat' dir='ltr'><strong>in</strong></span> <span class='ocrx_word' id='word_1_199' title='bbox 3373 1434 3438 1487; x_wconf 87' lang='lat' dir='ltr'><strong>iis</strong></span> 
     </span>
    </p>
   </div>
   <div class='ocr_carea' id='block_1_28' title="bbox 1871 1519 3442 1594">
    <p class='ocr_par' dir='ltr' id='par_1_28' title="bbox 1871 1519 3442 1594">
     <span class='ocr_line' id='line_1_28' title="bbox 1871 1519 3442 1594; baseline 0.007 -28"><span class='ocrx_word' id='word_1_200' title='bbox 1871 1531 1994 1586; x_wconf 75' lang='lat' dir='ltr'><strong>quae</strong></span> <span class='ocrx_word' id='word_1_201' title='bbox 2025 1523 2156 1570; x_wconf 76' lang='lat' dir='ltr'><strong>sunt</strong></span> <span class='ocrx_word' id='word_1_202' title='bbox 2184 1519 2395 1582; x_wconf 90' lang='lat' dir='ltr'><strong>mundi,</strong></span> <span class='ocrx_word' id='word_1_203' title='bbox 2426 1519 2518 1573; x_wconf 89' lang='lat' dir='ltr'><strong>sed</strong></span> <span class='ocrx_word' id='word_1_204' title='bbox 2546 1522 2970 1587; x_wconf 78' lang='lat' dir='ltr'><strong>sapientissimis</strong></span> <span class='ocrx_word' id='word_1_205' title='bbox 2998 1524 3249 1594; x_wconf 78' lang='lat' dir='ltr'><strong>cogitatis</strong></span> <span class='ocrx_word' id='word_1_206' title='bbox 3309 1538 3442 1592; x_wconf 87' lang='lat' dir='ltr'><strong>sup-</strong></span> 
     </span>
    </p>
   </div>
   <div class='ocr_carea' id='block_1_29' title="bbox 1871 1606 2706 1681">
    <p class='ocr_par' dir='ltr' id='par_1_29' title="bbox 1871 1606 2706 1681">
     <span class='ocr_line' id='line_1_29' title="bbox 1871 1606 2706 1681; baseline 0.01 -23"><span class='ocrx_word' id='word_1_207' title='bbox 1871 1606 2114 1676; x_wconf 84' lang='lat' dir='ltr'><strong>plantare</strong></span> <span class='ocrx_word' id='word_1_208' title='bbox 2137 1624 2261 1662; x_wconf 90' lang='lat' dir='ltr'><strong>eum</strong></span> <span class='ocrx_word' id='word_1_209' title='bbox 2283 1611 2372 1679; x_wconf 91' lang='lat' dir='ltr'><strong>qui</strong></span> <span class='ocrx_word' id='word_1_210' title='bbox 2397 1611 2706 1681; x_wconf 86' lang='lat' dir='ltr'><strong>deceperat.</strong></span> 
     </span>
    </p>
   </div>
   <div class='ocr_carea' id='block_1_30' title="bbox 175 1718 3438 1802">
    <p class='ocr_par' dir='ltr' id='par_1_30' title="bbox 175 1718 3438 1802">
     <span class='ocr_line' id='line_1_30' title="bbox 175 1718 3438 1802; baseline 0.005 -33"><span class='ocrx_word' id='word_1_211' title='bbox 175 1718 381 1783; x_wconf 70' lang='grc' dir='ltr'><strong>γεσθαι</strong></span> <span class='ocrx_word' id='word_1_212' title='bbox 421 1718 678 1787; x_wconf 77' lang='grc' dir='ltr'><strong>λέγουσα,</strong></span> <span class='ocrx_word' id='word_1_213' title='bbox 727 1720 804 1783; x_wconf 86' lang='grc' dir='ltr'><strong>ὼς</strong></span> <span class='ocrx_word' id='word_1_214' title='bbox 855 1723 948 1774; x_wconf 69' lang='grc' dir='ltr'>καὶ</span> <span class='ocrx_word' id='word_1_215' title='bbox 998 1720 1077 1788; x_wconf 88' lang='grc' dir='ltr'><strong>τῷ</strong></span> <span class='ocrx_word' id='word_1_216' title='bbox 1121 1721 1243 1790; x_wconf 79' lang='grc' dir='ltr'><strong>ἀέρι</strong></span> <span class='ocrx_word' id='word_1_217' title='bbox 1316 1721 1591 1789; x_wconf 76' lang='grc' dir='ltr'><strong>μολυσμὸν</strong></span> <span class='ocrx_word' id='word_1_218' title='bbox 1649 1720 1814 1773; x_wconf 75' lang='grc' dir='ltr'><strong>δοῦσα</strong></span> <span class='ocrx_word' id='word_1_219' title='bbox 1846 1724 1910 1789; x_wconf 75' lang='grc' dir='ltr'><strong>τῇ</strong></span> <span class='ocrx_word' id='word_1_220' title='bbox 1965 1723 2165 1792; x_wconf 74' lang='grc' dir='ltr'><strong>ἀτοπίᾳ</strong></span> <span class='ocrx_word' id='word_1_221' title='bbox 2226 1724 2320 1778; x_wconf 80' lang='grc' dir='ltr'><strong>τοῦ</strong></span> <span class='ocrx_word' id='word_1_222' title='bbox 2373 1728 2806 1796; x_wconf 76' lang='grc' dir='ltr'><strong>ἐγχειρήματος,</strong></span> <span class='ocrx_word' id='word_1_223' title='bbox 2859 1729 2934 1801; x_wconf 82' lang='grc' dir='ltr'><strong>μὴ</strong></span> <span class='ocrx_word' id='word_1_224' title='bbox 2975 1731 3294 1802; x_wconf 78' lang='grc' dir='ltr'><strong>προσθεῖναι</strong></span> <span class='ocrx_word' id='word_1_225' title='bbox 3344 1731 3438 1785; x_wconf 70' lang='grc' dir='ltr'><strong>τὸν</strong></span> 
     </span>
    </p>
   </div>
   <div class='ocr_carea' id='block_1_31' title="bbox 175 1813 3436 1899">
    <p class='ocr_par' dir='ltr' id='par_1_31' title="bbox 175 1813 3436 1899">
     <span class='ocr_line' id='line_1_31' title="bbox 175 1813 3436 1899; baseline 0.006 -37"><span class='ocrx_word' id='word_1_226' title='bbox 175 1813 375 1866; x_wconf 70' lang='grc' dir='ltr'><strong>λοιπὸν</strong></span> <span class='ocrx_word' id='word_1_227' title='bbox 421 1815 564 1880; x_wconf 80' lang='grc' dir='ltr'>ἔγνω</span> <span class='ocrx_word' id='word_1_228' title='bbox 604 1817 798 1883; x_wconf 74' lang='grc' dir='ltr'><strong>κόσμῳ</strong></span> <span class='ocrx_word' id='word_1_229' title='bbox 832 1817 1161 1882; x_wconf 75' lang='grc' dir='ltr'><strong>προσμεῖναι</strong></span> <span class='ocrx_word' id='word_1_230' title='bbox 1193 1815 1432 1876; x_wconf 75' lang='grc' dir='ltr'><strong>καὶτοῖς</strong></span> <span class='ocrx_word' id='word_1_231' title='bbox 1484 1817 1541 1867; x_wconf 81' lang='grc' dir='ltr'><strong>ὲν</strong></span> <span class='ocrx_word' id='word_1_232' title='bbox 1597 1813 1996 1884; x_wconf 72' lang='grc' dir='ltr'><strong>κόσμῳ,’άλλά</strong></span> <span class='ocrx_word' id='word_1_233' title='bbox 2030 1819 2372 1887; x_wconf 71' lang='grc' dir='ltr'><strong>σοφωτάταις</strong></span> <span class='ocrx_word' id='word_1_234' title='bbox 2417 1823 2691 1886; x_wconf 73' lang='grc' dir='ltr'><strong>ἐπινοίαις</strong></span> <span class='ocrx_word' id='word_1_235' title='bbox 2754 1828 3046 1895; x_wconf 82' lang='grc' dir='ltr'><strong>πτερνίσαι</strong></span> <span class='ocrx_word' id='word_1_236' title='bbox 3087 1827 3179 1880; x_wconf 77' lang='grc' dir='ltr'><strong>τὸν</strong></span> <span class='ocrx_word' id='word_1_237' title='bbox 3217 1828 3436 1899; x_wconf 77' lang='grc' dir='ltr'><strong>ἀπα.τή-</strong></span> 
     </span>
    </p>
   </div>
   <div class='ocr_carea' id='block_1_32' title="bbox 177 1922 380 1957">
    <p class='ocr_par' dir='ltr' id='par_1_32' title="bbox 177 1922 380 1957">
     <span class='ocr_line' id='line_1_32' title="bbox 177 1922 380 1957; baseline 0 0"><span class='ocrx_word' id='word_1_238' title='bbox 177 1922 380 1957; x_wconf 73' lang='grc' dir='ltr'><strong>σαντα.</strong></span> 
     </span>
    </p>
   </div>
   <div class='ocr_carea' id='block_1_33' title="bbox 248 1993 1838 2070">
    <p class='ocr_par' dir='ltr' id='par_1_33' title="bbox 248 1993 1838 2070">
     <span class='ocr_line' id='line_1_33' title="bbox 248 1993 1838 2070; baseline 0.004 -24"><span class='ocrx_word' id='word_1_239' title='bbox 248 1994 326 2049; x_wconf 86' lang='grc' dir='ltr'><strong>Δ⁸.</strong></span> <span class='ocrx_word' id='word_1_240' title='bbox 354 1993 469 2047; x_wconf 77' lang='grc' dir='ltr'><strong>Καὶ</strong></span> <span class='ocrx_word' id='word_1_241' title='bbox 491 1993 735 2065; x_wconf 85' lang='grc' dir='ltr'><strong>ἀνδρεῖον</strong></span> <span class='ocrx_word' id='word_1_242' title='bbox 761 1994 961 2050; x_wconf 80' lang='grc' dir='ltr'><strong>αὐτίκα</strong></span> <span class='ocrx_word' id='word_1_243' title='bbox 999 1995 1187 2067; x_wconf 80' lang='grc' dir='ltr'><strong>σχῆμα</strong></span> <span class='ocrx_word' id='word_1_244' title='bbox 1213 1999 1548 2070; x_wconf 71' lang='grc' dir='ltr'><strong>περιθεμένη</strong></span> <span class='ocrx_word' id='word_1_245' title='bbox 1567 2040 1580 2060; x_wconf 87' lang='grc'><strong>,</strong></span> <span class='ocrx_word' id='word_1_246' title='bbox 1612 1999 1764 2053; x_wconf 76' lang='grc' dir='ltr'><strong>ὡσάν</strong></span> <span class='ocrx_word' id='word_1_247' title='bbox 1799 2006 1838 2061; x_wconf 82' lang='grc' dir='ltr'><strong><em>Β</em></strong></span> 
     </span>
    </p>
   </div>
   <div class='ocr_carea' id='block_1_34' title="bbox 174 2088 1760 2164">
    <p class='ocr_par' dir='ltr' id='par_1_34' title="bbox 174 2088 1760 2164">
     <span class='ocr_line' id='line_1_34' title="bbox 174 2088 1760 2164; baseline 0.003 -24"><span class='ocrx_word' id='word_1_248' title='bbox 174 2088 321 2140; x_wconf 63' lang='grc' dir='ltr'>οὓτω</span> <span class='ocrx_word' id='word_1_249' title='bbox 349 2088 477 2151; x_wconf 82' lang='grc' dir='ltr'><strong>τοὺς</strong></span> <span class='ocrx_word' id='word_1_250' title='bbox 509 2088 807 2153; x_wconf 80' lang='grc' dir='ltr'><strong>διώκοντας</strong></span> <span class='ocrx_word' id='word_1_251' title='bbox 840 2089 986 2160; x_wconf 84' lang='grc' dir='ltr'><strong>λάθῃ</strong></span> <span class='ocrx_word' id='word_1_252' title='bbox 1013 2091 1151 2162; x_wconf 74' lang='grc' dir='ltr'><strong>(ᾔδει</strong></span> <span class='ocrx_word' id='word_1_253' title='bbox 1189 2093 1298 2162; x_wconf 83' lang='grc' dir='ltr'><strong>γὰρ</strong></span> <span class='ocrx_word' id='word_1_254' title='bbox 1336 2092 1412 2156; x_wconf 83' lang='grc' dir='ltr'>ὡς</span> <span class='ocrx_word' id='word_1_255' title='bbox 1443 2095 1647 2164; x_wconf 73' lang='grc' dir='ltr'><strong>σφόδρα</strong></span> <span class='ocrx_word' id='word_1_256' title='bbox 1683 2095 1760 2163; x_wconf 79' lang='grc' dir='ltr'>τῷ</span> 
     </span>
    </p>
   </div>
   <div class='ocr_carea' id='block_1_35' title="bbox 180 2181 1760 2258">
    <p class='ocr_par' dir='ltr' id='par_1_35' title="bbox 180 2181 1760 2258">
     <span class='ocr_line' id='line_1_35' title="bbox 180 2181 1760 2258; baseline 0.004 -26"><span class='ocrx_word' id='word_1_257' title='bbox 180 2181 339 2248; x_wconf 76' lang='grc' dir='ltr'><strong>ἀνδρὶ</strong></span> <span class='ocrx_word' id='word_1_258' title='bbox 377 2181 607 2250; x_wconf 76' lang='grc' dir='ltr'><strong>μελήσει</strong></span> <span class='ocrx_word' id='word_1_259' title='bbox 643 2185 774 2252; x_wconf 70' lang='grc' dir='ltr'><strong>περὶ</strong></span> <span class='ocrx_word' id='word_1_260' title='bbox 806 2183 978 2252; x_wconf 83' lang='grc' dir='ltr'><strong>αὐτῆς</strong></span> <span class='ocrx_word' id='word_1_261' title='bbox 1012 2187 1106 2238; x_wconf 73' lang='grc' dir='ltr'>καὶ</span> <span class='ocrx_word' id='word_1_262' title='bbox 1139 2187 1198 2238; x_wconf 72' lang='grc' dir='ltr'>οὐ</span> <span class='ocrx_word' id='word_1_263' title='bbox 1237 2189 1502 2241; x_wconf 72' lang='grc' dir='ltr'><strong>παύσεται</strong></span> <span class='ocrx_word' id='word_1_264' title='bbox 1555 2188 1760 2258; x_wconf 86' lang='grc' dir='ltr'><strong>ταύτην</strong></span> 
     </span>
    </p>
   </div>
   <div class='ocr_carea' id='block_1_36' title="bbox 175 2275 1762 2351">
    <p class='ocr_par' dir='ltr' id='par_1_36' title="bbox 175 2275 1762 2351">
     <span class='ocr_line' id='line_1_36' title="bbox 175 2275 1762 2351; baseline 0.008 -28"><span class='ocrx_word' id='word_1_265' title='bbox 175 2276 500 2345; x_wconf 73' lang='grc' dir='ltr'><strong>ἐπιζητῶν),</strong></span> <span class='ocrx_word' id='word_1_266' title='bbox 528 2275 740 2344; x_wconf 80' lang='grc' dir='ltr'><strong>ἀνδρῶν</strong></span> <span class='ocrx_word' id='word_1_267' title='bbox 762 2276 1013 2345; x_wconf 81' lang='grc' dir='ltr'><strong>πρόσεισι</strong></span> <span class='ocrx_word' id='word_1_268' title='bbox 1037 2281 1307 2348; x_wconf 77' lang='grc' dir='ltr'>κοινοόἰῳ,</span> <span class='ocrx_word' id='word_1_269' title='bbox 1329 2281 1578 2351; x_wconf 83' lang='grc' dir='ltr'><strong>σημείοις</strong></span> <span class='ocrx_word' id='word_1_270' title='bbox 1590 2283 1762 2335; x_wconf 78' lang='grc' dir='ltr'>ὀκτω-</span> 
     </span>
    </p>
   </div>
   <div class='ocr_carea' id='block_1_37' title="bbox 183 2367 1760 2441">
    <p class='ocr_par' dir='ltr' id='par_1_37' title="bbox 183 2367 1760 2441">
     <span class='ocr_line' id='line_1_37' title="bbox 183 2367 1760 2441; baseline 0.004 -19"><span class='ocrx_word' id='word_1_271' title='bbox 183 2371 418 2422; x_wconf 79' lang='grc' dir='ltr'><strong>καίδεκα</strong></span> <span class='ocrx_word' id='word_1_272' title='bbox 473 2371 574 2436; x_wconf 75' lang='grc' dir='ltr'><strong>τῆς</strong></span> <span class='ocrx_word' id='word_1_273' title='bbox 625 2367 1029 2439; x_wconf 79' lang='grc' dir='ltr'><strong>Ἀλεξανδρέων</strong></span> <span class='ocrx_word' id='word_1_274' title='bbox 1085 2373 1390 2441; x_wconf 76' lang='grc' dir='ltr'><strong>ἀπέχοντι·</strong></span> <span class='ocrx_word' id='word_1_275' title='bbox 1423 2377 1516 2429; x_wconf 75' lang='grc' dir='ltr'>καὶ</span> <span class='ocrx_word' id='word_1_276' title='bbox 1543 2374 1623 2428; x_wconf 76' lang='grc' dir='ltr'><strong>ἔτι</strong></span> <span class='ocrx_word' id='word_1_277' title='bbox 1667 2373 1760 2428; x_wconf 78' lang='grc' dir='ltr'><strong>τοῦ</strong></span> 
     </span>
    </p>
   </div>
   <div class='ocr_carea' id='block_1_38' title="bbox 180 2461 1761 2537">
    <p class='ocr_par' dir='ltr' id='par_1_38' title="bbox 180 2461 1761 2537">
     <span class='ocr_line' id='line_1_38' title="bbox 180 2461 1761 2537; baseline 0.002 -22"><span class='ocrx_word' id='word_1_278' title='bbox 180 2463 425 2520; x_wconf 77' lang='grc' dir='ltr'><strong>πυλῶνος</strong></span> <span class='ocrx_word' id='word_1_279' title='bbox 479 2461 584 2523; x_wconf 76' lang='grc' dir='ltr'>ἔξω</span> <span class='ocrx_word' id='word_1_280' title='bbox 641 2461 1026 2528; x_wconf 79' lang='grc' dir='ltr'>τυγχάνουσα,</span> <span class='ocrx_word' id='word_1_281' title='bbox 1065 2465 1412 2533; x_wconf 71' lang='grc' dir='ltr'><strong>εἰσδεχθῆναί</strong></span> <span class='ocrx_word' id='word_1_282' title='bbox 1470 2484 1530 2518; x_wconf 78' lang='grc' dir='ltr'><strong>τε</strong></span> <span class='ocrx_word' id='word_1_283' title='bbox 1591 2467 1761 2537; x_wconf 80' lang='grc' dir='ltr'><strong>αὐτὴν</strong></span> 
     </span>
    </p>
   </div>
   <div class='ocr_carea' id='block_1_39' title="bbox 177 2550 1755 2624">
    <p class='ocr_par' dir='ltr' id='par_1_39' title="bbox 177 2550 1755 2624">
     <span class='ocr_line' id='line_1_39' title="bbox 177 2550 1755 2624; baseline 0.004 -18"><span class='ocrx_word' id='word_1_284' title='bbox 177 2556 362 2624; x_wconf 67' lang='grc' dir='ltr'><strong>ἠξίου,</strong></span> <span class='ocrx_word' id='word_1_285' title='bbox 398 2553 496 2605; x_wconf 76' lang='grc' dir='ltr'><strong>καὶ</strong></span> <span class='ocrx_word' id='word_1_286' title='bbox 538 2550 635 2605; x_wconf 69' lang='grc' dir='ltr'><strong>τοῦ</strong></span> <span class='ocrx_word' id='word_1_287' title='bbox 671 2553 910 2622; x_wconf 81' lang='grc' dir='ltr'><strong>ἀριθμοῦ</strong></span> <span class='ocrx_word' id='word_1_288' title='bbox 945 2556 1198 2621; x_wconf 79' lang='grc' dir='ltr'><strong>γενέσθαι</strong></span> <span class='ocrx_word' id='word_1_289' title='bbox 1238 2555 1349 2608; x_wconf 84' lang='grc' dir='ltr'><strong>τῶν</strong></span> <span class='ocrx_word' id='word_1_290' title='bbox 1376 2558 1755 2624; x_wconf 81' lang='grc' dir='ltr'><strong>ἀσκουμένων.</strong></span> 
     </span>
    </p>
   </div>
   <div class='ocr_carea' id='block_1_40' title="bbox 188 2643 1758 2716">
    <p class='ocr_par' dir='ltr' id='par_1_40' title="bbox 188 2643 1758 2716">
     <span class='ocr_line' id='line_1_40' title="bbox 188 2643 1758 2716; baseline 0.003 -19"><span class='ocrx_word' id='word_1_291' title='bbox 188 2647 249 2697; x_wconf 88' lang='grc' dir='ltr'><strong>Οί</strong></span> <span class='ocrx_word' id='word_1_292' title='bbox 305 2643 366 2698; x_wconf 79' lang='grc' dir='ltr'><strong>δὲ</strong></span> <span class='ocrx_word' id='word_1_293' title='bbox 414 2645 476 2696; x_wconf 81' lang='grc' dir='ltr'><strong>ού</strong></span> <span class='ocrx_word' id='word_1_294' title='bbox 537 2643 807 2716; x_wconf 74' lang='grc' dir='ltr'><strong>πρότερον</strong></span> <span class='ocrx_word' id='word_1_295' title='bbox 854 2644 1064 2714; x_wconf 77' lang='grc' dir='ltr'><strong>ἔφησαν</strong></span> <span class='ocrx_word' id='word_1_296' title='bbox 1110 2646 1284 2716; x_wconf 81' lang='grc' dir='ltr'><strong>αὐτὴν</strong></span> <span class='ocrx_word' id='word_1_297' title='bbox 1334 2646 1758 2710; x_wconf 81' lang='grc' dir='ltr'><strong>είσοικίσαοθαι,</strong></span> 
     </span>
    </p>
   </div>
   <div class='ocr_carea' id='block_1_41' title="bbox 181 2736 1761 2811">
    <p class='ocr_par' dir='ltr' id='par_1_41' title="bbox 181 2736 1761 2811">
     <span class='ocr_line' id='line_1_41' title="bbox 181 2736 1761 2811; baseline 0.004 -22"><span class='ocrx_word' id='word_1_298' title='bbox 181 2737 359 2791; x_wconf 82' lang='grc' dir='ltr'><strong>καίτοι</strong></span> <span class='ocrx_word' id='word_1_299' title='bbox 414 2736 591 2808; x_wconf 75' lang='grc' dir='ltr'><strong>ἄνδρα</strong></span> <span class='ocrx_word' id='word_1_300' title='bbox 630 2738 847 2800; x_wconf 75' lang='grc' dir='ltr'><strong>τούτοις</strong></span> <span class='ocrx_word' id='word_1_301' title='bbox 890 2738 984 2790; x_wconf 80' lang='grc' dir='ltr'><strong>καὶ</strong></span> <span class='ocrx_word' id='word_1_302' title='bbox 1021 2738 1143 2808; x_wconf 73' lang='grc' dir='ltr'>οὐχὶ</span> <span class='ocrx_word' id='word_1_303' title='bbox 1181 2742 1421 2806; x_wconf 80' lang='grc' dir='ltr'>γυναῖκα</span> <span class='ocrx_word' id='word_1_304' title='bbox 1468 2740 1761 2811; x_wconf 70' lang='grc' dir='ltr'><strong>νομιζομέ-</strong></span> 
     </span>
    </p>
   </div>
   <div class='ocr_carea' id='block_1_42' title="bbox 180 2827 1760 2900">
    <p class='ocr_par' dir='ltr' id='par_1_42' title="bbox 180 2827 1760 2900">
     <span class='ocr_line' id='line_1_42' title="bbox 180 2827 1760 2900; baseline 0.006 -24"><span class='ocrx_word' id='word_1_305' title='bbox 180 2845 300 2895; x_wconf 78' lang='grc' dir='ltr'><strong>νην,</strong></span> <span class='ocrx_word' id='word_1_306' title='bbox 339 2830 388 2880; x_wconf 90' lang='grc' dir='ltr'><strong>εί</strong></span> <span class='ocrx_word' id='word_1_307' title='bbox 437 2827 513 2896; x_wconf 81' lang='grc' dir='ltr'><strong>μὴ</strong></span> <span class='ocrx_word' id='word_1_308' title='bbox 562 2829 696 2897; x_wconf 76' lang='grc' dir='ltr'><strong>παρ’</strong></span> <span class='ocrx_word' id='word_1_309' title='bbox 720 2829 850 2898; x_wconf 80' lang='grc' dir='ltr'><strong>ὃλην</strong></span> <span class='ocrx_word' id='word_1_310' title='bbox 901 2830 1020 2881; x_wconf 71' lang='grc' dir='ltr'><strong>ἐκεῖ</strong></span> <span class='ocrx_word' id='word_1_311' title='bbox 1049 2829 1149 2900; x_wconf 77' lang='grc' dir='ltr'><strong>τὴν</strong></span> <span class='ocrx_word' id='word_1_312' title='bbox 1179 2830 1351 2883; x_wconf 80' lang='grc' dir='ltr'><strong>νύκτα</strong></span> <span class='ocrx_word' id='word_1_313' title='bbox 1385 2832 1596 2900; x_wconf 79' lang='grc' dir='ltr'><strong>αἴθριος</strong></span> <span class='ocrx_word' id='word_1_314' title='bbox 1640 2833 1760 2886; x_wconf 83' lang='grc' dir='ltr'><strong>δια-</strong></span> 
     </span>
    </p>
   </div>
   <div class='ocr_carea' id='block_1_43' title="bbox 181 2919 1760 2994">
    <p class='ocr_par' dir='ltr' id='par_1_43' title="bbox 181 2919 1760 2994">
     <span class='ocr_line' id='line_1_43' title="bbox 181 2919 1760 2994; baseline 0.004 -22"><span class='ocrx_word' id='word_1_315' title='bbox 181 2921 366 2991; x_wconf 77' lang='grc' dir='ltr'><strong>μείνῃ,</strong></span> <span class='ocrx_word' id='word_1_316' title='bbox 401 2920 496 2971; x_wconf 77' lang='grc' dir='ltr'><strong>καὶ</strong></span> <span class='ocrx_word' id='word_1_317' title='bbox 532 2919 782 2988; x_wconf 80' lang='grc' dir='ltr'><strong>δοκίμιον</strong></span> <span class='ocrx_word' id='word_1_318' title='bbox 826 2920 969 2973; x_wconf 74' lang='grc' dir='ltr'>οὕτω</span> <span class='ocrx_word' id='word_1_319' title='bbox 993 2921 1298 2992; x_wconf 78' lang='grc' dir='ltr'>καρτερίας</span> <span class='ocrx_word' id='word_1_320' title='bbox 1331 2926 1594 2994; x_wconf 82' lang='grc' dir='ltr'>παράσχῃ</span> <span class='ocrx_word' id='word_1_321' title='bbox 1647 2929 1760 2988; x_wconf 77' lang='grc' dir='ltr'><strong>τοῖς</strong></span> 
     </span>
    </p>
   </div>
   <div class='ocr_carea' id='block_1_44' title="bbox 178 3011 1757 3086">
    <p class='ocr_par' dir='ltr' id='par_1_44' title="bbox 178 3011 1757 3086">
     <span class='ocr_line' id='line_1_44' title="bbox 178 3011 1757 3086; baseline 0.005 -23"><span class='ocrx_word' id='word_1_322' title='bbox 178 3012 450 3078; x_wconf 72' lang='grc' dir='ltr'><strong>ἀδελφοῖς.</strong></span> <span class='ocrx_word' id='word_1_323' title='bbox 555 3011 619 3064; x_wconf 83' lang='grc' dir='ltr'><em>Ἦ</em></span> <span class='ocrx_word' id='word_1_324' title='bbox 699 3013 756 3066; x_wconf 82' lang='grc' dir='ltr'>δὲ</span> <span class='ocrx_word' id='word_1_325' title='bbox 819 3015 880 3066; x_wconf 80' lang='grc' dir='ltr'>οὐ</span> <span class='ocrx_word' id='word_1_326' title='bbox 953 3013 1114 3081; x_wconf 88' lang='grc' dir='ltr'><strong>μόνον</strong></span> <span class='ocrx_word' id='word_1_327' title='bbox 1185 3015 1359 3086; x_wconf 78' lang='grc' dir='ltr'>ἡδέως</span> <span class='ocrx_word' id='word_1_328' title='bbox 1419 3016 1636 3083; x_wconf 79' lang='grc' dir='ltr'>ἐδέξατο</span> <span class='ocrx_word' id='word_1_329' title='bbox 1694 3019 1757 3071; x_wconf 83' lang='grc' dir='ltr'><strong>τὸ</strong></span> 
     </span>
    </p>
   </div>
   <div class='ocr_carea' id='block_1_45' title="bbox 179 3101 1758 3176">
    <p class='ocr_par' dir='ltr' id='par_1_45' title="bbox 179 3101 1758 3176">
     <span class='ocr_line' id='line_1_45' title="bbox 179 3101 1758 3176; baseline 0.006 -23"><span class='ocrx_word' id='word_1_330' title='bbox 179 3101 386 3172; x_wconf 78' lang='grc' dir='ltr'><strong>λεχθὲν,</strong></span> <span class='ocrx_word' id='word_1_331' title='bbox 447 3103 543 3155; x_wconf 79' lang='grc' dir='ltr'><strong>καὶ</strong></span> <span class='ocrx_word' id='word_1_332' title='bbox 589 3104 762 3156; x_wconf 82' lang='grc' dir='ltr'>ταῦτα</span> <span class='ocrx_word' id='word_1_333' title='bbox 809 3105 881 3175; x_wconf 81' lang='grc' dir='ltr'><strong>μὴ</strong></span> <span class='ocrx_word' id='word_1_334' title='bbox 933 3106 1214 3173; x_wconf 79' lang='grc' dir='ltr'><strong>ἀγνοοῦσα</strong></span> <span class='ocrx_word' id='word_1_335' title='bbox 1250 3109 1334 3161; x_wconf 83' lang='grc' dir='ltr'><strong>ὅτι</strong></span> <span class='ocrx_word' id='word_1_336' title='bbox 1371 3106 1538 3176; x_wconf 83' lang='grc' dir='ltr'>θηρία</span> <span class='ocrx_word' id='word_1_337' title='bbox 1587 3107 1758 3163; x_wconf 85' lang='grc' dir='ltr'><strong>πολλά</strong></span> 
     </span>
    </p>
   </div>
   <div class='ocr_carea' id='block_1_46' title="bbox 180 3193 1756 3269">
    <p class='ocr_par' dir='ltr' id='par_1_46' title="bbox 180 3193 1756 3269">
     <span class='ocr_line' id='line_1_46' title="bbox 180 3193 1756 3269; baseline 0.006 -25"><span class='ocrx_word' id='word_1_338' title='bbox 180 3193 278 3261; x_wconf 74' lang='grc' dir='ltr'><strong>τῆς</strong></span> <span class='ocrx_word' id='word_1_339' title='bbox 301 3195 501 3256; x_wconf 80' lang='grc' dir='ltr'>νυκτὸς</span> <span class='ocrx_word' id='word_1_340' title='bbox 532 3195 864 3261; x_wconf 77' lang='grc' dir='ltr'><strong>προσσάλλει</strong></span> <span class='ocrx_word' id='word_1_341' title='bbox 897 3197 984 3250; x_wconf 78' lang='grc' dir='ltr'><strong>διά</strong></span> <span class='ocrx_word' id='word_1_342' title='bbox 1029 3199 1090 3250; x_wconf 80' lang='grc' dir='ltr'><strong>τὸ</strong></span> <span class='ocrx_word' id='word_1_343' title='bbox 1125 3198 1220 3250; x_wconf 78' lang='grc' dir='ltr'><strong>τοῦ</strong></span> <span class='ocrx_word' id='word_1_344' title='bbox 1255 3200 1424 3251; x_wconf 77' lang='grc' dir='ltr'><strong>τόπου</strong></span> <span class='ocrx_word' id='word_1_345' title='bbox 1461 3202 1670 3269; x_wconf 80' lang='grc' dir='ltr'><strong>ἔρημόν</strong></span> <span class='ocrx_word' id='word_1_346' title='bbox 1699 3219 1756 3254; x_wconf 86' lang='grc' dir='ltr'><strong>τε</strong></span> 
     </span>
    </p>
   </div>
   <div class='ocr_carea' id='block_1_47' title="bbox 180 3287 1752 3363">
    <p class='ocr_par' dir='ltr' id='par_1_47' title="bbox 180 3287 1752 3363">
     <span class='ocr_line' id='line_1_47' title="bbox 180 3287 1752 3363; baseline 0.006 -25"><span class='ocrx_word' id='word_1_347' title='bbox 180 3289 274 3338; x_wconf 69' lang='grc' dir='ltr'><strong>καὶ</strong></span> <span class='ocrx_word' id='word_1_348' title='bbox 299 3287 498 3357; x_wconf 73' lang='grc' dir='ltr'><strong>κομιδῇ</strong></span> <span class='ocrx_word' id='word_1_349' title='bbox 532 3287 752 3356; x_wconf 80' lang='grc' dir='ltr'><strong>ἄγριον,</strong></span> <span class='ocrx_word' id='word_1_350' title='bbox 803 3287 942 3341; x_wconf 74' lang='grc' dir='ltr'><strong>ἀλλὰ</strong></span> <span class='ocrx_word' id='word_1_351' title='bbox 975 3290 1070 3342; x_wconf 81' lang='grc' dir='ltr'><strong>καὶ</strong></span> <span class='ocrx_word' id='word_1_352' title='bbox 1101 3292 1183 3353; x_wconf 87' lang='grc' dir='ltr'><strong>είς</strong></span> <span class='ocrx_word' id='word_1_353' title='bbox 1215 3290 1375 3361; x_wconf 79' lang='grc' dir='ltr'>ἔργον</span> <span class='ocrx_word' id='word_1_354' title='bbox 1411 3294 1472 3344; x_wconf 76' lang='grc' dir='ltr'><strong>τὸ</strong></span> <span class='ocrx_word' id='word_1_355' title='bbox 1512 3310 1752 3363; x_wconf 76' lang='grc' dir='ltr'><strong>προστα-</strong></span> 
     </span>
    </p>
   </div>
   <div class='ocr_carea' id='block_1_48' title="bbox 1942 2000 3436 2069">
    <p class='ocr_par' dir='ltr' id='par_1_48' title="bbox 1942 2000 3436 2069">
     <span class='ocr_line' id='line_1_48' title="bbox 1942 2000 3436 2069; baseline 0.01 -15"><span class='ocrx_word' id='word_1_356' title='bbox 1942 2000 2033 2056; x_wconf 76' lang='grc' dir='ltr'><strong>ιν.</strong></span> <span class='ocrx_word' id='word_1_357' title='bbox 2066 2001 2217 2058; x_wconf 75' lang='lat' dir='ltr'><strong>Virili</strong></span> <span class='ocrx_word' id='word_1_358' title='bbox 2259 2013 2440 2060; x_wconf 88' lang='lat' dir='ltr'><strong>autem</strong></span> <span class='ocrx_word' id='word_1_359' title='bbox 2492 2005 2680 2061; x_wconf 89' lang='lat' dir='ltr'><strong>induta</strong></span> <span class='ocrx_word' id='word_1_360' title='bbox 2729 2007 2935 2069; x_wconf 86' lang='lat' dir='ltr'><strong>habitu.</strong></span> <span class='ocrx_word' id='word_1_361' title='bbox 2989 2018 3048 2064; x_wconf 94' lang='lat' dir='ltr'><strong>ut</strong></span> <span class='ocrx_word' id='word_1_362' title='bbox 3094 2009 3286 2067; x_wconf 90' lang='lat' dir='ltr'><strong>lateret</strong></span> <span class='ocrx_word' id='word_1_363' title='bbox 3336 2028 3436 2069; x_wconf 86' lang='lat' dir='ltr'><strong>eos</strong></span> 
     </span>
    </p>
   </div>
   <div class='ocr_carea' id='block_1_49' title="bbox 1862 2094 3436 2174">
    <p class='ocr_par' dir='ltr' id='par_1_49' title="bbox 1862 2094 3436 2174">
     <span class='ocr_line' id='line_1_49' title="bbox 1862 2094 3436 2174; baseline 0.011 -30"><span class='ocrx_word' id='word_1_364' title='bbox 1862 2094 1952 2162; x_wconf 89' lang='lat' dir='ltr'><strong>qui</strong></span> <span class='ocrx_word' id='word_1_365' title='bbox 1983 2108 2100 2147; x_wconf 87' lang='lat' dir='ltr'><strong>eam</strong></span> <span class='ocrx_word' id='word_1_366' title='bbox 2129 2108 2585 2166; x_wconf 86' lang='lat' dir='ltr'><strong>persequerentur</strong></span> <span class='ocrx_word' id='word_1_367' title='bbox 2609 2099 2838 2164; x_wconf 82' lang='lat' dir='ltr'><strong>(sciebat</strong></span> <span class='ocrx_word' id='word_1_368' title='bbox 2877 2101 3022 2154; x_wconf 86' lang='lat' dir='ltr'><strong>enim</strong></span> <span class='ocrx_word' id='word_1_369' title='bbox 3066 2102 3201 2169; x_wconf 88' lang='lat' dir='ltr'><strong>fore,</strong></span> <span class='ocrx_word' id='word_1_370' title='bbox 3232 2113 3288 2158; x_wconf 89' lang='lat' dir='ltr'><strong>ut</strong></span> <span class='ocrx_word' id='word_1_371' title='bbox 3319 2108 3436 2174; x_wconf 89' lang='lat' dir='ltr'><strong>ipsa</strong></span> 
     </span>
    </p>
   </div>
   <div class='ocr_carea' id='block_1_50' title="bbox 1864 2185 3436 2257">
    <p class='ocr_par' dir='ltr' id='par_1_50' title="bbox 1864 2185 3436 2257">
     <span class='ocr_line' id='line_1_50' title="bbox 1864 2185 3436 2257; baseline 0.01 -21"><span class='ocrx_word' id='word_1_372' title='bbox 1864 2185 2057 2238; x_wconf 89' lang='lat' dir='ltr'><strong>marito</strong></span> <span class='ocrx_word' id='word_1_373' title='bbox 2108 2201 2316 2257; x_wconf 74' lang='lat' dir='ltr'><strong>magnae</strong></span> <span class='ocrx_word' id='word_1_374' title='bbox 2366 2199 2512 2244; x_wconf 71' lang='grc'><strong>8³881.</strong></span> <span class='ocrx_word' id='word_1_375' title='bbox 2556 2205 2724 2253; x_wconf 72' lang='lat' dir='ltr'><strong>curre,</strong></span> <span class='ocrx_word' id='word_1_376' title='bbox 2761 2201 2814 2246; x_wconf 86' lang='lat' dir='ltr'><strong>et</strong></span> <span class='ocrx_word' id='word_1_377' title='bbox 2861 2208 2980 2246; x_wconf 88' lang='lat' dir='ltr'><strong>eam</strong></span> <span class='ocrx_word' id='word_1_378' title='bbox 3032 2209 3140 2247; x_wconf 88' lang='lat' dir='ltr'><strong>non</strong></span> <span class='ocrx_word' id='word_1_379' title='bbox 3196 2210 3436 2254; x_wconf 83' lang='lat' dir='ltr'><strong>cessaret</strong></span> 
     </span>
    </p>
   </div>
   <div class='ocr_carea' id='block_1_51' title="bbox 1860 2277 3435 2352">
    <p class='ocr_par' dir='ltr' id='par_1_51' title="bbox 1860 2277 3435 2352">
     <span class='ocr_line' id='line_1_51' title="bbox 1860 2277 3435 2352; baseline 0.008 -25"><span class='ocrx_word' id='word_1_380' title='bbox 1860 2277 2144 2342; x_wconf 63' lang='lat' dir='ltr'><strong>quarere)</strong></span> <span class='ocrx_word' id='word_1_381' title='bbox 2193 2277 2402 2332; x_wconf 83' lang='lat' dir='ltr'><strong>accedit</strong></span> <span class='ocrx_word' id='word_1_382' title='bbox 2455 2280 2524 2333; x_wconf 89' lang='lat' dir='ltr'><strong>ad</strong></span> <span class='ocrx_word' id='word_1_383' title='bbox 2584 2279 2824 2334; x_wconf 88' lang='lat' dir='ltr'><strong>virorum</strong></span> <span class='ocrx_word' id='word_1_384' title='bbox 2895 2281 3230 2342; x_wconf 72' lang='lat' dir='ltr'><strong>cmnobium.</strong></span> <span class='ocrx_word' id='word_1_385' title='bbox 3287 2285 3435 2352; x_wconf 87' lang='lat' dir='ltr'><strong>quod</strong></span> 
     </span>
    </p>
   </div>
   <div class='ocr_carea' id='block_1_52' title="bbox 1863 2366 3435 2432">
    <p class='ocr_par' dir='ltr' id='par_1_52' title="bbox 1863 2366 3435 2432">
     <span class='ocr_line' id='line_1_52' title="bbox 1863 2366 3435 2432; baseline 0.006 -11"><span class='ocrx_word' id='word_1_386' title='bbox 1863 2366 2053 2422; x_wconf 88' lang='lat' dir='ltr'><strong>decem</strong></span> <span class='ocrx_word' id='word_1_387' title='bbox 2082 2375 2138 2422; x_wconf 92' lang='lat' dir='ltr'><strong>et</strong></span> <span class='ocrx_word' id='word_1_388' title='bbox 2174 2378 2298 2425; x_wconf 91' lang='lat' dir='ltr'><strong>octo</strong></span> <span class='ocrx_word' id='word_1_389' title='bbox 2339 2371 2590 2426; x_wconf 88' lang='lat' dir='ltr'><strong>milliaria</strong></span> <span class='ocrx_word' id='word_1_390' title='bbox 2617 2372 2781 2427; x_wconf 85' lang='lat' dir='ltr'><strong>distat</strong></span> <span class='ocrx_word' id='word_1_391' title='bbox 2811 2372 3156 2428; x_wconf 70' lang='lat' dir='ltr'><strong>Alexandria.</strong></span> <span class='ocrx_word' id='word_1_392' title='bbox 3201 2375 3267 2430; x_wconf 83' lang='lat' dir='ltr'><strong>Et</strong></span> <span class='ocrx_word' id='word_1_393' title='bbox 3309 2391 3435 2432; x_wconf 86' lang='lat' dir='ltr'><strong>cum</strong></span> 
     </span>
    </p>
   </div>
   <div class='ocr_carea' id='block_1_53' title="bbox 1862 2465 3435 2536">
    <p class='ocr_par' dir='ltr' id='par_1_53' title="bbox 1862 2465 3435 2536">
     <span class='ocr_line' id='line_1_53' title="bbox 1862 2465 3435 2536; baseline 0.005 -22"><span class='ocrx_word' id='word_1_394' title='bbox 1862 2470 2006 2515; x_wconf 89' lang='lat' dir='ltr'><strong>esset</strong></span> <span class='ocrx_word' id='word_1_395' title='bbox 2063 2471 2214 2516; x_wconf 82' lang='lat' dir='ltr'><strong>extra</strong></span> <span class='ocrx_word' id='word_1_396' title='bbox 2265 2465 2614 2530; x_wconf 70' lang='lat' dir='ltr'><strong>vestibulum,</strong></span> <span class='ocrx_word' id='word_1_397' title='bbox 2658 2467 2880 2536; x_wconf 77' lang='lat' dir='ltr'><strong>rogabat</strong></span> <span class='ocrx_word' id='word_1_398' title='bbox 2934 2475 2994 2521; x_wconf 92' lang='lat' dir='ltr'><strong>ut</strong></span> <span class='ocrx_word' id='word_1_399' title='bbox 3033 2468 3178 2520; x_wconf 90' lang='lat' dir='ltr'><strong>intro</strong></span> <span class='ocrx_word' id='word_1_400' title='bbox 3233 2468 3435 2524; x_wconf 87' lang='lat' dir='ltr'><strong>admit-</strong></span> 
     </span>
    </p>
   </div>
   <div class='ocr_carea' id='block_1_54' title="bbox 1844 2559 3434 2627">
    <p class='ocr_par' dir='ltr' id='par_1_54' title="bbox 1844 2559 3434 2627">
     <span class='ocr_line' id='line_1_54' title="bbox 1844 2559 3434 2627; baseline 0.003 -20"><span class='ocrx_word' id='word_1_401' title='bbox 1844 2564 2088 2618; x_wconf 80' lang='lat' dir='ltr'><strong>-teretur,</strong></span> <span class='ocrx_word' id='word_1_402' title='bbox 2149 2563 2204 2608; x_wconf 86' lang='lat' dir='ltr'><strong>et</strong></span> <span class='ocrx_word' id='word_1_403' title='bbox 2252 2566 2396 2610; x_wconf 89' lang='lat' dir='ltr'><strong>esset</strong></span> <span class='ocrx_word' id='word_1_404' title='bbox 2433 2572 2496 2609; x_wconf 76' lang='lat' dir='ltr'><strong>ex</strong></span> <span class='ocrx_word' id='word_1_405' title='bbox 2538 2573 2769 2611; x_wconf 90' lang='lat' dir='ltr'><strong>numero</strong></span> <span class='ocrx_word' id='word_1_406' title='bbox 2821 2572 3009 2611; x_wconf 89' lang='lat' dir='ltr'><strong>eorum</strong></span> <span class='ocrx_word' id='word_1_407' title='bbox 3069 2559 3159 2627; x_wconf 92' lang='lat' dir='ltr'><strong>qui</strong></span> <span class='ocrx_word' id='word_1_408' title='bbox 3211 2573 3434 2614; x_wconf 78' lang='lat' dir='ltr'><strong>exerce-</strong></span> 
     </span>
    </p>
   </div>
   <div class='ocr_carea' id='block_1_55' title="bbox 1859 2643 3432 2717">
    <p class='ocr_par' dir='ltr' id='par_1_55' title="bbox 1859 2643 3432 2717">
     <span class='ocr_line' id='line_1_55' title="bbox 1859 2643 3432 2717; baseline 0.005 -21"><span class='ocrx_word' id='word_1_409' title='bbox 1859 2643 2080 2697; x_wconf 85' lang='lat' dir='ltr'><strong>bantur.</strong></span> <span class='ocrx_word' id='word_1_410' title='bbox 2156 2644 2239 2699; x_wconf 92' lang='lat' dir='ltr'><strong>llli</strong></span> <span class='ocrx_word' id='word_1_411' title='bbox 2276 2656 2458 2716; x_wconf 66' lang='lat' dir='ltr'><strong>autem</strong></span> <span class='ocrx_word' id='word_1_412' title='bbox 2509 2647 2782 2712; x_wconf 75' lang='lat' dir='ltr'><strong>dixerunt,</strong></span> <span class='ocrx_word' id='word_1_413' title='bbox 2840 2664 2898 2702; x_wconf 89' lang='lat' dir='ltr'><strong>se</strong></span> <span class='ocrx_word' id='word_1_414' title='bbox 2948 2664 3057 2701; x_wconf 92' lang='lat' dir='ltr'><strong>non</strong></span> <span class='ocrx_word' id='word_1_415' title='bbox 3112 2651 3260 2717; x_wconf 89' lang='lat' dir='ltr'><strong>prius</strong></span> <span class='ocrx_word' id='word_1_416' title='bbox 3311 2665 3432 2704; x_wconf 87' lang='lat' dir='ltr'><strong>eam</strong></span> 
     </span>
    </p>
   </div>
   <div class='ocr_carea' id='block_1_56' title="bbox 1859 2725 3435 2804">
    <p class='ocr_par' dir='ltr' id='par_1_56' title="bbox 1859 2725 3435 2804">
     <span class='ocr_line' id='line_1_56' title="bbox 1859 2725 3435 2804; baseline 0.004 -14"><span class='ocrx_word' id='word_1_417' title='bbox 1859 2751 1981 2790; x_wconf 89' lang='lat' dir='ltr'><strong>csse</strong></span> <span class='ocrx_word' id='word_1_418' title='bbox 2039 2725 2469 2804; x_wconf 64' lang='lat' dir='ltr'><strong>intromiSSIiros,</strong></span> <span class='ocrx_word' id='word_1_419' title='bbox 2516 2739 2616 2793; x_wconf 79' lang='lat' dir='ltr'><strong>etsi</strong></span> <span class='ocrx_word' id='word_1_420' title='bbox 2665 2739 2749 2794; x_wconf 84' lang='lat' dir='ltr'><strong>vir</strong></span> <span class='ocrx_word' id='word_1_421' title='bbox 2795 2741 2865 2795; x_wconf 86' lang='lat' dir='ltr'><strong>ab</strong></span> <span class='ocrx_word' id='word_1_422' title='bbox 2899 2742 2978 2796; x_wconf 89' lang='lat' dir='ltr'><strong>eis</strong></span> <span class='ocrx_word' id='word_1_423' title='bbox 3026 2741 3435 2797; x_wconf 65' lang='lat' dir='ltr'><strong>existimaretur</strong></span> 
     </span>
    </p>
   </div>
   <div class='ocr_carea' id='block_1_57' title="bbox 1859 2831 3434 2896">
    <p class='ocr_par' dir='ltr' id='par_1_57' title="bbox 1859 2831 3434 2896">
     <span class='ocr_line' id='line_1_57' title="bbox 1859 2831 3434 2896; baseline 0.002 -12"><span class='ocrx_word' id='word_1_424' title='bbox 1859 2843 2000 2891; x_wconf 89' lang='lat' dir='ltr'><strong>esse.</strong></span> <span class='ocrx_word' id='word_1_425' title='bbox 2037 2838 2090 2884; x_wconf 82' lang='lat' dir='ltr'><strong>et</strong></span> <span class='ocrx_word' id='word_1_426' title='bbox 2134 2845 2244 2885; x_wconf 92' lang='lat' dir='ltr'><strong>non</strong></span> <span class='ocrx_word' id='word_1_427' title='bbox 2279 2831 2502 2896; x_wconf 83' lang='lat' dir='ltr'><strong>femina,</strong></span> <span class='ocrx_word' id='word_1_428' title='bbox 2542 2832 2647 2886; x_wconf 77' lang='lat' dir='ltr'><strong>nisi</strong></span> <span class='ocrx_word' id='word_1_429' title='bbox 2692 2840 2801 2886; x_wconf 80' lang='lat' dir='ltr'><strong>tuta</strong></span> <span class='ocrx_word' id='word_1_430' title='bbox 2847 2841 3006 2886; x_wconf 89' lang='lat' dir='ltr'><strong>nocte</strong></span> <span class='ocrx_word' id='word_1_431' title='bbox 3048 2833 3156 2887; x_wconf 92' lang='lat' dir='ltr'><strong>illic</strong></span> <span class='ocrx_word' id='word_1_432' title='bbox 3191 2843 3434 2887; x_wconf 90' lang='lat' dir='ltr'><strong>maneret</strong></span> 
     </span>
    </p>
   </div>
   <div class='ocr_carea' id='block_1_58' title="bbox 1851 2922 3434 2993">
    <p class='ocr_par' dir='ltr' id='par_1_58' title="bbox 1851 2922 3434 2993">
     <span class='ocr_line' id='line_1_58' title="bbox 1851 2922 3434 2993; baseline 0.001 -17"><span class='ocrx_word' id='word_1_433' title='bbox 1851 2922 1960 2976; x_wconf 70' lang='lat' dir='ltr'><strong>sub</strong></span> <span class='ocrx_word' id='word_1_434' title='bbox 1998 2922 2109 2986; x_wconf 88' lang='lat' dir='ltr'><strong>dio,</strong></span> <span class='ocrx_word' id='word_1_435' title='bbox 2147 2931 2200 2976; x_wconf 84' lang='lat' dir='ltr'><strong>et</strong></span> <span class='ocrx_word' id='word_1_436' title='bbox 2236 2923 2533 2976; x_wconf 70' lang='lat' dir='ltr'><strong>tolerantia!</strong></span> <span class='ocrx_word' id='word_1_437' title='bbox 2571 2924 3006 2991; x_wconf 81' lang='lat' dir='ltr'><strong>experimentum</strong></span> <span class='ocrx_word' id='word_1_438' title='bbox 3052 2923 3131 2978; x_wconf 92' lang='lat' dir='ltr'><strong>sic</strong></span> <span class='ocrx_word' id='word_1_439' title='bbox 3172 2923 3434 2993; x_wconf 63' lang='lat' dir='ltr'><strong>praeberet</strong></span> 
     </span>
    </p>
   </div>
   <div class='ocr_carea' id='block_1_59' title="bbox 1857 3012 3430 3082">
    <p class='ocr_par' dir='ltr' id='par_1_59' title="bbox 1857 3012 3430 3082">
     <span class='ocr_line' id='line_1_59' title="bbox 1857 3012 3430 3082; baseline 0.001 -17"><span class='ocrx_word' id='word_1_440' title='bbox 1857 3012 2134 3066; x_wconf 76' lang='lat' dir='ltr'><strong>fratribus.</strong></span> <span class='ocrx_word' id='word_1_441' title='bbox 2169 3013 2254 3064; x_wconf 85' lang='lat' dir='ltr'><strong>llla</strong></span> <span class='ocrx_word' id='word_1_442' title='bbox 2287 3023 2467 3068; x_wconf 90' lang='lat' dir='ltr'><strong>autem</strong></span> <span class='ocrx_word' id='word_1_443' title='bbox 2499 3013 2733 3066; x_wconf 87' lang='lat' dir='ltr'><strong>libenter</strong></span> <span class='ocrx_word' id='word_1_444' title='bbox 2768 3015 3000 3082; x_wconf 75' lang='lat' dir='ltr'><strong>accepit,</strong></span> <span class='ocrx_word' id='word_1_445' title='bbox 3034 3015 3180 3082; x_wconf 88' lang='lat' dir='ltr'><strong>quod</strong></span> <span class='ocrx_word' id='word_1_446' title='bbox 3223 3014 3430 3067; x_wconf 87' lang='lat' dir='ltr'><strong>dictum</strong></span> 
     </span>
    </p>
   </div>
   <div class='ocr_carea' id='block_1_60' title="bbox 1861 3101 3430 3174">
    <p class='ocr_par' dir='ltr' id='par_1_60' title="bbox 1861 3101 3430 3174">
     <span class='ocr_line' id='line_1_60' title="bbox 1861 3101 3430 3174; baseline 0.001 -17"><span class='ocrx_word' id='word_1_447' title='bbox 1861 3101 2058 3164; x_wconf 84' lang='lat' dir='ltr'><strong>fuerat;</strong></span> <span class='ocrx_word' id='word_1_448' title='bbox 2114 3103 2275 3173; x_wconf 85' lang='lat' dir='ltr'><strong>idque</strong></span> <span class='ocrx_word' id='word_1_449' title='bbox 2333 3118 2457 3158; x_wconf 87' lang='lat' dir='ltr'><strong>cum</strong></span> <span class='ocrx_word' id='word_1_450' title='bbox 2528 3119 2635 3157; x_wconf 89' lang='lat' dir='ltr'><strong>non</strong></span> <span class='ocrx_word' id='word_1_451' title='bbox 2689 3105 2988 3174; x_wconf 78' lang='lat' dir='ltr'><strong>ignoraret,</strong></span> <span class='ocrx_word' id='word_1_452' title='bbox 3042 3104 3187 3172; x_wconf 92' lang='lat' dir='ltr'><strong>quod</strong></span> <span class='ocrx_word' id='word_1_453' title='bbox 3265 3107 3430 3159; x_wconf 87' lang='lat' dir='ltr'><strong>noctu</strong></span> 
     </span>
    </p>
   </div>
   <div class='ocr_carea' id='block_1_61' title="bbox 1857 3195 3429 3265">
    <p class='ocr_par' dir='ltr' id='par_1_61' title="bbox 1857 3195 3429 3265">
     <span class='ocr_line' id='line_1_61' title="bbox 1857 3195 3429 3265; baseline -0.001 -16"><span class='ocrx_word' id='word_1_454' title='bbox 1857 3197 2041 3249; x_wconf 72' lang='lat' dir='ltr'><strong>multa:</strong></span> <span class='ocrx_word' id='word_1_455' title='bbox 2087 3197 2272 3250; x_wconf 67' lang='lat' dir='ltr'><strong>bestiae</strong></span> <span class='ocrx_word' id='word_1_456' title='bbox 2315 3195 2761 3264; x_wconf 78' lang='lat' dir='ltr'><strong>ingrediebantur</strong></span> <span class='ocrx_word' id='word_1_457' title='bbox 2801 3212 2898 3265; x_wconf 91' lang='lat' dir='ltr'><strong>per</strong></span> <span class='ocrx_word' id='word_1_458' title='bbox 2937 3197 3116 3250; x_wconf 89' lang='lat' dir='ltr'><strong>locum</strong></span> <span class='ocrx_word' id='word_1_459' title='bbox 3151 3195 3429 3251; x_wconf 89' lang='lat' dir='ltr'><strong>desertum</strong></span> 
     </span>
    </p>
   </div>
   <div class='ocr_carea' id='block_1_62' title="bbox 1858 3287 3429 3358">
    <p class='ocr_par' dir='ltr' id='par_1_62' title="bbox 1858 3287 3429 3358">
     <span class='ocr_line' id='line_1_62' title="bbox 1858 3287 3429 3358; baseline 0.002 -19"><span class='ocrx_word' id='word_1_460' title='bbox 1858 3296 1913 3341; x_wconf 91' lang='lat' dir='ltr'><strong>et</strong></span> <span class='ocrx_word' id='word_1_461' title='bbox 1947 3287 2238 3341; x_wconf 85' lang='lat' dir='ltr'><strong>admodum</strong></span> <span class='ocrx_word' id='word_1_462' title='bbox 2275 3298 2564 3358; x_wconf 81' lang='lat' dir='ltr'><strong>agrestem,</strong></span> <span class='ocrx_word' id='word_1_463' title='bbox 2601 3289 2696 3341; x_wconf 90' lang='lat' dir='ltr'><strong>sed</strong></span> <span class='ocrx_word' id='word_1_464' title='bbox 2742 3290 2904 3345; x_wconf 89' lang='lat' dir='ltr'><strong>etiam</strong></span> <span class='ocrx_word' id='word_1_465' title='bbox 2936 3287 3158 3342; x_wconf 70' lang='lat' dir='ltr'><strong>deduxit</strong></span> <span class='ocrx_word' id='word_1_466' title='bbox 3192 3290 3256 3342; x_wconf 92' lang='lat' dir='ltr'><strong>ad</strong></span> <span class='ocrx_word' id='word_1_467' title='bbox 3293 3304 3429 3356; x_wconf 79' lang='lat' dir='ltr'><strong>Opus</strong></span> 
     </span>
    </p>
   </div>
   <div class='ocr_carea' id='block_1_63' title="bbox 182 3353 1757 3455">
    <p class='ocr_par' dir='ltr' id='par_1_63' title="bbox 182 3379 1752 3455">
     <span class='ocr_line' id='line_1_63' title="bbox 182 3379 1752 3455; baseline 0.005 -26"><span class='ocrx_word' id='word_1_468' title='bbox 182 3379 305 3446; x_wconf 75' lang='grc' dir='ltr'><strong>χθὲν</strong></span> <span class='ocrx_word' id='word_1_469' title='bbox 329 3381 507 3450; x_wconf 64' lang='grc' dir='ltr'>ἧγαγε</span> <span class='ocrx_word' id='word_1_470' title='bbox 535 3397 549 3410; x_wconf 76' lang='grc' dir='ltr'><strong>ο</strong></span> <span class='ocrx_word' id='word_1_471' title='bbox 584 3382 679 3433; x_wconf 72' lang='grc' dir='ltr'>καὶ</span> <span class='ocrx_word' id='word_1_472' title='bbox 709 3380 1162 3451; x_wconf 81' lang='grc' dir='ltr'><strong>διενυκτέρευσεν</strong></span> <span class='ocrx_word' id='word_1_473' title='bbox 1193 3381 1335 3436; x_wconf 73' lang='grc' dir='ltr'>οὕτω</span> <span class='ocrx_word' id='word_1_474' title='bbox 1360 3387 1752 3455; x_wconf 77' lang='grc' dir='ltr'><strong>προσμένουσα</strong></span> 
     </span>
    </p>
   </div>
   <div class='ocr_carea' id='block_1_64' title="bbox 1859 3353 3423 3455">
    <p class='ocr_par' dir='ltr' id='par_1_64' title="bbox 1859 3353 3423 3450">
     <span class='ocr_line' id='line_1_64' title="bbox 1859 3353 3423 3450; baseline 0.001 -16"><span class='ocrx_word' id='word_1_475' title='bbox 1859 3381 1911 3435; x_wconf 91' lang='lat' dir='ltr'><strong>id</strong></span> <span class='ocrx_word' id='word_1_476' title='bbox 1958 3381 2100 3450; x_wconf 86' lang='lat' dir='ltr'><strong>quod</strong></span> <span class='ocrx_word' id='word_1_477' title='bbox 2172 3353 2494 3449; x_wconf 66' lang='lat' dir='ltr'><strong>imperatum</strong></span> <span class='ocrx_word' id='word_1_478' title='bbox 2551 3379 2768 3436; x_wconf 89' lang='lat' dir='ltr'><strong>fuerat:</strong></span> <span class='ocrx_word' id='word_1_479' title='bbox 2819 3389 2872 3434; x_wconf 93' lang='lat' dir='ltr'><strong>et</strong></span> <span class='ocrx_word' id='word_1_480' title='bbox 2926 3381 3007 3435; x_wconf 86' lang='lat' dir='ltr'><strong>sic</strong></span> <span class='ocrx_word' id='word_1_481' title='bbox 3065 3353 3423 3450; x_wconf 82' lang='lat' dir='ltr'><strong>pernoctavit,</strong></span> 
     </span>
    </p>
   </div>
   <div class='ocr_carea' id='block_1_65' title="bbox 180 3472 1752 3547">
    <p class='ocr_par' dir='ltr' id='par_1_65' title="bbox 180 3472 1752 3547">
     <span class='ocr_line' id='line_1_65' title="bbox 180 3472 1752 3547; baseline 0.005 -24"><span class='ocrx_word' id='word_1_482' title='bbox 180 3472 252 3544; x_wconf 78' lang='grc' dir='ltr'><strong>τῷ</strong></span> <span class='ocrx_word' id='word_1_483' title='bbox 276 3473 511 3526; x_wconf 79' lang='grc' dir='ltr'><strong>πυλῶνι.</strong></span> <span class='ocrx_word' id='word_1_484' title='bbox 534 3473 623 3525; x_wconf 76' lang='grc' dir='ltr'><strong>Διὸ</strong></span> <span class='ocrx_word' id='word_1_485' title='bbox 651 3475 744 3525; x_wconf 81' lang='grc' dir='ltr'><strong>καὶ</strong></span> <span class='ocrx_word' id='word_1_486' title='bbox 769 3476 795 3526; x_wconf 80' lang='grc' dir='ltr'>ὁ</span> <span class='ocrx_word' id='word_1_487' title='bbox 819 3474 896 3542; x_wconf 85' lang='grc' dir='ltr'>τῷ</span> <span class='ocrx_word' id='word_1_488' title='bbox 922 3476 1121 3543; x_wconf 81' lang='grc' dir='ltr'><strong>Δανιὴλ</strong></span> <span class='ocrx_word' id='word_1_489' title='bbox 1147 3476 1314 3528; x_wconf 80' lang='grc' dir='ltr'><strong>πάλαι</strong></span> <span class='ocrx_word' id='word_1_490' title='bbox 1344 3477 1752 3547; x_wconf 80' lang='grc' dir='ltr'><strong>καθημερώσας</strong></span> 
     </span>
    </p>
   </div>
   <div class='ocr_carea' id='block_1_66' title="bbox 177 3565 1752 3639">
    <p class='ocr_par' dir='ltr' id='par_1_66' title="bbox 177 3565 1752 3639">
     <span class='ocr_line' id='line_1_66' title="bbox 177 3565 1752 3639; baseline 0.005 -23"><span class='ocrx_word' id='word_1_491' title='bbox 177 3566 271 3634; x_wconf 75' lang='grc' dir='ltr'><strong>τὴν</strong></span> <span class='ocrx_word' id='word_1_492' title='bbox 315 3565 597 3616; x_wconf 82' lang='grc' dir='ltr'><strong>λεοντείαν</strong></span> <span class='ocrx_word' id='word_1_493' title='bbox 638 3565 926 3632; x_wconf 80' lang='grc' dir='ltr'><strong>ὡμότητα,</strong></span> <span class='ocrx_word' id='word_1_494' title='bbox 979 3565 1146 3628; x_wconf 82' lang='grc' dir='ltr'><strong>αὐτὸς</strong></span> <span class='ocrx_word' id='word_1_495' title='bbox 1186 3569 1282 3620; x_wconf 72' lang='grc' dir='ltr'>καὶ</span> <span class='ocrx_word' id='word_1_496' title='bbox 1330 3568 1423 3620; x_wconf 77' lang='grc' dir='ltr'>νῦν</span> <span class='ocrx_word' id='word_1_497' title='bbox 1471 3570 1570 3639; x_wconf 76' lang='grc' dir='ltr'><strong>τὴν</strong></span> <span class='ocrx_word' id='word_1_498' title='bbox 1599 3572 1752 3624; x_wconf 76' lang='grc' dir='ltr'><strong>ὁσίαν</strong></span> 
     </span>
    </p>
   </div>
   <div class='ocr_carea' id='block_1_67' title="bbox 181 3652 1750 3734">
    <p class='ocr_par' dir='ltr' id='par_1_67' title="bbox 181 3652 1750 3734">
     <span class='ocr_line' id='line_1_67' title="bbox 181 3652 1750 3734; baseline 0.006 -26"><span class='ocrx_word' id='word_1_499' title='bbox 181 3657 446 3726; x_wconf 80' lang='grc' dir='ltr'><strong>προειδὼς</strong></span> <span class='ocrx_word' id='word_1_500' title='bbox 480 3659 561 3718; x_wconf 84' lang='grc' dir='ltr'><strong>εἰς</strong></span> <span class='ocrx_word' id='word_1_501' title='bbox 593 3652 706 3709; x_wconf 70' lang='grc' dir='ltr'><strong>οἷον</strong></span> <span class='ocrx_word' id='word_1_502' title='bbox 735 3657 873 3726; x_wconf 74' lang='grc' dir='ltr'>ὕψος</span> <span class='ocrx_word' id='word_1_503' title='bbox 930 3659 1334 3730; x_wconf 64' lang='grc' dir='ltr'><strong>ἀκλαδραμεῖται</strong></span> <span class='ocrx_word' id='word_1_504' title='bbox 1386 3661 1485 3732; x_wconf 81' lang='grc' dir='ltr'><strong>τῆς</strong></span> <span class='ocrx_word' id='word_1_505' title='bbox 1528 3666 1750 3734; x_wconf 75' lang='grc' dir='ltr'><strong>ἀρετῆς,</strong></span> 
     </span>
    </p>
   </div>
   <div class='ocr_carea' id='block_1_68' title="bbox 179 3750 1752 3827">
    <p class='ocr_par' dir='ltr' id='par_1_68' title="bbox 179 3750 1752 3827">
     <span class='ocr_line' id='line_1_68' title="bbox 179 3750 1752 3827; baseline 0.003 -24"><span class='ocrx_word' id='word_1_506' title='bbox 179 3752 265 3803; x_wconf 68' lang='grc' dir='ltr'>καὶ</span> <span class='ocrx_word' id='word_1_507' title='bbox 293 3751 492 3820; x_wconf 79' lang='grc' dir='ltr'><strong>θηρσὶν</strong></span> <span class='ocrx_word' id='word_1_508' title='bbox 519 3750 763 3822; x_wconf 80' lang='grc' dir='ltr'><strong>ἄληπτον</strong></span> <span class='ocrx_word' id='word_1_509' title='bbox 803 3753 1128 3823; x_wconf 75' lang='grc' dir='ltr'><strong>διετήρησεν</strong></span> <span class='ocrx_word' id='word_1_510' title='bbox 1155 3767 1170 3782; x_wconf 83' lang='grc'><strong>⁸</strong></span> <span class='ocrx_word' id='word_1_511' title='bbox 1204 3755 1228 3803; x_wconf 77' lang='grc' dir='ltr'><strong>δ</strong></span> <span class='ocrx_word' id='word_1_512' title='bbox 1274 3761 1366 3808; x_wconf 71' lang='grc' dir='ltr'><strong>καὶ</strong></span> <span class='ocrx_word' id='word_1_513' title='bbox 1405 3757 1542 3823; x_wconf 80' lang='grc' dir='ltr'><strong>αὐτῇ</strong></span> <span class='ocrx_word' id='word_1_514' title='bbox 1587 3758 1752 3827; x_wconf 84' lang='grc' dir='ltr'><strong>πείρᾳ</strong></span> 
     </span>
    </p>
   </div>
   <div class='ocr_carea' id='block_1_69' title="bbox 181 3841 1752 3910">
    <p class='ocr_par' dir='ltr' id='par_1_69' title="bbox 181 3841 1752 3910">
     <span class='ocr_line' id='line_1_69' title="bbox 181 3841 1752 3910; baseline 0.004 -16"><span class='ocrx_word' id='word_1_515' title='bbox 181 3841 600 3910; x_wconf 70' lang='grc' dir='ltr'><strong>καταμαθόντες</strong></span> <span class='ocrx_word' id='word_1_516' title='bbox 634 3845 682 3893; x_wconf 79' lang='grc' dir='ltr'><strong>οἱ</strong></span> <span class='ocrx_word' id='word_1_517' title='bbox 717 3845 946 3910; x_wconf 75' lang='grc' dir='ltr'><strong>μοναχοὶ</strong></span> <span class='ocrx_word' id='word_1_518' title='bbox 997 3844 1058 3894; x_wconf 84' lang='grc' dir='ltr'>τὸ</span> <span class='ocrx_word' id='word_1_519' title='bbox 1113 3845 1356 3896; x_wconf 84' lang='grc' dir='ltr'><strong>συνεῖναι</strong></span> <span class='ocrx_word' id='word_1_520' title='bbox 1395 3844 1605 3909; x_wconf 82' lang='grc' dir='ltr'><strong>τούτοις</strong></span> <span class='ocrx_word' id='word_1_521' title='bbox 1636 3845 1752 3901; x_wconf 88' lang='grc' dir='ltr'><strong>θεο-</strong></span> 
     </span>
    </p>
   </div>
   <div class='ocr_carea' id='block_1_70' title="bbox 181 3923 1752 4012">
    <p class='ocr_par' dir='ltr' id='par_1_70' title="bbox 181 3923 1752 4012">
     <span class='ocr_line' id='line_1_70' title="bbox 181 3923 1752 4012; baseline 0.008 -28"><span class='ocrx_word' id='word_1_522' title='bbox 181 3923 326 3996; x_wconf 67' lang='grc' dir='ltr'><strong>ᾳιλὶς</strong></span> <span class='ocrx_word' id='word_1_523' title='bbox 353 3931 598 4000; x_wconf 83' lang='grc' dir='ltr'><strong>ἔκριναν.</strong></span> <span class='ocrx_word' id='word_1_524' title='bbox 661 3932 942 4004; x_wconf 78' lang='grc' dir='ltr'><strong>Ἀσμένως</strong></span> <span class='ocrx_word' id='word_1_525' title='bbox 997 3929 1092 3987; x_wconf 76' lang='grc' dir='ltr'><strong>οὖν</strong></span> <span class='ocrx_word' id='word_1_526' title='bbox 1123 3935 1524 4008; x_wconf 84' lang='grc' dir='ltr'><strong>είσδεχθείσης,</strong></span> <span class='ocrx_word' id='word_1_527' title='bbox 1577 3944 1604 3993; x_wconf 73' lang='grc' dir='ltr'><strong>ὁ</strong></span> <span class='ocrx_word' id='word_1_528' title='bbox 1652 3943 1752 4012; x_wconf 79' lang='grc' dir='ltr'><strong>τῆς</strong></span> 
     </span>
    </p>
   </div>
   <div class='ocr_carea' id='block_1_71' title="bbox 183 4022 1750 4101">
    <p class='ocr_par' dir='ltr' id='par_1_71' title="bbox 183 4022 1750 4101">
     <span class='ocr_line' id='line_1_71' title="bbox 183 4022 1750 4101; baseline 0.009 -29"><span class='ocrx_word' id='word_1_529' title='bbox 183 4023 346 4091; x_wconf 80' lang='grc' dir='ltr'><strong>μονῆς</strong></span> <span class='ocrx_word' id='word_1_530' title='bbox 367 4022 679 4092; x_wconf 77' lang='grc' dir='ltr'><strong>προεστὼς,</strong></span> <span class='ocrx_word' id='word_1_531' title='bbox 733 4025 976 4095; x_wconf 75' lang='grc' dir='ltr'><strong>ἐντυχὼν</strong></span> <span class='ocrx_word' id='word_1_532' title='bbox 1011 4027 1148 4099; x_wconf 76' lang='grc' dir='ltr'>αὐτῇ</span> <span class='ocrx_word' id='word_1_533' title='bbox 1201 4031 1344 4083; x_wconf 83' lang='grc' dir='ltr'><strong>κατά</strong></span> <span class='ocrx_word' id='word_1_534' title='bbox 1393 4033 1584 4101; x_wconf 74' lang='grc' dir='ltr'><strong>μόνας,</strong></span> <span class='ocrx_word' id='word_1_535' title='bbox 1631 4035 1750 4086; x_wconf 85' lang='grc' dir='ltr'><strong>ὲπι·</strong></span> 
     </span>
    </p>
   </div>
   <div class='ocr_carea' id='block_1_72' title="bbox 183 4115 1749 4206">
    <p class='ocr_par' dir='ltr' id='par_1_72' title="bbox 183 4115 1749 4194">
     <span class='ocr_line' id='line_1_72' title="bbox 183 4115 1749 4194; baseline 0.009 -28"><span class='ocrx_word' id='word_1_536' title='bbox 183 4117 353 4185; x_wconf 71' lang='grc' dir='ltr'><strong>μελῶς</strong></span> <span class='ocrx_word' id='word_1_537' title='bbox 392 4117 605 4186; x_wconf 78' lang='grc' dir='ltr'><strong>ὴρὼτα,</strong></span> <span class='ocrx_word' id='word_1_538' title='bbox 640 4115 723 4179; x_wconf 78' lang='grc' dir='ltr'><strong>τίς</strong></span> <span class='ocrx_word' id='word_1_539' title='bbox 750 4135 809 4170; x_wconf 89' lang='grc' dir='ltr'><strong>τε</strong></span> <span class='ocrx_word' id='word_1_540' title='bbox 840 4119 948 4187; x_wconf 79' lang='grc' dir='ltr'><strong>εἴη,</strong></span> <span class='ocrx_word' id='word_1_541' title='bbox 1010 4122 1104 4172; x_wconf 72' lang='grc' dir='ltr'>καὶ</span> <span class='ocrx_word' id='word_1_542' title='bbox 1146 4123 1286 4174; x_wconf 76' lang='grc' dir='ltr'>κατὰ</span> <span class='ocrx_word' id='word_1_543' title='bbox 1342 4125 1500 4176; x_wconf 82' lang='grc' dir='ltr'><strong>ποίαν</strong></span> <span class='ocrx_word' id='word_1_544' title='bbox 1537 4125 1600 4194; x_wconf 82' lang='grc' dir='ltr'>δὴ</span> <span class='ocrx_word' id='word_1_545' title='bbox 1649 4128 1749 4194; x_wconf 71' lang='grc' dir='ltr'><strong>τὴν</strong></span> 
     </span>
    </p>
   </div>
   <div class='ocr_carea' id='block_1_73' title="bbox 180 4209 1750 4291">
    <p class='ocr_par' dir='ltr' id='par_1_73' title="bbox 180 4209 1750 4291">
     <span class='ocr_line' id='line_1_73' title="bbox 180 4209 1750 4291; baseline 0.013 -39"><span class='ocrx_word' id='word_1_546' title='bbox 180 4211 379 4272; x_wconf 73' lang='grc' dir='ltr'><strong>αἰτίαν,</strong></span> <span class='ocrx_word' id='word_1_547' title='bbox 436 4210 576 4279; x_wconf 79' lang='grc' dir='ltr'><strong>πρὸς</strong></span> <span class='ocrx_word' id='word_1_548' title='bbox 622 4209 692 4260; x_wconf 88' lang='grc' dir='ltr'><strong>τά</strong></span> <span class='ocrx_word' id='word_1_549' title='bbox 738 4210 850 4262; x_wconf 83' lang='grc' dir='ltr'><strong>τῶν</strong></span> <span class='ocrx_word' id='word_1_550' title='bbox 905 4213 1158 4280; x_wconf 84' lang='grc' dir='ltr'><strong>μοναχῶν</strong></span> <span class='ocrx_word' id='word_1_551' title='bbox 1214 4215 1600 4284; x_wconf 65' lang='grc' dir='ltr'><strong>παραγένοιτο.</strong></span> <span class='ocrx_word' id='word_1_552' title='bbox 1659 4220 1750 4291; x_wconf 81' lang='grc' dir='ltr'><strong>Μὴ</strong></span> 
     </span>
    </p>
   </div>
   <div class='ocr_carea' id='block_1_74' title="bbox 179 4299 1749 4385">
    <p class='ocr_par' dir='ltr' id='par_1_74' title="bbox 179 4299 1749 4385">
     <span class='ocr_line' id='line_1_74' title="bbox 179 4299 1749 4385; baseline 0.006 -29"><span class='ocrx_word' id='word_1_553' title='bbox 179 4299 504 4371; x_wconf 82' lang='grc' dir='ltr'><strong>δανείσμασι</strong></span> <span class='ocrx_word' id='word_1_554' title='bbox 577 4301 780 4371; x_wconf 81' lang='grc' dir='ltr'><strong>χρεῶν,</strong></span> <span class='ocrx_word' id='word_1_555' title='bbox 854 4303 1010 4373; x_wconf 72' lang='grc' dir='ltr'><strong>φησὶ,</strong></span> <span class='ocrx_word' id='word_1_556' title='bbox 1063 4303 1450 4378; x_wconf 73' lang='grc' dir='ltr'><strong>βαρυνόμενος,</strong></span> <span class='ocrx_word' id='word_1_557' title='bbox 1506 4309 1538 4380; x_wconf 75' lang='grc' dir='ltr'><strong>ἢ</strong></span> <span class='ocrx_word' id='word_1_558' title='bbox 1604 4311 1749 4385; x_wconf 71' lang='grc' dir='ltr'><strong>φόνῳ</strong></span> 
     </span>
    </p>
   </div>
   <div class='ocr_carea' id='block_1_75' title="bbox 182 4393 1750 4474">
    <p class='ocr_par' dir='ltr' id='par_1_75' title="bbox 182 4393 1750 4474">
     <span class='ocr_line' id='line_1_75' title="bbox 182 4393 1750 4474; baseline 0.009 -29"><span class='ocrx_word' id='word_1_559' title='bbox 182 4395 318 4456; x_wconf 82' lang='grc' dir='ltr'><strong>τινὸς</strong></span> <span class='ocrx_word' id='word_1_560' title='bbox 341 4393 526 4461; x_wconf 81' lang='grc' dir='ltr'><strong>ἀλοὺς,</strong></span> <span class='ocrx_word' id='word_1_561' title='bbox 560 4394 592 4463; x_wconf 81' lang='grc' dir='ltr'>ἢ</span> <span class='ocrx_word' id='word_1_562' title='bbox 620 4398 842 4464; x_wconf 78' lang='grc' dir='ltr'><strong>τρέφειν</strong></span> <span class='ocrx_word' id='word_1_563' title='bbox 879 4399 1076 4457; x_wconf 82' lang='grc' dir='ltr'>παῖδας</span> <span class='ocrx_word' id='word_1_564' title='bbox 1103 4400 1429 4468; x_wconf 69' lang='grc' dir='ltr'><strong>ἠπορηκὼς,</strong></span> <span class='ocrx_word' id='word_1_565' title='bbox 1467 4404 1528 4456; x_wconf 85' lang='grc' dir='ltr'><strong>τὸ</strong></span> <span class='ocrx_word' id='word_1_566' title='bbox 1559 4423 1750 4474; x_wconf 79' lang='grc' dir='ltr'><strong>κοσμι-</strong></span> 
     </span>
    </p>
   </div>
   <div class='ocr_carea' id='block_1_76' title="bbox 183 4484 1739 4564">
    <p class='ocr_par' dir='ltr' id='par_1_76' title="bbox 183 4484 1739 4564">
     <span class='ocr_line' id='line_1_76' title="bbox 183 4484 1739 4564; baseline 0.008 -30"><span class='ocrx_word' id='word_1_567' title='bbox 183 4488 266 4535; x_wconf 71' lang='grc' dir='ltr'>κδν</span> <span class='ocrx_word' id='word_1_568' title='bbox 309 4484 614 4537; x_wconf 74' lang='grc' dir='ltr'><strong>ἀποϐαλεῖν</strong></span> <span class='ocrx_word' id='word_1_569' title='bbox 667 4487 857 4555; x_wconf 79' lang='grc' dir='ltr'><strong>σχῆμα</strong></span> <span class='ocrx_word' id='word_1_570' title='bbox 893 4487 1144 4556; x_wconf 75' lang='grc' dir='ltr'><strong>προείλου</strong></span> <span class='ocrx_word' id='word_1_571' title='bbox 1174 4507 1188 4552; x_wconf 90' lang='lat'><strong>;</strong></span> <span class='ocrx_word' id='word_1_572' title='bbox 1221 4494 1298 4544; x_wconf 86' lang='lat' dir='ltr'><strong>At&#39;</strong></span> <span class='ocrx_word' id='word_1_573' title='bbox 1335 4495 1487 4547; x_wconf 77' lang='grc' dir='ltr'><strong>οὐδὲν</strong></span> <span class='ocrx_word' id='word_1_574' title='bbox 1511 4499 1739 4564; x_wconf 79' lang='grc' dir='ltr'><strong>τούτων,</strong></span> 
     </span>
    </p>
   </div>
   <div class='ocr_carea' id='block_1_77' title="bbox 183 4571 1744 4657">
    <p class='ocr_par' dir='ltr' id='par_1_77' title="bbox 183 4571 1744 4657">
     <span class='ocr_line' id='line_1_77' title="bbox 183 4571 1744 4657; baseline 0.01 -29"><span class='ocrx_word' id='word_1_575' title='bbox 183 4575 489 4646; x_wconf 74' lang='grc' dir='ltr'><strong>ἠθεοδὼρα</strong></span> <span class='ocrx_word' id='word_1_576' title='bbox 511 4574 690 4640; x_wconf 78' lang='grc' dir='ltr'><strong>εἶπεν,</strong></span> <span class='ocrx_word' id='word_1_577' title='bbox 719 4571 763 4630; x_wconf 77' lang='grc' dir='ltr'>ὦ</span> <span class='ocrx_word' id='word_1_578' title='bbox 801 4579 999 4648; x_wconf 81' lang='grc' dir='ltr'><strong>πάτερ,</strong></span> <span class='ocrx_word' id='word_1_579' title='bbox 1038 4581 1173 4635; x_wconf 86' lang='grc' dir='ltr'><strong>ἀλλά</strong></span> <span class='ocrx_word' id='word_1_580' title='bbox 1210 4585 1360 4653; x_wconf 85' lang='grc' dir='ltr'><strong>παρά</strong></span> <span class='ocrx_word' id='word_1_581' title='bbox 1393 4586 1452 4639; x_wconf 88' lang='grc' dir='ltr'><strong>τὺ</strong></span> <span class='ocrx_word' id='word_1_582' title='bbox 1484 4589 1744 4657; x_wconf 74' lang='grc' dir='ltr'><strong>σχολάσαι</strong></span> 
     </span>
    </p>
   </div>
   <div class='ocr_carea' id='block_1_78' title="bbox 188 4669 1820 4759">
    <p class='ocr_par' dir='ltr' id='par_1_78' title="bbox 188 4669 1820 4759">
     <span class='ocr_line' id='line_1_78' title="bbox 188 4669 1820 4759; baseline 0.009 -37"><span class='ocrx_word' id='word_1_583' title='bbox 188 4689 245 4738; x_wconf 74' lang='grc' dir='ltr'><strong>με</strong></span> <span class='ocrx_word' id='word_1_584' title='bbox 282 4671 448 4741; x_wconf 82' lang='grc' dir='ltr'><strong>μόνον</strong></span> <span class='ocrx_word' id='word_1_585' title='bbox 481 4669 574 4722; x_wconf 76' lang='grc' dir='ltr'><strong>τοῦ</strong></span> <span class='ocrx_word' id='word_1_586' title='bbox 630 4672 900 4743; x_wconf 84' lang='grc' dir='ltr'><strong>κοσμικοῦ</strong></span> <span class='ocrx_word' id='word_1_587' title='bbox 954 4674 1208 4743; x_wconf 79' lang='grc' dir='ltr'><strong>θορύϐου,</strong></span> <span class='ocrx_word' id='word_1_588' title='bbox 1253 4681 1349 4732; x_wconf 68' lang='grc' dir='ltr'>καὶ</span> <span class='ocrx_word' id='word_1_589' title='bbox 1393 4678 1490 4740; x_wconf 78' lang='grc' dir='ltr'><strong>τὰς</strong></span> <span class='ocrx_word' id='word_1_590' title='bbox 1536 4684 1740 4744; x_wconf 81' lang='grc' dir='ltr'><strong>οἰκείας</strong></span> <span class='ocrx_word' id='word_1_591' title='bbox 1780 4706 1820 4759; x_wconf 79' lang='lat' dir='ltr'><strong>D</strong></span> 
     </span>
    </p>
   </div>
   <div class='ocr_carea' id='block_1_79' title="bbox 186 4763 1750 4842">
    <p class='ocr_par' dir='ltr' id='par_1_79' title="bbox 186 4763 1750 4842">
     <span class='ocr_line' id='line_1_79' title="bbox 186 4763 1750 4842; baseline 0.009 -28"><span class='ocrx_word' id='word_1_592' title='bbox 186 4763 625 4818; x_wconf 68' lang='grc' dir='ltr'><strong>ἀποκλαύσασθαι</strong></span> <span class='ocrx_word' id='word_1_593' title='bbox 672 4764 969 4834; x_wconf 80' lang='grc' dir='ltr'><strong>ἁμαρτίας.</strong></span> <span class='ocrx_word' id='word_1_594' title='bbox 1029 4769 1154 4830; x_wconf 80' lang='grc' dir='ltr'><strong>Πῶς</strong></span> <span class='ocrx_word' id='word_1_595' title='bbox 1187 4769 1244 4822; x_wconf 84' lang='grc' dir='ltr'><strong>δὲ</strong></span> <span class='ocrx_word' id='word_1_596' title='bbox 1287 4771 1402 4833; x_wconf 72' lang='grc' dir='ltr'>καὶ,</span> <span class='ocrx_word' id='word_1_597' title='bbox 1451 4772 1750 4842; x_wconf 68' lang='grc' dir='ltr'><strong>ἀνθυπὲφεο</strong></span> 
     </span>
    </p>
   </div>
   <div class='ocr_carea' id='block_1_80' title="bbox 189 4856 1751 4930">
    <p class='ocr_par' dir='ltr' id='par_1_80' title="bbox 189 4856 1751 4930">
     <span class='ocr_line' id='line_1_80' title="bbox 189 4856 1751 4930; baseline 0.01 -25"><span class='ocrx_word' id='word_1_598' title='bbox 189 4873 268 4920; x_wconf 77' lang='grc' dir='ltr'><strong>ρεν</strong></span> <span class='ocrx_word' id='word_1_599' title='bbox 295 4857 322 4906; x_wconf 77' lang='grc' dir='ltr'><em>ὁ</em></span> <span class='ocrx_word' id='word_1_600' title='bbox 355 4856 551 4923; x_wconf 84' lang='grc' dir='ltr'><strong>μέγας,</strong></span> <span class='ocrx_word' id='word_1_601' title='bbox 577 4856 738 4925; x_wconf 76' lang='grc' dir='ltr'><strong>καλῇ;</strong></span> <span class='ocrx_word' id='word_1_602' title='bbox 778 4858 886 4908; x_wconf 73' lang='grc' dir='ltr'><strong>Καὶ</strong></span> <span class='ocrx_word' id='word_1_603' title='bbox 919 4859 950 4927; x_wconf 73' lang='grc' dir='ltr'>ἡ</span> <span class='ocrx_word' id='word_1_604' title='bbox 982 4862 1228 4925; x_wconf 79' lang='grc' dir='ltr'><strong>γενναία,</strong></span> <span class='ocrx_word' id='word_1_605' title='bbox 1262 4862 1556 4930; x_wconf 72' lang='grc' dir='ltr'><strong>Θεόδωρος.</strong></span> <span class='ocrx_word' id='word_1_606' title='bbox 1577 4862 1751 4930; x_wconf 80' lang='grc' dir='ltr'><strong>εἶπεν,</strong></span> 
     </span>
    </p>
   </div>
   <div class='ocr_carea' id='block_1_81' title="bbox 190 4947 1749 5029">
    <p class='ocr_par' dir='ltr' id='par_1_81' title="bbox 190 4947 1749 5029">
     <span class='ocr_line' id='line_1_81' title="bbox 190 4947 1749 5029; baseline 0.008 -31"><span class='ocrx_word' id='word_1_607' title='bbox 190 4949 294 5013; x_wconf 61' lang='grc' dir='ltr'><strong>ἐμοὶ</strong></span> <span class='ocrx_word' id='word_1_608' title='bbox 348 4948 410 5001; x_wconf 80' lang='grc' dir='ltr'>τὸ</span> <span class='ocrx_word' id='word_1_609' title='bbox 460 4948 657 5016; x_wconf 75' lang='grc' dir='ltr'><strong>ὄνομα.</strong></span> <span class='ocrx_word' id='word_1_610' title='bbox 712 4947 769 5002; x_wconf 86' lang='grc' dir='ltr'>Ὀ</span> <span class='ocrx_word' id='word_1_611' title='bbox 801 4949 900 5014; x_wconf 82' lang='grc' dir='ltr'><strong>δὲ,</strong></span> <span class='ocrx_word' id='word_1_612' title='bbox 938 4950 1031 5003; x_wconf 80' lang='grc' dir='ltr'>καὶ</span> <span class='ocrx_word' id='word_1_613' title='bbox 1070 4952 1144 5023; x_wconf 80' lang='grc' dir='ltr'><strong>μὴ</strong></span> <span class='ocrx_word' id='word_1_614' title='bbox 1184 4955 1538 5024; x_wconf 77' lang='grc' dir='ltr'><strong>ὑπολάμϐανε</strong></span> <span class='ocrx_word' id='word_1_615' title='bbox 1565 4999 1578 5016; x_wconf 85' lang='grc'><strong>,</strong></span> <span class='ocrx_word' id='word_1_616' title='bbox 1620 4962 1749 5029; x_wconf 74' lang='grc' dir='ltr'><strong>ἔφη,</strong></span> 
     </span>
    </p>
   </div>
   <div class='ocr_carea' id='block_1_82' title="bbox 189 5041 1754 5122">
    <p class='ocr_par' dir='ltr' id='par_1_82' title="bbox 189 5041 1754 5122">
     <span class='ocr_line' id='line_1_82' title="bbox 189 5041 1754 5122; baseline 0.007 -30"><span class='ocrx_word' id='word_1_617' title='bbox 189 5041 369 5110; x_wconf 59' lang='grc' dir='ltr'><strong>ἀδελφὴ</strong></span> <span class='ocrx_word' id='word_1_618' title='bbox 441 5041 710 5110; x_wconf 74' lang='grc' dir='ltr'><strong>Θεόδωρε,</strong></span> <span class='ocrx_word' id='word_1_619' title='bbox 792 5043 874 5096; x_wconf 77' lang='grc' dir='ltr'><strong>ὅτι</strong></span> <span class='ocrx_word' id='word_1_620' title='bbox 923 5043 1080 5106; x_wconf 80' lang='grc' dir='ltr'>ἐκτὸς</span> <span class='ocrx_word' id='word_1_621' title='bbox 1141 5045 1291 5098; x_wconf 76' lang='grc' dir='ltr'><strong>ἔσται</strong></span> <span class='ocrx_word' id='word_1_622' title='bbox 1358 5064 1438 5100; x_wconf 83' lang='grc' dir='ltr'><strong>σοι</strong></span> <span class='ocrx_word' id='word_1_623' title='bbox 1508 5052 1679 5102; x_wconf 73' lang='grc' dir='ltr'>πόνων</span> <span class='ocrx_word' id='word_1_624' title='bbox 1721 5054 1754 5122; x_wconf 78' lang='grc' dir='ltr'><strong>ἡ</strong></span> 
     </span>
    </p>
   </div>
   <div class='ocr_carea' id='block_1_83' title="bbox 192 5135 1747 5211">
    <p class='ocr_par' dir='ltr' id='par_1_83' title="bbox 192 5135 1747 5211">
     <span class='ocr_line' id='line_1_83' title="bbox 192 5135 1747 5211; baseline 0.007 -27"><span class='ocrx_word' id='word_1_625' title='bbox 192 5135 408 5188; x_wconf 75' lang='grc' dir='ltr'><strong>ἐνταῦθα</strong></span> <span class='ocrx_word' id='word_1_626' title='bbox 462 5135 712 5206; x_wconf 81' lang='grc' dir='ltr'>διαγωγή</span> <span class='ocrx_word' id='word_1_627' title='bbox 743 5151 756 5164; x_wconf 87' lang='grc'>·</span> <span class='ocrx_word' id='word_1_628' title='bbox 790 5135 907 5187; x_wconf 81' lang='grc' dir='ltr'><strong>ἀλλ’</strong></span> <span class='ocrx_word' id='word_1_629' title='bbox 941 5138 989 5189; x_wconf 84' lang='grc' dir='ltr'><strong>εί</strong></span> <span class='ocrx_word' id='word_1_630' title='bbox 1022 5136 1201 5208; x_wconf 70' lang='grc' dir='ltr'><strong>βούλει</strong></span> <span class='ocrx_word' id='word_1_631' title='bbox 1247 5139 1324 5208; x_wconf 77' lang='grc' dir='ltr'><strong>τῷ</strong></span> <span class='ocrx_word' id='word_1_632' title='bbox 1366 5140 1480 5192; x_wconf 72' lang='grc' dir='ltr'><strong>ὄντι</strong></span> <span class='ocrx_word' id='word_1_633' title='bbox 1508 5142 1598 5192; x_wconf 64' lang='grc' dir='ltr'><strong>τὸν</strong></span> <span class='ocrx_word' id='word_1_634' title='bbox 1649 5144 1747 5211; x_wconf 69' lang='grc' dir='ltr'><strong>τῆς</strong></span> 
     </span>
    </p>
   </div>
   <div class='ocr_carea' id='block_1_84' title="bbox 193 5225 1746 5300">
    <p class='ocr_par' dir='ltr' id='par_1_84' title="bbox 193 5225 1746 5300">
     <span class='ocr_line' id='line_1_84' title="bbox 193 5225 1746 5300; baseline 0.005 -24"><span class='ocrx_word' id='word_1_635' title='bbox 193 5225 424 5292; x_wconf 73' lang='grc' dir='ltr'>ὑπακοῆς</span> <span class='ocrx_word' id='word_1_636' title='bbox 482 5226 648 5293; x_wconf 72' lang='grc' dir='ltr'><strong>ζυγὸν</strong></span> <span class='ocrx_word' id='word_1_637' title='bbox 731 5225 1023 5292; x_wconf 77' lang='grc' dir='ltr'><strong>ὑπελθεῖν,</strong></span> <span class='ocrx_word' id='word_1_638' title='bbox 1092 5227 1294 5291; x_wconf 82' lang='grc' dir='ltr'><strong>πάσαις</strong></span> <span class='ocrx_word' id='word_1_639' title='bbox 1353 5229 1498 5283; x_wconf 85' lang='grc' dir='ltr'><strong>ίσθι-</strong></span> <span class='ocrx_word' id='word_1_640' title='bbox 1536 5231 1746 5300; x_wconf 80' lang='grc' dir='ltr'><strong>χρείαις</strong></span> 
     </span>
    </p>
   </div>
   <div class='ocr_carea' id='block_1_85' title="bbox 194 5317 1743 5394">
    <p class='ocr_par' dir='ltr' id='par_1_85' title="bbox 194 5317 1743 5394">
     <span class='ocr_line' id='line_1_85' title="bbox 194 5317 1743 5394; baseline 0.005 -28"><span class='ocrx_word' id='word_1_641' title='bbox 194 5318 543 5387; x_wconf 62' lang='grc' dir='ltr'><strong>ὑπηρετήσων</strong></span> <span class='ocrx_word' id='word_1_642' title='bbox 599 5317 706 5370; x_wconf 81' lang='grc' dir='ltr'><strong>τῶν</strong></span> <span class='ocrx_word' id='word_1_643' title='bbox 765 5317 1036 5384; x_wconf 74' lang='grc' dir='ltr'><strong>ἀδελφῶν,</strong></span> <span class='ocrx_word' id='word_1_644' title='bbox 1096 5321 1158 5372; x_wconf 79' lang='grc' dir='ltr'><strong>οὐ</strong></span> <span class='ocrx_word' id='word_1_645' title='bbox 1211 5323 1333 5382; x_wconf 88' lang='grc' dir='ltr'><strong>ταῖς</strong></span> <span class='ocrx_word' id='word_1_646' title='bbox 1382 5322 1438 5373; x_wconf 82' lang='grc' dir='ltr'><strong>ὲν</strong></span> <span class='ocrx_word' id='word_1_647' title='bbox 1483 5323 1546 5389; x_wconf 79' lang='grc' dir='ltr'><strong>τῇ</strong></span> <span class='ocrx_word' id='word_1_648' title='bbox 1607 5324 1743 5394; x_wconf 82' lang='grc' dir='ltr'><strong>μονῇ</strong></span> 
     </span>
    </p>
   </div>
   <div class='ocr_carea' id='block_1_86' title="bbox 197 5403 1740 5480">
    <p class='ocr_par' dir='ltr' id='par_1_86' title="bbox 197 5403 1740 5480">
     <span class='ocr_line' id='line_1_86' title="bbox 197 5403 1740 5480; baseline 0.004 -24"><span class='ocrx_word' id='word_1_649' title='bbox 197 5414 358 5473; x_wconf 65' lang='grc' dir='ltr'><strong>μὲνον,</strong></span> <span class='ocrx_word' id='word_1_650' title='bbox 381 5403 495 5462; x_wconf 71' lang='grc' dir='ltr'><strong>οἷον</strong></span> <span class='ocrx_word' id='word_1_651' title='bbox 521 5408 630 5459; x_wconf 75' lang='grc' dir='ltr'><strong>τῶν</strong></span> <span class='ocrx_word' id='word_1_652' title='bbox 660 5409 841 5477; x_wconf 74' lang='grc' dir='ltr'><strong>φυτῶν</strong></span> <span class='ocrx_word' id='word_1_653' title='bbox 878 5412 969 5462; x_wconf 82' lang='grc' dir='ltr'><strong>καί</strong></span> <span class='ocrx_word' id='word_1_654' title='bbox 1003 5409 1250 5478; x_wconf 80' lang='grc' dir='ltr'><strong>λαχάνων</strong></span> <span class='ocrx_word' id='word_1_655' title='bbox 1288 5411 1740 5480; x_wconf 73' lang='grc' dir='ltr'><strong>ἐπιμελούμενος,</strong></span> 
     </span>
    </p>
   </div>
   <div class='ocr_carea' id='block_1_87' title="bbox 196 5501 1741 5575">
    <p class='ocr_par' dir='ltr' id='par_1_87' title="bbox 196 5501 1741 5575">
     <span class='ocr_line' id='line_1_87' title="bbox 196 5501 1741 5575; baseline 0.005 -23"><span class='ocrx_word' id='word_1_656' title='bbox 196 5501 363 5566; x_wconf 78' lang='grc' dir='ltr'><strong>ἱόατός</strong></span> <span class='ocrx_word' id='word_1_657' title='bbox 431 5519 490 5555; x_wconf 83' lang='grc' dir='ltr'><strong>τε</strong></span> <span class='ocrx_word' id='word_1_658' title='bbox 553 5502 894 5571; x_wconf 77' lang='grc' dir='ltr'><strong>μετακομιδῆ</strong></span> <span class='ocrx_word' id='word_1_659' title='bbox 956 5502 1424 5571; x_wconf 23' lang='grc' dir='ltr'><strong>λειτουργῶν,καῖ</strong></span> <span class='ocrx_word' id='word_1_660' title='bbox 1476 5503 1741 5575; x_wconf 58' lang='grc' dir='ltr'><strong>ἀμελλητὶ</strong></span> 
     </span>
    </p>
   </div>
   <div class='ocr_carea' id='block_1_88' title="bbox 190 5593 1738 5668">
    <p class='ocr_par' dir='ltr' id='par_1_88' title="bbox 190 5593 1738 5668">
     <span class='ocr_line' id='line_1_88' title="bbox 190 5593 1738 5668; baseline 0.005 -24"><span class='ocrx_word' id='word_1_661' title='bbox 190 5593 363 5664; x_wconf 73' lang='grc' dir='ltr'><strong>ἄρδων,</strong></span> <span class='ocrx_word' id='word_1_662' title='bbox 394 5595 536 5649; x_wconf 81' lang='grc' dir='ltr'><strong>ἀλλὰ</strong></span> <span class='ocrx_word' id='word_1_663' title='bbox 562 5593 625 5664; x_wconf 76' lang='grc' dir='ltr'><strong>δὴ</strong></span> <span class='ocrx_word' id='word_1_664' title='bbox 653 5594 745 5644; x_wconf 68' lang='grc' dir='ltr'>καὶ</span> <span class='ocrx_word' id='word_1_665' title='bbox 765 5598 887 5656; x_wconf 79' lang='grc' dir='ltr'><strong>ταῖς</strong></span> <span class='ocrx_word' id='word_1_666' title='bbox 916 5595 1020 5660; x_wconf 81' lang='grc' dir='ltr'>ἕξω</span> <span class='ocrx_word' id='word_1_667' title='bbox 1047 5593 1250 5664; x_wconf 74' lang='grc' dir='ltr'><strong>ταύτης</strong></span> <span class='ocrx_word' id='word_1_668' title='bbox 1297 5596 1738 5668; x_wconf 81' lang='grc' dir='ltr'><strong>διακονούμενος,</strong></span> 
     </span>
    </p>
   </div>
   <div class='ocr_carea' id='block_1_89' title="bbox 195 5686 1737 5762">
    <p class='ocr_par' dir='ltr' id='par_1_89' title="bbox 195 5686 1737 5762">
     <span class='ocr_line' id='line_1_89' title="bbox 195 5686 1737 5762; baseline 0 -20"><span class='ocrx_word' id='word_1_669' title='bbox 195 5689 271 5743; x_wconf 73' lang='grc' dir='ltr'>καὶ</span> <span class='ocrx_word' id='word_1_670' title='bbox 300 5689 384 5741; x_wconf 80' lang='grc' dir='ltr'><strong>ὅτε</strong></span> <span class='ocrx_word' id='word_1_671' title='bbox 417 5689 581 5756; x_wconf 76' lang='grc' dir='ltr'><strong>χρεία</strong></span> <span class='ocrx_word' id='word_1_672' title='bbox 613 5686 802 5756; x_wconf 74' lang='grc' dir='ltr'><strong>καλοίη</strong></span> <span class='ocrx_word' id='word_1_673' title='bbox 845 5691 977 5756; x_wconf 65' lang='grc' dir='ltr'><strong>πρὲις</strong></span> <span class='ocrx_word' id='word_1_674' title='bbox 1020 5688 1116 5758; x_wconf 70' lang='grc' dir='ltr'><strong>τὴν</strong></span> <span class='ocrx_word' id='word_1_675' title='bbox 1155 5687 1308 5741; x_wconf 80' lang='grc' dir='ltr'><strong>πόλιν</strong></span> <span class='ocrx_word' id='word_1_676' title='bbox 1357 5690 1574 5743; x_wconf 72' lang='grc' dir='ltr'><strong>ἀπιέναι</strong></span> <span class='ocrx_word' id='word_1_677' title='bbox 1604 5734 1616 5757; x_wconf 91' lang='grc'><strong>,</strong></span> <span class='ocrx_word' id='word_1_678' title='bbox 1664 5690 1737 5762; x_wconf 76' lang='grc' dir='ltr'><strong>μὴ</strong></span> 
     </span>
    </p>
   </div>
   <div class='ocr_carea' id='block_1_90' title="bbox 247 5816 1306 5920">
    <p class='ocr_par' dir='ltr' id='par_1_90' title="bbox 247 5816 1306 5920">
     <span class='ocr_line' id='line_1_90' title="bbox 247 5816 1306 5920; baseline -0.001 -20"><span class='ocrx_word' id='word_1_679' title='bbox 247 5843 268 5878; x_wconf 79' lang='grc'><strong><em>⁵</em></strong></span> <span class='ocrx_word' id='word_1_680' title='bbox 294 5845 447 5904; x_wconf 70' lang='lat' dir='ltr'><strong>Joan;</strong></span> <span class='ocrx_word' id='word_1_681' title='bbox 477 5860 590 5903; x_wconf 76' lang='lat' dir='ltr'><strong>xix.</strong></span> <span class='ocrx_word' id='word_1_682' title='bbox 619 5843 708 5896; x_wconf 69' lang='grc' dir='ltr'><strong>τε.</strong></span> <span class='ocrx_word' id='word_1_683' title='bbox 778 5842 816 5873; x_wconf 82' lang='grc'><strong>’⁸</strong></span> <span class='ocrx_word' id='word_1_684' title='bbox 837 5843 966 5903; x_wconf 73' lang='lat' dir='ltr'><strong>Dan.</strong></span> <span class='ocrx_word' id='word_1_685' title='bbox 996 5816 1066 5906; x_wconf 69' lang='lat' dir='ltr'><strong>vr,</strong></span> <span class='ocrx_word' id='word_1_686' title='bbox 1107 5845 1125 5897; x_wconf 89' lang='lat' dir='ltr'><strong>l</strong></span> <span class='ocrx_word' id='word_1_687' title='bbox 1157 5861 1306 5920; x_wconf 81' lang='lat' dir='ltr'><strong>seqq.</strong></span> 
     </span>
    </p>
   </div>
   <div class='ocr_carea' id='block_1_91' title="bbox 1859 3472 3429 3543">
    <p class='ocr_par' dir='ltr' id='par_1_91' title="bbox 1859 3472 3429 3543">
     <span class='ocr_line' id='line_1_91' title="bbox 1859 3472 3429 3543; baseline 0 -16"><span class='ocrx_word' id='word_1_688' title='bbox 1859 3488 2090 3527; x_wconf 86' lang='lat' dir='ltr'><strong>manens</strong></span> <span class='ocrx_word' id='word_1_689' title='bbox 2141 3483 2267 3526; x_wconf 90' lang='lat' dir='ltr'><strong>ante</strong></span> <span class='ocrx_word' id='word_1_690' title='bbox 2321 3474 2671 3527; x_wconf 81' lang='lat' dir='ltr'><strong>vestibulum.</strong></span> <span class='ocrx_word' id='word_1_691' title='bbox 2731 3472 3100 3538; x_wconf 87' lang='lat' dir='ltr'><strong>Quamobrem</strong></span> <span class='ocrx_word' id='word_1_692' title='bbox 3160 3476 3248 3543; x_wconf 90' lang='lat' dir='ltr'><strong>qui</strong></span> <span class='ocrx_word' id='word_1_693' title='bbox 3299 3474 3429 3527; x_wconf 83' lang='lat' dir='ltr'><strong>olim</strong></span> 
     </span>
    </p>
   </div>
   <div class='ocr_carea' id='block_1_92' title="bbox 1857 3564 3428 3634">
    <p class='ocr_par' dir='ltr' id='par_1_92' title="bbox 1857 3564 3428 3634">
     <span class='ocr_line' id='line_1_92' title="bbox 1857 3564 3428 3634; baseline -0.001 -14"><span class='ocrx_word' id='word_1_694' title='bbox 1857 3564 2063 3620; x_wconf 90' lang='lat' dir='ltr'><strong>Danieli</strong></span> <span class='ocrx_word' id='word_1_695' title='bbox 2105 3565 2372 3619; x_wconf 90' lang='lat' dir='ltr'><strong>leoninam</strong></span> <span class='ocrx_word' id='word_1_696' title='bbox 2423 3565 2780 3620; x_wconf 83' lang='lat' dir='ltr'><strong>mansuefecit</strong></span> <span class='ocrx_word' id='word_1_697' title='bbox 2833 3564 3209 3620; x_wconf 88' lang='lat' dir='ltr'><strong>crudelitatem</strong></span> <span class='ocrx_word' id='word_1_698' title='bbox 3235 3567 3284 3629; x_wconf 83' lang='lat'><strong>&#39;,</strong></span> <span class='ocrx_word' id='word_1_699' title='bbox 3315 3566 3428 3634; x_wconf 85' lang='lat' dir='ltr'><strong>ipse</strong></span> 
     </span>
    </p>
   </div>
   <div class='ocr_carea' id='block_1_93' title="bbox 1857 3657 3428 3729">
    <p class='ocr_par' dir='ltr' id='par_1_93' title="bbox 1857 3657 3428 3729">
     <span class='ocr_line' id='line_1_93' title="bbox 1857 3657 3428 3729; baseline 0.001 -19"><span class='ocrx_word' id='word_1_700' title='bbox 1857 3673 2074 3727; x_wconf 88' lang='lat' dir='ltr'><strong>quoque</strong></span> <span class='ocrx_word' id='word_1_701' title='bbox 2106 3658 2284 3712; x_wconf 83' lang='lat' dir='ltr'><strong>sciens</strong></span> <span class='ocrx_word' id='word_1_702' title='bbox 2327 3660 2391 3712; x_wconf 88' lang='lat' dir='ltr'><strong>ad</strong></span> <span class='ocrx_word' id='word_1_703' title='bbox 2425 3669 2680 3729; x_wconf 85' lang='lat' dir='ltr'><strong>quantam</strong></span> <span class='ocrx_word' id='word_1_704' title='bbox 2719 3658 2934 3713; x_wconf 88' lang='lat' dir='ltr'><strong>virtutis</strong></span> <span class='ocrx_word' id='word_1_705' title='bbox 2978 3657 3320 3711; x_wconf 89' lang='lat' dir='ltr'><strong>altitudinem</strong></span> <span class='ocrx_word' id='word_1_706' title='bbox 3358 3658 3428 3712; x_wconf 89' lang='lat' dir='ltr'><strong>sit</strong></span> 
     </span>
    </p>
   </div>
   <div class='ocr_carea' id='block_1_94' title="bbox 1855 3748 3424 3816">
    <p class='ocr_par' dir='ltr' id='par_1_94' title="bbox 1855 3748 3424 3816">
     <span class='ocr_line' id='line_1_94' title="bbox 1855 3748 3424 3816; baseline 0.001 -13"><span class='ocrx_word' id='word_1_707' title='bbox 1855 3758 2040 3803; x_wconf 75' lang='lat' dir='ltr'><strong>Sancta</strong></span> <span class='ocrx_word' id='word_1_708' title='bbox 2095 3760 2446 3816; x_wconf 88' lang='lat' dir='ltr'><strong>perventura,</strong></span> <span class='ocrx_word' id='word_1_709' title='bbox 2500 3751 2846 3802; x_wconf 78' lang='lat' dir='ltr'><strong>conservavit</strong></span> <span class='ocrx_word' id='word_1_710' title='bbox 2902 3764 3043 3809; x_wconf 86' lang='lat' dir='ltr'><strong>eam,</strong></span> <span class='ocrx_word' id='word_1_711' title='bbox 3094 3764 3162 3802; x_wconf 91' lang='lat' dir='ltr'><strong>ne</strong></span> <span class='ocrx_word' id='word_1_712' title='bbox 3209 3763 3238 3801; x_wconf 89' lang='lat' dir='ltr'><strong>a</strong></span> <span class='ocrx_word' id='word_1_713' title='bbox 3297 3748 3424 3804; x_wconf 81' lang='lat' dir='ltr'><strong>feris</strong></span> 
     </span>
    </p>
   </div>
   <div class='ocr_carea' id='block_1_95' title="bbox 1855 3841 3427 3911">
    <p class='ocr_par' dir='ltr' id='par_1_95' title="bbox 1855 3841 3427 3911">
     <span class='ocr_line' id='line_1_95' title="bbox 1855 3841 3427 3911; baseline -0.001 -14"><span class='ocrx_word' id='word_1_714' title='bbox 1855 3851 2161 3910; x_wconf 86' lang='lat' dir='ltr'><strong>caperetur.</strong></span> <span class='ocrx_word' id='word_1_715' title='bbox 2226 3841 2382 3908; x_wconf 82' lang='lat' dir='ltr'><strong>Quod</strong></span> <span class='ocrx_word' id='word_1_716' title='bbox 2434 3857 2554 3898; x_wconf 88' lang='lat' dir='ltr'><strong>cum</strong></span> <span class='ocrx_word' id='word_1_717' title='bbox 2608 3842 2858 3897; x_wconf 84' lang='lat' dir='ltr'><strong>monachi</strong></span> <span class='ocrx_word' id='word_1_718' title='bbox 2915 3842 3032 3911; x_wconf 89' lang='lat' dir='ltr'><strong>ipsa</strong></span> <span class='ocrx_word' id='word_1_719' title='bbox 3109 3841 3427 3896; x_wconf 88' lang='lat' dir='ltr'><strong>didicissent</strong></span> 
     </span>
    </p>
   </div>
   <div class='ocr_carea' id='block_1_96' title="bbox 1855 3934 3425 4003">
    <p class='ocr_par' dir='ltr' id='par_1_96' title="bbox 1855 3934 3425 4003">
     <span class='ocr_line' id='line_1_96' title="bbox 1855 3934 3425 4003; baseline -0.001 -16"><span class='ocrx_word' id='word_1_720' title='bbox 1855 3934 2210 4002; x_wconf 74' lang='lat' dir='ltr'><strong>experientia,</strong></span> <span class='ocrx_word' id='word_1_721' title='bbox 2253 3935 2573 4002; x_wconf 88' lang='lat' dir='ltr'><strong>judicarunt</strong></span> <span class='ocrx_word' id='word_1_722' title='bbox 2606 3949 2728 3987; x_wconf 86' lang='lat' dir='ltr'><strong>esse</strong></span> <span class='ocrx_word' id='word_1_723' title='bbox 2783 3935 2893 3988; x_wconf 89' lang='lat' dir='ltr'><strong>Deo</strong></span> <span class='ocrx_word' id='word_1_724' title='bbox 2935 3944 3171 4003; x_wconf 80' lang='lat' dir='ltr'><strong>gratum,</strong></span> <span class='ocrx_word' id='word_1_725' title='bbox 3206 3942 3264 3986; x_wconf 91' lang='lat' dir='ltr'><strong>ut</strong></span> <span class='ocrx_word' id='word_1_726' title='bbox 3303 3945 3425 3986; x_wconf 84' lang='lat' dir='ltr'><strong>cum</strong></span> 
     </span>
    </p>
   </div>
   <div class='ocr_carea' id='block_1_97' title="bbox 1854 4023 3427 4093">
    <p class='ocr_par' dir='ltr' id='par_1_97' title="bbox 1854 4023 3427 4093">
     <span class='ocr_line' id='line_1_97' title="bbox 1854 4023 3427 4093; baseline -0.001 -15"><span class='ocrx_word' id='word_1_727' title='bbox 1854 4026 1934 4078; x_wconf 84' lang='lat' dir='ltr'><strong>eis</strong></span> <span class='ocrx_word' id='word_1_728' title='bbox 1961 4032 2284 4078; x_wconf 72' lang='lat' dir='ltr'><strong>versaretur.</strong></span> <span class='ocrx_word' id='word_1_729' title='bbox 2314 4023 2389 4078; x_wconf 86' lang='lat' dir='ltr'><strong>Ea</strong></span> <span class='ocrx_word' id='word_1_730' title='bbox 2417 4039 2546 4093; x_wconf 80' lang='lat' dir='ltr'><strong>ergo</strong></span> <span class='ocrx_word' id='word_1_731' title='bbox 2572 4024 2804 4078; x_wconf 87' lang='lat' dir='ltr'><strong>libenter</strong></span> <span class='ocrx_word' id='word_1_732' title='bbox 2845 4024 3098 4084; x_wconf 86' lang='lat' dir='ltr'><strong>admissa,</strong></span> <span class='ocrx_word' id='word_1_733' title='bbox 3134 4023 3427 4093; x_wconf 62' lang='lat' dir='ltr'><strong>prsefectus</strong></span> 
     </span>
    </p>
   </div>
   <div class='ocr_carea' id='block_1_98' title="bbox 1856 4115 3425 4188">
    <p class='ocr_par' dir='ltr' id='par_1_98' title="bbox 1856 4115 3425 4188">
     <span class='ocr_line' id='line_1_98' title="bbox 1856 4115 3425 4188; baseline 0 -18"><span class='ocrx_word' id='word_1_734' title='bbox 1856 4115 2167 4170; x_wconf 83' lang='lat' dir='ltr'><strong>monasterii</strong></span> <span class='ocrx_word' id='word_1_735' title='bbox 2202 4130 2321 4170; x_wconf 82' lang='lat' dir='ltr'><strong>eam</strong></span> <span class='ocrx_word' id='word_1_736' title='bbox 2373 4116 2601 4171; x_wconf 86' lang='lat' dir='ltr'><strong>seorsim</strong></span> <span class='ocrx_word' id='word_1_737' title='bbox 2642 4117 2934 4180; x_wconf 85' lang='lat' dir='ltr'><strong>allocutus,</strong></span> <span class='ocrx_word' id='word_1_738' title='bbox 2971 4118 3260 4188; x_wconf 80' lang='lat' dir='ltr'><strong>diligenter</strong></span> <span class='ocrx_word' id='word_1_739' title='bbox 3306 4130 3425 4171; x_wconf 87' lang='lat' dir='ltr'><strong>eam</strong></span> 
     </span>
    </p>
   </div>
   <div class='ocr_carea' id='block_1_99' title="bbox 1857 4209 3426 4279">
    <p class='ocr_par' dir='ltr' id='par_1_99' title="bbox 1857 4209 3426 4279">
     <span class='ocr_line' id='line_1_99' title="bbox 1857 4209 3426 4279; baseline 0.001 -18"><span class='ocrx_word' id='word_1_740' title='bbox 1857 4210 2060 4274; x_wconf 72' lang='lat' dir='ltr'><strong>rogavit</strong></span> <span class='ocrx_word' id='word_1_741' title='bbox 2085 4211 2334 4279; x_wconf 84' lang='lat' dir='ltr'><strong>quisnam</strong></span> <span class='ocrx_word' id='word_1_742' title='bbox 2361 4218 2526 4270; x_wconf 87' lang='lat' dir='ltr'><strong>esset,</strong></span> <span class='ocrx_word' id='word_1_743' title='bbox 2558 4218 2612 4262; x_wconf 94' lang='lat' dir='ltr'><strong>et</strong></span> <span class='ocrx_word' id='word_1_744' title='bbox 2638 4225 2873 4278; x_wconf 81' lang='lat' dir='ltr'><strong>quanam</strong></span> <span class='ocrx_word' id='word_1_745' title='bbox 2896 4209 2965 4263; x_wconf 89' lang='lat' dir='ltr'><strong>de</strong></span> <span class='ocrx_word' id='word_1_746' title='bbox 2995 4223 3157 4262; x_wconf 89' lang='lat' dir='ltr'><strong>causa</strong></span> <span class='ocrx_word' id='word_1_747' title='bbox 3187 4210 3426 4262; x_wconf 83' lang='lat' dir='ltr'><strong>venisset</strong></span> 
     </span>
    </p>
   </div>
   <div class='ocr_carea' id='block_1_100' title="bbox 1851 4299 3423 4372">
    <p class='ocr_par' dir='ltr' id='par_1_100' title="bbox 1851 4299 3423 4372">
     <span class='ocr_line' id='line_1_100' title="bbox 1851 4299 3423 4372; baseline -0.003 -14"><span class='ocrx_word' id='word_1_748' title='bbox 1851 4303 1917 4358; x_wconf 88' lang='lat' dir='ltr'><strong>ad</strong></span> <span class='ocrx_word' id='word_1_749' title='bbox 1972 4301 2378 4357; x_wconf 81' lang='lat' dir='ltr'><strong>monasterium.</strong></span> <span class='ocrx_word' id='word_1_750' title='bbox 2433 4299 2594 4366; x_wconf 80' lang='lat' dir='ltr'><strong>Num,</strong></span> <span class='ocrx_word' id='word_1_751' title='bbox 2656 4301 2850 4372; x_wconf 91' lang='lat' dir='ltr'><strong>inquit,</strong></span> <span class='ocrx_word' id='word_1_752' title='bbox 2888 4301 3097 4358; x_wconf 64' lang='lat' dir='ltr'><strong>faenore</strong></span> <span class='ocrx_word' id='word_1_753' title='bbox 3145 4310 3423 4371; x_wconf 76' lang='lat' dir='ltr'><strong>gravatus,</strong></span> 
     </span>
    </p>
   </div>
   <div class='ocr_carea' id='block_1_101' title="bbox 1851 4395 3425 4456">
    <p class='ocr_par' dir='ltr' id='par_1_101' title="bbox 1851 4395 3425 4456">
     <span class='ocr_line' id='line_1_101' title="bbox 1851 4395 3425 4456; baseline -0.001 -6"><span class='ocrx_word' id='word_1_754' title='bbox 1851 4405 1946 4450; x_wconf 85' lang='lat' dir='ltr'><strong>aut</strong></span> <span class='ocrx_word' id='word_1_755' title='bbox 1989 4395 2143 4450; x_wconf 67' lang='lat' dir='ltr'><strong>factae</strong></span> <span class='ocrx_word' id='word_1_756' title='bbox 2178 4396 2339 4450; x_wconf 73' lang='lat' dir='ltr'><strong>credis</strong></span> <span class='ocrx_word' id='word_1_757' title='bbox 2379 4397 2678 4456; x_wconf 78' lang='lat' dir='ltr'><strong>convictus,</strong></span> <span class='ocrx_word' id='word_1_758' title='bbox 2715 4409 2809 4448; x_wconf 89' lang='lat' dir='ltr'><strong>aut</strong></span> <span class='ocrx_word' id='word_1_759' title='bbox 2848 4410 2972 4448; x_wconf 90' lang='lat' dir='ltr'><strong>cum</strong></span> <span class='ocrx_word' id='word_1_760' title='bbox 3039 4410 3150 4448; x_wconf 89' lang='lat' dir='ltr'><strong>non</strong></span> <span class='ocrx_word' id='word_1_761' title='bbox 3197 4395 3425 4448; x_wconf 84' lang='lat' dir='ltr'><strong>haberes</strong></span> 
     </span>
    </p>
   </div>
   <div class='ocr_carea' id='block_1_102' title="bbox 1853 4484 3424 4553">
    <p class='ocr_par' dir='ltr' id='par_1_102' title="bbox 1853 4484 3424 4553">
     <span class='ocr_line' id='line_1_102' title="bbox 1853 4484 3424 4553; baseline -0.002 -12"><span class='ocrx_word' id='word_1_762' title='bbox 1853 4488 1995 4542; x_wconf 90' lang='lat' dir='ltr'><strong>unde</strong></span> <span class='ocrx_word' id='word_1_763' title='bbox 2059 4488 2196 4540; x_wconf 82' lang='lat' dir='ltr'><strong>tiiios</strong></span> <span class='ocrx_word' id='word_1_764' title='bbox 2241 4487 2434 4548; x_wconf 82' lang='lat' dir='ltr'><strong>alcres,</strong></span> <span class='ocrx_word' id='word_1_765' title='bbox 2482 4486 2714 4538; x_wconf 86' lang='lat' dir='ltr'><strong>statuisti</strong></span> <span class='ocrx_word' id='word_1_766' title='bbox 2767 4485 3099 4538; x_wconf 89' lang='lat' dir='ltr'><strong>mundanum</strong></span> <span class='ocrx_word' id='word_1_767' title='bbox 3147 4484 3424 4553; x_wconf 85' lang='lat' dir='ltr'><strong>deponere</strong></span> 
     </span>
    </p>
   </div>
   <div class='ocr_carea' id='block_1_103' title="bbox 1851 4575 3425 4648">
    <p class='ocr_par' dir='ltr' id='par_1_103' title="bbox 1851 4575 3425 4648">
     <span class='ocr_line' id='line_1_103' title="bbox 1851 4575 3425 4648; baseline -0.003 -15"><span class='ocrx_word' id='word_1_768' title='bbox 1851 4579 2136 4633; x_wconf 86' lang='lat' dir='ltr'><strong>habitum?</strong></span> <span class='ocrx_word' id='word_1_769' title='bbox 2183 4575 2410 4648; x_wconf 82' lang='lat' dir='ltr'><strong>Propter</strong></span> <span class='ocrx_word' id='word_1_770' title='bbox 2469 4577 2674 4631; x_wconf 87' lang='lat' dir='ltr'><strong>nullum</strong></span> <span class='ocrx_word' id='word_1_771' title='bbox 2737 4576 2955 4640; x_wconf 87' lang='lat' dir='ltr'><strong>horum,</strong></span> <span class='ocrx_word' id='word_1_772' title='bbox 2989 4591 3022 4632; x_wconf 91' lang='grc' dir='ltr'><strong>ο</strong></span> <span class='ocrx_word' id='word_1_773' title='bbox 3068 4576 3244 4640; x_wconf 77' lang='lat' dir='ltr'><strong>Pater,</strong></span> <span class='ocrx_word' id='word_1_774' title='bbox 3291 4575 3425 4630; x_wconf 70' lang='lat' dir='ltr'><strong>dixit</strong></span> 
     </span>
    </p>
   </div>
   <div class='ocr_carea' id='block_1_104' title="bbox 1852 4667 3421 4739">
    <p class='ocr_par' dir='ltr' id='par_1_104' title="bbox 1852 4667 3421 4739">
     <span class='ocr_line' id='line_1_104' title="bbox 1852 4667 3421 4739; baseline -0.002 -15"><span class='ocrx_word' id='word_1_775' title='bbox 1852 4671 2156 4731; x_wconf 72' lang='lat' dir='ltr'><strong>Tlieotlora,</strong></span> <span class='ocrx_word' id='word_1_776' title='bbox 2207 4672 2301 4724; x_wconf 76' lang='lat' dir='ltr'><strong>sed</strong></span> <span class='ocrx_word' id='word_1_777' title='bbox 2335 4680 2393 4723; x_wconf 88' lang='lat' dir='ltr'><strong>ut</strong></span> <span class='ocrx_word' id='word_1_778' title='bbox 2431 4668 2578 4722; x_wconf 89' lang='lat' dir='ltr'><strong>solus</strong></span> <span class='ocrx_word' id='word_1_779' title='bbox 2612 4670 2851 4737; x_wconf 85' lang='lat' dir='ltr'><strong>quietem</strong></span> <span class='ocrx_word' id='word_1_780' title='bbox 2897 4686 3048 4739; x_wconf 77' lang='lat' dir='ltr'><strong>agam</strong></span> <span class='ocrx_word' id='word_1_781' title='bbox 3082 4683 3109 4721; x_wconf 88' lang='lat' dir='ltr'><strong>a</strong></span> <span class='ocrx_word' id='word_1_782' title='bbox 3144 4667 3421 4722; x_wconf 76' lang='lat' dir='ltr'><strong>mundano</strong></span> 
     </span>
    </p>
   </div>
   <div class='ocr_carea' id='block_1_105' title="bbox 1853 4761 3420 4829">
    <p class='ocr_par' dir='ltr' id='par_1_105' title="bbox 1853 4761 3420 4829">
     <span class='ocr_line' id='line_1_105' title="bbox 1853 4761 3420 4829; baseline -0.004 -11"><span class='ocrx_word' id='word_1_783' title='bbox 1853 4762 2108 4824; x_wconf 87' lang='lat' dir='ltr'><strong>tumultu,</strong></span> <span class='ocrx_word' id='word_1_784' title='bbox 2143 4772 2195 4816; x_wconf 88' lang='lat' dir='ltr'><strong>et</strong></span> <span class='ocrx_word' id='word_1_785' title='bbox 2230 4777 2346 4816; x_wconf 83' lang='lat' dir='ltr'><strong>mea</strong></span> <span class='ocrx_word' id='word_1_786' title='bbox 2377 4761 2601 4814; x_wconf 77' lang='lat' dir='ltr'><strong>defleam</strong></span> <span class='ocrx_word' id='word_1_787' title='bbox 2628 4770 2868 4829; x_wconf 87' lang='lat' dir='ltr'><strong>peccata.</strong></span> <span class='ocrx_word' id='word_1_788' title='bbox 2899 4761 3183 4825; x_wconf 82' lang='lat' dir='ltr'><strong>Quomodo</strong></span> <span class='ocrx_word' id='word_1_789' title='bbox 3214 4770 3420 4822; x_wconf 85' lang='lat' dir='ltr'><strong>autem,</strong></span> 
     </span>
    </p>
   </div>
   <div class='ocr_carea' id='block_1_106' title="bbox 1853 4852 3422 4922">
    <p class='ocr_par' dir='ltr' id='par_1_106' title="bbox 1853 4852 3422 4922">
     <span class='ocr_line' id='line_1_106' title="bbox 1853 4852 3422 4922; baseline -0.003 -14"><span class='ocrx_word' id='word_1_790' title='bbox 1853 4854 2136 4922; x_wconf 76' lang='lat' dir='ltr'><strong>snbjunxit</strong></span> <span class='ocrx_word' id='word_1_791' title='bbox 2196 4868 2425 4921; x_wconf 75' lang='lat' dir='ltr'><strong>magnus</strong></span> <span class='ocrx_word' id='word_1_792' title='bbox 2491 4852 2803 4922; x_wconf 58' lang='lat' dir='ltr'><strong>rn&#39;aefectus,</strong></span> <span class='ocrx_word' id='word_1_793' title='bbox 2874 4852 3228 4922; x_wconf 84' lang='lat' dir='ltr'><strong>appellaris?</strong></span> <span class='ocrx_word' id='word_1_794' title='bbox 3283 4852 3422 4905; x_wconf 78' lang='lat' dir='ltr'><strong>Dixit</strong></span> 
     </span>
    </p>
   </div>
   <div class='ocr_carea' id='block_1_107' title="bbox 1852 4945 3418 5014">
    <p class='ocr_par' dir='ltr' id='par_1_107' title="bbox 1852 4945 3418 5014">
     <span class='ocr_line' id='line_1_107' title="bbox 1852 4945 3418 5014; baseline -0.004 -12"><span class='ocrx_word' id='word_1_795' title='bbox 1852 4957 2036 5002; x_wconf 84' lang='lat' dir='ltr'><strong>autem</strong></span> <span class='ocrx_word' id='word_1_796' title='bbox 2091 4947 2176 5000; x_wconf 87' lang='lat' dir='ltr'><strong>illa</strong></span> <span class='ocrx_word' id='word_1_797' title='bbox 2232 4962 2490 5014; x_wconf 80' lang='lat' dir='ltr'><strong>generosa</strong></span> <span class='ocrx_word' id='word_1_798' title='bbox 2559 4948 2811 5000; x_wconf 86' lang='lat' dir='ltr'><strong>mulier:</strong></span> <span class='ocrx_word' id='word_1_799' title='bbox 2864 4947 2958 4999; x_wconf 83' lang='lat' dir='ltr'><strong>Est</strong></span> <span class='ocrx_word' id='word_1_800' title='bbox 3023 4945 3160 4998; x_wconf 83' lang='lat' dir='ltr'><strong>milii</strong></span> <span class='ocrx_word' id='word_1_801' title='bbox 3218 4959 3418 4996; x_wconf 83' lang='lat' dir='ltr'><strong>nomen</strong></span> 
     </span>
    </p>
   </div>
   <div class='ocr_carea' id='block_1_108' title="bbox 1854 5036 3411 5106">
    <p class='ocr_par' dir='ltr' id='par_1_108' title="bbox 1854 5036 3411 5106">
     <span class='ocr_line' id='line_1_108' title="bbox 1854 5036 3411 5106; baseline -0.002 -13"><span class='ocrx_word' id='word_1_802' title='bbox 1854 5038 2197 5093; x_wconf 86' lang='lat' dir='ltr'><strong>Theodorus.</strong></span> <span class='ocrx_word' id='word_1_803' title='bbox 2250 5036 2339 5091; x_wconf 86' lang='lat' dir='ltr'><strong>Ille</strong></span> <span class='ocrx_word' id='word_1_804' title='bbox 2397 5051 2577 5090; x_wconf 84' lang='lat' dir='ltr'><strong>autem</strong></span> <span class='ocrx_word' id='word_1_805' title='bbox 2621 5078 2635 5098; x_wconf 92' lang='lat'><strong>,</strong></span> <span class='ocrx_word' id='word_1_806' title='bbox 2677 5037 2756 5091; x_wconf 78' lang='lat' dir='ltr'><strong>Ne</strong></span> <span class='ocrx_word' id='word_1_807' title='bbox 2785 5038 3086 5101; x_wconf 74' lang='lat' dir='ltr'><strong>existimes,</strong></span> <span class='ocrx_word' id='word_1_808' title='bbox 3146 5037 3342 5106; x_wconf 87' lang='lat' dir='ltr'><strong>inquit,</strong></span> <span class='ocrx_word' id='word_1_809' title='bbox 3378 5050 3411 5090; x_wconf 90' lang='grc' dir='ltr'><strong>ο</strong></span> 
     </span>
    </p>
   </div>
   <div class='ocr_carea' id='block_1_109' title="bbox 1856 5129 3417 5193">
    <p class='ocr_par' dir='ltr' id='par_1_109' title="bbox 1856 5129 3417 5193">
     <span class='ocr_line' id='line_1_109' title="bbox 1856 5129 3417 5193; baseline -0.003 -7"><span class='ocrx_word' id='word_1_810' title='bbox 1856 5133 2023 5188; x_wconf 80' lang='lat' dir='ltr'><strong>frater</strong></span> <span class='ocrx_word' id='word_1_811' title='bbox 2059 5131 2367 5193; x_wconf 87' lang='lat' dir='ltr'><strong>Theodore,</strong></span> <span class='ocrx_word' id='word_1_812' title='bbox 2401 5132 2538 5184; x_wconf 83' lang='lat' dir='ltr'><strong>citra</strong></span> <span class='ocrx_word' id='word_1_813' title='bbox 2574 5131 2814 5184; x_wconf 86' lang='lat' dir='ltr'><strong>laborem</strong></span> <span class='ocrx_word' id='word_1_814' title='bbox 2861 5131 2955 5184; x_wconf 89' lang='lat' dir='ltr'><strong>tibi</strong></span> <span class='ocrx_word' id='word_1_815' title='bbox 3009 5129 3247 5182; x_wconf 87' lang='lat' dir='ltr'><strong>futuram</strong></span> <span class='ocrx_word' id='word_1_816' title='bbox 3295 5143 3417 5182; x_wconf 84' lang='lat' dir='ltr'><strong>eam</strong></span> 
     </span>
    </p>
   </div>
   <div class='ocr_carea' id='block_1_110' title="bbox 1847 5222 3417 5296">
    <p class='ocr_par' dir='ltr' id='par_1_110' title="bbox 1847 5222 3417 5296">
     <span class='ocr_line' id='line_1_110' title="bbox 1847 5222 3417 5296; baseline -0.002 -17"><span class='ocrx_word' id='word_1_817' title='bbox 1847 5242 1966 5296; x_wconf 75' lang='lat' dir='ltr'><strong>qua:</strong></span> <span class='ocrx_word' id='word_1_818' title='bbox 2041 5235 2125 5279; x_wconf 87' lang='lat' dir='ltr'><strong>est</strong></span> <span class='ocrx_word' id='word_1_819' title='bbox 2211 5226 2297 5277; x_wconf 78' lang='lat' dir='ltr'><strong>liic</strong></span> <span class='ocrx_word' id='word_1_820' title='bbox 2368 5226 2842 5277; x_wconf 74' lang='lat' dir='ltr'><strong>conversationem</strong></span> <span class='ocrx_word' id='word_1_821' title='bbox 2903 5240 2916 5274; x_wconf 92' lang='lat'><strong>:</strong></span> <span class='ocrx_word' id='word_1_822' title='bbox 2975 5223 3068 5275; x_wconf 81' lang='lat' dir='ltr'><strong>sed</strong></span> <span class='ocrx_word' id='word_1_823' title='bbox 3142 5224 3184 5275; x_wconf 87' lang='lat' dir='ltr'><strong>si</strong></span> <span class='ocrx_word' id='word_1_824' title='bbox 3284 5222 3417 5276; x_wconf 83' lang='lat' dir='ltr'><strong>velis</strong></span> 
     </span>
    </p>
   </div>
   <div class='ocr_carea' id='block_1_111' title="bbox 1847 5313 3415 5386">
    <p class='ocr_par' dir='ltr' id='par_1_111' title="bbox 1847 5313 3415 5386">
     <span class='ocr_line' id='line_1_111' title="bbox 1847 5313 3415 5386; baseline -0.004 -14"><span class='ocrx_word' id='word_1_825' title='bbox 1847 5332 2032 5372; x_wconf 87' lang='lat' dir='ltr'><strong>revera</strong></span> <span class='ocrx_word' id='word_1_826' title='bbox 2068 5315 2247 5369; x_wconf 82' lang='lat' dir='ltr'><strong>subire</strong></span> <span class='ocrx_word' id='word_1_827' title='bbox 2300 5314 2487 5386; x_wconf 75' lang='lat' dir='ltr'><strong>iugum</strong></span> <span class='ocrx_word' id='word_1_828' title='bbox 2542 5315 2887 5373; x_wconf 72' lang='lat' dir='ltr'><strong>obedientize.</strong></span> <span class='ocrx_word' id='word_1_829' title='bbox 2943 5316 3081 5367; x_wconf 78' lang='lat' dir='ltr'><strong>scias</strong></span> <span class='ocrx_word' id='word_1_830' title='bbox 3134 5321 3185 5366; x_wconf 89' lang='lat' dir='ltr'><strong>te</strong></span> <span class='ocrx_word' id='word_1_831' title='bbox 3240 5313 3415 5367; x_wconf 86' lang='lat' dir='ltr'><strong>inser-</strong></span> 
     </span>
    </p>
   </div>
   <div class='ocr_carea' id='block_1_112' title="bbox 1845 5405 3414 5472">
    <p class='ocr_par' dir='ltr' id='par_1_112' title="bbox 1845 5405 3414 5472">
     <span class='ocr_line' id='line_1_112' title="bbox 1845 5405 3414 5472; baseline 0 -12"><span class='ocrx_word' id='word_1_832' title='bbox 1845 5411 2080 5463; x_wconf 87' lang='lat' dir='ltr'><strong>viturnm</strong></span> <span class='ocrx_word' id='word_1_833' title='bbox 2135 5406 2390 5461; x_wconf 84' lang='lat' dir='ltr'><strong>fratribus</strong></span> <span class='ocrx_word' id='word_1_834' title='bbox 2453 5407 2503 5460; x_wconf 87' lang='lat' dir='ltr'><strong>in</strong></span> <span class='ocrx_word' id='word_1_835' title='bbox 2549 5405 2802 5459; x_wconf 85' lang='lat' dir='ltr'><strong>omnibus</strong></span> <span class='ocrx_word' id='word_1_836' title='bbox 2880 5420 3000 5472; x_wconf 69' lang='lat' dir='ltr'><strong>qua:</strong></span> <span class='ocrx_word' id='word_1_837' title='bbox 3044 5414 3173 5459; x_wconf 85' lang='lat' dir='ltr'><strong>sunt</strong></span> <span class='ocrx_word' id='word_1_838' title='bbox 3221 5422 3414 5460; x_wconf 83' lang='lat' dir='ltr'><strong>neces-</strong></span> 
     </span>
    </p>
   </div>
   <div class='ocr_carea' id='block_1_113' title="bbox 1847 5502 3409 5572">
    <p class='ocr_par' dir='ltr' id='par_1_113' title="bbox 1847 5502 3409 5572">
     <span class='ocr_line' id='line_1_113' title="bbox 1847 5502 3409 5572; baseline -0.002 -12"><span class='ocrx_word' id='word_1_839' title='bbox 1847 5507 2008 5565; x_wconf 86' lang='lat' dir='ltr'><strong>saria,</strong></span> <span class='ocrx_word' id='word_1_840' title='bbox 2077 5518 2184 5558; x_wconf 91' lang='lat' dir='ltr'><strong>non</strong></span> <span class='ocrx_word' id='word_1_841' title='bbox 2230 5505 2402 5556; x_wconf 85' lang='lat' dir='ltr'><strong>solum</strong></span> <span class='ocrx_word' id='word_1_842' title='bbox 2486 5503 2538 5556; x_wconf 94' lang='lat' dir='ltr'><strong>in</strong></span> <span class='ocrx_word' id='word_1_843' title='bbox 2616 5502 2970 5565; x_wconf 87' lang='lat' dir='ltr'><strong>monasterio,</strong></span> <span class='ocrx_word' id='word_1_844' title='bbox 3056 5502 3255 5572; x_wconf 86' lang='lat' dir='ltr'><strong>utqui</strong></span> <span class='ocrx_word' id='word_1_845' title='bbox 3332 5502 3409 5557; x_wconf 86' lang='lat' dir='ltr'><strong>sis</strong></span> 
     </span>
    </p>
   </div>
   <div class='ocr_carea' id='block_1_114' title="bbox 1849 5595 3410 5666">
    <p class='ocr_par' dir='ltr' id='par_1_114' title="bbox 1849 5595 3410 5666">
     <span class='ocr_line' id='line_1_114' title="bbox 1849 5595 3410 5666; baseline -0.004 -12"><span class='ocrx_word' id='word_1_846' title='bbox 1849 5605 2134 5655; x_wconf 79' lang='lat' dir='ltr'><strong>curaturus</strong></span> <span class='ocrx_word' id='word_1_847' title='bbox 2194 5596 2404 5666; x_wconf 82' lang='lat' dir='ltr'><strong>plantas</strong></span> <span class='ocrx_word' id='word_1_848' title='bbox 2451 5606 2505 5650; x_wconf 89' lang='lat' dir='ltr'><strong>et</strong></span> <span class='ocrx_word' id='word_1_849' title='bbox 2556 5595 2725 5661; x_wconf 87' lang='lat' dir='ltr'><strong>olera,</strong></span> <span class='ocrx_word' id='word_1_850' title='bbox 2776 5605 2829 5649; x_wconf 86' lang='lat' dir='ltr'><strong>et</strong></span> <span class='ocrx_word' id='word_1_851' title='bbox 2890 5595 3296 5650; x_wconf 79' lang='lat' dir='ltr'><strong>ministraturus</strong></span> <span class='ocrx_word' id='word_1_852' title='bbox 3356 5595 3410 5648; x_wconf 91' lang='lat' dir='ltr'><strong>in</strong></span> 
     </span>
    </p>
   </div>
   <div class='ocr_carea' id='block_1_115' title="bbox 1849 5687 3410 5761">
    <p class='ocr_par' dir='ltr' id='par_1_115' title="bbox 1849 5687 3410 5761">
     <span class='ocr_line' id='line_1_115' title="bbox 1849 5687 3410 5761; baseline -0.004 -15"><span class='ocrx_word' id='word_1_853' title='bbox 1849 5705 1984 5761; x_wconf 86' lang='lat' dir='ltr'><strong>aqua</strong></span> <span class='ocrx_word' id='word_1_854' title='bbox 2052 5689 2408 5759; x_wconf 81' lang='lat' dir='ltr'><strong>exportanda,</strong></span> <span class='ocrx_word' id='word_1_855' title='bbox 2487 5697 2534 5740; x_wconf 87' lang='lat' dir='ltr'><strong>et</strong></span> <span class='ocrx_word' id='word_1_856' title='bbox 2601 5688 2814 5742; x_wconf 82' lang='lat' dir='ltr'><strong>hortum</strong></span> <span class='ocrx_word' id='word_1_857' title='bbox 2903 5687 3243 5757; x_wconf 78' lang='lat' dir='ltr'><strong>irrigaturus,</strong></span> <span class='ocrx_word' id='word_1_858' title='bbox 3315 5687 3410 5742; x_wconf 79' lang='lat' dir='ltr'><strong>sed</strong></span> 
     </span>
    </p>
   </div>
  </div>
