3970 6496
539 376 641 439 671

1762 386 2051 448 MENSIS
2089 382 2557 446 SEPTEMBEB.

3674 372 3808 436 672

532 492 667 548 foris
707 495 868 549 etiam
922 499 1243 563 serviturus,
1292 510 1345 555 et
1395 503 1611 571 quando
1664 516 1796 558 usus
1843 501 2107 571 exegerit,

2229 503 2675 569 ταραιτοῡμενος.
2722 495 2797 548 Οὐ
2848 490 2957 564 μὴν
2986 491 3141 547 ισται
3177 507 3259 543 σοι
3287 486 3463 542 ταῦτα
3505 486 3807 556 πρόφασις

534 594 592 639 ut
644 600 738 640 eas
789 588 846 641 in
895 589 1192 655 civitatem,
1236 593 1458 649 minime
1505 604 1876 651 recusaturus.
1910 595 2101 664 Neque

534 685 717 730 tamen
772 679 871 733 hoc
918 694 1182 751 praetextu
1236 689 1567 754 contemptui
1616 688 1843 743 habebis
1884 688 2101 743 labores

2210 589 2349 659 πρὸς
2386 589 2514 651 τοὺς
2552 584 2890 656 ἀσκητικοὺς
2926 583 3127 646 πόνους
3157 580 3469 649 ὀλιγωρεῖν,
3516 577 3652 630 ἀλλά
3688 580 3810 630 καὶ

2204 679 2347 733 οὕτω
2385 680 2584 749 μᾶλλον
2629 676 3056 745 ἀπαραλείπτως
3102 676 3329 744 νηστείᾳ.
3388 672 3471 724 δεῖ
3514 688 3573 724 σε
3610 686 3810 739 προσ-

534 770 958 837 exercitationis,
1017 776 1109 830 sed
1187 788 1399 846 oportet
1473 780 1828 836 nihilosecius
1904 796 2103 836 vacare

2229 771 2418 840 ινέχειν
2468 771 2563 823 καὶ
2607 769 2910 837 προσευχῇ,
2949 765 3231 836 ψάλλαντα
3271 762 3518 831 συνήθως
3552 763 3648 815 καὶ
3686 760 3811 830 τὴν

500 860 740 931 jejunio
783 874 839 917 et
880 867 1139 930 orationi,
1182 878 1236 923 et
1270 870 1336 924 de
1391 886 1542 927 more
1592 874 1845 941 psallere,
1884 889 2099 942 vesper-

537 950 821 1019 tinamque
870 963 925 1008 et
983 961 1306 1012 matutinam
1356 960 1803 1029 glorificationem
1857 964 2105 1033 quotidie

536 1054 840 1109 peragere;
897 1057 1162 1113 preterea
1221 1058 1401 1104 autem
1466 1069 1569 1106 nec
1629 1054 1907 1119 horarum,
1979 1070 2101 1123 qua:

537 1143 819 1199 vocantur,
886 1136 1047 1191 ullam
1123 1144 1587 1209 praetermittere;
1649 1146 1778 1214 quin
1829 1147 1994 1201 etiam
2049 1148 2104 1201 in

534 1227 766 1292 genibus
823 1226 1105 1283 ﬂectendis
1150 1231 1417 1299 laborare,
1470 1242 1525 1289 et
1578 1235 1655 1291 sic
1716 1251 1915 1307 corpus
1973 1236 2105 1291 allii-

536 1330 663 1381 gere
720 1327 942 1386 pr0pter
989 1322 1217 1378 insidias
1262 1337 1450 1378 eorum
1501 1326 1593 1394 qui
1644 1327 1841 1383 bellum
1888 1337 2103 1399 gerunt.

536 1406 713 1473 Atque
756 1409 908 1464 beata
948 1413 1197 1481 quidem,
1243 1429 1366 1468 cum
1407 1417 1519 1470 haec
1560 1418 1743 1471 omnia
1783 1418 1896 1473 suis
1946 1434 2106 1473 acce-

538 1498 708 1565 pisset
778 1503 1022 1567 auribus,
1085 1514 1139 1557 et
1216 1521 1278 1559 ea
1337 1522 1458 1561 esse
1531 1517 1798 1578 putasset,
1851 1520 2109 1578 tanquam

538 1591 750 1659 aliquas
816 1594 1010 1650 anima:
1084 1597 1328 1666 delicias,
1382 1617 1504 1655 cum
1584 1618 1783 1672 magno
1833 1612 1889 1657 et
1948 1603 2110 1657 alacri

537 1679 705 1733 animi
762 1683 940 1737 studio
1006 1702 1064 1740 se
1114 1702 1178 1741 ea
1231 1704 1350 1743 esse
1408 1690 1673 1745 facturam
1722 1700 1804 1746 est
1852 1692 2109 1761 pollicita.

547 1770 613 1824 Et
666 1771 744 1825 sic
810 1774 1117 1831 admittitur
1186 1780 1243 1833 in
1320 1782 1573 1835 eumdem
1652 1782 1898 1838 ordinem
1984 1800 2108 1839 cum

537 1864 761 1933 egregio
806 1866 895 1921 illo
934 1871 1105 1924 choro
1155 1873 1575 1928 monachorum.

612 1956 672 2009 V.
703 1958 971 2023 Quoniam
1004 1971 1185 2018 autem
1210 1966 1327 2035 ejus
1360 1982 1482 2024 cum
1522 1970 1631 2025 Deo
1659 1979 1815 2040 pacta
1866 1986 2111 2027 conven-

541 2055 591 2099 ta
627 2046 806 2102 futura
840 2062 994 2106 erant
1020 2071 1165 2118 vera,
1200 2066 1253 2110 et
1283 2073 1313 2110 a
1338 2059 1622 2115 mendacio
1686 2061 1883 2125 aliena,
1933 2063 2115 2117 valere

535 2138 738 2206 jubens
769 2155 988 2200 omnem
1027 2148 1207 2201 carnis
1241 2149 1605 2217 prudentiam,
1638 2166 1697 2206 se
1725 2152 1910 2207 statim
1964 2155 2115 2209 exuit

541 2229 609 2281 ad
642 2234 963 2299 certamina,
997 2236 1201 2291 nullam
1260 2256 1488 2305 moram,
1567 2259 1744 2314 neque
1790 2256 2113 2315 prmtextum

543 2320 712 2374 ullum
745 2324 1005 2390 aﬂ'ereus,
1037 2343 1145 2395 quo
1169 2331 1349 2384 minus
1389 2334 1741 2389 ministraret.
1800 2336 1938 2389 Cum
1988 2353 2117 2407 ergo

543 2421 668 2465 octo
719 2429 896 2470 annos
966 2420 1207 2487 quotidie
1261 2433 1637 2491 perseveraret
1691 2425 1743 2479 in
1804 2427 2116 2497 irrigatione

543 2503 849 2572 plantarum
916 2518 969 2563 et
1024 2512 1253 2577 olerum,
1307 2527 1425 2584 qua:
1487 2532 1642 2571 usum
1681 2518 1991 2587 praebebant
2052 2521 2118 2576 iis

544 2597 637 2665 qui
676 2602 911 2654 erantin
950 2607 1303 2670 monasterio,
1352 2608 1700 2678 molendique
1758 2621 1811 2666 et
1863 2612 2112 2683 pinsendi

547 2686 883 2744 frumentum
914 2702 968 2745 et
1000 2694 1063 2747 ad
1092 2711 1285 2763 panem
1318 2700 1659 2767 praeparandi
1688 2717 1888 2755 munus
1912 2703 2116 2757 nihilo-

545 2781 728 2832 secius
750 2796 1163 2850 exsequeretur,
1187 2794 1241 2841 et
1275 2799 1537 2859 coqueret
1566 2790 1687 2845 olus
1738 2808 1845 2861 quo
1893 2808 1951 2848 se
2003 2794 2117 2848 ale-

547 2870 679 2925 bant
711 2875 799 2942 qui
853 2890 1052 2945 corpus
1107 2882 1399 2935 studebant
1442 2882 1787 2953 mortiﬁcare,
1840 2900 2117 2955 nunquam

549 2972 730 3017 tamen
749 2965 923 3021 abfuit
951 2986 977 3021 a
1012 2972 1221 3039 synaxi,
1248 2988 1367 3042 quae
1396 2976 1758 3045 peragebatur
1784 2978 1837 3032 in
1862 2979 2115 3044 ecclesia,

547 3056 645 3109 sed
677 3059 725 3108 in
751 3074 812 3110 ea
843 3076 1058 3129 quoque
1088 3063 1235 3132 pium
1279 3080 1438 3117 suum
1496 3067 1818 3121 ostendebat
1852 3071 2117 3123 animum.

2207 858 2507 928 έσπερινὴν
2589 858 2865 927 ὁσημέραι
2944 856 3040 936 καὶ
3116 854 3380 925 ὀρθρινὴν
3465 852 3808 918 δοξολογίαν

2206 949 2479 1003 ὶπιτελεῖν
2512 968 2526 981 ·
2605 950 2742 1021 πρδς
2794 948 2851 1001 δὲ
2910 948 3007 1000 καὶ
3061 948 3167 1001 τῶν
3212 946 3575 1015 καλουμένων
3626 944 3811 1012 ὡρῶν

2213 1040 2490 1111 μηδεμίαν
2552 1040 3039 1113 παραλιμπάνειν,
3090 1038 3529 1108 προσπονεῖσθαι
3578 1037 3638 1089 δὲ
3691 1036 3811 1088 καὶ

2207 1134 2454 1201 γονάτων
2500 1135 2699 1200 κλίσει,
2758 1135 2852 1187 καὶ
2912 1133 3055 1186 οὕτω
3099 1131 3325 1200 τρύχειν
3376 1130 3438 1182 τὸ
3480 1128 3643 1197 σῶμα
3694 1128 3807 1180 διὰ

2207 1225 2308 1287 τὰς
2360 1225 2571 1280 ἐκεῖθεν
2629 1225 2737 1278 τῶν
2786 1224 3174 1294 πολεμούντων
3210 1221 3531 1283 έπιῦουλάς.
3579 1220 3645 1273 Ἥ
3681 1235 3811 1286 μα-

2210 1314 2380 1383 καρία
2426 1315 2524 1384 μιν
2581 1310 2698 1379 οὖν,
2727 1314 2886 1368 ταυτὶ
2928 1313 3105 1367 πάντα
3150 1311 3372 1366 ἐνθεῖσα
3417 1312 3539 1373 ταῖς
3570 1310 3807 1375 ἀκοαῖς,

2212 1408 2310 1461 καὶ
2339 1407 2529 1476 ὥσπερ
2552 1424 2604 1459 τι
2631 1406 2811 1476 ψυχῆς
2851 1403 2992 1460 εἷναι
3041 1404 3376 1473 λογισαμένη
3430 1401 3807 1470 ἑντρύφημα.

2216 1500 2356 1568 μετὰ
2417 1497 2623 1567 πολλῆς
2681 1497 2825 1551 αὐτὰ
2877 1497 2976 1567 τῆς
3031 1495 3346 1566 προθυμίας
3414 1492 3807 1560 ἐπηγγείλατο

2213 1590 2519 1660 πράττειν,
2584 1590 2682 1643 καὶ
2738 1588 2911 1651 οὕτως
2964 1587 3235 1659 ὀμοτελὴς
3281 1586 3359 1655 τῷ
3403 1584 3557 1653 καλῷ
3592 1581 3805 1650 ἐκείνῳ

2216 1680 2327 1733 τῶν
2356 1680 2607 1750 μοναχῶν
2662 1680 2811 1751 χορῷ
2836 1680 3071 1748 γίνεται.

2289 1951 2364 2005 Ε’.
2418 1952 2573 2003 Ἐπεὶ
2608 1951 2665 2004 δὲ
2708 1952 2763 2004 at
2808 1951 2942 2021 πρὸς
2991 1951 3127 2005 Θεὸν
3183 1952 3355 2023 αὐτῆς
3397 1953 3671 2022 συνθῆκαι
3736 1954 3809 2007 τὸ

2216 2046 2446 2112 ἀψευδὲς
2472 2046 2619 2111 ἕξειν
2652 2045 2879 2113 ἔμελλον
2903 2087 2918 2109 ,
2954 2047 3090 2099 πᾶσι
3120 2047 3233 2109 τοῖς
3263 2048 3362 2115 τῆς
3406 2048 3614 2115 σαρκὸς
3660 2064 3805 2118 φρο-

2218 2140 2427 2209 νήμασι
2484 2139 2697 2209 χαίρειν
2747 2138 3016 2201 εἰποῦσα,
3069 2138 3236 2201 εὐθὺς
3283 2138 3593 2192 ἀπεδύσατο
3653 2139 3805 2209 πρὸς

2217 2230 2596 2303 τοὺςηπόνους,
2626 2230 2834 2299 μηδένα
2859 2230 3027 2284 ὄκνον
3059 2229 3197 2301 μηδὲ
3254 2229 3529 2299 πρόφασιν
3570 2232 3651 2291 εἰς
3676 2230 3806 2281 δια-

2219 2322 2407 2374 κονίαν
2454 2322 2892 2393 προόαλλομένη.
2940 2323 3091 2376 Είσιν
3144 2317 3238 2375 οὖν
3278 2323 3422 2375 ὀκτὼ
3458 2324 3523 2390 τῇ
3585 2338 3646 2374 τε
3684 2321 3809 2373 τῶν

2221 2409 2405 2480 φυτῶν
2446 2410 2637 2483 ἀρδείᾳ
2669 2412 2761 2464 καὶ
2797 2412 2906 2464 τῶν
2952 2411 3203 2481 λαχάνων
3241 2410 3277 2465 ἃ
3316 2414 3428 2473 τοῖς
3462 2413 3519 2463 έν
3551 2414 3618 2481 τῇ
3652 2404 3803 2479 μονῇ

2220 2503 2318 2571 τὴν
2348 2504 2539 2573 χρείαν
2572 2505 2855 2575 παρεῖχεν,
2882 2505 3002 2556 ὅσαι
3031 2502 3235 2573 ἡμέραι
3276 2504 3801 2574 προσκαρτεροῦσι·

2219 2595 2313 2649 τοῦ
2350 2613 2407 2648 τε
2439 2596 2662 2665 ἀλήθειν
2689 2597 2779 2649 τὸν
2808 2598 2952 2649 σῖτον
2994 2598 3087 2648 καὶ
3123 2598 3333 2666 τρυγᾷν
3370 2598 3429 2649 τὸ
3470 2596 3804 2665 ἀλούμενον,

2222 2690 2317 2742 καὶ
2348 2690 2664 2759 είςνᾶρτους
2700 2685 3171 2757 παρασκευάζειν,
3232 2688 3329 2757 οὐχ
3383 2687 3756 2756 ὕστερίζουσα
3785 2729 3799 2749 ,

2221 2778 2431 2846 ἕψουσά
2470 2795 2527 2831 τε
2565 2778 2624 2830 τὸ
2662 2777 2893 2848 λάχανον
2923 2770 2967 2845 ᾧ
2998 2776 3093 2829 καὶ
3136 2778 3444 2848 ἀπέτρεφον
3482 2779 3713 2840 ἑαυτοὺς
3750 2780 3804 2829 οἱ

2224 2870 2452 2941 νεκροῦν
2482 2871 2541 2925 τὸ
2574 2870 2731 2941 σῶμα
2772 2871 3191 2936 σπουδάζοντες,
3218 2872 3338 2924 οὐδὲ
3361 2872 3461 2940 τῆς
3493 2874 3550 2924 ὲν
3591 2872 3806 2942 ἐκκλη-

2225 2965 2315 3035 σίᾳ
2341 2965 2675 3035 τελουμένης
2714 2966 2986 3029 συνάξεως
3017 2964 3321 3031 ἀπελείφθη
3349 2963 3502 3027 ποτὲ,
3528 2964 3669 3015 ἀλλά
3705 2968 3809 3019 καὶ

2232 3057 2432 3128 μᾶλλον
2464 3059 2521 3109 έν
2559 3058 2734 3128 ταύτῃ
2762 3061 2859 3126 τῆς
2893 3058 3071 3126 ψυχῆς
3116 3056 3364 3124 ἐνέφαινε
3417 3055 3480 3108 τὸ
3521 3056 3805 3125 φιλόθεον.

547 3146 655 3200 Sed
688 3147 813 3203 licet
845 3150 917 3203 ita
949 3123 1193 3222 degeret,
1226 3164 1280 3208 et
1321 3158 1482 3211 vitam
1514 3158 1768 3230 elegisset
1802 3168 1910 3214 tam
1963 3161 2117 3217 labo-

2235 3123 2403 3201 Ἃλλά
2444 3148 2537 3201 καὶ
2580 3123 2754 3209 οὕτως
2788 3123 3303 3217 ἔχουσαν-ἀγωγῆς,
3362 3148 3455 3201 καὶ
3507 3123 3624 3221 βίον
3655 3152 3807 3216 ἀγαν

550 3241 1361 3311 ι’ίοεαῐιι,ρι-ωοεόριιιίςᾱειίειί
1428 3251 1686 3319 cogitatio
1747 3267 1858 3306 non
1909 3253 2122 3310 sinebat

551 3345 671 3382 eam
705 3335 929 3387 omnino
955 3337 1275 3403 quiescere;
1313 3342 1407 3393 sed
1438 3340 1618 3404 nocte,
1666 3356 1785 3410 qua
1856 3345 2123 3413 sequeba-

552 3417 642 3474 tur
675 3422 790 3477 hsce
838 3424 1031 3478 diurna
1084 3427 1403 3493 ministeria,
1459 3430 1676 3499 quando
1716 3443 1772 3486 et
1823 3447 2013 3486 somno
2070 3442 2125 3487 et

553 3515 813 3568 n'iedioeri
849 3518 1135 3585 oportebat
1163 3520 1345 3587 quiete
1376 3520 1502 3584 frui,
1542 3532 1734 3589 pectus
1774 3522 2016 3590 pulsans,
2070 3531 2125 3577 et

553 3604 791 3655 animam
827 3621 1051 3660 movens
1074 3608 1139 3660 ad
1165 3608 1428 3677 lacrymas
1463 3626 1474 3661 :
1505 3608 1765 3664 Condona
1807 3612 1940 3665 mihi
2000 3628 2125 3681 pec-

553 3703 762 3762 catum,
797 3697 1034 3761 dicebat,
1068 3696 1316 3764 Domine,
1348 3701 1493 3771 quod
1530 3702 1771 3772 perdidit
1797 3704 1966 3761 decus
1990 3724 2125 3762 mea:

554 3788 938 3841 continentiae.
981 3788 1117 3841 Cum
1155 3793 1436 3843 monachis
1474 3803 1656 3845 autem
1682 3794 1971 3861 aliquando
2033 3799 2126 3853 de-

556 3878 775 3933 fecisset
818 3880 1027 3945 oleum,
1083 3880 1307 3950 jubetur
1364 3891 1425 3936 ut
1478 3883 1710 3953 accipiat
1763 3888 2019 3952 camelos,
2072 3898 2127 3945 et

556 3973 781 4025 veniens
810 3973 863 4025 in
891 3974 1189 4039 civitatem,
1223 3975 1305 4029 eis
1329 3976 1732 4045 atleratoleum,
1752 3996 1859 4049 quo
1885 3982 1985 4036 sibi
2013 3994 2129 4040 erat

556 4079 716 4134 opus.
742 4064 880 4119 Cum
905 4076 1085 4118 autem
1124 4066 1369 4133 jam.iter
1422 4080 1571 4123 esset
1619 4070 1884 4138 ingressa,
1932 4074 2128 4129 accidit

558 4163 619 4210 ut
642 4166 837 4224 praeter
863 4157 1323 4226 exspectationem
1351 4160 1604 4214 maritum
1632 4162 1918 4230 aspiceret,
1948 4166 2128 4218 divina

559 4248 688 4302 huic
721 4250 943 4301 omnino
967 4264 1125 4317 Opem
1153 4250 1363 4303 ferente
1391 4250 1758 4310 Providentia.
1816 4252 1948 4307 Natn
2007 4270 2129 4309 cum

559 4340 803 4407 seipsum
836 4338 1105 4393 consolari
1132 4358 1239 4396 non
1273 4352 1456 4411 posset
1491 4344 1611 4414 ejus
1644 4348 1891 4413 maritus,
1957 4359 2014 4404 ut
2036 4350 2129 4419 qui

562 4441 711 4485 esset
738 4451 766 4484 a
794 4432 882 4485 tali
921 4434 1153 4504 conjuge
1174 4446 1479 4504 separatus,
1512 4447 1565 4493 et
1595 4453 1658 4492 ea
1694 4438 1761 4493 de
1802 4454 1962 4494 causa
2006 4442 2128 4495 abs—

558 4539 664 4593 que
688 4524 1093 4580 intermissione
1132 4526 1433 4583 efTunderet
1460 4529 1745 4598 lacrymas,
1774 4540 1829 4584 et
1860 4547 1957 4585 nec
1990 4542 2128 4587 tem-

563 4632 695 4686 pore
710 4616 930 4685 quidem
955 4627 1138 4687 posset
1168 4620 1514 4691 exstinguere
1534 4621 1700 4675 animi
1725 4624 2124 4693 aegritudinem,

562 4709 760 4775 petiita
789 4709 917 4772 Deo,
965 4709 1055 4778 qui
1106 4723 1325 4765 noverat
1396 4714 1584 4778 telum,
1641 4715 1783 4784 quod
1845 4717 1965 4784 ejus
2032 4734 2127 4773 cor

560 4801 859 4866 sauciabat,
901 4810 958 4855 ut
989 4802 1089 4856 sibi
1120 4805 1461 4859 manifestum
1484 4805 1655 4871 ﬁeret,
1712 4823 1779 4860 an
1842 4808 2128 4864 Theodora

564 4896 818 4947 statuerit
856 4894 1021 4947 alium
1087 4895 1262 4948 virum
1316 4897 1487 4965 sequi.
1560 4897 1670 4952 lloc
1742 4898 1885 4952 enim
1955 4901 2129 4968 suspi-

561 4983 809 5046 cabatur,
871 4992 927 5039 et
969 4997 1255 5055 prOpterea
1310 4988 1482 5056 major
1520 4987 1734 5042 flamma
1779 4990 1962 5045 cordis
2016 4991 2127 5045 ale-

563 5076 743 5131 batur.

640 5256 729 5311 γι.
763 5259 863 5325 Qui
913 5265 1165 5319 contritis
1223 5281 1353 5337 ergo
1404 5269 1652 5322 medetur
1680 5269 1877 5324 animis
1912 5271 1976 5324 ad
2006 5288 2128 5325 eum

573 5351 744 5405 mittit
782 5355 1053 5421 angelum,
1114 5358 1205 5423 qui
1274 5360 1395 5427 ejus
1456 5362 1782 5428 suspicionis
1837 5364 2135 5431 depelleret

572 5445 874 5496 molestiam
899 5462 912 5498 :
940 5446 993 5500 Si
1031 5448 1180 5515 velis,
1220 5448 1490 5518 inquiens,
1529 5452 1714 5507 venire
1766 5453 1817 5506 in
1846 5455 1965 5523 ejus
2004 5454 2133 5510 con-

575 5547 843 5605 spectum,
880 5538 966 5591 fac
993 5548 1050 5592 ut
1079 5557 1237 5597 mane
1266 5558 1472 5615 surgas,
1490 5554 1539 5600 et
1565 5548 1726 5601 vadas
1743 5555 1886 5601 recta
1907 5548 1971 5602 ad
1998 5564 2137 5603 mar-

575 5635 770 5701 tyrium
836 5630 976 5686 Petri
1033 5637 1287 5701 apostoli,
1335 5649 1387 5689 ct
1454 5638 1705 5690 attendas
1753 5641 1957 5695 vultum
2018 5644 2151 5711 ejus

573 5724 665 5804 qui
708 5725 799 5779 tibi
830 5726 1006 5795 primo
1047 5736 1128 5780 est
1168 5743 1516 5795 occursurus,
1546 5738 1600 5785 et
1641 5738 1691 5784 te
1740 5735 2134 5805 contemplatu-

581 5832 694 5873 ωε.
734 5817 821 5874 Sic
864 5819 1006 5875 cnim
1068 5819 1178 5889 ﬁet,
1231 5830 1287 5875 ut
1339 5836 1677 5892 nequaquam
1742 5823 2017 5883 frustreris
2074 5844 2137 5883 co

2224 3242 2487 3295 ἐπίπονον
2520 3241 2806 3311 ἑλομένην,
2858 3243 2887 3295 ὁ
2926 3240 3022 3294 τοῦ
3072 3240 3439 3310 προλαϐόντος
3475 3242 3804 3310 σφάλματος

2223 3332 2486 3400 λογισμὸς
2519 3332 2619 3383 οὐκ
2641 3333 2842 3399 ἀνῆκεν
2872 3331 3009 3392 ὅλως
3038 3331 3210 3400 αὐτὴν
3241 3333 3493 3401 ἠρεμεῖν,
3521 3332 3660 3384 ἀ).λά
3680 3335 3809 3395 ταῖς

2228 3422 2575 3492 πανημέροις
2613 3422 2841 3485 ταύταις
2886 3421 3189 3485 διακονίαις
3218 3422 3319 3490 τῆς
3366 3422 3560 3485 νυκτὸς
3609 3424 3809 3477 ἐπιού-

2228 3533 2348 3588 σης,
2404 3517 2491 3568 ὅτε
2542 3517 2637 3569 καὶ
2674 3515 2843 3567 ὕπνου
2894 3516 2989 3568 καὶ
3031 3514 3259 3585 μετρίας
3304 3514 3413 3568 ἔδει
3469 3515 3808 3587 μεταλαχείν

2227 3606 2615 3668 ἀναπαύσεως,
2653 3608 2969 3672 πλήττουσα
2997 3607 3058 3657 τὸ
3088 3606 3308 3675 στῆθος,
3358 3608 3452 3661 καὶ
3490 3609 3591 3679 τὴν
3616 3612 3807 3682 ψυχὴν

2228 3698 2457 3753 κινοῦσα
2492 3699 2628 3767 πρὸς
2656 3698 2891 3768 δάκρυα,
2942 3697 3310 3767 Συγχώρησόν
3349 3715 3441 3768 μοι
3482 3699 3580 3770 τὴν
3618 3702 3808 3771 ἀμαρ-

2229 3791 2371 3853 τίαν,
2404 3791 2582 3855 ἔλεγε,
2612 3790 2809 3861 Κύριε,
2860 3788 2895 3860 ἢ
2933 3790 2995 3843 τὸ
3036 3789 3311 3860 εῠσχημον
3349 3793 3443 3861 τῆς
3474 3791 3618 3861 ἐμῆς
3652 3795 3813 3848 ἀπώ-

2230 3881 2369 3935 λεσε
2408 3883 2792 3954 σωφροσύνης.
2842 3883 3053 3936 Ἐλαίου
3099 3884 3155 3936 δέ
3191 3901 3321 3937 ποτε
3362 3886 3487 3947 τοὺς
3531 3891 3811 3957 μοναχοὺς

2230 3976 2596 4041 ἐπιλιπόντος,
2628 3976 2983 4046 ἐπιτρέπεται
3008 3977 3145 4045 αὐτὴ
3165 3976 3262 4037 τάς
3288 3978 3569 4046 καμήλους
3593 3979 3807 4045 λαϐεῖν,

2231 4066 2316 4137 ἐφ’
2364 4060 2409 4135 ᾧ
2467 4070 2600 4139 πρὸς
2636 4067 2734 4139 τὴν
2792 4067 2946 4120 πόλιν
3000 4068 3310 4139 ἀφικομένη
3360 4068 3423 4122 τὸ
3477 4072 3559 4133 είς
3608 4073 3809 4141 χρείαν

2237 4162 2633 4230 μετακομίσειν
2690 4162 2875 4224 αύτοϊς
2937 4161 3135 4215 ἔλαιον.
3198 4163 3286 4225 Ὠς
3337 4162 3430 4217 οὖν
3485 4166 3668 4235 εἴχετο
3702 4167 3810 4238 τῆς

2233 4253 2569 4321 ὁδοιπορίας,
2623 4256 2704 4315 είς
2762 4254 2890 4307 θέαν
2946 4254 3223 4323 ἀδοκήτως
3270 4253 3366 4306 τοῦ
3418 4256 3612 4325 ἀνδρὸς
3645 4273 3812 4329 περι.

2234 4346 2445 4409 πίπτει,
2479 4344 2577 4413 τῆς
2628 4344 2777 4407 θείας
2813 4347 2894 4407 είς
2940 4345 3099 4398 τοῦτο
3148 4345 3367 4407 πάντως
3420 4350 3813 4421 συναραμένης

2236 4436 2515 4508 προνοίας.
2574 4437 2921 4507 Παρηγορείν
2960 4436 3067 4505 γὰρ
3110 4436 3303 4489 ἑαυτὸν
3350 4437 3448 4506 οὐχ
3496 4436 3610 4502 οἷός
3642 4456 3703 4491 τε
3734 4440 3812 4493 ὢν

2237 4532 2265 4582 ὁ
2293 4530 2494 4600 ταύτης
2521 4529 2662 4598 ἀνὴρ
2688 4530 2942 4597 τοιαύτης
2975 4529 3207 4593 συζύγου
3249 4528 3595 4600 διατμηθεὶς,
3629 4533 3815 4587 ἀπαυ-

2238 4622 2362 4673 στόν
2398 4637 2454 4672 τε
2488 4620 2549 4671 τὺ
2575 4622 2667 4672 ἐπὶ
2694 4624 2867 4691 ταύτῃ
2926 4619 3190 4683 σταλάζον
3220 4620 3487 4691 δάκρυον,
3531 4624 3627 4675 καὶ
3675 4625 3814 4692 μηδὲ

2237 4712 2315 4781 τῷ
2343 4712 2518 4782 χρόνῳ
2541 4710 2840 4777 δυνάμενος
2872 4710 3067 4761 σϐέσαι
3091 4711 3189 4777 τὴν
3218 4710 3477 4777 ἀθυμίαν,
3508 4712 3599 4762 τὸν
3629 4713 3813 4768 εἰδότα

2237 4804 2348 4860 οἷον
2382 4805 2527 4875 αὐτῷ
2552 4806 2611 4857 τὸ
2644 4804 2799 4875 βέλος
2844 4802 3141 4873 ὲτίτρωσκε
3172 4801 3269 4871 τὴν
3299 4801 3528 4873 καρδίαν
3562 4804 3685 4875 ᾔτει
3719 4806 3814 4860 τὸν

2238 4902 2369 4955 Θεὸν
2431 4901 2665 4970 φανερὸν
2711 4899 2858 4969 αὐτῷ
2902 4897 3177 4966 γενέσθαι,
3211 4898 3259 4949 εἰ
3292 4897 3545 4967 Θεοδὼρα
3578 4900 3814 4966 προσεί-

2238 4996 2361 5047 λετο
2400 4994 2556 5061 ἀνδρὶ
2586 4993 2761 5061 ἑτέρῳ
2788 4988 3104 5043 ἀκολουθεῖν
3132 5003 3145 5016 ·
3190 4988 3346 5040 τοῦτο
3388 4988 3499 5057 γάρ
3532 4989 3684 5058 αὺτῷ
3716 4993 3815 5044 καὶ

2243 5085 2642 5153 ὑπονοούμενον
2677 5078 2763 5150 ἦν,
2805 5082 2898 5135 καὶ
2932 5080 3019 5134 διὰ
3049 5077 3208 5132 τοῦτο
3241 5078 3443 5149 μείζων
3472 5080 3504 5148 ὴ
3545 5076 3644 5147 τῆς
3671 5098 3813 5151 καρ-

2240 5179 2358 5241 δίας
2395 5176 2656 5246 ἐτρέφετο
2689 5174 2842 5242 φλόξ.

2314 5266 2403 5334 (τ’.
2447 5266 2503 5319 '0
2531 5267 2711 5319 τοίνυν
2739 5265 2964 5332 ἰώμενος
3004 5262 3103 5327 τὰς
3130 5260 3598 5333 συντετριμμένας
3630 5262 3813 5333 ψυχὰς

2242 5363 2475 5431 ἄγγελον
2510 5359 2659 5429 αὑτῷ
2692 5357 3002 5423 ἐπιπέμπει
3052 5357 3112 5408 τὸ
3141 5356 3384 5427 λυπηρὸν
3415 5359 3511 5425 τῆς
3546 5357 3814 5421 ὑπονοίας

2242 5455 2664 5518 ὃιασκεδάζοντα
2698 5469 2710 5483 ’
2756 5452 2815 5503 Εἰ
2850 5450 3096 5518 βούλοιτο
3144 5450 3220 5514 δὲ,
3266 5451 3423 5519 φησὶ,
3453 5449 3548 5499 καὶ
3576 5449 3657 5513 είς
3690 5450 3814 5518 ὄψιν

2245 5547 2381 5614 αὐτῇ
2424 5545 2762 5613 προσελθεῖν,
2819 5541 3183 5611 ὀρθριώτερον
3215 5541 3516 5609 ἀναστῆναι
3550 5542 3645 5595 καὶ
3682 5543 3810 5593 εὐθὺ

2248 5637 2464 5707 βαδίσαι
2525 5635 2618 5688 τοῦ
2685 5634 2990 5703 μαρτυρίου
3047 5634 3256 5703 Πέτρου
3310 5630 3404 5683 τοῦ
3458 5633 3808 5696 ἀποστόλου,

2250 5728 2538 5799 προσέχειν
2564 5744 2623 5779 τε
2648 5729 2714 5796 τῇ
2747 5724 2865 5795 ὄψει
2900 5725 2991 5778 τοῦ
3017 5725 3232 5797 πρώτου
3260 5723 3406 5795 αὐτῷ
3446 5727 3810 5793 συναντήσον-

2254 5838 2343 5885 to;
2379 5821 2469 5873 καὶ
2512 5816 3050 5889 προσαγορεύσοντος
3106 5816 3260 5870 Οὕτω
3302 5817 3430 5886 γὰρ,
3489 5812 3663 5880 εἶπεν,
3712 5816 3807 5869 οὐκ
