3970 6454
145 415 253 479 673

1074 406 1253 468 VITA
1295 407 1356 468 S.
1394 402 1827 464 THEODORE
1876 401 2482 466 ALEXANDRINJE.

3303 408 3411 471 674

153 526 427 599 ἀποτεύξει
482 523 579 580 τοῦ
633 522 995 597 ζητουμένου.
1038 524 1310 576 Ἤκουσεν
1358 521 1587 585 ἐκεῖνος,
1640 519 1732 572 καὶ

1849 515 1980 584 quod
2010 518 2232 586 quaeris.
2264 519 2486 575 Audivit
2520 519 2630 584 ille,
2662 528 2716 574 et
2740 514 2868 577 fecit
2896 524 3040 578 sicut
3072 523 3259 594 jussus
3301 526 3419 581 fue-

154 621 296 676 κατά
332 619 401 671 τά
435 615 829 688 ἱπηγγελμένα
860 616 1027 679 ποιεῖ,
1062 615 1155 667 καὶ
1187 613 1433 666 συνίασιν
1482 611 1732 679 αλλήλοις

150 713 582 782 ἀντιπρόσωπον
638 712 733 763 καὶ
793 708 918 763 κατ’
969 706 1307 777 ὀφθαλμούς.
1355 705 1515 759 Ἀλλὰ
1569 703 1734 757 πόθεν

149 808 219 858 ἂν
247 806 451 874 ἐκείνῳ
484 803 792 873 συμϐαλεῖν
815 802 914 871 τὴν
937 801 1213 868 ὁμόζυγον
1246 796 1410 864 εἶναι,
1460 798 1631 852 ἄνδρα
1676 796 1735 848 τὸ

154 897 496 965 ξαινόμενον
545 893 877 963 καθορῶντι,
920 893 1013 945 καὶ
1046 892 1171 945 κατ’
1202 890 1405 960 ἄνδρας
1445 888 1735 956 ἐνδεδυμέ-

153 1007 267 1053 νον,
307 988 404 1041 καὶ
432 988 606 1050 ἄλλως
653 986 877 1055 ἐσθῆτος
914 984 1083 1054 οῠσης
1149 984 1477 1054 μοναχικῆς,
1530 982 1631 1052 ἤδη
1679 979 1736 1032 δὲ

154 1085 252 1135 καὶ
286 1081 393 1149 τῆς
430 1079 580 1149 ὥρας
634 1077 1123 1148 ὑπομαρανθείσης
1176 1079 1314 1146 αὐτῇ
1398 1078 1464 1145 τῇ
1510 1074 1737 1144 ἀμέτρῳ

156 1174 510 1245 κακοπαθείᾳ
547 1175 640 1227 καὶ
668 1171 747 1243 τῷ
803 1173 995 1241 τραχεῖ
1024 1172 1120 1240 τῆς
1149 1171 1438 1241 ἀσκήσεως
1464 1186 1478 1234 ;
1522 1168 1735 1238 Ἐκείνη

160 1268 351 1337 μέντοι
404 1266 483 1337 τῷ
541 1267 703 1335 μόνον
754 1264 917 1316 αὐτὸν
978 1264 1123 1328 ίδεῖν,
1168 1264 1262 1317 καὶ
1310 1262 1410 1332 τὴν
1440 1260 1562 1330 εψιν
1597 1261 1734 1330 αὐτῇ

159 1362 403 1430 μηνύσαι
436 1361 517 1423 τίς
542 1363 569 1413 6
596 1358 931 1429 βλεπόμενος
989 1356 1182 1428 (ἔσωζε
1243 1358 1352 1427 γάρ
1381 1358 1407 1408 6
1451 1354 1736 1427 χαρακτὴρ

156 1454 369 1507 ἐκείνου
395 1452 703 1520 ἀτρέστατα
729 1452 797 1504 τὰ
826 1450 1226 1519 γνωρίσματα),
1252 1450 1559 1518 ἀνάμνησιν
1579 1446 1741 1508 εὐθὺς

159 1540 439 1609 ἐλάμϐανε
463 1540 560 1592 τοῦ
589 1540 672 1602 είς
704 1539 870 1593 αὑτὸν
902 1540 1129 1609 φίλτρου
1164 1541 1260 1591 καὶ
1313 1538 1737 1608 ἁμαρτήματος,

161 1635 255 1685 καὶ
291 1631 367 1687 Οί
397 1633 528 1701 μοιὲ
568 1633 725 1703 ἆνερ,
788 1632 1178 1686 ἁνακλαύσασα
1220 1625 1396 1697 εἶπεν,
1460 1633 1539 1694 είς
1595 1631 1741 1693 οἴους

160 1724 360 1786 πόνους
396 1724 671 1777 ἐκδέδωκα
725 1725 971 1793 ἐμαυτὴν
1010 1722 1312 1791 θεραπείαν
1370 1724 1739 1793 μηχανωμένη

157 1815 250 1868 τοῦ
279 1816 420 1884 πρὸς
450 1818 509 1868 σὲ
533 1815 870 1882 σφάλματος,
906 1812 1000 1866 καὶ
1026 1812 1291 1882 δάκρυσιν
1320 1814 1498 1867 έκεῖνο
1524 1813 1740 1873 πολλοῖς

158 1907 454 1972 ἀ-ιαλείψαι
490 1905 894 1968 σπουδάζουσα.
940 1905 1049 1958 Καὶ
1075 1905 1139 1975 δὴ
1173 1905 1267 1958 καὶ
1310 1906 1537 1976 πλησίον
1571 1905 1737 1958 αὑτοῦ

160 1999 462 2067 γενομένη,
504 1997 677 2065 Χαῖρε
711 2014 771 2049 τε
807 1995 956 2064 αὐτῷ
991 1998 1457 2068 προσφωνήσασα,
1492 1998 1740 2066 τὸ,τάχος

161 2090 632 2159 ἀντιπαρήρχετο.
677 2087 737 2140 'U
771 2086 826 2139 δὲ
849 2090 915 2157 τῇ
944 2089 1106 2157 ὁμοίᾳ
1141 2088 1239 2157 μὲν
1274 2090 1367 2140 καὶ
1402 2087 1563 2149 αὐτὸς
1590 2090 1740 2140 ἀντι-

160 2182 567 2250 προσαγορεύει
630 2182 807 2250 φωνῇ.
888 2178 1138 2250 Παρῆλθε
1194 2179 1251 2231 δὲ
1304 2176 1412 2231 τῶν
1469 2178 1740 2249 ῥηθέντων

160 2274 313 2343 αὐτῷ
348 2273 490 2341 πρὸς
519 2272 615 2325 τοῦ
640 2273 877 2340 ἀγγέλου
907 2272 1165 2343 καθάπερ
1202 2272 1617 2342 ἐπιλαθόμενος,
1664 2273 1741 2334 ὡς

160 2368 226 2435 τῇ
265 2365 546 2433 μεταϐολῇ
582 2380 643 2415 τε
694 2364 791 2417 τοῦ
830 2367 1110 2434 σχήματος
1142 2368 1237 2418 καὶ
1267 2364 1344 2434 τῷ
1368 2366 1607 2437 ἀνομοίῳ
1640 2366 1742 2437 τῆς

160 2458 337 2525 ὅψεως
380 2456 443 2507 τὸ
474 2455 743 2523 παράπαν
778 2456 1108 2527 ἀπατηθείς.

227 2548 306 2602 Z'.
339 2548 518 2617 Πολλῇ
583 2547 676 2600 οὖν
724 2551 790 2617 τῇ
841 2547 1051 2620 ἀθυμίᾳ
1108 2549 1447 2620 βαλλόμενος
1494 2546 1584 2605 οἷα
1628 2552 1744 2606 ﬁta.

159 2640 381 2709 ψευθεὶς
400 2643 499 2710 τὴν
522 2641 874 2709 ἐπαγγελίαν,
897 2641 1069 2694 ’Ίνατί
1091 2659 1183 2711 με,
1198 2642 1453 2705 δέσποτα,
1476 2642 1739 2714 παριδὼν,

163 2736 341 2803 ἔλεγε,
392 2733 468 2803 μὴ
493 2736 573 2795 εἰς
628 2734 881 2794 τέλοςτὰ
936 2735 1326 2805 ἐπηγγελμένα
1381 2739 1741 2807 προήγαγες;

173 2828 321 2881 Ἀλλ’
340 2822 503 2888 αὖθις
528 2828 555 2879 6
578 2828 766 2895 φανεὶς
795 2826 942 2896 αὐτῷ
963 2830 1270 2897 παραστὰς,
1297 2830 1411 2882 Οὐκ
1438 2832 1742 2902 ἡπάτησαι,

162 2916 341 2971 εἶπεν.
372 2917 436 2968 Ὀ
458 2921 524 2986 τῇ
550 2920 856 2989 προτεραίᾳ
878 2922 986 2989 γὰρ
1021 2924 1359 2992 συναντήσας
1389 2940 1471 2976 σοι
1508 2926 1746 2994 μοναχδς

162 3014 255 3064 καὶ
285 3010 467 3079 Χαῖρέ
501 3026 584 3062 σοι
613 3012 955 3081 προσειπὼν,
994 3015 1157 3079 αὐτὸς
1182 3012 1272 3087 ἦν,
1315 3018 1526 3080 ἐκεῖνος
1557 3020 1741 3084 αὐτὸς,

163 3106 283 3177 ﬂeo:
313 3103 624 3164 σπουδαίως
676 3103 1019 3172 ἑπιζητεῖται
1077 3110 1240 3180 γυνή.
1293 3111 1401 3163 Καὶ
1446 3110 1589 3163 οὕτω
1644 3111 1745 3181 μὲν

162 3190 309 3262 αὐτῷ
342 3190 414 3244 τὰ
443 3190 540 3260 τῆς
602 3192 859 3256 ὑπονοίας
914 3193 1118 3259 ἐλύετο,
1148 3198 1209 3249 τὸ
1239 3198 1314 3267 μὴ
1333 3201 1510 3271 ἑτέρῳ
1538 3204 1743 3273 ταύτην
1771 3197 1817 3259 C

159 3285 314 3355 ἀνδρὶ
384 3282 709 3355 προσελθεῖν
761 3286 900 3357 ὅπερ
946 3287 1118 3356 ἡτῶν
1162 3292 1475 3360 μοναχικῶν
1522 3294 1742 3361 ἀμφίων

159 3380 354 3449 ἐδήλου
401 3379 693 3450 περιϐολή.
734 3378 937 3448 Ἐμενι
965 3380 1010 3434 δ’
1040 3377 1135 3435 οὖν
1187 3382 1331 3438 οὓτω
1409 3384 1742 3455 περιαλγῶν,

160 3475 251 3525 καὶ
284 3476 355 3544 τῇ
388 3474 492 3542 τῆς
520 3472 793 3541 ὁμοζύγου
829 3479 1083 3545 στερήσει
1124 3478 1533 3549 διακαιόμενος.
1605 3480 1663 3533 'll
1689 3482 1745 3535 δὲ

160 3564 417 3634 μακαρία
463 3563 741 3632 Θεοὸὡρα,
793 3568 854 3618 τὸ
905 3569 1043 3636 πρὸς
1096 3570 1308 3638 Κύριον
1356 3574 1744 3642 φιλάνθρωπον

154 3656 321 3709 πλέον
347 3655 686 3719 ὲξάπτουσα,
719 3656 813 3710 ἀτε
840 3658 935 3711 καὶ
960 3660 1057 3730 τῆς
1088 3660 1252 3714 αὑτοῦ
1279 3662 1617 3735 γλυκύτητος
1642 3667 1741 3739 ἤδη

155 3748 511 3820 γευσαμένη,
545 3751 641 3803 καὶ
679 3752 927 3820 μείζοσιν
979 3756 1189 3821 ἀγῶσιν
1246 3757 1448 3829 ἑαυτὴν
1485 3760 1746 3827 ὲμόαλείν

154 3841 447 3911 πρόθυμος
468 3836 557 3911 ἦν,
579 3841 674 3894 καὶ
699 3841 983 3912 ἀπαξ,τῆς
1011 3845 1228 3917 ἡμέρας
1261 3849 1462 3901 ἐσθίειν
1492 3850 1551 3902 τὸ
1584 3852 1743 3921 σῶμα

156 3935 547 4000 ιπαιδαγὼγει
570 3951 585 3965 ·
654 3934 849 3989 ἔπειτα
897 3942 1013 4000 τοῖς
1046 3940 1230 4001 πόνοις
1255 3927 1560 4010 προσθεῖσα
1600 3944 1743 3997 κατά

157 4024 372 4090 δύο,τά
427 4022 579 4074 σιτία
646 4028 897 4094 παρεῖχε,
960 4028 1057 4079 καὶ
1098 4028 1242 4082 οὕτω
1284 4031 1569 4100 κατολίγον
1631 4036 1743 4100 τοῖς

159 4117 604 4185 ὲπιπονωτέροις
653 4116 1087 4185 προσσαίνουσα,
1141 4121 1236 4175 καὶ
1285 4123 1365 4186 είς
1400 4124 1514 4189 ἕξιν
1567 4127 1743 4195 ἄκρας

159 4206 499 4276 ἐγκρατείας
549 4205 784 4260 ἐλθοῦσα
844 4212 988 4262 κινεῖ
1036 4213 1175 4283 πρὸς
1227 4214 1439 4269 ἱκεσίαν
1464 4218 1588 4279 τοὺς
1617 4234 1745 4270 συν-

161 4301 549 4367 ασκουμένους
602 4297 743 4368 αὐτῇ
809 4302 1103 4369 μοναχοὺς,
1137 4304 1441 4377 ἐπιτροπὴν
1486 4312 1579 4362 τοῦ
1612 4328 1745 4383 προ-

162 4390 403 4451 εστῶτος
433 4388 647 4454 λαϐεῖν,
680 4389 974 4460 ἀρκεῖσθαι
1004 4392 1071 4446 δι’
1090 4393 1383 4466 έὸδομάδος
1404 4407 1743 4476 προσαγωγῇ

163 4478 259 4547 τῆς
288 4483 527 4549 τροφῆς.
547 4480 707 4532 Ἀλλά
743 4484 837 4534 καὶ
862 4484 1055 4537 τούτου
1086 4490 1225 4541 κατά
1245 4490 1471 4565 γνώμην
1504 4497 1745 4567 τυχοῦσα

164 4572 299 4640 πρὸς
326 4569 524 4641 ἑτέραν
589 4570 778 4625 ἀπεῖδε
830 4571 1037 4643 δέησιν,
1129 4582 1393 4649 τριχίνοις
1447 4585 1745 4654 ὲνδύμασιν

164 4662 454 4735 ῑπιτρίψαι
484 4661 546 4715 τὸ
577 4663 758 4733 σῶμα,
778 4663 971 4737 ὥσπερ
992 4669 1311 4742 ἀμυνομένη
1338 4673 1434 4745 τὴν
1462 4675 1745 4747 πλήξασαν

168 4756 379 4826 ἡδονήν.
437 4756 605 4807 Οὔπω
661 4756 769 4829 γὰρ
835 4760 957 4813 οὐδὲ
1012 4764 1155 4832 μετά
1179 4766 1475 4831 τοσούτους
1529 4771 1746 4840 ἀγῶνας

167 4848 335 4918 λήθην
401 4845 642 4916 ἠδύνατο
671 4849 775 4920 τῆς
831 4851 1050 4923 πληγῆς
1102 4856 1323 4929 ἀκείνης
1354 4860 1558 4926 λαϐεῖν,
1618 4865 1747 4918 ἀλλ’

168 4939 382 5004 [μεινιν
411 4939 501 4990 ἀεὶ
537 4943 602 5008 τῇ
635 4942 925 5013 προσθήκῃ
966 4946 1076 4996 τῶν
1106 4948 1407 5013 ἐπιπόνων,
1430 4952 1519 5004 τὸν
1552 4955 1746 5024 βεϐλη-

167 5029 301 5083 κὸτα
363 5027 659 5097 βάλλουσα,
720 5032 814 5085 καὶ
869 5034 1049 5105 πολλῷ
1085 5037 1310 5105 μείζονα
1340 5040 1439 5111 τὴν
1480 5044 1744 5114 αἰσχύνην

169 5118 232 5191 ἧς
294 5122 438 5191 αὑτὴ
492 5121 765 5176 πέπονθεν
820 5126 1019 5198 ἐκείνῳ
1083 5132 1451 5201 περιτιθεῐσα,
1498 5138 1743 5209 γυνὴτὸν

171 5216 261 5265 καὶ
291 5214 526 5276 πολλοὺς
572 5217 875 5286 νικήσαντα
925 5220 1035 5271 τῶν
1070 5223 1284 5292 ἀνδρῶν
1312 5229 1404 5277 καὶ
1436 5226 1617 5296 σάρκα
1650 5246 1744 5297 ερο·

175 5304 339 5373 ροῦσα
388 5304 483 5357 τὸν
508 5306 803 5378 ἀσώματον
835 5313 1210 5386 τροπουμένη.

237 5447 320 5500 ιιι,
357 5446 479 5500 Ἱνα
518 5444 574 5498 δὲ
608 5450 757 5501 καὶὸ
788 5450 959 5514 πολὺς
1000 5455 1059 5507 ἐν
1107 5456 1249 5509 ὲλέει
1298 5460 1433 5524 Θεὸς
1484 5462 1741 5534 δοξασθῇ,

174 5536 259 5589 καὶ
316 5540 349 5607 ἡ
407 5535 630 5608 ἑκείνης
698 5540 1141 5615 ἀξιοθαύμαστος
1220 5550 1412 5621 ἀγωγὴ
1466 5556 1744 5627 γνώριμος

174 5631 434 5699 καταστῇ,
490 5630 995 5708 θαυματουργείταί
1052 5654 1105 5692 τι
1141 5642 1385 5697 τοιοῦτον
1431 5647 1592 5715 λόγου
1650 5653 1744 5705 καὶ

175 5722 388 5792 μνήμης
443 5722 617 5789 ἀξιον.
679 5724 863 5796 Λίμνη
911 5729 1011 5798 τῆς
1066 5734 1232 5802 μονῆς
1265 5730 1741 5812 ὑπῆρχενέγγύς·

177 5814 345 5890 ταύτῃ
390 5816 748 5889 κροκόδειλος
778 5817 1197 5895 ἔμφιλοχωρῶν,
1245 5821 1289 5896 ᾧ
1330 5829 1397 5884 ἀν
1432 5834 1645 5903 ἐντύχοι
1676 5842 1743 5906 τῇ

1840 618 1945 662 rat.
1975 608 2043 664 Et
2063 611 2403 667 conveniunt
2432 613 2677 667 adversis
2716 613 3011 680 frontibus.
3068 630 3124 674 et
3174 636 3233 675 se
3276 620 3421 674 invi-

1838 716 1958 755 cem
1994 702 2355 773 aspicientes;
2392 706 2485 758 sed
2518 708 2791 761 undenam
2850 720 3033 779 posset
3087 712 3179 765 ille
3250 716 3422 786 conji-

1837 805 1961 846 cere
1991 808 2111 847 eam
2141 808 2265 849 esse
2298 812 2452 850 suam
2506 800 2818 869 conjugem,
2878 814 3001 855 cum
3058 804 3109 857 id
3169 806 3312 873 quod
3372 808 3421 860 ei

1837 887 2134 955 apparebat
2165 889 2371 944 videret
2401 904 2524 945 esse
2559 894 2761 958 virum,
2790 902 2845 948 et
2885 896 3025 948 virili
3064 908 3219 951 veste
3260 899 3421 957 indu-

1839 987 1976 1043 tum,
2008 983 2244 1037 maxime
2277 998 2405 1037 cum
2445 988 2616 1039 vestis
2640 1000 2789 1041 esset
2822 992 3146 1054 monasuca,
3219 1003 3274 1045 et
3311 994 3421 1062 jam

1839 1071 1888 1125 ei
1918 1074 2279 1129 emarcuisset
2330 1078 2543 1145 species
2577 1080 2866 1133 immodica
2910 1082 3210 1137 afﬂictione
3242 1095 3297 1137 et
3334 1102 3423 1137 as-

1840 1166 2067 1234 peritate
2083 1168 2486 1224 exercitationis
2504 1170 2526 1221 7
2544 1171 2631 1226 Illa
2650 1183 2828 1227 autem
2852 1189 2974 1227 cum
2991 1190 3115 1230 eum
3146 1180 3317 1229 solum
3344 1178 3425 1229 vi-

1840 1258 2030 1324 disset,
2062 1261 2183 1314 etei
2216 1262 2485 1318 indicaret
2519 1267 2723 1330 vultus,
2754 1268 3009 1336 quisnam
3038 1280 3187 1323 esset
3218 1270 3307 1338 qui
3339 1269 3424 1323 vi-

1842 1350 2076 1407 debatur
2132 1355 2406 1425 (servabat
2428 1358 2574 1412 enim
2612 1360 2759 1413 illius
2815 1361 2986 1431 ﬁgura
3061 1362 3262 1417 indicia
3318 1362 3426 1415 im-

1843 1444 2171 1511 inutabilia),
2219 1448 2501 1501 recordata
2531 1458 2615 1503 est
2644 1452 2892 1518 protinus
2916 1453 2997 1505 sui
3032 1453 3087 1505 in
3116 1468 3239 1506 eum
3277 1468 3424 1506 amo-

1843 1535 1918 1589 ris
1946 1546 1999 1590 et
2035 1540 2267 1606 peccati,
2293 1550 2365 1604 et,
2398 1542 2663 1610 Heimihi,
2694 1560 2726 1598 ο
2750 1548 2963 1610 marite,
2989 1545 3123 1600 fletis
3146 1555 3201 1599 et
3233 1547 3425 1603 humili

1846 1641 1977 1681 voce
2014 1629 2173 1692 dixit,
2237 1631 2303 1684 ad
2334 1642 2569 1700 quantos
2628 1643 2714 1687 me
2784 1635 3002 1689 lobores
3047 1637 3262 1700 tradidi,
3298 1638 3427 1691 dum

1844 1719 1950 1772 mei
1992 1718 2047 1772 in
2080 1730 2132 1774 te
2160 1721 2340 1775 delicti
2368 1739 2553 1793 quicro
2581 1726 2929 1793 medicinam,
2964 1737 3019 1781 et
3049 1730 3245 1783 studeo
3288 1729 3428 1782 mul-

1846 1808 1915 1863 tis
1938 1808 2067 1865 illud
2103 1811 2287 1867 delere
2309 1813 2600 1885 lacrymisl
2641 1816 2701 1870 Et
2731 1833 2855 1872 cum
2890 1820 2940 1873 ei
2968 1820 3159 1873 fuisset
3177 1825 3425 1889 propius,

1845 1908 1900 1952 et
1935 1901 2008 1964 ei,
2040 1900 2220 1964 Salve,
2254 1903 2500 1968 dixisset,
2527 1920 2687 1975 quam
2705 1908 2941 1973 primum
2999 1909 3285 1977 praeteriit.
3336 1909 3429 1963 Illo

1843 2001 2026 2045 autem
2057 2008 2177 2046 eam
2208 2010 2429 2064 quoque
2454 1998 2619 2051 simili
2656 2013 2790 2053 voce
2824 2000 3163 2057 resalutavit.
3214 2002 3426 2055 Prwte-

1842 2082 2146 2137 riitantetn
2209 2086 2376 2139 veluti
2432 2087 2637 2143 oblitus
2679 2105 2870 2143 eorum
2919 2107 3039 2161 quae
3104 2093 3154 2146 ei
3216 2093 3429 2147 dixerat

1842 2175 2087 2243 angelus,
2117 2176 2287 2247 utqui
2310 2178 2495 2249 figura:
2522 2183 2825 2236 mutatione
2854 2193 2908 2238 et
2940 2186 3123 2240 vultus
3181 2187 3427 2242 dissimi-

1846 2266 2307 2323 litudinefuisset
2376 2271 2604 2326 omnino
2672 2274 2958 2343 deceptus.

1916 2479 2028 2535 VII.
2065 2479 2236 2536 Multa
2271 2483 2453 2553 itaque
2494 2482 2731 2538 amictus
2768 2486 2935 2540 animi
2981 2489 3329 2559 aegritudine,
3372 2505 3429 2549 ut

1843 2574 1933 2643 qui
1955 2574 2248 2629 frustratus
2275 2575 2468 2630 fuisset
2488 2578 2849 2645 promissione
2871 2597 2884 2632 :
2905 2580 3016 2634 Cur
3034 2596 3140 2647 me,
3176 2582 3430 2651 Domine,

1845 2666 2174 2734 despiciens,
2204 2668 2442 2731 dicebat,
2480 2685 2591 2723 non
2617 2672 2894 2726 deduxisti
2927 2673 2993 2727 ad
3037 2674 3200 2729 ﬁnem
3226 2692 3288 2730 ea
3310 2694 3432 2747 quae

1847 2760 2113 2828 promissa
2158 2759 2418 2815 fuerant?
2446 2761 2553 2817 Sed
2586 2780 2777 2819 rursus
2809 2768 3079 2820 accedens
3125 2769 3194 2833 is,
3228 2770 3323 2838 qui
3381 2772 3430 2825 ei

1845 2861 2216 2921 apparuerat:
2250 2853 2370 2909 Non
2425 2854 2577 2910 fuisti
2614 2858 2899 2928 deceptus,
2935 2860 3091 2914 dixit.
3150 2861 3285 2915 Nam
3337 2866 3431 2932 qui

1850 2948 1943 3001 tibi
1978 2947 2151 3017 pridie
2174 2950 2417 3004 occurrit
2445 2949 2766 3011 monachus,
2789 2961 2843 3007 et
2869 2952 3002 3007 dixit
3030 2952 3147 3018 tibi,
3182 2949 3362 3018 Salve,
3388 2956 3432 3008 is

1850 3042 1965 3111 ipse
1985 3053 2101 3096 erat
2126 3043 2213 3096 illa
2237 3053 2326 3097 tua
2355 3045 2577 3114 conjux,
2610 3062 2731 3116 quae
2760 3063 2789 3099 a
2806 3055 2858 3101 te
2877 3048 3119 3103 studiose
3140 3050 3427 3117 quaeritur.

1850 3134 1916 3189 Et
1946 3137 2024 3189 sic
2047 3138 2265 3206 quidem
2296 3137 2474 3192 soluta
2504 3140 2555 3192 ei
2603 3141 2709 3194 fuit
2737 3141 2999 3210 suspicio,
3050 3143 3194 3213 quod
3244 3158 3308 3197 ea
3363 3145 3430 3198 ad

1848 3228 2086 3281 alterum
2114 3231 2290 3284 virum
2330 3247 2441 3285 non
2463 3234 2790 3289 accessisset
2826 3252 2839 3289 :
2896 3236 3044 3303 quod
3090 3237 3311 3307 quidem
3360 3240 3432 3292 si-

1847 3316 2137 3383 gnificabat
2166 3321 2398 3373 amictus
2424 3324 2857 3377 monasticarum
2891 3327 3145 3380 vestium.
3208 3326 3297 3383 Ille
3352 3340 3432 3384 ta-

1848 3421 1973 3460 men
2003 3406 2263 3478 deinceps
2294 3412 2548 3467 manebat
2578 3415 2765 3471 dolore
2791 3417 3023 3473 affectus
3060 3428 3111 3474 et
3157 3426 3433 3480 cruciatus

1848 3512 2075 3570 propter
2102 3504 2465 3570 privationem
2495 3509 2765 3581 conjugis.
2792 3510 2959 3566 Beata
2999 3523 3181 3568 autem
3245 3516 3432 3573 Theo-

1846 3593 1979 3644 dora
2010 3608 2197 3647 amore
2224 3596 2438 3651 Domini
2489 3605 2662 3671 magis
2721 3619 2976 3670 accensa,
3041 3618 3099 3661 ut
3143 3626 3264 3679 quas
3316 3612 3432 3681 jam

1848 3691 2092 3751 gustarat
2118 3684 2238 3755 ejus
2269 3688 2618 3753 suavitatem,
2666 3701 2721 3746 et
2777 3704 2963 3763 parata
3022 3708 3142 3751 erat
3196 3702 3431 3770 seipsam

1850 3775 1906 3827 in
1938 3777 2144 3844 majora
2181 3780 2457 3847 conjicere
2482 3786 2806 3851 certamina,
2842 3798 2896 3843 et
2921 3792 3093 3846 semel
3123 3794 3179 3847 in
3220 3795 3308 3849 dic
3335 3812 3429 3851 co-

1848 3868 2099 3934 medens,
2137 3883 2339 3937 corpus
2379 3875 2683 3943 castigabat
2714 3893 2728 3941 ;
2757 3880 2957 3933 deinde
2983 3884 3247 3952 adjicit-ns
3275 3887 3433 3942 labo-

1848 3958 2023 4021 ribus,
2065 3962 2307 4017 secundo
2331 3978 2549 4035 quoque
2582 3968 2670 4023 die
2698 3970 2881 4024 cibum
2942 3976 3236 4044 sumebat;
3268 3991 3323 4035 et
3352 3984 3433 4037 sic

1848 4051 2110 4121 paulatim
2137 4056 2460 4125 aggrediens
2496 4060 2666 4129 magis
2697 4064 2989 4132 laboriosa,
3041 4082 3164 4124 cum
3231 4088 3429 4142 pervc-

1850 4148 2020 4199 nisset
2051 4148 2118 4201 ad
2146 4145 2391 4203 habitum
2433 4166 2662 4208 summa:
2686 4158 3053 4225 abstinentiae,
3078 4174 3262 4217 monet
3315 4181 3435 4221 mo-

1850 4240 2082 4305 nacbos,
2105 4242 2198 4311 qui
2224 4256 2431 4298 cumea
2498 4247 2918 4316 exercebantur,
2974 4264 3033 4307 ut
3086 4267 3117 4308 ι
3171 4256 3432 4325 praefecto

1850 4343 2104 4403 peterent
2133 4335 2181 4388 ei
2216 4338 2477 4404 permitti,
2512 4351 2572 4395 ut
2602 4342 2784 4397 cibum
2812 4346 2979 4400 semel
3009 4358 3218 4404 tantum
3245 4368 3433 4409 sume.

1851 4436 1935 4480 ret
1970 4427 2023 4478 in
2055 4426 2422 4483 bebdomada.
2460 4429 2567 4485 Sed
2603 4447 2727 4486 cum
2782 4437 2833 4489 id
2888 4454 3106 4509 quoque
3152 4453 3319 4509 esset,
3374 4456 3432 4501 ut

1776 4526 1823 4583 ι)
1848 4518 2082 4586 volebat,
2116 4526 2431 4592 consecuta,
2464 4525 2531 4580 ad
2592 4528 2815 4583 alteram
2846 4534 3056 4601 aspexit
3088 4537 3431 4609 petitionem,

1852 4625 2050 4685 nempe
2072 4623 2130 4669 ut
2158 4628 2359 4685 corpus
2392 4628 2703 4675 contereret
2728 4623 2930 4687 cilicio,
2959 4626 3124 4682 veluti
3163 4631 3433 4687 ulciscens

1853 4722 1997 4773 eam,
2058 4724 2180 4778 qua:
2250 4712 2420 4779 ipsam
2464 4714 2755 4779 sauciarat,
2788 4718 3143 4787 voluptatem.
3176 4722 3428 4777 Nondum

1852 4804 1998 4856 enim
2031 4817 2133 4855 nec
2164 4812 2287 4872 post
2322 4812 2429 4857 tam
2473 4809 2641 4861 multa
2672 4809 2892 4877 quidem
2929 4814 3232 4868 certamina
3269 4826 3429 4885 pote-

1852 4901 1935 4945 rat
1957 4908 2075 4947 eam
2099 4909 2295 4964 capere
2326 4896 2527 4951 oblivio
2554 4898 2699 4952 illius
2727 4899 2917 4971 plagae,
2944 4903 3038 4958 sed
3062 4919 3281 4974 semper
3309 4924 3431 4977 per-

1857 4987 2039 5058 gebat,
2066 4989 2376 5056 adjiciendo
2406 4989 2644 5055 labores,
2680 4992 2846 5047 ferire
2873 5011 2998 5049 cum
3028 4996 3119 5063 qui
3150 5014 3431 5064 percusse-

1852 5088 1958 5143 rat,
1990 5092 2042 5133 et
2077 5079 2126 5132 ei
2160 5080 2421 5149 majorem
2469 5082 2691 5137 inurere
2760 5085 3116 5155 ignominiam
3156 5102 3221 5142 ea
3265 5104 3427 5157 quam

1851 5190 2008 5246 passa
2051 5174 2247 5240 fuerat,
2279 5175 2479 5231 femina
2510 5194 2635 5231 eum
2668 5178 2761 5243 qui
2790 5182 2993 5235 multos
3022 5182 3169 5235 viros
3198 5183 3425 5249 vicerat,

1850 5283 1905 5327 et
1933 5287 2153 5327 carnem
2184 5283 2430 5345 gestans,
2460 5291 2584 5329 cum
2615 5275 2853 5331 fundens
2894 5290 2958 5330 ac
2996 5276 3313 5348 prodigam,
3332 5279 3425 5349 qui

1850 5379 1971 5423 erat
2002 5368 2378 5437 incorporeus.

1924 5461 2054 5516 \‘lll.
2108 5460 2180 5515 Ut
2233 5472 2419 5516 autem
2477 5462 2870 5531 gloriﬁcaretur
2948 5464 3113 5532 Deus,
3180 5468 3273 5537 qui
3342 5478 3426 5523 est

1850 5571 2079 5626 magnus
2122 5564 2176 5609 et
2218 5556 2474 5624 capiosus
2525 5556 2579 5609 in
2636 5557 3030 5621 misericordia,
3097 5566 3154 5613 et
3220 5576 3421 5631 cogno-

1848 5660 2091 5706 sceretur
2122 5649 2269 5705 illius
2308 5651 2419 5703 vita
2449 5648 2804 5715 admirabilis,
2835 5654 2894 5705 lit
2936 5653 3044 5707 tale
3085 5654 3421 5717 miraculum,

1850 5747 2071 5816 dignum
2116 5744 2259 5813 quod
2326 5745 2599 5799 scribatur
2647 5754 2701 5799 et
2771 5746 3059 5801 mandetur
3125 5748 3420 5802 memoriae.

1859 5840 1989 5896 Erat
2056 5840 2271 5908 quidam
2333 5838 2483 5895 lacus
2554 5854 2723 5910 prope
2784 5844 3199 5898 monasterium.
3247 5846 3301 5898 In
3356 5861 3423 5901 eo
