3970 6438
552 382 662 443 675

1783 376 2065 436 MENSIS
2107 378 2580 437 SEPTEMBER.

3702 386 3815 450 676

559 497 814 551 habitans
886 494 1217 558 crocodilus,
1294 494 1345 547 in
1404 509 1781 563 quemcunque
1850 494 2120 549 incidisset

2236 495 2401 564 λίμνῃ
2454 495 2858 565 παραϐάλλοντι
2907 497 3180 567 ἀνθρώπῳ
3249 501 3279 567 ἢ
3344 502 3557 569 κτήνει,
3622 506 3816 572 μικρῷ

560 592 834 641 hominem
883 588 964 641 vcl
1020 587 1272 647 bestiam,
1328 601 1422 639 seu
1462 602 1679 653 parvam
1719 604 1812 639 seu
1853 603 2123 656 magnam,

556 697 673 733 eam
738 679 985 749 protinus
1049 677 1337 731 exedebat.
1419 679 1487 731 lis
1553 680 1753 748 itaque,
1810 679 1898 748 qui
1960 681 2013 732 in
2065 694 2125 732 ea

555 776 775 843 regione
826 773 1161 835 habitabant,
1218 784 1335 827 erat
1389 775 1585 826 malum
1663 778 1799 827 adeo
1864 776 2123 835 terribile,

558 876 615 918 ut
668 867 781 935 ipse
835 864 1122 934 prtel'ectus
1178 864 1592 933 civitatis(erat
1652 876 1833 920 autem
1898 867 1987 920 hic
2039 867 2125 921 ille

553 955 892 1024 Gregorius,
987 971 1145 1024 quem
1229 971 1349 1024 quae
1444 958 1723 1025 prmeessit
1803 957 2123 1027 signiﬁcavit

554 1048 848 1114 oratio)in
885 1063 948 1097 eo
986 1047 1105 1100 loco
1156 1047 1407 1100 statuerit
1469 1048 1669 1101 milites
1734 1047 1796 1100 ad
1864 1050 2124 1103 arcendos

552 1151 646 1190 eos
718 1136 809 1205 qui
880 1136 1001 1189 illac
1059 1138 1380 1191 transibant.
1450 1138 1586 1191 Cum
1671 1153 1798 1206 ergo
1876 1139 2123 1192 scivisset

552 1228 840 1296 praefectus
863 1228 1199 1289 monasterii,
1219 1229 1391 1297 qualis
1418 1239 1562 1282 esset
1590 1229 1695 1282 vita
1720 1229 2035 1290 Theodore,
2068 1240 2123 1285 et

549 1318 693 1386 quod
758 1333 927 1387 prope
987 1318 1225 1371 conferri
1289 1330 1472 1387 posset
1524 1334 1646 1372 cum
1698 1320 1831 1388 ipsis
1889 1320 2118 1388 angelis.

553 1417 608 1459 et
645 1408 791 1474 quod
850 1423 956 1460 non
1011 1417 1158 1461 esset
1216 1423 1413 1477 expers
1479 1409 1674 1463 divinae
1741 1411 1953 1479 gratia),
2003 1427 2119 1467 eam

549 1503 833 1555 accersivit
870 1510 923 1555 et
967 1502 1014 1554 ei
1046 1503 1218 1556 dixit:
1253 1502 1374 1566 Fili,
1410 1501 1710 1567 Theodore,
1750 1504 1873 1557 tolle
1908 1520 2120 1570 urnam,

550 1603 605 1646 et
658 1609 890 1662 propera
934 1594 1089 1647 nobis
1134 1609 1329 1663 aquam
1366 1595 1559 1649 aﬂ‘erre
1594 1611 1659 1649 ex
1702 1596 1805 1650 hoc
1843 1596 1979 1651 lacu.
2024 1598 2114 1651 Illa

551 1694 735 1738 autem
774 1702 839 1739 ex
872 1686 1175 1753 apostolico
1224 1698 1496 1757 przecepto
1536 1690 1719 1743 sciens
1765 1706 1884 1743 esse
1918 1707 2119 1757 paren-

549 1778 677 1830 dum
729 1778 797 1831 iis
827 1779 913 1846 qui
952 1789 1205 1847 priesunt,
1259 1780 1500 1848 implevit
1536 1781 1680 1848 quod
1721 1782 1871 1847 jussa
1919 1781 2115 1835 fuerat.

550 1870 615 1925 Et
640 1872 823 1927 multis
851 1872 1167 1941 juhentibus
1196 1873 1341 1926 illam
1374 1888 1404 1926 e
1444 1874 1562 1928 loco
1592 1873 1877 1937 excedere,
1925 1876 1967 1928 si
2005 1891 2113 1928 non

548 1980 779 2021 mortem
812 1978 1039 2037 cuperet
1068 1968 1433 2036 apertissime,
1468 1969 1555 2020 illa
1606 1979 1783 2021 tamen
1830 1970 1965 2023 freta
2010 1970 2113 2024 ﬁde

548 2058 603 2111 in
642 2057 832 2119 Deum,
871 2070 921 2111 et
958 2075 1222 2127 peragens
1262 2076 1397 2128 opus
1441 2061 1786 2121 obedientiam,
1816 2078 1937 2130 quae
1967 2063 2117 2115 novit

550 2148 716 2201 vitam
779 2149 1095 2211 conciliare,
1165 2164 1273 2202 uon
1338 2161 1591 2213 mortem,
1644 2167 1766 2204 cum
1833 2154 2117 2223 elTugisset

549 2254 741 2291 omnes
792 2240 882 2307 qui
955 2240 1253 2302 arcebant,
1300 2243 1507 2296 accedit
1561 2244 1625 2296 ad
1681 2243 1857 2298 locum
1891 2262 1904 2301 :
1944 2250 1999 2299 et
2049 2247 2118 2313 (0

550 2330 889 2383 admirabilia
967 2342 1053 2383 tua
1138 2346 1320 2398 opera,
1384 2348 1416 2385 ο
1486 2333 1776 2401 Domine“)
1828 2346 2115 2403 conspecta

551 2421 651 2476 fuit
712 2422 837 2474 vehi
905 2437 933 2475 a
1002 2424 1175 2475 bellua
1216 2434 1315 2487 ;et
1364 2440 1485 2479 cum
1552 2440 1747 2494 aquam
1825 2428 2115 2493 haumsset,

550 2522 606 2567 et
671 2512 951 2581 implesset
1007 2530 1098 2565 vas
1150 2514 1293 2582 quod
1348 2524 1465 2568 erat
1519 2515 1571 2569 in
1642 2518 1914 2578 manibus,
1968 2526 2116 2571 vecta

552 2622 743 2659 rursus
786 2607 854 2659 ab
902 2606 989 2659 illa
1041 2607 1220 2660 bellua
1269 2618 1422 2662 terra:
1478 2611 1744 2664 redditur.
1802 2610 1868 2665 Et
1913 2614 1993 2665 sic
2031 2610 2117 2666 illa

550 2699 770 2767 quidem
819 2699 873 2751 in
914 2706 1056 2753 terra
1090 2710 1441 2755 conservatur
1467 2702 1630 2756 illazsa
1659 2720 1673 2769 ;
1708 2702 1883 2757 bellua
1914 2714 2115 2769 autem,

551 2804 676 2841 cum
770 2800 956 2842 sancta
1060 2790 1228 2857 ipsam
1313 2793 1665 2862 increpasset,
1742 2793 1842 2845 luit
1926 2807 2118 2861 poenas

552 2896 743 2933 eorum
818 2898 937 2950 qua:
992 2882 1057 2935 ad
1124 2883 1228 2937 hoc
1301 2900 1476 2955 usque
1531 2897 1743 2954 tempus
1804 2884 2116 2947 admiserat,

552 2981 608 3025 et
660 2986 727 3025 eo
780 2972 835 3024 in
886 2973 1006 3027 loco
1066 2976 1245 3029 statim
1314 2976 1561 3031 cernitur
1633 2986 1867 3029 mortua.
1932 2975 2120 3029 Evadit

549 3079 680 3135 ergo
738 3080 827 3119 res
872 3066 994 3120 aliis
1066 3084 1285 3137 quoque
1342 3067 1649 3134 manifesta,
1715 3078 1899 3139 utpote
1977 3068 2119 3137 quod

2232 603 2289 638 τε
2317 588 2409 639 καὶ
2444 588 2673 656 μείζονι,
2698 587 2859 640 τοῦτο
2882 588 3099 640 δεῖπνον
3135 589 3294 651 εῷθὺς
3321 594 3591 644 ἐποιεῖτο·
3634 595 3813 656 οὕτως

2230 673 2322 731 οὖν
2350 679 2583 748 κατέστη
2648 681 2759 742 τοῖς
2810 681 3282 749 ἑπιχωριάζουσιν
3329 684 3597 751 ἑπΐςςοὸον
3626 684 3687 736 τὸ
3717 703 3824 737 κα-

2227 772 2341 835 κὸν,
2361 772 2436 833 ὡς
2465 771 2559 824 καὶ
2584 772 2745 824 αὑτὸν
2770 774 2861 824 τὶν
2899 774 3000 841 τῆς
3037 773 3247 835 πόλεως
3282 772 3531 842 ὕπαρχον
3580 778 3820 845 (Γρηγὺ-

2229 882 2342 933 ριος
2396 866 2452 917 δὲ
2491 859 2647 925 οὗτος
2676 861 2743 934 ἦν
2778 865 2835 916 ὃν
2899 867 2994 918 καὶ
3058 866 3299 937 πρόσθεν
3352 867 3565 932 φθασας
3592 874 3621 920 ὀ
3659 872 3823 936 λόγος

2225 956 2489 1024 ἐδήλωσε)
2535 954 2871 1023 στρατιώῖας
2927 958 3311 1025 παρακαθίσαι
3338 958 3415 1026 τῷ
3472 959 3648 1026 7577:"

2226 1063 2342 1114 γειν
2372 1049 2497 1108 τοὺς
2526 1046 2594 1099 δι’
2650 1047 2868 1115 ἐκείνης
2923 1048 3229 1111 ὁδεύοντας.

3703 963 3821 1030 εῖρ-

3300 1048 3472 1108 Εἰδὼς
3514 1049 3609 1101 οὖν
3642 1053 3669 1101 ὁ
3714 1052 3823 1116 tif;

2227 1141 2396 1209 μονῆς
2430 1140 2734 1212 προεστὼς,
2768 1134 2883 1203 οἷος
2917 1137 2985 1210 ἧν
3016 1143 3043 1193 ὁ
3073 1141 3171 1209 τῆς
3204 1142 3491 1211 Θεοξώρας
3535 1146 3675 1211 βίος,
3722 1148 3822 1196 καὶ

2221 1232 2295 1293 ὠς
2325 1232 2526 1299 μικροῦ
2576 1234 2674 1286 κα1⁵
2728 1232 2987 1300 ἀγγέλοις
3040 1233 3226 1295 αὐτοῖς
3266 1234 3677 1303 ἁμιλλώμενος,
3723 1240 3822 1288 καὶ

2224 1321 2322 1385 ὡς,
2349 1322 2450 1373 οὐκ
2484 1321 2551 1373 ἂν
2584 1322 2673 1389 εῖη
2747 1326 2841 1373 καὶ
2871 1324 3097 1392 χάριτος
3164 1322 3317 1383 θείας
3386 1322 3527 1390 αὕτη
3558 1326 3819 1392 ἄμοιρος,

2226 1414 2571 1484 μετάκλητον
2601 1417 2771 1485 αὐτὴν
2799 1418 3189 1486 ποιησάμενος,
3224 1417 3449 1477 Τέκνον,
3484 1412 3609 1468 εἷπε
3630 1455 3645 1477 ,
3678 1418 3817 1469 830'-

2221 1509 2385 1577 δωρε,
2432 1508 2495 1560 τὸ
2549 1509 2819 1575 κεράμιον
2880 1507 3046 1576 ἄρας,
3082 1508 3386 1577 ὖδιυρήμίν
3430 1510 3542 1560 ἀπὸ
3576 1510 3679 1575 τῆς
3712 1506 3819 1560 ὦδε

2221 1600 2418 1669 λίμνης
2478 1600 2704 1669 ὲπείχθη
2754 1616 2807 1651 τι
2864 1598 3113 1665 ἀγαγεῖν.
3155 1600 3221 1650 ’11
3270 1600 3326 1651 δὲ
3363 1600 3653 1652 πείθεσθαι
3696 1604 3819 1664 τοῖς

2222 1696 2545 1762 ἡγουμένοις
2568 1695 2935 1765 ἁποστολικὴν
2967 1695 3146 1747 εἰδυῖα
3184 1696 3530 1762 παραίνεσιν.
3568 1697 3815 1763 ἐπλήρου

2223 1790 2281 1839 τὸ
2322 1788 2635 1850 κελευσθὲν,
2674 1790 2769 1841 καὶ⁸
2802 1789 3015 1840 πολλῶν
3054 1788 3223 1855 αυτὴν
3292 1788 3562 1854 ἐκχωρεῖν
3595 1788 3693 1837 τοῦ
3726 1788 3813 1837 τόν

2222 1896 2323 1929 που
2376 1880 2860 1949 διακελευομένων,
2895 1882 2942 1931 εί
2997 1880 3067 1949 μὴ
3125 1878 3333 1947 θανατᾷ
3401 1877 3811 1948 προδηλότατα,

2220 1971 2403 2038 ἐκείνη
2461 1972 2644 2023 πίστει
2682 1976 2745 2042 τῇ
2782 1974 2862 2031 είς
2936 1974 3069 2023 Θεὸν
3106 1972 3387 2041 θαρροῦσα
3420 1974 3515 2023 καὶ
3549 1965 3809 2038 ὑπακοῆς

2218 2063 2377 2131 ἔργον
2421 2062 2683 2127 ἀνύουσα,
2720 2064 2751 2133 ἢ
2783 2062 2927 2132 ζωὴν
2967 2063 3169 2131 μᾶλλον
3193 2058 3355 2124 οἶδεν,
3392 2060 3515 2127 οὐχὶ
3547 2060 3812 2119 θάνατον,

2219 2154 2523 2223 προξενεῖν,
2559 2157 2767 2218 πάντας
2804 2153 2939 2223 ὁμοῦ
2967 2152 3315 2222 διαφυγοῦσα
3343 2156 3470 2214 τοὺς
3495 2154 3810 2222 εἴργοντας,

2218 2251 2284 2318 τῇ
2315 2248 2477 2315 λίμνῃ
2513 2249 2871 2315 προσϐάλλει,
2908 2249 3022 2310 καὶ,
3057 2246 3101 2295 ὣ
3132 2250 3242 2296 τῶν
3268 2246 3589 2311 παραδόξων
3624 2245 3813 2313 ἔργων

2223 2357 2339 2401 σευ,
2370 2342 2537 2408 Κύριε
2567 2343 2577 2391 !
2614 2342 2796 2392 ἐπάνω
2818 2340 2911 2391 τοῦ
2941 2339 3126 2408 θηρὸς,
3161 2339 3365 2405 ἑωρᾶτο
3399 2337 3809 2407 βασταζομὲνη,

2222 2434 2584 2506 ὰρρυσαμένη
2612 2449 2671 2483 τε
2738 2432 2882 2501 ὕδωρ
2918 2434 3011 2484 κα)⁵
3041 2432 3100 2483 τὸ
3136 2434 3193 2482 ἐν
3226 2434 3413 2500 χερσὶν
3454 2432 3626 2498 ἄγγος
3661 2433 3810 2500 πλή-

2223 2545 2383 2590 σασα,
2436 2528 2631 2597 ἔποχος
2680 2526 2843 2581 πάλιν
2902 2525 2994 2577 ὑπ’
3040 2526 3254 2577 ἐκείνου
3292 2524 3354 2592 δὴ
3380 2524 3475 2575 τοῦ
3510 2524 3707 2591 θηρὸς,
3740 2527 3808 2591 τῇ

2221 2622 2361 2691 ξηρᾷ
2399 2622 2778 2691 παραδίδοται.
2828 2620 2936 2672 Καὶ
2965 2620 3138 2680 οὕτως
3203 2617 3388 2685 ἐκείνη
3432 2617 3532 2684 μὲν
3583 2617 3809 2683 ἀπαθὴς

2219 2715 2286 2781 τῇ
2326 2714 2394 2779 γῇ
2427 2711 2752 2773 διασώζεται
2784 2727 2799 2742 ο
2834 2711 2895 2761 τὸ
2925 2711 2981 2761 δὲ
3013 2708 3203 2775 θηρίον
3258 2708 3390 2775 παρ’
3414 2707 3592 2775 αὐτῆς
3624 2708 3810 2759 ὲπιτι·

2225 2805 2397 2873 μηθὲν
2454 2803 2837 2875 εἰσπράττεται
2883 2802 3037 2870 δίκην
3066 2800 3175 2853 τῶν
3220 2801 3379 2869 μέχρι
3418 2800 3538 2851 τότε
3594 2799 3809 2869 τολμη-

2222 2900 2425 2953 θέντων
2439 2898 2606 2966 αὐτῷ,
2630 2897 2723 2948 καὶ
2741 2897 2871 2964 παρ’
2902 2896 3097 2947 αὐτέκα
3119 2892 3195 2962 τῷ
3219 2894 3371 2960 τόπῳ
3402 2892 3570 2942 πεσὸν
3590 2892 3809 2961 ἑωρᾶτο

2220 2991 2411 3058 νεκρόν
2443 3004 2458 3018 ⁸
2515 2990 2726 3057 γίνεται
2792 2984 2885 3040 οὖν
2929 2987 2989 3039 τὸ
3026 2988 3260 3054 πρᾶγμα
3320 2984 3414 3036 καὶ
3467 2984 3583 3044 τοῖς
3618 2983 3809 3043 ἄλλοις

2221 3083 2494 3151 ἐπίδηλον,
2526 3083 2621 3133 ἆτε
2650 3080 2758 3131 τῶν
2792 3079 3093 3145 ὀφθαλμοῖς
3126 3076 3289 3127 τοῦτο
3340 3075 3805 3142 παραλαϐόντων,

551 3158 645 3225 qui
696 3159 1071 3227 percepissent
1118 3160 1313 3223 oculis,
1366 3176 1481 3215 eam
1530 3162 1824 3215 multorum
1896 3161 2117 3213 auribus

2225 3172 2432 3225 πολλῶν
2461 3173 2653 3232 ἀκοαῖς
2683 3168 3016 3239 χαρίσασθαι
3044 3166 3442 3236 βουληθέντων,
3472 3164 3568 3217 καὶ
3590 3165 3810 3227 πάντας

552 3249 767 3303 tradere
846 3250 1161 3305 voluerint:
1224 3262 1279 3306 et
1354 3261 1645 3323 propterea
1734 3251 1847 3305 Deo
1922 3265 2115 3307 omnes

551 3352 777 3411 egerunt
822 3345 1045 3413 gratias.

622 3433 713 3487 IX.
762 3435 891 3487 Erat
948 3444 1129 3488 autem
1190 3434 1278 3488 hic
1347 3449 1566 3504 quoque
1623 3432 1823 3488 invidia
1880 3432 2115 3499 factura,

552 3542 671 3596 quae
741 3526 791 3580 ei
865 3527 1219 3592 conveniunt,
1314 3536 1368 3580 et
1458 3528 1578 3593 ejus
1677 3534 1803 3576 sunt
1880 3525 2118 3593 propria.

552 3620 784 3682 Quidam
860 3620 1007 3672 enim
1078 3634 1143 3671 ex
1206 3615 1491 3669 monachis
1536 3616 1734 3685 (nemo
1803 3624 1887 3667 est
1951 3614 2116 3676 enim,

553 3708 643 3777 qui
721 3724 832 3760 non
887 3716 1176 3777 appetatur
1238 3707 1445 3761 inimici
1522 3704 1767 3775 insidiis)
1813 3705 2121 3760 invidentia!

552 3799 789 3853 stimulis
841 3799 955 3862 icti,
1018 3800 1182 3868 qmod
1236 3800 1485 3851 viderent
1539 3798 1752 3851 beatam
1813 3799 1999 3852 venire
2053 3800 2120 3853 ad

554 3906 825 3944 summum
879 3891 1117 3953 virtutis,
1171 3890 1437 3945 insciente
1484 3891 1761 3960 praefecto,
1812 3905 1933 3945 ea!!!
1988 3891 2119 3945 tuit-

554 3990 679 4034 tunt
726 3981 781 4035 in
830 3982 1103 4051 quoddam
1148 3983 1338 4051 procul
1390 3990 1656 4033 remotum
1706 3980 2119 4043 monasterium,

555 4074 830 4128 tradentes
881 4073 931 4126 ei
988 4073 1296 4140 epistolam,
1357 4073 1541 4142 specie
1592 4071 1835 4140 quidem,
1897 4080 1954 4125 ut
2001 4085 2121 4141 qum

554 4166 783 4221 haberet
818 4164 1016 4233 aliquid
1047 4164 1189 4233 quod
1224 4175 1460 4235 urgeret,
1486 4173 1541 4219 et
1591 4164 1893 4233 postularet
1925 4164 2120 4219 celeri-

557 4262 769 4319 tatem;
807 4270 994 4309 revera
1040 4265 1217 4308 autem
1250 4255 1323 4308 ita
1365 4265 1582 4310 structa:
1628 4255 1843 4309 fuerant
1888 4256 2119 4320 insidiae,

554 4348 811 4414 quoniam
895 4347 997 4400 hoc
1076 4354 1242 4401 noctu
1318 4345 1501 4409 ﬁebat,
1572 4358 1632 4399 ut
1691 4351 2041 4400 dcvoraretur
2092 4362 2123 4400 a

556 4438 768 4492 bestiis.
841 4436 969 4492 Erat
1033 4440 1179 4491 enim
1246 4439 1336 4491 illa
1394 4439 1482 4491 via
1545 4440 1779 4500 deserta,
1825 4450 1879 4498 et
1917 4441 1972 4492 in
2016 4454 2121 4508 qua

557 4532 687 4583 solae
745 4530 1029 4583 alebantur
1086 4529 1233 4582 ferte.
1302 4528 1405 4584 Sed
1474 4528 1674 4585 frustra
1736 4532 1833 4585 has
1898 4532 2121 4585 insidias

557 4620 780 4675 molitus
842 4632 927 4676 est
982 4620 1344 4688 adversarius,
1393 4630 1448 4676 et
1499 4637 1657 4676 secus
1719 4624 1904 4675 evenit
1961 4638 2124 4690 quam

558 4714 675 4781 ipse
741 4715 1174 4768 machinabantur.
1231 4716 1311 4767 Ad
1379 4725 1621 4767 sanctam
1697 4715 1843 4768 enim
1912 4715 1967 4766 in
2040 4717 2123 4768 via

559 4816 832 4859 errantem
895 4808 1105 4861 accedit
1154 4807 1399 4875 quaedam
1462 4809 1656 4870 bestia,
1710 4808 1873 4877 fitque
1920 4808 1967 4861 ei
2016 4806 2124 4861 dux

560 4900 659 4953 viae
712 4913 823 4951 non
872 4897 1054 4966 fallax,
1107 4900 1278 4954 donec
1352 4916 1470 4953 eam
1537 4899 1760 4952 deduxit
1812 4898 1878 4951 ad
1938 4912 2126 4951 mona-

560 4990 807 5056 slerium,
861 4992 926 5045 ad
951 4995 1094 5060 quod
1144 4991 1321 5045 fuerat
1351 4994 1513 5045 missa
1540 5007 1553 5043 :
1592 4995 1700 5045 imo
1726 5008 1852 5045 vero
1881 5006 1950 5043 ne
2000 5000 2127 5044 tunc

558 5084 775 5153 quidem
862 5085 1135 5139 discessit.
1189 5082 1323 5138 Cum
1380 5100 1443 5140 ea
1503 5085 1645 5137 enim
1706 5082 1963 5151 ingressa,
2012 5083 2124 5150 ipsa

560 5191 777 5246 quoque
814 5175 1066 5240 introiit;
1125 5186 1178 5229 et
1217 5192 1339 5230 cum
1390 5176 1477 5230 illa
1506 5175 1713 5237 ivisset,
1767 5187 1823 5227 ut
1874 5174 2126 5242 praefecto

562 5267 815 5321 redderet
846 5267 1071 5332 litteras,
1116 5268 1353 5337 ingressa
1404 5279 1487 5323 est
1538 5268 1649 5321 tera
1698 5267 1760 5319 ad
1812 5268 2125 5335 jauitorem,

563 5372 799 5423 eumque
831 5372 953 5410 mox
992 5368 1108 5412 erat
1138 5358 1495 5427 discerptura,
1531 5360 1635 5411 nisi
1668 5357 1757 5410 ille
1798 5357 2125 5419 clamasset;

562 5454 620 5498 et
677 5460 801 5499 cum
848 5460 914 5499 ex
970 5445 1207 5500 clamore
1265 5461 1524 5501 conversa
1579 5449 1736 5500 beata
1782 5450 2127 5515 cognovisset

563 5538 821 5606 quisnam
878 5546 1026 5592 esset
1075 5538 1358 5601 tumultus,
1406 5540 1634 5593 offendit
1682 5540 1974 5607 viruni,qui
2016 5540 2125 5609 jam

563 5628 897 5682 exedebatur
926 5645 953 5682 a
992 5628 1191 5684 bestia.
1229 5628 1320 5685 Illa
1353 5644 1483 5700 ergo
1528 5631 1735 5693 statim,
1771 5630 2116 5699 apprehenso

640 5834 660 5865 ⁸
688 5830 831 5885 Psal.
861 5848 1045 5894 xxxix.
1073 5834 1129 5892 ϐ.

2220 3266 2328 3339 εἶχε
2368 3266 2499 3329 Θεὸς
2526 3266 2591 3318 δι’
2614 3267 2829 3334 ἐκείνης
2874 3261 3332 3334 εὐχαριστοῦντας
3355 3260 3528 3328 αὐτῷ.

2290 3424 2367 3475 Θ’.
2401 3424 2492 3472 Δεῖ
2527 3424 2627 3473 κάν
2660 3422 2833 3488 τούτῳ
2878 3421 2947 3473 τὰ
3005 3422 3183 3472 οἰκεῖα
3215 3422 3242 3471 ὁ
3283 3420 3478 3486 φθόνος
3527 3419 3810 3471 ἐνδείκνυ-

2224 3514 2370 3567 σθαι.
2420 3515 2575 3574 Τινὲς
2615 3512 2721 3581 γὰρ
2758 3513 2867 3564 τῶν
2924 3511 3175 3579 μοναχῶν
3232 3511 3377 3577 (ἐπεὶ
3427 3511 3623 3577 μηδεὶς
3678 3514 3806 3571 ταῖς

2221 3604 2507 3673 ἐπηρείαις
2540 3606 2840 3672 ἀχείρωτος
2869 3601 2965 3653 τοῦ
2999 3600 3245 3669 ἐχθροῦ),
3266 3599 3567 3667 βασκανίας
3587 3601 3808 3671 κέντρῳ

2223 3696 2534 3767 βληθέντες,
2568 3691 2648 3758 οἷς
2675 3694 2863 3765 ἑώρων
2884 3696 2984 3762 τὴν
3012 3692 3294 3763 μακαρίαν
3325 3694 3406 3753 είς
3442 3693 3618 3761 ἄκρον
3674 3694 3813 3763 ἀρεο

2220 3790 2319 3857 τῆς
2348 3788 2592 3858 ἤκουσαν
2618 3829 2632 3850 ,
2672 3787 2845 3855 λάθρα
2898 3786 2999 3854 τῆς
3029 3785 3125 3838 τοῦ
3167 3784 3515 3856 προεστῶτος
3551 3785 3805 3855 γνώμης,

2220 3880 2300 3940 εἰς
2326 3879 2382 3929 ἓν
2413 3895 2464 3929 τι
2522 3877 2629 3930 τῶν
2660 3877 2883 3947 μακρὰν
2930 3878 3284 3946 ἁσκητηρίων
3336 3876 3547 3945 ταύτην
3572 3878 3795 3946 ἐκπέμο

2220 3988 2433 4031 πουσιν,
2492 3970 2788 4039 ἐπιστολὴν
2851 3969 3275 4039 ὲγχείριζοντες,
3342 3969 3403 4020 τὸ
3471 3970 3809 4037 φαινόμενον

2224 4065 2346 4133 μὲν,
2391 4063 2531 4115 ὥστε
2593 4064 2702 4114 τῶν
2752 4062 3093 4126 ἐπειγόντων
3137 4061 3396 4125 ἔχουσαν,
3460 4063 3558 4110 καὶ
3610 4064 3807 4123 τέλους

2220 4156 2475 4225 δεόμενον
2513 4154 2796 4224 ὀξυτέρου,
2832 4152 2892 4204 τὸ
2924 4152 2979 4203 δὲ
3007 4150 3209 4219 ἀληθὲς
3260 4152 3497 4221 συσκειὴ
3539 4146 3633 4221 ἦν,
3680 4155 3809 4205 ἐπεὶ

2221 4248 2317 4300 καὶ
2374 4248 2567 4308 νυκτὸς
2620 4246 3019 4316 διεπράττετο,
3120 4241 3462 4310 κατάφρωνα
3540 4244 3807 4309 γενέσθαι

2226 4338 2466 4408 θηρίων·
2504 4338 2707 4408 ἔρημος
2772 4338 2880 4408 γὰρ
2919 4340 2951 4406 ἡ
3004 4336 3123 4400 ὁδὸς
3180 4334 3365 4407 ἐκείνη
3430 4336 3527 4387 καὶ
3595 4334 3806 4405 θηρίων

2229 4432 2405 4501 μόνων
2485 4431 2703 4500 τροφός.
2809 4430 2947 4484 Ἀλλ’
3032 4433 3111 4492 εἰς
3194 4431 3370 4499 μάτην
3434 4431 3467 4498 ἡ
3538 4429 3807 4498 ἐπιϐουλὴ

2228 4525 2305 4595 τῷ
2347 4525 2733 4596 ἀντικειμένῳ,
2786 4527 2882 4578 καὶ
2919 4523 3234 4577 τούναντίον
3296 4522 3520 4589 μᾶλλον,
3562 4523 3589 4588 ἧ
3639 4523 3807 4583 αὐτὸς

2226 4619 2562 4688 ὲτεχνάζετο.
2658 4617 2999 4684 Πλανωμένῃ
3042 4616 3149 4682 γαρ
3190 4612 3317 4664 καθ’
3382 4612 3498 4663 ὁδὸν
3552 4615 3618 4681 τῇ
3680 4615 3807 4683 ὁσία

2227 4708 2591 4776 προσέρχεταί
2634 4722 2686 4756 τι
2737 4706 2945 4774 θηρίον,
2987 4705 3079 4757 καὶ
3114 4705 3326 4773 γίνεται
3370 4702 3576 4771 ταύτης
3606 4704 3804 4773 eam;

2225 4801 2469 4871 ἀπλανὴς
2504 4801 2609 4862 ἕως
2636 4799 2786 4867 ἄγων
2816 4803 2880 4871 τῇ
2920 4802 3053 4870 μονῇ
3084 4798 3425 4866 παρέστησε,
3451 4800 3589 4865 πρὸς
3628 4798 3805 4865 ἦνκαὶ

2228 4896 2418 4964 ἔτυχεν
2475 4893 2892 4963 ὲκπεμφθεῖσα’
2950 4891 3151 4958 μᾶλλον
3204 4887 3262 4939 δὲ
3320 4888 3439 4938 οὐδὲ
3484 4886 3664 4949 οὓτως
3700 4891 3805 4940 ἁπ-

2233 4989 2365 5057 ἑστη
2404 5002 2415 5015 ⁸
2458 4986 2785 5057 είσελθοὺσῃ
2816 4984 2923 5052 γὰρ
2974 4982 3067 5032 καὶ
3098 4978 3230 5031 αὐτὸ
3264 4979 3563 5047 συνεισήει.
3600 4977 3807 5030 Κάκεί-

2232 5097 2325 5147 νης
2360 5079 2493 5147 πρὸς
2524 5078 2583 5128 τὸ
2608 5076 2914 5145 ἐγχειρίσαι
2945 5072 3022 5141 τῷ
3048 5071 3351 5142 προεστῶτι
3380 5071 3478 5139 τὴν
3511 5070 3803 5138 ἐπιστολὴν

2231 5169 2594 5237 ἀπελθούσης,
2626 5171 2653 5221 ὁ
2706 5168 2812 5237 θὴρ
2856 5165 2934 5233 τῷ
2988 5164 3226 5234 πυλωρῷ
3287 5162 3468 5230 ἐπῄει,
3527 5162 3622 5212 καὶ
3679 5164 3802 5213 ὅσον

2229 5262 2383 5314 οὔπω
2430 5258 2687 5328 διασπᾷν’
2724 5258 2885 5310 αὑτὸν
2944 5254 3190 5331 ἔμελλεν,
3238 5254 3287 5305 εί
3345 5253 3421 5322 μὴ
3503 5250 3801 5319 βοήσαντος

2230 5353 2464 5415 ἐκείνου,
2499 5353 2592 5403 καὶ
2642 5347 2951 5417 συνδρομῆς
3011 5344 3298 5413 γεγονυίας
3333 5344 3744 5411 ἐπιστραφεῖσα
3774 5342 3803 5409 ἡ

2235 5444 2501 5515 μακαρία,
2536 5444 2629 5495 καὶ
2660 5443 2808 5502 ὅστις
2854 5440 2938 5509 εἴη
2962 5441 2989 5491 ὁ
3022 5437 3251 5506 θόρυϐος
3282 5435 3601 5502 διαγνοῦσα,
3636 5451 3802 5485 κατα·

2232 5537 2503 5607 λαμόἁνει
2530 5536 2621 5587 τὸν
2651 5533 2822 5601 ἄνδρα
2848 5531 3051 5601 βρῶσιν
3078 5530 3201 5599 ἤδη,
3234 5528 3330 5582 τοῦ
3361 5529 3529 5594 θηρὸς
3581 5528 3803 5594 γινόμεο

2230 5647 2338 5687 νον.
2387 5627 2559 5690 Εὐθὺς
2590 5622 2683 5677 οὖν
2742 5624 2932 5693 ἐκείνη
2974 5619 3069 5673 τοῦ
3120 5621 3407 5691 φάρυγγος
3441 5616 3609 5672 αὐτοῦ
3678 5619 3813 5685 δρα-
