3970 6450
168 410 266 471 671

1104 400 1280 460 VlTA
1318 399 1379 458 S.
1418 394 1853 457 THEODOIUE
1896 392 2491 455 ALEXANDRINJE.

3309 396 3416 463 678

164 518 390 589 ξαμένη,
427 514 734 585 διαφθορᾶς
762 512 852 565 τὸν
883 510 1171 580 ἄνθρωπον
1196 508 1554 572 ἀπαλλάττει,
1576 507 1742 575 ἐλαίῳ

1849 504 1966 574 ejus
1998 512 2236 574 gutture,
2269 504 2448 572 ipsum
2476 502 2670 556 liberat
2693 502 2763 557 ab
2796 500 3039 559 interitu.
3074 506 3205 564 Oleo
3233 523 3416 569 autem

161 614 213 663 δὲ
248 609 631 677 ύπαλείφουσα
685 610 754 659 τὰ
785 604 1055 675 βλαϐέντα
1101 603 1262 673 μέλη.
1286 602 1380 655 καὶ
1416 600 1655 671 Χριστοῦ
1682 599 1742 652 τὸ

158 703 323 770 δνομα
375 697 821 769 προσεπᾴδουσα,
882 694 1068 747 τοῦτον
1122 694 1219 763 μὲν
1277 692 1353 755 ὡς
1384 694 1443 744 τὸ
1474 693 1743 761 πρότερον

160 791 287 855 ὑγιᾶ
314 790 690 850 ἀποδείκνυσι,
733 786 793 838 τὸ
816 785 871 838 δὲ
908 784 1099 853 θηρίον
1130 787 1316 835 πεσεῖν
1342 800 1398 836 τε
1443 782 1539 835 καὶ
1590 782 1743 851 διαρ-

160 883 399 951 ραγῆναι
434 881 785 951 παραχρῆμα
808 879 975 929 ποιεῖ.

222 968 282 1022 ι’.
317 968 507 1021 Ταῦτα
539 968 725 1035 ἐκείνη
759 967 858 1034 μὲν
882 964 1068 1017 λαθεῖν
1134 963 1421 1033 ἠϐούλετο,
1460 963 1559 1016 καὶ
1586 961 1741 1015 οὐδὲν

162 1060 301 1128 μετᾶ
347 1060 450 1128 τὴν
509 1058 769 1110 ἐπάνοδον
822 1056 1089 1124 ἐφανέρου
1152 1056 1267 1115 τοῖς
1322 1056 1623 1123 μοναχοῖςο
1688 1054 1739 1106 oi

159 1152 417 1221 τυχόντες
442 1150 500 1201 δὲ
564 1149 664 1216 τῆς
699 1146 1023 1215 εὐεργεσίας
1057 1146 1172 1215 ἅμα
1222 1144 1371 1214 πρωῒ
1412 1144 1739 1212 αὐτάγγελοι

158 1244 246 1296 τοῦ
284 1241 629 1313 πραχθέντος
677 1241 944 1308 γίνονται,
980 1240 1183 1307 Εὐχαῖς
1216 1238 1521 1310 Θεοδώρου,
1554 1238 1740 1306 λέγον-

159 1351 276 1398 τες,
310 1331 557 1403 χαλεποῦ
609 1332 846 1386 θανάτου
891 1331 1083 1401 ῥύεται
1112 1331 1400 1402 ἄνθρωπος
1430 1333 1525 1385 καὶ
1548 1330 1739 1401 θηρίου

160 1424 379 1494 φάρυγξ
427 1426 561 1493 ἡμῖν
608 1422 921 1497 χαρίζεται,
970 1423 1064 1477 τὸν
1122 1424 1201 1486 εἰς
1270 1423 1476 1495 βρῶσιν
1505 1425 1606 1494 ἤδη
1642 1422 1740 1494 ληο

159 1518 384 1585 φθέντα.
420 1512 522 1570 Ὧν
548 1518 640 1569 καὶ
675 1518 799 1579 τοὺς
832 1516 1028 1585 λόγους
1054 1518 1083 1569 ὁ
1127 1518 1411 1584 προεστὼς
1450 1517 1543 1571 τοῦ
1574 1536 1740 1589 φρον-

158 1608 443 1677 τιστηρίου
505 1608 889 1676 καταπλαγεὶς
945 1607 1027 1672 τίς
1058 1609 1117 1672 ὃς
1143 1611 1322 1661 ἐκεῖσε
1357 1609 1546 1662 τοῦτον
1577 1609 1741 1661 ἀπεί-

160 1700 394 1753 σταλκεν
421 1701 801 1772 ἀπορούμενος
826 1701 1094 1772 διηρώτα·
1121 1701 1195 1764 ὡς
1228 1701 1285 1753 δὲ
1330 1696 1472 1771 ἦσαν
1499 1701 1740 1766 ἅπαντες

157 1788 398 1858 ἔξαρνοι,
427 1791 526 1861 τὴν
560 1791 848 1860 μακαρίαν
875 1791 1245 1861 προσϐλέψας·
1283 1791 1380 1855 Τίς
1402 1787 1579 1856 οὗτος,
1609 1793 1736 1862 εφη,

1847 598 2097 652 membra
2130 596 2254 648 lmsa
2318 596 2605 665 inungens,
2652 602 2708 649 et
2752 595 2957 651 Christi
3002 614 3201 656 nomen
3250 621 3417 677 super

1844 702 1907 740 ea
1978 697 2228 748 cantans,
2298 703 2422 741 eum
2482 686 2723 756 quidem.
2790 689 2934 743 sicut
3010 695 3183 760 prius.
3239 701 3417 754 reddit

1844 793 2085 843 sanum;
2128 778 2287 831 eﬂicit
2342 788 2549 843 autem,
2602 788 2660 833 ut
2712 780 2883 835 bestia
2945 787 3197 850 protinus
3252 792 3415 845 cadea

1845 879 1949 932 ret,
2002 876 2059 923 et
2114 870 2568 940 disrumperetur.

1918 959 1984 1013 X.
2046 962 2171 1015 llaec
2229 962 2315 1013 illa
2372 964 2594 1029 quidem
2657 965 2873 1020 volebat
2941 968 3129 1033 latere,
3185 980 3240 1024 et
3298 984 3420 1041 post

1851 1052 2088 1105 reditum
2157 1052 2296 1105 nihil
2364 1055 2645 1121 aperiebat
2715 1060 3040 1113 monachis:
3093 1064 3181 1131 qui
3237 1072 3418 1118 autem

1846 1143 2171 1197 beneﬁcium
2212 1142 2431 1197 fuerant
2473 1148 2734 1201 assecuti.
2779 1148 2957 1201 statim
3014 1151 3113 1219 ipsi
3175 1152 3226 1205 id
3274 1157 3417 1222 quod

1843 1232 2046 1287 factum
2130 1235 2309 1289 fuerat
2361 1238 2695 1297 renuntiant.
2774 1241 3024 1296 dicentes
3091 1261 3103 1296 :
3160 1244 3419 1299 Precibus

1843 1321 2117 1378 Theodori
2174 1326 2437 1382 liberatus
2502 1340 2583 1383 est
2648 1329 2809 1385 homo
2856 1348 2884 1386 a
2929 1334 3083 1402 gravi
3116 1344 3311 1398 morte,
3364 1347 3419 1390 rt

1842 1420 2028 1475 bestia
2065 1422 2185 1491 gula
2219 1424 2377 1476 nobis
2430 1425 2668 1478 restituit
2714 1442 2863 1492 eum,
2898 1429 2987 1497 qui
3037 1431 3145 1499 jam
3190 1441 3413 1499 coeptus

1842 1521 1962 1567 erat
2000 1513 2273 1568 devorari.
2323 1514 2564 1580 Quorum
2607 1518 2792 1572 verbis
2822 1521 3228 1589 obstupefactus
3276 1538 3416 1593 prte-

1842 1602 2016 1659 fectus
2048 1607 2390 1670 monasterii,
2423 1610 2673 1677 quisnam
2720 1625 2844 1663 eum
2890 1614 3120 1674 miserit,
3155 1616 3416 1668 dubitans

1843 1698 2234 1767 interrogabat.
2289 1697 2586 1767 Postquam
2646 1710 2827 1753 autem
2867 1718 3057 1756 omnes
3108 1715 3416 1772 negassent,

1841 1785 2056 1839 beatam
2087 1787 2359 1840 intuitus:
2413 1788 2547 1853 Quis
2598 1801 2702 1853 est,
2762 1792 2961 1859 inquit,
3014 1809 3046 1847 o
3106 1794 3417 1857 Theodore,

156 1881 427 1954 Θεόδωρε,
459 1882 525 1947 δς
557 1884 657 1936 ἐπὶ
686 1886 957 1953 προφανεῖ
984 1885 1218 1953 κινδύνῳ
1234 1884 1436 1956 ἀωρίσε
1466 1885 1575 1936 τῶν
1610 1885 1740 1937 νύκ-

1849 1877 1956 1946 qui,
1989 1893 2111 1931 cum
2165 1888 2311 1933 esset
2367 1879 2713 1935 manifestum
2763 1883 3084 1951 periculum,
3137 1897 3188 1939 te
3230 1887 3421 1940 intem-

154 1989 260 2025 των
287 1978 598 2042 κατήπειγε
642 1974 710 2026 τὰ
745 1977 927 2027 ὲκεῖσε
976 1975 1345 2040 καταλαϐεῖνς
1383 1977 1493 2029 Καὶ
1515 1977 1611 2028 θέα
1649 1994 1739 2046 μοι

154 2065 332 2135 ψυχῆς
395 2066 617 2127 εὐθείας
674 2065 1039 2136 ἁνάπλασμα,
1103 2070 1196 2119 καὶ
1256 2068 1319 2118 τὸ
1387 2068 1739 2137 ἄτυφονγὰρ

156 2157 321 2225 ἑαυτῇ
352 2155 817 2226 περιποιουμένῃ,
838 2158 933 2209 καὶ
962 2158 1075 2219 τοῖς
1106 2157 1359 2225 ἀδελφοῖς
1387 2157 1739 2225 φυλάττουσα

154 2248 212 2300 τὸ
250 2246 621 2317 ἀνέγκλητον·
659 2248 872 2316 "ravio,
909 2246 1084 2312 εἶπεν,
1115 2249 1233 2300 τότε
1262 2251 1388 2312 τοὺς
1426 2250 1738 2319 ὀφθαλμοὺς

154 2340 276 2402 τοὺς
305 2338 458 2391 ἔνδον
488 2355 547 2391 τε
574 2339 668 2392 καὶ
723 2339 851 2403 τοὺς
896 2339 1003 2403 ἔξω
1035 2340 1403 2410 βαρυνομένη,
1437 2342 1513 2413 μὴ
1565 2344 1741 2396 εἰπεῖν

156 2431 300 2501 ἔχειν
362 2432 491 2502 ἄρτι
549 2432 678 2495 τοὺς
737 2433 1149 2496 ἀποσταλέντας
1188 2434 1247 2498 ἐξ
1294 2436 1596 2505 ὀνόματος·
1630 2436 1741 2488 διε-

158 2525 351 2593 πρίετο
380 2523 577 2587 δεινῶς
598 2526 626 2577 δ
674 2523 940 2588 διάϐολος,
970 2524 1141 2593 αὐτὴν
1174 2526 1271 2591 μὲν
1305 2525 1403 2593 τὴν
1448 2528 1740 2579 ὑποσκελι-

162 2615 382 2669 σθεῖσαν
411 2618 558 2687 δρῶν
609 2620 908 2677 τοσαύταις
957 2615 1137 2677 νίκαις
1194 2616 1294 2685 τὴν
1324 2612 1498 2687 ἦτταν
1527 2619 1735 2670 ἀναπα-

160 2708 444 2771 ὶαίουσαν,
488 2706 687 2759 ἑαυτὸν
734 2706 791 2758 δὲ
819 2705 1165 2775 κατακράτος
1198 2708 1532 2778 ήττώμενον.
1580 2709 1741 2779 Ἀφέ-

161 2814 319 2865 μενος
347 2796 446 2850 οῦν
494 2796 589 2851 τοῦ
623 2798 763 2851 κατὰ
787 2798 847 2850 τὸ
874 2798 1136 2852 λανθάνον
1166 2799 1540 2853 ἐπιϐουλεύειν
1569 2818 1738 2871 φανε-

160 2890 267 2961 ρῶς
298 2891 477 2961 αὐτῆς
504 2890 798 2959 παραστάς
844 2890 1057 2959 ἠπείλει
1103 2891 1177 2961 μὴ
1200 2893 1423 2960 ἀνήσειν
1469 2895 1596 2956 τοὺς
1622 2910 1743 2945 πει-

162 2985 413 3054 ρασμοὺς
449 2984 753 3049 ἐπάγοντα,
777 2982 882 3046 ἕως
909 2982 1079 3048 αὐτὴν
1110 2983 1229 3052 θείη
1263 2984 1465 3053 πτῶμα
1496 2984 1742 3053 γελώμε-

158 3094 244 3128 νον
277 3076 383 3136 τὴν
414 3074 511 3127 νῦν
578 3074 688 3127 ἀπὸ
749 3074 970 3127 πάντων
996 3074 1446 3148 θαυμαζομένην.
1480 3074 1613 3129 Εῖπε
1648 3079 1741 3131 καὶ

156 3169 213 3221 οὐ
239 3169 412 3222 πολὺν
434 3166 615 3238 ἀφῆκε
646 3167 737 3221 τὸν
805 3168 1009 3237 μεταξὺ
1044 3170 1237 3238 χρόνον
1289 3170 1566 3238 γένεσθαι,
1601 3171 1741 3224 ἀλλὰ

159 3260 307 3313 σίτου
328 3260 431 3331 τῆς
464 3260 632 3330 μονῆς
662 3260 741 3321 είς
788 3259 998 3312 ἔνδειαν
1033 3262 1412 3332 καταστάσης,
1459 3259 1775 3317 κελεύεταιζ

158 3354 309 3426 παρὰ
354 3352 456 3405 τοῦ
484 3350 829 3421 προεστῶτος
859 3354 891 3421 ή
926 3352 1175 3422 μακαρία
1225 3354 1301 3424 μὴ
1336 3354 1576 3424 μέλλειν,
1610 3355 1747 3411 ἀλλὰ

156 3446 251 3506 τὰς
308 3445 616 3514 καμήλους
666 3442 824 3507 αὖθις
872 3443 1118 3499 λαϐοῦσα
1148 3445 1243 3498 καὶ
1280 3447 1420 3516 πρὸς
1466 3447 1566 3515 τήν
1590 3448 1747 3501 πόλιν

157 3536 511 3607 ἀφικομένην
554 3538 702 3588 σῖτον
753 3536 941 3598 αὐτοῖς
992 3536 1288 3605 πρίασθαι.
1336 3537 1747 3607 Ἐπετέτραπτο

157 3628 213 3681 δὲ
240 3628 341 3680 καὶ
369 3626 554 3689 τοῦτο,
585 3625 662 3685 ὡς
688 3624 743 3675 ετ
768 3641 833 3691 γε
885 3624 1169 3687 ἀδυνάτως
1200 3625 1338 3696 αὐτῇ
1393 3626 1608 3695 γένοιτο
1639 3628 1745 3699 πρὸ

156 3720 253 3788 τῆς
307 3717 557 3787 ἑσπέρας
611 3716 952 3779 ἐπανελθεῖν,
1009 3718 1347 3773 καταλύσειν
1408 3722 1467 3773 ἐν
1521 3720 1599 3791 τῷ
1648 3720 1744 3773 τοῦ

162 3813 355 3866 ἐνάτου
383 3810 815 3881 φροντιστηρίῳ,
847 3813 1075 3865 κάκεῖσε
1122 3814 1223 3877 τὰς
1253 3814 1534 3885 καμήλους
1561 3815 1746 3867 διανα-

159 3903 399 3956 παῦσαι.
445 3902 775 3955 Ἐπανιοῦσα
806 3903 1102 3971 τοιγαροῦν
1122 3906 1187 3955 ὲκ
1209 3905 1306 3974 τῆς
1336 3905 1565 3972 πόλεως,
1596 3906 1747 3959 ἐπεί-

160 4012 266 4066 περ
300 3995 408 4065 ήδη
441 3994 582 4065 πρὸς
612 3993 825 4064 δυσμὰς
850 3992 1000 4064 ἑώρα
1036 3994 1130 4048 τὸν
1164 3995 1341 4066 ἥλιον,
1376 4000 1444 4069 τῇ
1478 3997 1573 4050 τοῦ
1620 3998 1747 4051 ινά-

156 4107 250 4143 του
280 4088 433 4144 κατὰ
467 4088 527 4143 τὸ
557 4086 841 4158 ἐπίταγμα
872 4089 1011 4159 μονῇ
1042 4089 1371 4161 προσφοιτᾷ,
1413 4088 1637 4159 δοθῆναί
1683 4106 1742 4143 τε

156 4184 323 4236 τόπον
375 4183 516 4251 αὐτῇ
574 4182 671 4233 καὶ
749 4182 869 4242 ταῖς
934 4181 1205 4250 καμήλοις
1260 4182 1398 4252 πρὸς
1428 4182 1743 4237 ἀνάπαυσιν

159 4275 304 4344 ᾔτει,
324 4266 390 4325 οῦ
421 4271 534 4324 καὶ·
560 4270 878 4341 γενομένου,
913 4269 1051 4341 πρὸς
1084 4273 1214 4324 ποσὶ
1247 4270 1387 4345 αῦτη
1418 4272 1528 4327 τῶν
1561 4276 1743 4345 καμή-

158 4367 267 4423 λων
316 4366 705 4420 διανεπαύετο.

228 4458 337 4511 IA'.
382 4453 665 4507 Ἐντεῦθεν
698 4448 793 4506 οῦν
824 4455 969 4524 ἁρχὴ
996 4455 1210 4522 γίνεται
1243 4456 1337 4508 τοῦ
1371 4456 1612 4525 πολέμου
1646 4456 1739 4508 τοῦ

1845 1975 1997 2033 pesta
2072 1978 2231 2021 nocte
2316 1970 2549 2035 impulit,
2609 1980 2665 2023 ut
2750 1973 2860 2025 illic
2941 1978 3419 2042 proliciscercris?

1846 2054 1975 2108 Mihi
2047 2071 2179 2110 vero
2250 2059 2539 2112 considera
2593 2072 2753 2115 recta:
2822 2064 3016 2118 anima:
3076 2067 3414 2137 figmentum.

1847 2145 1962 2201 Sibi
2010 2149 2157 2202 enim
2196 2154 2498 2205 attribuens
2544 2152 2970 2223 simplicitatem,
3002 2169 3057 2211 et
3086 2176 3418 2216 conservans

1842 2236 2038 2291 fratres
2098 2247 2355 2308 tanquam
2438 2245 2573 2295 nulli
2643 2246 2859 2299 crimini
2942 2251 3183 2305 aﬂines:
3241 2253 3416 2311 Tunc.

1844 2330 2040 2399 inquit,
2101 2340 2214 2385 tam
2278 2332 2483 2391 interni
2574 2350 2734 2403 quam
2792 2340 3005 2394 externi
3074 2344 3215 2395 oculi
3262 2358 3420 2401 erant

1843 2422 1976 2476 mihi
2020 2437 2213 2477 somno
2264 2424 2399 2479 adeo
2442 2428 2668 2492 gravati.
2719 2439 2776 2483 ut
2828 2447 2934 2484 non
2986 2437 3189 2501 possim
3239 2440 3420 2492 nomi-

1842 2515 2011 2567 natim
2064 2514 2247 2591 dicere
2282 2532 2377 2569 eos
2424 2521 2516 2585 qui
2553 2519 2842 2573 miserunt.
2886 2523 3189 2591 zEgerrirne
3237 2538 3418 2580 autem

1842 2605 2051 2659 ferebat
2103 2588 2369 2671 diabolus,
2424 2610 2615 2664 videns
2665 2612 2836 2681 ipsam
2891 2588 3111 2683 quidem
3163 2623 3420 2687 supplan-

1846 2704 2033 2761 tatam,
2088 2700 2287 2753 talibus
2346 2702 2588 2756 victoriis
2642 2720 2671 2756 a
2722 2719 2781 2759 se
2822 2706 3059 2761 dedecus
3106 2710 3419 2779 repulissc;

1842 2804 1901 2845 se
1930 2801 2113 2847 autem
2146 2794 2197 2847 vi
2234 2809 2355 2849 esse
2391 2806 2731 2864 superatum.
2779 2797 3003 2855 Mittens
3036 2818 3163 2874 ergo
3194 2804 3419 2857 clancu-

1846 2883 1956 2939 lum
2012 2885 2281 2951 insidiari,
2327 2897 2518 2956 aperte
2567 2891 2633 2944 ad
2680 2906 2799 2945 eam
2845 2896 3131 2960 accedens,
3185 2897 3423 2952 minatus

1851 2985 1935 3026 est
2002 2990 2062 3029 se
2120 2992 2225 3030 non
2305 2988 2642 3032 cessaturum
2711 2982 2981 3037 intentare
3068 2989 3418 3047 tentationes.

1848 3065 2029 3120 donec
2090 3067 2354 3131 effecerit,
2408 3080 2469 3122 ut
2514 3070 2629 3134 ipsa
2677 3072 2854 3135 cadat,
2897 3089 3019 3143 qua:
3070 3076 3303 3131 habetur
3348 3080 3419 3131 ab

1844 3158 2101 3213 omnibus
2175 3160 2231 3213 in
2301 3161 2685 3218 admiratione.
2760 3164 2963 3221 Dixit:
3014 3180 3066 3223 et
3118 3186 3225 3223 non
3293 3172 3422 3225 sivit

1849 3249 2079 3303 multum
2133 3252 2472 3305 intercedere
2506 3258 2766 3322 temporis
2797 3273 2810 3320 ;
2843 3259 2937 3311 sed
2980 3275 3104 3313 cum
3156 3262 3423 3314 laboraret

1849 3340 2247 3393 monasterium
2316 3341 2503 3411 inopia
2570 3342 2855 3413 frumenti,
2908 3348 3062 3417 jubet
3134 3351 3423 3421 praefectus

1848 3431 2020 3487 beata:
2084 3447 2154 3487 ne
2223 3443 2554 3501 cunctetur;
2604 3439 2698 3491 sed
2749 3441 3023 3506 accipiens
3083 3459 3273 3499 rursus
3321 3461 3421 3499 ca-

1848 3524 2043 3588 melos,
2092 3534 2149 3577 et
2211 3526 2418 3581 vadens
2461 3528 2514 3581 in
2582 3528 2876 3596 civitatem,
2955 3534 3035 3586 eis
3097 3548 3243 3589 emat
3312 3540 3425 3597 fro-

1848 3624 2117 3669 mentum.
2159 3614 2328 3669 Porro
2365 3626 2551 3671 autem
2597 3620 2701 3676 hoc
2741 3638 2955 3691 quoque
3001 3626 3050 3678 ei
3097 3626 3421 3696 imperatum

1847 3704 2043 3768 fuerat.
2072 3708 2216 3775 quod
2244 3708 2288 3762 si
2316 3724 2377 3762 ca
2409 3724 2516 3763 non
2545 3722 2727 3779 posset
2751 3716 2926 3766 redire
2957 3726 3083 3771 ante
3117 3734 3423 3787 vesperam,

1844 3796 2215 3853 diversaretur
2269 3800 2323 3853 in
2380 3803 2716 3857 monasterio
2773 3802 2948 3868 Nono,
2981 3816 3034 3858 et
3073 3808 3313 3864 efficeret
3364 3821 3423 3867 ut

1847 3889 2042 3943 cameli
2128 3889 2242 3945 illic
2312 3893 2744 3963 requiescerent.
2827 3897 3131 3954 Revertens
3206 3918 3335 3973 ergo
3393 3919 3425 3958 e

1845 3980 2089 4045 civitate,
2134 3981 2393 4050 quoniam
2439 3984 2551 4051 jam
2598 3986 2766 4039 solem
2818 3989 3035 4043 videbat
3098 3994 3150 4043 in
3195 4010 3417 4061 occasu,

1849 4072 1994 4127 venit
2031 4070 2101 4126 ad
2134 4068 2349 4127 Nonum
2384 4077 2800 4142 monasterium,
2836 4080 2986 4134 sicut
3026 4080 3073 4135 ei
3112 4080 3287 4138 fuerat
3320 4087 3422 4140 im-

1845 4171 2093 4235 peratum
2127 4182 2141 4230 ;
2179 4174 2234 4219 et
2273 4166 2429 4235 petiit
2474 4168 2578 4221 sibi
2611 4179 2666 4224 et
2698 4174 2924 4225 camelis
2968 4174 3083 4227 dari
3133 4176 3310 4231 locum
3356 4180 3422 4234 ad

1846 4257 2262 4325 quiescendum.
2294 4258 2447 4323 Quod
2467 4275 2589 4314 cum
2622 4262 2822 4317 factum
2852 4276 3019 4328 esset,
3052 4266 3169 4335 ipsa
3203 4272 3420 4340 requie-

1848 4349 2032 4403 scebat
2066 4349 2133 4403 ad
2166 4350 2337 4419 pedes
2366 4352 2721 4409 camelorum.

1918 4475 2013 4531 Χί.
2032 4475 2167 4532 Hinc
2192 4494 2320 4549 ergo
2342 4482 2511 4534 oritur
2536 4481 2660 4535 belli
2686 4482 2739 4536 in
2759 4484 2929 4552 ipsam
2951 4486 3298 4559 principium.
3320 4490 3422 4559 Qui

161 4552 287 4603 κατ’
313 4548 491 4618 αὑτήν
510 4562 525 4577 '
551 4548 580 4599 δ
603 4546 714 4618 γάρ
732 4548 861 4615 τοῖς
896 4548 1157 4619 πονηροῖς
1201 4547 1386 4619 έργοις
1448 4549 1742 4619 ἐπιτερπό-

1849 4567 1993 4622 enim
2032 4546 2296 4639 improbis
2354 4570 2509 4627 factis
2540 4573 2843 4631 delectatur
2889 4546 3424 4644 daemonietadver-

164 4661 327 4715 μενος
361 4640 596 4709 δαίμων,
626 4638 721 4696 καὶ
736 4640 863 4703 τοὺς
894 4640 1037 4694 κατὰ
1064 4641 1174 4693 τῶν
1201 4642 1373 4710 άγίων
1398 4644 1739 4711 πειρασμοὺς

158 4738 467 4805 ἀνεγείρειν
493 4730 582 4784 ἀεὶ
616 4730 1032 4801 μηχανώμενος,
1083 4736 1223 4786 κατὰ
1251 4733 1413 4803 τῆσδε
1444 4734 1540 4788 καὶ
1572 4733 1741 4786 πλείω

161 4830 262 4898 τὴν
290 4827 504 4878 λύσσαν
574 4821 1049 4891 ἐπιδεικνύμενος,
1106 4821 1202 4876 ἅτε
1252 4824 1315 4894 δὴ
1349 4824 1441 4878 καὶ
1473 4824 1610 4894 μετὰ
1644 4824 1742 4894 τὴν

161 4922 341 4989 θήραν
396 4917 497 4977 τὰς
534 4914 744 4968 ἐκείνου
774 4917 964 4986 χεῖρας
1018 4915 1417 4985 διαφυγούσης,
1450 4916 1521 4969 τὰ
1542 4915 1743 4970 ἑαυτοῦ

160 5012 341 5066 ποιεῖν
390 5010 493 5062 οὐκ
535 5007 751 5079 ἠμέλει,
809 5008 949 5061 ἀλλὰ
1012 5007 1235 5061 νεάνιδά
1288 5026 1435 5073 τινα,
1477 5010 1598 5061 τότε
1633 5010 1743 5061 τῶν

163 5102 424 5177 μοναχῶν
486 5102 593 5155 τιν)⁵
672 5100 994 5168 συγγενείας
1047 5100 1192 5169 λόγῳ
1254 5100 1743 5171 συνδιατρίϐουσαν

159 5198 304 5270 προς
350 5190 575 5265 οἶστρον
634 5192 943 5263 άνερεθίζει
1004 5192 1285 5261 λαγνείας,
1342 5196 1375 5266 ή
1430 5196 1523 5247 καὶ
1576 5194 1744 5264 ἄνδρα

162 5286 309 5341 εἶναι
343 5286 444 5355 τὴν
510 5285 791 5357 μακαρίαν
825 5285 885 5350 ἐξ
916 5278 992 5339 ὧν
1031 5284 1179 5356 ἑώρα
1209 5285 1572 5355 λογισαμένη,
1606 5287 1743 5354 πρὸς

160 5381 220 5435 τὸ
253 5381 433 5451 ταύτῃ
467 5377 910 5447 συγκαθευδῆσαι
949 5378 1362 5447 προσεκαλεῖτο,
1406 5376 1541 5430 αίδῶ
1562 5378 1744 5429 πᾶσαν

161 5471 501 5539 ἀποθεμένη,
557 5469 651 5523 καὶ
713 5466 1010 5540 προσώπου
1055 5470 1150 5521 καὶ
1182 5469 1279 5535 τῆς
1326 5467 1527 5539 ψυχῆς.
1572 5467 1657 5531 Ὠς
1687 5466 1742 5520 δὲ

163 5568 260 5620 καὶ
294 5564 535 5633 ὑπήκοον
562 5562 709 5634 ἐώρα
734 5562 869 5631 πρὸς
896 5562 1075 5627 τοῦτο,
1096 5560 1191 5613 καὶ
1216 5561 1573 5631 προτιμῶσαν
1606 5558 1743 5630 μᾶλ-

163 5660 256 5713 λον
320 5656 417 5727 τὴν
471 5656 568 5708 ἰπὶ
623 5653 767 5725 ψιλῷ
818 5654 899 5724 τῷ
951 5653 1141 5722 ἐδάφει
1194 5657 1291 5706 καὶ
1321 5655 1441 5717 ταῖς
1473 5654 1743 5724 καμήλοις

164 5751 457 5807 κατάκλισι
518 5748 581 5801 τὺ
649 5744 981 5817 ινδομυχοῦν
1026 5746 1212 5817 εκείνη
1263 5745 1358 5801 τοῦ
1413 5747 1633 5816 οίστρου
1668 5749 1744 5817 μή

165 5842 511 5899 κατασϐέσαι
542 5837 655 5907 πῦρ
675 5837 972 5909 δυναμένη,
998 5839 1277 5893 ἐκδίδωσιν
1295 5839 1492 5910 ἑαυτὴν
1521 5838 1602 5893 {vi
1632 5841 1739 5892 τῶν

1849 4674 1941 4713 sus
1958 4670 2177 4715 sanctos
2210 4675 2427 4731 semper
2463 4664 2681 4718 molitur
2715 4669 2950 4722 excitare
2984 4670 3335 4739 tentationes,
3369 4675 3426 4729 in

1850 4750 2020 4821 ipsam
2070 4761 2252 4805 autem
2285 4754 2549 4821 majorem
2587 4757 2753 4811 etiam
2798 4768 3081 4815 ostentans
3110 4764 3337 4830 rabiem,
3369 4777 3428 4821 ut

1848 4856 1969 4911 qua:
2015 4852 2133 4909 post
2170 4846 2517 4899 venationem
2555 4846 2841 4917 eﬂ‘ugisset
2892 4850 3039 4907 illius
3080 4869 3291 4918 manus,
3314 4872 3426 4912 non

1849 4936 2088 5005 neglexit
2117 4935 2297 4991 facere
2343 4953 2462 5007 qua:
2494 4950 2623 4995 sunt
2673 4958 2791 5008 sua,
2820 4943 2917 4998 sed
2986 4947 3272 5015 quamdam
3297 4950 3429 5003 ado-

1848 5026 2230 5094 lescentulam,
2262 5044 2383 5098 quae
2407 5040 2537 5087 tunc
2584 5036 2909 5091 versabatur
2942 5052 3065 5093 cum
3101 5042 3427 5109 quibusdam

1850 5119 2135 5172 monachis
2167 5121 2375 5175 ratione
2420 5127 2938 5196 consanguinitatis,
2983 5130 3173 5185 incitat
3222 5134 3312 5203 ad,
3336 5138 3429 5189 Sti-

1850 5210 2054 5263 mulum
2088 5210 2329 5266 libidinis
2359 5229 2509 5283 :quze
2530 5216 2741 5271 beatam
2770 5217 2914 5271 illam
2944 5235 3009 5273 ex
3043 5222 3112 5276 iis
3135 5238 3256 5291 quae
3276 5225 3427 5279 vide-

1852 5303 1965 5366 bat,
2030 5302 2290 5359 arbitrata
2360 5319 2483 5361 esse
2560 5308 2735 5363 virum
2811 5310 3073 5368 invitabat
3134 5325 3191 5369 ut
3242 5331 3429 5373 secum

1852 5390 2136 5456 dormiret,
2169 5394 2417 5463 deposito
2450 5398 2599 5452 omni
2643 5400 2848 5469 pudore
2881 5411 2937 5457 et
2963 5418 3027 5455 ex
3064 5403 3216 5458 vultu
3273 5416 3327 5459 et
3359 5424 3426 5461 ea

1852 5485 2055 5539 animo.
2088 5487 2380 5555 Postquam
2428 5499 2609 5544 autem
2661 5491 2796 5545 vidit
2848 5508 2965 5546 eam
3017 5509 3127 5549 non
3183 5496 3427 5562 obedire,

1853 5582 1905 5625 et
1962 5573 2121 5627 malle
2166 5575 2221 5627 in
2279 5577 2428 5631 nudo
2492 5579 2609 5632 solo
2660 5579 2902 5637 dormire
2964 5598 3129 5654 prope
3172 5587 3432 5651 camelos,

1853 5677 1963 5715 non
1999 5662 2186 5717 valens
2222 5664 2313 5719 illa
2348 5670 2698 5740 exstinguere
2748 5671 3008 5726 latentem
3047 5674 3193 5726 intus
3251 5674 3431 5746 ignem

1855 5753 2118 5819 libidinis,
2163 5755 2256 5810 dat
2306 5773 2365 5812 se
2414 5761 2507 5813 uni
2554 5775 2619 5816 ex
2665 5762 2733 5815 iis
2777 5763 2869 5830 qui
2904 5762 3016 5817 illic
3064 5763 3430 5831 dormiebant,

1855 5846 1945 5912 qui
1979 5844 2095 5914 ipse
2146 5861 2363 5921 quoque
2393 5860 2511 5906 erat
2556 5852 2755 5920 viator,
2786 5861 2840 5906 et
2873 5854 2925 5907 in
2979 5856 3207 5909 transitu
3248 5859 3428 5912 diver-
