3970 6436
574 340 680 404 683

1806 344 2084 407 MENSIS
2122 344 2589 409 SEPTEMDER.

3721 358 3831 421 (Μ

576 451 827 506 ellectum
887 460 972 505 est
1028 450 1314 506 deductus.
1380 452 1434 507 ld
1493 453 1636 507 enim
1697 452 2053 508 declarabant
2099 468 2128 506 e

2256 453 2479 507 >.ευσοἐν
2507 457 2667 525 ἔργον
2688 450 2776 527 ἦν’
2802 458 3022 528 ἐδήλουν
3044 462 3151 532 γὰρ
3175 463 3234 515 αϊ
3250 482 3308 517 τι
3336 465 3545 537 πληγαὶ
3571 473 3837 539 φαινδμεο

581 540 766 610 plagae,
802 555 921 609 qua:
956 540 1317 607 apparebant,
1374 551 1429 595 et
1466 542 1580 612 ipsa
1629 544 1742 596 visa
1793 553 2003 597 mortua
2057 543 2143 606 iis,

574 631 663 697 qui
749 638 1093 699 aspexerant.
1171 628 1421 705 Fuerunt
1508 643 1690 687 autem
1766 632 1816 685 hi
1878 644 2143 703 pastores,

573 718 662 786 qui
692 717 907 771 iverunt
958 717 1008 769 in
1049 721 1463 785 monasterium,
1500 731 1555 775 et
1590 721 1840 776 dixerunt
1894 721 2147 777 Theodo-

575 818 694 860 rum
762 822 881 861 esse
948 818 1251 874 mortuum,
1314 820 1369 864 et
1407 820 1661 879 oportere
1717 827 1847 867 eum
1884 814 2144 867 mandare

572 898 884 966 sepulturae.
917 896 1023 952 Sed
1069 900 1224 954 beata
1261 900 1370 963 illa,
1412 916 1536 956 cum
1572 903 1751 957 media
1781 914 1940 958 nocte
1982 905 2047 959 ad
2086 919 2145 959 se

572 986 840 1047 rediisset,
891 987 990 1040 sibi
1041 989 1348 1042 ascribebat
1392 1003 1637 1055 causam,
1668 1004 1723 1047 et
1754 993 1805 1047 id
1834 994 1975 1062 quod
2006 996 2144 1049 acci-

571 1078 749 1139 derat,
806 1077 1023 1130 dicebat
1081 1094 1203 1132 esse
1253 1079 1336 1133 sui
1380 1080 1560 1135 delicti
1615 1083 1979 1152 disciplinam.
2009 1084 2141 1138 Cum

570 1182 629 1221 se
664 1183 791 1237 ergo
826 1169 1114 1222 muniisset
1151 1172 1319 1225 armis
1351 1173 1642 1233 orationis,
1683 1174 1846 1243 petiit
1895 1176 2143 1230 inducias

578 1258 941 1311 tentationum
978 1277 991 1311 :
1028 1255 1072 1311 Ο
1110 1260 1250 1313 Deus
1284 1276 1456 1323 meus,
1499 1263 1710 1327 dicens,
1748 1263 1975 1319 Domine
2021 1266 2144 1319 tnti-

568 1348 736 1410 versi,
780 1350 985 1403 oblitus
1022 1350 1127 1403 mei
1185 1354 1416 1420 peccati,
1478 1354 1646 1407 libera
1698 1370 1787 1409 me
1818 1356 1886 1409 ab
1943 1357 2142 1411 insultu

570 1440 796 1507 inimici,
828 1441 918 1510 qui
958 1451 1048 1496 tuo
1080 1442 1287 1498 invidet
1327 1444 1604 1515 ﬁgmento.
1633 1445 1768 1501 Cum
1805 1462 1926 1501 eam
1956 1460 2139 1503 autem

567 1544 881 1601 precantem
920 1534 1203 1599 vidissent,
1258 1537 1345 1605 qui
1380 1537 1490 1591 illic
1530 1548 1686 1593 erant
1726 1551 1993 1609 pasmres,
2026 1556 2144 1610 qua:

565 1623 635 1675 ab
668 1625 748 1676 eis
780 1624 939 1692 paulo
967 1633 1095 1679 ante
1133 1627 1243 1679 visa
1278 1636 1396 1680 erat
1446 1638 1682 1694 mortua,
1724 1630 1891 1684 Deum
1922 1633 2142 1700 quidem

564 1715 870 1778 laudarunt,
953 1717 1234 1771 monachis
1314 1729 1521 1783 autem,
1608 1722 1755 1789 quod
1831 1723 2141 1787 revixisset,

562 1808 990 1862 annuntiarunt.

635 1898 750 1952 XV.
789 1900 991 1954 Statuit
1043 1916 1174 1956 vero
1225 1903 1515 1973 praefectus
1576 1907 1893 1960 monasterii
1953 1907 2134 1962 infan-

558 2000 672 2044 tem
744 1993 1010 2062 recipere,
1071 2006 1330 2064 reputans
1381 2014 1547 2066 quam
1619 1999 1879 2054 diuturna
1945 2001 2138 2056 fuisset

561 2091 768 2136 sanctae
804 2083 1049 2139 atllictio.
1093 2085 1211 2138 Non
1267 2088 1412 2140 enim
1472 2103 1590 2141 eam
1646 2106 1810 2159 parva
1873 2093 2139 2149 alliciebat

561 2174 811 2227 molestia
862 2190 1053 2229 errans
1107 2192 1243 2246 puer
1296 2193 1393 2248 per
1426 2194 1615 2249 asliera
1648 2183 1762 2237 loca
1802 2186 2133 2241 solitudinis.

560 2262 666 2319 Sed
696 2280 764 2319 ne
811 2268 891 2321 sic
932 2268 1150 2337 quidem
1205 2270 1415 2324 destitit
1465 2271 1637 2325 hostis
1686 2288 1804 2326 cam
1858 2278 2135 2341 invadere,

562 2351 673 2409 Deo
728 2356 807 2410 sic
858 2356 1228 2425 permittente,
1284 2358 1359 2410 uti
1397 2373 1459 2410 ca
1516 2358 1617 2411 sibi
1671 2359 1855 2427 plures
1909 2377 2139 2417 coronas

559 2455 896 2501 contexeret.
936 2447 995 2500 Ei
1026 2448 1172 2501 enim
1206 2462 1395 2502 rursus
1428 2449 1601 2502 visum
1634 2460 1718 2504 est
1761 2467 1952 2507 aurum
1985 2456 2134 2509 humi

560 2536 890 2605 projectum.
923 2537 1125 2591 Aderat
1175 2549 1358 2592 autem
1420 2554 1613 2610 magna
1669 2542 1906 2596 virorum
1950 2546 2134 2599 multi-

556 2628 711 2690 tudo,
745 2642 865 2698 qua:
902 2627 1034 2682 illud
1069 2628 1375 2699 colligebat.
1413 2628 1467 2683 id
1503 2646 1630 2685 vero
1670 2648 1776 2686 non
1810 2644 1927 2689 erat
1958 2636 2129 2701 aliud,

556 2732 718 2787 quam
772 2716 907 2770 visio
937 2716 1135 2770 inanis.
1170 2715 1305 2770 Nam
1343 2727 1400 2770 ιιι
1453 2732 1569 2772 eam
1612 2722 1786 2773 solum
1832 2722 2129 2789 deciperet,

553 2816 610 2862 et
641 2817 698 2861 ut
728 2821 921 2861 aurum
950 2817 1157 2861 amaret
1187 2808 1447 2871 elliceret,
1481 2807 1532 2859 id
1572 2817 1745 2861 totum
1784 2819 1901 2862 erat
1933 2810 2135 2863 machi-

552 2906 738 2952 natus.
788 2897 906 2952 Non
955 2898 1106 2952 multi
1141 2899 1257 2952 dies
1309 2899 1707 2969 praeterieram,
1757 2910 1811 2955 et
1850 2904 1897 2955 ei
1937 2917 2130 2956 rursus

554 2990 665 3043 visa
696 2998 781 3043 est
830 2989 1023 3043 adesse
1064 3005 1346 3044 servorum
1396 2992 1706 3057 multitudo,
1742 2994 1788 3047 ei
1833 2995 1887 3047 in
1936 3010 2129 3049 manus

553 3081 884 3135 tradentium
932 3083 1156 3135 obsonia
1218 3084 1368 3135 varie
1414 3084 1633 3137 condita
1688 3100 1807 3151 qua:
1854 3087 1900 3137 ei
1948 3086 2129 3138 dixit:

555 3172 660 3237 Qui
715 3172 808 3225 tibi
872 3172 1053 3241 plagas
1094 3173 1374 3241 imposuit,
1432 3174 1517 3226 his
1578 3183 1629 3227 te
1661 3176 1826 3228 donat
1865 3176 2127 3230 obsoniis.

555 3262 687 3330 Qua:
719 3263 936 3332 quidem
986 3264 1039 3316 in
1092 3262 1250 3327 nihil,
1306 3264 1450 3317 sicut
1492 3277 1673 3331 erant,
1704 3267 1970 3336 dissolvit,
2004 3285 2128 3323 cum

553 3371 612 3411 se
646 3356 911 3425 signasset
944 3356 1066 3409 luce
1100 3356 1280 3410 vultus
1322 3357 1553 3411 Domini.
1589 3360 1723 3413 Cum
1758 3378 1820 3415 ex
1870 3362 1952 3415 Itis
2006 3377 2127 3415 eam

553 3448 783 3503 vidisset
836 3448 1091 3500 invictam
1142 3448 1185 3501 is
1220 3450 1310 3516 qui
1362 3450 1601 3503 minatus
1650 3462 1768 3503 erat
1816 3467 1872 3503 se
1927 3460 2125 3506 terram

553 3552 609 3597 et
633 3557 781 3595 mare
829 3554 949 3594 esse
984 3540 1318 3602 deletorum,
1369 3555 1606 3609 cumque
1654 3556 1717 3594 ex
1767 3543 1929 3604 bello,
1983 3545 2127 3611 quod

553 3636 821 3688 adversus
879 3644 997 3682 eam
1054 3639 1314 3697 gesserat,
1387 3630 1597 3700 pudore
1666 3643 1815 3686 esset
1872 3634 2122 3701 affectus,

554 3725 748 3783 statuit
774 3722 1081 3777 discedere.

625 3818 759 3875 XVI.
811 3818 946 3875 Cum
1003 3826 1183 3872 autem
1254 3826 1458 3885 septem
1527 3818 1653 3873 anni
1713 3817 2125 3885 przeteriisscnt,

558 3914 810 3968 monachi
842 3914 1039 3967 laurea:
1081 3908 1209 3962 noni
1244 3908 1580 3967 tnonasterii,
1638 3908 1730 3975 qui
1786 3907 1914 3959 illati
1953 3909 2125 3978 stupri

557 4020 675 4058 cant
712 4010 1125 4059 accusaverunt,
1172 4012 1289 4051 eam
1322 4011 1441 4051 esse
1473 3995 1753 4049 mulierem
1793 3995 2125 4064 ignorantes,

554 4115 680 4152 cum
715 4096 970 4149 omnibus
1004 4093 1277 4161 supplices
1337 4100 1531 4158 petunt
1582 4104 1609 4140 a
1648 4090 1903 4157 praelecto
1940 4103 2128 4146 mona-

554 4193 729 4257 sterii,
767 4200 826 4245 ut
876 4190 929 4242 in
965 4202 1073 4255 quo
1111 4185 1228 4238 loco
1264 4198 1325 4235 ea
1362 4182 1512 4250 prius
1551 4196 1607 4235 se
1659 4181 1968 4245 exercebat,
2006 4197 2125 4235 eam

556 4299 748 4341 rursus
792 4282 1125 4340 admitteret,
1159 4284 1209 4329 et
1266 4277 1495 4328 referret
1532 4274 1585 4325 in
1634 4288 1919 4325 numerum
1968 4283 2130 4326 Cirte-

556 4391 744 4432 rorutn
802 4370 1220 4427 monachorum.
1293 4366 1437 4419 Satis
1510 4365 1678 4429 enim,
1732 4354 1969 4428 aiebant,
2030 4365 2130 4420 luit

2250 562 2371 607 ναι,
2409 548 2502 599 καὶ
2528 549 2667 619 αὑτὴ
2698 552 2866 619 νεκρά
2897 552 3092 615 δόξασα
3136 556 3248 617 τοῖς
3282 557 3637 628 θεασαμένοις
3671 565 3832 631 (ποι-

2252 635 2407 703 μένες
2437 638 2492 691 δὲ
2523 634 2664 709 ἦσαν
2688 634 2877 709 οὗτοι),
2923 644 2972 694 οἳ
3006 644 3101 696 καὶ
3128 647 3184 698 ἐν
3211 650 3274 716 τῇ
3307 653 3440 718 μονῇ
3471 652 3832 718 ἀπελθόντες,

2250 721 2402 779 εἷπον
2444 729 2525 781 ὅτι
2557 732 2808 801 τεθνήκοι
2850 734 3145 805 Θεόδωρος,
3179 739 3273 790 καὶ
3310 740 3386 802 ὡς
3417 743 3591 812 ἐχρῆν
3641 745 3835 798 τοῦτον

2249 818 2476 881 ἀξιῶσαι
2506 823 2700 891 ταφῆς.
2752 826 2895 877 Ἀλλ’
2926 829 2957 897 ἡ
2988 830 3235 899 μακαρία
3270 835 3396 902 περὶ
3426 837 3601 903 μέσας
3629 838 3835 899 νύκτας

2252 908 2643 962 άνανενευκυῖα
2692 913 2855 984 ἑαυτῇ
2904 918 3179 986 ἐπέγραψε
3238 922 3336 991 τὴν
3385 924 3586 985 αἰτίαν,
3626 930 3719 978 καὶ
3776 931 3837 979 τὸ

2250 998 2463 1065 συμὸἐιν
2496 1002 2649 1066 ἔλεγε
2670 1003 2764 1053 τοῦ
2811 1008 3013 1060 οἰκείου
3042 1011 3358 1079 σφάλματος
3384 1009 3527 1065 εἶναι
3556 1016 3835 1069 παιδείαν.

2256 1088 2329 1140 Τὸ
2358 1090 2486 1153 γοῦν
2521 1094 2674 1162 ὅπλῳ
2702 1094 2799 1160 τῆς
2831 1097 2998 1166 εὐχῆς
3041 1101 3244 1171 ἑαυτὴν
3279 1107 3672 1175 περιφράξασα
3714 1111 3839 1161 ὲκε-

2246 1182 2457 1250 χειρίαν
2482 1184 2598 1253 ᾔτει
2629 1184 2737 1236 τῶν
2774 1192 3117 1257 πειρασμῶν,
3144 1193 3243 1246 Θεέ
3276 1212 3401 1263 μου,
3438 1197 3700 1264 λέγουσα,
3743 1203 3839 1253 καὶ

2247 1273 2491 1324 Δέσποτα
2528 1275 2621 1325 τοῦ
2665 1279 2902 1342 παντὸς,
2941 1280 3100 1350 ῥῦσαί
3148 1303 3212 1351 με
3248 1287 3348 1353 τῆς
3393 1290 3701 1357 ἐπαγωγῆς
3739 1291 3838 1341 τοῦ

2245 1361 2324 1429 τῷ
2370 1363 2446 1426 σῷ
2492 1364 2772 1431 πλάσματι
2815 1369 3227 1436 διαφθονοῦντος
3271 1375 3506 1445 ἐχθροῦ,
3549 1378 3655 1448 τῆς
3697 1381 3840 1448 ἐμῆς

2245 1451 2641 1520 ἐπιλαθομενος
2687 1456 2987 1525 ἁμαρτίας.
3015 1461 3330 1533 Εὺχομένην
3377 1467 3432 1519 δὲ
3484 1470 3534 1520 0i
3565 1471 3687 1521 ἐκεῖ
3716 1488 3839 1522 ποι-

2249 1542 2426 1609 μένος,
2471 1545 2669 1609 ἰδόντες
2709 1549 2809 1616 τὴν
2860 1557 2985 1620 προ
3014 1554 3210 1621 μικροῦ
3272 1558 3472 1625 νεκρὰν
3516 1561 3705 1621 αὐτοῖς
3750 1580 3834 1612 νο-

2249 1634 2555 1702 μισθεῖσαν,
2590 1638 2667 1707 τῷ
2701 1640 2798 1707 μὲν
2834 1640 2953 1708 Θεῴ
2983 1642 3144 1708 δόξαν
3178 1647 3461 1715 ἀνέφερον,
3496 1654 3610 1713 τοῖς
3646 1652 3705 1703 δὲ
3737 1656 3836 1720 τῆς

2250 1727 2414 1796 μονῆς
2442 1728 2515 1790 ὡς
2546 1732 2858 1785 ἀναστᾶσαν
2888 1734 3050 1786 πάλιν
3071 1736 3511 1806 εὐηγγελίζοντο.

2313 1902 2414 1954 1Ε’.
2460 1904 2682 1974 Ἐκρινε
2707 1906 2762 1958 δὲ
2798 1907 2891 1959 καὶ
2933 1908 2961 1959 ὁ
2992 1909 3088 1977 τῆς
3135 1911 3303 1980 μονῆς
3334 1911 3710 1982 ἐξηγούμενος
3732 1954 3748 1978 ,
3776 1919 3839 1972 τὸ

2243 1994 2453 2045 παιδίον
2481 1996 2767 2050 ἀναλαϐεῖν
2792 2000 3180 2070 ἀναμετρήσας
3206 2003 3303 2073 ὅση
3333 2005 3429 2055 καὶ
3460 2006 3611 2068 ὅπως
3638 2010 3837 2076 χρονία

2240 2085 2337 2152 τῆς
2389 2086 2541 2148 ὁσίας
2584 2091 2617 2159 ἡ
2666 2091 3035 2154 κακοπάθεια,
3084 2094 3179 2143 καὶ
3213 2094 3377 2146 τοῦτο
3425 2100 3604 2172 χαρᾶς
3656 2100 3836 2167 αὖτῖλς

2241 2174 2443 2243 ἔπλησε
2498 2178 2596 2245 τὴν
2650 2178 2855 2248 ψυχήν.
2909 2182 2981 2233 Οὐ
3020 2182 3127 2250 γὰρ
3171 2188 3389 2254 μικροῖς
3423 2190 3592 2256 αὐτὴν
3636 2191 3835 2243 ἐλύπεε

2240 2268 2351 2327 τοῖς
2382 2270 2606 2336 τραχέσι
2635 2272 2730 2337 τῆς
2760 2272 2973 2339 ἐρήμου
3001 2274 3513 2346 περιπλανώμενον,
3546 2280 3668 2332 ἀλλ’
3706 2285 3835 2335 οὐδὲ

2240 2354 2409 2417 οὕτως
2431 2358 2694 2424 ἀφίστατο
2723 2361 2817 2429 τῆς
2856 2363 3160 2433 προσϐολῆς
3192 2368 3218 2418 ὀ
3242 2367 3523 2437 πολέμιος,
3556 2371 3654 2424 τοῦ
3688 2372 3833 2426 Θεοῦ

2240 2446 2397 2498 τοῦτο
2424 2448 2904 2519 παραχωροῦντος,
2940 2452 3025 2505 ἵνα
3078 2463 3173 2507 καὶ
3201 2458 3456 2521 πλείονας
3481 2462 3620 2530 αὐτῇ
3654 2465 3833 2533 πλέξῃ

2238 2540 2361 2601 τοὺς
2390 2542 2708 2607 στεςςάιιους.
2750 2543 2989 2613 Ἐωρᾶτο
3010 2546 3116 2616 γάρ
3140 2549 3277 2617 αὐτῇ
3311 2554 3531 2616 χρυσίον
3554 2553 3836 2620 ἐῤῥιμμε-

2237 2646 2325 2682 νον
2366 2632 2444 2691 είς
2477 2633 2601 2699 γῆν,
2652 2634 2854 2701 πλῆθος
2896 2652 2952 2686 τε
3006 2637 3265 2705 παρῆσαν
3309 2641 3518 2706 ἀνδρῶν
3571 2643 3619 2692 οἳ
3670 2643 3836 2697 τοῦτο

2241 2722 2447 2789 σπουδῇ
2483 2723 2791 2789 συνέλεγον.
2837 2725 2906 2776 Τὸ
2937 2726 2992 2777 δέ
3030 2728 3179 2780 οὐδὲν
3209 2730 3393 2800 ἕτερον
3422 2727 3487 2802 ἦν
3543 2734 3576 2801 ἢ
3620 2751 3835 2801 φαντα-

2240 2810 2329 2863 σία
2352 2814 2506 2883 κενή.
2541 2814 2655 2866 Ἵνα
2690 2816 2799 2884 γὰρ
2832 2817 3088 2890 ἀπατήσῃ
3133 2822 3294 2888 μόνον
3316 2864 3330 2887 ,
3370 2826 3463 2876 καὶ
3494 2825 3569 2888 ὡς
3604 2829 3834 2895 ἐρῶσαν

2236 2900 2386 2974 δείξῃ
2422 2906 2626 2975 χρυσοῦ
2650 2948 2662 2970 ,
2693 2907 2754 2959 τὸ
2778 2909 2886 2960 πᾶν
2917 2911 3317 2982 ὲσκαιώρησεν.
3337 2917 3414 2969 Οὐ
3446 2920 3639 2973 πολλαί
3682 2940 3834 2991 παρ-

2236 2994 2398 3062 ῆλθον
2448 2998 2691 3067 ἡμέραι,
2766 3002 2860 3052 καὶ
2933 3003 3095 3057 πάλιν
3146 3008 3373 3061 οίκετῶν
3422 3011 3559 3081 αὐτῇ
3612 3016 3832 3083 πλῆθος

2240 3087 2401 3155 ἐῴκει
2435 3089 2820 3156 παρίστασθαι,
2858 3092 2961 3161 δψα
3002 3096 3277 3163 φερόντων
3299 3101 3389 3151 ἐπὶ
3421 3105 3613 3171 χεῖρας
3648 3104 3834 3159 ποικί-

2242 3178 2347 3241 λως
2379 3180 2776 3250 ἐσκευασμένα,
2801 3185 2893 3237 καὶ
2940 3184 2998 3238 '0
3026 3188 3121 3248 τὰς
3150 3190 3210 3239 π)
3226 3192 3361 3257 ηγάς
3391 3208 3471 3243 σοι
3504 3194 3831 3261 ἐπενεγκὼν

2240 3271 2423 3340 ἄρχων
2444 3313 2456 3335 ,
2487 3276 2620 3343 φησι
2640 3316 2652 3335 ,
2687 3275 2897 3339 τούτοις
2931 3295 2989 3329 σε
3020 3279 3316 3343 δεξιοῦται,
3346 3281 3380 3333 ἃ
3425 3285 3520 3334 καὶ
3550 3286 3631 3347 είς
3672 3288 3831 3342 οὐδὲν

2240 3361 2429 3431 ὥσπερ
2459 3359 2598 3433 ἦσαν
2630 3364 2860 3427 διέλυσε,
2891 3366 2966 3435 τῷ
2994 3371 3129 3433 φωτὶ
3157 3370 3251 3420 τοῦ
3280 3372 3578 3439 προσώπου
3625 3380 3829 3448 κυρίου

2243 3450 2598 3519 σημειώσασα
2633 3454 2857 3524 ἑαυτήν.
2904 3456 3031 3508 Ἀπὸ
3074 3462 3279 3509 τούτων
3314 3461 3369 3511 τὸ
3397 3460 3610 3531 ἄμαχον
3648 3467 3832 3536 αὐτῆς

2243 3542 2367 3594 ἰδὼν
2404 3544 2496 3597 καὶ
2530 3544 2825 3615 ἀήττητον,
2866 3551 2893 3601 ὁ
2926 3547 3027 3618 γῆν
3067 3551 3160 3602 καὶ
3202 3552 3479 3608 θάλασσαν
3510 3549 3831 3629 ἐξαλείφειν

2239 3636 2575 3708 ἠπειληκὼς,
2604 3639 2697 3692 τοῦ
2729 3641 2864 3709 πρὸς
2895 3644 3063 3713 αὐτὴν
3089 3645 3329 3715 πολέμου
3363 3650 3629 3720 αἰσχύνην
3657 3656 3831 3725 ὀφλή-

2237 3743 2358 3786 σας,
2388 3729 2688 3796 ἀποστῆναι
2712 3731 2993 3795 διέγνωκε.

2310 3816 2427 3883 ις’.
2447 3820 2567 3871 Τῶν
2607 3821 2743 3874 ἑπτὰ
2774 3822 2829 3873 δὲ
2866 3825 3259 3891 διαγεγονότων
3294 3830 3447 3888 ἐτῶν,
3483 3832 3531 3883 οἱ
3563 3833 3663 3903 τῆς
3693 3836 3831 3892 λαί-

2243 3923 2337 3977 ρας
2376 3908 2467 3960 τοῦ
2498 3910 2686 3965 ἐνάτου
2734 3912 3058 3979 μονάζοντες
3092 3916 3139 3968 οἳ
3176 3921 3267 3970 καὶ
3300 3920 3395 3991 τὴν
3424 3921 3523 3992 τῆς
3560 3932 3829 3997 πορνείας

2240 4003 2456 4071 γραφὴν
2511 4005 2799 4073 προσῇ-ίαν
2844 4011 2907 4079 τῇ
2959 4013 3227 4081 μακαρίᾳ,
3277 4014 3337 4065 τὸ
3395 4018 3633 4080 γυναῖκα
3682 4019 3829 4074 εἶναι

2238 4091 2444 4161 ταύτην
2495 4095 2634 4163 μετὰ
2684 4098 2899 4150 πάντων
2938 4101 3289 4170 ἠγνοηκότες,
3344 4104 3519 4157 ἱκέται
3573 4109 3830 4175 γίνονται

2241 4183 2334 4235 τοῦ
2392 4185 2489 4252 τῆς
2538 4187 2704 4255 μονῆς
2754 4191 3118 4255 προεστῶτος,
3148 4191 3273 4243 ἔνθα
3315 4196 3581 4265 πρότερον
3627 4202 3827 4273 ἔτυχεν

2251 4276 2588 4344 ἁσκουμένη,
2620 4278 2875 4339 δέξασθαί
2904 4296 2963 4329 τε
2993 4280 3154 4333 πάλιν
3184 4282 3372 4353 αὐτὴν,
3409 4290 3503 4338 καὶ
3534 4291 3612 4358 τῷ
3645 4292 3829 4363 λοιπῷ

2240 4362 2348 4415 τῶν
2370 4367 2711 4430 μοναςόντων
2731 4369 3100 4440 ἐναριθμῆσαι
3117 4374 3357 4443 τάγματι
3382 4380 3692 4447 ’ἀρκοῦσαν
3716 4388 3827 4455 γὰρ

552 4485 765 4541 pmnas,
800 4466 891 4535 qui
934 4472 1084 4516 tanto
1117 4471 1359 4527 tempore
1397 4459 1498 4512 fuit
1530 4468 1679 4512 extra
1714 4460 2127 4522 monasterium,

2243 4454 2476 4521 ἔφασκον
2500 4497 2515 4520 ,
2552 4458 2719 4512 ἔδωκε
2749 4460 2924 4531 δίκην,
2958 4465 3308 4520 ἐπιτοσοῦτον
3343 4469 3447 4535 ἔξω
3478 4472 3576 4540 τῆς
3608 4481 3823 4547 μονῆς,

555 4575 611 4620 et
661 4566 714 4616 in
750 4562 867 4630 ipso
920 4558 1069 4611 aditu
1131 4563 1274 4607 totos
1339 4560 1550 4621 septem
1612 4565 1785 4603 annos
1844 4553 2122 4619 transegit.

558 4654 905 4727 Adjiciebant
960 4659 1167 4710 autem,
1205 4661 1305 4713 per
1338 4645 1580 4698 divinam
1643 4656 1860 4711 quoque
1903 4642 2129 4710 appari-

557 4748 763 4800 tionem
826 4740 926 4794 sibi
993 4738 1188 4790 factam
1261 4749 1382 4787 esse
1444 4734 1626 4794 iidem,
1685 4735 1827 4799 quod
1895 4734 2004 4800 jam
2061 4732 2129 4785 sit

550 4844 833 4908 peccatum
865 4829 1151 4885 remissum
1186 4824 1494 4879 Theodoro.
1527 4824 1764 4889 Quorum
1808 4823 1893 4877 ille
1927 4823 2125 4875 cedens

551 4928 825 5005 precibus,
878 4923 1084 4975 relaxat
1116 4918 1459 4973 Theodoram
1496 4916 1564 4968 ab
1613 4918 1813 4985 iniusta
1857 4916 1943 4967 illa
1992 4932 2125 4967 eon-

553 5017 922 5077 demnatione,
959 5012 1157 5081 iubens
1187 5024 1307 5062 eam
1342 5008 1407 5059 de
1446 5016 1641 5060 caetero
1674 5020 1893 5058 manere
1943 5006 1992 5056 in
2040 5007 2120 5058 in-

552 5114 682 5165 tima
728 5106 884 5169 cella,
927 5114 1286 5172 ernunquam
1326 5100 1605 5171 progredi,
1637 5113 1815 5167 neque
1864 5100 2029 5151 ullum
2071 5098 2117 5153 ei

553 5200 818 5258 committi
863 5195 1222 5251 ministerium
1254 5191 1585 5246 monasterii.
1626 5190 1739 5243 Duo
1766 5189 1963 5243 deinde
1995 5190 2121 5240 anni

554 5293 951 5366 praeterieram,
1002 5302 1064 5339 ex
1115 5300 1222 5353 quo
1276 5299 1339 5337 ea
1374 5284 1451 5337 sic
1511 5282 1715 5351 majore
1767 5280 2121 5334 exercebatur

555 5380 897 5440 continentia
932 5388 985 5431 et
1025 5374 1409 5429 intentioribus
1441 5374 1713 5443 precibus.
1754 5371 1961 5424 Deinde
1996 5386 2116 5422 cum

554 5488 669 5534 orta
700 5482 843 5528 esset
890 5469 1129 5529 siccitas,
1182 5476 1234 5522 et
1270 5469 1542 5528 cisternze,
1580 5480 1699 5535 qua:
1730 5474 1885 5518 erant
1925 5465 1977 5515 in
2010 5478 2116 5516 cu:-

553 5566 736 5627 nobio,
767 5558 1116 5614 ostenderent
1148 5571 1206 5611 se
1234 5573 1303 5612 ne
1332 5558 1618 5611 minimum
1653 5558 1868 5626 quidem
1914 5556 2114 5609 habere

553 5670 704 5723 aqum
756 5653 1081 5705 humOrem:
1125 5649 1383 5718 quoniam
1440 5660 1495 5703 et
1557 5650 1621 5703 iis
1670 5666 1788 5718 qua:
1849 5652 2115 5710 audierat,

553 5760 611 5805 et
670 5747 736 5800 iis
789 5756 906 5812 qua:
968 5741 1083 5809 ipse
1141 5741 1347 5796 viderat
1419 5742 1704 5811 praefectus
1776 5744 2112 5805 monasterii,

2235 4552 2327 4600 καὶ
2372 4554 2502 4620 παρ’
2533 4552 2698 4621 αὐτὴν
2727 4553 2825 4623 τὴν
2863 4555 3065 4609 εἴσοδον
3097 4557 3252 4621 ὅλους
3282 4562 3420 4615 ἑπτά
3447 4567 3675 4641 χρόνους
3709 4572 3826 4625 διε-

2231 4641 2538 4706 νεγκοῦσαο
2588 4645 2915 4710 προσέθεντο
2956 4647 3012 4696 δὲ
3056 4649 3150 4698 καὶ
3195 4650 3283 4701 διὰ
3328 4653 3475 4716 θείας
3509 4659 3824 4727 ἐμφανείας

2237 4730 2451 4793 πίστιν,
2521 4732 2765 4795 ἐκείνους
2838 4733 3041 4799 λαϐεῖν,
3094 4736 3167 4797 ὡς
3234 4739 3333 4809 ἤδη
3394 4748 3823 4817 συγκεχώρηται

2236 4822 2296 4874 to
2360 4823 2658 4894 ἁμάρτημα
2715 4821 2996 4897 Θεοδώρῳ.
3053 4821 3150 4882 Ὧν
3222 4834 3315 4885 καὶ
3394 4833 3545 4900 εἱξας
3602 4840 3822 4907 ἐκεῖνος
3867 4864 3873 4867 ·

2231 4922 2299 4989 τῇ
2342 4921 2705 4989 παρακλήσει,
2758 4922 2940 4993 ἀνίησι
2985 4926 3087 5004 τῆς
3128 4929 3316 4981 ἀδίκου
3362 4934 3667 5004 καταδίκης
3719 4942 3822 5008 τὴν

2233 5011 2544 5079 Θεοδώραν,
2579 5013 2653 5075 είς
2693 5015 2973 5069 ἐνδὸτατον
3008 5018 3215 5070 κελλίον
3246 5020 3307 5073 τὸ
3354 5024 3492 5087 μετὰ
3525 5025 3690 5079 τοῦτο
3728 5048 3817 5081 κε.

2226 5104 2428 5165 ,λεύσας
2464 5106 2643 5170 μένειν
2673 5107 2988 5174 ἀπρόσιτον,
3040 5113 3129 5163 καὶ
3160 5112 3430 5181 μηδεμίαν
3481 5117 3653 5186 αὐτὴν
3700 5121 3821 5174 δια-

2235 5192 2419 5245 κονίαν
2467 5194 2566 5261 τῆς
2629 5198 2795 5263 μονῆς
2854 5199 3279 5268 ἐγχειρίζεσθαι.
3341 5201 3445 5255 Δύο
3500 5206 3560 5257 τὸ
3621 5207 3817 5262 λοιπὸν

2236 5288 2583 5358 παρέδραμον
2653 5289 2779 5359 ἐτη,
2842 5290 3015 5355 οὕτως
3090 5297 3436 5367 ἀσκουμένης
3503 5301 3814 5375 ἐγκρατείᾳ

2236 5381 2464 5447 μείζονι,
2530 5380 2624 5433 καὶ
2689 5385 3112 5454 συντονωτέραις
3175 5387 3399 5456 εὐχαίς⁶
3465 5387 3569 5442 εἷθ’
3629 5393 3815 5459 οὖιως

2232 5470 2445 5539 αὐχμοῦ
2478 5474 2792 5543 γενομένου,
2825 5475 2919 5526 καὶ
2952 5475 3059 5526 τῶν
3100 5477 3154 5529 ἐν
3183 5478 3260 5548 τῷ
3300 5480 3553 5550 κοινοόιῳ
3584 5482 3812 5538 λάκκων

2232 5561 2351 5612 οὐδὲ
2388 5562 2563 5615 νοτίδα
2594 5564 2797 5632 μικρὰν
2828 5563 3020 5626 ὓδατος
3052 5564 3199 5633 ἔχειν
3234 5568 3643 5636 ὑποφαινόντων
3682 5575 3811 5626 ἐπεί

2232 5668 2335 5721 περ
2371 5649 2450 5716 οἷς
2478 5670 2537 5706 τε
2562 5655 2780 5724 ἤκουεν,
2808 5650 2889 5719 οἷς
2919 5672 2977 5708 τε
3007 5656 3172 5722 αὐτὸς
3198 5658 3315 5710 ἔὸλε
3329 5676 3421 5711 πεν
3447 5663 3474 5712 ὁ
3506 5664 3603 5730 τῆς
3634 5664 3811 5733 μονῆς

2229 5743 2489 5812 ἀρχηγὸς,
2533 5745 2628 5798 τοῦ
2663 5746 3005 5817 χαρίσματος
3048 5746 3311 5817 ἠξιῶσθαι
3362 5750 3471 5804 τῶν
3517 5754 3803 5821 ἰαμάτων,
