3970 6456
150 413 255 478 €85

1089 409 1262 472 VITA
1305 412 1368 471 S.
1406 407 1838 471 THEODORE
1876 410 2473 472 ALEXANDRIN/E.

3301 416 3407 482 686

148 523 248 589 τὴν
285 518 566 589 μακαρίαν
604 516 1063 589 πεπληροφόρητο
1088 560 1102 583 ,
1143 520 1568 589 μεταστέλλεται
1600 517 1722 571 ταὺ-

1833 520 2032 574 certior
2065 519 2239 575 factus
2267 532 2380 575 erat
2414 521 2624 576 beatam
2655 536 2776 577 esse
2824 535 3171 582 consecutam
3203 524 3407 583 donum

148 631 269 681 την,
302 613 395 664 καὶ
421 613 498 683 τῷ
520 612 711 681 λάκκῳ
741 613 799 664 τὸ
824 612 1090 682 κεράμιον
1111 612 1355 665 καθεῖναι
1378 613 1729 680 προστάττει,

149 705 239 756 καὶ
291 702 435 771 ὕδωρ
476 705 809 769 ἀνενεγκεῖν.
859 701 923 755 Ἦ
977 703 1032 755 δὲ
1059 704 1225 755 εἴκειν
1273 699 1522 771 μαθοῦσα
1552 702 1731 770 λόγοις

146 799 401 864 πατέρος,
430 796 599 865 μηδὲν
626 796 1224 866 πολυπραγμονήσασα,
1270 795 1408 864 μηδὲ
1435 795 1732 848 ἀναϐαλλο-

150 888 308 955 μένη,
350 888 581 956 πράττει
625 888 686 939 τὸ
716 887 1004 939 κελευσθέν
1030 902 1043 916 ·
1095 888 1188 939 καὶ
1219 887 1378 949 εὐθὺς
1407 886 1596 949 ὕδατος
1631 905 1725 957 με·

151 978 269 1027 σ;δν
309 979 579 1046 ἀνήνεγκε
621 979 683 1029 τὸ
712 979 995 1047 κεράμιον,
1032 978 1089 1043 ἐξ
1124 974 1184 1032 οῦ
1212 978 1309 1034 καὶ
1346 980 1393 1032 οξ
1441 979 1589 1033 ἄλλοι
1616 980 1722 1031 τῶν

147 1069 367 1121 λάκκων
396 1071 625 1140 πλήρεις
652 1069 838 1132 ὓδατος
855 1069 1229 1141 καθεωρῶντο.

215 1246 314 1303 IZ'.
380 1249 609 1316 Ὀλίγων
660 1249 718 1301 δὲ
766 1248 1155 1319 παρελθουσῶν
1200 1249 1427 1319 ἡμερῶν
1480 1249 1729 1320 ἀραμένη

145 1344 204 1395 τὸ
227 1345 448 1397 παιδίον
481 1344 567 1396 ἐπ’
590 1344 746 1411 ὂψεσι
778 1342 989 1393 πολλῶν
1028 1341 1130 1411 ἢδη
1156 1345 1255 1411 τῆς
1292 1342 1527 1411 ἑσπέρας
1558 1358 1727 1394 κατα-

147 1435 443 1499 λαϐούσης,
472 1439 561 1487 καὶ
585 1435 781 1503 ἑαυτὴν
815 1434 1238 1504 ἐγκλεισαμένη,
1273 1427 1359 1486 οἷα
1388 1433 1567 1502 πατὴρ
1592 1432 1728 1499 πρὸς

148 1530 259 1580 υἱον
307 1531 567 1595 γνήσιον,
601 1528 886 1589 νουθεσίας
931 1527 1136 1596 ἤρξατο
1168 1528 1300 1597 προς
1349 1527 1529 1579 αὐτόν.
1560 1526 1729 1578 Τοῦτο

146 1621 201 1671 δὲ
244 1620 408 1686 δῆλον
450 1621 527 1687 τῷ
561 1620 868 1687 προεστῶτι
912 1621 1232 1686 γενόμενον,
1273 1617 1549 1685 ἐκπέμπει
1577 1616 1728 1678 τινὰς

145 1709 249 1761 τῶν
274 1708 521 1775 ἀδελφῶν
543 1709 945 1777 ἀκουσομένους
972 1707 1262 1777 ἀκριϐεστε
1274 1723 1364 1776 ρον
1386 1706 1493 1758 τῶν
1519 1706 1652 1776 πρὸς
1670 1706 1727 1759 τὸ

147 1799 360 1849 παιδίον
395 1801 686 1867 ῥημάτων,
719 1800 768 1850 οἳ
802 1799 895 1851 καὶ
922 1802 989 1869 τῇ
1023 1799 1163 1868 θύρᾳ
1200 1800 1297 1867 τὴν
1330 1798 1500 1865 ἀκοὴν
1533 1814 1728 1867 προσε-

149 1890 464 1960 ρείσαντες,
521 1893 613 1941 καὶ
668 1893 759 1943 τὸν
815 1891 939 1943 νοῦν
994 1892 1409 1951 συντείναντες,
1468 1890 1723 1958 ἐμμελῶς
1756 1870 1798 1928 Β

146 1982 427 2051 ἠκροῶντο
476 1981 583 2032 τῶν
625 1982 956 2049 λεγομένων.
1007 1980 1244 2032 Τοιαῦτα
1287 1980 1344 2031 δὲ
1378 1976 1465 2049 ἦν,
1513 1980 1548 2032 ἃ
1590 1982 1730 2050 μετὰ

146 2078 515 2146 προσαγωγῆς
566 2076 911 2144 φιλημάτων,
957 2076 1271 2143 ἐπέσκηπτε
1314 2074 1392 2144 τῷ
1438 2075 1588 2127 παιδί
1616 2091 1629 2103 ·
1672 2076 1728 2127 Ὀ

146 2172 334 2238 χρόνος
367 2169 467 2238 ἤδη
500 2168 599 2238 τῆς
632 2170 771 2238 ἐμῆς
801 2168 945 2238 ζωῆς
967 2208 982 2235 ,
1015 2168 1097 2219 υἱὲ.
1147 2184 1246 2236 μου
1298 2166 1518 2234 φίλτατε
1541 2203 1557 2230 ,
1590 2166 1726 2234 πρὸς

147 2261 319 2330 πέρας
346 2263 476 2332 ὁρᾷ,
514 2262 604 2314 καὶ
636 2263 772 2331 πρὸς
803 2263 891 2313 τὸν
913 2261 1089 2313 ἐκεῖσε
1112 2259 1298 2311 λοιπὸν
1328 2258 1501 2312 αἰῶνα
1530 2261 1726 2328 χωρεῖν

146 2356 569 2420 κατεπείγομαι.
608 2351 749 2419 Ἐγὼ
777 2353 830 2404 δέ
862 2370 918 2404 σε
949 2353 1025 2422 τῷ
1050 2354 1216 2423 πατρὶ
1240 2352 1347 2405 τῶν
1368 2352 1613 2423 ὀρφανῶν
1636 2346 1733 2405 καῖ

145 2444 260 2512 θεῷ
315 2444 666 2512 παρατίθημι
704 2446 797 2494 καὶ
833 2444 910 2513 τῷ
962 2446 1135 2515 κυρίῳ
1190 2446 1390 2516 ταύτης
1431 2445 1587 2515 ἡμῶν
1627 2445 1728 2513 τῆς

146 2536 310 2604 μονῆς
341 2550 352 2561 ·
388 2534 529 2598 ἕξεις
558 2535 613 2586 δὲ
645 2534 740 2586 καὶ
781 2534 1026 2603 ἀδελφῶν
1060 2536 1302 2587 διάθεσιν
1331 2537 1725 2603 άποσώζοντάς

144 2645 222 2680 σοι
250 2626 699 2697 τοῦςμοναχοῦς.
733 2627 797 2678 Τί
825 2626 939 2689 οῦν,
969 2627 1250 2693 εὐγένειαν
1274 2626 1414 2695 τάχα
1437 2626 1719 2697 ζητήσειςς

151 2715 213 2771 Ἣ
238 2720 295 2771 δὲ
342 2722 419 2787 μὴ
453 2720 676 2772 ἄλλοθεν
717 2719 1043 2789 γνωρίτεταί
1081 2735 1182 2782 σοι,
1234 2718 1409 2787 ἢὸθεν
1449 2719 1481 2786 ἡ
1520 2717 1726 2787 ἀληθὴς

142 2812 395 2880 εὐγένεια
417 2812 829 2879 καταφαίνεται.
856 2811 946 2879 Μὴ
968 2811 1103 2877 πρὸς
1135 2809 1298 2880 τιμὴν
1330 2809 1526 2881 ἀπίδῃς
1554 2811 1651 2879 τὴν
1669 2808 1727 2872 ἐξ

141 2904 448 2973 ἀνθρώπων
471 2920 481 2933 '
521 2905 642 2954 οὐδὲ
688 2906 794 2972 γὰρ
839 2902 975 2972 αῦτη
1013 2904 1317 2972 μακαρίους
1351 2899 1457 2955 οἶδε
1482 2904 1606 2965 τοὺς
1641 2919 1722 2953 τι-

146 2998 433 3065 μωμὲνους
470 2995 673 3046 ποιεῖν’
709 2995 808 3045 οὐκ
834 2997 1047 3061 ἀγνοεῖς
1081 2995 1187 3062 γάρ
1221 2996 1303 3045 ὅτι
1326 2994 1417 3045 τοῦ
1452 2994 1508 3044 ὲν
1541 2991 1725 3061 Κυρίῳ

146 3086 503 3155 μακαρισμοῦ
557 3088 606 3137 οἱ
659 3087 717 3139 rb
770 3089 827 3152 ἐξ
874 3085 1175 3155 ἀνθρώπιον
1225 3085 1425 3145 ὄνειδος
1482 3087 1575 3135 καὶ
1624 3084 1721 3153 τὴν

1836 612 2247 677 miraculorum,
2279 628 2397 667 eam
2434 614 2685 679 accersit,
2718 625 2771 669 et
2808 616 2860 670 in
2913 624 3206 673 cisternam
3253 621 3408 691 jubet

1834 700 2121 756 demittere
2157 704 2500 770 amphoram,
2555 715 2610 759 et
2657 706 2876 761 haurire
2913 724 3125 781 aquam.
3165 709 3255 763 IIIa
3306 726 3409 764 au-

1837 801 1967 855 tem,
2020 811 2141 864 qua!
2201 796 2467 850 didicerat
2523 797 2717 851 cedere
2779 800 2961 854 verbis
3017 801 3208 865 Patris,
3268 803 3406 855 nihil

1833 884 2052 937 curiose
2102 887 2408 951 inquirens.
2466 902 2565 939 nec
2606 885 2886 951 differens,
2938 889 3067 942 facit
3107 891 3248 958 quod
3287 889 3406 943 fue-

1832 983 1918 1028 rat
1976 975 2325 1043 imperatum,
2380 986 2435 1029 et
2480 978 2728 1044 protinus
2780 992 2921 1046 aqua
2961 980 3175 1047 plenam
3212 979 3406 1033 extulit

1833 1066 2171 1135 amphoram.
2214 1066 2331 1132 Qua
2372 1085 2435 1121 ex
2475 1084 2530 1121 re
2557 1070 2675 1122 alite
2707 1084 2921 1139 quoque
2976 1072 3235 1124 cisternzu
3270 1086 3402 1125 con~

1833 1171 2032 1228 specta:
2067 1170 2195 1214 sunt
2226 1175 2361 1230 aqua
2393 1162 2584 1230 plcute.

1907 1252 2068 1307 XVII.
2105 1253 2240 1308 Cum
2300 1255 2454 1323 pauci
2512 1265 2696 1308 autem
2739 1256 2857 1309 dies
2904 1255 3311 1323 praeteriissent,
3342 1271 3405 1309 ea

1834 1346 2032 1399 tollens
2063 1347 2326 1399 infantem
2370 1347 2424 1401 in
2468 1356 2767 1416 conspectu
2802 1349 3101 1403 multorum
3141 1365 3263 1403 cum
3291 1350 3406 1419 jam

1832 1447 1978 1491 esset
2028 1452 2277 1507 vespera,
2316 1450 2371 1494 et
2420 1440 2652 1509 seipsam
2708 1440 3014 1503 includens,
3072 1443 3237 1510 cmpit
3282 1458 3405 1495 eum

1832 1529 2108 1581 adhortari
2144 1544 2252 1584 non
2312 1544 2493 1591 secus,
2549 1546 2612 1583 ac
2660 1540 2812 1600 pater
2853 1545 3171 1600 germanum
3214 1530 3403 1584 filium.

1834 1618 1949 1675 Hoc
1989 1636 2110 1673 cum
2161 1620 2475 1673 rescivisset
2534 1622 2824 1689 praefectus
2859 1622 3197 1689 monasterii,
3246 1623 3408 1676 mittit

1832 1714 2095 1782 quosdam
2137 1728 2199 1765 ex
2236 1711 2498 1765 fratribus
2533 1714 2844 1774 accuratius
2879 1714 3165 1767 audituros
3217 1714 3404 1772 verba.

1835 1818 1953 1871 qua:
1984 1804 2192 1856 diceret
2232 1817 2420 1871 puero.
2462 1800 2563 1867 Qui
2606 1818 2729 1855 cum
2781 1818 2968 1856 aurem
3026 1804 3165 1856 ostio
3219 1804 3408 1857 admo-

1831 1897 2058 1957 vissent,
2114 1904 2169 1950 et
2230 1906 2468 1949 mentem
2532 1874 2835 1964 diligenter.
2872 1896 3269 1962 adhibuissent,
3310 1913 3407 1949 au-

1833 1990 2055 2043 diebant
2112 2004 2173 2041 ea
2233 2004 2355 2057 quae
2408 1988 2746 2044 dicebantur.
2808 1988 2933 2043 Ilaec
2986 1998 3168 2042 autent
3230 1998 3407 2052 erant,

1832 2097 1949 2149 quae
1983 2096 2152 2149 puero
2183 2081 2553 2148 prmcipiebat,
2595 2096 2719 2133 eum
2764 2076 3085 2133 deosculans
3117 2098 3128 2131 :
3165 2080 3407 2149 Tempus

1832 2175 1955 2225 vitae
2012 2186 2163 2232 meai,
2228 2172 2298 2222 tili
2358 2170 2430 2223 mi
2488 2170 2830 2231 charissime.
2885 2172 2995 2239 jam
3073 2177 3283 2239 spectat
3339 2171 3405 2224 ad

1832 2263 2016 2325 finem,
2057 2261 2201 2316 etde
2233 2270 2431 2314 caetero
2481 2259 2682 2315 festino
2714 2262 2789 2315 ire
2824 2263 2888 2315 ad
2942 2264 3223 2325 Saeculum,
3263 2263 3407 2331 quod

1831 2353 1940 2411 illic
1990 2364 2093 2408 est.
2134 2352 2246 2421 Ego
2288 2358 2469 2406 autem
2526 2362 2576 2406 te
2611 2353 2745 2419 patri
2784 2356 3176 2422 orphanorum,
3208 2363 3262 2407 ct
3298 2353 3409 2409 Deo

1834 2445 2183 2508 commendo,
2242 2452 2293 2496 et
2329 2442 2552 2495 domino
2608 2443 2768 2510 hujus
2854 2443 3028 2495 nostri
3066 2445 3405 2497 monasterii.

1832 2536 2070 2593 Habebis
2109 2546 2292 2590 autem
2350 2534 2651 2587 monachos
2699 2548 2914 2602 quoque
2968 2534 3059 2602 qui
3115 2534 3251 2588 inte
3291 2550 3406 2588 ser-

1828 2628 2039 2682 vabunt
2090 2628 2319 2679 fratrum
2378 2626 2743 2678 affectionem.
2782 2626 2922 2689 Quid
2976 2627 3151 2693 ergo?
3186 2625 3409 2691 Quaeres

1828 2722 2063 2775 fortasse
2115 2720 2498 2773 nobilitatem?
2530 2717 2618 2771 Illa
2659 2726 2840 2770 autem
2878 2732 2985 2770 non
3035 2718 3253 2771 aliunde
3310 2719 3406 2771 tibi

1828 2823 2206 2881 cognoscatur,
2233 2827 2396 2881 quam
2441 2810 2583 2864 unde
2609 2824 2732 2863 vera
2771 2820 2995 2879 apparet
3019 2810 3293 2863 nobilitas.
3333 2809 3411 2863 Ne

1829 2908 2107 2976 aSpcxeris
2133 2907 2198 2959 ad
2228 2906 2486 2959 honorem
2513 2905 2810 2957 hominum.
2842 2903 3026 2970 Neque
3051 2904 3192 2954 cnim
3222 2903 3265 2955 is
3289 2917 3409 2969 eos,

1829 3000 1920 3067 qui
1959 3001 2511 3066 honorautur,potcst
2544 2996 2733 3049 beatos
2781 2992 3015 3049 efficere.
3070 2990 3176 3048 Sed
3230 3008 3405 3063 neque

1829 3084 2189 3151 ignoraveris,
2231 3086 2378 3152 quod
2424 3100 2541 3137 eam
2584 3099 2705 3151 qua:
2757 3093 2840 3137 est
2879 3085 2931 3136 in
2966 3080 3218 3143 Domino,
3273 3084 3407 3137 bea~

141 3180 368 3247 ἀτιμίαν
419 3181 513 3230 καὶ
556 3178 625 3229 τὰ
666 3178 874 3247 ψευδῶς
917 3177 1095 3230 αὐτῶν
1153 3174 1720 3245 καταμαρτυρούμενα

1836 3176 2121 3229 titudinem
2159 3175 2233 3227 illi
2298 3175 2469 3242 magis
2504 3181 2941 3240 consequuntur,
2991 3175 3079 3241 qui
3121 3175 3400 3230 hominum

142 3273 421 3342 ςέροντες,
458 3275 658 3325 ἐκεῖνοι
694 3272 891 3342 μᾶλλον
919 3274 1057 3323 εἰσιν
1089 3270 1136 3322 οἱ
1162 3271 1541 3337 τυγχάνοντες.
1573 3271 1633 3321 Εἰ
1662 3270 1719 3321 δέ

142 3380 221 3426 τις
262 3365 533 3433 ἐπιθυμία
570 3364 725 3435 φέρει
762 3379 822 3415 σε
855 3362 986 3431 πρὸς
1024 3359 1203 3423 τοῦτο,
1226 3362 1285 3412 τὸ
1312 3362 1478 3429 τιμῆς
1504 3362 1721 3421 πάντως

141 3457 448 3521 ἀξιοῦσθαι,
474 3458 536 3508 τὸ
558 3458 720 3524 τιμᾷν
753 3456 962 3520 πρῶτος
1002 3453 1314 3522 ἀγάπησον,
1360 3452 1526 3503 ῦπνον
1558 3450 1721 3520 μίση·

144 3567 252 3604 σον.
291 3550 365 3601 Τὸ
408 3548 643 3615 σκληρὸν
672 3548 916 3611 ἄσπασαι
945 3548 1044 3613 τῆς
1083 3545 1315 3610 διαίτης,
1360 3544 1434 3611 τῷ
1495 3541 1722 3611 μαλακῷ

143 3642 408 3704 ἀποταξαι
440 3640 533 3692 τοῦ
561 3639 877 3709 ἐνδύματος,
915 3637 1021 3689 τῶν
1052 3635 1298 3705 συνήθων
1348 3634 1538 3703 εὐχῶν.
1558 3637 1721 3704 μηδὲ·

144 3750 271 3787 ποτε
302 3731 781 3808 κατολιγωρήσῃς,
825 3730 956 3801 μηδὲ
988 3728 1094 3782 τῶν
1124 3730 1234 3792 τοῖς
1254 3727 1504 3796 ἀδελφοῖς
1528 3729 1720 3779 ἀποτε-

144 3828 393 3893 ταμένων
450 3826 754 3888 σιω-λαξίων
792 3823 988 3892 ὄρθρον
1021 3820 1164 3889 φημὶ
1204 3824 1296 3872 καὶ
1330 3820 1517 3888 τρίτης
1547 3820 1711 3884 ἕκτης

145 3935 199 3970 τε
232 3920 327 3970 καὶ
352 3917 586 3986 ἐνάτης,
618 3915 837 3967 καὶτῶν
870 3911 1199 3980 ἑσπερινῶνσ
1230 3910 1364 3961 ἀλλά
1398 3910 1489 3960 καὶ
1514 3908 1719 3978 τροφῆς

148 4008 583 4078 μεταλαμϐάνων
618 4004 885 4075 μνήσθητι
925 4007 1015 4055 καὶ
1045 4004 1231 4074 ἑτέρου
1266 4002 1587 4066 πεινῶντος,
1622 4004 1721 4054 καὶ

142 4102 315 4166 τούτῳ
362 4101 426 4151 τὸ
477 4100 559 4150 σοὶ
612 4097 930 4167 περιττεῦον
984 4095 1336 4167 Θησαύρισον.
1397 4094 1719 4164 Ἀλλοτρὶων

143 4194 407 4261 άπὸοκχον,
442 4191 769 4259 κατηγορεῖν
795 4186 1046 4255 ἀίελφοῦ,
1074 4186 1211 4257 μηδὲ
1240 4187 1380 4239 κατά
1404 4186 1525 4238 νοῦν
1550 4186 1717 4257 λάϐῃς

144 4284 309 4336 ποτέ·
391 4283 785 4352 ἐρωτώμενος,
852 4280 1021 4331 νεύων
1088 4280 1166 4341 εἰς
1226 4279 1328 4347 γῆν
1398 4279 1713 4344 ἀπόκριναι.

144 4377 352 4444 [Ιτῶμα
377 4376 454 4445 μὴ
483 4375 718 4443 γελάσῃς
745 4372 956 4440 ἑτέρου,
983 4371 1270 4441 θρήνησον,
1312 4370 1398 4422 ἵνα
1436 4369 1717 4438 παρακλπο

144 4469 241 4537 θῇς
267 4484 281 4497 ·
316 4466 506 4529 κακῶς
534 4462 783 4535 βιοῦντας
815 4463 1029 4516 ἁκούων
1058 4464 1208 4525 τινάς
1240 4462 1380 4532 ὑπὲρ
1416 4462 1593 4514 αὐτῶν
1621 4460 1711 4511 εὕ-

1832 3270 2014 3323 ferunt
2075 3268 2269 3337 probra
2300 3275 2355 3321 et
2412 3265 2793 3327 contumelias,
2842 3273 2897 3319 ct
2954 3262 3109 3326 falsa,
3170 3280 3289 3333 qure
3350 3264 3406 3317 iu

1830 3362 1978 3429 ipsos
2037 3360 2315 3423 feruntur,
2392 3358 2721 3412 testimonia.
2780 3357 2833 3410 Si
2909 3356 3146 3410 tenearis
3226 3367 3405 3408 autem

1830 3452 2012 3519 aliquo
2042 3450 2316 3503 desiderio
2347 3450 2573 3501 omnino
2614 3447 2942 3515 assequendi
2999 3447 3244 3509 honoris,
3289 3446 3406 3515 ipse

1832 3543 2066 3611 primum
2124 3540 2286 3611 dilige
2339 3540 2604 3592 honorem
2653 3537 2934 3593 exhibere.
2977 3536 3238 3589 Somnum
3279 3536 3407 3590 odio

1830 3632 1991 3687 habe.
2036 3634 2234 3686 Duram
2284 3642 2337 3687 et
2399 3643 2643 3701 asperam
2696 3630 2913 3684 vivendi
2971 3629 3233 3682 rationem
3289 3644 3407 3682 am-

1828 3725 2089 3797 plectere.
2128 3725 2399 3778 l’tcnuntia
2458 3724 2713 3777 mollibus
2747 3721 3101 3774 vestimentis.
3158 3721 3403 3774 Consue-

1835 3829 1921 3872 tas
1978 3832 2167 3886 preces
2248 3830 2527 3883 nunquam
2598 3814 2922 3881 neglexeris,
2981 3828 3161 3883 neque
3221 3813 3403 3871 horas.

1828 3923 1947 3978 qua:
2001 3918 2127 3962 sunt
2175 3907 2486 3961 constitutae
2530 3902 2788 3959 fratribus
2824 3904 2887 3956 ad
2931 3903 3401 3963 conveniendum.

1829 4002 2122 4063 Matutinm,
2161 4002 2402 4069 Inquam,
2459 3999 2673 4059 Tertiae,
2732 3996 2931 4059 Sexta),
2986 4006 3039 4049 et
3100 3992 3287 4055 “Nonae,
3350 4004 3404 4048 et

1832 4094 2217 4163 Vesper-arum.
2257 4093 2482 4145 Abstine
2518 4092 2585 4143 ab
2636 4090 2851 4145 alienis.
2903 4092 3173 4142 Accusare
3211 4086 3405 4139 fratres

1828 4202 1897 4240 ne
1949 4186 2041 4238 tihi
2080 4187 2301 4252 quidem
2352 4184 2536 4237 veniat
2594 4183 2647 4235 in
2714 4192 2971 4234 mentem.
3035 4180 3404 4247 Interrogatus

1826 4278 2117 4347 responde.
2176 4277 2470 4343 rcSpiciens
2540 4275 2595 4327 in
2654 4285 2875 4327 terram.
2935 4271 3176 4325 Alterius
3218 4284 3401 4323 casum

1829 4384 1898 4424 ne
1940 4367 2194 4422 irriseris.
2233 4364 2403 4435 Luge,
2437 4374 2497 4419 ut
2546 4364 2980 4419 consolationem
3019 4361 3397 4431 consequaris.

1826 4446 2052 4531 Aliquas
2104 4461 2333 4515 audiens
2370 4460 2511 4513 male
2567 4460 2834 4519 viventes,
2895 4470 2962 4509 ne
3018 4456 3256 4522 negligas
3310 4464 3405 4521 pro

144 4558 335 4624 χεσθαι
365 4558 442 4625 μὴ
466 4556 656 4624 ἀμέλει
721 4556 782 4607 τὸ
812 4557 950 4624 πρὸς
981 4553 1340 4615 ἀσθενοῦντας
1371 4554 1612 4615 ἀπιέναι,
1647 4553 1720 4623 μὴ

1833 4555 1905 4609 eis
1948 4553 2179 4623 precari.
2235 4546 2316 4606 Ire
2350 4552 2415 4605 ad
2451 4567 2567 4615 cos,
2601 4551 2691 4620 qui
2750 4560 2879 4602 sunt
2929 4546 3153 4609 infirmi,
3207 4560 3276 4597 ne
3318 4560 3403 4599 re-

145 4647 452 4721 παραιτοῦ,
494 4648 589 4698 καὶ
640 4646 931 4697 συνελόντα
975 4645 1176 4711 φάναι,
1218 4644 1423 4711 ¹παντὸς
1456 4642 1719 4697 ἐκκλίνων

144 4737 343 4801 κακοῦ,
381 4738 584 4809 ἀρετῆς
616 4736 797 4806 πάσης
830 4734 1210 4806 ἀντιποιήθητι
1236 4750 1249 4763 °
1283 4734 1571 4787 δούλευσον
1607 4736 1720 4795 τοῖς

147 4832 403 4900 ἀδελφοῖς
438 4830 513 4893 ὡς
545 4830 834 4893 δεσπόταις
878 4830 963 4882 ῖνα
996 4826 1234 4897 Χριστοῦ
1282 4827 1431 4894 φίλος
1464 4826 1597 4895 γένῃ
1630 4825 1717 4876 τοῦ

144 4925 232 4978 διά
282 4924 343 4977 σι
382 4922 598 4992 μορφὴν
639 4921 825 4974 δούλου
857 4920 1243 4990 ὲνδνσαμένου.
1291 4918 1435 4987 eam
1466 4918 1603 4970 ἔστω
1639 4933 1720 4969 σοι

146 5017 425 5087 διηνεκὴς,
454 5016 745 5086 πειρασμῷ
778 5013 853 5084 μὴ
883 5016 1202 5084 περιπεσεῖν
1227 5028 1239 5041 ’
1272 5014 1321 5065 εί
1347 5014 1401 5066 δὲ
1439 5016 1531 5065 καὶ
1562 5028 1719 5081 περι-

146 5113 361 5173 πεσοις,
413 5109 677 5177 γενναίως
729 5106 1033 5177 ἀντίστηθι,
1082 5109 1175 5159 καὶ
1224 5106 1387 5160 πάλιν
1443 5105 1585 5157 ὥστε
1648 5105 1723 5174 μὴ

144 5203 354 5256 ἁλῶναι
400 5199 725 5271 προσεύχου.
783 5198 969 5263 υῦτως
1022 5197 1302 5267 βιοτεύων,
1333 5197 1607 5265 ἀγαπητὲ,
1659 5196 1720 5246 οὐ

149 5296 374 5366 μακράν
432 5295 574 5357 ἕξεις
627 5295 719 5344 τὸν
771 5291 1094 5361 βοηθοῦντα,
1155 5293 1247 5342 καὶ
1319 5288 1583 5359 ὀρέγοντα
1641 5304 1721 5339 σοι

146 5388 547 5459 πολεμουμένῳ
614 5387 713 5459 τὴν
774 5385 976 5453 δεξιάν.
1028 5384 1268 5439 Τοιαῦτα
1329 5382 1714 5454 παραινέσασα

146 5480 226 5549 τῷ
279 5481 429 5533 παιδὶ
475 5481 593 5541 ταῖς
647 5482 831 5548 χερσὶν
879 5477 1046 5549 ηδὲως
1093 5477 1154 5528 τὸ
1193 5476 1409 5545 πνεῦμα
1458 5472 1724 5541 παρέθετο

145 5571 240 5626 τοῦ
278 5571 434 5627 Θεοῦ.

219 5666 329 5719 ιη’.
364 5667 475 5720 Καὶ
505 5666 564 5720 τὸ
598 5665 697 5735 μὲν
727 5664 939 5718 παιδίον
986 5664 1207 5733 θρήνοις
1233 5658 1578 5732 παραχρῆμα
1604 5658 1727 5711 ἑκό-

148 5777 336 5825 τιτετο,
379 5760 475 5812 καὶ
508 5762 538 5811 ὀ
580 5758 821 5820 οἰκίσκος
868 5755 993 5827 βοῆς
1058 5755 1398 5827 ἐπληροῦτο·
1453 5754 1521 5805 τὰ
1561 5754 1726 5805 ἀκου-

147 5856 338 5911 σθέντα
386 5852 442 5906 δὶ
492 5850 654 5913 εὐθὺς
704 5851 750 5905 οἱ
804 5852 939 5921 πρὸς
993 5847 1146 5901 τοῦτο
1200 5844 1568 5914 πεμφθέντες,
1625 5844 1703 5912 τῷ

1824 4663 2003 4704 cuscs.
2038 4644 2103 4699 Et
2136 4656 2193 4699 ut
2225 4644 2389 4699 semel
2426 4644 2623 4701 diram.
2662 4655 2826 4693 omne
2865 4640 3063 4689 malum
3098 4637 3403 4693 declinans.

1822 4741 2038 4795 vindica
2098 4739 2193 4793 tibi
2254 4740 2552 4791 virtutem:
2604 4734 2747 4787 servi
2804 4729 3082 4790 fratribus,
3144 4736 3402 4796 tanquam

1823 4827 2078 4890 dominis,
2122 4833 2182 4879 ut
2239 4826 2438 4879 evadas
2497 4824 2702 4878 Christi
2760 4824 2990 4882 amicus,
3060 4822 3150 4887 qui
3204 4834 3299 4886 pro
3355 4826 3403 4871 te

1824 4917 1964 4971 servi
2021 4916 2249 4970 formam
2298 4915 2497 4967 induit.
2533 4912 2767 4967 Assidue
2811 4924 3055 4979 precare,
3094 4923 3160 4961 ne
3199 4911 3402 4960 incidas

1826 5008 1882 5061 in
1943 5009 2320 5060 teutationem.
2406 5004 2569 5069 Quod
2629 5003 2673 5057 si
2736 5003 3013 5063 incideris,
3072 5002 3121 5053 ci
3194 5000 3407 5052 fortiter

1826 5100 2059 5160 resiste;
2107 5107 2162 5152 et
2221 5112 2413 5152 rursus
2452 5110 2696 5166 precare,
2738 5108 2806 5147 ne
2865 5093 3159 5161 superet-is.
3220 5090 3274 5143 Si
3329 5094 3403 5142 sic

1826 5194 2000 5254 vivas,
2034 5206 2067 5244 ο
2107 5190 2326 5253 dilecte.
2364 5202 2474 5242 non
2518 5186 2705 5257 procul
2738 5184 2937 5248 aberit,
2974 5184 3065 5253 qui
3100 5184 3192 5235 tibi
3244 5196 3402 5249 Opem

1829 5284 1987 5348 ferat,
2046 5292 2099 5336 et
2132 5283 2221 5351 qui
2278 5278 2418 5335 bello
2490 5279 2731 5348 appetito
2794 5277 2888 5331 tibi
2918 5277 2989 5329 sit
3050 5282 3403 5345 porrecturus

1830 5378 2134 5430 dexteram.
2180 5373 2315 5428 Cum
2374 5375 2489 5428 haec
2520 5374 2782 5427 suasisset
2817 5384 3008 5441 puero,
3062 5369 3301 5438 jucunde
3351 5368 3401 5421 in

1830 5469 1921 5523 Dei
1964 5482 2155 5521 manus
2191 5467 2411 5521 tradidit
2445 5465 2716 5536 spiritum.

1904 5657 2082 5714 XVIII.
2124 5659 2191 5714 Et
2232 5673 2365 5727 puer
2398 5658 2615 5728 quidem
2653 5657 2836 5713 statim
2868 5655 3110 5727 lugebat,
3154 5666 3211 5710 et
3252 5656 3396 5726 plan-

1833 5752 2011 5822 gebat,
2050 5760 2105 5805 et
2125 5749 2513 5805 vociferatione
2548 5749 2705 5819 plena
2740 5756 2855 5802 erat
2889 5748 3239 5801 domuncula.
3275 5746 3401 5809 Qus

1830 5844 2121 5905 audierant
2178 5855 2358 5899 autem
2420 5844 2453 5897 li
2513 5846 2607 5914 qui
2657 5842 2720 5896 ad
2785 5842 2887 5896 hoc
2961 5842 3113 5897 missi
3165 5840 3397 5898 fuerant.
