3970 6438
527 396 641 458 699

1763 388 2044 450 MENSIS
2091 383 2564 448 SEPTEMBER;

3692 383 3798 443 700

530 505 624 575 qui
657 504 724 558 ab
752 500 1091 555 Athanarico
1146 518 1271 573 rege
1318 501 1391 555 ob
1431 501 1756 555 catholicam
1794 502 1952 556 fidem
2001 502 2120 570 jus-
2150 504 2199 564 Α
2228 500 2557 569 impressum
2626 504 2709 551 est
2756 497 2808 551 in
2866 494 3132 551 Thesauro
3178 497 3570 564 Autiqm‘tutum
3621 496 3799 549 Italic:

531 611 624 651 sus
648 604 729 649 est
761 594 884 664 igne
916 595 1185 649 comburi.
1226 592 1447 647 DPCII'US
1478 592 1545 646 de
1587 591 1887 655 Natalibus,
1925 592 2019 646 lib.
2056 607 2112 658 ν,

529 703 630 755 cap
659 686 731 751 .4,
786 686 1021 755 elogium
1081 686 1364 739 contexuit
1414 699 1480 737 ex
1524 686 1670 738 Actis
1717 683 1854 737 infra
1902 684 2118 747 dandis,

532 778 628 830 sed
665 793 773 830 non
807 779 923 830 sine
968 779 1249 830 erroribus
1293 776 1517 844 aliquot,
1558 786 1889 844 mortemque
1920 777 2117 839 sancti,

532 885 690 936 quem
716 868 965 923 Nicetum
991 880 1168 929 vocat,
1203 869 1319 923 fixit
1354 869 1423 923 25
1453 867 1598 921 Maii.
1637 868 1771 923 Hinc
1802 868 2030 933 factum,
2060 880 2118 923 ut

535 958 818 1012 Grevenus
856 960 1059 1027 aliique
1107 960 1258 1027 pauci
1309 959 1651 1029 martyrologi
1709 958 1980 1018 Nicetum.
2027 971 2118 1013 aut

535 1047 715 1115 potius
748 1048 1011 1111 Nicetam,
1048 1050 1114 1101 ad
1156 1049 1226 1100 25
1255 1046 1375 1100 Maii
1419 1049 1531 1101 suis
1560 1046 1737 1102 Fastis
1762 1049 2113 1102 inserueriut.

537 1139 635 1191 Alii
682 1150 857 1193 tamen
917 1139 1093 1193 Latini
1155 1155 1278 1194 cum
1324 1139 1535 1194 Molano
1571 1151 1819 1194 sanctum
1874 1141 2114 1195 Nicetam

539 1229 699 1283 hodie
730 1242 1122 1286 memoraruut.
1160 1232 1515 1299 Antiquiores
1550 1234 1893 1302 tnartyrologi
1939 1233 2116 1287 Latini

538 1330 786 1374 sanctum
829 1322 973 1376 hunc
1026 1323 1339 1393 ignorarunt
1372 1342 1383 1375 :
1417 1327 1510 1378 sed
1539 1323 1712 1377 Graaci
1757 1305 1949 1394 magno
1981 1340 2115 1377 con-

535 1424 720 1472 sensu,
748 1419 801 1463 et
842 1426 965 1463 cunt
1000 1410 1084 1465 his
1128 1412 1329 1466 Moschi
1377 1424 1626 1467 sanctum
1668 1413 1908 1467 Nicetam
1961 1414 2117 1468 hodie

534 1499 830 1557 celebrant.
883 1511 939 1553 ut
992 1518 1242 1573 maguum
1278 1514 1592 1573 martyrem,
1643 1506 1708 1556 de
1752 1520 1858 1572 quo
1885 1505 2115 1557 officium

533 1589 965 1644 ecclesiasticum
1002 1594 1191 1646 eodem
1222 1594 1311 1646 die
1343 1594 1709 1662 peragendum
1742 1595 1793 1647 in
1826 1596 1981 1648 libris
2015 1610 2112 1649 eo-

535 1697 651 1734 rum
681 1682 965 1737 ritualibus
998 1686 1387 1753 prrescribitur.
1421 1686 1473 1739 In
1506 1686 1803 1757 Menol0gio
1826 1688 2114 1742 Sirletiano

537 1775 638 1828 hoc
668 1777 842 1829 sancti
886 1776 1089 1830 Niceten
1116 1779 1273 1831 datur
1301 1781 1535 1849 elogium
1571 1794 1585 1830 :
1617 1778 2102 1831 «Commetnoratio

2225 600 2359 645 tom.
2397 607 2427 643 v
2468 598 2608 658 part.
2660 604 2718 642 tt.
2763 588 2820 642 In
2865 588 2958 642 illo
3012 589 3155 641 enim
3199 596 3459 640 tractatur
3494 587 3562 640 de
3596 588 3799 655 templo

2222 681 2276 736 S.
2341 680 2567 745 Nicolai,
2649 680 2901 749 parochia
2966 680 3403 748 presbyterorum
3462 680 3517 732 in
3582 680 3799 747 regione

2222 771 2372 824 Dorsi
2419 772 2561 835 duri,
2622 780 2783 838 atque
2818 770 2868 821 in
2901 769 3009 822 fine
3054 769 3294 822 dicitur:
3337 768 3435 821 Hic
3474 770 3650 822 sancti
3691 770 3795 820 Ni-

2220 875 2352 917 ecta:
2382 878 2579 931 corpus
2606 862 2834 930 aliaeque
2865 872 3177 914 sanctorum
3216 860 3461 928 reliquiae
3498 860 3793 912 habentur.

2288 955 2376 1009 IV.
2420 955 2571 1020 Quod
2604 965 2813 1024 spectat
2840 955 2905 1007 ad
2942 964 3176 1022 tempus,
3213 968 3321 1021 quo
3374 962 3601 1006 sanctus
3638 952 3799 1005 Nice-

2222 1054 2303 1100 tas
2328 1046 2585 1115 martyrio
2610 1057 2900 1101 coronatus
2926 1059 3027 1109 est,
3052 1046 3180 1098 illttd
3203 1056 3499 1111 utcumque
3530 1043 3797 1112 assignari

2218 1151 2397 1209 potest
2434 1155 2497 1192 ex
2536 1150 2798 1208 tempore,
2855 1155 2964 1209 quo
3009 1138 3309 1193 Gothorum
3344 1140 3602 1208 princeps
3632 1142 3802 1193 Atha-

2218 1235 2437 1287 naricus
2473 1233 2907 1301 persecutionem
2944 1234 3113 1285 movit
3144 1233 3404 1285 adversus
3432 1233 3795 1285 Christianos.

2218 1326 2297 1379 De
2352 1340 2638 1377 numerosa
2693 1322 2993 1377 Gothorum
3050 1334 3346 1389 martyrum
3406 1325 3580 1377 classe
3628 1325 3692 1377 ad
3728 1324 3799 1377 26

2216 1415 2393 1469 Martii
2449 1415 2555 1483 egit
2607 1414 3004 1482 Papebrocbius
3078 1425 3261 1468 noster
3326 1415 3565 1469 breviter
3613 1416 3800 1468 admo-

2216 1508 2366 1561 dum.
2394 1505 2659 1559 Prolixius
2688 1515 2741 1558 et
2768 1507 3076 1559 accuratius
3107 1506 3173 1557 de
3206 1517 3393 1560 sancto
3424 1506 3562 1563 Saba
3592 1506 3798 1563 Gotho,

2218 1598 2269 1651 in
2303 1598 2488 1651 eadem
2524 1613 2739 1666 quoque
2771 1599 3149 1666 persecutione
3191 1612 3373 1665 passo,
3406 1598 3547 1649 idem
3598 1600 3705 1666 egit
3734 1598 3798 1650 ad

2215 1690 2279 1744 12
2312 1691 2528 1757 Aprilis,
2570 1707 2676 1759 quo
2718 1692 2933 1744 occisus
3000 1700 3081 1743 cst
3111 1704 3253 1743 anno
3278 1690 3403 1740 379..
3445 1690 3649 1743 Eodem
3684 1690 3799 1743 for-

2217 1797 2312 1835 san
2349 1798 2513 1842 anno,
2551 1792 2696 1834 certe
2735 1797 2837 1835 non
2874 1781 3057 1834 multis
3104 1781 3261 1833 annis
3300 1780 3462 1834 citius
3492 1792 3583 1833 aut
3622 1783 3803 1834 serius

535 1868 706 1921 sancti
742 1871 995 1937 martyris
1017 1868 1238 1932 NiCeue,
1272 1873 1361 1937 qui
1391 1871 1492 1925 sub
1524 1871 1753 1939 imperio
1777 1870 2114 1923 Constantini
2151 1858 2190 1911 Β
2223 1882 2515 1925 coronatus
2542 1883 2623 1923 est
2655 1881 2875 1924 sanctus
2920 1871 3154 1923 Nicetas.
3190 1870 3364 1923 Locus
3398 1872 3643 1938 martyrii
3700 1873 3804 1923 fuit

535 1960 708 2028 Magni
756 1970 932 2023 natus,
966 1971 1129 2029 atque
1170 1962 1434 2016 educatus
1474 1963 1526 2016 in
1564 1967 1782 2031 regione
1814 1962 2113 2016 Gothorum

538 2052 675 2104 ultra
706 2050 1029 2113 Danubium,
1068 2066 1172 2105 non
1206 2052 1647 2105 communicabat
1687 2068 1807 2104 cum
1840 2051 2109 2119 Barbaris,

536 2142 630 2194 sed
663 2156 786 2194 cum
816 2143 942 2193 viris
976 2142 1076 2210 piis
1101 2141 1268 2193 Deum
1293 2143 1619 2206 colentibus,
1650 2144 1875 2196 edoctus
1906 2142 2112 2197 Christi

538 2236 694 2288 fidem
733 2251 758 2285 a
800 2234 1146 2287 sanctissimo
1179 2236 1436 2303 episcopo
1468 2235 1765 2288 Gothorum
1793 2238 2113 2305 TheOphilo,

535 2328 963 2392 comprehensus
1000 2327 1066 2379 ab
1110 2326 1407 2380 Athanasio
1438 2327 1574 2395 (lege
1607 2328 1932 2381 Athanarico
1974 2329 2118 2395 prin-

535 2417 653 2484 cipe
715 2427 935 2484 prepter
993 2418 1319 2469 Christiana!
1389 2417 1509 2469 fidet
1577 2418 1991 2485 professionem,
2065 2430 2115 2473 et

537 2508 721 2560 multis
816 2507 1099 2564 tormentis
1163 2508 1456 2567 cruciatus.
1536 2509 1657 2577 igne
1745 2521 2115 2579 consumptus,

538 2607 951 2651 consummatus
993 2607 1095 2650 est.
1140 2618 1157 2647 ι
1189 2596 1501 2650 Consonaut
1532 2599 1754 2651 omnino
1791 2596 1990 2652 Menam
2022 2602 2118 2652 im-

539 2698 743 2757 pressa,
783 2691 869 2742 ubi
904 2706 1100 2742 nomen
1138 2686 1475 2753 Athanarici,
1517 2706 1612 2758 pro
1636 2706 1742 2757 quo
1772 2691 1857 2745 hic
1899 2693 2119 2746 mendo-

536 2796 595 2831 se
629 2780 956 2831 Athanasius
984 2779 1193 2847 legitur,
1223 2790 1369 2831 recte
1391 2789 1473 2831 est
1500 2795 1841 2847 expressum.

608 2870 671 2921 Il.
726 2869 780 2922 In
834 2870 1134 2939 lienologio
1188 2870 1457 2923 Basiliano
1505 2873 1637 2923 Acta
1701 2871 1874 2923 sancti
1922 2870 2120 2927 Niceta

535 2964 862 3031 compendio
899 2972 1269 3028 exponuntur.
1310 2962 1441 3015 Nam
1490 2975 1613 3032 post
1654 2964 1791 3016 hanc
1826 2965 2117 3018 annuntia-

538 3055 761 3117 tionem,
801 3053 1118 3108 «Certamen
1160 3056 1331 3107 sancti
1362 3056 1539 3124 magni
1572 3057 1826 3124 martyris
1857 3054 2112 3117 Nicetaa,»

543 3147 791 3214 sequitur
817 3146 1054 3215 elogium
1089 3147 1159 3199 ita
1193 3159 1520 3213 conceptum
1550 3164 1561 3198 :
1598 3147 1863 3200 «Nicetas.
1900 3148 2122 3215 praecla-

537 3248 630 3285 rus
696 3235 895 3286 Christi
957 3243 1180 3302 martyr,
1234 3233 1335 3285 fuit.
1399 3236 1700 3301 imperante
1760 3234 2118 3291 Constantino

536 3322 745 3394 Magno,
788 3339 985 3393 genere
1017 3323 1247 3387 Gothus,
1308 3325 1587 3379 nobilitate
1655 3339 1717 3379 ac
1749 3326 1949 3381 divitiis
1979 3328 2123 3381 inter

538 3417 826 3485 populares
858 3433 986 3471 suos
1026 3416 1246 3479 florens,
1280 3432 1309 3469 a
1352 3417 1661 3486 TheOphilo
1698 3419 2118 3487 religiosissime

535 3510 745 3562 Gothiae
792 3509 1047 3585 episcopo
1102 3506 1259 3558 fidem
1319 3508 1565 3560 edoctus.
1613 3507 1748 3560 Cum
1827 3520 2006 3561 autem
2068 3509 2121 3561 in

537 3603 671 3655 duas
700 3600 962 3653 factiones
1000 3608 1108 3651 tota
1170 3594 1473 3649 Gothorum
1517 3614 1650 3665 gens
1700 3600 1867 3653 scissa
1904 3599 2120 3658 fuisset,

537 3706 698 3764 atque
730 3706 957 3763 utraque
1001 3709 1158 3747 suum
1186 3690 1289 3745 sibi
1326 3692 1627 3760 principem
1675 3702 1947 3756 creasset;
1992 3708 2121 3747 con-

538 3788 829 3857 fugitalter
852 3788 1157 3855 principum
1189 3787 1254 3840 ad
1290 3785 1655 3840 Romanorum
1688 3785 2069 3853 imperatorem
2101 3806 2112 3840 :

538 3881 630 3950 qui
678 3895 801 3933 cum
848 3889 1096 3948 suscepta
1133 3880 1185 3931 in
1221 3880 1505 3933 contrariae
1539 3876 1788 3931 factionis
1834 3886 2118 3947 tyrannum

538 3970 904 4039 expeditione,
942 3970 1204 4038 insignem
1237 3983 1300 4022 ex
1344 3983 1409 4021 eo
1447 3974 1781 4035 reportasset
1812 3966 2117 4032 victoriam,

538 4061 852 4128 Gothosque
884 4060 1204 4130 subegisset,
1242 4073 1306 4110 ex
1363 4074 1429 4110 eo
1492 4067 1732 4125 tempore
1767 4071 1934 4124 genus
1964 4056 2118 4107 Citri-

542 4152 843 4203 stianorum
899 4149 1041 4201 inter
1085 4147 1291 4202 Gothos
1326 4145 1737 4215 multiplicatum
1771 4158 1873 4199 esu
1916 4144 2119 4199 Horum

543 4242 751 4311 primus
790 4250 1010 4293 sanctus
1041 4240 1257 4295 Nicetas
1286 4240 1407 4303 fuit,
1432 4238 1523 4308 qui
1552 4250 1607 4293 et
1629 4255 1840 4292 summa
1869 4238 2119 4293 libertate

542 4335 907 4388 Christianam
960 4336 1118 4387 fidem
1155 4336 1355 4402 populo
1394 4334 1775 4387 annuntiabat.
1818 4332 1922 4385 Sed
1971 4341 2118 4399 post-

543 4443 703 4493 quam
778 4440 1030 4478 reversus
1072 4436 1155 4480 est
1202 4426 1511 4496 imperator,
1557 4424 1717 4479 Gothi
1761 4423 2001 4477 infideles
2038 4422 2121 4475 fu-

2219 1964 2270 2017 in
2299 1963 2503 2017 ditione
2540 1962 2860 2018 Gothorum.
2907 1961 3045 2013 ultra
3081 1960 3379 2013 Danubium
3421 1970 3549 2012 tunc
3583 1958 3795 2027 degen-

2220 2054 2371 2108 tium.
2409 2055 2601 2107 ‘Nescio
2647 2069 2797 2116 sane,
2828 2069 2936 2122 quo
2970 2053 3242 2106 memoriae
3272 2053 3424 2121 lapsu
3454 2053 3799 2104 (Iastcllanus

2218 2146 2270 2200 in
2300 2146 2674 2216 Martyrologio
2728 2144 3019 2198 universali
3072 2144 3137 2196 ad
3173 2146 3492 2213 marginem,
3532 2154 3585 2197 et
3627 2144 3677 2195 in
3712 2143 3800 2194 in-

2217 2238 2356 2298 dice,
2388 2248 2577 2290 notare
2602 2238 2860 2306 potuerit,
2893 2250 3061 2303 prope
3098 2233 3482 2302 Mopsuestiam
3519 2235 3571 2286 in
3595 2234 3793 2288 Cilicia

2218 2328 2451 2381 occisum
2486 2342 2605 2381 esse
2651 2336 2917 2387 sanctum,
2971 2326 3073 2378 nisi
3124 2325 3321 2388 locum,
3361 2325 3425 2378 ad
3474 2340 3638 2393 quem
3672 2341 3799 2379 cor-

2219 2434 2321 2487 pus
2362 2417 2680 2470 translatum
2714 2426 2817 2478 est,
2856 2430 2977 2469 cum
3012 2415 3127 2467 loco
3180 2414 3415 2484 martyrii
3458 2414 3797 2469 confuderit.

2218 2509 2372 2563 Nulla
2417 2511 2562 2563 enim
2604 2518 2687 2562 est
2726 2509 2883 2570 ratio,
2912 2524 3008 2562 cur
3059 2508 3328 2571 dicamus,
3380 2510 3625 2561 occisum
3676 2522 3800 2561 esse

2219 2602 2477 2655 Sanctum
2510 2609 2659 2652 extra
2686 2600 2945 2651 ditionem
2997 2598 3307 2650 Athanarici
3356 2597 3660 2650 Gothorum
3708 2612 3799 2649 re-

2218 2693 2315 2760 gis,
2355 2705 2474 2756 qua)
2533 2691 2799 2742 immenso
2857 2699 3125 2742 terrarum
3179 2688 3467 2740 intervallo
3522 2702 3550 2738 a
3600 2686 3794 2742 Cilicia

2219 2782 2472 2834 distabat.
2529 2780 2586 2833 Si
2646 2794 2809 2847 porro
2868 2780 3127 2833 ditionem
3179 2779 3493 2834 Athanarici
3539 2782 3801 2850 preprius

2220 2872 2497 2940 inquirere
2563 2871 2809 2933 velimus,
2860 2885 2923 2923 ex
2984 2871 3291 2935 Ammiano,
3348 2880 3494 2939 gesta
3557 2871 3803 2925 Valentis

2221 2963 2569 3031 imperatoris
2622 2973 2809 3016 contra
2884 2960 3275 3015 Athanaricum
3352 2962 3651 3026 referente,
3707 2964 3802 3018 lib.

2220 3070 2366 3107 xxvu
2415 3069 2535 3121 cap.
2571 3053 2623 3115 5,
2660 3053 2817 3105 facile
2862 3052 3353 3119 deprehendemus,
3407 3051 3800 3107 Athanaricum

2224 3154 2289 3194 eo
2324 3151 2564 3209 tempore
2601 3139 2936 3191 dominatum
2967 3152 3087 3191 esse
3119 3137 3171 3189 in
3203 3137 3467 3190 hodierna
3508 3137 3799 3198 Moldavia.

2224 3245 2286 3284 ac
2337 3229 2473 3283 forte
2513 3229 2565 3282 in
2615 3228 2866 3306 Valachia
2910 3236 2963 3280 et
3011 3225 3351 3287 Bessarabia,
3412 3237 3506 3280 aut
3546 3238 3700 3281 certe
3748 3229 3799 3280 in

2224 3332 2379 3395 parte
2437 3322 2613 3390 aliqua
2675 3320 2887 3373 illarum
2943 3318 3345 3388 provinciarum
3383 3334 3605 3387 :neque
3653 3321 3803 3373 enim

2222 3415 2493 3476 novimus,
2523 3428 2684 3478 quam
2719 3412 2824 3461 late
2863 3410 3175 3476 imperaret.

2294 3502 2359 3557 V.
2396 3502 2537 3555 Loca
2571 3502 2637 3552 ab
2667 3499 2954 3552 Ammiano
2985 3510 3303 3558 memorata,
3338 3500 3426 3551 ubi
3466 3498 3671 3553 Valens
3721 3501 3802 3553 Is-

2228 3602 2367 3645 trum
2399 3590 2571 3659 primo
2596 3596 2651 3643 et
2674 3588 2830 3641 tertio
2858 3586 2997 3639 illius
3033 3585 3157 3639 belli
3187 3601 3330 3637 anno
3354 3588 3588 3653 trajecit.
3620 3598 3675 3640 et
3708 3590 3800 3641 ubi

2222 3698 2363 3737 anno
2398 3681 2635 3735 secundo
2678 3679 2964 3733 transitum
3007 3676 3208 3730 frustra
3265 3679 3517 3739 tentavit,
3550 3690 3708 3730 erant
3740 3680 3796 3731 in

2222 3774 2403 3829 Mazsia
2450 3773 2729 3832 inferiore,
2759 3771 2918 3824 dictis
2963 3770 3275 3838 provinciis,
3314 3772 3614 3839 prwsertim
3662 3768 3805 3822 Mol-

2221 3868 2390 3922 daviaa
2416 3865 2686 3934 Opposita,
2720 3864 2945 3930 soloque
2977 3860 3114 3915 Istro
3145 3862 3213 3914 ab
3248 3862 3312 3914 iis
3350 3862 3539 3915 divisa.
3598 3861 3801 3915 Marci-

2222 3958 2465 4027 anapolis
2509 3956 2752 4023 ejusdem
2794 3955 3089 4022 provinciae
3124 3952 3293 4017 urbis,
3344 3953 3396 4004 in
3444 3968 3547 4020 qua
3596 3953 3799 4007 Valens

2223 4051 2449 4104 hiberna
2482 4046 2735 4107 habebat,
2772 4058 2834 4096 ac
2865 4058 2965 4110 pax
2997 4043 3050 4094 in
3086 4044 3204 4109 ipso
3246 4041 3383 4095 Istro
3419 4045 3558 4097 inter
3584 4056 3804 4098 utrum-

2221 4156 2326 4213 que
2357 4138 2656 4208 principem
2692 4134 2843 4199 inita,
2899 4132 3145 4187 similiter
3181 4134 3495 4197 05tenduut,
3548 4136 3800 4189 Athana—

2221 4237 2316 4289 rici
2354 4234 2614 4287 ditionem
2640 4245 2670 4283 a
2703 4227 2886 4281 Moesia
2932 4223 3189 4277 inferiore
3219 4222 3336 4277 solo
3363 4223 3503 4276 Istro
3537 4227 3653 4278 sive
3694 4226 3801 4278 Da-

2222 4326 2386 4378 nubio
2422 4324 2744 4389 diremptam
2797 4319 2987 4374 fuisse.
3043 4316 3231 4384 Itaque
3278 4314 3636 4369 dubitandum
3688 4332 3799 4369 non

2222 4426 2324 4479 est,
2361 4416 2488 4483 quin
2554 4424 2775 4465 sanctus
2829 4409 3042 4463 Nicetes
3091 4424 3282 4478 passus
3324 4407 3393 4461 sit
3427 4407 3480 4461 in
3537 4407 3802 4461 hodierna

546 4533 664 4570 rore
696 4519 906 4586 perciti,
956 4527 1224 4571 commota
1262 4520 1313 4569 in
1346 4519 1683 4572 Christianos
1715 4518 2112 4584 persecutione,

2228 4508 2507 4568 Moldavia,
2543 4505 2623 4558 vel
2659 4504 2783 4556 huic
2815 4501 3152 4555 contermina
3196 4500 3447 4553 Valacbia
3478 4510 3571 4553 aut
3605 4499 3805 4554 Bessa-

543 4611 675 4662 alios
709 4611 926 4676 quidem
959 4610 1116 4661 aliter
1149 4617 1356 4661 torsere
1378 4647 1392 4670 ,
1438 4604 1679 4660 Nicetam
1738 4615 1918 4657 autem
1976 4606 2114 4655 mul-

545 4697 818 4763 tiplicibus
867 4697 1145 4764 suppliciis
1189 4698 1552 4751 excruciatum
1604 4697 1711 4768 igni
1760 4695 2050 4749 tradidere.
2094 4714 2110 4744 ι

547 4790 817 4843 Hactenus
843 4790 1205 4858 Menologium
1233 4790 1362 4842 satis
1388 4800 1552 4842 recte.

616 4881 706 4934 III.
751 4881 824 4933 De
860 4881 1213 4933 translatione
1242 4882 1486 4948 corporis
1520 4880 1688 4933 sancti
1721 4878 1920 4933 Nicetze
1955 4880 2114 4932 Gothi

548 4983 710 5041 agunt
744 4973 875 5026 Acta
908 4972 1137 5034 edenda,
1178 4972 1348 5039 iisque
1390 4974 1665 5026 consentit
1696 4970 1888 5025 Petrus
1921 4973 1986 5024 de
2019 4970 2119 5023 Na-

557 5065 756 5117 talibUs
795 5064 903 5132 jam
954 5064 1226 5117 laudatus.
1260 5062 1555 5128 Utrobique
1588 5064 1746 5116 etiam
1780 5065 1994 5133 legitur,
2027 5080 2116 5114 ce-

550 5158 769 5211 clesiam
825 5165 1011 5209 sancto
1063 5156 1380 5210 atdifiratam
1414 5169 1533 5208 esse
1565 5155 1905 5223 Mopsuestiae
1949 5156 2001 5206 in
2034 5152 2117 5206 Ci-

549 5250 692 5312 licia,
730 5263 837 5316 quo
883 5262 1095 5300 sacrum
1145 5262 1341 5315 corpus
1372 5256 1487 5300 erat
1520 5246 1776 5298 delatum.
1812 5246 1977 5297 Addit
2025 5245 2119 5295 dc-

554 5341 678 5392 inde
707 5339 899 5393 Petrus
927 5341 995 5393 de
1041 5338 1364 5391 Natalibus:
1405 5356 1421 5387 ‹
1456 5336 1585 5390 Post
1619 5337 1877 5403 temporis
1927 5335 2121 5387 decur—

553 5447 669 5485 sum
699 5446 896 5499 corpus
945 5431 1120 5500 ipsum
1158 5429 1413 5483 Venetias
1468 5432 1813 5491 translatum,
1844 5427 2121 5493 quiescere

551 5526 748 5578 dicitur
785 5526 837 5577 in
866 5523 1095 5584 ecclesia
1132 5522 1188 5575 S.
1222 5522 1448 5576 Nicolai.
1486 5542 1503 5571 ι
1547 5520 1615 5571 De
1652 5534 1879 5586 corpore
1909 5517 2110 5569 ibidem

552 5626 765 5670 servato
805 5616 1124 5683 astipulantur
1158 5613 1410 5666 Nieolaus
1470 5610 1706 5679 Deglioni
1762 5609 1814 5661 in
1863 5607 2121 5674 opusculo

557 5708 740 5760 Italico
776 5707 836 5757 de
859 5704 1188 5759 Notabilibus
1222 5704 1360 5756 urbis
1403 5703 1606 5756 Veneto:
1634 5702 1728 5755 lib.
1762 5717 1795 5754 tt
1832 5715 1948 5769 pag.
1985 5699 2119 5761 5H5;

564 5800 637 5852 uti
672 5808 721 5852 el
760 5800 1076 5868 opusculum
1121 5797 1370 5851 Latinum
1404 5798 1463 5850 de
1502 5799 1633 5855 Urbe
1690 5796 1906 5856 Veneta,
1974 5792 2116 5859 quod

2218 4602 2388 4655 rabia.
2431 4598 2563 4652 Nam
2599 4594 3032 4662 persecutionem
3082 4601 3270 4644 contra
3305 4592 3649 4643 Christianos
3684 4607 3806 4644 mo-

2219 4695 2296 4747 vit
2338 4690 2720 4748 Athanaricus,
2776 4684 3089 4751 priusquam
3134 4681 3296 4733 Gothi
3348 4679 3545 4731 Istrum
3579 4682 3802 4733 fuerunt

2223 4782 2567 4852 transgressi,
2622 4776 2839 4844 quando
2891 4772 3115 4826 haeresis
3161 4772 3359 4825 Ariana
3390 4771 3624 4825 necdum
3672 4786 3803 4838 pne-

2221 4878 2463 4930 valuerat
2516 4870 2657 4940 apud
2693 4866 2920 4927 Gothos,
2951 4875 3009 4919 ut
3053 4867 3307 4921 observat
3346 4875 3569 4919 sanctus
3614 4866 3802 4935 Augu-

2221 4972 2413 5031 stinus,
2491 4966 2585 5020 lib.
2644 4979 2774 5019 xvttt
2813 4959 2881 5013 de
2915 4960 3155 5019 civitate,
3219 4974 3336 5025 cap.
3379 4956 3466 5008 δᾶ.
3526 4956 3615 5009 ubi
3689 4957 3808 5009 haec

2222 5062 2453 5114 scribit!
2497 5078 2513 5109 ι
2542 5059 2654 5111 Rex
2700 5057 3002 5111 Gothorum
3040 5052 3092 5102 in
3141 5050 3253 5118 ipsa
3297 5048 3492 5103 Gothia
3546 5061 3808 5115 persecu-

2225 5164 2311 5206 tus
2368 5162 2451 5204 est
2502 5150 2845 5205 Christianos
2892 5143 3212 5200 Crudelitate
3252 5138 3509 5202 mirabili,
3559 5154 3684 5190 cum
3730 5140 3806 5193 ibi

2224 5258 2331 5295 non
2379 5253 2559 5295 essent
2602 5241 2704 5292 nisi
2736 5236 3021 5300 Catholici,
3063 5247 3291 5303 quorum
3333 5230 3553 5298 plurimi
3601 5239 3805 5300 marty-

2224 5334 2303 5385 rio
2325 5331 2563 5385 coronati
2602 5340 2760 5394 suut;
2797 5328 2936 5382 sicut
2966 5342 2993 5380 a
3026 5323 3348 5395 quibusdam
3385 5321 3671 5382 fratribus,
3708 5325 3802 5390 qui

2228 5434 2357 5476 tunc
2398 5422 2506 5473 illic
2548 5419 2699 5487 pueri
2771 5420 3010 5480 fuerant,
3049 5427 3103 5469 ct
3133 5427 3189 5467 se
3238 5414 3336 5465 ista
3381 5413 3580 5466 vidisse
3611 5414 3807 5467 inruu-

2226 5528 2434 5571 ctantcr
2464 5513 2910 5571 recordabantur,
2944 5508 3270 5562 audivimus.
3298 5528 3315 5557 ι
3341 5506 3809 5569 Ρίιυιυδυιοδίυε,

2226 5608 2325 5661 lib-
2360 5623 2454 5670 vn,
2487 5620 2609 5673 cap.
2642 5602 2732 5664 δί,
2757 5602 2823 5655 de
2851 5601 3039 5654 eadem
3074 5599 3451 5666 persecutione
3491 5597 3569 5651 sic
3604 5598 3805 5650 habet:

2233 5715 2249 5748 ι
2293 5700 2558 5750 Pra'terea
2594 5691 2954 5746 Athanaricus
2990 5706 3078 5742 rex
3107 5688 3435 5751 Gothorum,
3466 5687 3806 5741 Christianos

2232 5794 2281 5846 in
2327 5802 2483 5859 gente
2549 5805 2642 5840 sua
2710 5784 3086 5840 crudelissime
3143 5792 3482 5852 persecutus,
3549 5782 3806 5849 plurimm
