3970 6482
207 422 315 486 701

1220 416 1683 480 MARTYRIUM
1734 420 1797 481 S.
1842 418 2135 481 ΝΙΟΕΤίΕ
2175 420 2436 486 GO'l'lIl.

3358 419 3475 483 701

202 535 565 591 barbarorum
606 529 676 586 ob
710 528 869 585 ﬁdem
900 527 1214 583 interfectos
1242 528 1308 583 ad
1355 544 1613 584 coronam
1646 544 1793 583 maro
1819 540 1865 594 Α
1892 534 2075 602 inepto
2105 546 2159 590 et
2188 535 2416 590 ridiculo
2459 535 2647 591 scribit
2674 535 2741 590 de
2776 535 2935 590 rebus
2968 533 3112 602 ﬁdei,
3156 534 3473 605 Gothosque

200 626 331 698 tyrii
380 623 715 687 sublimavit,
758 642 775 673 ι
807 631 913 676 etc.
963 620 1090 675 llaec
1150 620 1240 675 ille
1278 620 1462 684 refert,
1502 628 1788 690 postquam

195 720 423 773 dixerat
483 716 801 770 Gratianum
873 722 1112 767 creatum
1205 725 1326 765 esse
1380 712 1788 780 imperatorem.

193 813 465 863 Attamen
496 808 625 860 hinc
668 806 854 873 nequit
886 802 1100 867 inferri,
1134 803 1323 856 eodem
1356 818 1499 856 anno
1524 801 1648 863 367,
1678 816 1787 871 quo

194 907 500 959 Gratianus
536 904 709 958 factus
739 911 818 955 est
857 902 1173 969 imperator,
1219 910 1403 955 natam
1430 916 1551 955 esse
1583 916 1784 971 perse-

194 999 515 1061 cntionem;
570 997 660 1051 sed
721 995 893 1048 solum
957 1004 1192 1061 coeptam
1250 1008 1357 1044 non
1424 1006 1543 1045 esse
1601 992 1784 1045 multis

195 1092 361 1143 annis
412 1090 586 1142 serius
619 1104 631 1139 :
669 1085 892 1139 Orosius
922 1086 1067 1138 enim
1118 1083 1327 1153 singula
1371 1098 1477 1135 non
1513 1081 1681 1135 refert
1714 1082 1781 1135 ad

194 1196 380 1235 annos
415 1178 828 1233 determinatos.
880 1177 957 1229 Ex
990 1175 1219 1227 laudatis
1255 1183 1378 1227 ante
1413 1172 1582 1226 sancti
1628 1172 1783 1226 Saba:

194 1272 353 1324 Actis
402 1278 610 1323 certum
685 1278 789 1332 est,
843 1265 1278 1335 persecutionem
1346 1264 1579 1332 viguisse
1639 1278 1785 1317 anno

192 1364 324 1423 ΞΗ,
358 1372 413 1414 et
442 1362 551 1429 jam
610 1371 772 1413 antea
828 1360 996 1413 fuisse
1057 1369 1316 1428 emptam.
1378 1357 1489 1411 llac
1522 1357 1588 1411 de
1622 1370 1781 1410 causa

195 1448 521 1515 rniartyrium
570 1447 741 1500 sancti
794 1446 997 1501 Nieetze
1068 1446 1215 1501 circa
1269 1446 1520 1501 eumdem
1577 1460 1779 1498 annum

192 1539 302 1592 372
334 1538 608 1607 figendum
645 1539 856 1592 censui.

270 1630 358 1683 VI.
417 1629 644 1685 Occasio
684 1630 1083 1699 persecutionis
1126 1631 1179 1683 in
1228 1629 1379 1683 Actis
1419 1630 1685 1699 repetitur
1717 1644 1782 1684 ex

193 1722 537 1780 dissentionr
586 1722 911 1782 Gothorum,
959 1731 1013 1774 et
1050 1722 1211 1784 bello,
1260 1721 1402 1789 quod
1435 1733 1616 1774 ortum
1648 1722 1786 1775 dici-

196 1828 285 1869 tur
338 1816 483 1869 intcr
518 1815 790 1882 principes
813 1815 1040 1868 duarum
1094 1814 1348 1883 partium,
1388 1812 1779 1884 Phritigernem

1889 628 1999 697 jam
2043 637 2169 680 tunc
2201 627 2428 681 Arianos
2473 627 2620 687 facit.
2654 627 2779 696 quia
2814 642 2923 680 non
2968 628 3139 683 multo
3173 639 3293 697 post
3323 630 3470 684 illam

1897 720 2144 775 haeresim
2214 728 2344 772 sunt
2409 720 2636 784 amplexi
2685 735 2700 774 :
2747 728 2806 773 ut
2856 729 3041 773 narrat
3095 720 3472 776 Theodoretus

1894 825 2015 863 mox
2047 808 2368 871 laudamlus,
2405 809 2495 877 qui
2546 809 2600 862 id
2637 808 2866 877 Ulphilre
2894 808 3194 863 Gothorum
3231 810 3469 878 episcopi

1894 900 2130 969 perﬁdia:
2149 899 2414 954 attribuit.
2436 900 2565 965 Quae
2588 910 2767 954 autem
2800 900 3172 953 'l‘heodoretus
3189 902 3254 953 de
3285 900 3471 969 Ulphi-

1892 987 1956 1042 lc
1994 991 2345 1057 perversioue
2381 999 2666 1051 meruerat,
2719 990 2876 1056 longe
2914 989 3277 1055 probabiliora
3312 998 3468 1054 sunt,

1892 1097 2054 1150 quam
2083 1097 2202 1150 qua:
2233 1081 2298 1135 de
2321 1080 2511 1134 eodem
2543 1080 2759 1147 scripsit
2800 1079 3190 1149 Philostorgins
3216 1081 3467 1133 Arianns.

1893 1173 2029 1226 Nam
2071 1188 2194 1224 eum
2246 1172 2314 1225 ab
2369 1171 2603 1225 Eusebio
2651 1171 2910 1239 episeopo
2966 1171 3465 1238 (Niromediensem

1893 1262 2176 1316 insinuans
2217 1262 2472 1316 Arianum
2508 1268 2521 1325 )
2564 1262 2730 1315 fuisse
2793 1263 3127 1324 ordinatum,
3164 1262 3467 1321 Philostor-

1892 1355 2011 1425 gius
2062 1356 2157 1415 ait,
2215 1370 2426 1407 reuma
2473 1370 2618 1422 rege,
2668 1356 2759 1422 qui
2798 1364 2927 1407 tunc
2971 1355 3164 1408 Gothis
3215 1364 3463 1423 praeerat,

1890 1445 2098 1514 legatus
2131 1460 2235 1497 una
2292 1460 2414 1497 cum
2448 1446 2570 1497 aliis
2600 1446 2664 1497 ad
2718 1446 3100 1513 imperatorem
3148 1447 3466 1501 Constanti-

1893 1553 2019 1591 num
2073 1537 2269 1590 missus
2318 1547 2480 1590 esset.
2522 1556 2540 1587 ι
2592 1537 2964 1606 lmprobabilia
3003 1538 3116 1592 lucc
3152 1548 3297 1602 sunt,
3339 1541 3465 1607 quia

1895 1628 1975 1682 sic
2023 1626 2237 1695 Ulphila
2283 1625 2566 1680 Ordinatus
2596 1633 2742 1678 esset
2773 1633 2897 1677 ante
2934 1636 3160 1678 mortem
3200 1628 3466 1684 Constan-

1895 1721 2015 1784 tini,
2072 1736 2218 1773 anno
2271 1720 2371 1773 357
2432 1717 2697 1776 deluneti.
2749 1726 2801 1770 et
2850 1717 3069 1785 quidem
3116 1718 3182 1769 ab
3228 1717 3461 1771 Eusebio

1892 1812 2287 1865 Nicomediensi
2318 1810 2539 1865 Ariano.
2569 1812 2635 1863 At
2668 1825 2769 1863 nee
2800 1810 3091 1863 verisimile
3126 1820 3231 1870 est.
3268 1811 3463 1880 Dlphi-

198 1910 452 1964 videlicet
484 1917 535 1960 et
590 1908 999 1963 Athanaricum.
1038 1906 1091 1961 Si
1140 1908 1289 1963 Actis
1315 1909 1641 1963 credendum
1687 1910 1775 1970 sit,
1811 1874 1855 1933 Β
1888 1905 1990 1957 lam
2027 1914 2133 1957 tam
2160 1905 2269 1957 cito
2302 1904 2471 1957 fuisse
2500 1906 2837 1972 episcopum,
2872 1912 2962 1956 aut
3004 1903 3310 1955 ordinatum
3342 1916 3466 1954 esse

199 2003 567 2071 Phritigernes
600 2000 701 2054 fuit
758 2002 993 2070 primum
1044 2000 1219 2056 vietus
1279 2002 1344 2055 ab
1412 2002 1776 2067 Athanarico;

192 2092 287 2145 Sed
321 2104 531 2160 postea,
583 2089 785 2144 findere
833 2090 969 2144 inito
998 2106 1121 2145 cum
1162 2091 1402 2157 Valente,
1464 2092 1621 2161 hujus
1652 2094 1780 2145 sub-

194 2186 334 2237 sidio
367 2185 559 2240 vietor.
600 2183 807 2236 Similia
840 2184 1002 2237 habet
1031 2184 1386 2247 Sozomenus,
1424 2183 1517 2237 lib.
1549 2199 1622 2237 vr.
1656 2199 1776 2252 cap.

190 2276 282 2337 37,
317 2279 386 2327 ita
440 2274 683 2326 scribens
722 2290 733 2324 :
779 2291 795 2322 ι
842 2271 993 2325 llaurl
1035 2273 1205 2327 multo
1263 2282 1404 2343 post,
1465 2282 1581 2325 orta
1637 2273 1778 2325 inter

189 2385 286 2420 eos
314 2372 329 2435 ί
354 2364 583 2432 Col/tos)
618 2364 906 2428 seditione,
940 2366 1076 2417 duas
1108 2366 1161 2418 in
1198 2376 1379 2434 partes
1417 2366 1576 2422 divisi
1607 2376 1733 2419 sunt
1760 2385 1771 2420 :

186 2472 421 2527 quarum
477 2456 631 2509 alteri
668 2456 1056 2520 Athanaricus,
1100 2456 1252 2508 alteri
1295 2468 1523 2524 praeerat
1572 2458 1776 2511 Phriti-

190 2567 415 2620 gerues.
478 2552 623 2617 Mox,
659 2550 949 2604 commisso
990 2550 1132 2603 inter
1190 2564 1283 2603 eos
1337 2550 1539 2618 pt'ielio,
1601 2550 1774 2603 virtus

186 2643 593 2713 Pliririgernes,
669 2640 1033 2697 Romanorum
1102 2642 1362 2695 auxilium
1443 2642 1771 2710 imploravit,

188 2732 345 2796 Quod
385 2746 511 2782 cum
551 2733 845 2799 imperator
883 2733 1263 2793 concessisset,
1306 2731 1664 2800 iussissetqne
1715 2742 1774 2785 ut

190 2822 410 2884 milites,
448 2821 537 2889 qui
570 2820 621 2873 in
667 2820 897 2873 Thracia
949 2835 1124 2886 erant,
1159 2823 1206 2875 ei
1248 2824 1504 2875 auxilium
1541 2824 1770 2886 ferrent,

187 2914 367 2965 denuo
407 2926 755 2979 congressus,
788 2911 1068 2963 victoriam
1105 2914 1308 2976 retulit,
1344 2925 1397 2965 et
1448 2914 1764 2968 Athanarici

188 3002 375 3069 copias
434 3000 488 3053 in
549 3001 728 3071 fugam
795 3003 975 3054 vertit.
1041 3005 1360 3056 iHaetenus
1415 3002 1769 3068 Sozomenns,

186 3094 392 3147 addens
420 3107 482 3145 ea
513 3094 815 3157 occasione,
849 3093 1240 3163 Phritigernem
1274 3110 1394 3147 cum
1418 3094 1627 3163 lllphila
1655 3095 1774 3164 epi-

184 3198 352 3253 scopo
375 3200 438 3238 ac
463 3186 692 3238 subditis
713 3188 823 3237 suis
842 3202 868 3236 ει
895 3183 1112 3239 Valente
1137 3186 1200 3236 ad
1228 3186 1482 3236 Ariauatn
1510 3188 1761 3239 haeresim

187 3278 521 3331 traductum.
566 3274 762 3326 Verum
796 3275 1028 3343 scriptor
1061 3275 1147 3327 ille
1192 3275 1305 3327 haec
1335 3276 1515 3327 omnia
1551 3290 1756 3327 memo-

186 3377 267 3419 rat
302 3376 426 3434 post
479 3363 660 3431 pulsos
695 3364 762 3416 ab
797 3361 1007 3416 Hunnis
1049 3378 1079 3417 e
1109 3365 1329 3419 sedibus
1377 3366 1489 3419 suis
1531 3365 1757 3431 Gothos,

183 3458 273 3527 qui
313 3471 340 3507 a
378 3454 601 3507 Valente
631 3457 830 3524 recepti
866 3466 989 3510 sunt
1022 3457 1073 3508 in
1112 3455 1361 3511 Thracia.

258 3543 370 3597 VII.
439 3546 509 3596 At
548 3544 856 3613 persecutio
906 3545 1223 3598 Athanarici
1288 3546 1476 3607 saeviit,
1543 3547 1758 3613 quando

183 3636 343 3691 Gothi
405 3652 597 3691 omnes
650 3637 785 3689 ultra
846 3638 1041 3688 Istrum
1092 3637 1379 3706 degebant.
1429 3646 1486 3689 ut
1538 3647 1757 3692 sanctus

184 3731 523 3801 Augustinus
563 3744 683 3780 mox
730 3728 978 3781 laudatus
1030 3737 1276 3793 testatur,
1310 3730 1470 3799 idque
1500 3730 1661 3783 etiam
1699 3730 1761 3782 li-

183 3834 312 3890 quet
348 3836 412 3872 ex
449 3829 692 3889 tempore
744 3823 1139 3890 persecutionis
1186 3840 1280 3889 per
1333 3820 1579 3877 Orosium
1621 3824 1757 3875 assi-

184 3924 368 3983 gnato.
390 3913 653 3967 i’rmterea
678 3925 896 3968 sanctus
929 3914 1281 3982 Epiphanius,
1309 3915 1396 3983 qui
1421 3930 1485 3966 eo
1516 3925 1757 3981 tempore

184 4005 427 4065 ﬂorebat.
466 4023 630 4075 agens
673 4008 738 4059 de
792 4007 1095 4060 vehementi
1134 4008 1221 4060 illa
1273 4016 1650 4075 perseentlone
1702 4011 1755 4060 iu

182 4096 376 4151 haeresi
411 4098 477 4150 7t)
509 4099 902 4158 Audiauorum,
938 4115 1056 4168 cap.
1101 4101 1180 4163 l5,
1218 4101 1290 4154 ait
1327 4120 1344 4152 ε
1381 4102 1747 4155 Romanorum

184 4191 480 4260 przcsertim
508 4190 631 4244 odio
662 4211 680 4244 ι
714 4208 742 4245 a
776 4208 899 4260 rege
931 4192 1227 4247 Gothorum
1257 4206 1581 4247 eommotam
1610 4210 1755 4259 esse,

188 4304 206 4336 ι
233 4284 374 4354 quod
420 4282 692 4338 Romanos
727 4285 1078 4352 imperatores
1129 4286 1467 4339 Christianos
1517 4301 1637 4340 esse
1680 4288 1756 4338 vi-

184 4377 354 4427 deret.
396 4392 414 4421 ι
457 4374 993 4440 ltaqueverendum
1030 4384 1132 4438 est,
1191 4392 1260 4429 ne
1310 4376 1489 4445 aliqua
1548 4386 1652 4430 tam
1697 4378 1751 4431 in

185 4466 329 4517 Actis
358 4479 519 4532 quam
547 4465 689 4533 apud
724 4465 1085 4521 Sozomenutn
1117 4469 1185 4520 sit
1216 4469 1481 4533 confusio,
1518 4469 1751 4538 iudeqtte

1891 2009 2139 2067 tempore
2199 1996 2543 2051 Constantini
2598 1996 2665 2049 ab
2722 1997 2942 2048 homine
2990 1996 3208 2054 Ariano,
3246 1992 3465 2060 quando

1883 2089 2545 2157 Coustautinopolitanam
2597 2086 2783 2141 sedent
2816 2087 3100 2140 obtinebat
3131 2086 3186 2139 S.
3220 2086 3460 2140 Alexan-

1878 2184 1976 2235 der
2028 2180 2387 2235 Goustantino
2452 2178 2747 2250 gratiosus.
2825 2178 3009 2247 Itaque
3061 2178 3313 2246 ﬁgmenta
3374 2177 3464 2232 illa

1879 2283 2007 2327 sunt
2063 2272 2431 2339 Philostorgii,
2488 2272 2540 2322 in
2593 2272 2819 2339 gratiam
2880 2272 3201 2327 Arianorum
3238 2286 3461 2326 suorum

1878 2379 1981 2417 nou
2004 2378 2124 2415 raro
2145 2363 2272 2415 falsa
2296 2360 2603 2414 scribentis.
2623 2360 2786 2413 Valde
2803 2362 2961 2413 etiam
2982 2364 3271 2424 incertum,
3292 2371 3344 2413 et
3363 2362 3461 2415 mi-

1876 2472 1977 2510 nus
2012 2455 2289 2524 probabile
2318 2463 2420 2515 est,
2446 2453 2588 2521 quod
2620 2452 2805 2506 scribit
2833 2452 2899 2505 de
2935 2451 3147 2519 Ulphila
3179 2452 3457 2517 Socrates,

1876 2547 1968 2598 lib.
1998 2562 2056 2608 ιι,
2089 2562 2207 2612 cap.
2242 2546 2331 2607 41,
2361 2560 2486 2597 enm
2519 2544 2689 2597 fuisse
2722 2545 2772 2596 in
2808 2545 3037 2598 concilio
3066 2543 3457 2598 Constantino-

1876 2639 2115 2707 politano
2145 2652 2289 2689 anno
2341 2636 2465 2697 560,
2501 2637 2592 2689 ubi
2647 2638 2827 2689 Ariani
2862 2654 3056 2689 novam
3092 2638 3457 2692 condiderunt

1876 2729 1996 2782 fidei
2030 2728 2337 2792 formulam,
2373 2728 2461 2781 cui
2497 2726 2711 2796 Ulphila
2743 2737 2870 2781 tunc
2894 2730 3278 2782 consensisset.
3310 2730 3456 2783 Idem

1878 2832 2054 2875 tamen
2119 2822 2281 2877 habet
2328 2819 2693 2873 Sozomenus.
2726 2820 2819 2872 lib.
2850 2836 2922 2881 ιν,
2956 2835 3073 2889 cap.
3130 2820 3221 2873 (ξι.
3260 2824 3327 2872 At
3362 2821 3454 2875 hic

1875 2912 1970 2966 lib.
2003 2929 2074 2972 vt,
2106 2928 2225 2979 cap,
2252 2911 2338 2970 37,
2371 2911 2669 2971 existimat,
2708 2911 3082 2979 imprudenter
3131 2911 3333 2965 factum
3385 2914 3454 2965 ab

1878 3001 2122 3068 Ulpliila,
2173 3002 2262 3069 qui
2322 3000 2519 3068 inquit,
2562 3019 2578 3048 ο
2613 3018 2735 3053 eum
2787 3003 3056 3069 θρίω-(ιρις
3110 3004 3451 3057 Mea-norunt

1874 3094 2092 3148 Patrum
2152 3096 2367 3148 decreta
2419 3096 2755 3150 sectantibus
2807 3098 3215 3151 communicare
3264 3112 3452 3167 persc-

1875 3189 2101 3241 verat-it.

1943 3275 2031 3328 IX.
2073 3276 2343 3343 Quidquid
2374 3290 2535 3343 porro
2573 3277 2642 3327 sit
2680 3277 2747 3330 de
2792 3276 2948 3330 factis
2978 3278 3185 3346 aliquot
3216 3278 3457 3347 particu-

1871 3366 2075 3421 laribus
2110 3367 2359 3435 Ulphilec,
2402 3383 2429 3420 a
2482 3368 2679 3437 quibus
2710 3368 2841 3421 lides
2874 3367 3173 3421 Gothomm
3206 3386 3310 3423 non
3345 3372 3446 3424 dc-

1870 3462 2063 3529 pendet
2086 3476 2100 3525 ;
2121 3460 2569 3524 eoustatGothos,
2596 3462 2685 3517 diu
2717 3472 2842 3516 ante
2863 3472 3073 3532 tempus
3105 3463 3170 3516 de
3195 3479 3303 3533 quo
3332 3464 3450 3535 ag’i-

1872 3565 1976 3614 tur,
2025 3554 2187 3605 fuisse
2227 3568 2538 3616 conversos,
2592 3570 2653 3608 ac
2700 3555 2999 3609 Gothorum
3038 3558 3435 3625 ntetropolitam

1868 3643 2226 3715 Theophilum
2251 3650 2300 3700 itt
2319 3648 2541 3701 Consilio
2557 3645 2769 3701 Niczeuo
2789 3648 2952 3701 fuisse
2973 3665 3114 3702 anno
3134 3650 3450 3718 325.1taqtte

1870 3738 2029 3793 Gothi
2060 3742 2261 3793 dudum
2298 3741 2590 3793 Christiani
2626 3752 2780 3793 erant
2812 3752 2865 3795 et
2895 3742 3198 3803 Catholici;
3254 3744 3347 3795 sed
3379 3742 3449 3796 ad

1874 3834 2150 3902 perlidiam
2188 3832 2415 3886 traducti
2447 3842 2573 3885 sunt
2601 3848 2629 3885 a
2662 3833 2886 3887 Valente
2915 3836 3056 3888 circa
3089 3851 3288 3888 auntnu
3320 3835 3444 3897 376,

1865 3924 2079 3991 quando
2125 3924 2259 3989 pulsi
2308 3925 2374 3977 ab
2428 3924 2659 3985 lluunis,
2722 3925 3019 3992 petierunt,
3058 3930 3309 3981 ut'sedes
3346 3927 3447 3982 sibi

1868 4020 2029 4085 figere
2062 4018 2249 4069 liceret
2291 4018 2430 4068 intra
2469 4019 2665 4071 limites
2705 4018 2929 4071 Romam
2973 4018 3208 4086 imperii.
3256 4019 3451 4073 Obser-

1868 4123 1955 4163 vat
1989 4112 2087 4163 hoc
2121 4111 2480 4171 Sozomenns,
2515 4112 2605 4179 qui
2644 4112 2779 4163 alias
2814 4113 3090 4165 Socratem
3132 4113 3329 4179 passim
3366 4113 3446 4165 ni-

1869 4203 1969 4254 mis
2010 4211 2286 4270 sequitur;
2348 4205 2603 4270 additque
2652 4204 2716 4256 de
2747 4212 3008 4271 episeopo
3049 4203 3349 4257 Gothorum
3386 4204 3438 4257 in

1863 4292 2332 4346 conﬁrmationem
2391 4294 2671 4361 sequentia
2728 4294 2917 4347 verba.
2979 4293 3159 4346 «Nam
3196 4293 3438 4363 Ulplnla,

1864 4385 1956 4454 qui
1996 4394 2125 4439 tunc
2154 4386 2295 4451 apud
2337 4386 2481 4453 ipsos
2526 4396 2641 4439 erat
2679 4386 2987 4453 episeOpus,
3024 4388 3177 4439 initio
3211 4388 3429 4453 quidem

1866 4479 2009 4531 nulla
2062 4479 2113 4530 in
2165 4485 2315 4546 parte
2349 4480 2613 4531 dissensit
2666 4481 2732 4531 ab
2777 4479 3014 4536 Ecclesia
3054 4479 3357 4533 Catholica.
3416 4500 3435 4532 ι

184 4572 468 4626 perperam
492 4558 759 4627 assiguata
790 4560 1177 4625 persecutionis
1202 4576 1384 4614 causa.
1420 4562 1553 4615 Nam
1590 4563 1757 4614 Atha-

1876 4570 1983 4623 l‘lox
2020 4572 2219 4633 subdit,
2277 4570 2565 4639 L'lplnlam,
2615 4572 2766 4641 quia
2800 4569 2993 4626 Gothis
3040 4574 3103 4625 ad
3154 4572 3435 4625 Valentem

186 4652 403 4705 naricus
443 4660 569 4703 ante
625 4654 1059 4719 persecutionem
1096 4665 1282 4707 contra
1326 4653 1602 4707 Valentem
1641 4669 1759 4724 ges~

184 4743 253 4795 sit
272 4743 492 4803 bellum,
516 4743 583 4794 ab
603 4759 775 4811 eoque
798 4744 969 4798 victus
992 4758 1071 4798 est
1098 4762 1240 4799 anno
1279 4747 1402 4811 560,
1434 4748 1575 4800 circa
1597 4763 1756 4815 quem

185 4837 433 4891 inchoata
487 4845 569 4889 est
615 4839 941 4905 persecutio,
989 4838 1171 4891 forsan
1215 4840 1375 4892 simul
1434 4857 1497 4895 ac
1536 4838 1755 4901 Valens,

183 4928 383 4981 sancita
424 4944 575 4995 pace,
609 4942 731 4982 cum
768 4931 1005 4984 exercitu
1042 4930 1285 4983 Romano
1316 4939 1633 4983 recesserat.
1674 4933 1754 4981 An

183 5035 307 5073 vero
355 5018 520 5073 etiam
561 5032 689 5075 ante
737 5021 786 5073 id
839 5032 1053 5093 tmupus
1077 5022 1451 5089 Phritigernes
1502 5030 1555 5074 et
1588 5020 1756 5072 Atha-

183 5113 399 5166 naricus
453 5112 595 5165 bello
648 5116 995 5172 certaverint.
1050 5131 1158 5168 non
1214 5118 1351 5171 adeo
1387 5127 1593 5169 eertmn
1646 5122 1751 5176 est,

183 5203 301 5254 licet
338 5204 440 5256 hoc
486 5204 647 5257 etiam
691 5206 888 5259 habeat
913 5207 1183 5273 Socrates,
1216 5210 1306 5261 lib.
1348 5225 1419 5269 IV,
1446 5222 1564 5273 cap.
1600 5206 1690 5260 53.

252 5290 388 5344 Vlll.
450 5293 723 5360 Quidquid
791 5296 881 5360 sit,
942 5310 1156 5352 constat
1219 5299 1284 5352 de
1335 5298 1750 5366 persecutione;

182 5391 499 5450 constatque
565 5386 811 5450 ulterius,
876 5405 994 5444 eam
1049 5391 1217 5445 fuisse
1272 5403 1491 5453 motam,
1534 5392 1750 5460 quando

183 5474 339 5527 Gothi
378 5488 532 5530 erant
582 5481 860 5543 catholici,
906 5494 964 5535 ut
998 5486 1251 5539 observat
1289 5497 1509 5539 sanctus
1566 5489 1749 5551 Augu-

186 5568 382 5626 stinus,
434 5576 490 5620 et
526 5569 693 5636 liquet
740 5588 803 5625 ex
850 5584 1089 5643 tempore
1135 5594 1241 5645 quo
1281 5580 1345 5631 ad
1379 5579 1745 5629 Ariauisutum

184 5657 407 5714 traducti
460 5668 588 5712 sunt
626 5660 811 5717 Gothi.
857 5663 1111 5721 Socrates
1160 5669 1378 5735 quidem
1416 5667 1645 5729 Gorhos,
1678 5667 1746 5719 ab

184 5752 505 5805 Athanarico
542 5752 771 5818 occisos,
808 5758 968 5811 simul
1003 5770 1055 5812 et
1093 5760 1319 5814 Ariauos
1364 5761 1491 5815 facit
1524 5772 1578 5813 et
1606 5760 1744 5813 Mar-

182 5852 320 5909 tyres
363 5858 372 5892 :
419 5842 513 5896 sed
559 5844 785 5915 scriptor
860 5849 947 5903 ille
999 5852 1307 5919 frequenter
1362 5856 1520 5909 modo
1583 5856 1740 5924 plane

1864 4662 2071 4729 legatos
2111 4675 2226 4717 erat
2276 4665 2493 4726 missus,
2534 4664 2817 4731 promissis
2864 4667 3188 4721 Artanorurn
3222 4666 3438 4735 episco-

1864 4773 2052 4824 porum
2086 4773 2205 4810 esse
2246 4770 2559 4825 corruptum
2572 4798 2583 4809 .

1931 4849 1995 4899 Χ.
2035 4846 2230 4900 Verum
2264 4849 2551 4902 audiamus
2583 4849 3009 4909 Theodoretunt,
3055 4852 3121 4905 de
3167 4850 3252 4904 his
3296 4851 3436 4905 scri-

1860 4941 2099 5001 bentem,
2131 4940 2223 4993 lib.
2257 4958 2327 4997 tv.
2358 4957 2477 5008 cap.
2503 4944 2588 4996 57.
2623 4943 2711 4995 ubi
2753 4945 2829 4997 sic
2863 4946 3020 4998 habet
3054 4960 3071 4997 :
3103 4962 3121 4994 ι
3146 4944 3265 5008 Quo
3294 4954 3434 4997 lem-

1859 5046 1988 5100 pore
2019 5031 2175 5084 Gothi
2215 5031 2409 5083 Istrum
2447 5032 2797 5099 trajicientes,
2836 5036 3011 5089 lanius
3038 5052 3162 5088 cum
3204 5035 3430 5091 Valente

1858 5133 2259 5190 percusserunt,
2302 5124 2698 5178 aboruinandns
2741 5126 2827 5178 ille
2865 5126 3141 5179 Eudoxius
3184 5125 3430 5193 (verisi-

1857 5212 2055 5263 tuiliter
2108 5212 2386 5280 legendum
2429 5212 2681 5276 Euzoius,
2725 5216 2816 5281 qui
2855 5217 3178 5268 Arianorum
3214 5218 3429 5281 episco-

1856 5316 1953 5370 pus
1994 5312 2108 5354 erat
2155 5305 2478 5365 Antiochiae,
2528 5306 2615 5359 ubi
2672 5316 2798 5359 tunc
2846 5307 3030 5360 valens
3059 5307 3427 5375 degrhatmui

1856 5405 1983 5447 lllllC
2019 5394 2226 5454 aderat,
2282 5398 2545 5464 suggessit
2601 5398 2935 5463 ituperateri.
2988 5401 3423 5466 persuadendum

1852 5502 1969 5539 esse
1995 5485 2205 5548 Gothis,
2229 5499 2284 5539 ut
2306 5505 2427 5541 cum
2453 5490 2570 5555 ipso
2612 5493 3101 5544 (onununiearent.
3141 5494 3270 5545 Nam
3298 5510 3422 5547 ettm

1852 5580 1942 5633 diu
1982 5590 2137 5633 antea
2163 5581 2359 5634 divina}
2391 5582 2713 5654 cognitionis
2743 5585 2906 5637 radiis
2936 5582 3185 5637 illustrati
3216 5598 3419 5650 essent,

1850 5671 1901 5723 in
1918 5672 2207 5739 apostolica
2231 5674 2474 5727 doetrim
2492 5687 2705 5743 semper
2729 5676 2941 5729 fuerant
2970 5677 3239 5737 innotriti.
3258 5676 3418 5744 Quip-

1850 5779 1933 5833 pe,
1952 5765 2127 5817 aiebat
2147 5766 2438 5823 Eudoxius.
2458 5768 2615 5821 unius
2628 5770 2891 5839 dogmatis
2904 5772 3212 5823 eonttnunio
3230 5788 3415 5839 pacem

1851 5857 2137 5911 firmiorem
2172 5856 2361 5916 eniciet
2427 5857 2577 5923 Quod
2614 5862 2897 5917 consilium
2924 5878 3041 5916 cum
3067 5863 3414 5929 approbasset
