3970 6482
516 392 625 457 703

1760 394 2044 454 MENSIS
2078 392 2553 452 SEPTEMBER.

3675 376 3787 441 τοι

518 512 731 571 Valens,
768 508 1123 577 optimatibus
1142 509 1447 566 Gothorum
1474 514 1776 581 preposuit.
1805 524 1864 569 ut
1906 515 1959 569 in
1996 515 2094 569 do-
2126 525 2169 575 Α
2201 520 2325 566 nata
2355 520 2459 575 est,
2492 523 2653 579 quam
2694 522 2759 562 ex
2792 505 2911 560 solo
2961 500 3344 571 Metaphrastis
3376 496 3641 552 nomine:
3674 511 3784 548 non

514 602 688 655 ctrina
704 600 828 656 ﬁdei
847 618 968 655 cum
990 602 1105 670 ipso
1125 604 1594 659 conscntirent.At
1612 605 1682 658 illi
1697 606 2097 675 responderunt

517 709 813 761 numquam
852 709 907 747 se
957 695 1149 749 adduci
1186 711 1370 764 posse,
1403 705 1461 750 ut
1505 710 1535 749 a
1568 697 1831 765 majorum
1872 712 2094 751 suorum

515 788 761 843 doctrina
795 788 1156 841 discederent.
1203 788 1371 842 Porro
1417 804 1479 842 ea
1517 798 1838 857 tempestate
1876 788 2097 855 Ulphila

522 880 687 932 totius
746 879 922 946 gentis
975 889 1095 931 erat
1153 880 1460 948 episcopus,
1516 895 1723 947 magna»
1776 879 1916 945 apud
1978 878 2099 933 illos

516 970 877 1031 auctoritatis,
910 983 963 1021 et
1006 970 1161 1032 cuius
1191 970 1350 1024 verba
1384 986 1481 1039 pro
1516 970 1846 1023 firmissimis
1886 970 2096 1039 legihus

518 1060 811 1113 habebant.
853 1058 1005 1112 Hunc
1063 1060 1341 1114 Eudoxius
1378 1077 1501 1115 cum
1549 1069 1605 1114 et
1655 1060 1837 1113 verbis
1887 1060 2099 1114 demul-

516 1153 698 1211 sisset,
746 1162 795 1203 et
830 1152 1148 1206 muneribus
1203 1152 1482 1209 illexisset.
1535 1168 1601 1207 eo
1632 1152 1863 1221 impulit,
1899 1162 1957 1206 ut
1986 1151 2096 1207 Go-

519 1242 640 1295 thos
683 1243 747 1294 ad
780 1243 1224 1297 communionem
1280 1242 1629 1309 imperatoris
1669 1242 2094 1310 amplectendam

516 1331 829 1383 adduceret.
861 1331 917 1383 Id
939 1343 1117 1384 autem
1174 1332 1466 1399 persuasit,
1516 1346 1639 1385 cum
1691 1332 1923 1393 diceret,
1966 1348 2099 1386 con-

515 1423 814 1473 tentionem
858 1438 919 1475 ex
975 1422 1271 1475 ambitione
1324 1432 1496 1475 ortam
1560 1436 1715 1486 esse;
1785 1423 2095 1492 dogmatum

515 1525 644 1562 vero
666 1509 868 1564 nullam
890 1527 1008 1565 esse
1032 1512 1478 1579 discrepantiam.
1495 1512 1610 1567 iSic
1635 1512 1859 1580 Ulphila:
1875 1512 2098 1581 perﬁdia

514 1606 654 1658 circa
690 1622 893 1660 annum
925 1608 1029 1659 376
1059 1608 1126 1661 ad
1172 1607 1417 1659 haaresim
1460 1605 1709 1674 perducti
1754 1614 1881 1657 sunt
1912 1601 2095 1655 Gothi.

588 1695 680 1753 XI.
717 1698 869 1760 Quod
920 1706 1127 1764 spectat
1166 1697 1230 1751 ad
1263 1697 1392 1749 Acta
1440 1695 1626 1749 Graeca
1659 1695 1828 1748 sancti
1877 1694 2097 1757 Nicetaa,

518 1794 793 1841 auctorem
849 1804 912 1841 ea
947 1788 1149 1842 habent
1189 1788 1630 1856 Metaphrastem,
1671 1786 1761 1854 qui
1818 1788 2095 1843 verisimi-

2197 610 2341 661 enim
2380 604 2620 666 invenio,
2654 602 2785 672 quid
2815 613 3144 669 magquere
3184 595 3475 664 displicere
3515 592 3691 660 possit
3728 591 3783 643 in

2198 696 2346 749 Actis
2372 694 2545 749 sancti
2596 693 2794 747 Niccta:
2830 701 3024 760 prater
3067 688 3247 756 aliqua
3290 685 3356 737 ad
3399 694 3649 737 sanctum
3698 682 3784 735 vis

2198 789 2520 857 spectantia,
2546 797 2601 840 et
2627 786 2972 840 occasionem
3003 779 3407 851 persecutionis
3439 774 3783 837 Athanarici,

2201 879 2475 947 bujusque
2511 888 2697 932 contra
2735 876 3127 945 Phritigernem
3170 873 3393 933 bellum,
3428 870 3577 938 quod
3605 877 3784 919 tamen

2198 970 2359 1023 etiam
2386 970 2586 1024 habent
2629 968 2885 1022 Socrates
2929 975 2984 1020 et
3021 964 3377 1018 Sozomeuus.

2247 1062 2368 1117 XII.
2392 1063 2639 1115 Fortasse
2655 1060 2869 1118 Valens.
2891 1057 3178 1127 instigante
3198 1054 3564 1122 Phritigerne,
3585 1050 3789 1104 bellum

2197 1164 2385 1208 contra
2406 1153 2789 1207 Athanaricum
2822 1150 3061 1215 suscepit
3091 1166 3104 1200 :
3136 1148 3385 1216 quamvis
3410 1146 3541 1197 illud
3567 1157 3789 1214 quoque

2199 1242 2395 1298 fecisse
2423 1244 2651 1311 legatur,
2686 1242 2810 1310 quia
2845 1242 3210 1295 Athanaricus
3243 1238 3513 1305 Procopio
3548 1248 3789 1303 tyranno

2200 1334 2438 1388 subsidia
2480 1342 2668 1387 contra
2718 1332 2994 1385 Valentem
3044 1331 3282 1383 miscrat.
3324 1328 3583 1380 Fortasse
3621 1325 3793 1378 Atha-

2200 1426 2419 1479 naricus
2454 1424 2850 1494 Phritigernem
2872 1439 3157 1493 aggressus
3182 1432 3260 1476 est
3297 1429 3415 1489 post
3442 1434 3633 1487 pacem
3663 1433 3789 1468 cum

2200 1512 2424 1567 Valente
2476 1513 2694 1567 factam.
2754 1512 3030 1579 Quidquid
3066 1512 3156 1574 sit,
3203 1511 3427 1563 dubium
3484 1506 3657 1576 magis
3708 1516 3793 1557 est

2200 1606 2341 1659 istud
2374 1605 2594 1669 bellum,
2625 1620 2783 1673 quant
2819 1614 2969 1659 Certo
3004 1602 3272 1657 fictilium.
3294 1600 3525 1668 Reliqua
3552 1602 3604 1650 in
3641 1601 3790 1651 Actis

2202 1698 2369 1751 relata
2395 1700 2462 1749 de
2489 1708 2679 1751 sancto
2708 1695 2916 1759 Niceta,
2972 1697 3100 1749 licet
3162 1704 3265 1747 tam
3316 1703 3464 1745 certa
3519 1708 3627 1745 nun
3653 1693 3790 1754 sint,

2201 1802 2361 1856 quam
2415 1786 2553 1840 facta
2598 1787 2666 1840 ab
2716 1795 2941 1839 auctore
2962 1790 3503 1852 comteinpurataneo
3559 1784 3789 1847 scripta,

516 1873 638 1928 liter
676 1876 865 1931 habuit
904 1878 1036 1931 Acta
1080 1878 1407 1942 antiquiora,
1440 1892 1560 1945 quae
1598 1879 1663 1930 ad
1695 1877 1889 1948 stylum
1936 1896 2094 1935 suum
2131 1856 2167 1908 Β
2200 1878 2361 1930 modo
2414 1878 2544 1930 satis
2592 1877 2871 1930 verisimili
2918 1886 3045 1929 sunt
3080 1885 3353 1928 enarrata.
3410 1875 3544 1924 Acta
3594 1884 3783 1923 autem

518 1966 773 2018 traduxit.
836 1967 1023 2018 Latine
1073 1967 1218 2020 edita
1271 1977 1399 2020 sunt
1453 1970 1595 2037 apud
1635 1969 1994 2037 Lipomanum
2046 1983 2100 2028 et
2196 1968 2283 2021 illa
2315 1968 2522 2030 Graeca,
2556 1983 2673 2036 qua:
2705 1966 2917 2026 eadem.
2946 1967 2996 2018 in
3024 1965 3337 2034 apographo
3371 1967 3557 2017 nostro
3590 1973 3793 2016 notan-

518 2054 765 2123 Surium,
798 2057 979 2125 ibique
1014 2058 1363 2127 Alt-taphrasti
1410 2062 1665 2128 ascripta.
1706 2060 1932 2115 Allatius
1962 2080 2101 2132 quo-

517 2162 622 2215 que
662 2148 715 2202 in
750 2147 1025 2217 Opusculn
1059 2153 1122 2205 de
1166 2151 1483 2205 Simeonum
1531 2152 1771 2221 scriptis,
1817 2171 1937 2225 pag.
1978 2157 2101 2221 l27,

523 2237 719 2290 horum
766 2240 1023 2293 Actoi‘um
1055 2240 1146 2293 dat
1188 2240 1427 2305 initium,
1467 2252 1826 2311 aggregatque
1862 2246 2105 2314 catalogo

524 2329 763 2392 illorum,
793 2348 910 2399 qua!
951 2331 1335 2399 Metaphrastis
1365 2348 1486 2385 esse
1528 2334 1803 2389 videntur.
1850 2331 2106 2391 Bailletus

520 2418 574 2471 in
617 2421 791 2473 tabula
833 2422 1013 2475 critica
1049 2422 1115 2474 ad
1153 2424 1296 2473 hunc
1329 2421 1471 2475 diem
1514 2423 1791 2487 observat,
1825 2425 1928 2477 alia
1964 2427 2099 2480 olim

521 2512 653 2563 Acta
696 2512 865 2563 sancti
910 2510 1110 2565 lNicetes
1136 2511 1429 2574 exstitisse,
1458 2511 1553 2564 sed
1585 2526 1647 2563 ea
1694 2520 1947 2579 tanquam
1985 2529 2109 2582 per—

523 2600 636 2653 dita
683 2601 869 2654 haberi
929 2617 1107 2669 posse,
1164 2610 1447 2671 postquam
1505 2602 1594 2654 illa
1630 2618 1730 2657 suo
1778 2606 1914 2673 stylo
1944 2620 2104 2658 exor-

525 2692 705 2747 nanda
757 2695 993 2761 suscepit
1041 2695 1461 2763 Metaphrastes.
1510 2692 1711 2749 Verum
1750 2698 1901 2764 justo
1942 2700 2107 2753 vehe-

524 2783 758 2837 mentior
783 2784 998 2839 videtur
1020 2784 1135 2841 lucc
1160 2801 1413 2852 censura,
1433 2801 1552 2856 qua:
1583 2786 1720 2842 forte
1744 2804 1852 2842 non
1884 2789 2103 2843 aliunde

2204 2067 2291 2111 tur
2323 2060 2606 2127 desumpta
2661 2074 2726 2112 ex
2772 2059 2958 2110 codice
2990 2071 3093 2110 ms.
3128 2057 3268 2125 regis
3302 2054 3563 2108 Frauci:e.
3621 2053 3792 2105 Inter-

2201 2150 2432 2219 pretatio
2461 2148 2649 2204 Latina
2680 2149 2821 2218 apud
2855 2148 3216 2219 Lipomanum
3254 2154 3309 2199 ct
3346 2145 3565 2197 Surium
3602 2146 3794 2197 Graeco

2203 2242 2484 2297 contextui
2559 2243 2878 2311 plerumque
2941 2240 3254 2308 reSpondet,
3304 2253 3413 2291 non
3485 2244 3669 2288 tamen
3724 2236 3793 2286 ita

2207 2348 2425 2403 semper
2471 2345 2554 2387 est
2604 2344 2875 2395 accurata,
2915 2342 2973 2385 ut
3024 2340 3257 2400 nequeat
3302 2329 3604 2382 emendari.
3661 2325 3793 2380 Nam

2203 2426 2433 2479 subinde
2468 2426 2647 2495 aliqua
2681 2426 2841 2478 verba
2891 2439 3114 2495 prorsus
3160 2422 3349 2476 Latine
3395 2431 3523 2473 sunt
3565 2421 3791 2477 omissa,

2205 2532 2327 2588 qum
2379 2521 2682 2572 secundum
2743 2518 2927 2573 Graeca
2976 2518 3286 2586 adjungam.
3343 2513 3524 2567 Semel
3596 2513 3793 2564 iterum

2204 2611 2481 2678 interpres
2514 2625 2542 2662 a
2588 2627 2712 2663 vero
2748 2626 2915 2664 sensu
2949 2611 3233 2662 aberrasse
3264 2608 3517 2669 videtur;
3566 2606 3797 2671 ideoque

2211 2714 2395 2752 veram
2428 2699 2933 2769 interpretationem
2980 2698 3331 2752 substituam.
3366 2706 3581 2749 servata
3613 2705 3791 2748 tamen

2211 2792 2433 2861 antiqua
2468 2793 2737 2854 versione,
2784 2792 3111 2861 ubicumque
3146 2790 3420 2844 videbitur
3453 2788 3726 2859 legitima.

1741 3123 2557 3241 ΑΘΛΗΣΙΣ

1973 3343 2110 3397 ΤΟΥ
2156 3346 2361 3400 ΑΠοΥ

952 3512 2565 3649 ΜΕΓΑΑΟΜΑΡΤΥΡΟΣ
2694 3507 3383 3642 ΝΙΚΗΤΑ.

1765 3924 2539 4042 CERTAMEN

2044 4143 2315 4205 SANCTI

532 4346 783 4497 ET
981 4334 1599 4497 MAGNI
1794 4282 2788 4494 MARTYRIS
2978 4337 3791 4494 NICET/E.

606 4815 654 4865 ι.
700 4803 960 4861 Victricia
1017 4804 1272 4872 martyris
1312 4801 1518 4859 Nicetaa
1566 4804 1729 4858 hodie
1779 4802 2108 4860 celebramus

2294 4807 2371 4858 A'.
2404 4805 2734 4873 Νικητικοῦς
2766 4804 2983 4872 ἀγῶνας
3012 4802 3103 4857 τοῦ
3133 4802 3412 4874 μάρτυρος
3438 4800 3659 4871 Νικήτα
3693 4819 3801 4856 πα-

535 4896 852 4960 certamina,
880 4908 990 4947 non
1021 4910 1181 4961 quem
1217 4893 1475 4963 princeps
1515 4894 1890 4962 apostolorum
1925 4891 2120 4949 Petrus

534 4989 758 5049 erudiit.
808 4995 862 5043 et
919 4988 1009 5057 qui
1044 4986 1339 5041 Clementis
1378 4986 1477 5042 fuit
1537 4987 1702 5043 frater
1742 4988 1839 5058 (I),
1878 4998 1932 5041 et
1960 5004 2119 5056 quem

533 5078 866 5133 Commodus
898 5088 1163 5149 tyrannus
1203 5084 1422 5145 propter
1463 5076 1740 5135 Christum
1794 5079 1942 5132 illato
1989 5092 2121 5131 con-

534 5171 831 5225 summavit
855 5170 1132 5239 martyrio.
1163 5165 1278 5222 Non
1320 5171 1701 5233 convenimus,
1746 5178 1802 5222 ut
1831 5169 1991 5231 hujus
2023 5183 2116 5222 cc-

510 5260 815 5315 -|ebremus
858 5258 1158 5313 certamina
1199 5257 1338 5312 :sed
1369 5271 1533 5327 quem
1562 5257 1748 5326 (quod
1792 5256 1856 5311 ad
1904 5257 2117 5311 laudent

612 5464 688 5530 (l)
712 5461 771 5515 In
824 5462 1073 5515 versione
1109 5458 1299 5530 Latina
1334 5460 1527 5528 legitur
1566 5461 1767 5520 socius;
1814 5459 1907 5514 sed
1947 5458 2133 5515 Grreca

539 5527 752 5603 phrasis
768 5532 913 5603 clare
946 5530 1163 5603 fratrem
1188 5527 1470 5603 signiﬁcat.
1501 5530 1765 5603 lneadcm
1794 5532 2043 5603 versione
2068 5531 2134 5584 ad

546 5599 752 5655 nomen
798 5601 1093 5654 Clementis
1138 5600 1353 5654 additur
1384 5618 1399 5654 :
1428 5599 1728 5660 Pontificis,
1760 5602 1903 5665 quod
1949 5599 2131 5655 Graeca

546 5689 652 5725 non
686 5672 906 5724 habent.
929 5671 987 5725 In
1010 5669 1489 5739 Recoguitionibus
1520 5668 1576 5721 S.
1615 5668 1907 5739 Cletnentis
1940 5686 2133 5723 occur-

554 5750 683 5795 runt
709 5741 892 5794 Niceta
926 5750 981 5794 et
1025 5737 1240 5809 Aquila,
1286 5749 1540 5807 tanquam
1568 5738 1624 5793 S.
1649 5737 1947 5809 Clementis
1987 5756 2135 5807 papae

561 5811 771 5867 fratres.
807 5810 876 5865 At
930 5810 1050 5866 libri
1090 5808 1559 5882 ’Recognitionum
1614 5808 1989 5865 auctoritatem
2026 5828 2131 5865 non

2220 4897 2586 4965 νηγυρίζομεν
2620 4896 2858 4966 σήμερον
2887 4910 2903 4925 ⁶
2935 4896 3032 4966 οὐχ
3059 4895 3117 4951 ὃν
3155 4896 3184 4949 ὁ
3215 4896 3326 4948 τῶν
3357 4894 3677 4947 ἀποστόλων
3717 4912 3805 4948 κου

2220 4991 2449 5060 populo;
2498 4990 2700 5057 Πέτρος
2750 4987 3196 5056 enatam-{0371105,
3247 4986 3343 5039 καὶ
3390 4987 3627 5058 Κλήμης
3681 4988 3805 5054 Eax:

2220 5078 2475 5130 κοινωνὸν
2525 5078 2728 5129 ὠδίνων
2777 5078 2886 5130 τῶν
2940 5077 3241 5149 μητρικῶν,
3290 5076 3448 5147 ῥώμη
3512 5093 3572 5127 τε
3637 5076 3803 5146 προήο

2221 5184 2405 5233 νεγκε,
2440 5167 2534 5220 καί
2568 5168 2811 5235 Κόμοδος
2842 5168 3122 5238 τυραννῶν
3148 5167 3227 5237 τῷ
3256 5166 3345 5220 διὰ
3374 5164 3609 5235 Χριστὸν
3651 5181 3803 5217 τετε-

2214 5258 2409 5311 λείωκε
2454 5262 2737 5331 μαρτυρίῳ
2758 5277 2773 5292 θ
2822 5261 2883 5313 οὐ
2915 5261 3106 5313 τούτου
3140 5258 3235 5310 νῦν
3262 5258 3386 5319 τοὺς
3413 5254 3609 5321 ἄθλους
3635 5273 3805 5324 sta-m-

2238 5462 2467 5525 habent;
2494 5475 2669 5529 neque
2693 5460 2849 5515 video
2871 5459 3135 5529 Nicetan].
3167 5456 3205 5511 S
3229 5457 3527 5513 Clementis
3552 5456 3800 5520 fratrem.

2236 5533 2290 5584 in
2322 5528 2714 5601 MartyrolOgiis
2742 5530 2944 5585 Graecis
2968 5540 3053 5601 aut
3089 5528 3295 5584 Latinis
3322 5529 3617 5601 celebrari.
3653 5530 3804 5601 Forte

2234 5611 2421 5655 auctor
2464 5596 2543 5655 ne
2593 5596 2868 5653 insinuare
2928 5600 3144 5667 quidem
3196 5601 3383 5657 voluit.
3442 5598 3605 5651 talem
3664 5596 3801 5652 ullihi

2237 5671 2459 5794 reperliri
2503 5682 2788 5750 sanctum:
2832 5670 2927 5726 sed
2976 5672 3151 5727 solum
3207 5670 3412 5731 dicere,
3480 5670 3547 5724 de
3611 5671 3705 5723 tali
3756 5676 3805 5720 te

2237 5756 2343 5794 non
2402 5758 2548 5794 ouut.

2236 5756 2343 5797 non
2383 5756 2548 5812 toqut.
