3970 6486
167 428 275 489 709

1249 422 1716 489 MARTYRIUM
1760 421 1822 481 S.
1870 417 2163 479 NICETIE
2201 412 2464 477 GOTHl.

3312 404 3420 469 710

168 540 309 593 τέλει
350 541 771 610 κεκοσμημένον
797 557 810 571 ·
854 542 1113 610 ἠῦοὐλετο
1145 542 1254 612 γὰρ
1291 539 1610 614 ἀχωρίστως
1650 537 1749 589 αὑ-

1877 532 2168 603 ;itationes,
2195 542 2433 599 quonam
2464 522 2627 578 modo
2658 530 2843 592 posset
2872 532 3071 589 corpus
3107 517 3266 572 amici
3294 518 3430 571 acci-

167 630 260 683 τοῦ
290 631 458 700 ἔχειν,
496 634 569 694 ὡς
600 627 710 685 οἷόν
744 650 800 685 τε
827 638 919 686 κα)⁸
944 638 1081 703 μετά
1104 635 1333 686 Θάνατον
1360 647 1370 661 ’
1397 632 1538 683 οὕτω
1564 644 1745 694 τοιγα-

172 722 297 787 ροῦν
335 723 727 792 σκοπούμενος,
771 726 909 794 ἁωρί
957 742 1086 777 ποτε
1127 725 1234 777 τῶν
1279 725 1488 777 νυκτῶν
1532 722 1621 774 διὰ
1655 720 1747 771 τὸν

181 812 541 883 Ἀθαναρίχου
575 815 739 882 φόϐον
776 816 956 884 (αὐτὸς
989 816 1096 883 γὰρ
1125 816 1273 884 αὐτῷ
1294 814 1392 884 τὴν
1425 812 1517 866 τοῦ
1544 828 1750 882 μαρτυς

171 904 325 970 ρικοῦ
359 904 610 973 σώματος
646 907 911 975 ἀνάληψιν
939 908 997 958 οὐ
1040 907 1236 977 μεθίει)
1274 907 1497 967 ἐπιστὰς
1528 909 1587 959 ὲν
1618 897 1663 970 ᾧ
1687 904 1751 956 τὰ

171 995 277 1046 τῶν
344 997 516 1062 ἁγίων
565 997 849 1067 saepe”:er
902 998 1150 1066 λείψανα,
1204 1000 1325 1051 ἐπεὶ
1373 999 1589 1065 ἀγνοεῖν
1636 994 1749 1064 εἶχε

173 1090 327 1142 ποῖόν
360 1091 473 1139 ἐστι
504 1087 562 1140 τὸ
601 1088 1061 1158 ἐπιζητούμενον,
1096 1090 1247 1157 ποιρὰ
1282 1089 1470 1141 τούτου
1505 1088 1753 1139 διδάσκε-

172 1197 282 1244 ται,
346 1184 476 1251 παρ’
507 1176 567 1235 οὗ
606 1183 700 1234 καὶ
748 1183 909 1249 μάγοι
957 1183 1052 1251 τὴν
1099 1184 1307 1234 ἐκείνου
1350 1180 1746 1248 προσκύνησιν.

174 1272 415 1340 Δύναμις
468 1276 576 1343 γὰρ
617 1273 843 1342 οὐρανία
897 1290 979 1334 τις
1027 1275 1120 1325 7.1".
1164 1271 1471 1341 ἀσώματος,
1525 1273 1751 1340 ἀστέρος

181 1365 489 1417 ὑπελθοῦσα
543 1368 787 1435 μορφὴν,
822 1365 912 1417 τοῦ
940 1364 1179 1435 χρηστοῦ
1216 1367 1507 1434 προηγεῖτο
1536 1365 1755 1431 Μαρια·

176 1457 265 1508 νοῦ
315 1459 459 1524 μάλα
511 1459 695 1521 σαφῶς
747 1458 838 1508 καὶ
885 1459 1217 1526 γνωρίμωςο
1279 1459 1371 1510 καὶ
1420 1458 1519 1509 οὐκ
1576 1455 1755 1521 ἀπέση

174 1544 335 1596 τοῦτο
372 1545 542 1595 ποιῶν
572 1545 596 1594 ὁ
639 1546 959 1611 φαινόμενος
999 1547 1205 1603 ἐκεῖνος
1243 1543 1438 1612 ἀστὴρ,
1476 1542 1581 1604 ἕως
1622 1541 1757 1593 ὑπέ-

175 1636 317 1698 δειξε
368 1636 425 1686 τὸ
460 1635 813 1702 ποθούμενον.
853 1636 925 1688 Τὸ
960 1636 1015 1691 δὲ
1050 1632 1137 1705 ἦν,
1177 1636 1238 1687 οὔ
1280 1633 1528 1702 λείψανόν
1560 1650 1610 1683 τι
1662 1632 1755 1683 καὶ

183 1728 373 1793 μέρος,
415 1728 549 1780 ἀλλὰ
594 1728 752 1797 σῶμα
794 1728 1088 1796 ὁλόκληρον
1135 1725 1234 1794 τῆς
1279 1727 1555 1795 μακαρίας
1592 1724 1758 1785 ὅντως

175 1820 348 1888 ψυχῆς
384 1821 522 1889 μετὰ
552 1822 659 1871 τῶν
688 1821 881 1881 ἄλλων,
918 1822 1165 1884 κρεῖττον
1198 1820 1371 1888 φανὲν
1407 1821 1501 1870 καὶ
1536 1818 1711 1884 πυρὸς
1739 1854 1754 1879 ,

179 1912 367 1980 ὥσπερ
407 1912 515 1980 ἄρα
564 1911 656 1963 καὶ
700 1912 888 1978 κλῆσις
931 1910 1213 1978 ὴὸούλετο,
1271 1911 1411 1977 πλὴν
1464 1909 1587 1961 ὅσον
1637 1908 1755 1979 ἴχνη

177 2006 297 2057 τινὰ
332 2006 549 2066 σώζειν,
586 2007 678 2055 καὶ
705 2003 826 2055 οὐδὲ
856 2002 1029 2056 ταῦτα
1061 2003 1233 2071 σαφῆ,
1268 2001 1381 2053 ἀλλ’
1422 2000 1559 2053 ὥστε
1597 1999 1756 2067 δῆλον

181 2091 337 2157 εἷναι,
364 2094 447 2145 ὅτι
481 2097 613 2163 πυρὶ
646 2094 1089 2163 προσωμίλησεν.
1130 2092 1297 2143 Τοῦτο
1319 2090 1497 2142 τοίνυν
1536 2090 1593 2141 τὸ
1617 2090 1759 2157 ἱερὸν

185 2186 342 2255 σῶμα
372 2186 513 2254 ίλήκῃ
539 2186 735 2247 ἐνθεὶς,
765 2188 859 2237 καὶ
894 2184 1278 2253 μαρτυρικαῖς,
1306 2181 1495 2248 ὥσπερ
1524 2180 1651 2242 ἔδει,
1680 2197 1759 2231 τι·

186 2277 299 2343 μῶν
360 2274 848 2343 ίερολογίαιςγείς
898 2273 996 2341 τὴν
1055 2271 1248 2325 ἑαυτοῦ
1310 2271 1544 2340 πατρίδα
1597 2285 1761 2334 μετα-

186 2365 423 2436 κομίζει.

256 2632 350 2696 ς’.
393 2629 504 2681 Καὶ
535 2632 599 2697 τῇ
644 2627 885 2698 ἰδιωτικῇ
912 2628 1231 2698 παραμένον
1257 2626 1421 2699 οἰκίᾳ,
1447 2625 1765 2697 δημοτελεῖς

186 2720 431 2789 ἑπὴγαξε
450 2721 551 2782 τὰς
576 2721 766 2783 ἰάσεις.
795 2720 901 2773 Καὶ
930 2723 1039 2789 γὰρ
1062 2718 1269 2788 ἁγαῡῆς
1292 2718 1366 2771 ὢν
1393 2718 1569 2789 ψυχῆς
1596 2714 1765 2783 οἶκος,

192 2818 288 2885 μιᾷ
320 2816 689 2883 περιγράφειν
719 2813 868 2882 οἰκία
901 2813 999 2875 τὰς
1033 2812 1167 2873 ἰδίας
1196 2812 1295 2865 οὐκ
1324 2812 1513 2881 ἠγάπα
1549 2812 1763 2881 θαυμα-

188 2907 468 2974 τουργίας,
487 2906 622 2957 ἀλλὰ
647 2906 822 2958 κοινὸν
844 2900 910 2975 ἦν
938 2904 1373 2975 Μοψουεστηνῶν
1401 2904 1723 2973 ἑντρύφημα
1747 2920 1761 2934 ·

191 2998 394 3064 μᾶλλον
424 2997 478 3047 δὲ
512 2997 603 3048 καὶ
636 2997 742 3047 τῶν
775 2997 1069 3066 ἀλλαχόθεν
1098 2996 1431 3066 φοιτώντων,
1466 2995 1765 3056 ἀπόλαυσις

188 3092 246 3143 οὖ
290 3090 680 3158 δαπανωμὲνη.
732 3089 924 3158 Χρόνῳ
968 3088 1023 3140 δὲ
1074 3090 1298 3157 ὕστερον
1360 3089 1451 3141 καὶ
1508 3087 1634 3151 ναὸς
1686 3086 1765 3157 τῷ

1852 639 2001 694 pere,
2034 623 2271 677 maxime
2303 620 2394 675 tali
2431 618 2538 672 [ine
2594 622 2843 669 ornatum
2881 631 2894 665 :
2930 611 3147 665 volebat
3181 611 3328 663 enim
3358 610 3426 663 ab

1853 718 1971 785 ipso
2018 730 2129 769 non
2186 712 2451 783 separari,
2505 717 2764 779 quantum
2813 713 3045 775 poterat,
3096 704 3257 757 etiam
3308 708 3431 771 post

1853 816 2113 861 mortem.
2158 805 2295 859 Cum
2358 817 2488 873 ergo
2520 802 2599 855 sic
2632 797 3021 856 consideraret.
3073 795 3288 850 tandem
3345 794 3430 845 in-

1854 907 2116 968 tempesta
2167 908 2327 951 nocte
2382 904 2603 964 pr0pter
2655 901 2859 946 metum
2912 886 3247 951 Athanarici,
3292 887 3432 955 (ipse

1852 990 1997 1045 enim
2030 1005 2137 1043 non
2172 986 2539 1058 permittebat,
2578 994 2638 1038 ut
2669 983 3012 1051 acciperetur
3047 993 3245 1048 corpus
3285 992 3435 1031 mar—

1855 1082 2004 1153 tyris)
2034 1080 2298 1135 accedens
2330 1079 2382 1132 in
2408 1093 2531 1132 eum
2556 1076 2755 1137 locum,
2786 1074 2839 1128 in
2867 1088 2975 1142 quo
3003 1080 3159 1126 erant
3182 1070 3435 1139 proiecta

1856 1182 2169 1226 sanctorum
2222 1170 2485 1238 reliquie,
2524 1167 2782 1238 quoniam
2842 1166 3127 1236 ignorabat
3154 1165 3430 1234 quodnam

1856 1273 1999 1316 esset
2025 1263 2167 1331 quod
2209 1260 2574 1328 quaerebatur,
2612 1259 2679 1312 ab
2709 1273 2776 1312 eo
2810 1258 3040 1312 docetur
3068 1274 3097 1311 a
3139 1273 3249 1326 quo
3298 1254 3435 1327 Magi

1857 1354 2172 1408 didicerunt
2194 1354 2337 1407 illius
2364 1353 2760 1409 adorationem.
2791 1350 2976 1404 Virtus
3010 1351 3156 1404 enim
3183 1349 3430 1419 quaedam

1859 1446 2098 1499 caelestis
2122 1454 2177 1498 et
2198 1445 2536 1512 incorporea,
2557 1443 2726 1498 stella:
2742 1443 2911 1497 forma
2934 1453 3208 1511 suscepta.
3230 1443 3435 1495 bonum

1860 1537 2200 1607 praecedebat
2250 1534 2551 1590 Marianum
2598 1546 2791 1604 aperte
2824 1545 2876 1589 et
2924 1535 3227 1599 evidenter,
3259 1547 3441 1601 neque

1858 1627 2065 1681 destitit
2096 1626 2197 1679 hoc
2242 1625 2424 1680 facere
2449 1626 2536 1678 illa
2577 1626 2752 1687 stella,
2782 1641 2902 1693 qua:
2929 1625 3243 1694 apparebat.
3267 1624 3444 1678 donec

1860 1716 2099 1769 ostendit
2129 1714 2181 1768 id
2216 1714 2362 1782 quod
2404 1714 2831 1768 desiderabatur.
2869 1714 2920 1766 Id
2956 1724 3140 1767 autem
3176 1722 3294 1767 erat
3329 1728 3439 1766 non

1864 1806 2105 1875 reliquiae
2130 1806 2327 1875 aliqua:
2361 1814 2427 1858 et
2453 1820 2600 1873 pars.
2634 1805 2727 1858 sed
2770 1820 2971 1872 corpus
2995 1804 3265 1873 integrum
3297 1802 3444 1857 illius

1866 1914 1993 1953 vere
2046 1898 2215 1952 beata:
2271 1898 2485 1951 animae.
2528 1896 2683 1963 Quod
2736 1896 2955 1965 quidem
3018 1895 3274 1964 apparuit
3320 1896 3446 1964 igne

1866 1991 2033 2044 fuisse
2074 1991 2368 2059 potentius,
2406 1991 2548 2044 sicut
2598 1990 2759 2043 etiam
2801 1989 3014 2042 volebat
3059 1989 3177 2053 ejus
3209 1987 3449 2056 appella-

1867 2081 1965 2145 tio,
2019 2081 2126 2136 nisi
2180 2081 2326 2150 quod
2370 2081 2546 2134 solum
2587 2080 2831 2148 quaedam
2885 2080 3135 2134 servabat
3195 2079 3445 2148 vestigia,

1867 2188 2042 2243 neque
2084 2188 2147 2228 ea
2181 2183 2391 2243 aperta,
2436 2174 2529 2227 sed
2558 2182 2618 2228 ut
2648 2182 2857 2227 tantum
2892 2180 3206 2242 appareret,
3242 2171 3294 2224 id
3323 2186 3448 2225 cum

1866 2265 1991 2335 igne
2040 2280 2160 2319 esse
2208 2280 2584 2335 congressum.
2644 2263 2753 2318 Hoc
2804 2279 2933 2334 ergo
2984 2278 3196 2317 sacrum
3250 2277 3451 2332 corpus

1869 2374 1993 2413 cum
2029 2359 2200 2412 thecae
2241 2357 2611 2427 imposuisset,
2658 2357 2982 2426 martyricis,
3021 2365 3076 2409 ut
3126 2362 3360 2424 oportet,
3395 2363 3451 2407 et

1874 2450 2045 2505 sacris
2080 2450 2133 2505 id
2169 2451 2444 2504 houorans
2474 2449 2839 2513 orationibus,
2894 2449 3156 2503 transfert
3189 2448 3244 2501 in
3295 2462 3449 2501 suam

1872 2544 2101 2613 patriam
2137 2543 2270 2611 (i0).

1943 2634 2033 2689 γι.
2054 2634 2266 2689 Etcum
2292 2633 2371 2689 sic
2402 2642 2648 2689 maneret
2678 2631 2733 2686 in
2775 2632 2937 2687 domo
2959 2634 3189 2702 privata.
3212 2630 3456 2701 publicas

1885 2737 2064 2783 tamen
2120 2729 2432 2783 effundebat
2477 2730 2811 2783 curationes.
2867 2726 3078 2780 Etenim
3131 2740 3254 2781 cum
3311 2734 3457 2780 esset

1872 2821 2066 2876 domus
2097 2821 2252 2876 bona:
2280 2820 2495 2883 anima.
2532 2836 2641 2873 non
2671 2820 2800 2874 satis
2834 2818 3069 2873 habebat
3103 2818 3227 2872 unis
3249 2818 3457 2872 aedibus

1872 2928 1967 2968 sua
2012 2913 2465 2969 circumscribere
2506 2912 2764 2967 miracula
2797 2930 2809 2967 :
2849 2911 2941 2965 sed
2975 2921 3091 2965 erat
3134 2925 3457 2966 communes

1871 3006 2078 3060 deliciae
2126 3006 2654 3075 Mopsuestanorum,
2687 3004 2797 3058 imo
2827 3018 2956 3057 vero
3005 3018 3191 3057 eorum
3238 3010 3459 3070 duoque

1874 3098 1964 3168 qui
1990 3096 2208 3152 aliunde
2243 3097 2598 3161 ventilabam,
2634 3111 2765 3149 usus
2798 3095 3026 3154 fructus.
3063 3093 3153 3159 qui
3185 3108 3293 3146 non
3324 3109 3458 3147 con-

192 3182 429 3251 μάρτυρι
458 3184 822 3251 ἁνεγείρεται,
847 3182 941 3232 καὶ
971 3181 1133 3243 αὐτὸς
1160 3180 1219 3232 τὸ
1249 3185 1424 3247 τίμιον
1451 3182 1767 3249 ὑποδέχεται

1877 3186 2207 3240 sumebatur.
2266 3186 2602 3240 Procedente
2659 3195 2839 3237 autem
2879 3195 3140 3248 tempore,
3192 3183 3455 3251 templum

192 3277 371 3344 σῶμα,
412 3275 796 3344 φανερωτέρας
825 3272 918 3324 τοῦ
951 3272 1137 3324 λοιποῦ
1171 3273 1267 3335 τὰς
1301 3272 1494 3324 ἑαυτοῦ
1530 3275 1771 3341 παρέχον

191 3369 557 3439 ἑνεργασίας,
621 3368 714 3420 καὶ
769 3366 1051 3435 μηδέποτε
1087 3365 1250 3435 λῆγον
1304 3364 1446 3417 κατὰ
1501 3365 1770 3416 παντοίων

194 3462 383 3512 παθῶν
431 3462 523 3513 καὶ
547 3461 717 3512 νόσων
761 3460 1071 3527 ἱστάμενον.
1104 3457 1293 3525 Ὅμως
1332 3458 1364 3526 ἡ
1405 3457 1493 3508 τὸν
1534 3456 1770 3524 ἀθλητὴν

193 3554 427 3623 πρώτως
456 3556 603 3605 οἰκία
633 3553 1022 3621 ξενοδοχήσασα
1045 3552 1142 3620 τῆς
1164 3552 1322 3617 ἁγίας
1353 3552 1564 3621 δκείνης
1594 3552 1774 3620 χειρὸς

195 3644 417 3695 πλουτεῖ
442 3643 531 3692 τὸν
552 3644 829 3709 ἀντίχειρα
854 3644 944 3693 καὶ
964 3642 1163 3709 ταύτην
1191 3641 1495 3702 ἰδιάζουσαν
1515 3642 1673 3708 χάριν
1699 3640 1772 3708 τῷ

194 3735 332 3803 φίλῳ
364 3730 635 3801 Μαριανῴ
671 3731 915 3799 Νικητας
946 3734 971 3783 ὀ
1008 3730 1169 3792 καλὸς
1205 3728 1423 3795 δίδωσι,
1462 3731 1556 3781 καὶ
1594 3730 1773 3798 φιλίας

194 3828 404 3886 ἐκεῖνος
446 3825 646 3892 νόμους
691 3824 784 3875 κα).
832 3822 1008 3887 ξενίας
1051 3826 1228 3893 τιμὼν
1269 3825 1406 3893 ὅπερ
1448 3825 1622 3876 οὐδενί
1669 3842 1776 3878 τινι

196 3918 340 3983 ἄλλῳ
373 3919 602 3985 ποιῆσαι
632 3918 975 3987 παραχωρεῖ,
1014 3918 1106 3968 καὶ
1132 3916 1306 3986 τούτῳ
1332 3919 1470 3985 τάχα
1504 3919 1593 3970 τὸν
1624 3918 1774 3986 φίλον

196 4008 455 4074 ίοξὰζων.
490 4009 596 4058 Καὶ
622 4010 727 4076 γὰρ
762 4008 1079 4072 Αὑξέντιος,
1115 4008 1171 4069 ὃς
1211 4008 1308 4075 τῆς
1350 4009 1645 4078 εἰρημένης
1681 4010 1777 4062 πό-

196 4106 330 4161 λεως
366 4098 663 4159 ἐπίσκοπος
699 4092 766 4165 ἦν
789 4136 803 4161 ,
838 4100 1192 4166 ἐπιχειρήσας
1228 4099 1562 4168 ἀπομερίσαι
1597 4115 1648 4152 τι
1681 4099 1774 4153 τοῦ

201 4192 453 4261 σώματος
496 4192 592 4242 καὶ
632 4190 850 4254 λαϐεῖν,
884 4190 1072 4258 εἴληφε
1110 4192 1209 4257 μὲν
1239 4192 1387 4244 οὐδὲν
1410 4232 1424 4257 ,
1458 4184 1531 4245 ὧν
1563 4193 1776 4263 ἐξῄτει,

200 4284 358 4335 ἔλαϐε
386 4283 443 4335 δὲ
469 4282 609 4347 δέος,
646 4280 766 4334 οὔτε
804 4282 999 4351 μικρὸν
1030 4281 1137 4334 οὐδ’
1168 4282 1296 4334 ὅλον
1328 4285 1627 4350 ἁνέκφορον
1658 4285 1777 4351 μεῖ-

202 4377 412 4430 ναικαὶ
439 4375 642 4439 λαϐεῖν,
677 4376 793 4427 ἀλλ’
822 4374 963 4427 ὥστε
996 4375 1089 4427 καὶ
1121 4375 1283 4428 αὑτοῦ
1316 4378 1413 4443 τὴν
1447 4375 1622 4445 ψυχὴν
1657 4376 1777 4429 λίαν

205 4465 657 4534 κατασεισθῆναι,
692 4466 786 4517 καὶ
819 4466 1141 4517 διδάσκαλον
1171 4470 1281 4530 τοῖς
1317 4468 1495 4531 ἄλλοις
1527 4468 1778 4535 γενέσθαι

1879 3294 2093 3347 quoque
2123 3279 2395 3333 excitatur
2436 3276 2681 3347 martyri,
2719 3286 2772 3331 et
2804 3279 2982 3346 ipsum
3013 3292 3209 3345 corpus
3235 3276 3461 3345 suscipit

1879 3369 2269 3429 venerandum.
2313 3368 2655 3435 apertissima
2700 3368 2767 3420 de
2799 3377 2997 3419 caetero
3032 3366 3321 3419 conferens
3362 3366 3457 3419 hc-

1877 3456 2093 3519 neiicia,
2148 3466 2203 3511 et
2238 3461 2501 3511 resistens
2549 3456 2803 3510 omnibus
2844 3457 3047 3511 morbis
3086 3464 3138 3510 et
3171 3454 3333 3511 vitiis.
3365 3454 3458 3512 Illa

1883 3559 2057 3603 tamen
2085 3548 2299 3608 domus.
2326 3565 2447 3618 quae
2469 3550 2727 3604 athletam
2760 3550 2937 3618 primo
2961 3550 3172 3617 accepit
3200 3549 3456 3617 hospitio.

1882 3641 2084 3695 ditatur
2106 3640 2298 3709 pollice
2320 3656 2488 3694 sacra:
2518 3643 2660 3696 illius
2693 3655 2905 3703 manus,
2934 3651 2988 3694 et
3013 3645 3155 3696 hanc
3183 3644 3456 3711 propriam

1880 3734 2107 3798 gratiam
2150 3733 2328 3788 amico
2383 3733 2624 3788 Mariano
2654 3735 2747 3790 dat
2792 3734 2880 3789 illc
2924 3737 3171 3805 egregius
3221 3736 3458 3798 Nicetes,

1883 3822 2157 3876 honorans
2218 3824 2470 3879 amicitiae
2528 3825 2672 3894 leges
2722 3835 2781 3879 et
2840 3826 3241 3893 hospitalitatis.
3303 3826 3458 3893 Quod

1879 3916 2098 3984 quidem
2128 3916 2258 3970 nulli
2296 3917 2386 3969 alii
2416 3918 2545 3972 sinit
2572 3921 2769 3985 facere,
2805 3919 2857 3973 iu
2902 3921 3006 3974 hoc
3039 3935 3257 3990 quoque
3283 3922 3462 3977 amico

1884 4010 2107 4078 gloriam
2166 4010 2437 4065 tribuens.
2480 4012 2688 4064 Etenim
2724 4013 3027 4066 Auxentius
3058 4013 3191 4081 (11),
3221 4014 3311 4081 qui
3346 4026 3465 4068 erat

1882 4102 2040 4156 dictze
2079 4100 2311 4154 civitatis
2343 4102 2656 4171 episcopus,
2688 4116 2810 4156 cum
2844 4117 3131 4173 aggressus
3166 4114 3309 4157 esset
3336 4105 3458 4172 ejus

1881 4193 2127 4260 cerporis
2154 4193 2354 4261 aliquid
2395 4194 2636 4249 dividere
2672 4205 2723 4249 et
2752 4196 3019 4263 accipere,
3073 4195 3210 4249 nihil
3240 4196 3461 4264 quidem

1884 4285 2094 4353 accepit
2123 4299 2333 4349 eorum,
2370 4300 2491 4353 qua:
2524 4286 2775 4341 volebat:
2811 4302 2933 4339 eum
2973 4296 3152 4340 autem
3185 4302 3295 4341 non
3330 4303 3461 4357 par-

1884 4391 1986 4431 vus
2018 4378 2211 4429 invasit
2257 4385 2456 4439 metus,
2511 4390 2612 4430 nec
2658 4377 2947 4445 ejusmodi,
2983 4387 3041 4431 ut
3072 4394 3179 4431 non
3215 4378 3267 4433 in
3302 4394 3465 4447 aper-

1888 4478 2000 4523 tum
2050 4468 2313 4537 prodiret,
2370 4478 2465 4521 aut
2518 4468 2734 4529 lateret,
2786 4470 2878 4522 sed
2931 4484 3037 4537 quo
3082 4470 3200 4537 ejus
3250 4484 3467 4538 quoque

204 4554 282 4622 οἷς
314 4574 373 4611 τε
416 4554 521 4611 εἶδε
551 4557 645 4610 καὶ
678 4550 757 4620 οἷς
807 4557 966 4620 αὐτὸς
1002 4556 1425 4629 ὲξεδειματώθη,
1475 4562 1680 4629 μηδένα
1722 4563 1767 4613 τί

1887 4558 2062 4613 anima
2097 4558 2259 4613 fuerit
2294 4558 2446 4613 valde
2481 4560 2700 4629 agitata,
2733 4567 2788 4613 et
2814 4558 2949 4612 alios
2974 4560 3219 4614 docuerit
3249 4559 3314 4614 iis
3346 4575 3467 4627 quas

206 4652 389 4706 λοιπὸν
418 4655 576 4723 χεῖρα
598 4652 877 4721 τολμηρὰν
902 4652 1223 4721 προτείνειν,
1257 4653 1391 4722 μηδὲ
1420 4654 1583 4723 μέρος
1610 4671 1659 4705 τι
1693 4654 1781 4705 τοῦ

210 4744 461 4815 σώματος
489 4744 637 4813 παρᾶ
664 4743 889 4814 γνώμην
914 4742 971 4797 ὃν
1000 4745 1148 4813 αὐτῷ
1187 4747 1501 4817 παρασπᾷν.

278 5039 351 5090 Z'.
388 5030 579 5095 Ὀπως
609 5033 663 5084 δὲ
697 5032 893 5102 σννέὃη
920 5032 979 5085 τὺ
1008 5031 1123 5095 δέος
1153 5032 1247 5085 καὶ
1275 5031 1381 5084 τίσι
1404 5030 1581 5099 λόγοις
1609 5032 1757 5101 εἶργε
1777 5063 1789 5073 -

211 5147 297 5182 ται
336 5128 434 5196 τῆς
470 5125 900 5197 ἐπιχειρήσεως.
941 5128 967 5179 ὁ
998 5124 1153 5191 λόγος
1189 5124 1437 5197 δηλώσει.
1489 5126 1783 5195 ’Λνέστησε

216 5226 311 5292 μὲν
339 5223 448 5290 γὰρ
487 5223 515 5273 ὁ
544 5220 882 5288 φιλόμαρτνς
910 5209 1063 5278 οὗτος
1092 5218 1378 5288 ἀρχιερεὺς
1411 5220 1521 5279 τοῖς
1550 5217 1789 5269 καλλινί-

214 5330 325 5375 κοις
357 5313 467 5364 τῶν
489 5311 790 5383 μορῑύρων
821 5309 967 5377 ναὸν,
997 5309 1236 5380 Ταρᾱιχῳ
1265 5308 1324 5360 τέ
1356 5325 1494 5377 φημι
1528 5310 1621 5362 καὶ
1654 5309 1790 5379 Πρό-

282 5495 395 5568 (10)
427 5491 658 5568 Additur
691 5490 742 5568 i_n
776 5487 973 5568 Latina
1003 5485 1253 5540 versione
1368 5480 1431 5562 _Et
1456 5479 1787 5568 tunciipsulm

216 5553 499 5623 doini'sme
529 5562 792 5629 deponit.)
824 5560 891 5611 At
922 5558 1008 5611 illa
1047 5572 1154 5629 non
1213 5563 1340 5609 sunt
1370 5553 1423 5605 in
1479 5556 1791 5629 apographo

217 5622 403 5691 nostro
459 5622 670 5686 Gnec'o.
726 5622 802 5683 Ei
831 5627 1185 5696 sequentibus
1245 5636 1425 5678 tamen
1483 5622 1672 5690 liquet,
1735 5626 1787 5677 in

220 5715 420 5776 privata
438 5707 617 5776 domo
637 5714 833 5776 corpus
865 5699 1031 5776 fuisse
1060 5697 1316 5776 positum:

288 5780 397 5842 (Il)
462 5774 516 5825 in
544 5841 548 5842 ί
580 5762 834 5837 Catalogo
878 5762 1217 5842 __aiitistitun_ii
1251 5762 1787 5842 “Mopsuestenorum

220 5833 353 5917 apud
383 5833 675 5914 Lequien.,
716 5833 847 5894 toin.
878 5838 917 5889 ll
983 5835 1213 5890 Orientis
1242 5833 1660 5904 Christiani,rol.
1690 5837 1792 5889 890

1886 4652 2043 4713 vidit,
2075 4659 2127 4703 et
2160 4660 2383 4709 terrore.
2419 4664 2528 4718 quo
2554 4660 2634 4702 est
2658 4652 2909 4713 allectus,
2938 4658 2995 4702 ut
3024 4664 3183 4702 nemo
3206 4650 3467 4717 deinceps

1888 4755 2105 4793 manum
2141 4738 2399 4793 audacem
2453 4739 2771 4809 porrigeret,
2807 4754 2984 4807 neque
3039 4738 3201 4792 ullam
3253 4748 3462 4808 partem

1887 4832 2005 4901 ejus
2042 4834 2300 4901 corporis,
2341 4846 2462 4884 cum
2492 4840 2637 4885 esset
2666 4839 2865 4900 praeter
2904 4830 3073 4900 ipsius
3112 4830 3463 4896 sententiam,

1887 4923 2154 4977 avellerct.

1961 5014 2072 5069 VII.
2113 5013 2358 5081 Quonam
2409 5016 2573 5070 modo
2604 5023 2788 5071 autem
2822 5026 2998 5072 metus
3050 5017 3138 5072 hic
3167 5018 3382 5082 accidit,
3413 5030 3468 5074 et

1891 5108 2216 5177 quibusnam
2250 5108 2428 5161 verbis
2472 5109 2777 5179 prohibitus
2806 5108 2995 5172 fuerit,
3033 5125 3101 5164 ne
3143 5109 3467 5180 aggredere-

1894 5212 2001 5264 tur,
2045 5201 2458 5271 explicabimus.
2498 5201 2763 5256 Excitavit
2813 5202 2900 5255 hic
2944 5202 3159 5271 quidem
3200 5201 3465 5271 pontifex,

1891 5293 2099 5346 amicus
2166 5302 2485 5363 martyrum,
2553 5288 2817 5363 templum
2889 5293 3113 5349 victoria
3164 5294 3470 5364 insignibus

1893 5501 1948 5546 et
1982 5505 2095 5559 seq.
2123 5489 2230 5544 duo
2265 5489 2612 5559 reperiuntur
2637 5487 2916 5553 Auxentii,
2974 5502 3205 5558 quorum
3256 5487 3469 5558 primus

1893 5572 2084 5615 sancto
2130 5559 2313 5614 Nicela
2378 5560 2595 5615 videtur
2637 5560 2794 5629 paulo
2830 5559 3123 5626 antiqoior.
3171 5566 3265 5612 aut
3318 5566 3471 5629 certe

1894 5632 2068 5685 eidem
2107 5645 2214 5684 non
2272 5627 2656 5699 supervixisse.
2711 5629 2864 5683 Alter
2900 5628 3220 5699 Auxentlus,
3263 5627 3351 5699 qui
3406 5641 3472 5679 ex

1896 5701 2026 5755 solis
2077 5700 2189 5753 fere
2234 5697 2505 5769 diptycliis
2543 5700 2861 5765 innotescit,
2888 5698 3186 5769 secundum
3223 5697 3472 5751 ordinem

1898 5772 1965 5823 ibi
2000 5772 2161 5823 lixum
2215 5766 2571 5823 sedit—seculo
2630 5769 2841 5839 quinto.
2895 5766 3007 5823 Hoc
3037 5777 3218 5824 autem
3258 5777 3475 5836 tempus

1898 5842 2028 5894 satis
2062 5844 2308 5909 congruit
2342 5839 2427 5894 hic
2457 5840 2658 5894 relatis.
