3970 6480
146 426 243 492 713

1244 413 1706 477 MARTYRIUM
1748 414 1810 474 S.
1852 410 2289 473 EUPHEMUE.
3285 403 3388 467 71$

148 584 3367 617 ___________________________________________________.______.

1475 743 2107 835 ΜΑΡΤΥΡΙΟΝ

756 946 1099 1077 ΤΗΣ
1245 938 1751 1074 ΑΓΙΑΣ
1898 934 2809 1075 ΕΥΦΗΜΙΑΣ.

1409 1345 2137 1435 MARTYRIUM

899 1564 1568 1696 ΞΑΝΟΤᾏΕ
1734 1560 2644 1693 EUPHEML‘E.

794 1808 991 1870 (Latine
1015 1819 1100 1867 ap.
1128 1804 1324 1855 Surium
1352 1802 1411 1850 ad
1445 1803 1576 1852 diem
1609 1802 1668 1851 16
1691 1802 2016 1864 Septembris,
2042 1802 2212 1850 Graece
2238 1812 2300 1848 ex
2326 1800 2435 1850 cod.
2465 1810 2553 1845 ms.
2596 1793 2772 1856 Paris.)

220 2143 302 2198 A'.
323 2135 715 2211 Διοκλητιανοῦ
736 2134 1112 2206 τὰῬωμαίων
1147 2133 1409 2205 σκῆπτρα
1431 2132 1733 2197 διέποντος,
1765 2137 1809 2192 Α

155 2236 396 2306 Πρίσκου
452 2249 511 2285 τε
556 2236 687 2302 περὶ
720 2234 820 2299 τὴν
906 2227 1093 2285 Ἀσίαν
1165 2225 1659 2290 ἀνθυπατεύοντος,
1706 2224 1733 2277 ὁ

154 2328 294 2379 κατὰ
361 2322 704 2395 Χριστιανῶν
759 2320 1000 2390 διωγμὸς
1049 2317 1220 2371 δεινὸν
1281 2317 1434 2369 ἔπνει
1486 2315 1582 2369 καὶ
1639 2314 1736 2368 ἐπὶ

156 2419 299 2489 μέγα
334 2420 430 2471 καὶ
462 2416 694 2487 φοϐερὸν
744 2415 929 2486 ᾔρετο.
977 2410 1083 2466 Ἦν
1124 2410 1180 2463 δὲ
1229 2408 1308 2481 τῷ
1342 2409 1567 2479 Πρίσκῳ
1599 2425 1737 2478 συμ-

154 2511 431 2581 πάρεδρδς
488 2527 569 2571 τις
630 2508 736 2559 τῶν
796 2504 1086 2573 σοφιστῶν,
1138 2503 1483 2564 Ἀπελλιανὸς
1539 2500 1733 2569 ὄνομα,

158 2602 430 2673 ἰερατείας
460 2602 649 2671 χρείαν
674 2598 919 2667 πληρῶν,
939 2595 1018 2664 τῷ
1044 2593 1174 2663 παρ’
1195 2595 1377 2655 αὐτοῖς
1398 2591 1735 2662 ψευδωνύμῳ

156 2695 262 2765 0εῷ
297 2697 479 2761 Ἄρει.
526 2691 680 2744 Ἐπεὶ
708 2688 800 2742 οὖν
833 2689 1054 2761 ἐτήσιος
1086 2686 1252 2758 ἑορτὴ
1282 2685 1376 2740 τοῦ
1407 2685 1564 2738 νόθου
1610 2684 1736 2737 τού-

153 2804 244 2841 του
277 2788 587 2858 ἐνειστήκει
617 2784 763 2849 0εοῦ,
791 2785 1096 2857 γράμματα
1118 2784 1213 2836 καὶ
1238 2781 1565 2853 προθέματα
1595 2778 1737 2834 κατὰ

156 2883 336 2934 πᾶσαν
369 2882 562 2949 ἐφοίτα
596 2880 695 2949 τὴν
729 2878 1071 2949 Χαλκηδόνα·
1121 2877 1179 2929 ἐν
1208 2877 1347 2946 αὐτῇ
1386 2876 1493 2943 γὰρ
1532 2874 1626 2926 καὶ
1668 2873 1738 2925 τά

160 2970 265 3020 τῶν
299 2969 506 3021 Θυσιῶν
534 2970 791 3023 ἐτελεῖτο.
819 2970 930 3021 Καὶ
960 2970 1087 3031 ναὸς
1144 2963 1213 3037 ἦν
1259 2966 1354 3019 τοῦ
1411 2966 1605 3035 ’Λρεος
1641 2962 1738 3017 καὶ

158 3061 391 3116 εἰδώλων
424 3060 633 3114 ἐκείνου
668 3060 774 3112 τῶν
814 3061 1119 3129 ἐπισήμων·
1167 3059 1348 3114 ἐκάλει
1380 3058 1434 3110 δὲ
1466 3056 1562 3110 καὶ
1586 3056 1739 3108 πολί-

159 3170 256 3217 τας
310 3153 407 3206 καὶ
450 3154 610 3223 ὅσους
655 3152 997 3223 Χαλκηδόνος
1039 3152 1221 3222 πέριξ,
1266 3154 1346 3214 είς
1393 3151 1490 3220 τὴν
1544 3149 1738 3220 ἑορτὴν

160 3248 228 3298 τὰ
259 3246 608 3315 προθέματα,
658 3243 879 3299 θάνατοι
929 3244 985 3297 δὲ
1040 3245 1133 3296 καὶ
1166 3244 1431 3312 τιμωρίαι
1486 3242 1741 3311 συνηπεί-

160 3341 322 3411 ληντο
350 3342 461 3402 τοῖς
500 3341 942 3409 προστάγμασιν,
975 3331 1056 3400 οἷς
1086 3337 1442 3407 περιπίπτειν
1486 3334 1736 3403 ἔμελλον,

161 3435 272 3485 ὅσοι
306 3432 386 3502 μὴ
413 3432 711 3497 πείθοιντο,
754 3433 974 3501 δαίμοσι
1007 3431 1364 3499 προσκυνεῖν,
1395 3425 1634 3495 σάλπιγξ
1678 3442 1737 3478 τε

160 3524 408 3591 διάτορον
442 3522 650 3591 ἡχοῦσα
681 3523 1036 3591 κα“ι.φο6ερὸν
1078 3522 1333 3589 σύστημα
1368 3518 1435 3590 ἦν
1475 3521 1573 3590 τῆς
1605 3520 1739 3588 πρὸς

161 3615 247 3664 τὸν
271 3615 398 3665 ναὸν
418 3611 725 3682 συνδρομῆς
746 3628 800 3662 τε
832 3612 928 3663 καὶ
951 3610 1338 3670 ουνελεύσεως.
1366 3608 1614 3669 Ὀπὸσοις
1644 3607 1740 3659 οὖν

164 3707 375 3772 ἐναγεῖς
421 3702 521 3773 μὲν
561 3702 741 3756 Θυσίαι
787 3706 881 3757 καὶ
916 3702 1242 3772 σεὸάσματα
1294 3703 1469 3771 μιαρά
1514 3697 1742 3754 τοιαῦτα

168 3798 477 3868 μεμίσητο,
529 3797 747 3868 ὁσιότης
802 3798 857 3849 δὲ
911 3796 1006 3852 καὶ
1062 3797 1318 3849 εὐσέϐεια
1377 3796 1468 3847 καὶ
1524 3797 1556 3865 ἠ
1608 3792 1743 3863 πρὸς

166 3893 293 3943 θεὸν
329 3893 517 3953 πίστις
549 3892 777 3961 {Mt-itm
802 3886 947 3946 οὗτοι
976 3890 1033 3943 δὲ
1078 3892 1187 3958 ἄρα
1239 3890 1338 3958 τὴν
1388 3888 1525 3957 μετὰ
1565 3903 1743 3953 παρα-

167 3982 478 4049 νομούντων
507 3983 819 4033 συνέλευσιν
859 3982 954 4033 καὶ
986 3984 1086 4050 τὴν
1120 3984 1174 4032 ἐν
1208 3981 1473 4049 συνεδρίῳ
1515 3978 1742 4049 ματαιό-

166 4088 321 4139 τητος
378 4070 771 4139 διαφεύγοντες
834 4070 1163 4141 παρουσίαν,
1232 4071 1371 4123 κατά
1430 4070 1745 4139 συμμορίας

165 4162 310 4223 τινας
336 4163 396 4213 ἐν
426 4161 697 4225 οἰκίσκοις
720 4162 750 4230 ἧ
775 4162 1035 4233 ἐρημίαις
1065 4163 1293 4225 ἑαυτοὺς
1324 4159 1743 4231 ἐγκλεισάμενοι

170 4257 506 4326 προσευχαῖς
537 4257 633 4308 καὶ
658 4255 878 4325 δεήσεσι
908 4256 1261 4324 σχολάζοντες
1310 4251 1474 4324 ἦσαν,
1531 4256 1622 4306 καὶ
1668 4251 1745 4322 τῷ

168 4346 355 4416 ἀληθεῖ
392 4352 487 4402 καὶ
530 4350 678 4419 μόνῳ
731 4349 849 4418 Θεῴ
880 4350 978 4417 τὴν
1017 4348 1244 4417 λογικὴν
1282 4347 1540 4417 λατρείαν
1572 4362 1739 4415 προσ-

174 4442 451 4506 φέροντες,
483 4435 559 4493 ὧν
586 4436 664 4503 εἷς
696 4440 851 4509 ἅγιος
882 4442 1095 4511 ὑπῆρχε
1129 4440 1287 4510 χορὸς
1316 4442 1411 4494 καὶ
1458 4442 1484 4492 ὁ
1510 4442 1574 4511 τῇ
1607 4456 1746 4492 παν-

174 4531 406 4603 ευφήμῳ
436 4530 529 4580 καὶ
576 4529 805 4599 λαμπρᾷ
853 4532 1093 4599 μάρτυρι
1140 4531 1398 4600 Εὐφημίᾳ
1430 4530 1746 4597 ἐλλαμπρύ-

170 4623 413 4691 νόμενος,
473 4623 735 4694 Εὐφημία
766 4629 829 4692 τῇ
863 4628 1044 4678 πᾶσαν
1088 4624 1424 4695 φερωνύμω,
1466 4627 1532 4695 τῇ
1576 4624 1745 4693 αὐτῆς

173 4718 327 4786 φήμῃ
365 4716 733 4790 περιλαϐούσῃ
767 4719 867 4789 τὴν
909 4720 1257 4789 οἰκουμένην,
1291 4719 1324 4789 ἢ
1376 4719 1592 4788 πατέρα
1646 4716 1745 4786 μὲν

1910 2130 1952 2183 l.
1984 2130 2324 2185 Diocletiano
2358 2139 2580 2185 tenente
2630 2139 2847 2199 sceptra
2901 2128 3129 2185 Romani
3173 2129 3409 2203 imperii,

1840 2221 2023 2277 Prisco
2075 2229 2257 2275 autem
2308 2223 2449 2277 Asiae
2479 2224 2825 2291 proconsule,
2856 2223 3118 2279 adversus
3145 2223 3414 2282 Christia~

1838 2330 1938 2369 nos
1965 2315 2146 2383 gravis
2177 2314 2421 2384 spirabat
2470 2315 2805 2383 persecutio,
2839 2330 3089 2385 szevaque
3119 2326 3175 2373 et
3223 2317 3417 2373 formi-

1838 2406 2055 2460 dabilis.
2092 2406 2223 2461 Erat
2253 2416 2435 2461 autem
2461 2405 2646 2461 Prisco
2679 2421 2926 2461 asscssor
2957 2408 3178 2477 quidam
3213 2407 3417 2479 Sophi-

1839 2506 1942 2568 sta,
1970 2498 2196 2553 nomine
2219 2498 2559 2567 Apellianus,
2591 2497 2826 2569 fungens
2865 2514 3095 2553 munere
3122 2500 3415 2555 sacerdotii

1838 2589 1948 2653 dei,
1985 2591 2077 2659 qui
2111 2591 2250 2659 apud
2287 2606 2383 2645 eos
2432 2590 2567 2645 falso
2612 2590 2948 2657 nominatur,
3014 2590 3221 2647 Martis.
3278 2592 3414 2647 Cum

1837 2696 1970 2751 ergo
2023 2682 2190 2752 hujus
2226 2682 2515 2737 adulterini
2552 2683 2640 2737 dei
2708 2683 2911 2739 festum
2968 2685 3198 2739 instaret
3254 2686 3417 2741 anni-

1839 2774 2170 2837 versarium,
2212 2773 2410 2829 litterae
2460 2785 2515 2829 et
2541 2774 2720 2832 edicta
2754 2790 2851 2844 per
2887 2775 3201 2829 universam
3253 2790 3419 2831 vene-

1840 2873 1969 2918 runt
1997 2864 2427 2920 Chalcedonem.
2465 2866 2521 2919 In
2584 2882 2648 2920 ea
2684 2867 2830 2920 enim
2872 2867 3280 2939 peragebantur
3326 2882 3418 2923 sa-

1839 2956 2087 3024 criﬁcia;
2121 2974 2246 3011 nam
2273 2958 2345 3013 ibi
2381 2968 2499 3013 erat
2549 2958 2809 3028 templum
2842 2957 3049 3023 Martis,
3089 2968 3142 3015 et
3205 2958 3419 3029 insigne

1841 3048 1987 3102 illius
2018 3049 2398 3107 simulacrum.
2440 3050 2718 3105 Yocabant
2758 3061 2941 3105 autem
2965 3051 3141 3105 edicta
3169 3050 3316 3106 cives
3344 3051 3415 3105 ad

1840 3139 2061 3206 festum,
2093 3150 2148 3196 et
2171 3156 2266 3197 eos
2309 3142 2399 3214 qui
2436 3142 2755 3198 habitabant
2791 3142 2937 3197 circa
2988 3142 3413 3199 Chalcedonem.

1843 3232 2193 3288 Minabantur
2230 3250 2358 3289 vero
2388 3244 2620 3289 mortem
2664 3244 2718 3289 ct
2752 3234 3018 3304 supplicia
3060 3234 3147 3302 iis,
3180 3234 3245 3288 ad
3278 3249 3417 3304 quos

1838 3338 1996 3381 erant
2032 3340 2281 3393 ventura,
2348 3331 2390 3383 si
2429 3346 2537 3382 non
2596 3332 3077 3398 pcrsuadcrentur,
3130 3337 3191 3384 ut
3222 3330 3419 3386 adora—

1842 3430 1964 3473 rent
1993 3422 2291 3476 dzcmones.
2316 3420 2593 3491 Tubmque
2620 3422 2764 3477 clare
2807 3433 3065 3477 sonantes
3112 3436 3167 3478 et
3199 3424 3419 3479 terribi-

1846 3513 1990 3577 liter,
2024 3525 2181 3569 erant
2212 3503 2424 3587 signum
2459 3516 2818 3571 conveniendi
2851 3517 2917 3571 ad
2975 3516 3256 3587 templum.
3286 3517 3417 3583 Qui-

1842 3606 2164 3675 buscunque
2214 3624 2345 3678 ergo
2400 3610 2732 3665 exsecranda
2772 3610 2993 3678 quidem
3056 3610 3321 3666 sacriﬁcia
3367 3621 3424 3665 et

1844 3698 2213 3752 abominanda
2277 3702 2549 3769 ejusmodi
2600 3702 2790 3774 religio
2846 3712 2969 3757 erat
3024 3704 3170 3769 odio,
3228 3714 3421 3759 contra

1845 3797 2027 3843 autem
2054 3788 2211 3844 firma
2260 3799 2375 3845 erat
2403 3792 2689 3857 sanctitas,
2750 3802 2810 3847 et
2845 3794 3039 3863 pietas,
3094 3805 3148 3848 et
3184 3795 3316 3849 lides
3365 3796 3418 3848 in

1846 3880 2153 3945 Christum,
2196 3882 2233 3935 ii
2286 3884 2522 3938 vitantes
2576 3888 3022 3955 congressionem
3061 3902 3186 3942 cum
3244 3887 3425 3958 impiis

1845 3978 1901 4025 et
1925 3971 2219 4027 concilium
2252 3974 2531 4039 vanitatis,
2563 3990 2661 4044 per
2698 3978 2960 4047 quasdam
3003 3978 3207 4033 classes
3247 3994 3305 4033 se
3369 3982 3424 4034 in

1846 4063 2099 4119 domibus
2128 4065 2492 4132 includentes,
2513 4078 2607 4123 aut
2629 4070 2682 4124 in
2711 4070 3123 4138 solitudinibus,
3161 4074 3428 4128 vacabant

1847 4156 2105 4225 precibus
2142 4168 2195 4213 et
2230 4160 2596 4223 orationibus.
2654 4178 2892 4231 veroque
2926 4172 2981 4217 et
3013 4165 3112 4217 soli
3163 4164 3271 4219 Deo
3314 4167 3429 4219 cul-

1852 4259 1963 4301 tum
1995 4249 2302 4304 oﬂcrcbant
2333 4251 2678 4305 rationalem.
2734 4254 2976 4319 Quorum
3012 4271 3155 4311 unus
3207 4273 3429 4327 quoque

1851 4352 1969 4397 erat
2000 4342 2226 4407 chorus,
2256 4345 2347 4414 qui
2375 4345 2646 4416 imprimis
2681 4348 2967 4403 benedicta
3018 4359 3073 4405 et
3108 4354 3253 4405 clara
3280 4368 3428 4405 mar-

1852 4444 1967 4506 tyre
2005 4436 2304 4505 Euphemia
2360 4438 2748 4501 decorabatur,
2817 4438 3131 4508 Eupliemia,
3181 4444 3425 4513 inquam.

1848 4542 1966 4595 quae
2000 4528 2396 4582 convenienter
2447 4545 2548 4582 suo
2586 4531 2796 4585 nomini
2862 4532 3177 4589 universum
3236 4536 3422 4589 orbem

1852 4628 2012 4673 terrae
2041 4634 2137 4673 sua
2172 4619 2312 4675 fama
2340 4632 2457 4677 erat
2488 4624 2791 4693 complexa.
2812 4622 2944 4689 Quae
2976 4637 3184 4695 patrem
3207 4624 3425 4696 quidem

1854 4711 2086 4766 habebat
2124 4713 2419 4781 quemdam
2444 4730 2473 4768 e
2497 4726 2708 4778 senatu,
2735 4720 2791 4769 et
2826 4717 2917 4785 qui
2953 4718 3158 4787 aliquot
3188 4729 3431 4788 gesserat

174 4807 293 4874 ἐσιε
326 4808 423 4876 τῆς
459 4808 767 4878 συγκλήτου
796 4809 917 4861 τινὰ
957 4811 1051 4862 καὶ
1104 4810 1309 4861 τούτων
1336 4809 1399 4876 δὴ
1427 4808 1535 4860 τῶν
1558 4808 1745 4877 ἄρχειν

1857 4803 2255 4873 magistratus:
2316 4816 2434 4859 erat
2486 4815 2669 4860 autem
2725 4807 2774 4860 ei
2836 4824 3032 4864 nomen
3096 4810 3427 4881 Philophron

174 4899 511 4966 ijzwgévmv,
538 4901 831 4971 Ψιλόφρων
854 4901 1003 4969 αὐτῷ
1031 4900 1236 4969 ιὄνομα,
1277 4902 1488 4969 μητέρα
1536 4900 1592 4952 δὲ
1628 4901 1751 4952 λίαν

176 4990 373 5057 εὐσεϐῆ
402 4990 502 5040 καί⁵
555 4994 812 5059 κοσμίαν,
865 4993 1315 5065 Θεοδωρησιανὴν
1366 4992 1511 5046 οὕτω
1558 4992 1753 5047 καλου-

185 5078 373 5147 μένην,
414 5078 537 5149 ἦτις
592 5083 685 5131 καί
730 5080 902 5148 δῶρον
951 5084 1015 5133 ἐκ
1065 5080 1203 5134 Θεοῦ
1252 5085 1570 5151 πενομένοις
1617 5084 1753 5135 πᾶσι

179 5170 467 5239 δεδώρητο,
522 5172 591 5224 τά
626 5172 795 5242 αὐτῆς
859 5173 1081 5224 ἐκείνων
1139 5174 1319 5225 πάντα
1354 5173 1605 5225 ποιοῦσα.
1645 5176 1755 5229 Καὶ

180 5264 298 5333 χεὶρ
332 5266 522 5327 αὐτοῖς
575 5262 713 5319 οὖσα
763 5266 993 5336 δαψιλής
1026 5283 1084 5319 τε
1120 5268 1213 5322 καὶ
1248 5266 1645 5336 μεγαλόδωρος,
1695 5266 1755 5331 ἐξ

187 5345 257 5405 ὧν
309 5354 574 5423 Εὑφημία
614 5356 975 5426 προελθοῦσα,
1018 5356 1244 5427 βλαστὸς
1299 5360 1473 5427 ἐφάνη
1514 5360 1580 5426 τῇ
1632 5358 1755 5428 ῥίζῃ

187 5447 502 5518 προσήκων,
564 5449 759 5511 κλάδος
820 5449 1091 5503 ἐπινεύων
1154 5450 1235 5514 εἰς
1296 5451 1611 5504 Οεοσέὗειαν
1664 5454 1757 5505 καὶ

190 5538 596 5612 καρπὸςὸντως
630 5542 811 5604 ἐλέους
838 5543 1118 5604 πιότατος.

261 5725 335 5780 B'.
375 5725 489 5794 Τῆς
535 5720 632 5778 οὖν
685 5724 1007 5797 δαιμονικῆς
1072 5724 1287 5795 ἐκείνης
1336 5726 1760 5795 ἐπιτελουμένης

197 5811 403 5882 θυσίας,
454 5814 810 5876 ’Δπελλιανὸς
865 5816 927 5866 οὐ
966 5820 1276 5884 παροπτέα,
1305 5819 1425 5872 οὐδὲ
1478 5820 1762 5887 φροντίδος

513 5910 785 5967 ιἈτιιοι..
834 5907 879 5965 G
894 5926 950 5966 ιι.
998 5908 1169 5970 CXV.

1858 4892 2313 4964 [Philosophiam
2348 4894 2482 4966 Ado]
2519 4910 2531 4947 :
2563 4908 2792 4952 matrem
2824 4916 2954 4955 vero
2991 4900 3150 4955 valde
3186 4904 3327 4969 piam
3376 4912 3431 4955 et

1853 4989 2161 5047 honestam,
2197 5002 2320 5055 qua:
2345 4990 2644 5043 vocabatur
2694 4990 3065 5048 Theodorosia
3096 4991 3429 5064 [Theodora,

1853 5078 2029 5148 Ado]:
2061 5095 2180 5148 quae
2209 5085 2370 5134 etiam
2416 5098 2443 5134 a
2476 5082 2586 5135 Deo
2616 5083 2821 5137 donunt
2870 5084 2994 5138 data
3020 5085 3195 5139 fuerat
3250 5089 3431 5140 omni-

1856 5171 1957 5226 bus
1986 5174 2296 5242 egentibus,
2347 5173 2562 5229 illorum
2625 5175 2833 5233 faciens
2900 5178 3104 5241 omnia,
3159 5191 3279 5245 quae
3332 5194 3429 5233 sua

1856 5274 2035 5327 erant.
2066 5274 2120 5318 et
2146 5266 2305 5334 cuius
2336 5270 2536 5322 eratin
2572 5282 2666 5321 eos
2726 5284 2919 5322 manus
2967 5268 3109 5338 larga
3147 5277 3201 5322 et
3252 5272 3431 5323 muni-

1859 5355 1980 5409 ﬁca.
2010 5355 2084 5410 Ex
2117 5357 2316 5433 quibus
2363 5368 2481 5413 orta
2542 5360 2864 5429 Euphemia,
2922 5362 3174 5430 apparuit
3208 5377 3429 5432 germen

1860 5447 2028 5502 radici
2057 5449 2416 5515 conveniens,
2453 5466 2637 5503 ramus
2664 5465 2912 5506 annuens
2940 5451 3005 5505 ad
3039 5452 3298 5519 pietatem
3339 5469 3431 5505 ve-

1861 5554 2090 5609 ramque
2127 5542 2471 5612 religionem,
2501 5552 2555 5596 et
2583 5543 2741 5611 longe
2794 5543 3183 5612 pinguissimus
3222 5542 3431 5598 fructus

1862 5633 2277 5688 misericordiae.

1934 5728 1999 5782 ll.
2032 5728 2169 5784 Cum
2222 5728 2350 5784 illud
2393 5745 2521 5799 ergo
2580 5730 2889 5785 demonum
2959 5741 3309 5803 perageretur
3350 5747 3442 5787 sa-

1862 5821 2150 5886 criﬁcium,
2172 5837 2278 5876 non
2309 5823 2715 5893 negligendum,
2747 5826 2841 5879 sed
2868 5825 3097 5878 maxime
3128 5823 3432 5879 Curandum

3116 5913 3187 5972 23
