  <div class='ocr_page' id='page_1' title='image "/cluster/home/n/w/nwhite01/storage/ocr_20150623/115/ien.35556001659887/367.png"; bbox 0 0 3970 6434; ppageno 0'>
   <div class='ocr_carea' id='block_1_1' title="bbox 568 359 671 418">
    <p class='ocr_par' dir='ltr' id='par_1_1' title="bbox 568 359 671 418">
     <span class='ocr_line' id='line_1_1' title="bbox 568 359 671 418; baseline -0.01 0"><span class='ocrx_word' id='word_1_1' title='bbox 568 359 671 418; x_wconf 82' lang='lat' dir='ltr'><strong>7l5</strong></span> 
     </span>
    </p>
   </div>
   <div class='ocr_carea' id='block_1_2' title="bbox 1807 347 2592 411">
    <p class='ocr_par' dir='ltr' id='par_1_2' title="bbox 1807 347 2592 411">
     <span class='ocr_line' id='line_1_2' title="bbox 1807 347 2592 411; baseline 0.005 -5"><span class='ocrx_word' id='word_1_2' title='bbox 1807 347 2088 407; x_wconf 67' lang='lat' dir='ltr'><strong>MENSIS</strong></span> <span class='ocrx_word' id='word_1_3' title='bbox 2127 347 2592 411; x_wconf 81' lang='lat' dir='ltr'><strong>SEPTEMBER.</strong></span> 
     </span>
    </p>
   </div>
   <div class='ocr_carea' id='block_1_3' title="bbox 3707 353 3810 415">
    <p class='ocr_par' dir='ltr' id='par_1_3' title="bbox 3707 353 3810 415">
     <span class='ocr_line' id='line_1_3' title="bbox 3707 353 3810 415; baseline 0 -1"><span class='ocrx_word' id='word_1_4' title='bbox 3707 353 3810 415; x_wconf 79' lang='lat'><strong>716</strong></span> 
     </span>
    </p>
   </div>
   <div class='ocr_carea' id='block_1_4' title="bbox 568 464 2141 538">
    <p class='ocr_par' dir='ltr' id='par_1_4' title="bbox 568 464 2130 536">
     <span class='ocr_line' id='line_1_4' title="bbox 568 464 2130 536; baseline -0.006 -11"><span class='ocrx_word' id='word_1_5' title='bbox 568 475 774 525; x_wconf 86' lang='lat' dir='ltr'><strong>ducens</strong></span> <span class='ocrx_word' id='word_1_6' title='bbox 808 471 950 524; x_wconf 87' lang='lat' dir='ltr'><strong>hunc</strong></span> <span class='ocrx_word' id='word_1_7' title='bbox 1006 477 1204 524; x_wconf 64' lang='lat' dir='ltr'><strong>coetum</strong></span> <span class='ocrx_word' id='word_1_8' title='bbox 1248 466 1459 536; x_wconf 88' lang='lat' dir='ltr'><strong>piorum</strong></span> <span class='ocrx_word' id='word_1_9' title='bbox 1512 464 1845 534; x_wconf 79' lang='lat' dir='ltr'><strong>Apellianus,</strong></span> <span class='ocrx_word' id='word_1_10' title='bbox 1889 479 2016 518; x_wconf 91' lang='lat' dir='ltr'><strong>cum</strong></span> <span class='ocrx_word' id='word_1_11' title='bbox 2065 464 2130 517; x_wconf 90' lang='lat' dir='ltr'><strong>de</strong></span> 
     </span>
    </p>
   </div>
   <div class='ocr_carea' id='block_1_5' title="bbox 2244 464 3806 538">
    <p class='ocr_par' dir='ltr' id='par_1_5' title="bbox 2246 465 3806 538">
     <span class='ocr_line' id='line_1_5' title="bbox 2246 465 3806 538; baseline 0.003 -21"><span class='ocrx_word' id='word_1_12' title='bbox 2246 465 2436 531; x_wconf 79' lang='grc' dir='ltr'>ἀνάξια</span> <span class='ocrx_word' id='word_1_13' title='bbox 2472 468 2536 518; x_wconf 84' lang='grc' dir='ltr'><strong>τά</strong></span> <span class='ocrx_word' id='word_1_14' title='bbox 2578 467 2720 520; x_wconf 83' lang='grc' dir='ltr'><strong>κατά</strong></span> <span class='ocrx_word' id='word_1_15' title='bbox 2750 467 2840 519; x_wconf 79' lang='grc' dir='ltr'>τὸν</span> <span class='ocrx_word' id='word_1_16' title='bbox 2871 466 3097 536; x_wconf 79' lang='grc' dir='ltr'>θεοσεϐῆ</span> <span class='ocrx_word' id='word_1_17' title='bbox 3125 466 3309 522; x_wconf 83' lang='grc' dir='ltr'>τοῦτον</span> <span class='ocrx_word' id='word_1_18' title='bbox 3342 468 3539 520; x_wconf 79' lang='grc' dir='ltr'><strong>θίασον.</strong></span> <span class='ocrx_word' id='word_1_19' title='bbox 3563 468 3806 538; x_wconf 80' lang='grc' dir='ltr'>θέμενος.</span> 
     </span>
    </p>
   </div>
   <div class='ocr_carea' id='block_1_6' title="bbox 570 555 2135 631">
    <p class='ocr_par' dir='ltr' id='par_1_6' title="bbox 570 555 2135 631">
     <span class='ocr_line' id='line_1_6' title="bbox 570 555 2135 631; baseline -0.005 -16"><span class='ocrx_word' id='word_1_20' title='bbox 570 579 636 616; x_wconf 89' lang='lat' dir='ltr'><strong>eo</strong></span> <span class='ocrx_word' id='word_1_21' title='bbox 668 561 959 631; x_wconf 80' lang='lat' dir='ltr'><strong>diligenter</strong></span> <span class='ocrx_word' id='word_1_22' title='bbox 1010 559 1368 629; x_wconf 88' lang='lat' dir='ltr'><strong>inquisiisset,</strong></span> <span class='ocrx_word' id='word_1_23' title='bbox 1401 565 1455 610; x_wconf 92' lang='lat' dir='ltr'><strong>ct</strong></span> <span class='ocrx_word' id='word_1_24' title='bbox 1510 556 1710 609; x_wconf 77' lang='lat' dir='ltr'><strong>certior</strong></span> <span class='ocrx_word' id='word_1_25' title='bbox 1766 555 1937 608; x_wconf 81' lang='lat' dir='ltr'><strong>factus</strong></span> <span class='ocrx_word' id='word_1_26' title='bbox 1969 564 2135 617; x_wconf 85' lang='lat' dir='ltr'><strong>esset,</strong></span> 
     </span>
    </p>
   </div>
   <div class='ocr_carea' id='block_1_7' title="bbox 569 648 2140 724">
    <p class='ocr_par' dir='ltr' id='par_1_7' title="bbox 569 648 2140 724">
     <span class='ocr_line' id='line_1_7' title="bbox 569 648 2140 724; baseline -0.005 -16"><span class='ocrx_word' id='word_1_27' title='bbox 569 670 633 708; x_wconf 89' lang='lat' dir='ltr'><strong>ea</strong></span> <span class='ocrx_word' id='word_1_28' title='bbox 688 652 959 724; x_wconf 83' lang='lat' dir='ltr'><strong>signiﬁcat</strong></span> <span class='ocrx_word' id='word_1_29' title='bbox 991 650 1326 722; x_wconf 84' lang='lat' dir='ltr'><strong>proconsuli.</strong></span> <span class='ocrx_word' id='word_1_30' title='bbox 1363 648 1619 702; x_wconf 87' lang='lat' dir='ltr'><strong>Protinus</strong></span> <span class='ocrx_word' id='word_1_31' title='bbox 1661 656 1840 700; x_wconf 89' lang='lat' dir='ltr'><strong>autem</strong></span> <span class='ocrx_word' id='word_1_32' title='bbox 1895 661 2140 715; x_wconf 84' lang='lat' dir='ltr'><strong>compre—</strong></span> 
     </span>
    </p>
   </div>
   <div class='ocr_carea' id='block_1_8' title="bbox 571 740 2135 817">
    <p class='ocr_par' dir='ltr' id='par_1_8' title="bbox 571 740 2135 817">
     <span class='ocr_line' id='line_1_8' title="bbox 571 740 2135 817; baseline -0.005 -17"><span class='ocrx_word' id='word_1_33' title='bbox 571 746 830 800; x_wconf 89' lang='lat' dir='ltr'><strong>henditur</strong></span> <span class='ocrx_word' id='word_1_34' title='bbox 862 759 984 817; x_wconf 69' lang='lat' dir='ltr'><strong>cum</strong></span> <span class='ocrx_word' id='word_1_35' title='bbox 1019 744 1186 796; x_wconf 90' lang='lat' dir='ltr'><strong>multa</strong></span> <span class='ocrx_word' id='word_1_36' title='bbox 1218 743 1321 795; x_wconf 90' lang='lat' dir='ltr'><strong>alia</strong></span> <span class='ocrx_word' id='word_1_37' title='bbox 1363 743 1654 796; x_wconf 89' lang='lat' dir='ltr'><strong>multitudo</strong></span> <span class='ocrx_word' id='word_1_38' title='bbox 1678 740 2135 806; x_wconf 87' lang='lat' dir='ltr'><strong>Christianorum,</strong></span> 
     </span>
    </p>
   </div>
   <div class='ocr_carea' id='block_1_9' title="bbox 571 833 2139 908">
    <p class='ocr_par' dir='ltr' id='par_1_9' title="bbox 571 833 2139 908">
     <span class='ocr_line' id='line_1_9' title="bbox 571 833 2139 908; baseline -0.003 -18"><span class='ocrx_word' id='word_1_39' title='bbox 571 848 684 891; x_wconf 91' lang='lat' dir='ltr'><strong>tum</strong></span> <span class='ocrx_word' id='word_1_40' title='bbox 735 837 851 908; x_wconf 83' lang='lat' dir='ltr'><strong>ipse</strong></span> <span class='ocrx_word' id='word_1_41' title='bbox 887 851 1103 906; x_wconf 89' lang='lat' dir='ltr'><strong>quoque</strong></span> <span class='ocrx_word' id='word_1_42' title='bbox 1129 835 1347 888; x_wconf 87' lang='lat' dir='ltr'><strong>divinus</strong></span> <span class='ocrx_word' id='word_1_43' title='bbox 1379 835 1602 899; x_wconf 87' lang='lat' dir='ltr'><strong>chorus,</strong></span> <span class='ocrx_word' id='word_1_44' title='bbox 1639 833 1691 886; x_wconf 89' lang='lat' dir='ltr'><strong>in</strong></span> <span class='ocrx_word' id='word_1_45' title='bbox 1725 847 1835 901; x_wconf 88' lang='lat' dir='ltr'><strong>quo</strong></span> <span class='ocrx_word' id='word_1_46' title='bbox 1870 841 2139 901; x_wconf 63' lang='lat' dir='ltr'><strong>eratprae-</strong></span> 
     </span>
    </p>
   </div>
   <div class='ocr_carea' id='block_1_10' title="bbox 570 923 2141 997">
    <p class='ocr_par' dir='ltr' id='par_1_10' title="bbox 570 923 2141 997">
     <span class='ocr_line' id='line_1_10' title="bbox 570 923 2141 997; baseline -0.005 -14"><span class='ocrx_word' id='word_1_47' title='bbox 570 931 711 984; x_wconf 88' lang='lat' dir='ltr'><strong>clara</strong></span> <span class='ocrx_word' id='word_1_48' title='bbox 745 931 862 982; x_wconf 67' lang='lat' dir='ltr'><strong>haec</strong></span> <span class='ocrx_word' id='word_1_49' title='bbox 909 930 1060 997; x_wconf 85' lang='lat' dir='ltr'><strong>virgo</strong></span> <span class='ocrx_word' id='word_1_50' title='bbox 1093 924 1564 995; x_wconf 75' lang='lat' dir='ltr'><strong>Euphemia,qu:e</strong></span> <span class='ocrx_word' id='word_1_51' title='bbox 1615 935 1670 980; x_wconf 89' lang='lat' dir='ltr'><strong>et</strong></span> <span class='ocrx_word' id='word_1_52' title='bbox 1725 924 1972 994; x_wconf 87' lang='lat' dir='ltr'><strong>corporis</strong></span> <span class='ocrx_word' id='word_1_53' title='bbox 2022 923 2141 994; x_wconf 79' lang='lat' dir='ltr'><strong>pul-</strong></span> 
     </span>
    </p>
   </div>
   <div class='ocr_carea' id='block_1_11' title="bbox 571 1012 2140 1084">
    <p class='ocr_par' dir='ltr' id='par_1_11' title="bbox 571 1012 2140 1084">
     <span class='ocr_line' id='line_1_11' title="bbox 571 1012 2140 1084; baseline -0.003 -11"><span class='ocrx_word' id='word_1_54' title='bbox 571 1019 907 1078; x_wconf 90' lang='lat' dir='ltr'><strong>chritudine,</strong></span> <span class='ocrx_word' id='word_1_55' title='bbox 963 1026 1016 1070; x_wconf 90' lang='lat' dir='ltr'><strong>et</strong></span> <span class='ocrx_word' id='word_1_56' title='bbox 1050 1015 1260 1069; x_wconf 87' lang='lat' dir='ltr'><strong>virtutis</strong></span> <span class='ocrx_word' id='word_1_57' title='bbox 1317 1015 1523 1084; x_wconf 86' lang='lat' dir='ltr'><strong>specie,</strong></span> <span class='ocrx_word' id='word_1_58' title='bbox 1579 1015 1843 1068; x_wconf 68' lang='lat' dir='ltr'><strong>etaetatis</strong></span> <span class='ocrx_word' id='word_1_59' title='bbox 1879 1012 2028 1078; x_wconf 83' lang='lat' dir='ltr'><strong>ﬂore,</strong></span> <span class='ocrx_word' id='word_1_60' title='bbox 2088 1021 2140 1068; x_wconf 88' lang='lat' dir='ltr'><strong>et</strong></span> 
     </span>
    </p>
   </div>
   <div class='ocr_carea' id='block_1_12' title="bbox 572 1105 2142 1179">
    <p class='ocr_par' dir='ltr' id='par_1_12' title="bbox 572 1105 2142 1179">
     <span class='ocr_line' id='line_1_12' title="bbox 572 1105 2142 1179; baseline -0.003 -16"><span class='ocrx_word' id='word_1_61' title='bbox 572 1109 787 1179; x_wconf 77' lang='lat' dir='ltr'><strong>generis</strong></span> <span class='ocrx_word' id='word_1_62' title='bbox 816 1107 1084 1171; x_wconf 75' lang='lat' dir='ltr'><strong>claritate,</strong></span> <span class='ocrx_word' id='word_1_63' title='bbox 1128 1107 1270 1160; x_wconf 84' lang='lat' dir='ltr'><strong>inter</strong></span> <span class='ocrx_word' id='word_1_64' title='bbox 1315 1122 1407 1159; x_wconf 84' lang='lat' dir='ltr'><strong>eos</strong></span> <span class='ocrx_word' id='word_1_65' title='bbox 1436 1106 1653 1160; x_wconf 87' lang='lat' dir='ltr'><strong>lucebat</strong></span> <span class='ocrx_word' id='word_1_66' title='bbox 1687 1106 1854 1160; x_wconf 77' lang='lat' dir='ltr'><strong>veluti</strong></span> <span class='ocrx_word' id='word_1_67' title='bbox 1875 1106 2030 1160; x_wconf 84' lang='lat' dir='ltr'><strong>stella</strong></span> <span class='ocrx_word' id='word_1_68' title='bbox 2058 1105 2142 1159; x_wconf 93' lang='lat' dir='ltr'><strong>lu-</strong></span> 
     </span>
    </p>
   </div>
   <div class='ocr_carea' id='block_1_13' title="bbox 567 1198 2140 1269">
    <p class='ocr_par' dir='ltr' id='par_1_13' title="bbox 567 1198 2140 1269">
     <span class='ocr_line' id='line_1_13' title="bbox 567 1198 2140 1269; baseline -0.002 -14"><span class='ocrx_word' id='word_1_69' title='bbox 567 1201 869 1255; x_wconf 82' lang='lat' dir='ltr'><strong>cidissima.</strong></span> <span class='ocrx_word' id='word_1_70' title='bbox 905 1199 984 1251; x_wconf 82' lang='lat' dir='ltr'><strong>Ad</strong></span> <span class='ocrx_word' id='word_1_71' title='bbox 1040 1198 1396 1269; x_wconf 78' lang='lat' dir='ltr'><strong>quadraginta</strong></span> <span class='ocrx_word' id='word_1_72' title='bbox 1446 1205 1628 1252; x_wconf 89' lang='lat' dir='ltr'><strong>autem</strong></span> <span class='ocrx_word' id='word_1_73' title='bbox 1663 1209 1716 1252; x_wconf 90' lang='lat' dir='ltr'><strong>et</strong></span> <span class='ocrx_word' id='word_1_74' title='bbox 1769 1212 1967 1252; x_wconf 82' lang='lat' dir='ltr'><strong>novem</strong></span> <span class='ocrx_word' id='word_1_75' title='bbox 2007 1214 2140 1252; x_wconf 91' lang='lat' dir='ltr'><strong>con-</strong></span> 
     </span>
    </p>
   </div>
   <div class='ocr_carea' id='block_1_14' title="bbox 568 1287 2141 1364">
    <p class='ocr_par' dir='ltr' id='par_1_14' title="bbox 568 1287 2141 1364">
     <span class='ocr_line' id='line_1_14' title="bbox 568 1287 2141 1364; baseline -0.001 -20"><span class='ocrx_word' id='word_1_76' title='bbox 568 1301 914 1364; x_wconf 85' lang='lat' dir='ltr'><strong>gregatorutn</strong></span> <span class='ocrx_word' id='word_1_77' title='bbox 948 1300 1065 1343; x_wconf 92' lang='lat' dir='ltr'><strong>erat</strong></span> <span class='ocrx_word' id='word_1_78' title='bbox 1104 1289 1194 1343; x_wconf 91' lang='lat' dir='ltr'><strong>ille</strong></span> <span class='ocrx_word' id='word_1_79' title='bbox 1230 1306 1383 1343; x_wconf 83' lang='lat' dir='ltr'><strong>sacer</strong></span> <span class='ocrx_word' id='word_1_80' title='bbox 1408 1289 1634 1343; x_wconf 87' lang='lat' dir='ltr'><strong>chorus.</strong></span> <span class='ocrx_word' id='word_1_81' title='bbox 1672 1289 1776 1353; x_wconf 87' lang='lat' dir='ltr'><strong>Qui</strong></span> <span class='ocrx_word' id='word_1_82' title='bbox 1827 1304 1952 1343; x_wconf 91' lang='lat' dir='ltr'><strong>cum</strong></span> <span class='ocrx_word' id='word_1_83' title='bbox 2009 1287 2141 1343; x_wconf 77' lang='lat' dir='ltr'><strong>fuis-</strong></span> 
     </span>
    </p>
   </div>
   <div class='ocr_carea' id='block_1_15' title="bbox 569 1380 2138 1450">
    <p class='ocr_par' dir='ltr' id='par_1_15' title="bbox 569 1380 2138 1450">
     <span class='ocr_line' id='line_1_15' title="bbox 569 1380 2138 1450; baseline -0.003 -13"><span class='ocrx_word' id='word_1_84' title='bbox 569 1391 692 1438; x_wconf 80' lang='lat' dir='ltr'><strong>sent</strong></span> <span class='ocrx_word' id='word_1_85' title='bbox 727 1381 1133 1450; x_wconf 91' lang='lat' dir='ltr'><strong>comprehensi,</strong></span> <span class='ocrx_word' id='word_1_86' title='bbox 1189 1380 1437 1449; x_wconf 90' lang='lat' dir='ltr'><strong>producti</strong></span> <span class='ocrx_word' id='word_1_87' title='bbox 1487 1389 1616 1433; x_wconf 88' lang='lat' dir='ltr'><strong>sunt</strong></span> <span class='ocrx_word' id='word_1_88' title='bbox 1683 1381 1736 1433; x_wconf 91' lang='lat' dir='ltr'><strong>in</strong></span> <span class='ocrx_word' id='word_1_89' title='bbox 1787 1390 2138 1449; x_wconf 80' lang='lat' dir='ltr'><strong>conspectum</strong></span> 
     </span>
    </p>
   </div>
   <div class='ocr_carea' id='block_1_16' title="bbox 573 1471 2140 1544">
    <p class='ocr_par' dir='ltr' id='par_1_16' title="bbox 573 1471 2140 1544">
     <span class='ocr_line' id='line_1_16' title="bbox 573 1471 2140 1544; baseline -0.001 -17"><span class='ocrx_word' id='word_1_90' title='bbox 573 1473 937 1544; x_wconf 88' lang='lat' dir='ltr'><strong>proconsulis.</strong></span> <span class='ocrx_word' id='word_1_91' title='bbox 994 1472 1087 1525; x_wconf 92' lang='lat' dir='ltr'><strong>llle</strong></span> <span class='ocrx_word' id='word_1_92' title='bbox 1123 1481 1306 1524; x_wconf 91' lang='lat' dir='ltr'><strong>autem</strong></span> <span class='ocrx_word' id='word_1_93' title='bbox 1345 1486 1440 1525; x_wconf 90' lang='lat' dir='ltr'><strong>eos</strong></span> <span class='ocrx_word' id='word_1_94' title='bbox 1467 1471 1624 1540; x_wconf 90' lang='lat' dir='ltr'><strong>prius</strong></span> <span class='ocrx_word' id='word_1_95' title='bbox 1654 1471 1921 1525; x_wconf 84' lang='lat' dir='ltr'><strong>inducens</strong></span> <span class='ocrx_word' id='word_1_96' title='bbox 1951 1471 2140 1526; x_wconf 85' lang='lat' dir='ltr'><strong>admo-</strong></span> 
     </span>
    </p>
   </div>
   <div class='ocr_carea' id='block_1_17' title="bbox 567 1563 2140 1633">
    <p class='ocr_par' dir='ltr' id='par_1_17' title="bbox 567 1563 2140 1633">
     <span class='ocr_line' id='line_1_17' title="bbox 567 1563 2140 1633; baseline -0.001 -15"><span class='ocrx_word' id='word_1_97' title='bbox 567 1564 1122 1630; x_wconf 84' lang='lat' dir='ltr'><strong>nitione,conabatur</strong></span> <span class='ocrx_word' id='word_1_98' title='bbox 1143 1563 1418 1616; x_wconf 90' lang='lat' dir='ltr'><strong>abducere</strong></span> <span class='ocrx_word' id='word_1_99' title='bbox 1449 1577 1478 1616; x_wconf 87' lang='lat' dir='ltr'><strong>a</strong></span> <span class='ocrx_word' id='word_1_100' title='bbox 1514 1563 1741 1633; x_wconf 88' lang='lat' dir='ltr'><strong>pietate,</strong></span> <span class='ocrx_word' id='word_1_101' title='bbox 1775 1563 1933 1616; x_wconf 90' lang='lat' dir='ltr'><strong>bonis</strong></span> <span class='ocrx_word' id='word_1_102' title='bbox 1983 1571 2140 1616; x_wconf 66' lang='lat' dir='ltr'><strong>terra:</strong></span> 
     </span>
    </p>
   </div>
   <div class='ocr_carea' id='block_1_18' title="bbox 569 1652 2142 1722">
    <p class='ocr_par' dir='ltr' id='par_1_18' title="bbox 569 1652 2142 1722">
     <span class='ocr_line' id='line_1_18' title="bbox 569 1652 2142 1722; baseline -0.004 -12"><span class='ocrx_word' id='word_1_103' title='bbox 569 1656 758 1710; x_wconf 76' lang='lat' dir='ltr'><strong>volens</strong></span> <span class='ocrx_word' id='word_1_104' title='bbox 789 1672 883 1709; x_wconf 88' lang='lat' dir='ltr'><strong>eos</strong></span> <span class='ocrx_word' id='word_1_105' title='bbox 911 1655 1244 1715; x_wconf 87' lang='lat' dir='ltr'><strong>demulcere,</strong></span> <span class='ocrx_word' id='word_1_106' title='bbox 1279 1652 1369 1721; x_wconf 89' lang='lat' dir='ltr'><strong>qui</strong></span> <span class='ocrx_word' id='word_1_107' title='bbox 1406 1652 1698 1722; x_wconf 90' lang='lat' dir='ltr'><strong>cupiebant</strong></span> <span class='ocrx_word' id='word_1_108' title='bbox 1745 1653 2010 1714; x_wconf 64' lang='lat' dir='ltr'><strong>caelestia,</strong></span> <span class='ocrx_word' id='word_1_109' title='bbox 2059 1653 2142 1706; x_wconf 90' lang='lat' dir='ltr'><strong>di-</strong></span> 
     </span>
    </p>
   </div>
   <div class='ocr_carea' id='block_1_19' title="bbox 569 1739 2140 1810">
    <p class='ocr_par' dir='ltr' id='par_1_19' title="bbox 569 1739 2140 1810">
     <span class='ocr_line' id='line_1_19' title="bbox 569 1739 2140 1810; baseline -0.007 -9"><span class='ocrx_word' id='word_1_110' title='bbox 569 1746 725 1801; x_wconf 84' lang='lat' dir='ltr'><strong>cebat</strong></span> <span class='ocrx_word' id='word_1_111' title='bbox 756 1745 901 1798; x_wconf 90' lang='lat' dir='ltr'><strong>enim</strong></span> <span class='ocrx_word' id='word_1_112' title='bbox 941 1762 954 1797; x_wconf 90' lang='lat'><strong>:</strong></span> <span class='ocrx_word' id='word_1_113' title='bbox 989 1743 1306 1796; x_wconf 80' lang='lat' dir='ltr'><strong>Sacriﬁcate</strong></span> <span class='ocrx_word' id='word_1_114' title='bbox 1341 1757 1538 1810; x_wconf 86' lang='lat' dir='ltr'><strong>magno</strong></span> <span class='ocrx_word' id='word_1_115' title='bbox 1563 1741 1676 1793; x_wconf 89' lang='lat' dir='ltr'><strong>deo</strong></span> <span class='ocrx_word' id='word_1_116' title='bbox 1708 1739 1888 1800; x_wconf 81' lang='lat' dir='ltr'><strong>Marti,</strong></span> <span class='ocrx_word' id='word_1_117' title='bbox 1936 1747 1994 1790; x_wconf 93' lang='lat' dir='ltr'><strong>ut</strong></span> <span class='ocrx_word' id='word_1_118' title='bbox 2023 1739 2140 1806; x_wconf 81' lang='lat' dir='ltr'><strong>ejus</strong></span> 
     </span>
    </p>
   </div>
   <div class='ocr_carea' id='block_1_20' title="bbox 567 1830 2138 1904">
    <p class='ocr_par' dir='ltr' id='par_1_20' title="bbox 567 1830 2138 1904">
     <span class='ocr_line' id='line_1_20' title="bbox 567 1830 2138 1904; baseline -0.007 -12"><span class='ocrx_word' id='word_1_119' title='bbox 567 1835 974 1900; x_wconf 81' lang='lat' dir='ltr'><strong>benevolentia,</strong></span> <span class='ocrx_word' id='word_1_120' title='bbox 1019 1845 1072 1888; x_wconf 89' lang='lat' dir='ltr'><strong>et</strong></span> <span class='ocrx_word' id='word_1_121' title='bbox 1107 1834 1176 1887; x_wconf 86' lang='lat' dir='ltr'><strong>ab</strong></span> <span class='ocrx_word' id='word_1_122' title='bbox 1223 1831 1648 1904; x_wconf 83' lang='lat' dir='ltr'><strong>imperatoribus</strong></span> <span class='ocrx_word' id='word_1_123' title='bbox 1675 1831 1851 1884; x_wconf 90' lang='lat' dir='ltr'><strong>danda</strong></span> <span class='ocrx_word' id='word_1_124' title='bbox 1883 1830 2138 1882; x_wconf 75' lang='lat' dir='ltr'><strong>felicitate</strong></span> 
     </span>
    </p>
   </div>
   <div class='ocr_carea' id='block_1_21' title="bbox 561 1920 2140 1999">
    <p class='ocr_par' dir='ltr' id='par_1_21' title="bbox 561 1920 2140 1999">
     <span class='ocr_line' id='line_1_21' title="bbox 561 1920 2140 1999; baseline -0.004 -19"><span class='ocrx_word' id='word_1_125' title='bbox 561 1946 664 1986; x_wconf 62' lang='lat' dir='ltr'><strong>vos</strong></span> <span class='ocrx_word' id='word_1_126' title='bbox 706 1930 904 1999; x_wconf 87' lang='lat' dir='ltr'><strong>dignos</strong></span> <span class='ocrx_word' id='word_1_127' title='bbox 965 1926 1231 1988; x_wconf 81' lang='lat' dir='ltr'><strong>elliciatis,</strong></span> <span class='ocrx_word' id='word_1_128' title='bbox 1293 1934 1348 1980; x_wconf 90' lang='lat' dir='ltr'><strong>et</strong></span> <span class='ocrx_word' id='word_1_129' title='bbox 1424 1923 1658 1993; x_wconf 86' lang='lat' dir='ltr'><strong>plurima</strong></span> <span class='ocrx_word' id='word_1_130' title='bbox 1733 1920 2140 1990; x_wconf 84' lang='lat' dir='ltr'><strong>consequamini</strong></span> 
     </span>
    </p>
   </div>
   <div class='ocr_carea' id='block_1_22' title="bbox 567 2015 2142 2079">
    <p class='ocr_par' dir='ltr' id='par_1_22' title="bbox 567 2015 2142 2079">
     <span class='ocr_line' id='line_1_22' title="bbox 567 2015 2142 2079; baseline -0.006 -3"><span class='ocrx_word' id='word_1_131' title='bbox 567 2037 792 2076; x_wconf 87' lang='lat' dir='ltr'><strong>munera</strong></span> <span class='ocrx_word' id='word_1_132' title='bbox 815 2029 872 2075; x_wconf 89' lang='lat' dir='ltr'><strong>et</strong></span> <span class='ocrx_word' id='word_1_133' title='bbox 897 2021 1161 2074; x_wconf 89' lang='lat' dir='ltr'><strong>honores.</strong></span> <span class='ocrx_word' id='word_1_134' title='bbox 1195 2017 1297 2072; x_wconf 91' lang='lat' dir='ltr'><strong>Cui</strong></span> <span class='ocrx_word' id='word_1_135' title='bbox 1325 2015 1543 2071; x_wconf 74' lang='lat' dir='ltr'><strong>divinus</strong></span> <span class='ocrx_word' id='word_1_136' title='bbox 1602 2015 1688 2070; x_wconf 85' lang='lat' dir='ltr'><strong>ille</strong></span> <span class='ocrx_word' id='word_1_137' title='bbox 1739 2015 1962 2079; x_wconf 90' lang='lat' dir='ltr'><strong>chorus,</strong></span> <span class='ocrx_word' id='word_1_138' title='bbox 2019 2022 2142 2067; x_wconf 84' lang='lat' dir='ltr'><strong>tan-</strong></span> 
     </span>
    </p>
   </div>
   <div class='ocr_carea' id='block_1_23' title="bbox 563 2106 2140 2184">
    <p class='ocr_par' dir='ltr' id='par_1_23' title="bbox 563 2106 2140 2184">
     <span class='ocr_line' id='line_1_23' title="bbox 563 2106 2140 2184; baseline -0.004 -19"><span class='ocrx_word' id='word_1_139' title='bbox 563 2126 728 2184; x_wconf 81' lang='lat' dir='ltr'><strong>quam</strong></span> <span class='ocrx_word' id='word_1_140' title='bbox 769 2127 876 2165; x_wconf 91' lang='lat' dir='ltr'><strong>uno</strong></span> <span class='ocrx_word' id='word_1_141' title='bbox 930 2109 1112 2162; x_wconf 88' lang='lat' dir='ltr'><strong>animo</strong></span> <span class='ocrx_word' id='word_1_142' title='bbox 1138 2118 1194 2163; x_wconf 86' lang='lat' dir='ltr'><strong>et</strong></span> <span class='ocrx_word' id='word_1_143' title='bbox 1245 2123 1353 2161; x_wconf 90' lang='lat' dir='ltr'><strong>uno</strong></span> <span class='ocrx_word' id='word_1_144' title='bbox 1403 2122 1544 2161; x_wconf 88' lang='lat' dir='ltr'><strong>ore:</strong></span> <span class='ocrx_word' id='word_1_145' title='bbox 1607 2106 1741 2169; x_wconf 82' lang='lat' dir='ltr'><strong>Nos,</strong></span> <span class='ocrx_word' id='word_1_146' title='bbox 1776 2106 2055 2170; x_wconf 85' lang='lat' dir='ltr'><strong>dixerunt,</strong></span> <span class='ocrx_word' id='word_1_147' title='bbox 2107 2119 2140 2159; x_wconf 91' lang='grc' dir='ltr'><strong>ο</strong></span> 
     </span>
    </p>
   </div>
   <div class='ocr_carea' id='block_1_24' title="bbox 566 2195 2142 2276">
    <p class='ocr_par' dir='ltr' id='par_1_24' title="bbox 566 2195 2142 2276">
     <span class='ocr_line' id='line_1_24' title="bbox 566 2195 2142 2276; baseline -0.003 -17"><span class='ocrx_word' id='word_1_148' title='bbox 566 2203 880 2276; x_wconf 85' lang='lat' dir='ltr'><strong>proconsul,</strong></span> <span class='ocrx_word' id='word_1_149' title='bbox 922 2201 1090 2256; x_wconf 91' lang='lat' dir='ltr'><strong>Deum</strong></span> <span class='ocrx_word' id='word_1_150' title='bbox 1147 2216 1342 2255; x_wconf 75' lang='lat' dir='ltr'><strong>verum</strong></span> <span class='ocrx_word' id='word_1_151' title='bbox 1383 2199 1562 2256; x_wconf 83' lang='lat' dir='ltr'><strong>colere</strong></span> <span class='ocrx_word' id='word_1_152' title='bbox 1619 2195 1928 2266; x_wconf 80' lang='lat' dir='ltr'><strong>didicimus,</strong></span> <span class='ocrx_word' id='word_1_153' title='bbox 1986 2197 2142 2269; x_wconf 86' lang='lat' dir='ltr'><strong>cujus</strong></span> 
     </span>
    </p>
   </div>
   <div class='ocr_carea' id='block_1_25' title="bbox 563 2297 2143 2369">
    <p class='ocr_par' dir='ltr' id='par_1_25' title="bbox 563 2297 2143 2369">
     <span class='ocr_line' id='line_1_25' title="bbox 563 2297 2143 2369; baseline -0.006 -11"><span class='ocrx_word' id='word_1_154' title='bbox 563 2303 736 2358; x_wconf 68' lang='lat' dir='ltr'><strong>verbo</strong></span> <span class='ocrx_word' id='word_1_155' title='bbox 775 2318 841 2356; x_wconf 84' lang='lat' dir='ltr'><strong>ex</strong></span> <span class='ocrx_word' id='word_1_156' title='bbox 878 2301 945 2354; x_wconf 90' lang='lat' dir='ltr'><strong>iis</strong></span> <span class='ocrx_word' id='word_1_157' title='bbox 988 2315 1110 2369; x_wconf 66' lang='lat' dir='ltr'><strong>quae</strong></span> <span class='ocrx_word' id='word_1_158' title='bbox 1142 2314 1248 2352; x_wconf 85' lang='lat' dir='ltr'><strong>non</strong></span> <span class='ocrx_word' id='word_1_159' title='bbox 1286 2308 1442 2353; x_wconf 88' lang='lat' dir='ltr'><strong>erant</strong></span> <span class='ocrx_word' id='word_1_160' title='bbox 1496 2297 1858 2352; x_wconf 87' lang='lat' dir='ltr'><strong>constitutum</strong></span> <span class='ocrx_word' id='word_1_161' title='bbox 1904 2305 1987 2349; x_wconf 91' lang='lat' dir='ltr'><strong>est</strong></span> <span class='ocrx_word' id='word_1_162' title='bbox 2021 2297 2143 2348; x_wconf 90' lang='lat' dir='ltr'><strong>uni-</strong></span> 
     </span>
    </p>
   </div>
   <div class='ocr_carea' id='block_1_26' title="bbox 570 2387 2138 2456">
    <p class='ocr_par' dir='ltr' id='par_1_26' title="bbox 570 2387 2138 2456">
     <span class='ocr_line' id='line_1_26' title="bbox 570 2387 2138 2456; baseline -0.005 -9"><span class='ocrx_word' id='word_1_163' title='bbox 570 2405 815 2456; x_wconf 79' lang='lat' dir='ltr'><strong>versum,</strong></span> <span class='ocrx_word' id='word_1_164' title='bbox 841 2391 1040 2445; x_wconf 72' lang='lat' dir='ltr'><strong>caelum</strong></span> <span class='ocrx_word' id='word_1_165' title='bbox 1068 2399 1123 2442; x_wconf 87' lang='lat' dir='ltr'><strong>et</strong></span> <span class='ocrx_word' id='word_1_166' title='bbox 1151 2399 1315 2450; x_wconf 84' lang='lat' dir='ltr'><strong>terra,</strong></span> <span class='ocrx_word' id='word_1_167' title='bbox 1348 2397 1402 2440; x_wconf 89' lang='lat' dir='ltr'><strong>et</strong></span> <span class='ocrx_word' id='word_1_168' title='bbox 1422 2387 1604 2440; x_wconf 87' lang='lat' dir='ltr'><strong>omnia</strong></span> <span class='ocrx_word' id='word_1_169' title='bbox 1631 2403 1749 2455; x_wconf 74' lang='lat' dir='ltr'><strong>qua:</strong></span> <span class='ocrx_word' id='word_1_170' title='bbox 1782 2398 1911 2440; x_wconf 91' lang='lat' dir='ltr'><strong>sunt</strong></span> <span class='ocrx_word' id='word_1_171' title='bbox 1935 2388 1988 2438; x_wconf 90' lang='lat' dir='ltr'><strong>in</strong></span> <span class='ocrx_word' id='word_1_172' title='bbox 2023 2387 2138 2451; x_wconf 88' lang='lat' dir='ltr'><strong>eis;</strong></span> 
     </span>
    </p>
   </div>
   <div class='ocr_carea' id='block_1_27' title="bbox 567 2478 2144 2553">
    <p class='ocr_par' dir='ltr' id='par_1_27' title="bbox 567 2478 2144 2553">
     <span class='ocr_line' id='line_1_27' title="bbox 567 2478 2144 2553; baseline -0.007 -12"><span class='ocrx_word' id='word_1_173' title='bbox 567 2500 746 2553; x_wconf 82' lang='lat' dir='ltr'><strong>neque</strong></span> <span class='ocrx_word' id='word_1_174' title='bbox 774 2483 940 2536; x_wconf 90' lang='lat' dir='ltr'><strong>ullum</strong></span> <span class='ocrx_word' id='word_1_175' title='bbox 964 2481 1134 2535; x_wconf 91' lang='lat' dir='ltr'><strong>alium</strong></span> <span class='ocrx_word' id='word_1_176' title='bbox 1169 2478 1338 2534; x_wconf 89' lang='lat' dir='ltr'><strong>Deum</strong></span> <span class='ocrx_word' id='word_1_177' title='bbox 1367 2479 1592 2543; x_wconf 87' lang='lat' dir='ltr'><strong>scimus,</strong></span> <span class='ocrx_word' id='word_1_178' title='bbox 1633 2487 1828 2546; x_wconf 72' lang='lat' dir='ltr'><strong>praeter</strong></span> <span class='ocrx_word' id='word_1_179' title='bbox 1853 2478 2020 2542; x_wconf 87' lang='lat' dir='ltr'><strong>hunc,</strong></span> <span class='ocrx_word' id='word_1_180' title='bbox 2052 2491 2144 2530; x_wconf 81' lang='lat' dir='ltr'><strong>ne-</strong></span> 
     </span>
    </p>
   </div>
   <div class='ocr_carea' id='block_1_28' title="bbox 566 2570 2138 2647">
    <p class='ocr_par' dir='ltr' id='par_1_28' title="bbox 566 2570 2138 2647">
     <span class='ocr_line' id='line_1_28' title="bbox 566 2570 2138 2647; baseline -0.004 -15"><span class='ocrx_word' id='word_1_181' title='bbox 566 2594 674 2647; x_wconf 89' lang='lat' dir='ltr'><strong>que</strong></span> <span class='ocrx_word' id='word_1_182' title='bbox 726 2576 955 2630; x_wconf 80' lang='lat' dir='ltr'><strong>adorare</strong></span> <span class='ocrx_word' id='word_1_183' title='bbox 1015 2573 1204 2642; x_wconf 91' lang='lat' dir='ltr'><strong>(absit,</strong></span> <span class='ocrx_word' id='word_1_184' title='bbox 1268 2570 1384 2626; x_wconf 82' lang='lat' dir='ltr'><strong>Rex</strong></span> <span class='ocrx_word' id='word_1_185' title='bbox 1438 2571 1676 2640; x_wconf 81' lang='lat' dir='ltr'><strong>Christe)</strong></span> <span class='ocrx_word' id='word_1_186' title='bbox 1729 2571 2138 2625; x_wconf 87' lang='lat' dir='ltr'><strong>sustinebimus.</strong></span> 
     </span>
    </p>
   </div>
   <div class='ocr_carea' id='block_1_29' title="bbox 569 2663 2141 2732">
    <p class='ocr_par' dir='ltr' id='par_1_29' title="bbox 569 2663 2141 2732">
     <span class='ocr_line' id='line_1_29' title="bbox 569 2663 2141 2732; baseline -0.006 -7"><span class='ocrx_word' id='word_1_187' title='bbox 569 2670 685 2725; x_wconf 82' lang='lat' dir='ltr'><strong>Tua</strong></span> <span class='ocrx_word' id='word_1_188' title='bbox 719 2678 904 2722; x_wconf 88' lang='lat' dir='ltr'><strong>autem</strong></span> <span class='ocrx_word' id='word_1_189' title='bbox 929 2667 1070 2720; x_wconf 91' lang='lat' dir='ltr'><strong>dona</strong></span> <span class='ocrx_word' id='word_1_190' title='bbox 1102 2673 1157 2717; x_wconf 82' lang='lat' dir='ltr'><strong>et</strong></span> <span class='ocrx_word' id='word_1_191' title='bbox 1193 2665 1429 2717; x_wconf 80' lang='lat' dir='ltr'><strong>honores</strong></span> <span class='ocrx_word' id='word_1_192' title='bbox 1464 2663 1598 2717; x_wconf 88' lang='lat' dir='ltr'><strong>alios</strong></span> <span class='ocrx_word' id='word_1_193' title='bbox 1627 2663 1885 2725; x_wconf 86' lang='lat' dir='ltr'><strong>alliciant,</strong></span> <span class='ocrx_word' id='word_1_194' title='bbox 1939 2677 2141 2732; x_wconf 87' lang='lat' dir='ltr'><strong>eosque</strong></span> 
     </span>
    </p>
   </div>
   <div class='ocr_carea' id='block_1_30' title="bbox 569 2754 2142 2830">
    <p class='ocr_par' dir='ltr' id='par_1_30' title="bbox 569 2754 2142 2830">
     <span class='ocr_line' id='line_1_30' title="bbox 569 2754 2142 2830; baseline -0.006 -15"><span class='ocrx_word' id='word_1_195' title='bbox 569 2759 660 2830; x_wconf 83' lang='lat' dir='ltr'><strong>qui</strong></span> <span class='ocrx_word' id='word_1_196' title='bbox 696 2754 1204 2826; x_wconf 81' lang='lat' dir='ltr'><strong>suutpusillanimi,</strong></span> <span class='ocrx_word' id='word_1_197' title='bbox 1250 2763 1302 2806; x_wconf 93' lang='lat' dir='ltr'><strong>et</strong></span> <span class='ocrx_word' id='word_1_198' title='bbox 1337 2768 1500 2822; x_wconf 79' lang='lat' dir='ltr'><strong>parva</strong></span> <span class='ocrx_word' id='word_1_199' title='bbox 1551 2755 1970 2824; x_wconf 84' lang='lat' dir='ltr'><strong>concupiscunt,</strong></span> <span class='ocrx_word' id='word_1_200' title='bbox 2006 2754 2142 2807; x_wconf 87' lang='lat' dir='ltr'><strong>deli-</strong></span> 
     </span>
    </p>
   </div>
   <div class='ocr_carea' id='block_1_31' title="bbox 569 2845 2141 2915">
    <p class='ocr_par' dir='ltr' id='par_1_31' title="bbox 569 2845 2141 2915">
     <span class='ocr_line' id='line_1_31' title="bbox 569 2845 2141 2915; baseline -0.005 -10"><span class='ocrx_word' id='word_1_201' title='bbox 569 2853 741 2905; x_wconf 84' lang='lat' dir='ltr'><strong>niant.</strong></span> <span class='ocrx_word' id='word_1_202' title='bbox 776 2849 900 2903; x_wconf 67' lang='lat' dir='ltr'><strong>Hmc</strong></span> <span class='ocrx_word' id='word_1_203' title='bbox 922 2849 1066 2903; x_wconf 90' lang='lat' dir='ltr'><strong>enim</strong></span> <span class='ocrx_word' id='word_1_204' title='bbox 1092 2863 1123 2900; x_wconf 90' lang='lat' dir='ltr'><strong>a</strong></span> <span class='ocrx_word' id='word_1_205' title='bbox 1170 2847 1327 2906; x_wconf 87' lang='lat' dir='ltr'><strong>nobis</strong></span> <span class='ocrx_word' id='word_1_206' title='bbox 1383 2847 1535 2915; x_wconf 79' lang='lat' dir='ltr'><strong>parvi</strong></span> <span class='ocrx_word' id='word_1_207' title='bbox 1575 2845 1728 2908; x_wconf 80' lang='lat' dir='ltr'><strong>ﬁunt,</strong></span> <span class='ocrx_word' id='word_1_208' title='bbox 1761 2856 1814 2898; x_wconf 89' lang='lat' dir='ltr'><strong>et</strong></span> <span class='ocrx_word' id='word_1_209' title='bbox 1857 2846 1944 2898; x_wconf 84' lang='lat' dir='ltr'><strong>vix</strong></span> <span class='ocrx_word' id='word_1_210' title='bbox 1981 2845 2141 2899; x_wconf 87' lang='lat' dir='ltr'><strong>ullam</strong></span> 
     </span>
    </p>
   </div>
   <div class='ocr_carea' id='block_1_32' title="bbox 570 2937 2142 3000">
    <p class='ocr_par' dir='ltr' id='par_1_32' title="bbox 570 2937 2142 3000">
     <span class='ocr_line' id='line_1_32' title="bbox 570 2937 2142 3000; baseline -0.003 -3"><span class='ocrx_word' id='word_1_211' title='bbox 570 2957 760 2998; x_wconf 88' lang='lat' dir='ltr'><strong>eorum</strong></span> <span class='ocrx_word' id='word_1_212' title='bbox 793 2942 1045 2995; x_wconf 87' lang='lat' dir='ltr'><strong>ducimus</strong></span> <span class='ocrx_word' id='word_1_213' title='bbox 1072 2939 1364 3000; x_wconf 89' lang='lat' dir='ltr'><strong>rationem,</strong></span> <span class='ocrx_word' id='word_1_214' title='bbox 1391 2953 1515 2990; x_wconf 88' lang='lat' dir='ltr'><strong>cum</strong></span> <span class='ocrx_word' id='word_1_215' title='bbox 1548 2937 1722 2990; x_wconf 91' lang='lat' dir='ltr'><strong>solum</strong></span> <span class='ocrx_word' id='word_1_216' title='bbox 1763 2951 2013 2991; x_wconf 87' lang='lat' dir='ltr'><strong>amemus</strong></span> <span class='ocrx_word' id='word_1_217' title='bbox 2047 2939 2142 2992; x_wconf 88' lang='lat' dir='ltr'><strong>bo-</strong></span> 
     </span>
    </p>
   </div>
   <div class='ocr_carea' id='block_1_33' title="bbox 569 3009 2137 3101">
    <p class='ocr_par' dir='ltr' id='par_1_33' title="bbox 569 3009 2137 3101">
     <span class='ocr_line' id='line_1_33' title="bbox 569 3009 2137 3101; baseline -0.004 -13"><span class='ocrx_word' id='word_1_218' title='bbox 569 3048 782 3098; x_wconf 89' lang='lat' dir='ltr'><strong>norem,</strong></span> <span class='ocrx_word' id='word_1_219' title='bbox 808 3031 898 3101; x_wconf 91' lang='lat' dir='ltr'><strong>qui</strong></span> <span class='ocrx_word' id='word_1_220' title='bbox 936 3039 1018 3084; x_wconf 90' lang='lat' dir='ltr'><strong>est</strong></span> <span class='ocrx_word' id='word_1_221' title='bbox 1053 3029 1106 3082; x_wconf 91' lang='lat' dir='ltr'><strong>in</strong></span> <span class='ocrx_word' id='word_1_222' title='bbox 1142 3027 1316 3092; x_wconf 74' lang='lat' dir='ltr'><strong>cretis,</strong></span> <span class='ocrx_word' id='word_1_223' title='bbox 1347 3041 1507 3094; x_wconf 89' lang='lat' dir='ltr'><strong>quem</strong></span> <span class='ocrx_word' id='word_1_224' title='bbox 1557 3029 1721 3080; x_wconf 84' lang='lat' dir='ltr'><strong>vitam</strong></span> <span class='ocrx_word' id='word_1_225' title='bbox 1775 3009 2137 3082; x_wconf 82' lang='lat' dir='ltr'><strong>immortalem</strong></span> 
     </span>
    </p>
   </div>
   <div class='ocr_carea' id='block_1_34' title="bbox 566 3117 2206 3199">
    <p class='ocr_par' dir='ltr' id='par_1_34' title="bbox 566 3117 2206 3199">
     <span class='ocr_line' id='line_1_34' title="bbox 566 3117 2206 3199; baseline -0.004 -21"><span class='ocrx_word' id='word_1_226' title='bbox 566 3133 623 3179; x_wconf 87' lang='lat' dir='ltr'><strong>et</strong></span> <span class='ocrx_word' id='word_1_227' title='bbox 656 3137 883 3193; x_wconf 87' lang='lat' dir='ltr'><strong>regnum</strong></span> <span class='ocrx_word' id='word_1_228' title='bbox 930 3120 1023 3174; x_wconf 89' lang='lat' dir='ltr'><strong>Dei</strong></span> <span class='ocrx_word' id='word_1_229' title='bbox 1055 3134 1332 3175; x_wconf 77' lang='lat' dir='ltr'><strong>vocamus.</strong></span> <span class='ocrx_word' id='word_1_230' title='bbox 1359 3117 1450 3172; x_wconf 90' lang='lat' dir='ltr'><strong>Sic</strong></span> <span class='ocrx_word' id='word_1_231' title='bbox 1475 3117 1694 3186; x_wconf 85' lang='lat' dir='ltr'><strong>quidem</strong></span> <span class='ocrx_word' id='word_1_232' title='bbox 1718 3118 1854 3171; x_wconf 80' lang='lat' dir='ltr'><strong>dixit</strong></span> <span class='ocrx_word' id='word_1_233' title='bbox 1876 3119 1964 3170; x_wconf 84' lang='lat' dir='ltr'><strong>ille</strong></span> <span class='ocrx_word' id='word_1_234' title='bbox 2013 3120 2129 3187; x_wconf 89' lang='lat' dir='ltr'><strong>glo-</strong></span> <span class='ocrx_word' id='word_1_235' title='bbox 2167 3146 2206 3199; x_wconf 67' lang='grc' dir='ltr'><strong><em>ε</em></strong></span> 
     </span>
    </p>
   </div>
   <div class='ocr_carea' id='block_1_35' title="bbox 571 3207 2140 3278">
    <p class='ocr_par' dir='ltr' id='par_1_35' title="bbox 571 3207 2140 3278">
     <span class='ocr_line' id='line_1_35' title="bbox 571 3207 2140 3278; baseline -0.004 -9"><span class='ocrx_word' id='word_1_236' title='bbox 571 3216 748 3269; x_wconf 85' lang='lat' dir='ltr'><strong>riosus</strong></span> <span class='ocrx_word' id='word_1_237' title='bbox 779 3214 1075 3276; x_wconf 78' lang='lat' dir='ltr'><strong>exercitus,</strong></span> <span class='ocrx_word' id='word_1_238' title='bbox 1134 3210 1228 3278; x_wconf 80' lang='lat' dir='ltr'><strong>qui</strong></span> <span class='ocrx_word' id='word_1_239' title='bbox 1276 3208 1514 3262; x_wconf 86' lang='lat' dir='ltr'><strong>babebat</strong></span> <span class='ocrx_word' id='word_1_240' title='bbox 1560 3208 1755 3262; x_wconf 87' lang='lat' dir='ltr'><strong>ducem</strong></span> <span class='ocrx_word' id='word_1_241' title='bbox 1801 3207 2140 3262; x_wconf 86' lang='lat' dir='ltr'><strong>benedictam</strong></span> 
     </span>
    </p>
   </div>
   <div class='ocr_carea' id='block_1_36' title="bbox 573 3303 951 3374">
    <p class='ocr_par' dir='ltr' id='par_1_36' title="bbox 573 3303 951 3374">
     <span class='ocr_line' id='line_1_36' title="bbox 573 3303 951 3374; baseline -0.011 -15"><span class='ocrx_word' id='word_1_242' title='bbox 573 3303 951 3374; x_wconf 84' lang='lat' dir='ltr'><strong>Euphemiam.</strong></span> 
     </span>
    </p>
   </div>
   <div class='ocr_carea' id='block_1_37' title="bbox 639 3388 2139 3466">
    <p class='ocr_par' dir='ltr' id='par_1_37' title="bbox 639 3388 2139 3466">
     <span class='ocr_line' id='line_1_37' title="bbox 639 3388 2139 3466; baseline -0.005 -16"><span class='ocrx_word' id='word_1_243' title='bbox 639 3394 726 3450; x_wconf 87' lang='lat' dir='ltr'><strong>III.</strong></span> <span class='ocrx_word' id='word_1_244' title='bbox 752 3394 1033 3466; x_wconf 77' lang='lat' dir='ltr'><strong>Tyrannus</strong></span> <span class='ocrx_word' id='word_1_245' title='bbox 1057 3400 1236 3445; x_wconf 86' lang='lat' dir='ltr'><strong>autem</strong></span> <span class='ocrx_word' id='word_1_246' title='bbox 1257 3404 1324 3444; x_wconf 94' lang='lat' dir='ltr'><strong>ne</strong></span> <span class='ocrx_word' id='word_1_247' title='bbox 1344 3389 1419 3446; x_wconf 90' lang='lat' dir='ltr'><strong>sic</strong></span> <span class='ocrx_word' id='word_1_248' title='bbox 1441 3388 1657 3460; x_wconf 90' lang='lat' dir='ltr'><strong>quidem</strong></span> <span class='ocrx_word' id='word_1_249' title='bbox 1683 3389 1981 3455; x_wconf 84' lang='lat' dir='ltr'><strong>desperans</strong></span> <span class='ocrx_word' id='word_1_250' title='bbox 2005 3388 2139 3450; x_wconf 78' lang='lat' dir='ltr'><strong>fore,</strong></span> 
     </span>
    </p>
   </div>
   <div class='ocr_carea' id='block_1_38' title="bbox 575 3480 2141 3558">
    <p class='ocr_par' dir='ltr' id='par_1_38' title="bbox 575 3480 2141 3558">
     <span class='ocr_line' id='line_1_38' title="bbox 575 3480 2141 3558; baseline -0.008 -15"><span class='ocrx_word' id='word_1_251' title='bbox 575 3496 634 3544; x_wconf 91' lang='lat' dir='ltr'><strong>ut</strong></span> <span class='ocrx_word' id='word_1_252' title='bbox 691 3488 772 3541; x_wconf 83' lang='lat' dir='ltr'><strong>eis</strong></span> <span class='ocrx_word' id='word_1_253' title='bbox 801 3485 1176 3558; x_wconf 80' lang='lat' dir='ltr'><strong>persuaderet,</strong></span> <span class='ocrx_word' id='word_1_254' title='bbox 1226 3482 1322 3537; x_wconf 84' lang='lat' dir='ltr'><strong>sed</strong></span> <span class='ocrx_word' id='word_1_255' title='bbox 1374 3482 1474 3535; x_wconf 87' lang='lat' dir='ltr'><strong>sibi</strong></span> <span class='ocrx_word' id='word_1_256' title='bbox 1526 3483 1729 3534; x_wconf 85' lang='lat' dir='ltr'><strong>bonam</strong></span> <span class='ocrx_word' id='word_1_257' title='bbox 1761 3480 1827 3531; x_wconf 93' lang='lat' dir='ltr'><strong>de</strong></span> <span class='ocrx_word' id='word_1_258' title='bbox 1857 3480 1936 3531; x_wconf 91' lang='lat' dir='ltr'><strong>eis</strong></span> <span class='ocrx_word' id='word_1_259' title='bbox 1991 3491 2141 3547; x_wconf 88' lang='lat' dir='ltr'><strong>spem</strong></span> 
     </span>
    </p>
   </div>
   <div class='ocr_carea' id='block_1_39' title="bbox 571 3570 2143 3650">
    <p class='ocr_par' dir='ltr' id='par_1_39' title="bbox 571 3570 2143 3650">
     <span class='ocr_line' id='line_1_39' title="bbox 571 3570 2143 3650; baseline -0.004 -19"><span class='ocrx_word' id='word_1_260' title='bbox 571 3579 821 3650; x_wconf 70' lang='lat' dir='ltr'><strong>praebens</strong></span> <span class='ocrx_word' id='word_1_261' title='bbox 892 3575 1283 3645; x_wconf 87' lang='lat' dir='ltr'><strong>(admirabatur</strong></span> <span class='ocrx_word' id='word_1_262' title='bbox 1336 3573 1482 3624; x_wconf 90' lang='lat' dir='ltr'><strong>enim</strong></span> <span class='ocrx_word' id='word_1_263' title='bbox 1537 3571 1658 3623; x_wconf 86' lang='lat' dir='ltr'><strong>illos</strong></span> <span class='ocrx_word' id='word_1_264' title='bbox 1741 3570 2030 3640; x_wconf 87' lang='lat' dir='ltr'><strong>aspiciens,</strong></span> <span class='ocrx_word' id='word_1_265' title='bbox 2088 3580 2143 3624; x_wconf 84' lang='lat' dir='ltr'><strong>et</strong></span> 
     </span>
    </p>
   </div>
   <div class='ocr_carea' id='block_1_40' title="bbox 571 3661 2142 3731">
    <p class='ocr_par' dir='ltr' id='par_1_40' title="bbox 571 3661 2142 3731">
     <span class='ocr_line' id='line_1_40' title="bbox 571 3661 2142 3731; baseline -0.008 -5"><span class='ocrx_word' id='word_1_266' title='bbox 571 3672 764 3726; x_wconf 81' lang='lat' dir='ltr'><strong>videns</strong></span> <span class='ocrx_word' id='word_1_267' title='bbox 834 3668 1049 3720; x_wconf 87' lang='lat' dir='ltr'><strong>illorum</strong></span> <span class='ocrx_word' id='word_1_268' title='bbox 1103 3662 1325 3717; x_wconf 88' lang='lat' dir='ltr'><strong>liberale</strong></span> <span class='ocrx_word' id='word_1_269' title='bbox 1396 3661 1694 3731; x_wconf 82' lang='lat' dir='ltr'><strong>ingenium,</strong></span> <span class='ocrx_word' id='word_1_270' title='bbox 1747 3669 1801 3714; x_wconf 89' lang='lat' dir='ltr'><strong>et</strong></span> <span class='ocrx_word' id='word_1_271' title='bbox 1850 3676 2142 3731; x_wconf 86' lang='lat' dir='ltr'><strong>generosos</strong></span> 
     </span>
    </p>
   </div>
   <div class='ocr_carea' id='block_1_41' title="bbox 570 3751 2138 3830">
    <p class='ocr_par' dir='ltr' id='par_1_41' title="bbox 570 3751 2138 3830">
     <span class='ocr_line' id='line_1_41' title="bbox 570 3751 2138 3830; baseline -0.007 -17"><span class='ocrx_word' id='word_1_272' title='bbox 570 3759 818 3830; x_wconf 76' lang='lat' dir='ltr'><strong>spiritus,</strong></span> <span class='ocrx_word' id='word_1_273' title='bbox 853 3769 1030 3824; x_wconf 91' lang='lat' dir='ltr'><strong>neque</strong></span> <span class='ocrx_word' id='word_1_274' title='bbox 1065 3752 1279 3807; x_wconf 86' lang='lat' dir='ltr'><strong>volebat</strong></span> <span class='ocrx_word' id='word_1_275' title='bbox 1316 3760 1424 3806; x_wconf 86' lang='lat' dir='ltr'><strong>tam</strong></span> <span class='ocrx_word' id='word_1_276' title='bbox 1461 3751 1749 3821; x_wconf 84' lang='lat' dir='ltr'><strong>pulchrum</strong></span> <span class='ocrx_word' id='word_1_277' title='bbox 1795 3759 1850 3804; x_wconf 90' lang='lat' dir='ltr'><strong>et</strong></span> <span class='ocrx_word' id='word_1_278' title='bbox 1884 3759 2138 3804; x_wconf 89' lang='lat' dir='ltr'><strong>ornatum</strong></span> 
     </span>
    </p>
   </div>
   <div class='ocr_carea' id='block_1_42' title="bbox 570 3843 2140 3918">
    <p class='ocr_par' dir='ltr' id='par_1_42' title="bbox 570 3843 2140 3918">
     <span class='ocr_line' id='line_1_42' title="bbox 570 3843 2140 3918; baseline -0.005 -14"><span class='ocrx_word' id='word_1_279' title='bbox 570 3860 770 3905; x_wconf 70' lang='lat' dir='ltr'><strong>emtum</strong></span> <span class='ocrx_word' id='word_1_280' title='bbox 808 3862 966 3918; x_wconf 68' lang='lat' dir='ltr'><strong>paena</strong></span> <span class='ocrx_word' id='word_1_281' title='bbox 997 3844 1181 3914; x_wconf 77' lang='lat' dir='ltr'><strong>allici),</strong></span> <span class='ocrx_word' id='word_1_282' title='bbox 1224 3844 1353 3898; x_wconf 83' lang='lat' dir='ltr'><strong>fecit</strong></span> <span class='ocrx_word' id='word_1_283' title='bbox 1387 3858 1574 3897; x_wconf 90' lang='lat' dir='ltr'><strong>rursus</strong></span> <span class='ocrx_word' id='word_1_284' title='bbox 1609 3843 1911 3912; x_wconf 84' lang='lat' dir='ltr'><strong>periculum</strong></span> <span class='ocrx_word' id='word_1_285' title='bbox 1940 3855 2140 3912; x_wconf 85' lang='lat' dir='ltr'><strong>marty-</strong></span> 
     </span>
    </p>
   </div>
   <div class='ocr_carea' id='block_1_43' title="bbox 572 3933 2138 4005">
    <p class='ocr_par' dir='ltr' id='par_1_43' title="bbox 572 3933 2138 4005">
     <span class='ocr_line' id='line_1_43' title="bbox 572 3933 2138 4005; baseline -0.005 -10"><span class='ocrx_word' id='word_1_286' title='bbox 572 3957 690 3996; x_wconf 89' lang='lat' dir='ltr'><strong>rum</strong></span> <span class='ocrx_word' id='word_1_287' title='bbox 743 3940 1080 4000; x_wconf 68' lang='lat' dir='ltr'><strong>constantize,</strong></span> <span class='ocrx_word' id='word_1_288' title='bbox 1115 3945 1169 3990; x_wconf 93' lang='lat' dir='ltr'><strong>et</strong></span> <span class='ocrx_word' id='word_1_289' title='bbox 1225 3951 1324 4005; x_wconf 89' lang='lat' dir='ltr'><strong>pro</strong></span> <span class='ocrx_word' id='word_1_290' title='bbox 1359 3936 1564 3988; x_wconf 85' lang='lat' dir='ltr'><strong>viribus</strong></span> <span class='ocrx_word' id='word_1_291' title='bbox 1596 3933 1802 3986; x_wconf 85' lang='lat' dir='ltr'><strong>studuit</strong></span> <span class='ocrx_word' id='word_1_292' title='bbox 1851 3949 1943 3987; x_wconf 91' lang='lat' dir='ltr'><strong>eos</strong></span> <span class='ocrx_word' id='word_1_293' title='bbox 1978 3949 2006 3987; x_wconf 88' lang='lat' dir='ltr'><strong>a</strong></span> <span class='ocrx_word' id='word_1_294' title='bbox 2043 3950 2138 3988; x_wconf 87' lang='lat' dir='ltr'><strong>sua</strong></span> 
     </span>
    </p>
   </div>
   <div class='ocr_carea' id='block_1_44' title="bbox 573 4025 2139 4090">
    <p class='ocr_par' dir='ltr' id='par_1_44' title="bbox 573 4025 2139 4090">
     <span class='ocr_line' id='line_1_44' title="bbox 573 4025 2139 4090; baseline -0.004 -2"><span class='ocrx_word' id='word_1_295' title='bbox 573 4034 856 4090; x_wconf 83' lang='lat' dir='ltr'><strong>traducere</strong></span> <span class='ocrx_word' id='word_1_296' title='bbox 883 4031 1153 4084; x_wconf 84' lang='lat' dir='ltr'><strong>sententia</strong></span> <span class='ocrx_word' id='word_1_297' title='bbox 1177 4046 1191 4081; x_wconf 90' lang='lat'><strong>:</strong></span> <span class='ocrx_word' id='word_1_298' title='bbox 1218 4029 1351 4080; x_wconf 84' lang='lat' dir='ltr'><strong>Cum</strong></span> <span class='ocrx_word' id='word_1_299' title='bbox 1390 4025 1626 4090; x_wconf 81' lang='lat' dir='ltr'><strong>videam,</strong></span> <span class='ocrx_word' id='word_1_300' title='bbox 1655 4025 1867 4090; x_wconf 92' lang='lat' dir='ltr'><strong>dicens,</strong></span> <span class='ocrx_word' id='word_1_301' title='bbox 1903 4027 1957 4080; x_wconf 91' lang='lat' dir='ltr'><strong>in</strong></span> <span class='ocrx_word' id='word_1_302' title='bbox 1986 4028 2139 4082; x_wconf 82' lang='lat' dir='ltr'><strong>vobis</strong></span> 
     </span>
    </p>
   </div>
   <div class='ocr_carea' id='block_1_45' title="bbox 570 4123 2141 4194">
    <p class='ocr_par' dir='ltr' id='par_1_45' title="bbox 570 4123 2141 4194">
     <span class='ocr_line' id='line_1_45' title="bbox 570 4123 2141 4194; baseline -0.008 -9"><span class='ocrx_word' id='word_1_303' title='bbox 570 4130 798 4185; x_wconf 75' lang='lat' dir='ltr'><strong>multam</strong></span> <span class='ocrx_word' id='word_1_304' title='bbox 846 4127 1063 4182; x_wconf 85' lang='lat' dir='ltr'><strong>elucere</strong></span> <span class='ocrx_word' id='word_1_305' title='bbox 1114 4124 1551 4194; x_wconf 82' lang='lat' dir='ltr'><strong>intelligentiam,</strong></span> <span class='ocrx_word' id='word_1_306' title='bbox 1599 4123 1666 4174; x_wconf 90' lang='lat' dir='ltr'><strong>de</strong></span> <span class='ocrx_word' id='word_1_307' title='bbox 1741 4132 1918 4174; x_wconf 83' lang='lat' dir='ltr'><strong>vestra</strong></span> <span class='ocrx_word' id='word_1_308' title='bbox 1969 4134 2141 4174; x_wconf 87' lang='lat' dir='ltr'><strong>muta-</strong></span> 
     </span>
    </p>
   </div>
   <div class='ocr_carea' id='block_1_46' title="bbox 569 4211 2137 4289">
    <p class='ocr_par' dir='ltr' id='par_1_46' title="bbox 569 4211 2137 4289">
     <span class='ocr_line' id='line_1_46' title="bbox 569 4211 2137 4289; baseline -0.006 -12"><span class='ocrx_word' id='word_1_309' title='bbox 569 4227 720 4278; x_wconf 84' lang='lat' dir='ltr'><strong>tione</strong></span> <span class='ocrx_word' id='word_1_310' title='bbox 755 4223 995 4275; x_wconf 91' lang='lat' dir='ltr'><strong>nondum</strong></span> <span class='ocrx_word' id='word_1_311' title='bbox 1027 4233 1176 4289; x_wconf 75' lang='lat' dir='ltr'><strong>Spem</strong></span> <span class='ocrx_word' id='word_1_312' title='bbox 1210 4218 1431 4284; x_wconf 80' lang='lat' dir='ltr'><strong>abjicio,</strong></span> <span class='ocrx_word' id='word_1_313' title='bbox 1459 4212 1554 4268; x_wconf 88' lang='lat' dir='ltr'><strong>sed</strong></span> <span class='ocrx_word' id='word_1_314' title='bbox 1587 4213 1700 4267; x_wconf 89' lang='lat' dir='ltr'><strong>scio</strong></span> <span class='ocrx_word' id='word_1_315' title='bbox 1758 4211 1895 4278; x_wconf 85' lang='lat' dir='ltr'><strong>fore,</strong></span> <span class='ocrx_word' id='word_1_316' title='bbox 1928 4224 1986 4268; x_wconf 90' lang='lat' dir='ltr'><strong>ut</strong></span> <span class='ocrx_word' id='word_1_317' title='bbox 2007 4213 2137 4268; x_wconf 89' lang='lat' dir='ltr'><strong>mihi</strong></span> 
     </span>
    </p>
   </div>
   <div class='ocr_carea' id='block_1_47' title="bbox 572 4305 2140 4375">
    <p class='ocr_par' dir='ltr' id='par_1_47' title="bbox 572 4305 2140 4375">
     <span class='ocr_line' id='line_1_47' title="bbox 572 4305 2140 4375; baseline -0.005 -7"><span class='ocrx_word' id='word_1_318' title='bbox 572 4313 815 4368; x_wconf 87' lang='lat' dir='ltr'><strong>credatis</strong></span> <span class='ocrx_word' id='word_1_319' title='bbox 839 4310 1150 4365; x_wconf 79' lang='lat' dir='ltr'><strong>consulenti</strong></span> <span class='ocrx_word' id='word_1_320' title='bbox 1179 4321 1264 4371; x_wconf 85' lang='lat' dir='ltr'><strong>ea,</strong></span> <span class='ocrx_word' id='word_1_321' title='bbox 1293 4321 1412 4375; x_wconf 77' lang='lat' dir='ltr'><strong>quae</strong></span> <span class='ocrx_word' id='word_1_322' title='bbox 1440 4315 1568 4360; x_wconf 82' lang='lat' dir='ltr'><strong>sunt</strong></span> <span class='ocrx_word' id='word_1_323' title='bbox 1605 4305 1746 4358; x_wconf 85' lang='lat' dir='ltr'><strong>bona</strong></span> <span class='ocrx_word' id='word_1_324' title='bbox 1763 4313 1818 4358; x_wconf 86' lang='lat' dir='ltr'><strong>et</strong></span> <span class='ocrx_word' id='word_1_325' title='bbox 1863 4305 2036 4366; x_wconf 86' lang='lat' dir='ltr'><strong>utilia,</strong></span> <span class='ocrx_word' id='word_1_326' title='bbox 2085 4315 2140 4360; x_wconf 91' lang='lat' dir='ltr'><strong>et</strong></span> 
     </span>
    </p>
   </div>
   <div class='ocr_carea' id='block_1_48' title="bbox 571 4399 2137 4479">
    <p class='ocr_par' dir='ltr' id='par_1_48' title="bbox 571 4399 2137 4479">
     <span class='ocr_line' id='line_1_48' title="bbox 571 4399 2137 4479; baseline -0.008 -17"><span class='ocrx_word' id='word_1_327' title='bbox 571 4423 686 4464; x_wconf 88' lang='lat' dir='ltr'><strong>non</strong></span> <span class='ocrx_word' id='word_1_328' title='bbox 719 4421 819 4479; x_wconf 88' lang='lat' dir='ltr'><strong>pro</strong></span> <span class='ocrx_word' id='word_1_329' title='bbox 855 4406 1062 4460; x_wconf 88' lang='lat' dir='ltr'><strong>honore</strong></span> <span class='ocrx_word' id='word_1_330' title='bbox 1089 4403 1302 4473; x_wconf 76' lang='lat' dir='ltr'><strong>eligatis</strong></span> <span class='ocrx_word' id='word_1_331' title='bbox 1337 4399 1713 4471; x_wconf 77' lang='lat' dir='ltr'><strong>ignominiam,</strong></span> <span class='ocrx_word' id='word_1_332' title='bbox 1774 4407 1830 4453; x_wconf 90' lang='lat' dir='ltr'><strong>et</strong></span> <span class='ocrx_word' id='word_1_333' title='bbox 1862 4414 1961 4468; x_wconf 91' lang='lat' dir='ltr'><strong>pro</strong></span> <span class='ocrx_word' id='word_1_334' title='bbox 1998 4399 2137 4452; x_wconf 87' lang='lat' dir='ltr'><strong>deli-</strong></span> 
     </span>
    </p>
   </div>
   <div class='ocr_carea' id='block_1_49' title="bbox 570 4491 2139 4564">
    <p class='ocr_par' dir='ltr' id='par_1_49' title="bbox 570 4491 2139 4564">
     <span class='ocr_line' id='line_1_49' title="bbox 570 4491 2139 4564; baseline -0.007 -11"><span class='ocrx_word' id='word_1_335' title='bbox 570 4499 672 4554; x_wconf 87' lang='lat' dir='ltr'><strong>ciis</strong></span> <span class='ocrx_word' id='word_1_336' title='bbox 719 4508 775 4549; x_wconf 90' lang='lat' dir='ltr'><strong>et</strong></span> <span class='ocrx_word' id='word_1_337' title='bbox 821 4496 988 4564; x_wconf 87' lang='lat' dir='ltr'><strong>gloria</strong></span> <span class='ocrx_word' id='word_1_338' title='bbox 1038 4493 1294 4553; x_wconf 89' lang='lat' dir='ltr'><strong>dedecus,</strong></span> <span class='ocrx_word' id='word_1_339' title='bbox 1355 4501 1410 4544; x_wconf 90' lang='lat' dir='ltr'><strong>et</strong></span> <span class='ocrx_word' id='word_1_340' title='bbox 1455 4491 1637 4543; x_wconf 81' lang='lat' dir='ltr'><strong>videre</strong></span> <span class='ocrx_word' id='word_1_341' title='bbox 1685 4499 1791 4543; x_wconf 93' lang='lat' dir='ltr'><strong>tam</strong></span> <span class='ocrx_word' id='word_1_342' title='bbox 1856 4491 2139 4560; x_wconf 86' lang='lat' dir='ltr'><strong>pulchram</strong></span> 
     </span>
    </p>
   </div>
   <div class='ocr_carea' id='block_1_50' title="bbox 567 4577 2140 4658">
    <p class='ocr_par' dir='ltr' id='par_1_50' title="bbox 567 4577 2140 4658">
     <span class='ocr_line' id='line_1_50' title="bbox 567 4577 2140 4658; baseline -0.005 -16"><span class='ocrx_word' id='word_1_343' title='bbox 567 4589 910 4658; x_wconf 77' lang='lat' dir='ltr'><strong>iuventutem</strong></span> <span class='ocrx_word' id='word_1_344' title='bbox 940 4592 994 4638; x_wconf 86' lang='lat' dir='ltr'><strong>et</strong></span> <span class='ocrx_word' id='word_1_345' title='bbox 1021 4577 1206 4636; x_wconf 82' lang='lat' dir='ltr'><strong>ﬂorem</strong></span> <span class='ocrx_word' id='word_1_346' title='bbox 1236 4581 1503 4650; x_wconf 87' lang='lat' dir='ltr'><strong>corporis,</strong></span> <span class='ocrx_word' id='word_1_347' title='bbox 1562 4595 1682 4649; x_wconf 69' lang='lat' dir='ltr'><strong>quae</strong></span> <span class='ocrx_word' id='word_1_348' title='bbox 1711 4590 1838 4633; x_wconf 89' lang='lat' dir='ltr'><strong>sunt</strong></span> <span class='ocrx_word' id='word_1_349' title='bbox 1886 4581 2140 4634; x_wconf 82' lang='lat' dir='ltr'><strong>omnibus</strong></span> 
     </span>
    </p>
   </div>
   <div class='ocr_carea' id='block_1_51' title="bbox 573 4668 2139 4745">
    <p class='ocr_par' dir='ltr' id='par_1_51' title="bbox 573 4668 2139 4745">
     <span class='ocr_line' id='line_1_51' title="bbox 573 4668 2139 4745; baseline -0.008 -10"><span class='ocrx_word' id='word_1_350' title='bbox 573 4673 1337 4745; x_wconf 81' lang='lat' dir='ltr'><strong>hominibusjncundissima,</strong></span> <span class='ocrx_word' id='word_1_351' title='bbox 1368 4672 1622 4741; x_wconf 79' lang='lat' dir='ltr'><strong>gravibus</strong></span> <span class='ocrx_word' id='word_1_352' title='bbox 1666 4670 1958 4722; x_wconf 85' lang='lat' dir='ltr'><strong>tormentis</strong></span> <span class='ocrx_word' id='word_1_353' title='bbox 2001 4668 2139 4722; x_wconf 80' lang='lat' dir='ltr'><strong>allici</strong></span> 
     </span>
    </p>
   </div>
   <div class='ocr_carea' id='block_1_52' title="bbox 571 4756 2142 4826">
    <p class='ocr_par' dir='ltr' id='par_1_52' title="bbox 571 4756 2142 4826">
     <span class='ocr_line' id='line_1_52' title="bbox 571 4756 2142 4826; baseline -0.011 0"><span class='ocrx_word' id='word_1_354' title='bbox 571 4780 628 4826; x_wconf 84' lang='lat' dir='ltr'><strong>et</strong></span> <span class='ocrx_word' id='word_1_355' title='bbox 660 4768 878 4825; x_wconf 80' lang='lat' dir='ltr'><strong>laniari.</strong></span> <span class='ocrx_word' id='word_1_356' title='bbox 914 4765 992 4818; x_wconf 83' lang='lat' dir='ltr'><strong>Ad</strong></span> <span class='ocrx_word' id='word_1_357' title='bbox 1025 4764 1139 4817; x_wconf 66' lang='lat' dir='ltr'><strong>hac</strong></span> <span class='ocrx_word' id='word_1_358' title='bbox 1170 4777 1360 4817; x_wconf 86' lang='lat' dir='ltr'><strong>rursus</strong></span> <span class='ocrx_word' id='word_1_359' title='bbox 1405 4760 1572 4814; x_wconf 86' lang='lat' dir='ltr'><strong>libere</strong></span> <span class='ocrx_word' id='word_1_360' title='bbox 1630 4758 1801 4811; x_wconf 81' lang='lat' dir='ltr'><strong>sancti</strong></span> <span class='ocrx_word' id='word_1_361' title='bbox 1852 4756 2025 4822; x_wconf 83' lang='lat' dir='ltr'><strong>:Nos,</strong></span> <span class='ocrx_word' id='word_1_362' title='bbox 2061 4758 2142 4812; x_wconf 95' lang='lat' dir='ltr'><strong>di-</strong></span> 
     </span>
    </p>
   </div>
   <div class='ocr_carea' id='block_1_53' title="bbox 576 4837 2140 4924">
    <p class='ocr_par' dir='ltr' id='par_1_53' title="bbox 576 4837 2140 4924">
     <span class='ocr_line' id='line_1_53' title="bbox 576 4837 2140 4924; baseline -0.006 -11"><span class='ocrx_word' id='word_1_363' title='bbox 576 4867 793 4922; x_wconf 84' lang='lat' dir='ltr'><strong>xerunt,</strong></span> <span class='ocrx_word' id='word_1_364' title='bbox 826 4852 1194 4924; x_wconf 88' lang='lat' dir='ltr'><strong>oproconsul,</strong></span> <span class='ocrx_word' id='word_1_365' title='bbox 1231 4851 1423 4905; x_wconf 86' lang='lat' dir='ltr'><strong>eadem</strong></span> <span class='ocrx_word' id='word_1_366' title='bbox 1471 4865 1664 4902; x_wconf 86' lang='lat' dir='ltr'><strong>rursus</strong></span> <span class='ocrx_word' id='word_1_367' title='bbox 1707 4837 1962 4915; x_wconf 83' lang='lat' dir='ltr'><strong>dicimus,</strong></span> <span class='ocrx_word' id='word_1_368' title='bbox 1996 4850 2140 4917; x_wconf 92' lang='lat' dir='ltr'><strong>quod</strong></span> 
     </span>
    </p>
   </div>
   <div class='ocr_carea' id='block_1_54' title="bbox 572 4941 2138 5006">
    <p class='ocr_par' dir='ltr' id='par_1_54' title="bbox 572 4941 2138 5006">
     <span class='ocr_line' id='line_1_54' title="bbox 572 4941 2138 5006; baseline -0.008 0"><span class='ocrx_word' id='word_1_369' title='bbox 572 4951 869 5006; x_wconf 81' lang='lat' dir='ltr'><strong>maximum</strong></span> <span class='ocrx_word' id='word_1_370' title='bbox 915 4945 1289 5002; x_wconf 79' lang='lat' dir='ltr'><strong>existimamus</strong></span> <span class='ocrx_word' id='word_1_371' title='bbox 1327 4943 1583 5004; x_wconf 89' lang='lat' dir='ltr'><strong>dedecus,</strong></span> <span class='ocrx_word' id='word_1_372' title='bbox 1639 4941 1682 4994; x_wconf 89' lang='lat' dir='ltr'><strong>si</strong></span> <span class='ocrx_word' id='word_1_373' title='bbox 1740 4957 1863 4995; x_wconf 90' lang='lat' dir='ltr'><strong>cum</strong></span> <span class='ocrx_word' id='word_1_374' title='bbox 1903 4952 2138 4994; x_wconf 87' lang='lat' dir='ltr'><strong>mentem</strong></span> 
     </span>
    </p>
   </div>
   <div class='ocr_carea' id='block_1_55' title="bbox 573 5029 2143 5109">
    <p class='ocr_par' dir='ltr' id='par_1_55' title="bbox 573 5029 2143 5109">
     <span class='ocr_line' id='line_1_55' title="bbox 573 5029 2143 5109; baseline -0.011 -11"><span class='ocrx_word' id='word_1_375' title='bbox 573 5053 627 5098; x_wconf 88' lang='lat' dir='ltr'><strong>et</strong></span> <span class='ocrx_word' id='word_1_376' title='bbox 685 5038 1097 5109; x_wconf 85' lang='lat' dir='ltr'><strong>intelligentiam</strong></span> <span class='ocrx_word' id='word_1_377' title='bbox 1131 5050 1160 5088; x_wconf 88' lang='lat' dir='ltr'><strong>a</strong></span> <span class='ocrx_word' id='word_1_378' title='bbox 1218 5034 1328 5090; x_wconf 87' lang='lat' dir='ltr'><strong>Deo</strong></span> <span class='ocrx_word' id='word_1_379' title='bbox 1356 5031 1752 5101; x_wconf 80' lang='lat' dir='ltr'><strong>acceperimus,</strong></span> <span class='ocrx_word' id='word_1_380' title='bbox 1797 5032 1928 5083; x_wconf 86' lang='lat' dir='ltr'><strong>deos</strong></span> <span class='ocrx_word' id='word_1_381' title='bbox 1965 5029 2143 5083; x_wconf 82' lang='lat' dir='ltr'><strong>norni-</strong></span> 
     </span>
    </p>
   </div>
   <div class='ocr_carea' id='block_1_56' title="bbox 572 5120 2142 5195">
    <p class='ocr_par' dir='ltr' id='par_1_56' title="bbox 572 5120 2142 5195">
     <span class='ocr_line' id='line_1_56' title="bbox 572 5120 2142 5195; baseline -0.008 -11"><span class='ocrx_word' id='word_1_382' title='bbox 572 5145 767 5185; x_wconf 87' lang='lat' dir='ltr'><strong>nemus</strong></span> <span class='ocrx_word' id='word_1_383' title='bbox 796 5143 858 5182; x_wconf 85' lang='lat' dir='ltr'><strong>ea</strong></span> <span class='ocrx_word' id='word_1_384' title='bbox 892 5142 1011 5195; x_wconf 69' lang='lat' dir='ltr'><strong>qua:</strong></span> <span class='ocrx_word' id='word_1_385' title='bbox 1045 5139 1151 5179; x_wconf 88' lang='lat' dir='ltr'><strong>non</strong></span> <span class='ocrx_word' id='word_1_386' title='bbox 1178 5132 1307 5178; x_wconf 88' lang='lat' dir='ltr'><strong>sunt</strong></span> <span class='ocrx_word' id='word_1_387' title='bbox 1332 5123 1510 5176; x_wconf 86' lang='lat' dir='ltr'><strong>solum</strong></span> <span class='ocrx_word' id='word_1_388' title='bbox 1553 5131 1697 5175; x_wconf 85' lang='lat' dir='ltr'><strong>muta</strong></span> <span class='ocrx_word' id='word_1_389' title='bbox 1732 5131 1785 5175; x_wconf 81' lang='lat' dir='ltr'><strong>et</strong></span> <span class='ocrx_word' id='word_1_390' title='bbox 1814 5121 1999 5182; x_wconf 85' lang='lat' dir='ltr'><strong>surda,</strong></span> <span class='ocrx_word' id='word_1_391' title='bbox 2047 5120 2142 5173; x_wconf 89' lang='lat' dir='ltr'><strong>sed</strong></span> 
     </span>
    </p>
   </div>
   <div class='ocr_carea' id='block_1_57' title="bbox 573 5213 2138 5280">
    <p class='ocr_par' dir='ltr' id='par_1_57' title="bbox 573 5213 2138 5280">
     <span class='ocr_line' id='line_1_57' title="bbox 573 5213 2138 5280; baseline -0.01 -1"><span class='ocrx_word' id='word_1_392' title='bbox 573 5226 737 5280; x_wconf 85' lang='lat' dir='ltr'><strong>etiam</strong></span> <span class='ocrx_word' id='word_1_393' title='bbox 765 5229 946 5274; x_wconf 82' lang='lat' dir='ltr'><strong>mente</strong></span> <span class='ocrx_word' id='word_1_394' title='bbox 979 5228 1031 5272; x_wconf 84' lang='lat' dir='ltr'><strong>ct</strong></span> <span class='ocrx_word' id='word_1_395' title='bbox 1054 5234 1217 5272; x_wconf 86' lang='lat' dir='ltr'><strong>sensu</strong></span> <span class='ocrx_word' id='word_1_396' title='bbox 1248 5231 1437 5271; x_wconf 76' lang='lat' dir='ltr'><strong>vacua.</strong></span> <span class='ocrx_word' id='word_1_397' title='bbox 1469 5213 1600 5279; x_wconf 66' lang='lat' dir='ltr'><strong>Qua</strong></span> <span class='ocrx_word' id='word_1_398' title='bbox 1627 5223 1813 5267; x_wconf 87' lang='lat' dir='ltr'><strong>autem</strong></span> <span class='ocrx_word' id='word_1_399' title='bbox 1843 5215 1999 5266; x_wconf 87' lang='lat' dir='ltr'><strong>nobis</strong></span> <span class='ocrx_word' id='word_1_400' title='bbox 2053 5213 2138 5265; x_wconf 83' lang='lat' dir='ltr'><strong>in-</strong></span> 
     </span>
    </p>
   </div>
   <div class='ocr_carea' id='block_1_58' title="bbox 573 5307 2142 5390">
    <p class='ocr_par' dir='ltr' id='par_1_58' title="bbox 573 5307 2142 5390">
     <span class='ocr_line' id='line_1_58' title="bbox 573 5307 2142 5390; baseline -0.01 -17"><span class='ocrx_word' id='word_1_401' title='bbox 573 5321 716 5373; x_wconf 71' lang='lat' dir='ltr'><strong>Feres</strong></span> <span class='ocrx_word' id='word_1_402' title='bbox 746 5313 1040 5390; x_wconf 78' lang='lat' dir='ltr'><strong>supplicia,</strong></span> <span class='ocrx_word' id='word_1_403' title='bbox 1074 5321 1282 5365; x_wconf 82' lang='lat' dir='ltr'><strong>tantum</strong></span> <span class='ocrx_word' id='word_1_404' title='bbox 1345 5310 1518 5373; x_wconf 84' lang='lat' dir='ltr'><strong>abest,</strong></span> <span class='ocrx_word' id='word_1_405' title='bbox 1554 5317 1613 5361; x_wconf 89' lang='lat' dir='ltr'><strong>ut</strong></span> <span class='ocrx_word' id='word_1_406' title='bbox 1648 5321 1709 5360; x_wconf 83' lang='lat' dir='ltr'><strong>ea</strong></span> <span class='ocrx_word' id='word_1_407' title='bbox 1764 5307 2142 5361; x_wconf 84' lang='lat' dir='ltr'><strong>existimemus</strong></span> 
     </span>
    </p>
   </div>
   <div class='ocr_carea' id='block_1_59' title="bbox 577 5396 2143 5471">
    <p class='ocr_par' dir='ltr' id='par_1_59' title="bbox 577 5396 2143 5471">
     <span class='ocr_line' id='line_1_59' title="bbox 577 5396 2143 5471; baseline -0.011 -6"><span class='ocrx_word' id='word_1_408' title='bbox 577 5407 863 5471; x_wconf 83' lang='lat' dir='ltr'><strong>terribilia,</strong></span> <span class='ocrx_word' id='word_1_409' title='bbox 910 5413 970 5458; x_wconf 93' lang='lat' dir='ltr'><strong>ut</strong></span> <span class='ocrx_word' id='word_1_410' title='bbox 1023 5411 1216 5457; x_wconf 87' lang='lat' dir='ltr'><strong>contra</strong></span> <span class='ocrx_word' id='word_1_411' title='bbox 1257 5401 1425 5471; x_wconf 87' lang='lat' dir='ltr'><strong>magis</strong></span> <span class='ocrx_word' id='word_1_412' title='bbox 1467 5397 1774 5462; x_wconf 81' lang='lat' dir='ltr'><strong>timeamus,</strong></span> <span class='ocrx_word' id='word_1_413' title='bbox 1834 5413 1903 5450; x_wconf 88' lang='lat' dir='ltr'><strong>ne</strong></span> <span class='ocrx_word' id='word_1_414' title='bbox 1947 5399 1989 5451; x_wconf 89' lang='lat' dir='ltr'><strong>si</strong></span> <span class='ocrx_word' id='word_1_415' title='bbox 2035 5396 2143 5448; x_wconf 87' lang='lat' dir='ltr'><strong>sint</strong></span> 
     </span>
    </p>
   </div>
   <div class='ocr_carea' id='block_1_60' title="bbox 578 5490 2140 5560">
    <p class='ocr_par' dir='ltr' id='par_1_60' title="bbox 578 5490 2140 5560">
     <span class='ocr_line' id='line_1_60' title="bbox 578 5490 2140 5560; baseline -0.008 -9"><span class='ocrx_word' id='word_1_416' title='bbox 578 5499 714 5552; x_wconf 84' lang='lat' dir='ltr'><strong>levia</strong></span> <span class='ocrx_word' id='word_1_417' title='bbox 739 5507 793 5550; x_wconf 88' lang='lat' dir='ltr'><strong>et</strong></span> <span class='ocrx_word' id='word_1_418' title='bbox 819 5495 1121 5557; x_wconf 85' lang='lat' dir='ltr'><strong>moderata,</strong></span> <span class='ocrx_word' id='word_1_419' title='bbox 1141 5505 1248 5546; x_wconf 91' lang='lat' dir='ltr'><strong>non</strong></span> <span class='ocrx_word' id='word_1_420' title='bbox 1273 5493 1486 5560; x_wconf 85' lang='lat' dir='ltr'><strong>possint</strong></span> <span class='ocrx_word' id='word_1_421' title='bbox 1514 5505 1634 5544; x_wconf 90' lang='lat' dir='ltr'><strong>esse</strong></span> <span class='ocrx_word' id='word_1_422' title='bbox 1668 5490 1799 5543; x_wconf 88' lang='lat' dir='ltr'><strong>satis</strong></span> <span class='ocrx_word' id='word_1_423' title='bbox 1829 5496 2140 5540; x_wconf 84' lang='lat' dir='ltr'><strong>accuratum</strong></span> 
     </span>
    </p>
   </div>
   <div class='ocr_carea' id='block_1_61' title="bbox 579 5581 2142 5648">
    <p class='ocr_par' dir='ltr' id='par_1_61' title="bbox 579 5581 2142 5648">
     <span class='ocr_line' id='line_1_61' title="bbox 579 5581 2142 5648; baseline -0.006 -7"><span class='ocrx_word' id='word_1_424' title='bbox 579 5587 944 5642; x_wconf 84' lang='lat' dir='ltr'><strong>testimonium</strong></span> <span class='ocrx_word' id='word_1_425' title='bbox 1012 5587 1103 5638; x_wconf 88' lang='lat' dir='ltr'><strong>Dei</strong></span> <span class='ocrx_word' id='word_1_426' title='bbox 1163 5589 1216 5636; x_wconf 89' lang='lat' dir='ltr'><strong>in</strong></span> <span class='ocrx_word' id='word_1_427' title='bbox 1268 5600 1366 5636; x_wconf 91' lang='lat' dir='ltr'><strong>nos</strong></span> <span class='ocrx_word' id='word_1_428' title='bbox 1422 5583 1640 5635; x_wconf 78' lang='lat' dir='ltr'><strong>virtutis</strong></span> <span class='ocrx_word' id='word_1_429' title='bbox 1722 5591 1774 5634; x_wconf 87' lang='lat' dir='ltr'><strong>et</strong></span> <span class='ocrx_word' id='word_1_430' title='bbox 1867 5581 2142 5648; x_wconf 59' lang='lat' dir='ltr'><strong>potentiae.</strong></span> 
     </span>
    </p>
   </div>
   <div class='ocr_carea' id='block_1_62' title="bbox 584 5672 2142 5743">
    <p class='ocr_par' dir='ltr' id='par_1_62' title="bbox 584 5672 2142 5743">
     <span class='ocr_line' id='line_1_62' title="bbox 584 5672 2142 5743; baseline -0.004 -15"><span class='ocrx_word' id='word_1_431' title='bbox 584 5678 690 5728; x_wconf 84' lang='lat' dir='ltr'><strong>Sed</strong></span> <span class='ocrx_word' id='word_1_432' title='bbox 742 5692 810 5729; x_wconf 86' lang='lat' dir='ltr'><strong>ne</strong></span> <span class='ocrx_word' id='word_1_433' title='bbox 847 5675 1125 5743; x_wconf 77' lang='lat' dir='ltr'><strong>prolixiori</strong></span> <span class='ocrx_word' id='word_1_434' title='bbox 1179 5675 1350 5726; x_wconf 80' lang='lat' dir='ltr'><strong>utaris</strong></span> <span class='ocrx_word' id='word_1_435' title='bbox 1416 5674 1684 5736; x_wconf 87' lang='lat' dir='ltr'><strong>oratione,</strong></span> <span class='ocrx_word' id='word_1_436' title='bbox 1747 5672 1829 5724; x_wconf 83' lang='lat' dir='ltr'><strong>fac</strong></span> <span class='ocrx_word' id='word_1_437' title='bbox 1890 5673 2010 5738; x_wconf 79' lang='lat' dir='ltr'><strong>ejus</strong></span> <span class='ocrx_word' id='word_1_438' title='bbox 2067 5673 2142 5722; x_wconf 87' lang='lat' dir='ltr'><strong>rei</strong></span> 
     </span>
    </p>
   </div>
   <div class='ocr_carea' id='block_1_63' title="bbox 589 5759 2143 5830">
    <p class='ocr_par' dir='ltr' id='par_1_63' title="bbox 589 5759 2143 5830">
     <span class='ocr_line' id='line_1_63' title="bbox 589 5759 2143 5830; baseline -0.003 -17"><span class='ocrx_word' id='word_1_439' title='bbox 589 5763 885 5830; x_wconf 88' lang='lat' dir='ltr'><strong>periculum</strong></span> <span class='ocrx_word' id='word_1_440' title='bbox 949 5774 1052 5816; x_wconf 85' lang='lat' dir='ltr'><strong>:et</strong></span> <span class='ocrx_word' id='word_1_441' title='bbox 1106 5772 1233 5815; x_wconf 85' lang='lat' dir='ltr'><strong>tunc</strong></span> <span class='ocrx_word' id='word_1_442' title='bbox 1295 5761 1434 5814; x_wconf 83' lang='lat' dir='ltr'><strong>scies</strong></span> <span class='ocrx_word' id='word_1_443' title='bbox 1504 5769 1712 5828; x_wconf 73' lang='lat' dir='ltr'><strong>aperte,</strong></span> <span class='ocrx_word' id='word_1_444' title='bbox 1775 5774 1875 5811; x_wconf 91' lang='lat' dir='ltr'><strong>nos</strong></span> <span class='ocrx_word' id='word_1_445' title='bbox 1930 5759 2143 5810; x_wconf 81' lang='lat' dir='ltr'><strong>facilius</strong></span> 
     </span>
    </p>
   </div>
   <div class='ocr_carea' id='block_1_64' title="bbox 2237 556 3809 630">
    <p class='ocr_par' dir='ltr' id='par_1_64' title="bbox 2237 556 3809 630">
     <span class='ocr_line' id='line_1_64' title="bbox 2237 556 3809 630; baseline 0.003 -21"><span class='ocrx_word' id='word_1_446' title='bbox 2237 556 2352 609; x_wconf 76' lang='grc' dir='ltr'>ἀλλ’</span> <span class='ocrx_word' id='word_1_447' title='bbox 2383 557 2455 620; x_wconf 84' lang='grc' dir='ltr'><strong>ὠς</strong></span> <span class='ocrx_word' id='word_1_448' title='bbox 2493 559 2728 622; x_wconf 75' lang='grc' dir='ltr'>μάλιστα</span> <span class='ocrx_word' id='word_1_449' title='bbox 2760 559 3275 630; x_wconf 73' lang='grc' dir='ltr'><strong>περιεργασάμενος</strong></span> <span class='ocrx_word' id='word_1_450' title='bbox 3311 563 3404 612; x_wconf 72' lang='grc' dir='ltr'><strong>καὶ</strong></span> <span class='ocrx_word' id='word_1_451' title='bbox 3431 559 3646 630; x_wconf 82' lang='grc' dir='ltr'>μαθὼν,</span> <span class='ocrx_word' id='word_1_452' title='bbox 3677 562 3809 630; x_wconf 72' lang='grc' dir='ltr'>δῆλα</span> 
     </span>
    </p>
   </div>
   <div class='ocr_carea' id='block_1_65' title="bbox 2239 647 3809 721">
    <p class='ocr_par' dir='ltr' id='par_1_65' title="bbox 2239 647 3809 721">
     <span class='ocr_line' id='line_1_65' title="bbox 2239 647 3809 721; baseline 0.003 -22"><span class='ocrx_word' id='word_1_453' title='bbox 2239 647 2412 701; x_wconf 82' lang='grc' dir='ltr'>ταῦτα</span> <span class='ocrx_word' id='word_1_454' title='bbox 2462 651 2537 718; x_wconf 81' lang='grc' dir='ltr'><strong>τῷ</strong></span> <span class='ocrx_word' id='word_1_455' title='bbox 2569 650 2865 720; x_wconf 73' lang='grc' dir='ltr'><strong>ἀνθυπάτῳ</strong></span> <span class='ocrx_word' id='word_1_456' title='bbox 2917 655 3084 712; x_wconf 82' lang='grc' dir='ltr'>ποιεῖ,</span> <span class='ocrx_word' id='word_1_457' title='bbox 3137 652 3230 702; x_wconf 86' lang='grc' dir='ltr'><strong>καὶ</strong></span> <span class='ocrx_word' id='word_1_458' title='bbox 3280 653 3626 721; x_wconf 75' lang='grc' dir='ltr'>παραχρῆμα</span> <span class='ocrx_word' id='word_1_459' title='bbox 3666 670 3809 704; x_wconf 88' lang='grc' dir='ltr'>συνε-</span> 
     </span>
    </p>
   </div>
   <div class='ocr_carea' id='block_1_66' title="bbox 2238 739 3809 812">
    <p class='ocr_par' dir='ltr' id='par_1_66' title="bbox 2238 739 3809 812">
     <span class='ocr_line' id='line_1_66' title="bbox 2238 739 3809 812; baseline 0.001 -20"><span class='ocrx_word' id='word_1_460' title='bbox 2238 739 2574 810; x_wconf 72' lang='grc' dir='ltr'>λαμῆἀνοντο</span> <span class='ocrx_word' id='word_1_461' title='bbox 2602 741 2733 794; x_wconf 83' lang='grc' dir='ltr'>ἄλλα</span> <span class='ocrx_word' id='word_1_462' title='bbox 2767 760 2824 795; x_wconf 88' lang='grc' dir='ltr'><strong>τε</strong></span> <span class='ocrx_word' id='word_1_463' title='bbox 2864 743 3036 795; x_wconf 87' lang='grc' dir='ltr'>πολλά</span> <span class='ocrx_word' id='word_1_464' title='bbox 3060 742 3168 794; x_wconf 87' lang='grc' dir='ltr'><strong>τῶν</strong></span> <span class='ocrx_word' id='word_1_465' title='bbox 3208 744 3558 811; x_wconf 73' lang='grc' dir='ltr'><strong>Χριστιανῶν</strong></span> <span class='ocrx_word' id='word_1_466' title='bbox 3609 743 3809 812; x_wconf 87' lang='grc' dir='ltr'>πλήθη.</span> 
     </span>
    </p>
   </div>
   <div class='ocr_carea' id='block_1_67' title="bbox 2241 829 3813 904">
    <p class='ocr_par' dir='ltr' id='par_1_67' title="bbox 2241 829 3813 904">
     <span class='ocr_line' id='line_1_67' title="bbox 2241 829 3813 904; baseline -0.001 -18"><span class='ocrx_word' id='word_1_467' title='bbox 2241 834 2336 886; x_wconf 74' lang='grc' dir='ltr'><strong>καὶ</strong></span> <span class='ocrx_word' id='word_1_468' title='bbox 2355 834 2517 898; x_wconf 70' lang='grc' dir='ltr'>αὐτὸς</span> <span class='ocrx_word' id='word_1_469' title='bbox 2544 837 2570 888; x_wconf 86' lang='grc' dir='ltr'>ὁ</span> <span class='ocrx_word' id='word_1_470' title='bbox 2601 834 2742 896; x_wconf 88' lang='grc' dir='ltr'>θεῖος</span> <span class='ocrx_word' id='word_1_471' title='bbox 2772 829 2924 895; x_wconf 72' lang='grc' dir='ltr'>οὗτος</span> <span class='ocrx_word' id='word_1_472' title='bbox 2953 835 3134 903; x_wconf 79' lang='grc' dir='ltr'>χορὸς,</span> <span class='ocrx_word' id='word_1_473' title='bbox 3188 834 3246 896; x_wconf 83' lang='grc' dir='ltr'>ὃς</span> <span class='ocrx_word' id='word_1_474' title='bbox 3275 834 3526 886; x_wconf 74' lang='grc' dir='ltr'><strong>ἐπλούτει</strong></span> <span class='ocrx_word' id='word_1_475' title='bbox 3559 837 3658 904; x_wconf 80' lang='grc' dir='ltr'>τὴν</span> <span class='ocrx_word' id='word_1_476' title='bbox 3689 835 3813 887; x_wconf 81' lang='grc' dir='ltr'>καλ-</span> 
     </span>
    </p>
   </div>
   <div class='ocr_carea' id='block_1_68' title="bbox 2239 923 3811 994">
    <p class='ocr_par' dir='ltr' id='par_1_68' title="bbox 2239 923 3811 994">
     <span class='ocr_line' id='line_1_68' title="bbox 2239 923 3811 994; baseline -0.001 -17"><span class='ocrx_word' id='word_1_477' title='bbox 2239 925 2568 993; x_wconf 68' lang='grc' dir='ltr'>λιπάρθενοι)</span> <span class='ocrx_word' id='word_1_478' title='bbox 2626 925 3010 994; x_wconf 76' lang='grc' dir='ltr'>Εύφημίαν,ἢ</span> <span class='ocrx_word' id='word_1_479' title='bbox 3060 923 3246 977; x_wconf 80' lang='grc' dir='ltr'>κάλλει</span> <span class='ocrx_word' id='word_1_480' title='bbox 3301 942 3356 976; x_wconf 89' lang='grc' dir='ltr'><strong>τε</strong></span> <span class='ocrx_word' id='word_1_481' title='bbox 3411 925 3668 993; x_wconf 79' lang='grc' dir='ltr'>σώματος</span> <span class='ocrx_word' id='word_1_482' title='bbox 3721 926 3811 976; x_wconf 75' lang='grc' dir='ltr'><strong>καὶ</strong></span> 
     </span>
    </p>
   </div>
   <div class='ocr_carea' id='block_1_69' title="bbox 2240 1017 3813 1089">
    <p class='ocr_par' dir='ltr' id='par_1_69' title="bbox 2240 1017 3813 1089">
     <span class='ocr_line' id='line_1_69' title="bbox 2240 1017 3813 1089; baseline -0.001 -19"><span class='ocrx_word' id='word_1_483' title='bbox 2240 1017 2441 1089; x_wconf 80' lang='grc' dir='ltr'>ἀρετῆς</span> <span class='ocrx_word' id='word_1_484' title='bbox 2470 1017 2612 1087; x_wconf 78' lang='grc' dir='ltr'>ὥρᾳ,</span> <span class='ocrx_word' id='word_1_485' title='bbox 2653 1017 2804 1070; x_wconf 79' lang='grc' dir='ltr'>ἄνθει</span> <span class='ocrx_word' id='word_1_486' title='bbox 2857 1034 2916 1068; x_wconf 90' lang='grc' dir='ltr'><strong>τε</strong></span> <span class='ocrx_word' id='word_1_487' title='bbox 2975 1017 3190 1086; x_wconf 68' lang='grc' dir='ltr'>ἡλικίας</span> <span class='ocrx_word' id='word_1_488' title='bbox 3225 1021 3317 1068; x_wconf 75' lang='grc' dir='ltr'>καὶ</span> <span class='ocrx_word' id='word_1_489' title='bbox 3353 1017 3549 1084; x_wconf 85' lang='grc' dir='ltr'>γένους</span> <span class='ocrx_word' id='word_1_490' title='bbox 3592 1033 3813 1085; x_wconf 82' lang='grc' dir='ltr'>περιφα-</span> 
     </span>
    </p>
   </div>
   <div class='ocr_carea' id='block_1_70' title="bbox 2239 1109 3812 1180">
    <p class='ocr_par' dir='ltr' id='par_1_70' title="bbox 2239 1109 3812 1180">
     <span class='ocr_line' id='line_1_70' title="bbox 2239 1109 3812 1180; baseline -0.001 -18"><span class='ocrx_word' id='word_1_491' title='bbox 2239 1111 2381 1180; x_wconf 77' lang='grc' dir='ltr'>νείᾳ,</span> <span class='ocrx_word' id='word_1_492' title='bbox 2435 1111 2601 1180; x_wconf 83' lang='grc' dir='ltr'>μέσον</span> <span class='ocrx_word' id='word_1_493' title='bbox 2647 1109 2826 1163; x_wconf 77' lang='grc' dir='ltr'>αὐτῶν</span> <span class='ocrx_word' id='word_1_494' title='bbox 2884 1110 3020 1161; x_wconf 81' lang='grc' dir='ltr'>κατᾶ</span> <span class='ocrx_word' id='word_1_495' title='bbox 3071 1111 3195 1170; x_wconf 80' lang='grc' dir='ltr'>τοὺς</span> <span class='ocrx_word' id='word_1_496' title='bbox 3239 1109 3528 1178; x_wconf 85' lang='grc' dir='ltr'>λαμπροὺς</span> <span class='ocrx_word' id='word_1_497' title='bbox 3581 1109 3812 1177; x_wconf 82' lang='grc' dir='ltr'>ἀστέρας</span> 
     </span>
    </p>
   </div>
   <div class='ocr_carea' id='block_1_71' title="bbox 2240 1195 3808 1269">
    <p class='ocr_par' dir='ltr' id='par_1_71' title="bbox 2240 1195 3808 1269">
     <span class='ocr_line' id='line_1_71' title="bbox 2240 1195 3808 1269; baseline -0.001 -18"><span class='ocrx_word' id='word_1_498' title='bbox 2240 1200 2536 1268; x_wconf 77' lang='grc' dir='ltr'><strong>λάμπουσα</strong></span> <span class='ocrx_word' id='word_1_499' title='bbox 2571 1195 2660 1269; x_wconf 78' lang='grc' dir='ltr'><strong>ἦν.</strong></span> <span class='ocrx_word' id='word_1_500' title='bbox 2699 1201 2790 1264; x_wconf 84' lang='grc' dir='ltr'><strong>Εἰς</strong></span> <span class='ocrx_word' id='word_1_501' title='bbox 2820 1202 2974 1252; x_wconf 85' lang='grc' dir='ltr'>ὲννέα</span> <span class='ocrx_word' id='word_1_502' title='bbox 3029 1199 3128 1268; x_wconf 79' lang='grc' dir='ltr'><strong>μὲν</strong></span> <span class='ocrx_word' id='word_1_503' title='bbox 3151 1197 3242 1250; x_wconf 76' lang='grc' dir='ltr'>οὖν</span> <span class='ocrx_word' id='word_1_504' title='bbox 3266 1201 3357 1250; x_wconf 72' lang='grc' dir='ltr'><strong>καὶ</strong></span> <span class='ocrx_word' id='word_1_505' title='bbox 3386 1201 3808 1268; x_wconf 70' lang='grc' dir='ltr'>τεσσαράκοντα</span> 
     </span>
    </p>
   </div>
   <div class='ocr_carea' id='block_1_72' title="bbox 2240 1269 3815 1363">
    <p class='ocr_par' dir='ltr' id='par_1_72' title="bbox 2240 1269 3815 1363">
     <span class='ocr_line' id='line_1_72' title="bbox 2240 1269 3815 1363; baseline -0.003 -18"><span class='ocrx_word' id='word_1_506' title='bbox 2240 1293 2470 1363; x_wconf 71' lang='grc' dir='ltr'>τδίερον</span> <span class='ocrx_word' id='word_1_507' title='bbox 2522 1295 2698 1344; x_wconf 79' lang='grc' dir='ltr'>ἐκεῖνο</span> <span class='ocrx_word' id='word_1_508' title='bbox 2754 1269 3073 1344; x_wconf 75' lang='grc' dir='ltr'><strong>συνείλεκτο</strong></span> <span class='ocrx_word' id='word_1_509' title='bbox 3127 1291 3422 1360; x_wconf 77' lang='grc' dir='ltr'>ἄθροισμα,</span> <span class='ocrx_word' id='word_1_510' title='bbox 3481 1291 3532 1341; x_wconf 80' lang='grc' dir='ltr'>οἳ</span> <span class='ocrx_word' id='word_1_511' title='bbox 3567 1292 3663 1342; x_wconf 74' lang='grc' dir='ltr'><strong>καὶ</strong></span> <span class='ocrx_word' id='word_1_512' title='bbox 3695 1291 3815 1341; x_wconf 81' lang='grc' dir='ltr'>κατ’</span> 
     </span>
    </p>
   </div>
   <div class='ocr_carea' id='block_1_73' title="bbox 2240 1382 3810 1455">
    <p class='ocr_par' dir='ltr' id='par_1_73' title="bbox 2240 1382 3810 1455">
     <span class='ocr_line' id='line_1_73' title="bbox 2240 1382 3810 1455; baseline -0.003 -17"><span class='ocrx_word' id='word_1_513' title='bbox 2240 1386 2362 1455; x_wconf 69' lang='grc' dir='ltr'>ὄψιν</span> <span class='ocrx_word' id='word_1_514' title='bbox 2401 1387 2524 1436; x_wconf 69' lang='grc' dir='ltr'><strong>ἐπεὶ</strong></span> <span class='ocrx_word' id='word_1_515' title='bbox 2558 1384 2972 1452; x_wconf 68' lang='grc' dir='ltr'>συνελήφθησαν</span> <span class='ocrx_word' id='word_1_516' title='bbox 2999 1383 3074 1451; x_wconf 81' lang='grc' dir='ltr'>τῷ</span> <span class='ocrx_word' id='word_1_517' title='bbox 3101 1382 3400 1451; x_wconf 72' lang='grc' dir='ltr'><strong>ἀνθυπάτῳ</strong></span> <span class='ocrx_word' id='word_1_518' title='bbox 3435 1382 3810 1452; x_wconf 61' lang='grc' dir='ltr'>παρέστησαν</span> 
     </span>
    </p>
   </div>
   <div class='ocr_carea' id='block_1_74' title="bbox 2240 1474 3817 1547">
    <p class='ocr_par' dir='ltr' id='par_1_74' title="bbox 2240 1474 3817 1547">
     <span class='ocr_line' id='line_1_74' title="bbox 2240 1474 3817 1547; baseline -0.004 -16"><span class='ocrx_word' id='word_1_519' title='bbox 2240 1481 2267 1532; x_wconf 78' lang='grc' dir='ltr'><strong>ὁ</strong></span> <span class='ocrx_word' id='word_1_520' title='bbox 2296 1479 2352 1531; x_wconf 78' lang='grc' dir='ltr'>δὲ</span> <span class='ocrx_word' id='word_1_521' title='bbox 2379 1477 2705 1546; x_wconf 81' lang='grc' dir='ltr'>παραινέσει</span> <span class='ocrx_word' id='word_1_522' title='bbox 2740 1478 3002 1547; x_wconf 74' lang='grc' dir='ltr'>πρότερον</span> <span class='ocrx_word' id='word_1_523' title='bbox 3031 1476 3270 1542; x_wconf 66' lang='grc' dir='ltr'>ἀπάγειν</span> <span class='ocrx_word' id='word_1_524' title='bbox 3312 1474 3516 1536; x_wconf 74' lang='grc' dir='ltr'>αὐτοὺς</span> <span class='ocrx_word' id='word_1_525' title='bbox 3553 1476 3817 1542; x_wconf 77' lang='grc' dir='ltr'><strong>ἔπειρᾶτο</strong></span> 
     </span>
    </p>
   </div>
   <div class='ocr_carea' id='block_1_75' title="bbox 2243 1565 3815 1636">
    <p class='ocr_par' dir='ltr' id='par_1_75' title="bbox 2243 1565 3815 1636">
     <span class='ocr_line' id='line_1_75' title="bbox 2243 1565 3815 1636; baseline -0.003 -13"><span class='ocrx_word' id='word_1_526' title='bbox 2243 1571 2345 1636; x_wconf 76' lang='grc' dir='ltr'>τῆς</span> <span class='ocrx_word' id='word_1_527' title='bbox 2377 1569 2680 1632; x_wconf 74' lang='grc' dir='ltr'>εὐσεϐείας,</span> <span class='ocrx_word' id='word_1_528' title='bbox 2725 1571 2837 1630; x_wconf 86' lang='grc' dir='ltr'>τοῖς</span> <span class='ocrx_word' id='word_1_529' title='bbox 2876 1567 3098 1634; x_wconf 79' lang='grc' dir='ltr'>ἀγαθοῖς</span> <span class='ocrx_word' id='word_1_530' title='bbox 3129 1571 3228 1636; x_wconf 84' lang='grc' dir='ltr'>τῆς</span> <span class='ocrx_word' id='word_1_531' title='bbox 3261 1568 3364 1635; x_wconf 82' lang='grc' dir='ltr'><strong>γῆς</strong></span> <span class='ocrx_word' id='word_1_532' title='bbox 3421 1567 3641 1634; x_wconf 81' lang='grc' dir='ltr'>θέλγειν</span> <span class='ocrx_word' id='word_1_533' title='bbox 3697 1565 3815 1634; x_wconf 70' lang='grc' dir='ltr'>βου·</span> 
     </span>
    </p>
   </div>
   <div class='ocr_carea' id='block_1_76' title="bbox 2243 1658 3811 1732">
    <p class='ocr_par' dir='ltr' id='par_1_76' title="bbox 2243 1658 3811 1732">
     <span class='ocr_line' id='line_1_76' title="bbox 2243 1658 3811 1732; baseline -0.003 -19"><span class='ocrx_word' id='word_1_534' title='bbox 2243 1662 2486 1732; x_wconf 87' lang='grc' dir='ltr'>λόμενος,</span> <span class='ocrx_word' id='word_1_535' title='bbox 2542 1661 2668 1723; x_wconf 85' lang='grc' dir='ltr'>τοὺς</span> <span class='ocrx_word' id='word_1_536' title='bbox 2714 1660 2825 1711; x_wconf 88' lang='grc' dir='ltr'><strong>τῶν</strong></span> <span class='ocrx_word' id='word_1_537' title='bbox 2861 1700 2875 1714; x_wconf 93' lang='grc'><strong>.</strong></span> <span class='ocrx_word' id='word_1_538' title='bbox 2913 1699 2926 1712; x_wconf 95' lang='grc'>.</span> <span class='ocrx_word' id='word_1_539' title='bbox 2965 1698 2980 1713; x_wconf 91' lang='grc'><strong>.</strong></span> <span class='ocrx_word' id='word_1_540' title='bbox 3019 1698 3033 1711; x_wconf 94' lang='grc'>.</span> <span class='ocrx_word' id='word_1_541' title='bbox 3083 1701 3094 1712; x_wconf 94' lang='grc'>.</span> <span class='ocrx_word' id='word_1_542' title='bbox 3138 1698 3151 1712; x_wconf 93' lang='grc'><strong>.</strong></span> <span class='ocrx_word' id='word_1_543' title='bbox 3187 1659 3543 1726; x_wconf 83' lang='grc' dir='ltr'>εφισμένους,</span> <span class='ocrx_word' id='word_1_544' title='bbox 3573 1658 3811 1717; x_wconf 83' lang='grc' dir='ltr'>Θύσατε,</span> 
     </span>
    </p>
   </div>
   <div class='ocr_carea' id='block_1_77' title="bbox 2244 1747 3816 1823">
    <p class='ocr_par' dir='ltr' id='par_1_77' title="bbox 2244 1747 3816 1823">
     <span class='ocr_line' id='line_1_77' title="bbox 2244 1747 3816 1823; baseline -0.004 -18"><span class='ocrx_word' id='word_1_545' title='bbox 2244 1754 2442 1820; x_wconf 87' lang='grc' dir='ltr'>λέγων,</span> <span class='ocrx_word' id='word_1_546' title='bbox 2493 1752 2572 1823; x_wconf 82' lang='grc' dir='ltr'>τῷ</span> <span class='ocrx_word' id='word_1_547' title='bbox 2629 1752 2849 1821; x_wconf 78' lang='grc' dir='ltr'>μεγάλῳ</span> <span class='ocrx_word' id='word_1_548' title='bbox 2911 1749 3018 1817; x_wconf 87' lang='grc' dir='ltr'>θεῴ</span> <span class='ocrx_word' id='word_1_549' title='bbox 3067 1751 3226 1819; x_wconf 84' lang='grc' dir='ltr'>Ἀρει</span> <span class='ocrx_word' id='word_1_550' title='bbox 3255 1749 3330 1811; x_wconf 81' lang='grc' dir='ltr'>ὡς</span> <span class='ocrx_word' id='word_1_551' title='bbox 3358 1749 3424 1801; x_wconf 80' lang='grc' dir='ltr'>ἂν</span> <span class='ocrx_word' id='word_1_552' title='bbox 3455 1750 3555 1816; x_wconf 77' lang='grc' dir='ltr'><strong>τῆς</strong></span> <span class='ocrx_word' id='word_1_553' title='bbox 3591 1765 3650 1800; x_wconf 85' lang='grc' dir='ltr'><strong>τε</strong></span> <span class='ocrx_word' id='word_1_554' title='bbox 3693 1747 3816 1816; x_wconf 83' lang='grc' dir='ltr'>παρ’</span> 
     </span>
    </p>
   </div>
   <div class='ocr_carea' id='block_1_78' title="bbox 2244 1840 3816 1916">
    <p class='ocr_par' dir='ltr' id='par_1_78' title="bbox 2244 1840 3816 1916">
     <span class='ocr_line' id='line_1_78' title="bbox 2244 1840 3816 1916; baseline -0.008 -16"><span class='ocrx_word' id='word_1_555' title='bbox 2244 1846 2410 1900; x_wconf 82' lang='grc' dir='ltr'>αὑτοῦ</span> <span class='ocrx_word' id='word_1_556' title='bbox 2466 1845 2752 1916; x_wconf 78' lang='grc' dir='ltr'><strong>εὐμενείας</strong></span> <span class='ocrx_word' id='word_1_557' title='bbox 2803 1843 3023 1912; x_wconf 75' lang='grc' dir='ltr'>καὶτῆς</span> <span class='ocrx_word' id='word_1_558' title='bbox 3068 1843 3133 1894; x_wconf 82' lang='grc' dir='ltr'>ὲκ</span> <span class='ocrx_word' id='word_1_559' title='bbox 3171 1840 3438 1911; x_wconf 84' lang='grc' dir='ltr'>βασιλέων</span> <span class='ocrx_word' id='word_1_560' title='bbox 3462 1841 3816 1908; x_wconf 80' lang='grc' dir='ltr'>εὐδαιμονίας</span> 
     </span>
    </p>
   </div>
   <div class='ocr_carea' id='block_1_79' title="bbox 2241 1930 3817 2005">
    <p class='ocr_par' dir='ltr' id='par_1_79' title="bbox 2241 1930 3817 2005">
     <span class='ocr_line' id='line_1_79' title="bbox 2241 1930 3817 2005; baseline -0.01 -11"><span class='ocrx_word' id='word_1_561' title='bbox 2241 1939 2424 2005; x_wconf 78' lang='grc' dir='ltr'>ἀξίους</span> <span class='ocrx_word' id='word_1_562' title='bbox 2454 1939 2680 1999; x_wconf 73' lang='grc' dir='ltr'>ἑαυτούς</span> <span class='ocrx_word' id='word_1_563' title='bbox 2713 1939 3115 2005; x_wconf 78' lang='grc' dir='ltr'><strong>καταστήσητε,</strong></span> <span class='ocrx_word' id='word_1_564' title='bbox 3143 1935 3238 1988; x_wconf 80' lang='grc' dir='ltr'><strong>καὶ</strong></span> <span class='ocrx_word' id='word_1_565' title='bbox 3277 1931 3498 2002; x_wconf 82' lang='grc' dir='ltr'>δωρεῶν</span> <span class='ocrx_word' id='word_1_566' title='bbox 3547 1930 3817 1982; x_wconf 84' lang='grc' dir='ltr'><strong>πλείστων</strong></span> 
     </span>
    </p>
   </div>
   <div class='ocr_carea' id='block_1_80' title="bbox 2241 2021 3818 2099">
    <p class='ocr_par' dir='ltr' id='par_1_80' title="bbox 2241 2021 3818 2099">
     <span class='ocr_line' id='line_1_80' title="bbox 2241 2021 3818 2099; baseline -0.008 -15"><span class='ocrx_word' id='word_1_567' title='bbox 2241 2027 2590 2099; x_wconf 82' lang='grc' dir='ltr'>ἁπολαύσητε</span> <span class='ocrx_word' id='word_1_568' title='bbox 2665 2028 2761 2078; x_wconf 70' lang='grc' dir='ltr'>καὶ</span> <span class='ocrx_word' id='word_1_569' title='bbox 2813 2025 3010 2094; x_wconf 64' lang='grc' dir='ltr'>τιμῶν</span> <span class='ocrx_word' id='word_1_570' title='bbox 3067 2025 3202 2092; x_wconf 80' lang='grc' dir='ltr'>πρὸς</span> <span class='ocrx_word' id='word_1_571' title='bbox 3244 2023 3302 2076; x_wconf 81' lang='grc' dir='ltr'><strong>δν</strong></span> <span class='ocrx_word' id='word_1_572' title='bbox 3344 2025 3372 2074; x_wconf 83' lang='grc' dir='ltr'>ὁ</span> <span class='ocrx_word' id='word_1_573' title='bbox 3415 2021 3558 2085; x_wconf 78' lang='grc' dir='ltr'>θεῖος</span> <span class='ocrx_word' id='word_1_574' title='bbox 3613 2023 3818 2080; x_wconf 84' lang='grc' dir='ltr'>ἐκεῖνος</span> 
     </span>
    </p>
   </div>
   <div class='ocr_carea' id='block_1_81' title="bbox 2242 2111 3815 2191">
    <p class='ocr_par' dir='ltr' id='par_1_81' title="bbox 2242 2111 3815 2191">
     <span class='ocr_line' id='line_1_81' title="bbox 2242 2111 3815 2191; baseline -0.006 -18"><span class='ocrx_word' id='word_1_575' title='bbox 2242 2122 2423 2191; x_wconf 80' lang='grc' dir='ltr'>χορὸς,</span> <span class='ocrx_word' id='word_1_576' title='bbox 2450 2119 2639 2189; x_wconf 84' lang='grc' dir='ltr'>ῶσπερ</span> <span class='ocrx_word' id='word_1_577' title='bbox 2662 2120 2724 2169; x_wconf 85' lang='grc' dir='ltr'>ὲκ</span> <span class='ocrx_word' id='word_1_578' title='bbox 2743 2117 2868 2185; x_wconf 80' lang='grc' dir='ltr'>μιᾶς</span> <span class='ocrx_word' id='word_1_579' title='bbox 2890 2115 2982 2166; x_wconf 65' lang='grc' dir='ltr'>καὶ</span> <span class='ocrx_word' id='word_1_580' title='bbox 2996 2115 3173 2182; x_wconf 60' lang='grc' dir='ltr'>ψυχῆς</span> <span class='ocrx_word' id='word_1_581' title='bbox 3193 2115 3284 2165; x_wconf 71' lang='grc' dir='ltr'><strong>καὶ</strong></span> <span class='ocrx_word' id='word_1_582' title='bbox 3301 2111 3573 2181; x_wconf 75' lang='grc' dir='ltr'><strong>γλώττης,</strong></span> <span class='ocrx_word' id='word_1_583' title='bbox 3603 2113 3815 2181; x_wconf 79' lang='grc' dir='ltr'>Ἡμεῖς,</span> 
     </span>
    </p>
   </div>
   <div class='ocr_carea' id='block_1_82' title="bbox 2242 2201 3816 2278">
    <p class='ocr_par' dir='ltr' id='par_1_82' title="bbox 2242 2201 3816 2278">
     <span class='ocr_line' id='line_1_82' title="bbox 2242 2201 3816 2278; baseline -0.009 -12"><span class='ocrx_word' id='word_1_584' title='bbox 2242 2210 2542 2270; x_wconf 85' lang='grc' dir='ltr'>ἀνθύπατε.</span> <span class='ocrx_word' id='word_1_585' title='bbox 2570 2206 2746 2272; x_wconf 80' lang='grc' dir='ltr'>εἶπον,</span> <span class='ocrx_word' id='word_1_586' title='bbox 2768 2204 3050 2278; x_wconf 77' lang='grc' dir='ltr'>λατρεύειν</span> <span class='ocrx_word' id='word_1_587' title='bbox 3073 2202 3264 2273; x_wconf 81' lang='grc' dir='ltr'>ἀληθεῖ</span> <span class='ocrx_word' id='word_1_588' title='bbox 3280 2201 3398 2271; x_wconf 83' lang='grc' dir='ltr'><strong>Θεῷ</strong></span> <span class='ocrx_word' id='word_1_589' title='bbox 3428 2201 3816 2272; x_wconf 77' lang='grc' dir='ltr'>δεδιδάγμεθα,</span> 
     </span>
    </p>
   </div>
   <div class='ocr_carea' id='block_1_83' title="bbox 2243 2296 3468 2372">
    <p class='ocr_par' dir='ltr' id='par_1_83' title="bbox 2243 2296 3468 2372">
     <span class='ocr_line' id='line_1_83' title="bbox 2243 2296 3468 2372; baseline -0.005 -18"><span class='ocrx_word' id='word_1_590' title='bbox 2243 2298 2304 2356; x_wconf 72' lang='grc' dir='ltr'>οὗ</span> <span class='ocrx_word' id='word_1_591' title='bbox 2343 2303 2548 2372; x_wconf 74' lang='grc' dir='ltr'>ῥήματι</span> <span class='ocrx_word' id='word_1_592' title='bbox 2581 2302 2643 2351; x_wconf 81' lang='grc' dir='ltr'>ὲκ</span> <span class='ocrx_word' id='word_1_593' title='bbox 2677 2299 2751 2368; x_wconf 80' lang='grc' dir='ltr'><strong>μὴ</strong></span> <span class='ocrx_word' id='word_1_594' title='bbox 2777 2299 2945 2350; x_wconf 70' lang='grc' dir='ltr'>ὅντων</span> <span class='ocrx_word' id='word_1_595' title='bbox 2987 2298 3195 2365; x_wconf 87' lang='grc' dir='ltr'>ύπέστη</span> <span class='ocrx_word' id='word_1_596' title='bbox 3226 2296 3286 2346; x_wconf 77' lang='grc' dir='ltr'>τδ</span> <span class='ocrx_word' id='word_1_597' title='bbox 3314 2296 3422 2347; x_wconf 80' lang='grc' dir='ltr'>πᾶν</span> <span class='ocrx_word' id='word_1_598' title='bbox 3454 2333 3468 2348; x_wconf 91' lang='grc'><strong>.</strong></span> 
     </span>
    </p>
   </div>
   <div class='ocr_carea' id='block_1_84' title="bbox 2244 2385 3821 2460">
    <p class='ocr_par' dir='ltr' id='par_1_84' title="bbox 2244 2385 3821 2460">
     <span class='ocr_line' id='line_1_84' title="bbox 2244 2385 3821 2460; baseline -0.004 -15"><span class='ocrx_word' id='word_1_599' title='bbox 2244 2394 2339 2446; x_wconf 75' lang='grc' dir='ltr'>καὶ</span> <span class='ocrx_word' id='word_1_600' title='bbox 2367 2396 2435 2460; x_wconf 82' lang='grc' dir='ltr'>γῆ</span> <span class='ocrx_word' id='word_1_601' title='bbox 2464 2392 2556 2444; x_wconf 74' lang='grc' dir='ltr'>καὶ</span> <span class='ocrx_word' id='word_1_602' title='bbox 2586 2392 2654 2443; x_wconf 77' lang='grc' dir='ltr'>τὰ</span> <span class='ocrx_word' id='word_1_603' title='bbox 2683 2393 2740 2443; x_wconf 83' lang='grc' dir='ltr'><strong>έν</strong></span> <span class='ocrx_word' id='word_1_604' title='bbox 2771 2389 2953 2449; x_wconf 72' lang='grc' dir='ltr'>αὐτοῖς</span> <span class='ocrx_word' id='word_1_605' title='bbox 2986 2389 3224 2453; x_wconf 75' lang='grc' dir='ltr'>ἅπαντα,</span> <span class='ocrx_word' id='word_1_606' title='bbox 3250 2385 3374 2440; x_wconf 80' lang='grc' dir='ltr'>οὔτε</span> <span class='ocrx_word' id='word_1_607' title='bbox 3418 2387 3472 2440; x_wconf 77' lang='grc' dir='ltr'>δὲ</span> <span class='ocrx_word' id='word_1_608' title='bbox 3508 2387 3631 2440; x_wconf 71' lang='grc' dir='ltr'>θεὸν</span> <span class='ocrx_word' id='word_1_609' title='bbox 3662 2387 3821 2440; x_wconf 75' lang='grc' dir='ltr'>ἄλλον</span> 
     </span>
    </p>
   </div>
   <div class='ocr_carea' id='block_1_85' title="bbox 2245 2479 3818 2554">
    <p class='ocr_par' dir='ltr' id='par_1_85' title="bbox 2245 2479 3818 2554">
     <span class='ocr_line' id='line_1_85' title="bbox 2245 2479 3818 2554; baseline -0.004 -18"><span class='ocrx_word' id='word_1_610' title='bbox 2245 2483 2397 2554; x_wconf 78' lang='grc' dir='ltr'>παρὰ</span> <span class='ocrx_word' id='word_1_611' title='bbox 2428 2483 2615 2536; x_wconf 77' lang='grc' dir='ltr'>τοῦτον</span> <span class='ocrx_word' id='word_1_612' title='bbox 2649 2482 2803 2551; x_wconf 78' lang='grc' dir='ltr'>ἴσμεν</span> <span class='ocrx_word' id='word_1_613' title='bbox 2829 2479 2953 2533; x_wconf 73' lang='grc' dir='ltr'>οὔτε</span> <span class='ocrx_word' id='word_1_614' title='bbox 2983 2481 3329 2550; x_wconf 74' lang='grc' dir='ltr'>προσκυνεῖν,</span> <span class='ocrx_word' id='word_1_615' title='bbox 3358 2479 3433 2548; x_wconf 83' lang='grc' dir='ltr'><strong>μὴ</strong></span> <span class='ocrx_word' id='word_1_616' title='bbox 3449 2480 3661 2546; x_wconf 86' lang='grc' dir='ltr'>γένοιτό</span> <span class='ocrx_word' id='word_1_617' title='bbox 3690 2495 3818 2530; x_wconf 84' lang='grc' dir='ltr'>ποτε</span> 
     </span>
    </p>
   </div>
   <div class='ocr_carea' id='block_1_86' title="bbox 2243 2569 3823 2646">
    <p class='ocr_par' dir='ltr' id='par_1_86' title="bbox 2243 2569 3823 2646">
     <span class='ocr_line' id='line_1_86' title="bbox 2243 2569 3823 2646; baseline -0.008 -15"><span class='ocrx_word' id='word_1_618' title='bbox 2243 2595 2294 2646; x_wconf 82' lang='grc' dir='ltr'>χ.</span> <span class='ocrx_word' id='word_1_619' title='bbox 2330 2615 2344 2630; x_wconf 94' lang='grc'><strong>.</strong></span> <span class='ocrx_word' id='word_1_620' title='bbox 2374 2617 2387 2629; x_wconf 93' lang='grc'><strong>.</strong></span> <span class='ocrx_word' id='word_1_621' title='bbox 2421 2615 2436 2629; x_wconf 91' lang='grc'><strong>.</strong></span> <span class='ocrx_word' id='word_1_622' title='bbox 2469 2612 2483 2628; x_wconf 92' lang='grc'><strong>.</strong></span> <span class='ocrx_word' id='word_1_623' title='bbox 2535 2573 2782 2645; x_wconf 78' lang='grc' dir='ltr'>βασιλεῦ,</span> <span class='ocrx_word' id='word_1_624' title='bbox 2813 2570 3140 2638; x_wconf 80' lang='grc' dir='ltr'>ἀνεξόμεθα,</span> <span class='ocrx_word' id='word_1_625' title='bbox 3195 2570 3264 2620; x_wconf 69' lang='grc' dir='ltr'>τὰ</span> <span class='ocrx_word' id='word_1_626' title='bbox 3295 2571 3350 2622; x_wconf 82' lang='grc' dir='ltr'>δὲ</span> <span class='ocrx_word' id='word_1_627' title='bbox 3406 2571 3473 2620; x_wconf 76' lang='grc' dir='ltr'>σὰ</span> <span class='ocrx_word' id='word_1_628' title='bbox 3524 2569 3673 2637; x_wconf 83' lang='grc' dir='ltr'>δῶρα</span> <span class='ocrx_word' id='word_1_629' title='bbox 3729 2571 3823 2620; x_wconf 73' lang='grc' dir='ltr'>καὶ</span> 
     </span>
    </p>
   </div>
   <div class='ocr_carea' id='block_1_87' title="bbox 2242 2657 3822 2736">
    <p class='ocr_par' dir='ltr' id='par_1_87' title="bbox 2242 2657 3822 2736">
     <span class='ocr_line' id='line_1_87' title="bbox 2242 2657 3822 2736; baseline -0.006 -17"><span class='ocrx_word' id='word_1_630' title='bbox 2242 2669 2296 2719; x_wconf 80' lang='grc' dir='ltr'><strong>αἱ</strong></span> <span class='ocrx_word' id='word_1_631' title='bbox 2355 2669 2514 2736; x_wconf 62' lang='grc' dir='ltr'><strong>τιμαὶ⁵</strong></span> <span class='ocrx_word' id='word_1_632' title='bbox 2565 2663 2738 2718; x_wconf 75' lang='grc' dir='ltr'>ἄλλων</span> <span class='ocrx_word' id='word_1_633' title='bbox 2813 2662 3056 2712; x_wconf 77' lang='grc' dir='ltr'>ἔστωσαν</span> <span class='ocrx_word' id='word_1_634' title='bbox 3108 2657 3412 2729; x_wconf 78' lang='grc' dir='ltr'>θεραπεῖαι,</span> <span class='ocrx_word' id='word_1_635' title='bbox 3473 2658 3704 2728; x_wconf 79' lang='grc' dir='ltr'>μικρούς</span> <span class='ocrx_word' id='word_1_636' title='bbox 3763 2675 3822 2710; x_wconf 82' lang='grc' dir='ltr'><strong>τε</strong></span> 
     </span>
    </p>
   </div>
   <div class='ocr_carea' id='block_1_88' title="bbox 2243 2750 3822 2826">
    <p class='ocr_par' dir='ltr' id='par_1_88' title="bbox 2243 2750 3822 2826">
     <span class='ocr_line' id='line_1_88' title="bbox 2243 2750 3822 2826; baseline -0.006 -16"><span class='ocrx_word' id='word_1_637' title='bbox 2243 2759 2339 2810; x_wconf 75' lang='grc' dir='ltr'>καὶ</span> <span class='ocrx_word' id='word_1_638' title='bbox 2400 2756 2610 2826; x_wconf 80' lang='grc' dir='ltr'>μικρῶν</span> <span class='ocrx_word' id='word_1_639' title='bbox 2650 2754 2995 2823; x_wconf 75' lang='grc' dir='ltr'><strong>ἐπιθυμητὰς</strong></span> <span class='ocrx_word' id='word_1_640' title='bbox 3056 2750 3420 2818; x_wconf 81' lang='grc' dir='ltr'>θελγέτωσαν.</span> <span class='ocrx_word' id='word_1_641' title='bbox 3493 2750 3660 2819; x_wconf 81' lang='grc' dir='ltr'>Ἡμῖν</span> <span class='ocrx_word' id='word_1_642' title='bbox 3715 2752 3822 2821; x_wconf 72' lang='grc' dir='ltr'>γὰρ</span> 
     </span>
    </p>
   </div>
   <div class='ocr_carea' id='block_1_89' title="bbox 2244 2841 3821 2918">
    <p class='ocr_par' dir='ltr' id='par_1_89' title="bbox 2244 2841 3821 2918">
     <span class='ocr_line' id='line_1_89' title="bbox 2244 2841 3821 2918; baseline -0.003 -17"><span class='ocrx_word' id='word_1_643' title='bbox 2244 2848 2448 2918; x_wconf 83' lang='grc' dir='ltr'>φαύλου</span> <span class='ocrx_word' id='word_1_644' title='bbox 2481 2849 2640 2917; x_wconf 86' lang='grc' dir='ltr'>λόγου</span> <span class='ocrx_word' id='word_1_645' title='bbox 2675 2848 2767 2899; x_wconf 80' lang='grc' dir='ltr'>καὶ</span> <span class='ocrx_word' id='word_1_646' title='bbox 2808 2845 2904 2898; x_wconf 86' lang='grc' dir='ltr'>τοῦ</span> <span class='ocrx_word' id='word_1_647' title='bbox 2950 2843 3207 2913; x_wconf 82' lang='grc' dir='ltr'>τυχόντος</span> <span class='ocrx_word' id='word_1_648' title='bbox 3265 2843 3392 2908; x_wconf 78' lang='grc' dir='ltr'>ἄξια</span> <span class='ocrx_word' id='word_1_649' title='bbox 3437 2841 3636 2910; x_wconf 80' lang='grc' dir='ltr'>ταῦτα,</span> <span class='ocrx_word' id='word_1_650' title='bbox 3692 2847 3821 2913; x_wconf 74' lang='grc' dir='ltr'>μιᾶς</span> 
     </span>
    </p>
   </div>
   <div class='ocr_carea' id='block_1_90' title="bbox 2247 2937 3826 3012">
    <p class='ocr_par' dir='ltr' id='par_1_90' title="bbox 2247 2937 3826 3012">
     <span class='ocr_line' id='line_1_90' title="bbox 2247 2937 3826 3012; baseline -0.004 -19"><span class='ocrx_word' id='word_1_651' title='bbox 2247 2942 2416 3012; x_wconf 87' lang='grc' dir='ltr'>μόνης</span> <span class='ocrx_word' id='word_1_652' title='bbox 2447 2942 2617 3012; x_wconf 76' lang='grc' dir='ltr'>ἐρῶσι</span> <span class='ocrx_word' id='word_1_653' title='bbox 2651 2941 2818 3009; x_wconf 80' lang='grc' dir='ltr'>τιμῆς</span> <span class='ocrx_word' id='word_1_654' title='bbox 2849 2937 2952 3007; x_wconf 81' lang='grc' dir='ltr'>τῆς</span> <span class='ocrx_word' id='word_1_655' title='bbox 2987 2940 3044 2990; x_wconf 79' lang='grc' dir='ltr'>ὲν</span> <span class='ocrx_word' id='word_1_656' title='bbox 3169 2978 3183 2992; x_wconf 95' lang='grc'><em>.</em></span> <span class='ocrx_word' id='word_1_657' title='bbox 3337 2975 3351 2991; x_wconf 93' lang='grc'><strong>.</strong></span> <span class='ocrx_word' id='word_1_658' title='bbox 3499 2975 3516 2991; x_wconf 92' lang='grc'><strong>.</strong></span> <span class='ocrx_word' id='word_1_659' title='bbox 3665 2939 3730 3008; x_wconf 69' lang='grc' dir='ltr'>ἡν</span> <span class='ocrx_word' id='word_1_660' title='bbox 3761 2937 3826 3005; x_wconf 79' lang='grc' dir='ltr'>δὴ</span> 
     </span>
    </p>
   </div>
   <div class='ocr_carea' id='block_1_91' title="bbox 2245 3031 3820 3107">
    <p class='ocr_par' dir='ltr' id='par_1_91' title="bbox 2245 3031 3820 3107">
     <span class='ocr_line' id='line_1_91' title="bbox 2245 3031 3820 3107; baseline -0.006 -21"><span class='ocrx_word' id='word_1_661' title='bbox 2245 3037 2336 3087; x_wconf 73' lang='grc' dir='ltr'><strong>καὶ</strong></span> <span class='ocrx_word' id='word_1_662' title='bbox 2366 3035 2638 3086; x_wconf 79' lang='grc' dir='ltr'>ἀθάνατον</span> <span class='ocrx_word' id='word_1_663' title='bbox 2697 3034 2843 3104; x_wconf 78' lang='grc' dir='ltr'>ζωὴν</span> <span class='ocrx_word' id='word_1_664' title='bbox 2893 3037 2987 3088; x_wconf 77' lang='grc' dir='ltr'><strong>καὶ</strong></span> <span class='ocrx_word' id='word_1_665' title='bbox 3040 3036 3321 3107; x_wconf 85' lang='grc' dir='ltr'>βασιλείαν</span> <span class='ocrx_word' id='word_1_666' title='bbox 3347 3032 3486 3086; x_wconf 77' lang='grc' dir='ltr'>Θεοῦ</span> <span class='ocrx_word' id='word_1_667' title='bbox 3523 3031 3712 3084; x_wconf 81' lang='grc' dir='ltr'>καλεῖν</span> <span class='ocrx_word' id='word_1_668' title='bbox 3743 3031 3820 3080; x_wconf 76' lang='grc' dir='ltr'><strong>οἷο</strong></span> 
     </span>
    </p>
   </div>
   <div class='ocr_carea' id='block_1_92' title="bbox 2247 3121 3824 3193">
    <p class='ocr_par' dir='ltr' id='par_1_92' title="bbox 2247 3121 3824 3193">
     <span class='ocr_line' id='line_1_92' title="bbox 2247 3121 3824 3193; baseline 0.002 -21"><span class='ocrx_word' id='word_1_669' title='bbox 2247 3121 2434 3190; x_wconf 80' lang='grc' dir='ltr'>δαμεν.</span> <span class='ocrx_word' id='word_1_670' title='bbox 2457 3121 2613 3175; x_wconf 81' lang='grc' dir='ltr'>Οὖτω</span> <span class='ocrx_word' id='word_1_671' title='bbox 2647 3121 2745 3193; x_wconf 77' lang='grc' dir='ltr'>μὲν</span> <span class='ocrx_word' id='word_1_672' title='bbox 2779 3121 2871 3178; x_wconf 76' lang='grc' dir='ltr'><strong>οὖν</strong></span> <span class='ocrx_word' id='word_1_673' title='bbox 2894 3128 2919 3178; x_wconf 88' lang='grc' dir='ltr'>ὁ</span> <span class='ocrx_word' id='word_1_674' title='bbox 2945 3125 3250 3188; x_wconf 82' lang='grc' dir='ltr'>καλλίνικος</span> <span class='ocrx_word' id='word_1_675' title='bbox 3284 3127 3492 3185; x_wconf 68' lang='grc' dir='ltr'>ἐκεῖνος</span> <span class='ocrx_word' id='word_1_676' title='bbox 3521 3123 3629 3190; x_wconf 80' lang='grc' dir='ltr'>ἔφη</span> <span class='ocrx_word' id='word_1_677' title='bbox 3660 3135 3824 3186; x_wconf 68' lang='grc' dir='ltr'>στρα-</span> 
     </span>
    </p>
   </div>
   <div class='ocr_carea' id='block_1_93' title="bbox 2243 3212 3716 3287">
    <p class='ocr_par' dir='ltr' id='par_1_93' title="bbox 2243 3212 3716 3287">
     <span class='ocr_line' id='line_1_93' title="bbox 2243 3212 3716 3287; baseline 0.001 -23"><span class='ocrx_word' id='word_1_678' title='bbox 2243 3212 2354 3279; x_wconf 85' lang='grc' dir='ltr'>τὸς,</span> <span class='ocrx_word' id='word_1_679' title='bbox 2401 3216 2467 3283; x_wconf 85' lang='grc' dir='ltr'>τῆ</span> <span class='ocrx_word' id='word_1_680' title='bbox 2516 3217 2860 3287; x_wconf 72' lang='grc' dir='ltr'>πανευφήμῳ</span> <span class='ocrx_word' id='word_1_681' title='bbox 2912 3216 3386 3286; x_wconf 74' lang='grc' dir='ltr'>στρατηγούμενος</span> <span class='ocrx_word' id='word_1_682' title='bbox 3422 3214 3716 3279; x_wconf 79' lang='grc' dir='ltr'>Εὐφημίᾳ.</span> 
     </span>
    </p>
   </div>
   <div class='ocr_carea' id='block_1_94' title="bbox 2316 3362 3823 3435">
    <p class='ocr_par' dir='ltr' id='par_1_94' title="bbox 2316 3362 3823 3435">
     <span class='ocr_line' id='line_1_94' title="bbox 2316 3362 3823 3435; baseline 0.001 -21"><span class='ocrx_word' id='word_1_683' title='bbox 2316 3362 2390 3416; x_wconf 82' lang='grc' dir='ltr'><strong>Γ’.</strong></span> <span class='ocrx_word' id='word_1_684' title='bbox 2450 3365 2509 3415; x_wconf 86' lang='lat'><strong>&#39;0</strong></span> <span class='ocrx_word' id='word_1_685' title='bbox 2539 3365 2800 3434; x_wconf 90' lang='grc' dir='ltr'>τύραννος</span> <span class='ocrx_word' id='word_1_686' title='bbox 2851 3367 2908 3418; x_wconf 79' lang='grc' dir='ltr'>δὲ</span> <span class='ocrx_word' id='word_1_687' title='bbox 2959 3365 3021 3417; x_wconf 81' lang='grc' dir='ltr'><strong>τὸ</strong></span> <span class='ocrx_word' id='word_1_688' title='bbox 3074 3365 3426 3435; x_wconf 77' lang='grc' dir='ltr'>μεταπείσειν</span> <span class='ocrx_word' id='word_1_689' title='bbox 3472 3363 3674 3425; x_wconf 75' lang='grc' dir='ltr'>αὐτοὺς</span> <span class='ocrx_word' id='word_1_690' title='bbox 3715 3363 3823 3415; x_wconf 76' lang='grc' dir='ltr'>οὐδ’</span> 
     </span>
    </p>
   </div>
   <div class='ocr_carea' id='block_1_95' title="bbox 2245 3451 3825 3527">
    <p class='ocr_par' dir='ltr' id='par_1_95' title="bbox 2245 3451 3825 3527">
     <span class='ocr_line' id='line_1_95' title="bbox 2245 3451 3825 3527; baseline 0.002 -23"><span class='ocrx_word' id='word_1_691' title='bbox 2245 3451 2415 3514; x_wconf 71' lang='grc' dir='ltr'>οὕτως</span> <span class='ocrx_word' id='word_1_692' title='bbox 2439 3455 2843 3524; x_wconf 85' lang='grc' dir='ltr'>ἀπαγορεύσει·</span> <span class='ocrx_word' id='word_1_693' title='bbox 2873 3455 3009 3508; x_wconf 85' lang='grc' dir='ltr'><strong>ἀλλά</strong></span> <span class='ocrx_word' id='word_1_694' title='bbox 3031 3458 3124 3509; x_wconf 68' lang='grc' dir='ltr'><strong>καὶ</strong></span> <span class='ocrx_word' id='word_1_695' title='bbox 3147 3457 3226 3509; x_wconf 74' lang='grc' dir='ltr'>ἔτι</span> <span class='ocrx_word' id='word_1_696' title='bbox 3253 3459 3493 3527; x_wconf 73' lang='grc' dir='ltr'>χρηστὰς</span> <span class='ocrx_word' id='word_1_697' title='bbox 3520 3457 3825 3508; x_wconf 80' lang='grc' dir='ltr'>ὑποτείνων</span> 
     </span>
    </p>
   </div>
   <div class='ocr_carea' id='block_1_96' title="bbox 2245 3543 3825 3620">
    <p class='ocr_par' dir='ltr' id='par_1_96' title="bbox 2245 3543 3825 3620">
     <span class='ocr_line' id='line_1_96' title="bbox 2245 3543 3825 3620; baseline 0.001 -24"><span class='ocrx_word' id='word_1_698' title='bbox 2245 3543 2426 3612; x_wconf 80' lang='grc' dir='ltr'>ἑαυτῷ</span> <span class='ocrx_word' id='word_1_699' title='bbox 2459 3547 2552 3606; x_wconf 84' lang='grc' dir='ltr'><strong>τάς</strong></span> <span class='ocrx_word' id='word_1_700' title='bbox 2584 3547 2805 3611; x_wconf 78' lang='grc' dir='ltr'>ἐλπίδας</span> <span class='ocrx_word' id='word_1_701' title='bbox 2865 3548 3165 3618; x_wconf 75' lang='grc' dir='ltr'>(ἐθαύμασε</span> <span class='ocrx_word' id='word_1_702' title='bbox 3190 3551 3298 3620; x_wconf 80' lang='grc' dir='ltr'>γὰρ</span> <span class='ocrx_word' id='word_1_703' title='bbox 3326 3551 3574 3610; x_wconf 78' lang='grc' dir='ltr'>ἐκείνους</span> <span class='ocrx_word' id='word_1_704' title='bbox 3606 3548 3825 3618; x_wconf 75' lang='grc' dir='ltr'>βλέπων</span> 
     </span>
    </p>
   </div>
   <div class='ocr_carea' id='block_1_97' title="bbox 2244 3636 3824 3708">
    <p class='ocr_par' dir='ltr' id='par_1_97' title="bbox 2244 3636 3824 3708">
     <span class='ocr_line' id='line_1_97' title="bbox 2244 3636 3824 3708; baseline 0.002 -20"><span class='ocrx_word' id='word_1_705' title='bbox 2244 3636 2529 3702; x_wconf 68' lang='grc' dir='ltr'>ἐλεύθερόν</span> <span class='ocrx_word' id='word_1_706' title='bbox 2563 3654 2621 3687; x_wconf 89' lang='grc' dir='ltr'><strong>τε</strong></span> <span class='ocrx_word' id='word_1_707' title='bbox 2660 3640 2800 3705; x_wconf 77' lang='grc' dir='ltr'>ὁρῶν</span> <span class='ocrx_word' id='word_1_708' title='bbox 2827 3641 3101 3706; x_wconf 71' lang='grc' dir='ltr'>φρόνημα,</span> <span class='ocrx_word' id='word_1_709' title='bbox 3131 3641 3225 3691; x_wconf 82' lang='grc' dir='ltr'>καὶ</span> <span class='ocrx_word' id='word_1_710' title='bbox 3244 3641 3425 3708; x_wconf 75' lang='grc' dir='ltr'>ψυχῆς</span> <span class='ocrx_word' id='word_1_711' title='bbox 3474 3642 3824 3708; x_wconf 73' lang='grc' dir='ltr'>παράστημα</span> 
     </span>
    </p>
   </div>
   <div class='ocr_carea' id='block_1_98' title="bbox 2245 3725 3819 3797">
    <p class='ocr_par' dir='ltr' id='par_1_98' title="bbox 2245 3725 3819 3797">
     <span class='ocr_line' id='line_1_98' title="bbox 2245 3725 3819 3797; baseline 0.003 -20"><span class='ocrx_word' id='word_1_712' title='bbox 2245 3725 2484 3791; x_wconf 85' lang='grc' dir='ltr'>εύγενὲς,</span> <span class='ocrx_word' id='word_1_713' title='bbox 2546 3726 2640 3778; x_wconf 71' lang='grc' dir='ltr'><strong>καὶ</strong></span> <span class='ocrx_word' id='word_1_714' title='bbox 2695 3729 2794 3778; x_wconf 79' lang='grc' dir='ltr'><strong>οὐκ</strong></span> <span class='ocrx_word' id='word_1_715' title='bbox 2849 3727 3110 3795; x_wconf 63' lang='grc' dir='ltr'>ᾐδούλετο</span> <span class='ocrx_word' id='word_1_716' title='bbox 3162 3728 3513 3797; x_wconf 77' lang='grc' dir='ltr'>ζημιωθῆναι</span> <span class='ocrx_word' id='word_1_717' title='bbox 3556 3729 3819 3796; x_wconf 79' lang='grc' dir='ltr'>σύστημα</span> 
     </span>
    </p>
   </div>
   <div class='ocr_carea' id='block_1_99' title="bbox 2242 3814 3824 3888">
    <p class='ocr_par' dir='ltr' id='par_1_99' title="bbox 2242 3814 3824 3888">
     <span class='ocr_line' id='line_1_99' title="bbox 2242 3814 3824 3888; baseline 0.001 -19"><span class='ocrx_word' id='word_1_718' title='bbox 2242 3815 2385 3869; x_wconf 77' lang='grc' dir='ltr'>οὕτω</span> <span class='ocrx_word' id='word_1_719' title='bbox 2417 3818 2644 3886; x_wconf 90' lang='grc' dir='ltr'>κόσμιον</span> <span class='ocrx_word' id='word_1_720' title='bbox 2680 3818 2774 3870; x_wconf 74' lang='grc' dir='ltr'><strong>καὶ</strong></span> <span class='ocrx_word' id='word_1_721' title='bbox 2808 3816 3015 3885; x_wconf 83' lang='grc' dir='ltr'>καλὸν),</span> <span class='ocrx_word' id='word_1_722' title='bbox 3047 3819 3388 3888; x_wconf 82' lang='grc' dir='ltr'>ἀπεπειρᾶτο</span> <span class='ocrx_word' id='word_1_723' title='bbox 3417 3822 3511 3871; x_wconf 76' lang='grc' dir='ltr'><strong>καὶ</strong></span> <span class='ocrx_word' id='word_1_724' title='bbox 3535 3814 3700 3882; x_wconf 81' lang='grc' dir='ltr'>αὖθις</span> <span class='ocrx_word' id='word_1_725' title='bbox 3725 3821 3824 3888; x_wconf 78' lang='grc' dir='ltr'>τῆς</span> 
     </span>
    </p>
   </div>
   <div class='ocr_carea' id='block_1_100' title="bbox 2249 3906 3826 3982">
    <p class='ocr_par' dir='ltr' id='par_1_100' title="bbox 2249 3906 3826 3982">
     <span class='ocr_line' id='line_1_100' title="bbox 2249 3906 3826 3982; baseline 0.001 -19"><span class='ocrx_word' id='word_1_726' title='bbox 2249 3913 2614 3982; x_wconf 75' lang='grc' dir='ltr'>στερρότητος</span> <span class='ocrx_word' id='word_1_727' title='bbox 2643 3911 2749 3964; x_wconf 87' lang='grc' dir='ltr'><strong>τῶν</strong></span> <span class='ocrx_word' id='word_1_728' title='bbox 2789 3911 3112 3981; x_wconf 87' lang='grc' dir='ltr'>μαρτύρων,</span> <span class='ocrx_word' id='word_1_729' title='bbox 3153 3912 3245 3964; x_wconf 80' lang='grc' dir='ltr'>καὶ</span> <span class='ocrx_word' id='word_1_730' title='bbox 3289 3911 3365 3974; x_wconf 86' lang='grc' dir='ltr'><strong>ὡς</strong></span> <span class='ocrx_word' id='word_1_731' title='bbox 3401 3906 3514 3964; x_wconf 78' lang='grc' dir='ltr'>οἷον</span> <span class='ocrx_word' id='word_1_732' title='bbox 3548 3930 3609 3965; x_wconf 85' lang='grc' dir='ltr'><strong>τε</strong></span> <span class='ocrx_word' id='word_1_733' title='bbox 3653 3930 3826 3982; x_wconf 86' lang='grc' dir='ltr'>μετα-</span> 
     </span>
    </p>
   </div>
   <div class='ocr_carea' id='block_1_101' title="bbox 2243 4003 3826 4076">
    <p class='ocr_par' dir='ltr' id='par_1_101' title="bbox 2243 4003 3826 4076">
     <span class='ocr_line' id='line_1_101' title="bbox 2243 4003 3826 4076; baseline 0.003 -23"><span class='ocrx_word' id='word_1_734' title='bbox 2243 4005 2455 4054; x_wconf 84' lang='grc' dir='ltr'>πείθειν</span> <span class='ocrx_word' id='word_1_735' title='bbox 2482 4005 2676 4064; x_wconf 83' lang='grc' dir='ltr'>αύτοὺς</span> <span class='ocrx_word' id='word_1_736' title='bbox 2699 4004 2977 4068; x_wconf 77' lang='grc' dir='ltr'>ἔσπευδεν,</span> <span class='ocrx_word' id='word_1_737' title='bbox 3021 4004 3195 4074; x_wconf 87' lang='grc' dir='ltr'><strong>Ὀρῶν</strong></span> <span class='ocrx_word' id='word_1_738' title='bbox 3226 4004 3376 4073; x_wconf 79' lang='grc' dir='ltr'>ὑμῖν,</span> <span class='ocrx_word' id='word_1_739' title='bbox 3397 4003 3596 4070; x_wconf 89' lang='grc' dir='ltr'>λέγων,</span> <span class='ocrx_word' id='word_1_740' title='bbox 3619 4008 3826 4076; x_wconf 72' lang='grc' dir='ltr'>πολλὴν</span> 
     </span>
    </p>
   </div>
   <div class='ocr_carea' id='block_1_102' title="bbox 2249 4095 3825 4162">
    <p class='ocr_par' dir='ltr' id='par_1_102' title="bbox 2249 4095 3825 4162">
     <span class='ocr_line' id='line_1_102' title="bbox 2249 4095 3825 4162; baseline 0.004 -17"><span class='ocrx_word' id='word_1_741' title='bbox 2249 4095 2380 4160; x_wconf 83' lang='grc' dir='ltr'>ὅσην</span> <span class='ocrx_word' id='word_1_742' title='bbox 2407 4095 2812 4162; x_wconf 59' lang='grc' dir='ltr'>ἐμφαινομένην</span> <span class='ocrx_word' id='word_1_743' title='bbox 2838 4097 2935 4162; x_wconf 77' lang='grc' dir='ltr'>τὴν</span> <span class='ocrx_word' id='word_1_744' title='bbox 2966 4095 3205 4159; x_wconf 88' lang='grc' dir='ltr'>σύνεσιν,</span> <span class='ocrx_word' id='word_1_745' title='bbox 3241 4099 3340 4148; x_wconf 87' lang='grc' dir='ltr'><strong>ούκ</strong></span> <span class='ocrx_word' id='word_1_746' title='bbox 3385 4099 3714 4151; x_wconf 84' lang='grc' dir='ltr'>ἀνέλπιστον</span> <span class='ocrx_word' id='word_1_747' title='bbox 3745 4104 3825 4152; x_wconf 83' lang='grc' dir='ltr'>ἔτι</span> 
     </span>
    </p>
   </div>
   <div class='ocr_carea' id='block_1_103' title="bbox 2247 4183 3825 4254">
    <p class='ocr_par' dir='ltr' id='par_1_103' title="bbox 2247 4183 3825 4254">
     <span class='ocr_line' id='line_1_103' title="bbox 2247 4183 3825 4254; baseline 0.003 -18"><span class='ocrx_word' id='word_1_748' title='bbox 2247 4185 2343 4237; x_wconf 74' lang='grc' dir='ltr'><strong>καὶ</strong></span> <span class='ocrx_word' id='word_1_749' title='bbox 2369 4187 2469 4252; x_wconf 79' lang='grc' dir='ltr'>τήν</span> <span class='ocrx_word' id='word_1_750' title='bbox 2511 4183 2817 4254; x_wconf 76' lang='grc' dir='ltr'>μεταϐολὴν</span> <span class='ocrx_word' id='word_1_751' title='bbox 2842 4183 3122 4252; x_wconf 80' lang='grc' dir='ltr'>ποιοῦμαι,</span> <span class='ocrx_word' id='word_1_752' title='bbox 3159 4185 3272 4236; x_wconf 71' lang='grc' dir='ltr'>ἀλλ’</span> <span class='ocrx_word' id='word_1_753' title='bbox 3316 4183 3415 4236; x_wconf 80' lang='grc' dir='ltr'>οἷδ’</span> <span class='ocrx_word' id='word_1_754' title='bbox 3441 4189 3523 4238; x_wconf 86' lang='grc' dir='ltr'><strong>ὅτι</strong></span> <span class='ocrx_word' id='word_1_755' title='bbox 3569 4192 3665 4239; x_wconf 71' lang='grc' dir='ltr'>καὶ</span> <span class='ocrx_word' id='word_1_756' title='bbox 3709 4209 3825 4242; x_wconf 85' lang='grc' dir='ltr'>πει-</span> 
     </span>
    </p>
   </div>
   <div class='ocr_carea' id='block_1_104' title="bbox 2247 4276 3827 4348">
    <p class='ocr_par' dir='ltr' id='par_1_104' title="bbox 2247 4276 3827 4348">
     <span class='ocr_line' id='line_1_104' title="bbox 2247 4276 3827 4348; baseline 0.001 -18"><span class='ocrx_word' id='word_1_757' title='bbox 2247 4276 2514 4348; x_wconf 78' lang='grc' dir='ltr'>σθήσεσθέ</span> <span class='ocrx_word' id='word_1_758' title='bbox 2547 4293 2639 4346; x_wconf 87' lang='grc' dir='ltr'><strong>μοι</strong></span> <span class='ocrx_word' id='word_1_759' title='bbox 2669 4277 2739 4328; x_wconf 83' lang='grc' dir='ltr'>τὰ</span> <span class='ocrx_word' id='word_1_760' title='bbox 2763 4277 2977 4346; x_wconf 87' lang='grc' dir='ltr'>χρηστά</span> <span class='ocrx_word' id='word_1_761' title='bbox 3032 4277 3474 4344; x_wconf 76' lang='grc' dir='ltr'>συμϐουλεύοντι,</span> <span class='ocrx_word' id='word_1_762' title='bbox 3509 4281 3605 4330; x_wconf 77' lang='grc' dir='ltr'>καὶ</span> <span class='ocrx_word' id='word_1_763' title='bbox 3632 4283 3736 4333; x_wconf 84' lang='grc' dir='ltr'>οὐκ</span> <span class='ocrx_word' id='word_1_764' title='bbox 3762 4283 3827 4334; x_wconf 82' lang='grc' dir='ltr'><strong>ἂν</strong></span> 
     </span>
    </p>
   </div>
   <div class='ocr_carea' id='block_1_105' title="bbox 2245 4369 3828 4444">
    <p class='ocr_par' dir='ltr' id='par_1_105' title="bbox 2245 4369 3828 4444">
     <span class='ocr_line' id='line_1_105' title="bbox 2245 4369 3828 4444; baseline 0.004 -22"><span class='ocrx_word' id='word_1_765' title='bbox 2245 4372 2456 4422; x_wconf 78' lang='grc' dir='ltr'>ἕλοισθε</span> <span class='ocrx_word' id='word_1_766' title='bbox 2497 4372 2723 4440; x_wconf 88' lang='grc' dir='ltr'>ἀτιμίαν</span> <span class='ocrx_word' id='word_1_767' title='bbox 2772 4372 2896 4424; x_wconf 83' lang='grc' dir='ltr'>ἀντὶ</span> <span class='ocrx_word' id='word_1_768' title='bbox 2944 4369 3133 4439; x_wconf 84' lang='grc' dir='ltr'>τιμῆς,</span> <span class='ocrx_word' id='word_1_769' title='bbox 3167 4371 3261 4423; x_wconf 78' lang='grc' dir='ltr'>καὶ</span> <span class='ocrx_word' id='word_1_770' title='bbox 3310 4372 3433 4424; x_wconf 74' lang='grc' dir='ltr'>ἀντὶ</span> <span class='ocrx_word' id='word_1_771' title='bbox 3475 4376 3690 4444; x_wconf 76' lang='grc' dir='ltr'>τρυφῆς</span> <span class='ocrx_word' id='word_1_772' title='bbox 3731 4376 3828 4428; x_wconf 77' lang='grc' dir='ltr'>καὶ</span> 
     </span>
    </p>
   </div>
   <div class='ocr_carea' id='block_1_106' title="bbox 2171 4461 3826 4536">
    <p class='ocr_par' dir='ltr' id='par_1_106' title="bbox 2171 4461 3826 4536">
     <span class='ocr_line' id='line_1_106' title="bbox 2171 4461 3826 4536; baseline 0.003 -23"><span class='ocrx_word' id='word_1_773' title='bbox 2171 4472 2215 4528; x_wconf 78' lang='lat' dir='ltr'><strong>D</strong></span> <span class='ocrx_word' id='word_1_774' title='bbox 2247 4461 2404 4532; x_wconf 83' lang='grc' dir='ltr'>δόξης</span> <span class='ocrx_word' id='word_1_775' title='bbox 2427 4463 2713 4532; x_wconf 75' lang='grc' dir='ltr'>αἰσχύνην,</span> <span class='ocrx_word' id='word_1_776' title='bbox 2737 4463 2829 4514; x_wconf 87' lang='grc' dir='ltr'><strong>καὶ</strong></span> <span class='ocrx_word' id='word_1_777' title='bbox 2849 4463 2910 4513; x_wconf 87' lang='grc' dir='ltr'><strong>τὸ</strong></span> <span class='ocrx_word' id='word_1_778' title='bbox 2942 4462 3068 4515; x_wconf 77' lang='grc' dir='ltr'>[δεῖν</span> <span class='ocrx_word' id='word_1_779' title='bbox 3106 4463 3333 4533; x_wconf 82' lang='grc' dir='ltr'>νεότητα</span> <span class='ocrx_word' id='word_1_780' title='bbox 3356 4464 3499 4516; x_wconf 77' lang='grc' dir='ltr'>οὕτω</span> <span class='ocrx_word' id='word_1_781' title='bbox 3529 4468 3703 4536; x_wconf 81' lang='grc' dir='ltr'>καλὴν</span> <span class='ocrx_word' id='word_1_782' title='bbox 3735 4472 3826 4520; x_wconf 75' lang='grc' dir='ltr'><strong>καὶ</strong></span> 
     </span>
    </p>
   </div>
   <div class='ocr_carea' id='block_1_107' title="bbox 2245 4554 3826 4631">
    <p class='ocr_par' dir='ltr' id='par_1_107' title="bbox 2245 4554 3826 4631">
     <span class='ocr_line' id='line_1_107' title="bbox 2245 4554 3826 4631; baseline 0.001 -21"><span class='ocrx_word' id='word_1_783' title='bbox 2245 4557 2406 4619; x_wconf 79' lang='grc' dir='ltr'>ἄνθος</span> <span class='ocrx_word' id='word_1_784' title='bbox 2436 4559 2686 4626; x_wconf 87' lang='grc' dir='ltr'>σώματος</span> <span class='ocrx_word' id='word_1_785' title='bbox 2709 4558 2776 4609; x_wconf 84' lang='grc' dir='ltr'><strong>τά</strong></span> <span class='ocrx_word' id='word_1_786' title='bbox 2802 4559 2968 4609; x_wconf 76' lang='grc' dir='ltr'>πᾶσιν</span> <span class='ocrx_word' id='word_1_787' title='bbox 2989 4554 3297 4626; x_wconf 84' lang='grc' dir='ltr'>ἀνθρώποις</span> <span class='ocrx_word' id='word_1_788' title='bbox 3325 4561 3515 4628; x_wconf 75' lang='grc' dir='ltr'>ἥδιστα</span> <span class='ocrx_word' id='word_1_789' title='bbox 3556 4563 3826 4631; x_wconf 85' lang='grc' dir='ltr'>χαλεπαῖς</span> 
     </span>
    </p>
   </div>
   <div class='ocr_carea' id='block_1_108' title="bbox 2247 4649 3828 4719">
    <p class='ocr_par' dir='ltr' id='par_1_108' title="bbox 2247 4649 3828 4719">
     <span class='ocr_line' id='line_1_108' title="bbox 2247 4649 3828 4719; baseline -0.001 -20"><span class='ocrx_word' id='word_1_790' title='bbox 2247 4649 2499 4716; x_wconf 80' lang='grc' dir='ltr'>βασάνοις</span> <span class='ocrx_word' id='word_1_791' title='bbox 2515 4649 2844 4717; x_wconf 77' lang='grc' dir='ltr'>ύὸριζόμενά</span> <span class='ocrx_word' id='word_1_792' title='bbox 2859 4665 2912 4699; x_wconf 87' lang='grc' dir='ltr'><strong>τε</strong></span> <span class='ocrx_word' id='word_1_793' title='bbox 2932 4649 3025 4699; x_wconf 73' lang='grc' dir='ltr'>καὶ</span> <span class='ocrx_word' id='word_1_794' title='bbox 3047 4650 3638 4719; x_wconf 73' lang='grc' dir='ltr'>σπαραττόμενα,11ρὸς</span> <span class='ocrx_word' id='word_1_795' title='bbox 3658 4654 3828 4705; x_wconf 64' lang='lat' dir='ltr'><strong>min;</strong></span> 
     </span>
    </p>
   </div>
   <div class='ocr_carea' id='block_1_109' title="bbox 2245 4736 3828 4810">
    <p class='ocr_par' dir='ltr' id='par_1_109' title="bbox 2245 4736 3828 4810">
     <span class='ocr_line' id='line_1_109' title="bbox 2245 4736 3828 4810; baseline 0.003 -20"><span class='ocrx_word' id='word_1_796' title='bbox 2245 4740 2404 4791; x_wconf 84' lang='grc' dir='ltr'>πάλιν</span> <span class='ocrx_word' id='word_1_797' title='bbox 2424 4741 2888 4810; x_wconf 75' lang='grc' dir='ltr'>εύπαρῤησίαστοι</span> <span class='ocrx_word' id='word_1_798' title='bbox 2907 4741 2954 4790; x_wconf 83' lang='grc' dir='ltr'>οῑ</span> <span class='ocrx_word' id='word_1_799' title='bbox 2973 4739 3138 4805; x_wconf 69' lang='grc' dir='ltr'>ἅγιοι,</span> <span class='ocrx_word' id='word_1_800' title='bbox 3157 4738 3368 4806; x_wconf 84' lang='grc' dir='ltr'>ῚΙμεῑς,</span> <span class='ocrx_word' id='word_1_801' title='bbox 3392 4736 3565 4807; x_wconf 75' lang='grc' dir='ltr'>εἷπον,</span> <span class='ocrx_word' id='word_1_802' title='bbox 3582 4745 3828 4795; x_wconf 80' lang='grc' dir='ltr'>ἀνθύπα-</span> 
     </span>
    </p>
   </div>
   <div class='ocr_carea' id='block_1_110' title="bbox 2243 4829 3826 4905">
    <p class='ocr_par' dir='ltr' id='par_1_110' title="bbox 2243 4829 3826 4905">
     <span class='ocr_line' id='line_1_110' title="bbox 2243 4829 3826 4905; baseline -0.001 -21"><span class='ocrx_word' id='word_1_803' title='bbox 2243 4848 2324 4893; x_wconf 65' lang='lat' dir='ltr'><strong>ra,</strong></span> <span class='ocrx_word' id='word_1_804' title='bbox 2350 4833 2443 4885; x_wconf 74' lang='grc' dir='ltr'><strong>καὶ</strong></span> <span class='ocrx_word' id='word_1_805' title='bbox 2470 4832 2731 4901; x_wconf 83' lang='grc' dir='ltr'>πρότερον</span> <span class='ocrx_word' id='word_1_806' title='bbox 2759 4831 3026 4896; x_wconf 84' lang='grc' dir='ltr'>εἰπόντες,</span> <span class='ocrx_word' id='word_1_807' title='bbox 3053 4831 3146 4881; x_wconf 68' lang='grc' dir='ltr'><strong>καὶ</strong></span> <span class='ocrx_word' id='word_1_808' title='bbox 3173 4829 3263 4882; x_wconf 79' lang='grc' dir='ltr'>νῦν</span> <span class='ocrx_word' id='word_1_809' title='bbox 3288 4831 3394 4881; x_wconf 81' lang='grc' dir='ltr'><strong>τῶν</strong></span> <span class='ocrx_word' id='word_1_810' title='bbox 3422 4831 3552 4884; x_wconf 83' lang='grc' dir='ltr'>ἴσων</span> <span class='ocrx_word' id='word_1_811' title='bbox 3584 4835 3826 4905; x_wconf 75' lang='grc' dir='ltr'>ἐχόμεθα</span> 
     </span>
    </p>
   </div>
   <div class='ocr_carea' id='block_1_111' title="bbox 2247 4920 3824 4995">
    <p class='ocr_par' dir='ltr' id='par_1_111' title="bbox 2247 4920 3824 4995">
     <span class='ocr_line' id='line_1_111' title="bbox 2247 4920 3824 4995; baseline 0.001 -19"><span class='ocrx_word' id='word_1_812' title='bbox 2247 4926 2439 4988; x_wconf 72' lang='grc' dir='ltr'>λόγων,</span> <span class='ocrx_word' id='word_1_813' title='bbox 2478 4923 2558 4974; x_wconf 81' lang='grc' dir='ltr'>ὅτι</span> <span class='ocrx_word' id='word_1_814' title='bbox 2613 4923 2875 4990; x_wconf 84' lang='grc' dir='ltr'>αἰσχύνην</span> <span class='ocrx_word' id='word_1_815' title='bbox 2948 4920 3229 4991; x_wconf 82' lang='grc' dir='ltr'>ἡγούμεθα</span> <span class='ocrx_word' id='word_1_816' title='bbox 3274 4926 3367 4974; x_wconf 76' lang='grc' dir='ltr'><strong>καὶ</strong></span> <span class='ocrx_word' id='word_1_817' title='bbox 3430 4925 3721 4995; x_wconf 78' lang='grc' dir='ltr'>μεγίστην,</span> <span class='ocrx_word' id='word_1_818' title='bbox 3777 4931 3824 4978; x_wconf 81' lang='grc' dir='ltr'><strong>εί</strong></span> 
     </span>
    </p>
   </div>
   <div class='ocr_carea' id='block_1_112' title="bbox 2247 5013 3825 5085">
    <p class='ocr_par' dir='ltr' id='par_1_112' title="bbox 2247 5013 3825 5085">
     <span class='ocr_line' id='line_1_112' title="bbox 2247 5013 3825 5085; baseline 0.003 -20"><span class='ocrx_word' id='word_1_819' title='bbox 2247 5015 2370 5067; x_wconf 78' lang='grc' dir='ltr'>νοῦν</span> <span class='ocrx_word' id='word_1_820' title='bbox 2403 5016 2497 5067; x_wconf 77' lang='grc' dir='ltr'>καὶ</span> <span class='ocrx_word' id='word_1_821' title='bbox 2530 5014 2734 5082; x_wconf 83' lang='grc' dir='ltr'>φρένας</span> <span class='ocrx_word' id='word_1_822' title='bbox 2776 5013 3028 5077; x_wconf 77' lang='grc' dir='ltr'>λαὸόντες</span> <span class='ocrx_word' id='word_1_823' title='bbox 3065 5018 3216 5082; x_wconf 84' lang='grc' dir='ltr'>παρὰ</span> <span class='ocrx_word' id='word_1_824' title='bbox 3269 5014 3405 5065; x_wconf 74' lang='grc' dir='ltr'>Θεοῦ</span> <span class='ocrx_word' id='word_1_825' title='bbox 3438 5015 3592 5076; x_wconf 69' lang='grc' dir='ltr'>θεοὺς</span> <span class='ocrx_word' id='word_1_826' title='bbox 3627 5019 3825 5085; x_wconf 79' lang='grc' dir='ltr'>ὀνομα-</span> 
     </span>
    </p>
   </div>
   <div class='ocr_carea' id='block_1_113' title="bbox 2248 5105 3824 5175">
    <p class='ocr_par' dir='ltr' id='par_1_113' title="bbox 2248 5105 3824 5175">
     <span class='ocr_line' id='line_1_113' title="bbox 2248 5105 3824 5175; baseline 0.002 -20"><span class='ocrx_word' id='word_1_827' title='bbox 2248 5106 2438 5175; x_wconf 83' lang='grc' dir='ltr'>ζοιμεν</span> <span class='ocrx_word' id='word_1_828' title='bbox 2491 5107 2558 5156; x_wconf 84' lang='grc' dir='ltr'>τὰ</span> <span class='ocrx_word' id='word_1_829' title='bbox 2603 5105 2677 5173; x_wconf 79' lang='grc' dir='ltr'>μὴ</span> <span class='ocrx_word' id='word_1_830' title='bbox 2729 5106 2922 5168; x_wconf 82' lang='grc' dir='ltr'>ἁπλῶς</span> <span class='ocrx_word' id='word_1_831' title='bbox 2956 5106 3148 5172; x_wconf 60' lang='grc' dir='ltr'>ἇςωνα</span> <span class='ocrx_word' id='word_1_832' title='bbox 3194 5108 3288 5156; x_wconf 75' lang='grc' dir='ltr'><strong>καὶ</strong></span> <span class='ocrx_word' id='word_1_833' title='bbox 3339 5123 3523 5172; x_wconf 85' lang='grc' dir='ltr'>κωφα,</span> <span class='ocrx_word' id='word_1_834' title='bbox 3554 5108 3692 5158; x_wconf 79' lang='grc' dir='ltr'><strong>ἀλλά</strong></span> <span class='ocrx_word' id='word_1_835' title='bbox 3731 5111 3824 5160; x_wconf 78' lang='grc' dir='ltr'>καὶ</span> 
     </span>
    </p>
   </div>
   <div class='ocr_carea' id='block_1_114' title="bbox 2217 5197 3822 5268">
    <p class='ocr_par' dir='ltr' id='par_1_114' title="bbox 2217 5197 3822 5268">
     <span class='ocr_line' id='line_1_114' title="bbox 2217 5197 3822 5268; baseline 0.002 -21"><span class='ocrx_word' id='word_1_836' title='bbox 2217 5244 2219 5247; x_wconf 88' lang='grc'>.</span> <span class='ocrx_word' id='word_1_837' title='bbox 2246 5198 2457 5268; x_wconf 81' lang='grc' dir='ltr'>φρενῶν</span> <span class='ocrx_word' id='word_1_838' title='bbox 2490 5198 2674 5267; x_wconf 79' lang='grc' dir='ltr'>ερημα</span> <span class='ocrx_word' id='word_1_839' title='bbox 2710 5201 2801 5249; x_wconf 82' lang='grc' dir='ltr'>καὶ</span> <span class='ocrx_word' id='word_1_840' title='bbox 2829 5197 3158 5266; x_wconf 82' lang='grc' dir='ltr'>αἰσθησεως.</span> <span class='ocrx_word' id='word_1_841' title='bbox 3184 5199 3280 5260; x_wconf 78' lang='grc' dir='ltr'><strong>’Λς</strong></span> <span class='ocrx_word' id='word_1_842' title='bbox 3309 5197 3365 5249; x_wconf 80' lang='grc' dir='ltr'>δὲ</span> <span class='ocrx_word' id='word_1_843' title='bbox 3390 5200 3522 5264; x_wconf 80' lang='grc' dir='ltr'>ἡμῖν</span> <span class='ocrx_word' id='word_1_844' title='bbox 3551 5201 3822 5261; x_wconf 76' lang='grc' dir='ltr'>ἐπισείεις</span> 
     </span>
    </p>
   </div>
   <div class='ocr_carea' id='block_1_115' title="bbox 2247 5288 3822 5359">
    <p class='ocr_par' dir='ltr' id='par_1_115' title="bbox 2247 5288 3822 5359">
     <span class='ocr_line' id='line_1_115' title="bbox 2247 5288 3822 5359; baseline -0.001 -17"><span class='ocrx_word' id='word_1_845' title='bbox 2247 5290 2534 5358; x_wconf 81' lang='grc' dir='ltr'>βασάνους,</span> <span class='ocrx_word' id='word_1_846' title='bbox 2566 5289 2819 5341; x_wconf 87' lang='grc' dir='ltr'>τοσούτου</span> <span class='ocrx_word' id='word_1_847' title='bbox 2855 5288 3049 5357; x_wconf 86' lang='grc' dir='ltr'>δέομεν</span> <span class='ocrx_word' id='word_1_848' title='bbox 3082 5289 3324 5359; x_wconf 74' lang='grc' dir='ltr'>φοϐερὰς</span> <span class='ocrx_word' id='word_1_849' title='bbox 3370 5291 3647 5359; x_wconf 78' lang='grc' dir='ltr'>ἡγεῖσθαι,</span> <span class='ocrx_word' id='word_1_850' title='bbox 3681 5290 3822 5342; x_wconf 74' lang='grc' dir='ltr'>ῶστι</span> 
     </span>
    </p>
   </div>
   <div class='ocr_carea' id='block_1_116' title="bbox 2247 5381 3818 5452">
    <p class='ocr_par' dir='ltr' id='par_1_116' title="bbox 2247 5381 3818 5452">
     <span class='ocr_line' id='line_1_116' title="bbox 2247 5381 3818 5452; baseline 0 -18"><span class='ocrx_word' id='word_1_851' title='bbox 2247 5382 2555 5434; x_wconf 72' lang='grc' dir='ltr'>τούναντίον</span> <span class='ocrx_word' id='word_1_852' title='bbox 2625 5382 2720 5433; x_wconf 70' lang='lat' dir='ltr'><strong>aut</strong></span> <span class='ocrx_word' id='word_1_853' title='bbox 2782 5381 3097 5452; x_wconf 81' lang='grc' dir='ltr'>φοὸούμεθα</span> <span class='ocrx_word' id='word_1_854' title='bbox 3141 5382 3366 5450; x_wconf 82' lang='grc' dir='ltr'>μᾶλλον,</span> <span class='ocrx_word' id='word_1_855' title='bbox 3431 5384 3527 5452; x_wconf 80' lang='grc' dir='ltr'>μὴ,</span> <span class='ocrx_word' id='word_1_856' title='bbox 3596 5382 3818 5451; x_wconf 80' lang='grc' dir='ltr'>κούφως</span> 
     </span>
    </p>
   </div>
   <div class='ocr_carea' id='block_1_117' title="bbox 2247 5473 3824 5545">
    <p class='ocr_par' dir='ltr' id='par_1_117' title="bbox 2247 5473 3824 5545">
     <span class='ocr_line' id='line_1_117' title="bbox 2247 5473 3824 5545; baseline 0 -21"><span class='ocrx_word' id='word_1_857' title='bbox 2247 5474 2471 5542; x_wconf 76' lang='grc' dir='ltr'>ἔχουσαι</span> <span class='ocrx_word' id='word_1_858' title='bbox 2530 5477 2624 5526; x_wconf 78' lang='grc' dir='ltr'>καὶ</span> <span class='ocrx_word' id='word_1_859' title='bbox 2677 5473 2938 5543; x_wconf 86' lang='grc' dir='ltr'>μετρίως,</span> <span class='ocrx_word' id='word_1_860' title='bbox 2997 5476 3058 5525; x_wconf 88' lang='grc' dir='ltr'><strong>ού</strong></span> <span class='ocrx_word' id='word_1_861' title='bbox 3126 5473 3449 5543; x_wconf 76' lang='grc' dir='ltr'>δυνήσονται</span> <span class='ocrx_word' id='word_1_862' title='bbox 3517 5476 3824 5545; x_wconf 63' lang='grc' dir='ltr'>μαρτύριον</span> 
     </span>
    </p>
   </div>
   <div class='ocr_carea' id='block_1_118' title="bbox 2248 5562 3819 5636">
    <p class='ocr_par' dir='ltr' id='par_1_118' title="bbox 2248 5562 3819 5636">
     <span class='ocr_line' id='line_1_118' title="bbox 2248 5562 3819 5636; baseline -0.001 -17"><span class='ocrx_word' id='word_1_863' title='bbox 2248 5565 2472 5636; x_wconf 72' lang='grc' dir='ltr'>ἀκριϐὲς</span> <span class='ocrx_word' id='word_1_864' title='bbox 2497 5562 2635 5617; x_wconf 80' lang='grc' dir='ltr'>εἶναι</span> <span class='ocrx_word' id='word_1_865' title='bbox 2661 5568 2757 5632; x_wconf 85' lang='grc' dir='ltr'>τῆς</span> <span class='ocrx_word' id='word_1_866' title='bbox 2782 5566 2876 5618; x_wconf 80' lang='grc' dir='ltr'><strong>τού</strong></span> <span class='ocrx_word' id='word_1_867' title='bbox 2909 5566 3046 5616; x_wconf 79' lang='grc' dir='ltr'>Θεοῦ</span> <span class='ocrx_word' id='word_1_868' title='bbox 3083 5568 3210 5634; x_wconf 84' lang='grc' dir='ltr'>περὶ</span> <span class='ocrx_word' id='word_1_869' title='bbox 3248 5567 3395 5634; x_wconf 79' lang='grc' dir='ltr'>ἡμᾶς</span> <span class='ocrx_word' id='word_1_870' title='bbox 3428 5567 3611 5634; x_wconf 75' lang='grc' dir='ltr'>ἰσχύος</span> <span class='ocrx_word' id='word_1_871' title='bbox 3635 5583 3693 5618; x_wconf 87' lang='grc' dir='ltr'><strong>τε</strong></span> <span class='ocrx_word' id='word_1_872' title='bbox 3729 5571 3819 5620; x_wconf 68' lang='grc' dir='ltr'><strong>καὶ</strong></span> 
     </span>
    </p>
   </div>
   <div class='ocr_carea' id='block_1_119' title="bbox 2247 5658 3819 5732">
    <p class='ocr_par' dir='ltr' id='par_1_119' title="bbox 2247 5658 3819 5732">
     <span class='ocr_line' id='line_1_119' title="bbox 2247 5658 3819 5732; baseline -0.001 -20"><span class='ocrx_word' id='word_1_873' title='bbox 2247 5662 2551 5730; x_wconf 79' lang='grc' dir='ltr'>δυνάμεως.</span> <span class='ocrx_word' id='word_1_874' title='bbox 2585 5663 2655 5712; x_wconf 85' lang='grc' dir='ltr'>Ἢ</span> <span class='ocrx_word' id='word_1_875' title='bbox 2691 5659 2826 5711; x_wconf 85' lang='grc' dir='ltr'><strong>ἀλλά</strong></span> <span class='ocrx_word' id='word_1_876' title='bbox 2874 5659 2951 5727; x_wconf 77' lang='grc' dir='ltr'><strong>μὴ</strong></span> <span class='ocrx_word' id='word_1_877' title='bbox 2983 5658 3139 5710; x_wconf 87' lang='grc' dir='ltr'>πλέον</span> <span class='ocrx_word' id='word_1_878' title='bbox 3169 5661 3217 5710; x_wconf 76' lang='grc' dir='ltr'><strong>οἱ</strong></span> <span class='ocrx_word' id='word_1_879' title='bbox 3250 5659 3420 5724; x_wconf 86' lang='grc' dir='ltr'>λόγοι,</span> <span class='ocrx_word' id='word_1_880' title='bbox 3447 5663 3514 5728; x_wconf 80' lang='grc' dir='ltr'>τῇ</span> <span class='ocrx_word' id='word_1_881' title='bbox 3568 5661 3735 5732; x_wconf 74' lang='grc' dir='ltr'>πείρα</span> <span class='ocrx_word' id='word_1_882' title='bbox 3765 5662 3819 5711; x_wconf 69' lang='grc' dir='ltr'>δὲ</span> 
     </span>
    </p>
   </div>
   <div class='ocr_carea' id='block_1_120' title="bbox 2253 5748 3821 5819">
    <p class='ocr_par' dir='ltr' id='par_1_120' title="bbox 2253 5748 3821 5819">
     <span class='ocr_line' id='line_1_120' title="bbox 2253 5748 3821 5819; baseline -0.003 -15"><span class='ocrx_word' id='word_1_883' title='bbox 2253 5755 2376 5812; x_wconf 75' lang='grc' dir='ltr'>τοὺς</span> <span class='ocrx_word' id='word_1_884' title='bbox 2418 5753 2671 5819; x_wconf 77' lang='grc' dir='ltr'>ἐλέγχους</span> <span class='ocrx_word' id='word_1_885' title='bbox 2706 5750 3021 5817; x_wconf 71' lang='grc' dir='ltr'>ἐπίτρεψον,</span> <span class='ocrx_word' id='word_1_886' title='bbox 3057 5748 3149 5800; x_wconf 71' lang='lat' dir='ltr'><strong>xa‘t</strong></span> <span class='ocrx_word' id='word_1_887' title='bbox 3188 5749 3308 5799; x_wconf 87' lang='grc' dir='ltr'>τότε</span> <span class='ocrx_word' id='word_1_888' title='bbox 3345 5750 3469 5818; x_wconf 73' lang='grc' dir='ltr'>εἴση</span> <span class='ocrx_word' id='word_1_889' title='bbox 3503 5752 3694 5817; x_wconf 79' lang='grc' dir='ltr'>σαφῶς</span> <span class='ocrx_word' id='word_1_890' title='bbox 3741 5752 3821 5800; x_wconf 83' lang='grc' dir='ltr'><strong>δτι</strong></span> 
     </span>
    </p>
   </div>
  </div>
