3970 6446
137 422 237 492 717

1244 404 1712 473 MARTYRIUM
1754 403 1816 465 S.
1859 402 2305 468 EUPHEMME.

3306 412 3413 477 718

142 540 272 609 ῥᾷον
312 537 475 606 ἡμεῖς
505 535 729 605 οίσομεν
774 532 807 604 ἢ
843 531 1064 597 ἐπάξεις
1098 530 1258 593 αὐτὸς
1304 530 1401 592 τὰς
1444 526 1720 586 κολάσεις.

1833 523 2033 579 laturos
2083 539 2206 580 esse
2276 526 2573 594 cruciatus,
2637 543 2796 601 quam
2850 539 2906 587 tu
2959 533 3035 588 sis
3102 534 3405 590 intentatu-

203 716 276 771 A'.
328 715 592 769 Ἀνάπτει
613 714 704 768 τὸν
736 714 1002 784 τύραννον
1033 715 1111 775 εἰς
1147 710 1321 782 ὀργῆν
1360 711 1389 763 ὁ
1418 711 1597 778 λόγος,
1630 711 1727 763 καὶ

138 808 300 869 εὐθὺς
337 808 564 878 βάσανοι
598 808 720 869 τοὺς
766 807 1052 876 μάρτυρας
1087 800 1259 873 εἶχον.
1295 805 1360 856 Δί
1399 802 1625 873 βάσανοι
1667 802 1725 855 δὲ

136 903 195 953 ού
232 901 434 970 μικραὶ
459 899 582 952 οὐδὲ
612 901 703 952 ἐπὶ
752 899 948 966 μικρὸν
979 899 1289 969 ἀρκέσασαι
1342 898 1557 965 χρόνον,
1605 894 1724 947 ἀλλ’

135 994 225 1043 ἐπὶ
300 992 478 1043 εἴκοσι
554 992 685 1059 μιᾶς
739 989 967 1058 δεούσης
1026 991 1239 1060 ἡμέρας
1294 989 1721 1057 παραταθεῖσαι.

139 1085 317 1137 Ἰσασι
375 1084 432 1137 δὲ
467 1085 684 1145 πάντως
739 1084 855 1135 ὅσοι
896 1086 1093 1153 πεῖραν
1121 1084 1228 1135 τῶν
1280 1082 1543 1149 ἀλγεινῶν
1572 1080 1725 1149 ἔχου-

137 1193 258 1240 σιν,
333 1177 416 1227 ὅτι
482 1175 718 1245 πληγαῖς
778 1175 1028 1245 σώματος
1085 1174 1463 1242 ἐπιγινόμεναι
1561 1172 1723 1225 πάλιν

144 1270 354 1338 ἕτεραι,
402 1268 566 1336 μήπω
626 1270 725 1337 τῆς
778 1269 1048 1336 προτέρας
1084 1264 1562 1334 ὑπομαρανθείσης
1604 1264 1724 1316 ὀδύ-

135 1378 247 1427 νης,
319 1359 457 1411 ἀλλά
511 1358 571 1410 τὸ
628 1357 857 1427 σφοδρὸν
896 1358 975 1409 ἔτι
1024 1357 1119 1409 καὶ
1179 1356 1429 1425 ἀκμάζον
1470 1356 1721 1423 ἐχούσης,

134 1452 417 1521 ἀφόρητον
464 1449 583 1502 οἵαν
614 1454 707 1503 καὶ
752 1450 935 1520 δεινὴν
980 1449 1081 1517 τὴν
1151 1448 1405 1518 αἴσθησιν
1449 1451 1562 1510 τοῖς
1612 1448 1719 1500 πά-

134 1560 357 1613 σχουσιν
386 1541 733 1612 ἐμποιοῦσιν.
761 1541 834 1594 Τὸ
857 1544 953 1611 μὲν
979 1538 1072 1594 οὖν
1100 1542 1249 1611 βῆμα
1278 1540 1570 1609 ξεομένους
1592 1540 1719 1603 τοὺς

137 1637 428 1703 μάρτυρας
462 1630 747 1700 ὲθεάτριζε
781 1630 905 1683 καθ’
948 1631 1186 1699 ἡμέραν,
1224 1626 1343 1680 εἷτα
1376 1631 1467 1681 καὶ
1502 1627 1721 1698 είρκταὶ

132 1722 327 1772 τούτου
392 1720 531 1789 μετά
557 1721 653 1781 τάς
690 1720 903 1787 πληγάς
934 1719 1261 1786 διεδέχοντο,
1306 1719 1552 1782 κάκωσις
1586 1718 1719 1788 άλλη

134 1812 221 1864 ἐπὶ
271 1811 520 1863 κακώσει
579 1810 675 1859 καὶ
732 1808 1022 1877 προσθήκη
1060 1808 1168 1859 τῶν
1220 1806 1500 1877 λυπηρῶν.
1559 1810 1623 1859 Οἱ
1663 1809 1719 1861 δὲ

135 1900 394 1953 τοσοῦτον
456 1901 686 1968 ἀπεῖχον
743 1900 837 1951 τοῦ
901 1899 1081 1969 λύπην
1152 1901 1295 1952 αὑτά
1356 1903 1451 1951 καὶ
1520 1900 1718 1970 ὀδύνην

134 1990 470 2061 λογίζεσθαι,
522 1991 663 2044 ὥστε
735 1994 828 2045 καὶ
880 1992 1042 2063 διπλῇ
1116 1994 1350 2064 χαίρειν,
1397 1992 1475 2061 τῷ
1528 2010 1587 2045 τε
1637 1994 1720 2046 διὰ

133 2086 373 2153 Χριστὸν
430 2085 792 2151 κολάζεσθαι,
848 2088 943 2139 καὶ
999 2087 1074 2158 τῷ
1134 2091 1201 2159 τῇ
1249 2088 1535 2158 προσθήκῃ

134 2179 398 2248 λυπηρῶν
453 2179 776 2249 προσθήκην
837 2182 1025 2243 αὐτοῖς
1070 2179 1139 2233 τὰ
1178 2181 1236 2231 ἐν
1280 2180 1495 2233 ἐλπίσιν
1543 2182 1723 2245 ἀγαθά

135 2272 415 2341 δέχεσθαι.
452 2272 565 2337 Τῆς
612 2272 868 2339 εἰκοστῆς
915 2272 971 2324 δὲ
1003 2273 1105 2342 ἤδη
1137 2275 1447 2342 ἐπιστάσης
1486 2274 1722 2344 ἡμέρας,

134 2364 472 2433 μετάκλητοι
528 2360 693 2413 πάλιν
744 2363 794 2413 οἱ
851 2368 1089 2430 γενναῖοι
1161 2364 1239 2434 τῷ
1288 2370 1537 2435 τυράννῳ
1593 2369 1726 2419 καθ-

138 2460 405 2513 ίστανται.
446 2458 557 2511 Καὶ
587 2460 621 2527 η
672 2455 983 2518 καλλίνικος
1022 2454 1078 2507 δὲ
1114 2458 1411 2525 συμπαρῆν
1441 2459 1723 2528 Εὑφημία,

138 2547 253 2603 οἷον
310 2553 566 2621 ἀστέρων
625 2550 1023 2619 διαφαινόντων
1072 2547 1271 2617 σελήνη
1329 2549 1494 2616 μέσον
1544 2552 1724 2600 αὐτῶν

135 2644 426 2707 εὔκυκλος,
467 2643 633 2696 καλὸν
680 2642 802 2696 λίαν
836 2642 931 2693 καὶ
976 2638 1074 2710 ήδὺ
1111 2639 1430 2709 λάμπουσα.
1472 2640 1537 2691 Τί
1569 2636 1661 2691 οὖν
1697 2644 1723 2691 ὀ

134 2738 403 2806 τύραννος
421 2736 558 2806 πρὸς
582 2734 807 2797 αύτούςς
828 2733 919 2797 Εἰς
940 2735 1159 2802 πεῖραν,
1188 2734 1314 2801 ἔφη,
1350 2734 1722 2795 καταστάντες

135 2825 209 2882 ῶν
252 2831 517 2882 οὐδέποτε
552 2828 617 2880 ἂν
652 2826 987 2897 πειραθῆναι
1024 2825 1270 2895 ᾠήθῆτε,
1304 2827 1353 2876 εἰ
1388 2826 1723 2894 μεταδιδού-

136 2922 325 2974 λευταί
382 2936 433 2970 τι
491 2917 762 2985 σωτήριον
816 2920 909 2969 καὶ
976 2915 1256 2975 λυσιτελὲς
1320 2916 1470 2984 ὑμῖν,
1512 2916 1722 2968 εἴπατε.

138 3006 358 3064 Βέλτιον
392 3008 499 3078 γὰρ
534 3007 902 3069 ἀπολιπόντας
943 3010 1043 3075 τήν
1087 3008 1326 3075 ματαίαν
1393 3008 1597 3075 ταύτην
1626 3008 1723 3077 τῆς

136 3104 294 3174 δόξης
347 3102 726 3170 χαινθτθέλίανν
780 3102 874 3153 κλὶ
923 3100 982 3152 τδ
1034 3103 1231 3168 μόνους
1280 3105 1373 3153 ἐπὶ
1422 3102 1577 3169 κακῷ
1628 3104 1725 3171 τῆς

1616 2090 1723 2139 τῶν

1830 628 1946 669 1⁵113.

1900 707 1991 763 IV.
2030 710 2109 765 Ad
2157 711 2293 766 iram
2329 719 2616 783 tyrannum
2666 715 2923 771 accendit
2975 717 3092 774 haec
3126 721 3326 788 oratio,
3360 734 3415 779 et

1829 801 2015 853 statim
2050 803 2341 858 tormentis
2361 804 2596 873 subjecti
2617 805 2768 862 fuere
2800 819 3090 880 martyres.
3118 812 3415 867 Tormenta

1829 899 2011 944 autem
2067 892 2294 949 fuerunt
2342 911 2450 949 non
2515 913 2696 965 parva,
2751 914 2929 969 neque
2958 918 3127 971 parvo
3167 914 3413 975 tempore

1828 980 2125 1047 durarunt,
2164 985 2261 1038 sed
2290 985 2355 1037 ad
2384 988 2761 1041 noremdecim
2789 990 2907 1044 dies
2944 992 3098 1046 tuere
3126 994 3410 1063 producta.

1831 1068 2029 1126 Sciunt
2080 1084 2265 1130 autem
2313 1077 2564 1143 omnino,
2601 1079 2915 1150 quicunque
2956 1098 3138 1137 rerum
3188 1098 3415 1154 aspera-

1829 1177 1949 1216 rum
2000 1173 2057 1217 et
2105 1165 2345 1220 tristium
2396 1166 2605 1223 faciunt
2660 1172 2987 1239 periculum,
3040 1175 3185 1245 quod
3244 1177 3416 1247 plagis

1830 1259 2082 1326 corporis
2116 1274 2308 1313 rursus
2342 1262 2668 1317 accedentes
2708 1264 2845 1329 aliae,
2890 1281 3020 1321 cum
3074 1268 3227 1338 prior
3262 1269 3417 1324 dolor

1830 1348 2078 1403 nondum
2138 1353 2495 1418 emarcuerit,
2523 1354 2618 1408 sed
2641 1355 2713 1409 sit
2748 1357 2927 1413 adhuc
2963 1359 3020 1411 in
3055 1360 3170 1428 ipso
3203 1362 3412 1431 vigore,

1829 1439 1899 1494 iis
1935 1443 2030 1511 qui
2069 1445 2375 1513 patiuntur,
2406 1444 2651 1503 etIicinnt
2681 1463 2904 1519 gravem
2934 1465 3160 1505 sensum
3191 1463 3246 1507 et
3271 1453 3416 1508 into-

1829 1533 2134 1591 lerabilem.
2190 1536 2369 1605 Atque
2400 1537 2637 1592 tribunal
2702 1540 2927 1608 quidem
2992 1550 3281 1613 martyres,
3323 1544 3418 1611 qui

1827 1626 2205 1691 cmdebantur,
2248 1629 2586 1698 producebat
2634 1632 2906 1700 quotidie,
2956 1633 3126 1687 veluti
3170 1634 3223 1688 in
3264 1636 3421 1690 thea-

1831 1726 1997 1773 trum.
2058 1712 2266 1775 Deinde
2296 1730 2421 1791 post
2455 1723 2640 1793 plagas
2678 1737 2773 1779 eos
2804 1739 3023 1793 quoque
3064 1724 3417 1795 excipiebant

1832 1827 2099 1876 carceres,
2135 1814 2243 1868 alia
2284 1813 2502 1870 atnictio
2539 1815 2812 1870 accedens
2849 1816 3157 1881 alllictioni,
3220 1828 3273 1873 et
3312 1819 3416 1874 do-

1834 1901 2009 1955 lorum
2067 1903 2525 1959 additamentum.
2581 1904 2818 1960 Tantum
2878 1916 3062 1961 autem
3110 1908 3316 1971 aberat,
3357 1919 3418 1963 ut

1830 1991 1905 2044 illi
1946 2008 2009 2045 ea
2034 1994 2277 2049 dolorem
2305 1995 2686 2051 existimarent
2713 2006 2767 2051 et
2800 1997 3137 2064 molestiam,
3173 1999 3414 2053 utetiam

1827 2083 2130 2153 gauderent
2187 2086 2505 2155 dupliciter,
2551 2095 2607 2141 et
2654 2089 2798 2157 quod
2859 2101 3085 2158 propter
3134 2089 3415 2145 Christum

1826 2176 2180 2244 punirentur,
2232 2188 2288 2232 et
2340 2179 2485 2249 quod
2516 2189 2739 2249 propter
2803 2196 2992 2234 rerum
3060 2182 3415 2236 molestarunt

1826 2279 2183 2336 augmentum
2219 2271 2359 2325 bona
2416 2288 2636 2341 quoque
2670 2288 2794 2343 qua
2821 2283 2983 2329 erant
3044 2273 3108 2332 in
3144 2289 3264 2344 spe,
3321 2291 3417 2331 ac-

1828 2361 2135 2415 cessionem
2159 2361 2499 2429 acciperent.
2529 2362 2798 2430 Cumjam
2836 2372 3019 2417 autem
3047 2362 3164 2417 dies
3200 2363 3420 2418 adesset

1832 2453 2147 2517 \icesinius,
2181 2468 2209 2507 a
2248 2466 2478 2524 tyranno
2513 2470 2705 2510 rursus
2739 2456 2841 2509 viri
2882 2464 3249 2511 accersuntur
3275 2470 3416 2525 pra:-

1827 2545 1982 2605 elari,
2018 2560 2150 2597 cum
2186 2547 2386 2613 quibus
2422 2548 2657 2616 gloriosa
2689 2561 2905 2615 quoque
2966 2546 3158 2601 aderat
3192 2547 3415 2617 Euphe-

1827 2634 1956 2696 mia,
1995 2635 2162 2689 veluti
2205 2639 2259 2689 in
2307 2639 2493 2691 medio
2542 2638 2822 2693 stellarum
2891 2638 3021 2693 luna
3095 2648 3214 2694 toto
3280 2640 3417 2696 orbe

1829 2723 2014 2793 plena,
2038 2724 2266 2795 pulchre
2297 2735 2351 2779 et
2382 2727 2784 2795 iucundissime
2822 2730 3207 2796 resplendens.
3266 2730 3415 2796 Quid

1828 2833 1956 2888 ergo
1999 2818 2077 2872 eis
2118 2806 2377 2889 tyrannus
2409 2818 2431 2871 ?
2467 2818 2561 2883 Ea,
2593 2819 2790 2889 inquit,
2845 2821 3085 2891 experti,
3117 2836 3238 2890 quae
3272 2837 3417 2876 nuu-

1830 2926 1996 2977 quam
2036 2914 2273 2981 putastis
2338 2911 2453 2965 fore
2509 2925 2565 2965 ut
2611 2913 3027 2981 experiremini,
3086 2928 3153 2967 an
3194 2914 3415 2983 aliquod

1833 3005 2072 3057 salutare
2106 3014 2161 3057 et
2198 3005 2351 3057 vobis
2382 3006 2514 3057 utile
2564 3006 2853 3059 consilium
2886 3007 3167 3075 ceperitis,
3222 3007 3414 3063 dicite.

1829 3098 2016 3152 Satius
2052 3106 2135 3151 est
2162 3098 2333 3161 enim,
2367 3104 2426 3148 ut
2459 3096 2650 3150 relicta
2680 3098 2782 3151 bac
2807 3111 2946 3151 vana
2968 3108 3022 3151 et
3052 3114 3192 3153 nova
3229 3101 3415 3172 glorias

139 3198 275 3260 ιδίας
311 3196 462 3264 ζωῆς
494 3198 899 3265 ἀντιφέρεσθαι,
940 3193 967 3245 ὃ
1003 3196 1203 3255 πάντες
1255 3195 1425 3261 δρῶσι
1454 3197 1546 3246 καὶ
1579 3196 1722 3263 ὑμᾶς

1833 3190 2159 3261 cupiditate,
2203 3201 2259 3245 et
2316 3190 2600 3243 mittentes
2670 3190 2771 3245 soli
2829 3200 3024 3244 Vestras
3098 3192 3219 3247 vita:
3275 3193 3417 3248 malo

137 3289 341 3361 ὁμοίως
392 3290 565 3340 ποιεῖν
614 3289 709 3339 καὶ
759 3285 1162 3355 προσελθόντας
1207 3282 1380 3337 θύειν.
1433 3285 1489 3335 '0
1520 3285 1576 3335 δὲ
1626 3287 1720 3337 τοῦ

136 3384 377 3453 Χριστοῦ
397 3385 645 3451 γενναῖος
664 3382 894 3455 στρατὸς
918 3383 1035 3454 ἃμα
1058 3386 1124 3452 τῇ
1145 3384 1517 3453 πανευιρήμῳ,
1542 3382 1723 3453 Μέχρι

135 3476 301 3540 τίνος,
338 3471 517 3540 εἷπον,
548 3468 592 3528 ὦ
615 3477 870 3541 δικαστά,
892 3475 1119 3527 σεαυτὸν
1156 3477 1399 3545 ἀπατᾴς,
1430 3478 1724 3547 ἐπιχειρῶν

137 3570 468 3638 πράγμασιν
506 3568 791 3629 ἀδυνάτοις
827 3585 840 3631 ;
891 3569 965 3619 Τὸ
992 3570 1100 3637 γάρ
1145 3569 1293 3636 ἡμᾶς
1333 3569 1513 3619 δοκεῖν
1561 3585 1726 3635 μεταο

137 3661 372 3723 πείσειν,
407 3658 591 3727 ὅμοιόν
623 3661 740 3710 ἐστι
780 3658 855 3726 τῷ
900 3659 1029 3720 τοὺς
1089 3660 1327 3727 ἀστέρας
1373 3658 1585 3710 οἴεσθαι
1624 3662 1723 3729 τῆς

136 3751 345 3813 οἰκείας
402 3748 724 3820 μεταθεῖναι
773 3752 1015 3813 στάσεως
1068 3751 1101 3820 ἢ
1158 3751 1411 3820 πορείας,
1470 3751 1502 3820 ἦ
1552 3751 1610 3803 ἓν
1668 3768 1725 3804 τι

141 3847 485 3916 μεταστῆσαι
508 3847 615 3897 τῶν
643 3846 938 3915 ἀκινήτων.
972 3846 1135 3896 Ὥστε
1164 3844 1375 3913 βέλτιον
1400 3839 1466 3915 ἦν
1496 3847 1723 3897 σεαυτὸν

145 3938 349 4007 μᾶλλον
383 3939 482 4006 τῆς
518 3936 725 4005 πλάνης
747 3936 1099 4005 μεταϐαλεῖν,
1136 3939 1229 3989 καὶ
1254 3937 1344 3988 τὸν
1378 3934 1557 4005 ἀληθῆ
1591 3932 1724 3988 Θεὸν

138 4030 460 4098 ιπιγνῶναι,
500 4029 789 4099 οἰκονόμον
835 4029 1056 4099 ἄριστον
1100 4029 1199 4099 τῆς
1250 4030 1384 4095 ἰδίας
1426 4030 1725 4099 γενόμενον

139 4125 436 4195 σωτηρίας.

208 4379 286 4434 E'.
315 4380 491 4450 θυμῷ
521 4379 731 4432 πλείονι
757 4380 783 4430 ὁ
820 4378 1061 4449 Πρίσκος
1102 4376 1487 4446 κατασχεθεὶς,
1525 4378 1723 4431 amita-

143 4489 225 4525 σιν
246 4474 422 4543 ὠμοῖς
453 4471 667 4523 κελεύει
686 4474 752 4523 τά
777 4472 885 4521 τῶν
910 4472 1080 4537 ἁγίων
1098 4470 1400 4524 τύπτεσθαι
1426 4474 1722 4541 πρόσωπα,

1831 3290 2016 3335 vestro
2069 3296 2397 3350 repugnare,
2460 3281 2606 3348 quod
2660 3296 2853 3336 omnes
2901 3280 3133 3349 faciunt,
3189 3283 3243 3338 id
3315 3300 3415 3338 vos

1827 3387 2045 3441 quoque
2070 3370 2310 3433 faciatis,
2344 3379 2400 3426 et
2428 3370 2755 3424 accedentes
2815 3374 3157 3427 saerilicetis.
3208 3374 3417 3431 Christi

1830 3477 2015 3521 autem
2046 3463 2206 3519 fortis
2235 3463 2513 3518 exercitus
2571 3463 2737 3519 simul
2787 3479 2913 3520 cum
2960 3465 3253 3524 benedicta
3300 3471 3417 3526 Eu-

1828 3558 2048 3627 phemia
2085 3575 2097 3610 :
2142 3556 2464 3626 Quousque,
2500 3557 2758 3611 dixerunt
2790 3596 2806 3622 ,
2842 3573 2875 3612 ο
2929 3557 3121 3627 judex,
3180 3562 3416 3631 teipsum

1828 3650 2061 3718 decipis,
2100 3664 2188 3702 res
2235 3648 2587 3717 aggrediens,
2652 3664 2775 3719 qua:
2813 3664 2923 3703 non
2984 3662 3216 3719 possunt
3249 3655 3416 3709 ﬁeri?

1830 3742 2030 3797 Putare
2055 3741 2200 3796 enim
2232 3758 2397 3811 posse
2432 3749 2483 3795 te
2515 3756 2616 3794 nos
2644 3756 2674 3793 a
2712 3745 2899 3794 nostra
2936 3743 3225 3797 traducere
3282 3761 3415 3800 sen-

1832 3834 2001 3888 tentia
2054 3834 2281 3903 perinde
2306 3844 2408 3897 est,
2441 3848 2504 3885 ac
2538 3833 2580 3885 si
2629 3843 2791 3902 putes
2830 3849 2991 3905 posse
3051 3844 3102 3889 te
3143 3839 3418 3891 transmo-

1829 3940 1957 3979 rere
1983 3927 2171 3978 stellas
2206 3942 2234 3977 a
2268 3940 2365 3979 sua
2399 3926 2641 3979 statione
2670 3926 2750 3980 rel
2795 3928 3060 3989 motione,
3110 3941 3209 3982 aut
3236 3941 3419 3983 trans-

1830 4014 1973 4070 ferre
2003 4014 2208 4085 aliquid
2240 4029 2304 4071 ex
2326 4014 2391 4067 iis
2412 4029 2529 4082 quae
2549 4023 2677 4066 sunt
2704 4016 3024 4069 immobilia.
3046 4015 3413 4081 Quamobrem

1830 4109 2002 4164 satius
2035 4118 2139 4171 est,
2166 4118 2283 4162 uta
2325 4116 2420 4161 tuo
2464 4120 2665 4161 errore
2710 4110 3072 4173 convertaris,
3126 4119 3180 4163 et
3226 4128 3414 4164 verum

1833 4200 2003 4256 Deum
2028 4214 2315 4272 agnoscas,
2340 4198 2434 4268 qui
2469 4198 2570 4253 fuit
2604 4208 2709 4253 tuze
2753 4200 2948 4257 salutis
3012 4202 3253 4271 Optimus
3298 4204 3414 4256 dis-

1830 4302 2108 4361 pensator.
3036 4346 3042 4351 .

1908 4382 1970 4437 ν.
2008 4384 2204 4451 Majori
2240 4384 2315 4436 ira
2337 4383 2581 4452 percitus
2612 4382 2851 4448 Priscus,
2882 4384 3038 4451 jubet
3060 4386 3247 4439 crudis
3280 4386 3416 4441 loris

1833 4476 1983 4530 ieriri
2032 4476 2217 4530 vultus
2277 4487 2621 4540 sanctorum,
2682 4490 2780 4540 pro
2837 4475 2994 4530 bonis
3036 4478 3219 4535 verbis
3273 4479 3415 4532 mala

146 4564 341 4633 λόγους
394 4560 639 4631 ἀγαθοὺς
698 4564 955 4631 πονηροῖς
1019 4561 1202 4632 ἔργοις
1278 4563 1646 4632 ἀμειϐόμενος
1696 4566 1723 4616 ὁ

1833 4570 1975 4623 l'acta
2030 4567 2339 4637 rependens
2377 4568 2630 4623 stolidus.
2688 4569 2768 4622 llli
2813 4578 2998 4624 autem
3062 4570 3164 4625 hoc
3197 4587 3415 4640 quoque

142 4661 390 4730 ἀνόητος.
421 4659 485 4710 Oi
507 4657 584 4720 δὲ,
614 4656 825 4727 καὶτὴν
856 4656 1050 4726 καινὴν
1078 4656 1284 4727 ταύτην
1303 4656 1563 4727 ἀνδρείως
1593 4658 1726 4709 ὑπο-

142 4752 403 4823 φέροντες
468 4749 740 4819 βάσανον,
809 4749 1181 4819 λαμπρότεροι
1227 4750 1325 4811 τὰς
1378 4748 1529 4817 ὄψεις
1570 4750 1727 4801 ιὲδεί-

143 4861 359 4907 κνυντο,
398 4842 495 4897 τοῦ
530 4843 761 4910 αἵματος
808 4840 908 4909 μὲν
951 4840 1052 4908 τῆς
1094 4840 1297 4907 σαρκὸς
1334 4840 1723 4910 ἀπορρέοντος,

146 4937 242 5007 τῆς
272 4936 627 5006 Δημιουργοῦ
651 4935 706 4987 δὲ
731 4934 953 5004 χάριτος
982 4932 1386 5003 ἐξωραῖζούσης
1409 4934 1444 4988 ἃ
1471 4934 1726 4987 διέπλασε

147 5031 439 5100 πρόσωπα.
470 5027 534 5079 Οἱ
578 5026 935 5094 μαστίζοντες
965 5024 1021 5076 δὲ
1052 5024 1364 5077 τούναντίον
1416 5025 1727 5091 ἀπαγορεύ-

150 5137 362 5185 σαντες,
405 5117 707 5189 ήμιθνῆτες
758 5120 838 5180 εἰς
868 5118 965 5185 τὴν
1011 5117 1115 5185 γῆν
1163 5117 1520 5169 κατέπιπτον.
1566 5117 1729 5172 Ἀλλά

148 5217 265 5279 τοὺς
302 5218 401 5283 μὲν
421 5214 617 5274 ἄλλους
641 5210 831 5277 ἁγίους
851 5210 1100 5263 κελεύσει
1139 5210 1300 5263 πάλιν
1324 5210 1419 5262 τοῦ
1449 5210 1724 5277 δικαστοῦ,

151 5306 570 5381 παραλαμσάνει
603 5304 665 5356 τὸ
703 5304 1079 5371 δικαστήριον,
1118 5304 1221 5367 ἓως
1254 5304 1453 5367 αὐτοὺς
1500 5302 1729 5372 Διοκλη-

151 5402 313 5472 τιανῷ
344 5396 744 5467 παραπέμψειο
778 5393 923 5447 οὕτω
954 5394 1061 5463 γάρ
1108 5394 1462 5458 Ἀπελλιανλις
1499 5396 1727 5464 εἰσηγή-

157 5512 323 5550 σατο·
372 5498 406 5565 ἡ
462 5492 824 5561 πανεύφημος
881 5490 935 5543 δὲ
987 5489 1092 5559 πρὸ
1143 5486 1240 5540 τοῦ
1287 5487 1537 5558 βήματος
1575 5487 1725 5557 αὐτῷ

158 5589 477 5659 παρίσταται
549 5584 688 5657 μόνη
770 5583 928 5654 (ᾤετο
986 5583 1094 5651 γάρ
1185 5582 1521 5651 μονωθεῖσαν
1584 5578 1727 5631 οὕτω

160 5683 340 5753 ῥαδίως
382 5675 816 5745 ὑπαγαγέσθαι).
864 5674 1167 5742 Ἐγγύτατα
1195 5672 1287 5725 οὖν
1317 5675 1521 5740 ταύτην
1553 5690 1729 5743 παρα-

160 5778 508 5847 στησάμενος,
541 5772 630 5824 ἵνα
652 5772 744 5824 καὶ
768 5770 941 5839 βλέψῃ
970 5772 1087 5831 ταῖς
1105 5766 1435 5832 οίκειώσεσι,
1465 5768 1727 5837 Πείσθητί

163 5892 257 5939 μοι,
287 5874 466 5941 ἔλεγε,
495 5866 567 5921 τά
598 5867 799 5937 ἄριστά
835 5881 912 5919 σοι
956 5864 1403 5933 συμϐουλεύοντι,
1439 5861 1718 5935 nomen,

1832 4673 2039 4712 novum
2113 4656 2328 4709 fortiter
2378 4656 2617 4710 ferentes
2687 4667 3043 4722 tormentum,
3123 4671 3418 4714 evaserunt

1832 4750 1972 4808 faeie
2006 4748 2399 4817 splendidiore,
2435 4750 2701 4820 sanguine
2754 4751 2975 4819 quidem
3029 4766 3059 4805 e
3103 4766 3270 4807 carne
3320 4753 3417 4808 de-

1831 4841 2059 4904 ﬂuente,
2120 4840 2343 4910 Opiﬁcis
2374 4852 2554 4896 autem
2583 4842 2754 4911 gratia
2781 4843 3049 4897 reddente
3078 4844 3335 4913 pulchros
3357 4856 3414 4900 et

1831 4936 2108 5005 elegantes
2132 4949 2227 4987 eos
2258 4933 2461 4995 vultus,
2489 4948 2625 5001 quos
2652 4933 2954 4986 elliuxerat.
2974 4934 3175 4987 Contra
3204 4946 3411 5002 autem,

1831 5027 1922 5096 qui
1966 5026 2308 5095 ﬂagellabant
2344 5022 2569 5087 defessi,
2611 5024 2933 5080 ceciderunt
2965 5024 3019 5078 in
3081 5035 3281 5081 terram
3322 5042 3413 5083 se-

1833 5118 2131 5173 mimortui.
2188 5116 2294 5171 Sed
2343 5116 2431 5170 alii
2482 5118 2704 5186 quidem
2770 5119 2943 5173 sancti
2999 5120 3153 5187 jussu
3213 5120 3413 5190 judicis

1834 5225 2024 5264 rursus
2072 5211 2444 5279 conjiciuntur
2483 5210 2539 5263 in
2574 5224 2878 5275 carcerem,
2902 5212 3078 5265 donec
3106 5228 3201 5268 eos
3236 5222 3415 5269 trans—

1832 5305 2073 5358 mitteret
2132 5303 2196 5355 ad
2240 5300 2638 5357 Diocletianum
2698 5303 2800 5371 (sic
2847 5302 2993 5358 enim
3048 5306 3414 5361 constituerat

1831 5393 2235 5465 Appellianus),
2267 5392 2559 5446 benedicta
2606 5402 2789 5447 autem
2839 5404 2964 5447 ante
3021 5397 3261 5451 tribunal
3292 5398 3414 5466 ejus

1831 5491 2011 5543 stabat
2041 5486 2345 5555 Euphemia
2383 5505 2397 5552 ;
2431 5487 2782 5541 existimabat
2817 5487 2966 5542 enim
3001 5487 3136 5553 fore,
3192 5500 3249 5544 ut
3294 5493 3409 5548 sola

1832 5582 1913 5637 sic
1944 5579 2103 5632 facile
2139 5579 2514 5633 induceretur.
2566 5577 2701 5631 Cum
2734 5579 2916 5647 itaque
2955 5589 3228 5643 curasset,
3253 5592 3311 5636 ut
3344 5598 3409 5637 ea

1832 5672 2079 5744 proxime
2112 5673 2424 5732 sisteretur,
2462 5680 2521 5723 ut
2544 5685 2602 5723 se
2660 5669 3032 5725 [attiiliaritate
3091 5672 3261 5743 magis
3311 5674 3403 5726 iu-

1832 5770 2077 5821 sinuaret
2108 5784 2119 5819 :
2143 5765 2313 5818 Crede
2338 5762 2490 5823 mihi,
2514 5763 2709 5824 aiebat,
2740 5763 2832 5814 tibi
2859 5768 3063 5830 optime
3082 5765 3411 5833 consulenti,

1842 5876 1873 5915 ο
1908 5858 2237 5929 Eupliemia,
2274 5866 2332 5912 et
2359 5857 2632 5913 accedens
2672 5870 2867 5928 magno
2906 5858 3004 5911 deo
3036 5855 3189 5912 Marti
3241 5862 3414 5914 sacri-
