3970 6446
549 389 657 456 719

1761 394 2042 456 MENSlS
2083 391 2558 453 SEPTEMBER.
3722 374 3827 436 720

552 508 654 562 tica
689 525 703 569 ;
738 523 862 563 nam
905 509 987 566 sic
1025 510 1250 581 quidem
1288 521 1345 566 et
1399 509 1724 568 liberaberis
1783 511 1852 567 ab
1881 509 2137 566 omnibus

2245 507 2338 561 καὶ
2354 503 2734 576 προσελθοῦσα
2757 501 2834 572 τῷ
2859 500 3086 571 μεγάλῳ
3105 497 3214 566 θεῷ
3237 498 3301 550 Ἀ
3313 513 3418 566 ρει,
3447 491 3616 545 θῦσον
3639 506 3652 522 ·
3685 491 3828 542 οὕτω

551 599 836 664 molestiis,
883 601 1022 656 citra
1094 602 1338 658 laborem
1397 616 1581 658 autem
1637 602 1962 664 lucraberis,
2014 615 2136 671 quae

552 703 681 747 sunt
715 693 953 750 maxime
990 696 1252 766 optanda,
1321 711 1522 766 nempe
1576 705 1635 751 ut
1687 706 1742 750 et
1786 695 2014 760 divitiis,
2081 705 2138 750 et

549 784 722 853 gloria
758 787 1009 855 potiaris,
1047 797 1104 842 et
1142 802 1272 858 agas
1301 787 1561 858 deinceps
1620 786 1788 840 vitam
1829 786 2047 842 beatam
2083 792 2138 838 ct

552 876 792 935 felicem.
825 878 1037 935 Christi
1061 889 1246 934 autem
1295 889 1497 951 martyr
1532 897 1546 936 :
1587 879 1866 934 Mulierem
1917 879 2136 946 quidem

553 967 766 1034 videns,
817 985 852 1023 ο
879 971 1066 1042 judex,
1135 971 1333 1041 inquit,
1389 983 1548 1042 putas
1596 986 1757 1042 posse
1796 970 1952 1025 facile
1986 969 2138 1026 deci-

552 1073 684 1128 pere
717 1078 731 1113 :
765 1059 975 1116 videbis
1025 1076 1156 1117 vero
1213 1077 1298 1117 me
1353 1079 1462 1118 non
1513 1078 1660 1126 esse,
1721 1070 1780 1116 ut
1831 1061 2137 1127 existimas,

553 1153 838 1208 mulierem
867 1155 975 1210 tuis
1007 1154 1220 1210 insidiis
1249 1155 1578 1226 expositam.
1609 1152 1841 1208 Confido
1887 1153 2033 1208 enim
2083 1151 2137 1207 in

551 1244 853 1312 Christum,
899 1248 1047 1317 quod
1086 1247 1414 1319 adiutricem
1461 1246 1672 1301 habens
1722 1246 1976 1300 invictam
2020 1244 2140 1314 ejus

552 1338 857 1403 dexteram,
918 1349 1040 1394 tuas
1087 1340 1315 1395 callidas
1354 1339 1622 1409 superabo
1683 1338 1928 1392 insidias.
1983 1336 2138 1392 Post-

549 1445 713 1502 quam
757 1447 887 1502 ergo
918 1435 998 1487 sic
1059 1448 1325 1502 responso
1381 1433 1560 1486 victus
1605 1431 1708 1486 fuit
1741 1443 2026 1502 tyrannus,
2084 1438 2140 1484 et

549 1523 644 1592 qui
693 1523 810 1578 solo
843 1537 1066 1594 aspecm
1133 1523 1360 1594 putabat
1395 1537 1456 1578 se
1509 1537 1672 1594 posse
1723 1523 1870 1588 quod
1923 1521 2140 1577 volebat

548 1613 786 1677 efficere,
841 1615 910 1670 ab
953 1631 1060 1669 una
1112 1617 1573 1672 contemnebatur
1629 1615 1855 1678 femina,
1929 1614 2138 1683 pudore

551 1707 772 1777 quidem
796 1707 900 1763 fuit
934 1707 1210 1764 all'ectus:
1263 1709 1437 1779 pudor
1503 1719 1683 1762 autem
1744 1706 1915 1761 movit
1975 1707 2132 1761 iram.

554 1797 665 1853 Res
713 1807 798 1853 est
851 1800 997 1853 enim
1035 1800 1305 1868 ejusmodi
1355 1799 1730 1870 supercilium,
1766 1799 1853 1852 cui
1907 1798 2139 1852 accessit

2243 601 2336 652 καὶ
2363 599 2514 650 ἔσται
2543 614 2626 649 σοι
2655 595 2764 648 τῶν
2799 594 2898 664 μὲν
2941 591 3208 660 λυπηρῶν
3236 587 3544 655 ἀποστῆναι
3579 583 3822 647 πάντων,

2239 689 2503 760 κερδῆσαι
2549 688 2608 742 δέ
2647 687 2887 748 ’ἀπόνως
2936 684 3006 738 τά
3059 683 3446 741 εὐκταιότατα,
3502 677 3646 744 ὅπερ
3715 675 3830 726 ἐστὶ

2239 778 2475 832 πλούτου
2525 795 2584 830 τε
2631 777 2726 829 καὶ
2776 774 2937 844 δόξης
2989 769 3326 834 ἀπολαῦσαι,
3386 767 3485 820 καὶ
3525 768 3590 817 τὸ
3640 762 3832 816 λοιπὸν

2239 874 2534 944 εὐδαίμονα
2585 871 2753 939 ζῆσαι
2801 869 2898 922 καὶ
2954 866 3235 936 μακαρίαν
3288 863 3460 930 ζωήν.
3509 858 3576 912 'H
3647 855 3706 909 δὲ
3737 849 3828 908 τοῦ

2239 967 2480 1041 Χριστοῦ
2507 967 2743 1036 μάρτυς,
2781 965 3024 1016 Γυναῖκα
3077 960 3197 1030 μὶν,
3245 953 3420 1022 εἶπεν,
3455 955 3623 1024 ὁρῶν,
3663 944 3710 1003 ὦ
3757 952 3829 1003 δι-

2240 1062 2438 1126 καστά,
2489 1062 2590 1114 οῐει
2647 1059 2955 1130 προχείρως
3005 1055 3152 1126 ἡμᾶς
3194 1052 3413 1122 ἀπατᾷ-δ
3441 1065 3454 1078 ο
3491 1048 3617 1116 ὄψει
3665 1045 3723 1097 δὲ
3769 1043 3828 1094 οὑ

2241 1157 2382 1212 κατὰ
2415 1156 2654 1224 γυναῖκα
2699 1151 2837 1224 πρὸς
2874 1153 2975 1211 τὰς
3015 1150 3110 1210 σὰς
3155 1147 3383 1215 ἐνέδρας
3416 1140 3783 1209 διακειμένην
3811 1150 3825 1166 ⁶

2241 1249 2479 1303 πέποιθα
2531 1245 2640 1316 γὰρ
2689 1245 2768 1306 εἰς
2821 1242 3060 1314 Χριστὸν
3115 1241 3201 1293 ὅτι
3257 1237 3450 1308 βοηθὸν
3509 1233 3677 1287 αὑτοῦ
3731 1231 3830 1300 τὴν

2241 1343 2457 1413 ἄμαχον
2502 1339 2864 1408 πλουτήσασα
2913 1333 3117 1398 δεξιὰν,
3183 1330 3455 1401 κρείττων
3508 1326 3828 1396 ὀφθήσομαι

2242 1451 2337 1488 σου
2369 1435 2478 1486 τῶν
2508 1431 2859 1499 κακοτέχνων
2901 1425 3230 1480 ἐπιϐουλῶν.
3273 1424 3362 1486 Ὠς
3399 1419 3493 1474 οὖν
3529 1419 3678 1471 οὕτω
3713 1420 3830 1476 ταις

2242 1527 2603 1598 ἀποκρίσεσιν
2643 1521 2853 1593 ἡττήθη
2903 1523 2931 1574 ὁ
2980 1519 3269 1587 τύραννος,
3314 1515 3410 1567 καὶ
3462 1514 3491 1565 ό
3550 1509 3829 1580 βλέμματι

2243 1625 2389 1693 μόνῳ
2426 1622 2606 1691 πλήθη
2635 1619 2821 1688 φοϐεῖν
2855 1617 3103 1684 οἰόμενος
3137 1612 3239 1664 ὑπὸ
3265 1607 3530 1677 γυναικδς
3555 1619 3830 1671 κατεφρο-

2242 1720 2384 1772 νεῖτο
2414 1717 2564 1785 μιᾶς,
2601 1715 2837 1782 αἰσχύνη
2868 1711 2966 1780 μὲν
3001 1708 3165 1760 αὐτὸν
3208 1700 3354 1773 εἶχεν
3384 1719 3397 1731 ·
3433 1701 3465 1769 ἡ
3504 1697 3740 1765 αἰσχύνη
3776 1694 3831 1745 δὲ

2242 1810 2336 1862 τὸν
2383 1807 2560 1877 θυμὸν
2611 1805 2820 1857 ἐκίνει·
2883 1799 3128 1854 τοιοῦτον
3180 1797 3289 1865 γὰρ
3335 1794 3510 1862 όφρὺς
3576 1787 3832 1852 ἐξουσίας

554 1901 822 1962 potestas.
855 1891 1063 1947 Deinde
1100 1891 1327 1962 perinde
1357 1907 1421 1948 ac
1457 1907 1520 1946 ea
1569 1906 1691 1960 quae
1721 1897 2137 1960 praecesserant,

2245 1899 2650 1970 ἐπειλημμένη.
2686 1893 2800 1950 Εἴθ’
2822 1894 3009 1963 ῶσπερ
3031 1891 3128 1952 τὰς
3155 1886 3534 1958 προλαϐούσας
3560 1882 3831 1952 βασάνους

554 1990 829 2037 tormenta
857 1999 1023 2055 parva
1057 1993 1206 2038 esset
1241 1983 1562 2047 arbitratus,
1604 1992 1662 2038 et
1689 1998 1811 2052 qua:
1855 1973 2141 2050 imponere

553 2091 664 2130 non
708 2085 937 2145 possent
964 2076 1375 2139 necessitatem,
1433 2092 1576 2129 nova
1631 2073 1962 2146 excogitavit
2016 2088 2031 2124 :
2086 2079 2140 2125 et

549 2167 710 2237 jubet
775 2167 1021 2221 construi
1077 2175 1226 2221 rotas
1288 2167 1548 2222 inauditis
1614 2167 1937 2236 quibusdam
2022 2178 2141 2216 ma-

553 2261 758 2324 chinis,
808 2275 929 2330 qua:
973 2275 1171 2314 carnes
1234 2275 1506 2329 premere,
1549 2269 1603 2316 et
1651 2262 1716 2314 ab
1769 2258 1987 2313 ossibus
2043 2271 2140 2309 ex-

555 2354 819 2424 primere,
883 2363 938 2406 et
984 2353 1098 2420 ipsa
1155 2351 1503 2421 confringere
1566 2360 1793 2421 possent
1855 2349 2141 2403 violentis-

552 2446 712 2510 sime,
759 2452 817 2498 et
884 2444 940 2498 in
1004 2458 1100 2498 eas
1165 2444 1631 2515 sapicntissimam
1701 2442 1851 2513 injici
1916 2442 2141 2511 Euplieo

553 2537 741 2593 miam.

626 2628 720 2684 Vl.
751 2630 1046 2700 Postquam
1072 2640 1254 2686 autem
1294 2629 1427 2700 ipsa:
1464 2629 1732 2684 machina:
1779 2629 1928 2684 dicto
1978 2630 2140 2686 citius

556 2720 785 2776 fuerunt
817 2731 1170 2787 constructas,
1198 2733 1253 2778 et
1289 2734 1494 2794 martyr
1537 2725 1588 2776 in
1622 2737 1714 2776 eas
1743 2731 1862 2776 erat
1887 2722 2142 2790 injicien-

2248 1997 2452 2068 μικράς
2503 1990 2645 2046 εἶναι
2697 1991 2925 2060 νομίσας
2986 1988 3082 2040 καὶ
3138 1984 3386 2052 ἀνάγκην
3436 1978 3713 2031 ἐπιθεῖναι
3758 1973 3830 2042 μὴ

2241 2090 2566 2158 δυναμένας,
2629 2084 2824 2146 καινὰς
2884 2080 3125 2141 ἐπενόει,
3161 2077 3258 2130 καὶ
3329 2073 3548 2127 κελεύει
3598 2068 3834 2140 τροχοὺς

2241 2183 2421 2249 ξέναις
2479 2182 2592 2234 τισὶ
2654 2177 2926 2249 μηχαναῖς
3000 2167 3551 2234 κατασκευασθῆναι,
3612 2160 3827 2223 πιέζειν

2244 2279 2475 2347 σάρκας,
2503 2275 2637 2327 δστᾶ
2664 2269 3001 2327 ἀποθλίϐειν,
3021 2264 3163 2318 αὑτά
3185 2279 3245 2316 τι
3274 2259 3511 2328 συνθλᾷν
3537 2255 3831 2325 βιαιότατα

2242 2367 2603 2438 δυναμένους,
2637 2367 2692 2417 ἐν
2717 2363 2903 2423 αὐτοῖς
2931 2377 2990 2412 τε
3016 2358 3114 2428 τὴν
3142 2355 3424 2421 πάνσοφον
3453 2347 3828 2420 ἐμϐληθῆναι.

2317 2640 2410 2705 ς’.
2477 2637 2571 2695 Ὠς
2619 2632 2674 2684 δέ
2735 2627 2828 2682 καὶ
2876 2626 3027 2679 τουτὶ
3079 2623 3139 2676 τὸ
3193 2620 3496 2690 μηχάνημα
3549 2615 3753 2667 θᾶττον
3799 2611 3831 2680 ἢ

2248 2728 2568 2801 προσετάγη
2621 2719 3069 2787 κατεσκευάσθη,
3127 2716 3222 2767 καὶ
3254 2715 3287 2781 ἡ
3351 2711 3562 2781 μάρτυς
3605 2705 3834 2801 ἔμελλεν

551 2815 642 2880 da,
707 2816 906 2871 validis
955 2818 1220 2870 continuo
1259 2816 1313 2869 in
1343 2831 1400 2869 se
1441 2817 1648 2885 paratis
1707 2815 1896 2887 armis,
1945 2829 2137 2885 nempe

2245 2796 2610 2891 ἐμϐληθῆναι,
2667 2815 2833 2870 ὅπλον
2887 2811 3053 2874 εὐθὺς
3115 2807 3338 2878 ἰσχυρὸν
3395 2804 3487 2857 τὸν
3534 2803 3685 2855 θεῖον
3737 2796 3833 2851 τοῦ

551 2905 737 2961 divina
771 2905 950 2961 crucis
987 2905 1158 2978 figura
1193 2919 1258 2961 ac
1289 2921 1351 2961 ea
1406 2908 1641 2978 signata,
1675 2916 1793 2972 aut,
1855 2917 1912 2960 ut
1945 2908 2137 2961 melius

2247 2917 2488 2986 σταυροῦ
2516 2914 2688 2966 τύπον
2720 2910 2886 2978 ἑαυτῇ
2927 2904 3284 2977 σχεδιάσασα,
3322 2901 3418 2952 καὶ
3461 2897 3624 2948 τοῦτο
3657 2911 3833 2963 σφρα-

558 2998 762 3062 dicam,
797 2999 1032 3064 munita,
1080 3001 1345 3053 adversus
1383 3011 1532 3053 rotas
1593 2999 1884 3068 processit,
1936 2999 2137 3054 nullam

2245 3012 2520 3079 τισαμένη
2551 3003 2708 3076 ἦ’κα“ι
2739 3001 3063 3072 φραξαμένη
3101 2997 3304 3066 μᾶλλον
3333 2993 3529 3052 εἰπεῖν,
3559 2988 3707 3042 κατά
3728 2987 3836 3040 τῶν

555 3091 780 3158 quidem
821 3092 980 3144 vultu
1020 3091 1320 3144 ostendens
1367 3090 1664 3153 tristitiam,
1698 3094 1791 3144 sed
1850 3107 2044 3146 severo
2085 3102 2137 3146 et

2245 3103 2456 3174 τροχῶν
2515 3099 2737 3171 ἐχώρει,
2799 3094 3151 3166 ἐμφαίνουσα
3213 3089 3314 3153 μὲν
3367 3085 3525 3139 οὐδὲν
3584 3082 3837 3151 κατηφές

553 3182 794 3236 honesto
851 3179 1027 3241 vultu.
1073 3179 1358 3251 Deumque
1423 3179 1775 3246 benedicens,
1840 3190 1894 3236 et
1953 3189 2137 3253 aperte

2247 3197 2339 3251 καὶ
2374 3195 2731 3266 ἀπρόσωπον,
2765 3188 3025 3256 εὐκόσμῳ
3047 3183 3104 3238 δὲ
3135 3182 3260 3252 ἥθει
3297 3174 3614 3280 καὶτσεμνιῖ)
3650 3186 3837 3280 παραὶ-

552 3273 850 3329 ostendens
870 3289 927 3328 se
951 3273 1018 3328 iis
1045 3289 1170 3343 quas
1195 3290 1292 3344 pro
1324 3274 1442 3344 ipso
1472 3274 1804 3344 patiebatur,
1841 3277 2135 3331 admodum

555 3364 813 3436 gaudere.
855 3364 998 3431 Quin
1030 3366 1197 3420 etiam
1226 3369 1516 3435 proferens
1546 3366 1752 3436 aliquid
1807 3383 2135 3438 generosum

553 3465 607 3510 et
629 3457 784 3510 valde
812 3456 1036 3527 dignum
1071 3458 1191 3526 ejus
1219 3459 1459 3513 candore
1495 3475 1510 3511 :
1543 3457 1678 3512 Tuae
1708 3468 1860 3522 rotas,
1890 3460 2131 3524 dicebat,

549 3551 851 3620 otyranne,
876 3559 931 3604 et
965 3550 1048 3604 ha:
1080 3550 1379 3606 imbecilla:
1433 3559 1538 3603 tute
1566 3549 2003 3606 machinationes
2024 3567 2138 3606 ma-

543 3640 638 3709 jus
668 3641 802 3694 mihi
828 3641 1140 3696 accendunt
1183 3642 1386 3696 Christi
1444 3642 1799 3697 desiderium.
1855 3643 1978 3699 Haec
2041 3660 2139 3699 au-

553 3733 768 3786 dientes
801 3733 1062 3798 ministri,
1114 3744 1262 3789 rotas
1317 3734 1633 3799 versabant,
1667 3751 1831 3805 quam
1889 3746 2138 3805 poterant

549 3825 872 3890 fortissime,
904 3826 1211 3894 graviorem
1253 3841 1479 3880 sensum
1501 3826 1707 3880 doloris
1741 3828 1966 3897 martyri
2001 3827 2135 3881 affe-

550 3925 760 3969 rentes.
815 3914 1188 3980 Quamobrem
1228 3919 1347 3986 ejus
1383 3917 1602 3987 quidem
1643 3918 1889 3972 membra
1931 3928 1985 3972 et
2014 3934 2138 3989 par-

551 4015 634 4060 tes
674 4007 1184 4078 confringebantur,
1241 4010 1828 4081 etdisrumpebantur,
1874 4022 1930 4067 et
1959 4013 2136 4067 divel-

551 4098 808 4154 lehautur
846 4114 1041 4154 omnes
1066 4113 1395 4171 compages;
1428 4117 1585 4155 mens
1630 4113 1810 4156 autem
1839 4119 1949 4157 non
2006 4106 2136 4160 abs-

563 4190 792 4248 cedebat
861 4209 890 4246 a
945 4193 1184 4258 Christo,
1221 4194 1316 4248 sed
1369 4194 1423 4248 in
1452 4196 1652 4249 crelum
1695 4195 1892 4250 tollens
1926 4200 2135 4262 oculos,

557 4284 701 4338 unde
743 4299 800 4338 se
825 4285 1067 4355 speravit
1093 4284 1408 4339 habituram
1443 4286 1704 4340 auxilium
1740 4303 1754 4340 :
1785 4289 2014 4344 Domine
2039 4290 2135 4357 mi,

553 4375 848 4442 clamabat,
901 4377 1033 4432 Jesu
1064 4376 1306 4444 Christe,
1357 4379 1554 4433 animae
1603 4395 1739 4436 mem
1786 4381 2132 4450 illuminatio,

553 4466 680 4521 fons
723 4467 871 4530 vitae,
899 4467 991 4536 qui
1019 4468 1116 4522 das
1149 4469 1382 4523 salutem
1411 4470 1514 4535 eis,
1545 4471 1640 4538 qui
1672 4471 1725 4524 in
1754 4482 1806 4525 te
1827 4471 2134 4540 conﬁdunt,

2249 3263 2508 3357 στήματι.
2534 3278 2848 3347 Εὑλογοῦσά
2879 3295 2939 3330 τε
2957 3277 3048 3328 τὸν
3074 3275 3209 3327 Θεὸν
3241 3273 3334 3323 καὶ
3373 3264 3454 3330 οἷς
3487 3267 3631 3357 ὺπέρ
3663 3263 3836 3357 aii-co?

2246 3352 2482 3444 ἔπασχεν
2514 3372 2710 3442 ἑορτὴν
2744 3371 2900 3434 ἄγειν
2931 3382 3063 3433 φανε
3079 3364 3147 3432 ρὰ
3175 3361 3462 3428 γινομένη,
3494 3355 3632 3422 πρὸς
3658 3353 3714 3404 δὲ
3742 3352 3834 3405 καὶ

2247 3467 2596 3524 ὐπολαλοῦσα
2631 3461 2880 3532 γενναῖόν
2902 3476 2956 3511 τι
2986 3456 3082 3509 καὶ
3112 3454 3212 3521 τῆς
3241 3451 3388 3522 ὧρας
3419 3449 3622 3517 κομιδῆ
3656 3446 3834 3511 ἄξιον.

2245 3563 2309 3616 Oi
2346 3563 2456 3632 γὰρ
2493 3557 2678 3629 τροχοί
2708 3573 2825 3620 σου,
2877 3551 3055 3620 ἔλεγε,
3105 3548 3366 3618 τύραννε,
3404 3547 3499 3597 καὶ
3551 3542 3618 3593 τὰ
3656 3539 3837 3608 σαθρὰ

2244 3655 2401 3708 ταυτὶ
2474 3649 2887 3722 μηχανήματα,
2947 3643 3172 3698 πλείονά
3233 3659 3325 3711 μοι
3371 3638 3461 3690 τόν
3525 3635 3693 3688 πόθον
3746 3635 3836 3699 ἐξ-

2246 3751 2480 3803 άπτουσι
2501 3746 2595 3797 τοῦ
2615 3739 2874 3812 Χριστοῦ.
2899 3735 3118 3791 Τούτων
3150 3733 3446 3793 ἀκούοντες
3481 3728 3841 3798 ἰσχυρότερον

2244 3842 2370 3895 ὅσον
2426 3837 2496 3911 ἦν
2553 3838 2682 3899 τοὺς
2738 3833 2971 3904 τροχοὺς
3029 3829 3324 3900 ἔστρεφον,
3369 3825 3712 3898 δριμυτέραν
3768 3827 3838 3895 τῇ

2249 3934 2492 4003 μάρτυρι
2557 3927 2659 3994 τῆς
2715 3923 2913 3992 ὀδύνης
2977 3921 3077 3990 τὴν
3129 3919 3388 3988 αἴσθησιν
3447 3916 3839 3986 ἐμποιοῦντες,

2244 4027 2370 4081 ὅθεν
2406 4023 2542 4095 μέλη
2576 4022 2676 4092 μὲν
2708 4021 2881 4087 αὐτῆς
2920 4018 3015 4068 καὶ
3042 4016 3186 4085 μέρη
3217 4010 3587 4082 συνεθραύετό
3643 4025 3704 4060 τε
3740 4008 3852 4090 καὶ,

2245 4119 2629 4189 διερρήγνυτο.
2662 4110 2912 4166 Καὶ·τῶν
2945 4107 3224 4179 ἁρμονιῶν
3278 4105 3495 4159 ἅπαντα
3547 4103 3839 4168 διεσπᾶτο,

2245 4211 2274 4263 ὁ
2301 4207 2426 4270 νοῦς
2452 4208 2508 4259 δὲ
2537 4205 2630 4258 τοῦ
2664 4205 2800 4273 πρὸς
2827 4203 3066 4275 Χριστὸν
3091 4202 3225 4272 ὀρᾷν
3250 4199 3350 4252 οὑκ
3386 4199 3675 4264 ἀφίστατο,
3699 4195 3841 4248 ἀλλὰ

2245 4305 2307 4360 τὸ
2334 4303 2489 4374 ὄμμα
2521 4301 2602 4364 είς
2653 4298 2921 4369 οὐρανοὺς
2956 4295 3194 4363 αἴρουσα
3238 4293 3364 4344 ὅθεν
3413 4290 3647 4359 ⁸ἤλπισεν
3679 4288 3840 4357 ἥξειν

2245 4398 2343 4454 καὶ
2373 4397 2474 4465 τὴν
2510 4392 2794 4464 βοήθειαν,
2833 4387 3006 4459 Κύριέ
3041 4403 3166 4458 μου.
3201 4383 3353 4447 ἐϐόα,
3397 4379 3574 4449 Ἰησοῦ
3601 4379 3837 4450 Χριστὲ,

2246 4491 2274 4542 ὁ
2303 4487 2402 4553 τῆς
2429 4483 2572 4554 ὲμῆς
2603 4480 2786 4550 ψυχῆς
2822 4475 3129 4546 φωτισμδςο
3181 4475 3216 4546 ἠ
3248 4473 3402 4543 πηγὴ
3445 4473 3544 4536 τῆς
3594 4470 3766 4538 ζωῆς.
3809 4471 3839 4521 ὁ

552 4557 702 4614 adsis
733 4574 882 4614 nunc
919 4561 1052 4614 mihi
1087 4561 1329 4632 adjutor,
1363 4571 1418 4616 et
1450 4574 1815 4634 cognoscatur
1837 4566 1906 4619 ab
1951 4567 2136 4621 omni-

2247 4576 2436 4641 σώζων
2463 4590 2589 4636 τους
2611 4573 2707 4625 ἐπὶ
2737 4569 2823 4624 σοι.
2849 4567 3184 4628 πεποιθότας
3206 4602 3222 4627 ,
3263 4565 3476 4634 πάρεσό
3512 4580 3604 4632 μοι
3638 4565 3736 4615 καὶ
3769 4563 3839 4614 τὰ

555 4650 681 4716 bus,
709 4652 855 4721 quod
885 4663 943 4706 tu
971 4668 1032 4707 es
1057 4654 1200 4708 Deus
1248 4654 1420 4719 solus,
1448 4665 1600 4710 certa
1649 4672 1774 4727 spes
1807 4672 1996 4712 eorum
2045 4658 2137 4728 qui

2245 4669 2342 4722 νῦν
2396 4665 2613 4737 βοηθὸς,
2660 4661 2754 4717 καὶ
2804 4660 3109 4730 γνωσθήτω
3162 4659 3334 4739 πᾶσιν
3383 4657 3468 4710 ὅτι
3516 4655 3581 4707 σὺ
3621 4651 3672 4708 εἴ
3703 4653 3839 4717 Θεὸς

557 4742 611 4794 in
674 4752 728 4798 te
787 4745 992 4799 habent
1049 4743 1305 4799 ﬁduciam
1345 4763 1357 4797 :
1400 4755 1457 4799 et
1492 4748 1635 4814 quod
1705 4765 1814 4803 non
1876 4750 2137 4806 accedent

2248 4757 2433 4824 μόνος,
2469 4755 2625 4815 ἐλπὶς
2680 4752 3043 4820 ὰδιάψευστος
3099 4749 3209 4801 τῶν
3263 4749 3320 4801 ἐν
3373 4747 3455 4799 co".
3499 4747 3558 4798 τὸ
3611 4745 3839 4832 θαρρεῖν

553 4835 718 4899 mala,
773 4850 954 4906 neque
975 4835 1446 4907 appropinquabit
1483 4836 1755 4908 flagellum
1784 4842 2137 4897 tabernaculo

2246 4848 2508 4918 ἐχόντων,
2568 4842 2666 4897 καὶ
2722 4845 2807 4896 ὅτι
2870 4843 2932 4894 οὐ
2987 4839 3426 4913 προσελεύσεται
3474 4839 3647 4900 κακὰ,
3713 4839 3835 4892 οὐδὲ

554 4942 750 4982 eorum
801 4929 895 4998 qui
945 4937 997 4982 te
1039 4929 1368 4985 altissimum
1422 4945 1580 4984 suum
1638 4941 1939 5001 posuerunt
1995 4934 2137 4988 refu-

2247 4937 2450 5009 μάστιξ
2481 4937 2663 5005 ἐγγιεῖ
2709 4934 2790 5005 τῷ
2849 4933 3174 5005 σκηνώματι
3214 4932 3324 4986 τῶν
3357 4934 3416 4986 σὲ
3465 4933 3557 4984 τὸν
3605 4931 3836 5000 ὕψιστον

554 5021 698 5089 gium
728 5023 766 5075 ¹.
790 5019 882 5075 Sic
901 5021 1123 5091 quidem
1147 5033 1351 5092 martyr
1373 5033 1458 5076 est
1479 5035 1699 5090 precata
1737 5042 1747 5076 :
1781 5025 1924 5078 Deus
1954 5039 2135 5084 autem

555 5111 810 5165 effectum
845 5113 1106 5180 reddidit,
1138 5113 1285 5184 quod
1321 5113 1675 5183 precabatur.
1708 5113 1959 5171 Caelestis
1990 5120 2136 5172 enim

557 5202 823 5257 continuo
844 5203 1145 5258 adveniens
1172 5210 1368 5271 virtus,
1401 5215 1683 5259 momento
1714 5208 1973 5274 temporis
2009 5207 2139 5262 facit

559 5299 676 5352 haec
730 5299 939 5353 omnia.
987 5294 1117 5351 Eam
1156 5297 1378 5380 quidem
1412 5298 1574 5353 solvit
1628 5313 1658 5351 a
1710 5307 1825 5352 rota
1871 5316 1884 5353 :
1945 5315 2143 5370 corpus

555 5399 737 5444 autem
773 5401 982 5445 curata
1012 5390 1188 5463 plagis
1224 5388 1361 5443 adeo
1392 5390 1640 5458 pulchre,
1669 5399 1728 5443 ut
1749 5406 1817 5444 ne
1852 5391 2138 5446 minimum

557 5483 781 5554 quidem
843 5485 1134 5539 vulnerum
1216 5482 1506 5555 vestigium
1582 5483 1634 5534 in
1697 5499 1762 5538 eo
1827 5495 2135 5555 appareret.

558 5572 767 5631 Deinde
796 5577 963 5632 etiam
1006 5579 1296 5633 ministros
1351 5574 1655 5646 iniquitatis
1699 5579 1877 5646 specie
1926 5582 2136 5633 terrens

555 5671 811 5735 terribili,
874 5672 1003 5727 facit
1058 5678 1117 5726 ut
1190 5687 1299 5726 non
1360 5676 1680 5742 operentur.
1723 5667 1764 5722 Ε
1809 5671 1942 5728 rotis
2013 5686 2141 5729 vero

617 5850 640 5883 τ
671 5849 815 5905 Psal.
851 5864 912 5904 xc
934 5890 947 5911 .
973 5849 1028 5904 9.

2243 5029 2573 5102 καταφυγὴν
2601 5029 2926 5097 τιθεμένων.
2963 5027 3154 5089 Οὕτως
3180 5027 3212 5096 ἡ
3243 5027 3455 5097 μάρτυς
3481 5026 3581 5093 μὲν
3605 5023 3834 5091 ηὖξατο,

2242 5121 2375 5184 Θεδς
2420 5121 2476 5172 δὲ
2523 5121 2623 5189 τὴν
2671 5119 2837 5188 εὐχὴν
2885 5118 3126 5171 ἐτελείου
3193 5134 3204 5146 ·
3261 5117 3496 5184 οὐρανία
3526 5113 3636 5185 γάρ
3667 5115 3835 5180 εὐθὺς

2243 5217 2522 5270 ἐπιστᾶσα
2557 5214 2795 5284 δύναμις
2835 5215 2892 5265 ἐν
2921 5214 3124 5287 ἀκαρεῖ
3163 5213 3344 5266 πάντα
3383 5213 3548 5275 ποιεῖ,
3583 5212 3679 5263 καὶ
3716 5210 3832 5265 λύει

2248 5310 2348 5382 μὲν
2382 5310 2556 5376 αὐτὴν
2599 5306 2693 5361 τοῦ
2743 5305 2962 5378 τροχοῦ,
3019 5309 3080 5359 τὸ
3130 5307 3288 5374 σῶμα
3334 5301 3392 5356 δὲ
3442 5305 3552 5357 τῶν
3605 5303 3832 5374 πληγῶν

2243 5405 2420 5468 ίᾶται,
2463 5401 2608 5455 οὕτω
2644 5400 2848 5466 καλῶς,
2879 5401 2953 5462 ὡς
2990 5399 3124 5469 μηδέ
3152 5399 3326 5469 βραχύ
3355 5417 3407 5452 τι
3435 5400 3542 5452 τῶν
3579 5400 3827 5471 τραυμά-

2247 5509 2357 5546 των
2391 5492 2538 5559 ῐχνος
2574 5491 2631 5541 ἐν
2683 5489 2833 5558 αὑτῷ
2883 5487 3214 5558 φαίνεσθαι⁶
3245 5483 3364 5542 εἶτα
3412 5488 3508 5538 καὶ
3557 5490 3688 5551 τοὺς
3734 5487 3823 5555 τῆς

2243 5579 2474 5650 ἀνομίας
2505 5579 2787 5650 ὑπηρέτας
2820 5576 3096 5650 ἐμφανεία
3137 5576 3540 5644 καταπλήξασα
3576 5577 3789 5645 φοϐερᾷ

2249 5675 2454 5745 ἥκιστα
2483 5673 2742 5742 ἐνεργοὺς
2769 5671 3032 5738 δείκνυσι,
3069 5673 3179 5727 τῶν
3201 5669 3413 5741 τροχῶν
3439 5670 3495 5725 δὲ
3525 5677 3560 5742 η
3595 5670 3810 5737 ἀθλοφό-
