3970 6448
174 392 275 458 72!

1288 408 1756 476 MARTYRIUM
1798 414 1859 477 S.
1895 417 2337 486 EUPHEMLE.

3317 431 3424 495 722

172 527 268 581 ρος
303 509 542 578 ἐκϐᾶσα,
580 511 643 566 ού
677 512 841 584 μόνον
863 517 1054 588 ἄρτιός
1078 535 1139 574 τι
1170 523 1268 576 καὶ
1289 524 1471 593 ὑγιὴς,
1501 524 1639 581 ἀλλα
1660 544 1729 583 κα

1858 545 2078 602 egressa
2126 536 2363 607 gloriosa
2390 539 2674 606 certatrix,
2730 554 2839 596 non
2908 541 3083 597 solum
3129 556 3419 615 conspecta

168 602 506 673 φαιδροτέρα
532 605 631 676 τὴν
654 604 781 676 ὄψιν
801 609 1036 680 ἑωρᾶτο,
1080 611 1125 667 ὣ
1146 616 1244 686 τῆς
1276 614 1603 689 θαυμαστῆς
1634 638 1754 687 σου,

171 692 401 763 Χριστέ,
439 695 749 766 δυνάμεως,
778 699 914 754 ὅπου
936 720 999 772 γε
1038 704 1156 771 καὶ,
1186 710 1512 778 πασχόντων
1549 711 1748 781 ἄλλων,

169 786 451 855 κατήφεια
482 786 748 851 πολλάκις
777 794 846 863 τῇ
886 792 1007 863 ὄψει
1061 796 1173 853 τῶν
1216 798 1749 873 φιλανθρωποτέρων

164 876 473 945 ἐγγίνεται.

236 969 312 1025 Z'.
360 970 502 1025 Ἀλλ’
529 975 559 1028 δ
583 975 781 1049 Δίθίοψ
812 979 913 1032 οὐκ
942 979 1293 1040 ἐλευκαίνετο
1316 1024 1333 1053 ,
1370 988 1467 1044 καὶ
1500 989 1561 1045 τὸ
1592 989 1750 1055 ξύλον

161 1054 225 1123 δὴ
256 1056 321 1108 τδ
351 1058 613 1127 στρεϐλὸν
665 1064 765 1118 οὐκ
792 1064 1036 1136 ὠρθοῦτο
1055 1109 1071 1134 ,
1100 1070 1194 1125 καὶ
1224 1073 1251 1125 ὁ
1280 1078 1540 1144 καρκῖνος
1572 1054 1749 1146 ὀρθῶς

166 1145 410 1214 βαδίζειν
448 1152 549 1206 οὐκ
583 1154 917 1212 ἐδιδάσκετο.
965 1159 1023 1219 ’0
1066 1162 1309 1235 Πρίσκος
1343 1166 1519 1221 ταῦτα
1556 1145 1747 1239 ὁγμια-

168 1238 259 1309 ρδς
291 1242 393 1295 καὶ
424 1245 524 1315 τὴν
550 1249 752 1303 κακίαν
779 1250 889 1303 οὐδ’
920 1252 1101 1308 ὁτιοῦν
1130 1256 1379 1327 ἰάσιμος,
1436 1263 1532 1314 καὶ
1554 1261 1744 1315 τοιαύ-

164 1347 264 1401 της
295 1332 410 1403 γὰρ
440 1339 741 1408 γενομένης
771 1339 1098 1414 θεοσημείας
1122 1387 1138 1413 ,
1171 1348 1381 1412 ἐκεῖνος
1415 1350 1605 1425 ὥσπερ
1636 1357 1745 1410 τῶν

162 1423 334 1479 αὑτοῦ
369 1426 512 1482 θεῶν
539 1428 872 1502 τυφλότερος
898 1432 995 1501 ὢν,
1026 1436 1088 1490 ού
1111 1440 1275 1510 μόνον
1303 1442 1456 1496 οὐδὲν
1487 1423 1742 1517 συνῆκεν,

160 1516 298 1571 ἀλλὰ
326 1519 423 1571 καλ⁵
445 1520 546 1589 τὴν
565 1521 820 1593 μάρτυρα
845 1525 1028 1591 ζῶσαν
1061 1532 1325 1603 ἠπείλησε
1348 1516 1740 1593 κατακαύσεινο

161 1610 194 1677 ἠ
227 1610 285 1661 δέ
320 1610 477 1664 οὐδὲν
508 1612 952 1691 ὑποστειλαμένη
982 1621 1043 1675 τδ
1072 1623 1173 1693 μὲν
1206 1627 1543 1699 πρόσκαιρον
1562 1626 1737 1685 εἶπεν·

159 1695 229 1753 Ὅ
267 1701 530 1771 τύραννε,
561 1706 725 1761 τοῦτο
763 1710 823 1766 τὸ
863 1711 975 1783 πῦρ
1011 1714 1149 1788 ὅπερ
1195 1695 1322 1789 ἐμοὶ
1348 1695 1738 1791 νῦννάπειλεῑς,

156 1793 298 1862 ταχὺ
349 1792 455 1863 μὶν
505 1797 829 1864 ἁνάπτεται,
882 1806 1021 1876 ταχὺ
1062 1807 1119 1861 δέ
1161 1811 1256 1863 καὶ
1305 1812 1384 1882 τῷ
1427 1814 1741 1889 βουλομένῳ

160 1883 483 1941 σϐέννυται.
539 1888 649 1944 Καὶ
677 1890 777 1961 οὐχ
808 1891 983 1956 οὕτως
1015 1896 1128 1964 ἐγὼ
1173 1900 1272 1969 τὴν
1296 1883 1477 1974 ψυχὴν
1506 1883 1740 1978 ἀγεννὴς

158 1978 232 2041 ὼς
288 1980 430 2050 πρὸς
473 1981 717 2036 τοιοῦτον
768 1985 882 2057 πῦρ
931 1988 1334 2060 ἀποδειλιάσω,
1391 1997 1453 2050 ού
1490 2000 1566 2069 μὰ
1611 2001 1741 2066 τοὺς

160 2069 340 2139 ἱεροὺς
373 2071 598 2138 ἀγῶνας
628 2075 738 2129 τῶν
770 2077 859 2132 διὰ
901 2080 1140 2151 Χριστὸν
1188 2086 1453 2153 γενναίως
1482 2092 1740 2161 ἀνδρισα-

159 2162 364 2229 μένων,
427 2165 619 2220 οὐδένα
674 2170 936 2239 ἐμϐάλλει
984 2176 1147 2232 τοῦτο
1198 2180 1363 2249 φόϐον
1418 2183 1567 2255 ἐμοὶ,
1621 2188 1737 2241 ἀλλ’

156 2252 335 2307 ἐκεῖνο
372 2256 436 2308 τὸ
501 2258 613 2331 πῦρ
659 2261 900 2332 δέδοικα,
949 2270 1125 2324 ἐκεῖνό
1162 2290 1252 2340 μοι
1328 2275 1424 2329 καὶ
1454 2252 1559 2343 ἐἰς
1611 2279 1739 2334 νοῦν

158 2347 324 2415 μόνον
358 2351 660 2422 ἐρχόμενον
695 2358 1027 2417 καθίσταται
1062 2365 1319 2437 φοϐερὸν,
1371 2370 1401 2422 ὃ
1442 2372 1569 2436 τοὺς
1641 2375 1741 2444 ἁρ-

156 2442 461 2511 νουμένους
495 2445 589 2499 τὸν
641 2449 880 2521 Χριστὸν
935 2458 1269 2525 περιμένει,
1322 2462 1552 2515 αἰωνίαν
1611 2442 1737 2535 ἔχον

156 2534 248 2585 καὶ
278 2535 401 2589 οὐδὲ
435 2535 611 2608 βραχὺ
653 2542 930 2609 λήγουσαν
962 2546 1061 2616 τὴν
1090 2548 1398 2617 ἐνέργειαν.
1454 2554 1512 2609 Ὀ
1538 2534 1738 2626 τύραν-

154 2642 241 2688 νος
299 2627 404 2697 μέν
460 2646 544 2681 τοι
595 2631 664 2684 τὰ
709 2634 1054 2705 ἠπειλημένα
1111 2641 1249 2711 πρὸς
1291 2641 1455 2715 ἔργον
1500 2646 1734 2715 ἐξάγων,

156 2718 393 2786 κάμινον
447 2721 749 2791 ἐξαφθῆναι
809 2727 1045 2797 κελεύει,
1104 2735 1278 2808 πίσσῃ
1336 2738 1430 2790 καὶ
1471 2737 1600 2807 θείῳ
1643 2741 1737 2793 καὶ

158 2807 401 2878 στυπείῳ
441 2810 536 2862 καὶ
573 2810 869 2881 κληματίδι
906 2816 1029 2871 λίαν
1062 2807 1500 2895 ὲκτρειέομένην,
1550 2829 1645 2881 καὶ
1703 2830 1735 2899 ἠ

157 2895 286 2962 «pug
346 2898 430 2959 εἰς
492 2901 693 2967 πήχεις
737 2904 901 2957 πέντε
949 2908 1043 2960 καὶ
1089 2914 1510 2983 τεσσαράκοντα
1545 2895 1731 2986 ἧρετοξ

167 2984 575 3053 Ἐμϐἁλλεσθαι
606 2992 661 3044 δὲ
695 2995 733 3062 ἡ
763 2996 979 3065 μάρτυς
1029 3000 1302 3069 μέλλουσα
1344 3005 1422 3076 τῷ
1470 2984 1626 3079 πυρί,
1674 3011 1737 3064 τὸ

153 3076 261 3130 τῶν
290 3078 462 3148 τριῶν
494 3083 704 3136 παίδων
747 3086 935 3153 ὅπλον,
980 3089 1078 3161 τὴν
1123 3098 1432 3169 προσευχὴν
1474 3076 1736 3171 περιϐάλ-

1857 622 1962 678 fuit
2012 625 2224 699 integra
2259 638 2499 697 etsana,
2554 632 2650 689 sed
2702 633 2869 689 etiam
2928 635 3076 689 vultu
3132 635 3328 693 alacris
3364 639 3421 705 (0

1854 713 2232 773 admirabilem
2282 729 2454 785 tuam,
2502 721 2741 791 Christe,
2787 725 3073 797 virtutem)
3113 742 3266 791 cum,
3297 728 3423 784 aliis

1852 803 2016 858 etiam
2073 808 2413 876 patientibus
2486 826 2633 883 sepe
2680 813 2813 869 insit
2866 814 3087 871 tristitia
3162 816 3217 871 in
3268 817 3419 873 vultu

1852 910 2042 953 eorum
2078 899 2173 969 qui
2195 912 2519 971 spectantet
2546 915 2675 961 sunt
2702 906 3076 965 humaniores.

1922 986 2038 1044 VII.
2071 989 2181 1045 Sed
2226 990 2480 1064 Ethiops
2514 1011 2623 1051 non
2662 996 2969 1063 dealbatur,
3000 1009 3055 1054 et
3090 999 3294 1069 lignum
3330 999 3417 1053 in-

1851 1093 2079 1135 curvum
2104 1097 2214 1137 non
2233 1084 2504 1156 dirigitur,
2534 1098 2592 1143 et
2621 1104 2821 1145 cancer
2853 1100 3001 1147 recte
3052 1090 3260 1162 ingredi
3304 1105 3413 1146 non

1849 1170 2095 1228 docetur.
2144 1174 2270 1233 Haec
2302 1174 2520 1234 Priscus
2574 1183 2897 1245 sceleratus,
2958 1192 3015 1237 et
3053 1184 3210 1254 cujus
3271 1181 3421 1236 nullo

1848 1265 2013 1320 modo
2046 1276 2259 1335 poterat
2302 1270 2483 1326 curari
2534 1272 2747 1327 vitium.
2793 1273 2929 1328 Nam
2972 1291 3099 1330 cum
3155 1274 3419 1330 divinitus

1848 1354 2051 1413 factum
2080 1368 2228 1415 esset
2283 1363 2391 1418 tale
2435 1364 2671 1435 signum,
2703 1367 2813 1430 ille,
2858 1376 2919 1421 ut
2968 1367 3060 1436 qui
3111 1373 3259 1422 esset
3306 1365 3424 1420 suis

1849 1447 1956 1503 diis
2004 1451 2223 1517 caecior,
2258 1469 2369 1510 non
2418 1456 2594 1511 solum
2630 1458 2766 1512 nihil
2815 1458 3106 1521 intellexit,
3126 1458 3224 1513 sed
3245 1471 3421 1513 mina-

1850 1549 1939 1594 tus
1975 1551 2060 1596 est
2086 1544 2250 1598 etiam
2281 1562 2340 1600 se
2386 1562 2509 1603 esse
2531 1549 2709 1604 vivam
2745 1560 3067 1605 exusturum
3104 1558 3418 1617 martyrem.

1846 1631 1941 1691 Illa
1971 1643 2152 1689 autem
2188 1652 2536 1710 nequaquam
2569 1655 2630 1697 se
2673 1643 2983 1712 reprimens
3026 1658 3038 1693 :
3075 1642 3156 1695 Ad
3201 1648 3420 1709 tempus

1845 1722 2064 1794 quidem
2092 1737 2196 1793 est,
2228 1729 2427 1800 inquit,
2474 1746 2509 1788 o
2556 1741 2808 1804 tyranne,
2867 1733 3030 1805 ignis,
3080 1748 3243 1803 quem
3288 1730 3423 1784 mihi

1847 1833 1995 1875 nunc
2020 1820 2300 1879 minaris:
2346 1834 2405 1880 et
2446 1825 2558 1881 cito
2628 1826 2847 1896 quidem
2908 1824 3246 1887 accenditur,
3315 1821 3424 1877 cito

1842 1908 2006 1964 etiam
2037 1926 2067 1964 a
2088 1914 2306 1969 volente
2334 1915 2703 1987 exstinguitur
2733 1933 2751 1983 ;
2791 1930 2973 1983 neque
2992 1930 3094 1984 ego
3139 1928 3262 1967 sum
3313 1920 3421 1965 tam

1840 2002 2023 2069 pusilli
2046 2012 2103 2058 et
2123 2005 2319 2075 abjecti
2361 2005 2551 2070 animi,
2586 2016 2647 2062 ut
2697 2004 2844 2063 hunc
2877 2007 3057 2077 ignem
3104 2002 3417 2060 formidem.

1838 2091 1985 2160 Non,
2041 2110 2140 2164 per
2184 2112 2338 2153 sacra
2371 2101 2671 2155 certamina
2700 2116 2892 2156 eorum
2924 2099 3014 2170 qui
3050 2114 3109 2154 se
3141 2112 3240 2168 pro
3269 2095 3423 2153 Chri-

1843 2190 1931 2239 sto
1993 2190 2219 2245 strenue
2290 2199 2347 2246 et
2408 2192 2625 2250 fortiter
2686 2202 2993 2267 gesserunt,
3045 2192 3147 2246 hoc
3200 2188 3420 2260 quidem

1845 2276 1979 2331 mihi
2020 2280 2192 2335 ullum
2224 2283 2383 2339 aﬂ‘ert
2428 2285 2682 2340 timorem
2719 2303 2733 2338 :
2772 2287 2867 2341 sed
2901 2286 3053 2340 illum
3087 2284 3266 2355 ignem
3321 2296 3421 2335 ex-

1842 2368 2093 2437 timesco,
2128 2373 2219 2429 ille
2250 2376 2380 2429 mihi
2441 2377 2526 2432 vel
2577 2378 2754 2432 solum
2814 2377 2869 2431 in
2914 2384 3153 2431 mentem
3191 2371 3422 2427 veniens

1841 2458 1979 2530 ignis
2022 2472 2109 2518 est
2163 2466 2444 2529 terribilis,
2502 2468 2595 2536 qui
2629 2478 2814 2523 manet
2859 2482 2954 2523 eos
2996 2465 3088 2535 qni
3139 2462 3421 2518 Christum

1838 2564 2075 2625 negant,
2119 2567 2177 2613 ut
2204 2558 2295 2628 qui
2352 2568 2615 2617 aeternam
2663 2559 2863 2614 habeat
2906 2557 3305 2628 operationem.
3364 2559 3421 2607 et

1838 2663 1908 2702 ne
1939 2651 2213 2705 tantillum
2248 2653 2468 2722 quidem
2528 2653 2898 2708 desinentem.
2932 2651 3120 2720 itaque
3153 2659 3420 2721 tyrannus

1837 2742 2057 2811 quidem
2107 2744 2172 2798 ad
2210 2745 2466 2799 effectum
2542 2745 2827 2800 deducens
2881 2760 2945 2798 ea
3006 2760 3126 2814 quae
3179 2742 3422 2797 minatus

1840 2834 2048 2895 fuerat,
2093 2835 2254 2904 jubet
2286 2837 2515 2892 accendi
2552 2838 2857 2901 fornacem,
2891 2852 3013 2906 qua:
3053 2836 3209 2891 valde
3244 2834 3422 2888 alere-

1839 2934 1928 2980 tur
1983 2926 2125 2998 pice,
2185 2927 2421 2993 sulfure,
2485 2938 2687 3005 stuppa
2733 2938 2790 2983 et
2838 2927 3151 2984 sarmentis.
3191 2926 3254 2981 Et
3311 2927 3419 2983 alta

1836 3018 2055 3087 quidem
2098 3028 2215 3073 erat
2248 3019 2461 3074 ﬂamma
2490 3021 2852 3091 quadraginta
2883 3029 2940 3075 et
2972 3020 3221 3089 quinque
3262 3019 3422 3073 cubi-

1838 3115 1941 3164 ωε.
1976 3108 2034 3163 In
2074 3110 2253 3181 ignem
2283 3121 2465 3165 autem
2495 3112 2788 3181 injicienda
2823 3122 3055 3185 martyr,
3116 3111 3296 3166 induit
3335 3126 3417 3165 ar-

152 3168 327 3232 λεται,
365 3172 462 3223 καὶ
492 3172 604 3243 πῦρ
633 3175 799 3244 εὐχῆς
831 3179 1066 3233 ἀνάπτει
1093 3185 1234 3237 κατὰ
1266 3168 1456 3255 πυρὸς,
1491 3168 1729 3263 τὸνὸμμα

1838 3220 1923 3260 ma
1946 3206 2108 3261 trium
2135 3224 2454 3276 puerorum,
2477 3225 2675 3279 nempe
2698 3225 2889 3279 preces
2915 3226 2931 3275 ;
2951 3220 3003 3263 et
3024 3217 3213 3263 contra
3233 3209 3415 3279 ignem

150 3279 204 3314 τε
242 3264 326 3324 εἰς
372 3265 641 3334 οὐρανοὺς
680 3267 887 3340 ἄρασα,
937 3271 996 3324 '0
1023 3272 1160 3338 Θεὸς
1183 3318 1197 3341 ,
1233 3272 1409 3344 εἶπεν,
1443 3283 1471 3334 ὁ
1500 3283 1559 3333 ἐν
1590 3284 1730 3354 ὑψη-

150 3352 260 3419 λοῖς
305 3357 588 3412 κατοικῶν
632 3360 731 3413 καὶ
769 3361 837 3415 τὰ
885 3365 1119 3420 ταπεινὰ
1152 3367 1387 3439 ἐφορῶν,
1434 3374 1462 3425 ὀ
1493 3352 1644 3437 τοὺς
1673 3352 1731 3431 ἐν

152 3449 436 3505 Βαϐυλῶνι
460 3458 611 3526 τρεῖς
630 3458 822 3520 παῖδας
844 3459 933 3513 διὰ
964 3461 1055 3515 τὸν
1092 3462 1184 3516 σὸν
1213 3466 1381 3535 νόμον
1410 3468 1731 3535 ἐκδοθέντας

150 3544 282 3613 πυρὶ
326 3545 397 3597 δι’
448 3548 605 3608 ἁγίου
638 3551 873 3619 ἀγγέλου
919 3571 1013 3609 σου
1045 3558 1233 3611 κακῶν
1268 3561 1503 3625 ἀπαθεῖς
1532 3579 1729 3636 συντη-

152 3635 346 3702 ρήσας,
380 3638 476 3688 καὶ
499 3638 693 3709 δρόσον
726 3644 912 3705 αὐτοῖς
941 3645 1151 3699 ἄνωθεν
1179 3650 1520 3721 ἐπιπέμψας,
1564 3656 1728 3721 αὐτὸς

149 3724 235 3778 καὶ
272 3728 403 3797 ἐμοὶ
435 3732 503 3800 τῇ
541 3732 608 3802 σῇ
640 3730 803 3806 δούλῃ
840 3737 1153 3807 παράστηθι
1201 3740 1418 3811 βοηθὸς,
1447 3743 1545 3816 τῆς
1597 3748 1716 3818 σῆς,

148 3817 377 3889 Χριστὲ,
411 3822 569 3893 δόξης
594 3824 1004 3902 ύπεραθλούσῃ.
1038 3830 1196 3888 Οῦτω
1222 3852 1282 3888 τε
1314 3834 1458 3905 εἷπε,
1517 3842 1610 3895 καὶ
1649 3844 1727 3913 τῷ

147 3911 302 3982 τύπῳ
327 3914 423 3965 τοῦ
453 3916 689 3984 σταυροῦ
716 3919 877 3971 πάλιν
898 3920 973 3981 ὠς
999 3922 1170 3992 ἐτέρῳ
1189 3926 1339 3996 ὅπλῳ
1366 3930 1568 4000 ἑαυτὴν
1590 3911 1724 3987 καθλ

146 4003 439 4064 οπλέσασα,
491 4006 767 4079 εὐτρεπὴς
841 4009 1032 4066 ἵστατο
1084 4015 1149 4068 τὸ
1221 4021 1548 4088 τυραννικὸν
1600 4026 1722 4078 ἐπί-

146 4110 333 4163 ταγμα
364 4098 766 4167 περιμένουσα.

210 4187 297 4241 ﬂ'.
342 4189 432 4251 Ὠς
461 4189 518 4244 δὲ
572 4192 783 4257 ἐκεῖνος
813 4196 878 4267 τῇ
910 4197 1129 4271 καμίνῳ
1157 4202 1364 4273 ταύτην
1389 4206 1583 4272 ἐδίδου,
1622 4212 1715 4263 καὶ

146 4285 325 4352 χεῖρες
378 4282 554 4354 αὐτὴν
632 4285 865 4356 ἔμελλον
920 4292 1228 4359 συλλαϐεῖν,
1296 4295 1579 4368 Σωσθένης
1628 4303 1723 4357 καὶ

147 4375 364 4446 Βίκτωρ
402 4377 452 4428 οί
482 4380 889 4451 προηγούμενοι
929 4383 1039 4438 τῶν
1080 4386 1161 4448 είς
1193 4385 1365 4440 ταῦτα
1406 4389 1721 4449 διακονούν-

142 4483 267 4528 των,
311 4468 708 4538 προσελθόντες
733 4474 812 4544 τῷ
850 4477 1091 4548 Πρίσκῳ,
1118 4479 1200 4532 ὅτι
1231 4480 1350 4549 μὲν,
1382 4483 1610 4554 ἔφησαν,
1641 4482 1721 4549 οἷς

143 4558 503 4625 προστάττεις
571 4562 845 4631 πρόθυμοι
886 4566 1219 4637 λειτουργεῖν
1267 4575 1427 4644 ἡμεῖς
1474 4592 1487 4605 -

144 4650 371 4710 πολλοὺς
410 4650 629 4721 ἔχοντες
659 4654 969 4725 μάρτυρας,
1002 4661 1104 4715 οὑκ
1133 4663 1327 4727 ἄλλους
1358 4666 1389 4736 ἢ
1422 4668 1548 4729 τοὺς
1595 4673 1721 4736 σοὺς

144 4741 564 4813 προϐαλλόμεθα
616 4746 953 4817 ὀφθαλμούς.
1040 4753 1177 4806 Νυνὶ
1224 4755 1281 4808 δέ
1336 4759 1431 4829 οὐχ
1490 4756 1592 4815 οἷοί
1650 4765 1711 4816 τὲ

144 4835 330 4903 ἐσμεν,
360 4834 458 4889 τοῦ
495 4838 593 4907 τῆς
622 4840 899 4908 παρθένου
932 4845 1135 4916 ταύτης
1166 4849 1406 4918 ἅψασθαι
1444 4854 1717 4924 σώματος,

141 4923 340 4993 ἄνδρας
397 4928 509 4997 γὰρ
568 4930 787 5001 δρῶμεν
828 4934 1096 5004 φοϐεροὺς
1146 4940 1245 5011 τὴν
1288 4941 1411 5009 ὖψιν
1454 4923 1715 5012 ὲσέῶταςο

142 5014 283 5082 ἡμᾶς
324 5016 428 5086 μὲν
456 5018 625 5087 δριμὺ
664 5021 784 5075 λίαν
821 5026 913 5076 καὶ
946 5025 1216 5097 βλοσυρὸν
1242 5033 1711 5101 προσϐλέποντας,

142 5107 394 5178 ἑτοίμους
444 5107 499 5161 δέ
553 5110 716 5174 ὂντας
756 5114 858 5184 τῆς
895 5119 1169 5187 παρθένου
1228 5126 1573 5195 προστῆναι,
1622 5130 1716 5183 καὶ

142 5198 336 5264 φλογὸς
367 5199 541 5272 αὐτὴν
576 5202 867 5271 κρείττονα
902 5209 1098 5276 δεῖξαι.
1136 5213 1202 5265 Τί
1233 5215 1341 5283 γὰρ
1372 5219 1504 5271 ἄλλο
1528 5222 1714 5287 αὐτοῖς

144 5285 391 5355 βούλεται
420 5294 480 5345 τὸ
506 5293 927 5365 διασκορπίξειν
960 5302 1091 5355 ἔνθα
1144 5309 1239 5359 καὶ
1279 5308 1404 5362 ἔνθα
1454 5312 1514 5363 τὸ
1560 5285 1710 5385 πῦρς

152 5380 232 5447 Ὧς
254 5382 347 5436 οῦν
376 5385 406 5435 ό
440 5387 682 5456 Πρίσκος
715 5391 915 5461 ἤκουσε
951 5395 1163 5462 ταῦτα,
1214 5402 1436 5463 τούτους
1475 5407 1574 5472 μὲν
1610 5380 1709 5480 ἤ-δή

144 5476 553 5543 μεταμαθόντας
582 5481 683 5551 τὴν
714 5482 1045 5552 θεοσέϐειαν,
1082 5494 1149 5559 τῇ
1194 5494 1385 5564 εἰρκτῆ
1416 5476 1712 5569 παραπέμξ

144 5584 246 5633 πει,
291 5571 546 5641 Καίσαρα
591 5572 647 5625 δέ
693 5576 787 5627 καὶ
837 5576 1091 5648 Βικάριον
1141 5582 1285 5637 οῦτω
1316 5588 1708 5659 καλουμένους,

145 5667 217 5724 είς
252 5667 350 5736 τὴν
391 5666 622 5720 ἐκείνων
653 5669 1073 5741 ἁντικαθίστησι
1109 5676 1475 5750 λειτουργίαν.
1520 5686 1624 5737 Καὶ
1658 5692 1707 5742 οξ

148 5755 253 5821 μὲν,
307 5758 612 5827 προθύμως
654 5759 752 5827 τὴν
799 5754 1235 5845 καλλιπάρθενον
1281 5772 1569 5842 Εὐφημίαν
1606 5779 1707 5845 τῆς

145 5846 236 5897 τῶν
260 5850 505 5917 ἀγγέλων
550 5849 700 5913 θείας
732 5859 1164 5930 παραχωρούσης
1189 5860 1487 5932 δυνάμεως·
1508 5869 1571 5919 οὺ
1597 5870 1703 5949 γὰρ

1836 3299 2088 3353 accendit
2121 3300 2298 3372 ignem
2326 3301 2617 3365 orationis,
2648 3311 2704 3357 et
2743 3302 2934 3358 oculos
2984 3302 3037 3356 in
3079 3302 3277 3356 caelum
3313 3299 3416 3355 tol-

1834 3386 1952 3443 lens
2010 3391 2223 3455 :Deus,
2268 3393 2463 3462 inquit,
2521 3392 2615 3461 qui
2670 3395 2724 3447 in
2778 3393 3013 3448 excelsis
3074 3392 3306 3454 habitas,
3361 3400 3418 3443 ct

1836 3476 2063 3533 humilia
2099 3479 2330 3534 intueris
2364 3498 2377 3534 :
2411 3481 2500 3550 qui
2533 3480 2809 3551 Babylone
2862 3491 2973 3535 tres
3028 3495 3251 3551 pueros,
3287 3494 3414 3549 prv-

1833 3580 1957 3642 pter
1985 3581 2131 3627 tuam
2146 3573 2320 3644 legem
2354 3572 2459 3644 igni
2496 3574 2746 3636 traditos,
2771 3588 2867 3643 per
2891 3582 3138 3627 sanctum
3157 3572 3410 3642 angelum

1834 3672 1990 3716 tuum
2023 3679 2052 3716 a
2116 3666 2273 3716 malis
2318 3665 2520 3719 illaesos
2575 3665 2937 3726 conservasti.
3008 3674 3065 3721 et
3109 3664 3190 3720 eis
3232 3679 3412 3718 rorem

1830 3751 2069 3822 desuper
2112 3753 2412 3812 immisisti.
2458 3767 2513 3809 tu
2577 3771 2795 3824 quoque
2846 3756 2977 3810 mihi
3033 3768 3137 3811 tuae
3199 3755 3414 3811 ancilla

1830 3848 1976 3903 adsis
2030 3849 2269 3918 adjutor,
2323 3863 2444 3918 quae
2506 3863 2606 3917 pro
2670 3857 2785 3909 tua,
2823 3860 2856 3903 0
2898 3849 3135 3914 Christe,
3185 3851 3410 3906 decerto

1828 3940 2021 4008 gloria.
2062 3939 2151 3994 Sic
2172 3940 2346 3993 dixit:
2385 3948 2593 3993 etcum
2622 3938 2792 4011 ﬁgura
2816 3941 2997 3995 crucis
3034 3956 3247 4004 rursus,
3283 3952 3406 3995 tan-

1826 4046 1990 4098 quam
2024 4029 2147 4084 aliis
2174 4031 2366 4091 armis,
2395 4031 2635 4099 seipsam
2667 4042 2961 4097 armasset,
2989 4034 3169 4086 stabat
3196 4044 3404 4102 parata.

1825 4132 2149 4192 exspectans
2169 4122 2385 4193 jussum
2416 4119 2655 4190 tyranni.

1900 4215 2031 4270 Vlll.
2054 4215 2187 4270 Cum
2221 4214 2509 4269 autemille
2544 4213 2935 4292 jussisseteam
2964 4216 3015 4271 in
3052 4218 3229 4289 ignem
3270 4238 3404 4276 con-

1819 4307 1936 4374 jici,
1962 4317 2015 4360 et
2038 4322 2157 4360 eam
2182 4321 2376 4360 manus
2402 4316 2588 4360 essent
2609 4307 2861 4361 lictorum
2895 4312 3401 4379 comprehensum.

1826 4396 2013 4453 Victor
2051 4409 2104 4452 ct
2148 4397 2481 4462 Sosthenes,
2510 4398 2602 4468 qui
2635 4409 2911 4469 praeerant
2942 4402 3011 4458 iis
3042 4404 3133 4473 qui
3190 4406 3258 4459 ad
3293 4408 3405 4462 haec

1825 4490 2222 4553 inserviebam,
2266 4490 2331 4544 ad
2384 4490 2631 4545 Priscum
2696 4494 3029 4550 accedentes
3076 4512 3088 4547 :
3131 4496 3286 4563 Quod
3338 4500 3405 4553 iis

1543 4580 1722 4634 καίτοι
1754 4567 1800 4626 D
1826 4585 2070 4655 quidem,
2105 4598 2225 4652 quae
2261 4583 2517 4650 imperas,
2580 4593 2835 4654 prompto
2888 4596 2945 4640 ct
2994 4586 3160 4642 alacri
3220 4590 3404 4644 animo

1821 4676 2217 4734 inserviamus.
2254 4674 2431 4734 aiunt,
2482 4679 2585 4728 etsi
2631 4676 2833 4729 multos
2874 4677 3173 4733 habeamus
3214 4688 3398 4743 testes.

1819 4784 1927 4824 non
1968 4768 2125 4831 alios,
2183 4782 2345 4837 quam
2388 4777 2511 4823 tuos
2556 4768 2747 4823 oculos
2804 4770 3179 4839 producimus.
3245 4772 3401 4828 Nunc

1818 4872 2001 4917 autem
2039 4876 2147 4916 non
2172 4877 2465 4932 possumus
2511 4870 2733 4933 tangere
2769 4878 2969 4931 corpus
3032 4864 3198 4934 hujus
3236 4868 3398 4936 \irgi-

1818 4955 1923 5007 nis.
1962 4953 2220 5007 Videmus
2239 4954 2383 5007 enim
2418 4955 2565 5007 viros
2610 4964 2824 5010 stantes
2860 4966 3087 5024 aspectu
3143 4958 3396 5013 formida-

1818 5045 1977 5110 biles,
2039 5060 2139 5100 nos
2181 5044 2401 5115 quidem
2451 5056 2604 5102 torve
2654 5047 2947 5101 admodum
3004 5048 3304 5115 intuentes,
3343 5064 3400 5107 et

1819 5148 2035 5206 paratos
2104 5139 2372 5209 virginem
2456 5138 2793 5204 defendere,
2858 5148 2915 5194 ct
2988 5157 3105 5193 eam
3180 5143 3393 5197 edicere

1816 5228 2029 5286 ﬂamma
2093 5231 2455 5299 superiorem.
2504 5231 2651 5296 Quid
2705 5230 2851 5288 enim
2909 5234 3056 5288 aliud
3092 5234 3194 5288 sibi
3252 5239 3389 5297 vult.

1814 5321 1958 5388 quod
2010 5323 2193 5389 ignem
2250 5324 2355 5377 huc
2396 5335 2451 5378 et
2502 5324 2629 5379 illue
2679 5326 3049 5395 dispergunt?
3101 5326 3394 5395 Postquam

1815 5424 1995 5469 autem
2056 5415 2169 5467 lure
2225 5414 2432 5469 audivit
2495 5416 2730 5479 Priscus,
2761 5431 2856 5471 eos
2917 5418 3163 5486 quidem,
3208 5418 3394 5493 utqui

1808 5510 1919 5574 jam
1957 5523 1986 5559 a
2048 5508 2197 5560 cultu
2231 5514 2455 5562 deortun
2482 5510 2838 5573 defecissent,
2874 5512 3042 5565 mittit
3102 5513 3153 5564 in
3200 5529 3388 5567 carce-

1815 5613 1925 5649 rem
1963 5612 1975 5647 :
2022 5597 2289 5651 Czesarcm
2322 5610 2502 5651 autem
2552 5615 2613 5652 ac
2646 5600 2915 5656 Vicarium
2950 5604 3048 5668 (sic
3100 5605 3246 5657 enim
3299 5619 3386 5663 vo-

1811 5690 2095 5745 cabantur)
2144 5691 2344 5745 suilicit
2415 5694 2465 5743 in
2512 5708 2700 5746 eorum
2751 5696 3139 5748 ministerium.
3194 5698 3259 5749 Et
3312 5699 3384 5749 illi

1815 5783 2033 5848 quidem
2076 5793 2328 5851 prompto
2378 5798 2426 5836 et
2478 5785 2642 5840 alacri
2684 5788 2848 5839 animi
2892 5790 3072 5840 studio
3108 5791 3380 5857 egregiam

1818 5875 2077 5941 virginem
2114 5876 2480 5943 Euphemiam,
2536 5881 2762 5934 cedente
2821 5883 3002 5933 divina
3050 5889 3249 5934 \irtutc
3283 5895 3378 5932 an-
