3970 6472
558 410 665 477 723
1786 413 2071 476 MENSIS
2111 415 2126 475 ε

2244 414 2591 479 ἼῈΜΒΕΒ.
3713 408 3812 473 ’ῖῖι

559 529 805 598 gelorum
858 528 1061 599 (neque
1112 530 1259 585 enim
1305 540 1564 602 poterant
1636 529 1739 599 ipsi
1770 528 2127 584 mutationem

2247 526 2405 583 αὑτοὶ
2435 525 2539 583 οἷοί
2573 547 2631 584 τε
2677 525 2819 600 ἦσαν
2858 526 3161 599 μεταϐολὴν
3203 523 3459 592 δέξασθαι
3496 525 3633 594 πρὸς
3663 524 3814 578 εὑσι·

558 619 841 689 suscipere
859 620 928 675 ad
967 622 1277 693 pietatem),
1324 621 1581 692 injiciunt
1611 622 1665 675 in
1698 621 1996 675 fornacem.
2023 619 2126 675 Sed

2244 622 2421 686 δειαν,
2470 623 2836 692 ἐμϐάλλουσιν
2877 623 2959 683 ιίς
3006 619 3105 689 τὴν
3156 618 3412 688 κάμινον.
3470 615 3614 669 Ἀλλ’
3657 616 3812 679 εὐθὺς

556 726 657 766 eos
681 712 944 766 continuo
976 714 1290 784 arguebant
1325 729 1415 769 res
1440 714 1717 774 inanima,
1743 724 1797 767 et
1825 711 2124 781 punieban-

2245 715 2534 785 ἠλέγχοντο
2567 718 2717 787 παρά
2742 714 2850 766 τῶν
2888 712 3141 783 ἀψύχων,
3172 711 3267 765 καὶ
3294 711 3345 762 oi
3376 708 3604 771 ἀσεϐεῖς
3628 708 3813 761 ἐκολά-

560 815 650 858 ιιιν·
680 805 853 875 impii.
884 804 1029 876 lgnis
1074 808 1223 861 enim
1258 819 1486 877 repente
1538 806 1931 870 eﬂ‘ervescens,
1983 816 2039 859 et
2075 805 2128 858 in

2243 809 2417 873 ζοντο.
2452 808 2527 861 Τὸ
2555 809 2664 878 γὰρ
2698 806 2810 875 πῦρ
2844 806 3043 876 ἀθρόον
3071 803 3475 871 ἀναπαφλάσαν
3511 800 3607 854 xui.
3635 801 3811 870 κύκλῳ

557 898 744 952 orbem
769 896 1163 961 circumfusus,
1179 899 1459 969 quomodo
1477 900 1631 969 prius
1653 898 1950 969 Babylone,
1984 897 2125 952 ultus

2245 899 2553 969 περιχυθὲν,
2587 898 2776 968 ὥσπερ
2806 902 2864 951 ὲν
2898 895 3216 960 Βαϐυλῶνι,
3252 894 3313 947 τὸ
3364 894 3643 964 πρότερον
3697 895 3813 955 τοὺς

558 998 643 1043 est
666 1004 785 1052 eos,
815 988 909 1057 qui
935 988 1238 1056 injecerant
1273 1006 1287 1055 ;
1336 988 1570 1058 gloriosa
1596 998 1779 1042 autem
1834 988 1986 1057 virgo
2010 1002 2126 1056 per-

2240 992 2581 1061 ὲμδαλὸντας
2609 992 2859 1061 ⁴ι’γμύνατο
2880 1008 2895 1023 ·
2930 992 2961 1061 ἡ
2987 988 3044 1042 δέ
3079 1006 3142 1057 γε
3171 986 3481 1048 καλλίνικος
3511 986 3808 1053 ἀθλοφόρος

555 1081 685 1136 inde
731 1096 794 1136 ac
822 1081 868 1136 si
899 1096 1005 1136 non
1030 1082 1095 1135 ad
1124 1081 1476 1152 supplicium,
1509 1082 1605 1135 sed
1632 1082 1699 1135 ad
1732 1081 2123 1135 recreationem

2244 1083 2427 1153 ὥσπερ
2479 1083 2579 1135 ούκ
2632 1084 2712 1146 είς
2765 1081 3065 1152 τιμωρίαν,
3113 1079 3231 1133 ἀλλ’
3275 1080 3355 1140 είς
3399 1076 3595 1131 ἄνεσίν
3627 1092 3688 1127 τε
3728 1075 3812 1127 καὶ

556 1173 760 1226 tradita
783 1181 929 1227 esset
956 1182 1011 1228 et
1037 1173 1284 1237 delicias,
1327 1174 1529 1227 mansit
1557 1173 1777 1242 quidem
1810 1173 2124 1242 aliquandiu

2244 1174 2446 1244 τρυφὴν
2466 1174 2770 1238 ἐκδοθεῖσα,
2798 1173 2885 1240 ἐφ’
2907 1172 3094 1225 ίκανὺν
3119 1171 3220 1238 μὲν
3243 1168 3321 1237 τῷ
3344 1170 3479 1239 πυρὶ
3503 1168 3812 1235 παρέμενεν

556 1264 625 1318 ab
656 1265 780 1335 igne
811 1265 977 1320 illaesa
1010 1281 1025 1328 ;
1053 1265 1405 1319 securissime
1444 1276 1627 1319 autem
1679 1266 1934 1320 movebat
1983 1265 2124 1319 labra

2244 1268 2532 1337 Ξψαυστος.
2578 1267 2738 1320 Κατὰ
2764 1266 2968 1336 πολλὴν
3006 1265 3062 1317 δὲ
3094 1264 3194 1333 τὴν
3226 1263 3415 1317 ἄδειαν
3457 1260 3602 1329 πρὸς
3640 1257 3812 1319 θείους

554 1356 622 1411 ad
674 1356 908 1427 hymnos
940 1356 1179 1421 divinos,
1246 1372 1378 1411 aura
1442 1356 1590 1413 molli
1650 1365 1707 1411 et
1749 1355 1962 1411 roscida
2010 1370 2122 1411 eam

2243 1358 2443 1427 ύμνους
2480 1359 2650 1411 ἐκίνει
2682 1357 2748 1411 τὰ
2781 1358 2957 1427 χείλη,
2989 1356 3164 1428 αῦρας
3190 1356 3364 1427 αὐτὴν
3423 1351 3811 1422 ἀναψυχούσης

554 1449 941 1519 refrigerante.

2237 1451 2491 1522 μαλακῆς
2519 1467 2576 1503 τε
2610 1450 2705 1502 καὶ
2741 1449 3029 1519 δροσερᾶς.

624 1539 717 1594 1X.
755 1540 1052 1610 Postquam
1078 1551 1261 1597 autem
1302 1549 1357 1597 et
1390 1540 1609 1595 ﬂamma
1654 1541 1959 1605 contabuit,
1990 1551 2047 1596 et
2074 1541 2129 1595 in

2304 1542 2378 1597 Θ’.
2422 1540 2574 1595 Ἐπεὶ
2604 1539 2662 1593 δὲ
2709 1539 2804 1593 καὶ
2852 1540 2884 1607 ἡ
2936 1537 3065 1605 φλὸξ
3103 1536 3433 1608 ἐμαραίνετο
3464 1536 3559 1590 καὶ
3608 1537 3643 1605 ὴ
3688 1534 3812 1603 περὶ

551 1631 815 1687 Caesarem
841 1644 895 1688 et
911 1632 1183 1689 Vicarium
1202 1633 1464 1689 divinitus
1480 1634 1781 1689 immissum
1797 1634 2119 1704 supplicium

2244 1640 2323 1688 τὸν
2358 1634 2615 1705 Καίσαρά
2647 1650 2705 1686 τε
2743 1633 2839 1686 καὶ
2871 1630 3132 1702 Βικάριον
3177 1628 3529 1698 θεόπεμπτος
3574 1627 3812 1697 τιμωρία

551 1724 690 1779 alios
722 1725 1007 1780 ministros
1039 1726 1229 1795 procul
1273 1726 1567 1796 dispersu;
1600 1726 1883 1797 egreditur
1925 1735 2119 1795 martyr

2241 1730 2340 1781 τῶν
2372 1727 2663 1797 ὑπηρετῶν
2695 1727 2823 1789 τοῦς
2856 1726 3054 1789 ἀλλους
3088 1724 3279 1795 πόρῤιο
3306 1739 3407 1774 που
3440 1721 3809 1783 διεσκέδασεν,

550 1815 690 1870 adeo
726 1815 937 1887 integra
977 1817 1242 1880 etillaesa,
1267 1827 1415 1872 utne
1438 1818 1489 1871 in
1528 1820 1713 1873 tunica
1738 1818 1957 1887 quidem
1989 1819 2118 1888 ignis

2244 1819 2435 1885 ἔξεισιν
2475 1820 2507 1888 ἡ
2546 1817 2779 1889 μάρτυς,
2821 1816 2998 1879 οὕτως
3051 1815 3319 1883 ἀδλαὸὴς,
3364 1812 3440 1874 ὡς
3483 1812 3613 1881 μηδ’
3645 1813 3704 1863 ὲν
3735 1810 3812 1879 τῷ

549 1906 719 1961 ullum
746 1881 991 1963 servaret
1018 1908 1329 1979 vestigium.
1359 1908 1464 1963 Sed
1486 1910 1659 1979 ipsam
1692 1881 1911 1978 quidem
1934 1881 2117 1964 rursus

2243 1881 2422 1983 (ιτῶνι
2693 1912 2840 1980 ἴχνος
2897 1907 2991 1961 τοῦ
3032 1908 3207 1976 πυρὸς
3248 1881 3643 1968 διασώζεσθαι,
3696 1901 3811 1954 ἀλλ’

549 2001 787 2057 vinetam
820 2001 1040 2056 tenebat
1064 2003 1335 2057 custodia.
1362 2004 1459 2059 Die
1491 2012 1676 2059 autem
1709 2006 1962 2073 sequenti
1994 2005 2117 2060 edu-

2252 2005 2401 2071 ιὺτὴν
2445 2002 2548 2072 μὲν
2600 2002 2692 2055 καὶ
2728 1996 2954 2070 αῦθιςή
3002 1999 3222 2067 φυλακὴ
3279 1996 3552 2064 δεσμῶτιν
3601 1996 3807 2064 ἐτήρει.

548 2093 624 2147 cit
652 2094 946 2162 proconsul
982 2092 1257 2148 Victorem
1294 2105 1348 2149 et
1377 2094 1730 2159 Sosthenem,
1761 2105 1815 2149 et
1839 2095 2002 2165 jussit
2027 2110 2116 2151 eos

2244 2100 2391 2166 Ἀγει
2438 2096 2493 2150 δὲ
2540 2098 2603 2167 τῇ
2640 2094 2767 2160 ἑξῆς
2811 2096 2838 2147 ὁ
2866 2092 3180 2154 ἀνθύπατος
3213 2090 3304 2143 τὸν
3334 2087 3595 2157 Βίκτωρὰ
3624 2103 3686 2138 τε
3719 2086 3812 2138 καὶ

550 2183 864 2239 sacriﬁcare
896 2186 1005 2241 diis
1040 2186 1175 2240 suis.
1211 2187 1290 2242 llli
1316 2197 1499 2241 autem
1538 2205 1552 2243 :
1614 2186 1746 2252 Nos,
1804 2188 2046 2253 aiebant,
2090 2204 2118 2243 ο

2239 2191 2320 2244 τὸν
2352 2188 2664 2256 Σωσθένην,
2698 2188 2794 2239 καὶ
2827 2185 2979 2239 θύειν
3011 2183 3231 2237 ἐκέλευε
3276 2182 3389 2242 τοῖς
3430 2176 3602 2233 αὑτοῦ
3646 2177 3807 2242 θεοῖς,

551 2277 871 2343 proconsul,
920 2293 1116 2349 magno
1145 2280 1294 2348 prius
1320 2294 1508 2334 errore
1528 2280 1812 2349 implicati,
1845 2279 2119 2349 quomodo

2243 2284 2276 2334 ti
2305 2283 2383 2347 δὲ,
2432 2280 2648 2351 Ἡμεῖς,
2687 2279 2921 2347 ἔφησαν,
2959 2271 3003 2331 ὧ
3046 2275 3354 2340 ἀνθύπατε,
3408 2273 3601 2343 μακρᾷ
3635 2270 3811 2339 πλάνῃ

553 2376 610 2420 tu
635 2382 854 2437 quoque
898 2369 1204 2439 hucusque,
1248 2384 1396 2424 nunc
1441 2370 1657 2425 tandem
1694 2370 1837 2427 bono
1872 2370 1965 2425 Dei
1989 2381 2121 2425 nutu

2242 2375 2287 2428 ιδ
2316 2372 2584 2443 πρότερον
2611 2368 2993 2441 χειρωθέντες,
3021 2367 3275 2435 καθάπερ
3305 2365 3369 2434 δὴ
3398 2363 3496 2417 καὶ
3519 2361 3705 2426 αὐτὸς,
3732 2360 3810 2421 είς

551 2460 960 2529 resipiscentes,
1023 2462 1169 2532 digni
1214 2462 1385 2517 habiti
1437 2477 1647 2527 sumus,
1698 2463 1790 2531 qui
1838 2464 2119 2517 veritatem

2244 2466 2307 2520 ίτι
2340 2465 2457 2530 νῦν,
2494 2466 2647 2534 μόλις
2672 2461 2807 2516 Θεοῦ
2840 2460 3108 2531 νεύμασιν
3138 2460 3538 2529 ἀνανήψαντες,
3567 2452 3812 2520 ἐπιγνῶ-

551 2564 977 2619 agnosceremus
1006 2566 1105 2621 per
1148 2553 1290 2606 hanc
1338 2552 1627 2624 virginem.
1684 2552 1835 2609 Scias
1858 2570 1987 2625 ergo
2024 2570 2119 2610 nos

2243 2578 2316 2612 tat
2348 2559 2449 2629 τὴν
2482 2556 2745 2628 ἀλήθειαν
2779 2554 2865 2606 διὰ
2914 2554 3011 2622 τῆς
3059 2551 3333 2621 παρθένου
3374 2547 3607 2614 ταύτης,
3647 2541 3811 2611 ἠειὼ-

553 2652 735 2707 tteque
762 2638 865 2694 diis
899 2640 1164 2696 inanimis
1187 2640 1597 2697 sacriﬁcaturos
1640 2642 1804 2713 (absit
1848 2654 1907 2698 ut
1952 2646 2121 2701 simus

2242 2652 2391 2705 αεθα.
2443 2649 2582 2702 Ἰσθι
2632 2642 2725 2700 οὖν
2781 2644 2858 2706 ὡς
2913 2644 3041 2698 οὔτε
3118 2644 3319 2711 θύομεν
3376 2638 3610 2707 ἀψύχοις
3668 2632 3810 2693 θεοῖς

550 2730 689 2785 adeo
710 2744 904 2785 emotae
925 2732 1171 2802 mentis),
1207 2749 1387 2804 neque
1432 2734 1543 2789 tuis
1572 2750 1696 2791 esse
1730 2750 1982 2792 cessuros
2008 2737 2118 2792 edi-

2257 2747 2330 2813 μὴ
2357 2741 2503 2793 οῦτω
2552 2739 2646 2792 νοῦ
2696 2756 2756 2791 τε
2801 2740 2893 2791 καὶ
2947 2734 3163 2805 φρενῶν
3197 2729 3641 2801 διαμάρτωμεν),
3684 2725 3812 2779 οὔτε

551 2820 678 2872 ctis.
713 2820 1007 2890 Postquam
1042 2823 1157 2877 haec
1178 2824 1465 2886 dixissent.
1498 2825 1718 2881 abducti
1761 2837 1890 2881 sunt
1927 2828 1983 2880 in
2012 2837 2119 2882 sta-

2246 2838 2341 2897 :oi;
2418 2837 2533 2896 σοῖς
2600 2832 2905 2902 ὑπείχομεν
2992 2830 3386 2898 διατάγμασιν.
3480 2822 3639 2875 Ἐπεὶ
3682 2819 3814 2872 ταῦ-

552 2912 729 2975 dium,
766 2921 821 2966 et
841 2913 979 2982 jussi
1010 2923 1141 2969 sunt
1166 2930 1409 2986 pugnare
1441 2932 1563 2970 cum
1592 2917 1803 2971 bestiis.
1841 2916 2120 2971 llliautettt

2245 2945 2296 2980 ια
2344 2921 2522 2988 εἶπον,
2580 2926 2659 2989 είς
2737 2925 2799 2976 τὸ
2863 2923 3082 2978 στάδιον
3133 2904 3307 2983 εὐθὺς⁸
3373 2916 3654 2989 ἀπήγοντο
3713 2914 3813 2965 καὶ

553 3008 883 3076 imperatum
937 3008 1173 3062 libenter
1217 3011 1581 3079 accipiebant.
1639 3021 1694 3066 et
1756 3013 2121 3079 exsultabant,

2245 3020 2588 3088 ίηριομαχείν
2644 3016 2981 3072 ἐκελεύοντο,
3048 3016 3110 3067 Οί
3154 3012 3211 3066 δὲ
3270 3010 3522 3081 ἀσμένως
3581 3007 3644 3059 τὸ
3715 3022 3813 3058 κε-

553 3112 665 3151 non
717 3097 891 3152 solum
922 3098 1065 3168 quod
1098 3100 1477 3155 existimarent
1501 3116 1621 3157 esse
1647 3104 1819 3158 satius
1843 3102 2121 3159 decertare

2244 3104 2453 3157 ιευσθὲν
2533 3104 2780 3171 ἐδέχοντο
2848 3104 2941 3156 καὶ
3026 3101 3324 3169 ἠγάλλοντο
3374 3097 3435 3149 ού
3500 3095 3666 3164 μόνον
3728 3096 3812 3145 ὅτι

553 3204 680 3244 eum
731 3188 887 3253 feris,
920 3206 1083 3257 quam
1124 3208 1247 3246 euut
1309 3203 1415 3248 tam
1458 3195 1614 3250 malis
1646 3196 1981 3261 hominibus,
2030 3198 2121 3252 sed

2241 3195 2447 3266 βέλτιον
2484 3193 2719 3263 ἡγοῦντο
2754 3194 2815 3247 τὸ
2846 3193 2983 3261 πρὸς
3016 3192 3190 3263 θῆρας
3224 3188 3427 3259 μᾶλλον
3465 3187 3497 3254 ἢ
3527 3185 3675 3276 οὕτω
3706 3199 3809 3276 ποεῖ

553 3281 719 3336 etiam
777 3279 923 3350 quod
989 3297 1087 3351 per
1146 3283 1339 3339 dentes
1390 3284 1628 3339 ferarum
1678 3296 1835 3341 erant
1871 3288 1945 3341 illi
1990 3304 2121 3342 con-

2245 3287 2429 3356 δηροὺς
2476 3285 2803 3348 ἀνθρώπους
2856 3282 3225 3342 διαπαλαίειν,
3276 3279 3391 3330 ἀλλ’
3449 3277 3534 3327 ὅτι
3593 3274 3691 3325 καὶ
3741 3268 3813 3323 δι’

551 3374 783 3429 fracturi
813 3374 1058 3430 maxillas
1107 3376 1320 3440 bestia,
1365 3394 1483 3447 qua:
1511 3389 1660 3433 caret
1713 3394 1899 3434 carne.
1968 3380 2119 3445 Quod

2241 3378 2453 3429 Βδόντων
2487 3374 2693 3442 θηρίων
2752 3372 2978 3440 ἔμελλον
3012 3372 3108 3432 τὰς
3136 3370 3308 3439 μύλας
3342 3364 3573 3436 συνθλᾷν
3593 3362 3809 3416 ἐκείνου

552 3464 779 3535 quidem
831 3480 955 3520 cum
1013 3470 1219 3536 precati
1277 3481 1484 3534 essent,
1536 3471 1827 3523 audierunt
1877 3471 1944 3523 de
1988 3470 2120 3524 coelo

2246 3466 2323 3521 ποῦ
2357 3466 2599 3535 ἀσάρκου
2632 3463 2819 3533 θηρός.
2859 3464 2924 3515 '0
2954 3462 3049 3515 καὶ
3079 3460 3143 3513 δι’
3176 3459 3341 3529 εύχῆς
3372 3456 3595 3526 θέμενοι
3622 3452 3814 3523 φωνῆς

553 3570 775 3623 vocem,
826 3572 947 3627 quas
1005 3559 1346 3628 signiﬁcabat
1414 3560 1585 3613 fuisse
1638 3560 1878 3614 auditam
1934 3576 2121 3616 eorum

2247 3563 2425 3634 ᾗκουον
2452 3558 2747 3628 οὐρανόθεν
2778 3554 3103 3625 διασαφοῦς,
3139 3551 3414 3621 ἀκουστὴν
3440 3549 3624 3603 αὐτᾶν
3658 3547 3815 3616 γενέ-

551 3646 1045 3701 orationem.Cum
1095 3662 1226 3716 ergo
1264 3648 1524 3703 immissa:
1570 3649 1806 3705 fuissent
1851 3650 2037 3705 bestia:
2068 3653 2119 3707 in

2246 3654 2352 3708 ιθαι
2388 3652 2486 3722 τὴν
2517 3650 2756 3721 αῑτησιν.
2808 3650 2895 3711 Ὠς
2932 3647 3025 3700 οὑν
3058 3646 3130 3700 τὰ
3165 3645 3329 3716 θηρία
3376 3644 3489 3706 τοῖς
3536 3641 3814 3710 μάρτυσιν

556 3747 844 3809 martyres,
870 3748 925 3792 et
952 3738 1005 3793 in
1051 3754 1147 3794 eos
1197 3740 1534 3807 insiliissmt,
1561 3743 1709 3813 gravi
1736 3742 1943 3811 ﬂagello
1991 3743 2124 3795 inci-

2245 3747 2544 3814 ιπαφείθη,
2602 3744 2881 3813 ὲφήλλατό
2928 3758 2988 3792 τε
3034 3742 3242 3801 αὑτοῖς,
3306 3737 3519 3806 χαλεπῇ
3580 3736 3813 3803 μάστιγι

552 3838 707 3893 tntae,
750 3844 949 3898 nempe
991 3829 1157 3891 fame,
1222 3840 1275 3882 et
1317 3846 1415 3885 eos
1454 3834 1629 3885 solum
1682 3833 2120 3897 niontordissent,

2246 3837 2651 3909 ταρορμώμενα
2708 3834 2787 3904 τῷ
2842 3831 3012 3902 λιμῷ,
3076 3829 3171 3882 καὶ
3207 3828 3501 3881 ἐνδακόντα
3556 3828 3653 3877 καὶ
3710 3829 3814 3892 sp-

544 3931 609 3978 et
642 3920 911 3975 bibissent
943 3920 1263 3991 sanguinem
1323 3922 1632 3992 (oportebat
1682 3922 1826 3976 enim
1864 3923 1931 3977 ad
1988 3923 2112 3980 cﬂ'e-

2246 3933 2420 3985 πιόντα
2450 3929 2544 3983 τοῦ
2570 3930 2803 4000 αἵματος
2839 3926 2999 3997 μόνον
3033 3923 3162 3995 (ἔδει
3192 3922 3300 3992 γὰρ
3327 3919 3424 3990 τὴν
3457 3918 3689 3971 ἐκείνων
3721 3916 3814 3969 εὖ·

548 4024 698 4076 ctum
733 4013 929 4069 deduci
980 4014 1195 4069 illorum
1243 4021 1480 4085 preces),
1516 4017 1908 4071 abstinuerunt
1939 4034 1967 4071 a
2006 4034 2116 4073 cor-

2241 4021 2329 4090 (ὴν
2377 4022 2457 4082 είς
2508 4019 2685 4088 πέρας
2738 4015 2939 4084 ἐλθεῖν)
2967 4029 2981 4044 ·
3013 4013 3319 4082 ἀπέσχοντο
3348 4009 3457 4063 τῶν
3508 4009 3809 4078 σωμάτων,

548 4107 801 4177 poribus,
834 4114 887 4158 et
929 4120 991 4158 ea
1020 4106 1168 4159 nullo
1197 4108 1355 4160 modo
1379 4108 1732 4160 devorarunt.
1769 4106 1901 4159 Nam
1946 4124 2116 4177 neque

2245 4114 2320 4167 ιαὶ
2366 4111 2623 4180 οὐδαμῶς
2669 4109 2810 4162 αὑτά
2852 4106 3022 4177 βορὰν
3064 4105 3271 4169 ἔθεντο,
3316 4102 3515 4173 ἠμέλει
3542 4102 3655 4171 γὰρ
3687 4100 3813 4152 οὐδὲ

554 4214 688 4255 tunc
708 4200 994 4268 negligens
1024 4206 1142 4252 erat
1188 4199 1385 4269 gratia.
1418 4214 1538 4268 qua:
1580 4198 1734 4269 prius
1770 4197 1980 4253 Dattieli
2016 4198 2122 4254 fre-

2244 4205 2322 4257 νῦν
2353 4205 2385 4273 ή
2428 4205 2587 4272 χάρις
2617 4203 2650 4271 ἢ
2690 4200 2769 4270 τῷ
2798 4198 3000 4266 Δανιὴλ
3042 4199 3309 4266 πρότερον
3339 4194 3533 4247 δεινῶν
3575 4194 3812 4245 λεόντων

548 4289 704 4345 navit
736 4302 831 4342 ora
864 4287 1104 4352 leonum,
1143 4299 1201 4343 et
1232 4289 1311 4343 sic
1359 4288 1525 4342 breve
1550 4304 1649 4358 pro
1690 4288 1914 4344 Christo
1975 4306 2116 4345 tuar-

2243 4296 2477 4366 ττόματα
2524 4292 2796 4363 ὲχαλίνου,
2852 4290 2947 4345 καὶ
2999 4288 3146 4342 οὕτω
3212 4287 3479 4355 σύντομον
3540 4286 3601 4335 τὸ
3664 4286 3811 4355 ὑπὲρ

551 4380 754 4452 tyriunt
791 4377 1134 4444 pertulerunt
1165 4378 1405 4431 athletae.
1446 4378 1523 4432 De
1550 4379 1687 4448 ipsis
1735 4388 1918 4433 autem
1951 4382 2119 4435 sacris

2244 4386 2472 4460 ἱριστοῦ
2512 4385 2817 4458 μαρτύριον
2863 4386 2911 4439 οἱ
2959 4382 3255 4453 ἀθλοφόροι
3293 4380 3611 4453 διήνεγκαν.
3673 4378 3812 4447 Περὶ

550 4472 880 4543 corporibus
907 4486 1050 4526 curre
1076 4470 1180 4526 fuit
1223 4471 1291 4525 iis
1338 4470 1429 4540 qui
1482 4485 1546 4524 ex
1600 4471 1704 4541 piis
1747 4483 1903 4526 erant
1957 4473 2118 4542 paulo

2245 4484 2413 4537 ιέντοι
2469 4479 2581 4532 τῶν
2645 4479 2808 4550 ἱερῶν
2865 4478 3136 4547 σωμάτων
3181 4474 3362 4528 αὑτῶν
3415 4471 3655 4542 ἐμέλησε
3700 4470 3813 4521 τῶν

548 4563 932 4628 studiosiores,
960 4574 1018 4618 ut
1042 4578 1103 4618 ea
1128 4564 1408 4627 tollerent,
1439 4564 1775 4635 psalmisque
1819 4576 1875 4620 et
1906 4567 2116 4637 hymnis

2244 4571 2471 4624 ιύσεὸῶν
2500 4572 2615 4633 τοῖς
2646 4569 3108 4636 σπουδαιοτέροις,
3138 4562 3428 4617 ἀνελέσθαι
3459 4578 3519 4614 τε
3544 4558 3688 4612 αὐτὰ
3717 4558 3812 4610 καὶ

547 4660 875 4715 mandarent
900 4659 1214 4727 sepulturaz.

2223 4664 2465 4733 ψαλμοῖς
2494 4662 2588 4714 καὶ
2619 4661 2810 4729 ὕμνοις
2839 4662 2987 4727 ταφῇ
3020 4656 3387 4725 παραδοῦναι.

625 4749 693 4805 Χ.
728 4749 825 4805 Die
885 4761 1066 4804 autem
1103 4748 1359 4818 sequenti
1398 4764 1498 4819 pro
1532 4749 1823 4818 judiciario
1867 4750 2125 4805 tribunali

2298 4756 2353 4807 l'.
2391 4755 2484 4815 Είς
2515 4753 2615 4821 τὴν
2638 4751 2899 4803 ἐπιοῦσαν
2932 4748 2990 4800 δὲ
3029 4746 3123 4800 τοῦ
3156 4742 3477 4799 δικαστικοῦ
3507 4742 3757 4812 βήματος
3785 4744 3813 4794 δ

549 4834 857 4913 praesidens
897 4852 1179 4912 tyrannus,
1214 4841 1507 4912 gloriosam
1542 4843 1903 4912 Euphemiam
1939 4844 2117 4898 educit

2244 4848 2492 4916 ςύραννος
2530 4840 2890 4913 προκαθίσας,
2942 4840 3067 4907 ἄγει
3119 4836 3218 4909 τὴν
3275 4833 3587 4888 καλλίνικον
3622 4833 3812 4902 Εὐφη-

548 4952 581 4991 e
619 4948 861 4989 carcere.
894 4935 1100 4989 Eterat
1124 4936 1343 5004 quidem
1377 4933 1497 4987 laeta
1520 4934 1693 4999 vultu,
1728 4935 1909 4986 animo
1941 4947 2116 4990 autem

2242 4939 2360 5003 μίαν
2386 4939 2451 4990 ὲκ
2487 4939 2586 5007 τῆς
2618 4931 2866 5002 εἱρκτῆς,
2895 4932 2988 4985 καὶ
3034 4928 3106 5002 ᾖν
3149 4928 3361 4997 φαιδρὰ
3394 4926 3496 4993 μὲν
3525 4927 3627 4997 τὴν
3660 4926 3810 4997 ὄψιν,

552 5028 745 5084 laetior.
780 5025 1059 5081 Submisse
1080 5042 1209 5081 vero
1235 5026 1465 5082 canebat
1494 5028 1762 5083 accedens
1792 5026 1857 5080 ad
1886 5026 2120 5095 judicent

2244 5030 2559 5099 ραιδροτέρα
2606 5028 2664 5080 δὲ
2700 5026 2798 5096 τὴν
2833 5025 3033 5096 ψυχὴν,
3085 5022 3359 5091 ὑπέψαλλε
3410 5021 3466 5073 δὲ
3509 5022 3606 5072 καὶ
3638 5037 3812 5089 προσ-

554 5124 675 5177 hzec
719 5121 929 5175 cantica
999 5120 1305 5174 Davidica:
1361 5140 1378 5170 ι
1423 5119 1481 5172 1η
1544 5120 1631 5198 via
1691 5120 2122 5174 testimoniorum

2244 5121 2383 5173 cum
2431 5120 2508 5189 τῷ
2550 5120 2778 5190 δικαστῇ
2826 5120 2892 5172 τὰ
2926 5116 3191 5169 Δαυιτικά
3217 5114 3376 5169 ταυτὶ
3411 5113 3668 5183 ᾄσματα·
3721 5114 3812 5165 Ἐν

555 5222 776 5264 tuorum
808 5209 1070 5263 delectata
1100 5225 1241 5275 sum,
1264 5218 1519 5277 tanquam
1547 5210 1599 5261 in
1618 5210 1873 5263 omnibus
1901 5212 2123 5265 diuitiis.

2244 5216 2293 5283 ςῇ
2328 5211 2431 5281 ὀδῷ
2465 5210 2571 5263 τῶν
2603 5210 2923 5282 μαρτυρίων
2952 5225 3047 5262 σου
3083 5207 3359 5277 ἐτέρφθην
3398 5204 3471 5268 ὡς
3516 5206 3612 5257 ἐπὶ
3642 5206 3812 5259 παντὶ

550 5301 613 5354 In
640 5298 1117 5369 justiﬁeationibus
1149 5302 1255 5354 tuis
1285 5300 1605 5363 meditabor,
1666 5315 1771 5353 non
1832 5301 2118 5355 obliviscar

2243 5304 2465 5374 πλούτῳ.
2516 5303 2604 5356 Ἐν
2656 5305 2769 5365 τοῖς
2814 5300 3148 5371 δικαιώμασί
3205 5316 3299 5353 σου
3353 5296 3663 5368 μελετήσω,
3711 5297 3811 5350 οὐκ

552 5391 689 5463 legis
724 5400 829 5445 tua:
864 5392 907 5452 ⁸,
950 5408 968 5442 ι
1002 5400 1059 5443 et
1091 5406 1212 5458 qua:
1238 5390 1495 5459 deinceps
1521 5398 1947 5459 consequuntur.
1987 5392 2120 5446 Dicit

2241 5395 2562 5465 ἐπιλήσομαι
2600 5394 2694 5448 τοῦ
2734 5394 2896 5464 μόνου
2951 5411 3068 5456 σου,
3111 5396 3205 5447 καὶ
3254 5392 3356 5444 ὃσα
3398 5392 3610 5453 τούτοις
3658 5390 3809 5459 ἑξῆς.

551 5500 681 5561 ergo
716 5484 765 5538 ei
799 5494 1060 5554 tyrannus
1096 5499 1107 5533 :
1142 5484 1434 5552 Quousque
1465 5493 1515 5538 te
1566 5483 1701 5537 adeo
1742 5483 1994 5539 afﬂictam
2028 5487 2119 5540 de-

2242 5489 2381 5555 Ἐφη
2418 5485 2510 5538 οῦν
2538 5486 2674 5557 πρὸς
2707 5485 2875 5557 αὐτὴν
2923 5488 2950 5538 ὁ
2986 5484 3273 5554 τύραννος*
3310 5483 3492 5553 Μέχρι
3536 5482 3685 5544 τίνος
3718 5484 3810 5533 καὶ

553 5575 743 5645 spicis,
802 5585 857 5629 et
887 5574 1017 5628 deos
1048 5574 1265 5644 quidem
1309 5574 1551 5629 molestia
1604 5575 1789 5641 allicis,
1852 5585 1906 5630 et
1940 5576 2117 5646 ipsum

2240 5577 2465 5648 σεαυτὴν
2518 5578 2661 5633 οῦτω
2710 5576 3168 5646 ταλαιπωροῦσαν
3203 5575 3505 5647 ὑπερορᾷς,
3559 5575 3653 5626 καὶ
3684 5573 3808 5634 τοὺς

550 5668 618 5724 ad
679 5668 813 5721 iram
870 5681 1134 5736 provocas
1188 5667 1569 5739 imperatorem
1599 5668 1619 5719 ’Β
1648 5666 1753 5722 Fac
1803 5667 2003 5738 aliquid
2035 5684 2118 5726 sa-

2240 5673 2384 5737 ieob;
2420 5689 2520 5744 μεν
2549 5674 2757 5735 λυπεῖς,
2799 5668 3159 5741 παροργίξεις
3189 5669 3242 5722 δὲ
3280 5668 3371 5720 καὶ
3409 5666 3501 5717 τὸν
3534 5664 3808 5734 αὑτοκρά-

660 5855 679 5884 ’
708 5850 848 5908 Psal.
883 5870 1067 5923 cxvm,
1097 5852 1175 5914 l5.
1223 5854 1302 5910 l6.
