  <div class='ocr_page' id='page_1' title='image "/cluster/home/n/w/nwhite01/storage/ocr_20150623/115/ien.35556001659887/372.png"; bbox 0 0 3970 6452; ppageno 0'>
   <div class='ocr_carea' id='block_1_1' title="bbox 150 394 259 462">
    <p class='ocr_par' dir='ltr' id='par_1_1' title="bbox 150 394 259 462">
     <span class='ocr_line' id='line_1_1' title="bbox 150 394 259 462; baseline 0.018 -1"><span class='ocrx_word' id='word_1_1' title='bbox 150 394 259 462; x_wconf 72' lang='grc'><strong>725</strong></span> 
     </span>
    </p>
   </div>
   <div class='ocr_carea' id='block_1_2' title="bbox 1265 400 2316 474">
    <p class='ocr_par' dir='ltr' id='par_1_2' title="bbox 1265 400 2316 474">
     <span class='ocr_line' id='line_1_2' title="bbox 1265 400 2316 474; baseline 0.012 -13"><span class='ocrx_word' id='word_1_2' title='bbox 1265 400 1730 465; x_wconf 73' lang='grc' dir='ltr'><strong>ΜΑΗἸῪΒῙΠΜ</strong></span> <span class='ocrx_word' id='word_1_3' title='bbox 1770 402 1829 465; x_wconf 89' lang='lat' dir='ltr'><strong>S.</strong></span> <span class='ocrx_word' id='word_1_4' title='bbox 1874 406 2316 474; x_wconf 62' lang='lat' dir='ltr'><strong>EUPHEMIAE.</strong></span> 
     </span>
    </p>
   </div>
   <div class='ocr_carea' id='block_1_3' title="bbox 3300 419 3403 483">
    <p class='ocr_par' dir='ltr' id='par_1_3' title="bbox 3300 419 3403 483">
     <span class='ocr_line' id='line_1_3' title="bbox 3300 419 3403 483; baseline 0.019 -2"><span class='ocrx_word' id='word_1_5' title='bbox 3300 419 3403 483; x_wconf 71' lang='lat'><strong>726</strong></span> 
     </span>
    </p>
   </div>
   <div class='ocr_carea' id='block_1_4' title="bbox 151 514 1725 601">
    <p class='ocr_par' dir='ltr' id='par_1_4' title="bbox 151 514 1725 591">
     <span class='ocr_line' id='line_1_4' title="bbox 151 514 1725 591; baseline 0.004 -22"><span class='ocrx_word' id='word_1_6' title='bbox 151 532 322 586; x_wconf 84' lang='grc' dir='ltr'>τορα;</span> <span class='ocrx_word' id='word_1_7' title='bbox 362 514 577 586; x_wconf 77' lang='grc' dir='ltr'>πρᾶξόν</span> <span class='ocrx_word' id='word_1_8' title='bbox 613 534 666 571; x_wconf 90' lang='grc' dir='ltr'><strong>τι</strong></span> <span class='ocrx_word' id='word_1_9' title='bbox 714 517 957 584; x_wconf 66' lang='grc' dir='ltr'>συνετὸν,</span> <span class='ocrx_word' id='word_1_10' title='bbox 1004 519 1098 573; x_wconf 76' lang='grc' dir='ltr'><strong>καὶ</strong></span> <span class='ocrx_word' id='word_1_11' title='bbox 1144 522 1254 583; x_wconf 86' lang='grc' dir='ltr'>τοῖς</span> <span class='ocrx_word' id='word_1_12' title='bbox 1286 521 1432 585; x_wconf 80' lang='grc' dir='ltr'><strong>θεοῖς</strong></span> <span class='ocrx_word' id='word_1_13' title='bbox 1474 522 1725 591; x_wconf 85' lang='grc' dir='ltr'>πείσθητι</span> 
     </span>
    </p>
   </div>
   <div class='ocr_carea' id='block_1_5' title="bbox 1831 514 3403 601">
    <p class='ocr_par' dir='ltr' id='par_1_5' title="bbox 1831 529 3403 601">
     <span class='ocr_line' id='line_1_5' title="bbox 1831 529 3403 601; baseline 0.005 -19"><span class='ocrx_word' id='word_1_14' title='bbox 1831 529 2062 595; x_wconf 88' lang='lat' dir='ltr'><strong>pienter,</strong></span> <span class='ocrx_word' id='word_1_15' title='bbox 2101 542 2154 585; x_wconf 88' lang='lat' dir='ltr'><strong>et</strong></span> <span class='ocrx_word' id='word_1_16' title='bbox 2182 530 2511 601; x_wconf 83' lang='lat' dir='ltr'><strong>persuadere</strong></span> <span class='ocrx_word' id='word_1_17' title='bbox 2545 530 2649 589; x_wconf 90' lang='lat' dir='ltr'><strong>diis</strong></span> <span class='ocrx_word' id='word_1_18' title='bbox 2680 531 2878 589; x_wconf 76' lang='lat' dir='ltr'><strong>oll&#39;erre</strong></span> <span class='ocrx_word' id='word_1_19' title='bbox 2932 533 3284 590; x_wconf 80' lang='lat' dir='ltr'><strong>sacriﬁcium.</strong></span> <span class='ocrx_word' id='word_1_20' title='bbox 3312 536 3403 590; x_wconf 83' lang='lat' dir='ltr'><strong>Illa</strong></span> 
     </span>
    </p>
   </div>
   <div class='ocr_carea' id='block_1_6' title="bbox 151 605 1723 683">
    <p class='ocr_par' dir='ltr' id='par_1_6' title="bbox 151 605 1723 683">
     <span class='ocr_line' id='line_1_6' title="bbox 151 605 1723 683; baseline 0.005 -25"><span class='ocrx_word' id='word_1_21' title='bbox 151 605 347 659; x_wconf 83' lang='grc' dir='ltr'>θυσίαν</span> <span class='ocrx_word' id='word_1_22' title='bbox 401 611 818 677; x_wconf 85' lang='grc' dir='ltr'>προσενεγκεῖν.</span> <span class='ocrx_word' id='word_1_23' title='bbox 866 611 925 664; x_wconf 84' lang='grc' dir='ltr'><em>Ἡ</em></span> <span class='ocrx_word' id='word_1_24' title='bbox 977 610 1063 679; x_wconf 74' lang='grc' dir='ltr'>δὲ,</span> <span class='ocrx_word' id='word_1_25' title='bbox 1116 613 1326 683; x_wconf 78' lang='grc' dir='ltr'>Πρᾶξαί</span> <span class='ocrx_word' id='word_1_26' title='bbox 1373 631 1425 668; x_wconf 90' lang='grc' dir='ltr'><strong>τι</strong></span> <span class='ocrx_word' id='word_1_27' title='bbox 1481 615 1723 681; x_wconf 79' lang='grc' dir='ltr'>συνετὸν,</span> 
     </span>
    </p>
   </div>
   <div class='ocr_carea' id='block_1_7' title="bbox 151 698 1727 772">
    <p class='ocr_par' dir='ltr' id='par_1_7' title="bbox 151 698 1727 772">
     <span class='ocr_line' id='line_1_7' title="bbox 151 698 1727 772; baseline 0.007 -21"><span class='ocrx_word' id='word_1_28' title='bbox 151 700 278 767; x_wconf 52' lang='lat' dir='ltr'><strong>lar},</strong></span> <span class='ocrx_word' id='word_1_29' title='bbox 312 701 651 770; x_wconf 70' lang='grc' dir='ltr'>προτρέπεις</span> <span class='ocrx_word' id='word_1_30' title='bbox 684 703 854 772; x_wconf 77' lang='grc' dir='ltr'>ἡμᾶς,</span> <span class='ocrx_word' id='word_1_31' title='bbox 896 698 941 756; x_wconf 82' lang='grc' dir='ltr'><strong>ὦ</strong></span> <span class='ocrx_word' id='word_1_32' title='bbox 966 704 1231 771; x_wconf 81' lang='grc' dir='ltr'>δικαστάς</span> <span class='ocrx_word' id='word_1_33' title='bbox 1267 707 1362 760; x_wconf 79' lang='grc' dir='ltr'><strong>καὶ</strong></span> <span class='ocrx_word' id='word_1_34' title='bbox 1396 707 1448 760; x_wconf 87' lang='grc' dir='ltr'><strong>τί</strong></span> <span class='ocrx_word' id='word_1_35' title='bbox 1477 708 1523 761; x_wconf 76' lang='grc' dir='ltr'>δ’</span> <span class='ocrx_word' id='word_1_36' title='bbox 1546 708 1611 760; x_wconf 82' lang='grc' dir='ltr'>ἄν</span> <span class='ocrx_word' id='word_1_37' title='bbox 1644 726 1727 771; x_wconf 90' lang='grc' dir='ltr'><strong>τις</strong></span> 
     </span>
    </p>
   </div>
   <div class='ocr_carea' id='block_1_8' title="bbox 153 788 1725 869">
    <p class='ocr_par' dir='ltr' id='par_1_8' title="bbox 153 788 1725 869">
     <span class='ocr_line' id='line_1_8' title="bbox 153 788 1725 869; baseline 0.01 -30"><span class='ocrx_word' id='word_1_38' title='bbox 153 788 524 859; x_wconf 68' lang='grc' dir='ltr'><strong>συνετώτερον</strong></span> <span class='ocrx_word' id='word_1_39' title='bbox 574 793 843 863; x_wconf 81' lang='grc' dir='ltr'><strong>δράσειεν,</strong></span> <span class='ocrx_word' id='word_1_40' title='bbox 893 796 930 869; x_wconf 65' lang='grc' dir='ltr'>ᾖ</span> <span class='ocrx_word' id='word_1_41' title='bbox 988 795 1049 848; x_wconf 82' lang='grc' dir='ltr'>τὸ</span> <span class='ocrx_word' id='word_1_42' title='bbox 1088 796 1163 866; x_wconf 84' lang='grc' dir='ltr'>μὴ</span> <span class='ocrx_word' id='word_1_43' title='bbox 1210 798 1498 853; x_wconf 87' lang='grc' dir='ltr'>πείθεσθαι</span> <span class='ocrx_word' id='word_1_44' title='bbox 1545 800 1725 864; x_wconf 88' lang='grc' dir='ltr'>λίθους</span> 
     </span>
    </p>
   </div>
   <div class='ocr_carea' id='block_1_9' title="bbox 148 877 1728 961">
    <p class='ocr_par' dir='ltr' id='par_1_9' title="bbox 148 877 1728 961">
     <span class='ocr_line' id='line_1_9' title="bbox 148 877 1728 961; baseline 0.011 -32"><span class='ocrx_word' id='word_1_45' title='bbox 148 877 393 946; x_wconf 69' lang='grc' dir='ltr'>ἀψύχους</span> <span class='ocrx_word' id='word_1_46' title='bbox 426 898 483 933; x_wconf 87' lang='grc' dir='ltr'><strong>τε</strong></span> <span class='ocrx_word' id='word_1_47' title='bbox 512 883 607 936; x_wconf 78' lang='grc' dir='ltr'><strong>καὶ</strong></span> <span class='ocrx_word' id='word_1_48' title='bbox 636 886 851 951; x_wconf 73' lang='grc' dir='ltr'>κωφοὺς</span> <span class='ocrx_word' id='word_1_49' title='bbox 880 886 1133 953; x_wconf 78' lang='grc' dir='ltr'>ἡγεῖσθαι</span> <span class='ocrx_word' id='word_1_50' title='bbox 1162 888 1353 954; x_wconf 86' lang='grc' dir='ltr'>θεούς;</span> <span class='ocrx_word' id='word_1_51' title='bbox 1386 890 1576 961; x_wconf 86' lang='grc' dir='ltr'>ὥσπερ</span> <span class='ocrx_word' id='word_1_52' title='bbox 1600 894 1728 946; x_wconf 63' lang='grc' dir='ltr'>τούς</span> 
     </span>
    </p>
   </div>
   <div class='ocr_carea' id='block_1_10' title="bbox 150 972 1727 1049">
    <p class='ocr_par' dir='ltr' id='par_1_10' title="bbox 150 972 1727 1049">
     <span class='ocr_line' id='line_1_10' title="bbox 150 972 1727 1049; baseline 0.009 -28"><span class='ocrx_word' id='word_1_53' title='bbox 150 972 366 1023; x_wconf 89' lang='grc' dir='ltr'>ναντίον</span> <span class='ocrx_word' id='word_1_54' title='bbox 414 973 472 1023; x_wconf 83' lang='grc' dir='ltr'>τὸ</span> <span class='ocrx_word' id='word_1_55' title='bbox 505 973 790 1026; x_wconf 85' lang='grc' dir='ltr'>πείθεσθαι</span> <span class='ocrx_word' id='word_1_56' title='bbox 840 977 1031 1041; x_wconf 80' lang='grc' dir='ltr'><strong>ἀνοίας</strong></span> <span class='ocrx_word' id='word_1_57' title='bbox 1073 980 1193 1031; x_wconf 75' lang='grc' dir='ltr'>ἐστὶ</span> <span class='ocrx_word' id='word_1_58' title='bbox 1227 982 1447 1049; x_wconf 72' lang='grc' dir='ltr'>μεστὸν,</span> <span class='ocrx_word' id='word_1_59' title='bbox 1482 984 1574 1035; x_wconf 73' lang='grc' dir='ltr'><strong>καὶ</strong></span> <span class='ocrx_word' id='word_1_60' title='bbox 1606 983 1727 1037; x_wconf 63' lang='grc' dir='ltr'>οὐδὲ</span> 
     </span>
    </p>
   </div>
   <div class='ocr_carea' id='block_1_11' title="bbox 152 1062 1728 1142">
    <p class='ocr_par' dir='ltr' id='par_1_11' title="bbox 152 1062 1728 1142">
     <span class='ocr_line' id='line_1_11' title="bbox 152 1062 1728 1142; baseline 0.01 -31"><span class='ocrx_word' id='word_1_61' title='bbox 152 1062 357 1129; x_wconf 87' lang='grc' dir='ltr'>μανίας</span> <span class='ocrx_word' id='word_1_62' title='bbox 416 1064 720 1134; x_wconf 73' lang='grc' dir='ltr'>ἐλεύθερον.</span> <span class='ocrx_word' id='word_1_63' title='bbox 780 1066 1089 1135; x_wconf 79' lang='grc' dir='ltr'>Ὀργισοεὶς</span> <span class='ocrx_word' id='word_1_64' title='bbox 1142 1071 1234 1123; x_wconf 80' lang='grc' dir='ltr'><strong>ἐπὶ</strong></span> <span class='ocrx_word' id='word_1_65' title='bbox 1281 1076 1394 1134; x_wconf 88' lang='grc' dir='ltr'>τοῖς</span> <span class='ocrx_word' id='word_1_66' title='bbox 1428 1073 1728 1142; x_wconf 72' lang='grc' dir='ltr'>ῥηθεῖσινό</span> 
     </span>
    </p>
   </div>
   <div class='ocr_carea' id='block_1_12' title="bbox 152 1154 1723 1232">
    <p class='ocr_par' dir='ltr' id='par_1_12' title="bbox 152 1154 1723 1232">
     <span class='ocr_line' id='line_1_12' title="bbox 152 1154 1723 1232; baseline 0.01 -29"><span class='ocrx_word' id='word_1_67' title='bbox 152 1154 465 1222; x_wconf 78' lang='grc' dir='ltr'>τύραννος,</span> <span class='ocrx_word' id='word_1_68' title='bbox 528 1158 665 1225; x_wconf 80' lang='grc' dir='ltr'>πρὸς</span> <span class='ocrx_word' id='word_1_69' title='bbox 716 1160 1040 1227; x_wconf 80' lang='grc' dir='ltr'>καινοτέραν</span> <span class='ocrx_word' id='word_1_70' title='bbox 1090 1162 1354 1230; x_wconf 79' lang='grc' dir='ltr'>τρέπεται</span> <span class='ocrx_word' id='word_1_71' title='bbox 1418 1167 1723 1232; x_wconf 82' lang='grc' dir='ltr'><strong>τιμωρίαν·</strong></span> 
     </span>
    </p>
   </div>
   <div class='ocr_carea' id='block_1_13' title="bbox 150 1241 1729 1321">
    <p class='ocr_par' dir='ltr' id='par_1_13' title="bbox 150 1241 1729 1321">
     <span class='ocr_line' id='line_1_13' title="bbox 150 1241 1729 1321; baseline 0.01 -29"><span class='ocrx_word' id='word_1_72' title='bbox 150 1241 291 1295; x_wconf 81' lang='grc' dir='ltr'>λίθοι</span> <span class='ocrx_word' id='word_1_73' title='bbox 331 1244 387 1297; x_wconf 87' lang='grc' dir='ltr'>δὲ</span> <span class='ocrx_word' id='word_1_74' title='bbox 414 1245 509 1297; x_wconf 73' lang='grc' dir='ltr'><strong>καὶ</strong></span> <span class='ocrx_word' id='word_1_75' title='bbox 538 1246 759 1315; x_wconf 85' lang='grc' dir='ltr'>σίδηρος</span> <span class='ocrx_word' id='word_1_76' title='bbox 786 1247 886 1316; x_wconf 77' lang='grc' dir='ltr'>τὴν</span> <span class='ocrx_word' id='word_1_77' title='bbox 907 1248 1165 1319; x_wconf 77' lang='grc' dir='ltr'><strong>τοιαύτην</strong></span> <span class='ocrx_word' id='word_1_78' title='bbox 1193 1251 1424 1321; x_wconf 80' lang='grc' dir='ltr'>βάσανον</span> <span class='ocrx_word' id='word_1_79' title='bbox 1448 1253 1729 1308; x_wconf 82' lang='grc' dir='ltr'>διεσκεύα-</span> 
     </span>
    </p>
   </div>
   <div class='ocr_carea' id='block_1_14' title="bbox 149 1332 1726 1415">
    <p class='ocr_par' dir='ltr' id='par_1_14' title="bbox 149 1332 1726 1415">
     <span class='ocr_line' id='line_1_14' title="bbox 149 1332 1726 1415; baseline 0.01 -30"><span class='ocrx_word' id='word_1_80' title='bbox 149 1332 265 1396; x_wconf 83' lang='grc' dir='ltr'>ζον,</span> <span class='ocrx_word' id='word_1_81' title='bbox 298 1336 349 1387; x_wconf 91' lang='grc' dir='ltr'><strong>οί</strong></span> <span class='ocrx_word' id='word_1_82' title='bbox 386 1337 484 1403; x_wconf 71' lang='grc' dir='ltr'>μὲν</span> <span class='ocrx_word' id='word_1_83' title='bbox 516 1336 623 1389; x_wconf 85' lang='grc' dir='ltr'><strong>τῶν</strong></span> <span class='ocrx_word' id='word_1_84' title='bbox 645 1340 1033 1406; x_wconf 81' lang='grc' dir='ltr'>τιμωρητικῶν</span> <span class='ocrx_word' id='word_1_85' title='bbox 1065 1343 1313 1412; x_wconf 84' lang='grc' dir='ltr'>ὀργάνων</span> <span class='ocrx_word' id='word_1_86' title='bbox 1339 1346 1478 1398; x_wconf 86' lang='grc' dir='ltr'>κατά</span> <span class='ocrx_word' id='word_1_87' title='bbox 1513 1365 1575 1415; x_wconf 91' lang='grc' dir='ltr'><strong>γε</strong></span> <span class='ocrx_word' id='word_1_88' title='bbox 1625 1348 1726 1410; x_wconf 83' lang='grc' dir='ltr'><strong>τὰς</strong></span> 
     </span>
    </p>
   </div>
   <div class='ocr_carea' id='block_1_15' title="bbox 150 1425 1730 1510">
    <p class='ocr_par' dir='ltr' id='par_1_15' title="bbox 150 1425 1730 1510">
     <span class='ocr_line' id='line_1_15' title="bbox 150 1425 1730 1510; baseline 0.009 -34"><span class='ocrx_word' id='word_1_89' title='bbox 150 1426 358 1491; x_wconf 78' lang='grc' dir='ltr'>γωνίας</span> <span class='ocrx_word' id='word_1_90' title='bbox 392 1425 777 1496; x_wconf 77' lang='grc' dir='ltr'><strong>ἐξηρτημένοι,</strong></span> <span class='ocrx_word' id='word_1_91' title='bbox 811 1432 839 1483; x_wconf 88' lang='lat'><strong>6</strong></span> <span class='ocrx_word' id='word_1_92' title='bbox 876 1431 1094 1503; x_wconf 90' lang='grc' dir='ltr'>σίδηρος</span> <span class='ocrx_word' id='word_1_93' title='bbox 1130 1434 1184 1487; x_wconf 83' lang='grc' dir='ltr'>δὲ</span> <span class='ocrx_word' id='word_1_94' title='bbox 1215 1439 1279 1504; x_wconf 79' lang='grc' dir='ltr'><strong>τῇ</strong></span> <span class='ocrx_word' id='word_1_95' title='bbox 1311 1436 1418 1488; x_wconf 84' lang='grc' dir='ltr'><strong>τῶν</strong></span> <span class='ocrx_word' id='word_1_96' title='bbox 1450 1437 1612 1491; x_wconf 84' lang='grc' dir='ltr'>λίθων</span> <span class='ocrx_word' id='word_1_97' title='bbox 1640 1439 1730 1510; x_wconf 75' lang='grc' dir='ltr'>βίᾳ</span> 
     </span>
    </p>
   </div>
   <div class='ocr_carea' id='block_1_16' title="bbox 150 1517 1731 1597">
    <p class='ocr_par' dir='ltr' id='par_1_16' title="bbox 150 1517 1731 1597">
     <span class='ocr_line' id='line_1_16' title="bbox 150 1517 1731 1597; baseline 0.01 -27"><span class='ocrx_word' id='word_1_98' title='bbox 150 1517 263 1570; x_wconf 74' lang='grc' dir='ltr'>ἄνω</span> <span class='ocrx_word' id='word_1_99' title='bbox 299 1532 362 1568; x_wconf 82' lang='grc' dir='ltr'><strong>τε</strong></span> <span class='ocrx_word' id='word_1_100' title='bbox 411 1518 508 1569; x_wconf 74' lang='grc' dir='ltr'>καὶ</span> <span class='ocrx_word' id='word_1_101' title='bbox 560 1520 716 1573; x_wconf 82' lang='grc' dir='ltr'>κάτω</span> <span class='ocrx_word' id='word_1_102' title='bbox 753 1526 993 1594; x_wconf 82' lang='grc' dir='ltr'>συνεχῶς</span> <span class='ocrx_word' id='word_1_103' title='bbox 1025 1527 1467 1597; x_wconf 79' lang='grc' dir='ltr'><strong>περισπώμενος,</strong></span> <span class='ocrx_word' id='word_1_104' title='bbox 1501 1534 1731 1586; x_wconf 79' lang='grc' dir='ltr'>κατατέ-</span> 
     </span>
    </p>
   </div>
   <div class='ocr_carea' id='block_1_17' title="bbox 153 1609 1732 1696">
    <p class='ocr_par' dir='ltr' id='par_1_17' title="bbox 153 1609 1732 1696">
     <span class='ocr_line' id='line_1_17' title="bbox 153 1609 1732 1696; baseline 0.014 -39"><span class='ocrx_word' id='word_1_105' title='bbox 153 1625 309 1675; x_wconf 73' lang='grc' dir='ltr'>μνειν</span> <span class='ocrx_word' id='word_1_106' title='bbox 330 1609 475 1663; x_wconf 78' lang='grc' dir='ltr'>οὕτω</span> <span class='ocrx_word' id='word_1_107' title='bbox 498 1613 592 1665; x_wconf 77' lang='grc' dir='ltr'><strong>καὶ</strong></span> <span class='ocrx_word' id='word_1_108' title='bbox 618 1616 953 1685; x_wconf 84' lang='grc' dir='ltr'>σπαράττειν</span> <span class='ocrx_word' id='word_1_109' title='bbox 986 1614 1097 1689; x_wconf 73' lang='grc' dir='ltr'>εἶχε</span> <span class='ocrx_word' id='word_1_110' title='bbox 1131 1620 1190 1672; x_wconf 79' lang='grc' dir='ltr'>τὸ</span> <span class='ocrx_word' id='word_1_111' title='bbox 1210 1622 1369 1691; x_wconf 82' lang='grc' dir='ltr'>σῶμα</span> <span class='ocrx_word' id='word_1_112' title='bbox 1398 1625 1495 1692; x_wconf 81' lang='grc' dir='ltr'>τῆς</span> <span class='ocrx_word' id='word_1_113' title='bbox 1526 1627 1732 1696; x_wconf 84' lang='grc' dir='ltr'>μάρτυ-</span> 
     </span>
    </p>
   </div>
   <div class='ocr_carea' id='block_1_18' title="bbox 152 1697 1733 1787">
    <p class='ocr_par' dir='ltr' id='par_1_18' title="bbox 152 1697 1733 1787">
     <span class='ocr_line' id='line_1_18' title="bbox 152 1697 1733 1787; baseline 0.014 -34"><span class='ocrx_word' id='word_1_114' title='bbox 152 1717 266 1770; x_wconf 83' lang='grc' dir='ltr'>ρος.</span> <span class='ocrx_word' id='word_1_115' title='bbox 306 1701 399 1765; x_wconf 86' lang='grc' dir='ltr'>Ὠς</span> <span class='ocrx_word' id='word_1_116' title='bbox 428 1704 484 1756; x_wconf 85' lang='grc' dir='ltr'>δὲ</span> <span class='ocrx_word' id='word_1_117' title='bbox 519 1708 615 1760; x_wconf 72' lang='grc' dir='ltr'><strong>καὶ</strong></span> <span class='ocrx_word' id='word_1_118' title='bbox 648 1711 680 1779; x_wconf 78' lang='grc' dir='ltr'><strong>ἠ</strong></span> <span class='ocrx_word' id='word_1_119' title='bbox 716 1709 936 1773; x_wconf 79' lang='grc' dir='ltr'>κόλασις</span> <span class='ocrx_word' id='word_1_120' title='bbox 970 1697 1108 1783; x_wconf 81' lang='grc' dir='ltr'>αὕτη</span> <span class='ocrx_word' id='word_1_121' title='bbox 1138 1714 1445 1785; x_wconf 81' lang='grc' dir='ltr'>παρείληφε</span> <span class='ocrx_word' id='word_1_122' title='bbox 1475 1721 1574 1785; x_wconf 78' lang='grc' dir='ltr'>τὴν</span> <span class='ocrx_word' id='word_1_123' title='bbox 1610 1737 1733 1787; x_wconf 80' lang='grc' dir='ltr'>γεν-</span> 
     </span>
    </p>
   </div>
   <div class='ocr_carea' id='block_1_19' title="bbox 1830 623 3400 698">
    <p class='ocr_par' dir='ltr' id='par_1_19' title="bbox 1830 623 3400 698">
     <span class='ocr_line' id='line_1_19' title="bbox 1830 623 3400 698; baseline 0.003 -21"><span class='ocrx_word' id='word_1_124' title='bbox 1830 633 2011 678; x_wconf 87' lang='lat' dir='ltr'><strong>autem</strong></span> <span class='ocrx_word' id='word_1_125' title='bbox 2044 640 2058 677; x_wconf 91' lang='lat'><strong>:</strong></span> <span class='ocrx_word' id='word_1_126' title='bbox 2090 623 2320 688; x_wconf 86' lang='lat' dir='ltr'><strong>Suades,</strong></span> <span class='ocrx_word' id='word_1_127' title='bbox 2348 624 2545 695; x_wconf 89' lang='lat' dir='ltr'><strong>inquit,</strong></span> <span class='ocrx_word' id='word_1_128' title='bbox 2586 627 2765 691; x_wconf 87' lang='lat' dir='ltr'><strong>nobis,</strong></span> <span class='ocrx_word' id='word_1_129' title='bbox 2796 641 2829 681; x_wconf 95' lang='lat' dir='ltr'><strong>o</strong></span> <span class='ocrx_word' id='word_1_130' title='bbox 2869 625 3056 696; x_wconf 79' lang='lat' dir='ltr'><strong>iudex,</strong></span> <span class='ocrx_word' id='word_1_131' title='bbox 3095 638 3155 681; x_wconf 93' lang='lat' dir='ltr'><strong>ut</strong></span> <span class='ocrx_word' id='word_1_132' title='bbox 3198 627 3400 698; x_wconf 89' lang='lat' dir='ltr'><strong>aliquid</strong></span> 
     </span>
    </p>
   </div>
   <div class='ocr_carea' id='block_1_20' title="bbox 1830 717 3402 789">
    <p class='ocr_par' dir='ltr' id='par_1_20' title="bbox 1830 717 3402 789">
     <span class='ocr_line' id='line_1_20' title="bbox 1830 717 3402 789; baseline 0.003 -18"><span class='ocrx_word' id='word_1_133' title='bbox 1830 717 2104 787; x_wconf 86' lang='lat' dir='ltr'><strong>sapienter</strong></span> <span class='ocrx_word' id='word_1_134' title='bbox 2131 717 2400 773; x_wconf 84' lang='lat' dir='ltr'><strong>faciamus</strong></span> <span class='ocrx_word' id='word_1_135' title='bbox 2423 729 2523 774; x_wconf 67' lang='lat' dir='ltr'><strong>ret</strong></span> <span class='ocrx_word' id='word_1_136' title='bbox 2568 720 2830 789; x_wconf 80' lang='lat' dir='ltr'><strong>quidnam</strong></span> <span class='ocrx_word' id='word_1_137' title='bbox 2883 719 3074 775; x_wconf 82' lang='lat' dir='ltr'><strong>fecerit</strong></span> <span class='ocrx_word' id='word_1_138' title='bbox 3132 720 3402 789; x_wconf 85' lang='lat' dir='ltr'><strong>quispiam</strong></span> 
     </span>
    </p>
   </div>
   <div class='ocr_carea' id='block_1_21' title="bbox 1833 808 3404 881">
    <p class='ocr_par' dir='ltr' id='par_1_21' title="bbox 1833 808 3404 881">
     <span class='ocr_line' id='line_1_21' title="bbox 1833 808 3404 881; baseline 0.001 -18"><span class='ocrx_word' id='word_1_139' title='bbox 1833 808 2157 878; x_wconf 74' lang='lat' dir='ltr'><strong>sapientius,</strong></span> <span class='ocrx_word' id='word_1_140' title='bbox 2192 826 2353 879; x_wconf 90' lang='lat' dir='ltr'><strong>quam</strong></span> <span class='ocrx_word' id='word_1_141' title='bbox 2383 827 2492 865; x_wconf 90' lang='lat' dir='ltr'><strong>nou</strong></span> <span class='ocrx_word' id='word_1_142' title='bbox 2530 810 2874 881; x_wconf 80' lang='lat' dir='ltr'><strong>persuaderi,</strong></span> <span class='ocrx_word' id='word_1_143' title='bbox 2908 821 2967 866; x_wconf 92' lang='lat' dir='ltr'><strong>ut</strong></span> <span class='ocrx_word' id='word_1_144' title='bbox 2992 811 3200 881; x_wconf 85' lang='lat' dir='ltr'><strong>lapides</strong></span> <span class='ocrx_word' id='word_1_145' title='bbox 3231 811 3404 865; x_wconf 88' lang='lat' dir='ltr'><strong>inani-</strong></span> 
     </span>
    </p>
   </div>
   <div class='ocr_carea' id='block_1_22' title="bbox 1832 902 3403 974">
    <p class='ocr_par' dir='ltr' id='par_1_22' title="bbox 1832 902 3403 974">
     <span class='ocr_line' id='line_1_22' title="bbox 1832 902 3403 974; baseline 0.001 -18"><span class='ocrx_word' id='word_1_146' title='bbox 1832 916 1950 956; x_wconf 91' lang='lat' dir='ltr'><strong>mos</strong></span> <span class='ocrx_word' id='word_1_147' title='bbox 1994 910 2050 956; x_wconf 91' lang='lat' dir='ltr'><strong>et</strong></span> <span class='ocrx_word' id='word_1_148' title='bbox 2084 902 2300 967; x_wconf 91' lang='lat' dir='ltr'><strong>surdos,</strong></span> <span class='ocrx_word' id='word_1_149' title='bbox 2333 904 2468 958; x_wconf 85' lang='lat' dir='ltr'><strong>deos</strong></span> <span class='ocrx_word' id='word_1_150' title='bbox 2530 904 2803 959; x_wconf 74' lang='lat' dir='ltr'><strong>existimet</strong></span> <span class='ocrx_word' id='word_1_151' title='bbox 2836 904 3158 974; x_wconf 68' lang='lat' dir='ltr'><strong>iquomodo</strong></span> <span class='ocrx_word' id='word_1_152' title='bbox 3212 913 3403 958; x_wconf 91' lang='lat' dir='ltr'><strong>contra</strong></span> 
     </span>
    </p>
   </div>
   <div class='ocr_carea' id='block_1_23' title="bbox 1830 991 3407 1062">
    <p class='ocr_par' dir='ltr' id='par_1_23' title="bbox 1830 991 3407 1062">
     <span class='ocr_line' id='line_1_23' title="bbox 1830 991 3407 1062; baseline 0.002 -17"><span class='ocrx_word' id='word_1_153' title='bbox 1830 991 2165 1060; x_wconf 87' lang='lat' dir='ltr'><strong>persuaderi,</strong></span> <span class='ocrx_word' id='word_1_154' title='bbox 2220 993 2439 1062; x_wconf 89' lang='lat' dir='ltr'><strong>plenum</strong></span> <span class='ocrx_word' id='word_1_155' title='bbox 2502 1005 2586 1049; x_wconf 91' lang='lat' dir='ltr'><strong>est</strong></span> <span class='ocrx_word' id='word_1_156' title='bbox 2645 995 2895 1060; x_wconf 86' lang='lat' dir='ltr'><strong>stultitia,</strong></span> <span class='ocrx_word' id='word_1_157' title='bbox 2933 1005 2987 1050; x_wconf 83' lang='lat' dir='ltr'><strong>et</strong></span> <span class='ocrx_word' id='word_1_158' title='bbox 3018 1010 3120 1050; x_wconf 89' lang='lat' dir='ltr'><strong>nec</strong></span> <span class='ocrx_word' id='word_1_159' title='bbox 3170 994 3407 1050; x_wconf 86' lang='lat' dir='ltr'><strong>liberum</strong></span> 
     </span>
    </p>
   </div>
   <div class='ocr_carea' id='block_1_24' title="bbox 1830 1082 3409 1160">
    <p class='ocr_par' dir='ltr' id='par_1_24' title="bbox 1830 1082 3409 1160">
     <span class='ocr_line' id='line_1_24' title="bbox 1830 1082 3409 1160; baseline 0.005 -25"><span class='ocrx_word' id='word_1_160' title='bbox 1830 1082 2048 1151; x_wconf 89' lang='lat' dir='ltr'><strong>quidem</strong></span> <span class='ocrx_word' id='word_1_161' title='bbox 2104 1083 2172 1139; x_wconf 88' lang='lat' dir='ltr'><strong>ab</strong></span> <span class='ocrx_word' id='word_1_162' title='bbox 2232 1084 2465 1140; x_wconf 88' lang='lat' dir='ltr'><strong>insania.</strong></span> <span class='ocrx_word' id='word_1_163' title='bbox 2529 1086 2624 1141; x_wconf 85' lang='lat' dir='ltr'><strong>His</strong></span> <span class='ocrx_word' id='word_1_164' title='bbox 2698 1087 2857 1143; x_wconf 91' lang='lat' dir='ltr'><strong>dictis</strong></span> <span class='ocrx_word' id='word_1_165' title='bbox 2914 1088 2993 1142; x_wconf 90' lang='lat' dir='ltr'><strong>ira</strong></span> <span class='ocrx_word' id='word_1_166' title='bbox 3045 1088 3283 1157; x_wconf 86' lang='lat' dir='ltr'><strong>percitus</strong></span> <span class='ocrx_word' id='word_1_167' title='bbox 3330 1098 3409 1160; x_wconf 84' lang='lat' dir='ltr'><strong>ty-</strong></span> 
     </span>
    </p>
   </div>
   <div class='ocr_carea' id='block_1_25' title="bbox 1831 1177 3408 1253">
    <p class='ocr_par' dir='ltr' id='par_1_25' title="bbox 1831 1177 3408 1253">
     <span class='ocr_line' id='line_1_25' title="bbox 1831 1177 3408 1253; baseline 0.006 -26"><span class='ocrx_word' id='word_1_168' title='bbox 1831 1189 2064 1239; x_wconf 82' lang='lat' dir='ltr'><strong>rannus,</strong></span> <span class='ocrx_word' id='word_1_169' title='bbox 2096 1177 2163 1231; x_wconf 85' lang='lat' dir='ltr'><strong>ad</strong></span> <span class='ocrx_word' id='word_1_170' title='bbox 2185 1192 2386 1232; x_wconf 90' lang='lat' dir='ltr'><strong>novum</strong></span> <span class='ocrx_word' id='word_1_171' title='bbox 2416 1181 2760 1234; x_wconf 79' lang='lat' dir='ltr'><strong>convertitur</strong></span> <span class='ocrx_word' id='word_1_172' title='bbox 2790 1181 3145 1251; x_wconf 88' lang='lat' dir='ltr'><strong>supplicium.</strong></span> <span class='ocrx_word' id='word_1_173' title='bbox 3172 1182 3408 1253; x_wconf 82' lang='lat' dir='ltr'><strong>Lapides</strong></span> 
     </span>
    </p>
   </div>
   <div class='ocr_carea' id='block_1_26' title="bbox 1831 1270 3407 1329">
    <p class='ocr_par' dir='ltr' id='par_1_26' title="bbox 1831 1270 3407 1329">
     <span class='ocr_line' id='line_1_26' title="bbox 1831 1270 3407 1329; baseline 0.006 -11"><span class='ocrx_word' id='word_1_174' title='bbox 1831 1275 2013 1320; x_wconf 91' lang='lat' dir='ltr'><strong>autem</strong></span> <span class='ocrx_word' id='word_1_175' title='bbox 2038 1276 2094 1322; x_wconf 88' lang='lat' dir='ltr'><strong>et</strong></span> <span class='ocrx_word' id='word_1_176' title='bbox 2124 1270 2330 1324; x_wconf 80' lang='lat' dir='ltr'><strong>ferrum</strong></span> <span class='ocrx_word' id='word_1_177' title='bbox 2359 1271 2465 1325; x_wconf 85' lang='lat' dir='ltr'><strong>tale</strong></span> <span class='ocrx_word' id='word_1_178' title='bbox 2509 1280 2844 1327; x_wconf 85' lang='lat' dir='ltr'><strong>tormentum</strong></span> <span class='ocrx_word' id='word_1_179' title='bbox 2883 1274 3285 1329; x_wconf 79' lang='lat' dir='ltr'><strong>instruxerunt.</strong></span> <span class='ocrx_word' id='word_1_180' title='bbox 3325 1274 3407 1329; x_wconf 87' lang='lat' dir='ltr'><strong>Illi</strong></span> 
     </span>
    </p>
   </div>
   <div class='ocr_carea' id='block_1_27' title="bbox 1830 1358 3409 1437">
    <p class='ocr_par' dir='ltr' id='par_1_27' title="bbox 1830 1358 3409 1437">
     <span class='ocr_line' id='line_1_27' title="bbox 1830 1358 3409 1437; baseline 0.009 -29"><span class='ocrx_word' id='word_1_181' title='bbox 1830 1358 2048 1425; x_wconf 83' lang='lat' dir='ltr'><strong>quidem</strong></span> <span class='ocrx_word' id='word_1_182' title='bbox 2093 1376 2122 1414; x_wconf 86' lang='lat' dir='ltr'><strong>a</strong></span> <span class='ocrx_word' id='word_1_183' title='bbox 2165 1372 2564 1417; x_wconf 86' lang='lat' dir='ltr'><strong>tormentorum</strong></span> <span class='ocrx_word' id='word_1_184' title='bbox 2599 1364 2985 1421; x_wconf 87' lang='lat' dir='ltr'><strong>instrumentis</strong></span> <span class='ocrx_word' id='word_1_185' title='bbox 3028 1367 3279 1437; x_wconf 88' lang='lat' dir='ltr'><strong>suspensi</strong></span> <span class='ocrx_word' id='word_1_186' title='bbox 3311 1382 3409 1437; x_wconf 91' lang='lat' dir='ltr'><strong>per</strong></span> 
     </span>
    </p>
   </div>
   <div class='ocr_carea' id='block_1_28' title="bbox 1831 1450 3411 1529">
    <p class='ocr_par' dir='ltr' id='par_1_28' title="bbox 1831 1450 3411 1529">
     <span class='ocr_line' id='line_1_28' title="bbox 1831 1450 3411 1529; baseline 0.008 -28"><span class='ocrx_word' id='word_1_187' title='bbox 1831 1450 2077 1518; x_wconf 82' lang='lat' dir='ltr'><strong>angulos,</strong></span> <span class='ocrx_word' id='word_1_188' title='bbox 2131 1451 2337 1507; x_wconf 78' lang='lat' dir='ltr'><strong>ferrum</strong></span> <span class='ocrx_word' id='word_1_189' title='bbox 2391 1464 2573 1509; x_wconf 92' lang='lat' dir='ltr'><strong>autem</strong></span> <span class='ocrx_word' id='word_1_190' title='bbox 2634 1456 2892 1511; x_wconf 79' lang='lat' dir='ltr'><strong>violentia</strong></span> <span class='ocrx_word' id='word_1_191' title='bbox 2930 1457 3172 1526; x_wconf 88' lang='lat' dir='ltr'><strong>lapidum</strong></span> <span class='ocrx_word' id='word_1_192' title='bbox 3208 1472 3411 1529; x_wconf 84' lang='lat' dir='ltr'><strong>susque</strong></span> 
     </span>
    </p>
   </div>
   <div class='ocr_carea' id='block_1_29' title="bbox 1832 1542 3411 1619">
    <p class='ocr_par' dir='ltr' id='par_1_29' title="bbox 1832 1542 3411 1619">
     <span class='ocr_line' id='line_1_29' title="bbox 1832 1542 3411 1619; baseline 0.006 -24"><span class='ocrx_word' id='word_1_193' title='bbox 1832 1542 2007 1610; x_wconf 89' lang='lat' dir='ltr'><strong>deque</strong></span> <span class='ocrx_word' id='word_1_194' title='bbox 2055 1544 2274 1600; x_wconf 83' lang='lat' dir='ltr'><strong>assidue</strong></span> <span class='ocrx_word' id='word_1_195' title='bbox 2321 1554 2638 1612; x_wconf 84' lang='lat' dir='ltr'><strong>atlractum,</strong></span> <span class='ocrx_word' id='word_1_196' title='bbox 2683 1547 2759 1601; x_wconf 91' lang='lat' dir='ltr'><strong>sic</strong></span> <span class='ocrx_word' id='word_1_197' title='bbox 2840 1546 3151 1603; x_wconf 86' lang='lat' dir='ltr'><strong>lacerabant</strong></span> <span class='ocrx_word' id='word_1_198' title='bbox 3209 1564 3411 1619; x_wconf 77' lang='lat' dir='ltr'><strong>corpus</strong></span> 
     </span>
    </p>
   </div>
   <div class='ocr_carea' id='block_1_30' title="bbox 1832 1633 3408 1710">
    <p class='ocr_par' dir='ltr' id='par_1_30' title="bbox 1832 1633 3408 1710">
     <span class='ocr_line' id='line_1_30' title="bbox 1832 1633 3408 1710; baseline 0.007 -24"><span class='ocrx_word' id='word_1_199' title='bbox 1832 1633 2078 1702; x_wconf 77' lang='lat' dir='ltr'><strong>virginis.</strong></span> <span class='ocrx_word' id='word_1_200' title='bbox 2111 1633 2249 1688; x_wconf 89' lang='lat' dir='ltr'><strong>Cum</strong></span> <span class='ocrx_word' id='word_1_201' title='bbox 2304 1647 2485 1691; x_wconf 89' lang='lat' dir='ltr'><strong>autem</strong></span> <span class='ocrx_word' id='word_1_202' title='bbox 2529 1638 2610 1693; x_wconf 90' lang='lat' dir='ltr'><strong>sic</strong></span> <span class='ocrx_word' id='word_1_203' title='bbox 2676 1639 3018 1695; x_wconf 88' lang='lat' dir='ltr'><strong>cruciaretur</strong></span> <span class='ocrx_word' id='word_1_204' title='bbox 3068 1641 3240 1710; x_wconf 87' lang='lat' dir='ltr'><strong>virgo,</strong></span> <span class='ocrx_word' id='word_1_205' title='bbox 3303 1657 3408 1698; x_wconf 88' lang='lat' dir='ltr'><strong>nec</strong></span> 
     </span>
    </p>
   </div>
   <div class='ocr_carea' id='block_1_31' title="bbox 1835 1724 3407 1799">
    <p class='ocr_par' dir='ltr' id='par_1_31' title="bbox 1835 1724 3407 1799">
     <span class='ocr_line' id='line_1_31' title="bbox 1835 1724 3407 1799; baseline 0.008 -23"><span class='ocrx_word' id='word_1_206' title='bbox 1835 1724 2098 1779; x_wconf 90' lang='lat' dir='ltr'><strong>muliebre</strong></span> <span class='ocrx_word' id='word_1_207' title='bbox 2132 1726 2337 1795; x_wconf 88' lang='lat' dir='ltr'><strong>aliquid</strong></span> <span class='ocrx_word' id='word_1_208' title='bbox 2372 1742 2483 1796; x_wconf 74' lang='lat' dir='ltr'><strong>pra:</strong></span> <span class='ocrx_word' id='word_1_209' title='bbox 2516 1744 2573 1781; x_wconf 90' lang='lat' dir='ltr'><strong>se</strong></span> <span class='ocrx_word' id='word_1_210' title='bbox 2606 1729 2777 1784; x_wconf 75' lang='lat' dir='ltr'><strong>ferret</strong></span> <span class='ocrx_word' id='word_1_211' title='bbox 2829 1740 2921 1785; x_wconf 91' lang='lat' dir='ltr'><strong>aut</strong></span> <span class='ocrx_word' id='word_1_212' title='bbox 2975 1732 3261 1799; x_wconf 88' lang='lat' dir='ltr'><strong>illiberale,</strong></span> <span class='ocrx_word' id='word_1_213' title='bbox 3310 1734 3407 1789; x_wconf 89' lang='lat' dir='ltr'><strong>sed</strong></span> 
     </span>
    </p>
   </div>
   <div class='ocr_carea' id='block_1_32' title="bbox 151 1792 1725 1912">
    <p class='ocr_par' dir='ltr' id='par_1_32' title="bbox 151 1792 1725 1912">
     <span class='ocr_line' id='line_1_32' title="bbox 151 1792 1725 1879; baseline 0.015 -38"><span class='ocrx_word' id='word_1_214' title='bbox 151 1792 335 1858; x_wconf 90' lang='grc' dir='ltr'>ναίαν,</span> <span class='ocrx_word' id='word_1_215' title='bbox 378 1795 532 1848; x_wconf 78' lang='grc' dir='ltr'>οὐδὲν</span> <span class='ocrx_word' id='word_1_216' title='bbox 588 1800 904 1868; x_wconf 82' lang='grc' dir='ltr'>πάσχουσαν</span> <span class='ocrx_word' id='word_1_217' title='bbox 949 1806 1260 1871; x_wconf 85' lang='grc' dir='ltr'>γυναικεῖον</span> <span class='ocrx_word' id='word_1_218' title='bbox 1313 1808 1425 1861; x_wconf 77' lang='grc' dir='ltr'>οὐδ’</span> <span class='ocrx_word' id='word_1_219' title='bbox 1479 1812 1725 1879; x_wconf 76' lang='grc' dir='ltr'>ἀγεννὲς,</span> 
     </span>
     <span class='ocr_line' id='line_1_33' title="bbox 151 1882 1653 1912; baseline 0 0"><span class='ocrx_word' id='word_1_220' title='bbox 151 1882 284 1912; x_wconf 60' lang='grc' dir='ltr'><strong>Λὶὶιι</strong></span> <span class='ocrx_word' id='word_1_221' title='bbox 325 1885 417 1912; x_wconf 68' lang='grc' dir='ltr'><strong>υ-ὶ</strong></span> <span class='ocrx_word' id='word_1_222' title='bbox 455 1887 867 1912; x_wconf 64' lang='lat'><strong>1..-~.-..-:___.,</strong></span> <span class='ocrx_word' id='word_1_223' title='bbox 910 1894 923 1912; x_wconf 77' lang='grc' dir='ltr'><strong>ι</strong></span> <span class='ocrx_word' id='word_1_224' title='bbox 1104 1897 1129 1909; x_wconf 80' lang='grc'><strong><em>-</em></strong></span> <span class='ocrx_word' id='word_1_225' title='bbox 1173 1899 1197 1912; x_wconf 73' lang='grc'><strong>-</strong></span> <span class='ocrx_word' id='word_1_226' title='bbox 1225 1899 1237 1912; x_wconf 86' lang='grc'>.</span> <span class='ocrx_word' id='word_1_227' title='bbox 1264 1900 1283 1912; x_wconf 88' lang='grc'>.</span> <span class='ocrx_word' id='word_1_228' title='bbox 1364 1900 1385 1912; x_wconf 89' lang='grc'><strong>..</strong></span> <span class='ocrx_word' id='word_1_229' title='bbox 1631 1903 1653 1912; x_wconf 87' lang='grc'><strong>-</strong></span> 
     </span>
    </p>
   </div>
   <div class='ocr_carea' id='block_1_33' title="bbox 1831 1792 3408 1912">
    <p class='ocr_par' dir='ltr' id='par_1_33' title="bbox 1837 1792 3408 1890">
     <span class='ocr_line' id='line_1_34' title="bbox 1837 1792 3408 1890; baseline 0.009 -25"><span class='ocrx_word' id='word_1_230' title='bbox 1837 1813 1946 1867; x_wconf 89' lang='lat' dir='ltr'><strong>Deo</strong></span> <span class='ocrx_word' id='word_1_231' title='bbox 1977 1814 2142 1869; x_wconf 88' lang='lat' dir='ltr'><strong>etiam</strong></span> <span class='ocrx_word' id='word_1_232' title='bbox 2176 1792 2387 1884; x_wconf 38' lang='lat' dir='ltr'><strong>ageret—</strong></span> <span class='ocrx_word' id='word_1_233' title='bbox 2414 1819 2634 1886; x_wconf 87' lang='lat' dir='ltr'><strong>gratias,</strong></span> <span class='ocrx_word' id='word_1_234' title='bbox 2672 1831 2899 1889; x_wconf 88' lang='lat' dir='ltr'><strong>propter</strong></span> <span class='ocrx_word' id='word_1_235' title='bbox 2928 1836 3088 1890; x_wconf 90' lang='lat' dir='ltr'><strong>quem</strong></span> <span class='ocrx_word' id='word_1_236' title='bbox 3124 1823 3237 1879; x_wconf 68' lang='lat' dir='ltr'><strong>htec</strong></span> <span class='ocrx_word' id='word_1_237' title='bbox 3265 1822 3408 1879; x_wconf 78' lang='lat' dir='ltr'><strong>fere-</strong></span> 
     </span>
    </p>
   </div>
   <div class='ocr_carea' id='block_1_34' title="bbox 149 1882 1725 1986">
    <p class='ocr_par' dir='ltr' id='par_1_34' title="bbox 149 1882 1725 1972">
     <span class='ocr_line' id='line_1_35' title="bbox 149 1882 1725 1972; baseline 0.015 -38"><span class='ocrx_word' id='word_1_238' title='bbox 149 1882 286 1935; x_wconf 81' lang='grc' dir='ltr'>άλλά</span> <span class='ocrx_word' id='word_1_239' title='bbox 325 1885 421 1937; x_wconf 72' lang='grc' dir='ltr'>καὶ</span> <span class='ocrx_word' id='word_1_240' title='bbox 452 1887 829 1955; x_wconf 79' lang='grc' dir='ltr'>ὁμολογοῦσαν</span> <span class='ocrx_word' id='word_1_241' title='bbox 860 1894 1021 1963; x_wconf 80' lang='grc' dir='ltr'>χάριν</span> <span class='ocrx_word' id='word_1_242' title='bbox 1061 1897 1138 1967; x_wconf 83' lang='grc' dir='ltr'>τῷ</span> <span class='ocrx_word' id='word_1_243' title='bbox 1167 1899 1237 1953; x_wconf 86' lang='grc' dir='ltr'><strong>δι’</strong></span> <span class='ocrx_word' id='word_1_244' title='bbox 1259 1900 1317 1953; x_wconf 82' lang='grc' dir='ltr'>ὃν</span> <span class='ocrx_word' id='word_1_245' title='bbox 1361 1900 1521 1972; x_wconf 78' lang='grc' dir='ltr'>ἔφερε</span> <span class='ocrx_word' id='word_1_246' title='bbox 1556 1903 1725 1957; x_wconf 89' lang='grc' dir='ltr'>ταῦτα</span> 
     </span>
    </p>
   </div>
   <div class='ocr_carea' id='block_1_35' title="bbox 1831 1882 3410 1986">
    <p class='ocr_par' dir='ltr' id='par_1_35' title="bbox 1832 1909 3410 1986">
     <span class='ocr_line' id='line_1_36' title="bbox 1832 1909 3410 1986; baseline 0.008 -24"><span class='ocrx_word' id='word_1_247' title='bbox 1832 1909 1946 1969; x_wconf 87' lang='lat' dir='ltr'><strong>bat,</strong></span> <span class='ocrx_word' id='word_1_248' title='bbox 1981 1910 2211 1967; x_wconf 66' lang='lat' dir='ltr'><strong>defessa:</strong></span> <span class='ocrx_word' id='word_1_249' title='bbox 2259 1914 2477 1983; x_wconf 86' lang='lat' dir='ltr'><strong>quidem</strong></span> <span class='ocrx_word' id='word_1_250' title='bbox 2542 1927 2699 1971; x_wconf 90' lang='lat' dir='ltr'><strong>erant</strong></span> <span class='ocrx_word' id='word_1_251' title='bbox 2751 1917 3006 1973; x_wconf 90' lang='lat' dir='ltr'><strong>lictorum</strong></span> <span class='ocrx_word' id='word_1_252' title='bbox 3039 1934 3252 1986; x_wconf 91' lang='lat' dir='ltr'><strong>manus,</strong></span> <span class='ocrx_word' id='word_1_253' title='bbox 3286 1934 3410 1974; x_wconf 82' lang='lat' dir='ltr'><strong>ma-</strong></span> 
     </span>
    </p>
   </div>
   <div class='ocr_carea' id='block_1_36' title="bbox 150 1974 1724 2067">
    <p class='ocr_par' dir='ltr' id='par_1_36' title="bbox 150 1974 1724 2067">
     <span class='ocr_line' id='line_1_37' title="bbox 150 1974 1724 2067; baseline 0.015 -41"><span class='ocrx_word' id='word_1_254' title='bbox 150 1974 290 2044; x_wconf 82' lang='grc' dir='ltr'><strong>Θεῷ,</strong></span> <span class='ocrx_word' id='word_1_255' title='bbox 334 1978 528 2067; x_wconf 13' lang='grc' dir='ltr'>αίνμὲν</span> <span class='ocrx_word' id='word_1_256' title='bbox 549 1980 659 2031; x_wconf 82' lang='grc' dir='ltr'><strong>τῶν</strong></span> <span class='ocrx_word' id='word_1_257' title='bbox 692 1980 903 2049; x_wconf 89' lang='grc' dir='ltr'>δημίων</span> <span class='ocrx_word' id='word_1_258' title='bbox 941 1984 1150 2054; x_wconf 75' lang='grc' dir='ltr'>ἔκαμον</span> <span class='ocrx_word' id='word_1_259' title='bbox 1187 1993 1369 2062; x_wconf 81' lang='grc' dir='ltr'>χεῖρες</span> <span class='ocrx_word' id='word_1_260' title='bbox 1405 1996 1467 2063; x_wconf 79' lang='grc' dir='ltr'>τῇ</span> <span class='ocrx_word' id='word_1_261' title='bbox 1506 2002 1724 2067; x_wconf 80' lang='grc' dir='ltr'>μηχανῇ</span> 
     </span>
    </p>
   </div>
   <div class='ocr_carea' id='block_1_37' title="bbox 149 2066 1728 2155">
    <p class='ocr_par' dir='ltr' id='par_1_37' title="bbox 149 2066 1728 2155">
     <span class='ocr_line' id='line_1_38' title="bbox 149 2066 1728 2155; baseline 0.014 -37"><span class='ocrx_word' id='word_1_262' title='bbox 149 2066 277 2128; x_wconf 84' lang='grc' dir='ltr'>τοὺς</span> <span class='ocrx_word' id='word_1_263' title='bbox 331 2066 516 2133; x_wconf 79' lang='grc' dir='ltr'>λίθους</span> <span class='ocrx_word' id='word_1_264' title='bbox 559 2072 876 2138; x_wconf 77' lang='grc' dir='ltr'>ἑλκύουσαι,</span> <span class='ocrx_word' id='word_1_265' title='bbox 909 2073 961 2129; x_wconf 72' lang='grc' dir='ltr'>ὀί</span> <span class='ocrx_word' id='word_1_266' title='bbox 1014 2078 1151 2134; x_wconf 84' lang='grc' dir='ltr'>λίθοι</span> <span class='ocrx_word' id='word_1_267' title='bbox 1200 2082 1255 2135; x_wconf 84' lang='grc' dir='ltr'>δὲ</span> <span class='ocrx_word' id='word_1_268' title='bbox 1292 2084 1451 2137; x_wconf 86' lang='grc' dir='ltr'>πάλιν</span> <span class='ocrx_word' id='word_1_269' title='bbox 1505 2087 1567 2139; x_wconf 85' lang='grc' dir='ltr'><strong>ἐκ</strong></span> <span class='ocrx_word' id='word_1_270' title='bbox 1607 2066 1728 2155; x_wconf 81' lang='grc' dir='ltr'>βίας</span> 
     </span>
    </p>
   </div>
   <div class='ocr_carea' id='block_1_38' title="bbox 150 2155 1726 2246">
    <p class='ocr_par' dir='ltr' id='par_1_38' title="bbox 150 2155 1726 2246">
     <span class='ocr_line' id='line_1_39' title="bbox 150 2155 1726 2246; baseline 0.015 -39"><span class='ocrx_word' id='word_1_271' title='bbox 150 2155 463 2226; x_wconf 67' lang='grc' dir='ltr'>ἑλκόμενοι,</span> <span class='ocrx_word' id='word_1_272' title='bbox 506 2165 909 2235; x_wconf 78' lang='grc' dir='ltr'>συνετρίϐησάν</span> <span class='ocrx_word' id='word_1_273' title='bbox 942 2186 999 2221; x_wconf 88' lang='grc' dir='ltr'><strong>τε</strong></span> <span class='ocrx_word' id='word_1_274' title='bbox 1039 2174 1133 2223; x_wconf 78' lang='grc' dir='ltr'><strong>καὶ</strong></span> <span class='ocrx_word' id='word_1_275' title='bbox 1165 2174 1248 2236; x_wconf 90' lang='grc' dir='ltr'><strong>εἰς</strong></span> <span class='ocrx_word' id='word_1_276' title='bbox 1282 2176 1454 2245; x_wconf 83' lang='grc' dir='ltr'>μικρά</span> <span class='ocrx_word' id='word_1_277' title='bbox 1480 2176 1726 2246; x_wconf 87' lang='grc' dir='ltr'>διελύθη-</span> 
     </span>
    </p>
   </div>
   <div class='ocr_carea' id='block_1_39' title="bbox 153 2248 1727 2331">
    <p class='ocr_par' dir='ltr' id='par_1_39' title="bbox 153 2248 1727 2331">
     <span class='ocr_line' id='line_1_40' title="bbox 153 2248 1727 2331; baseline 0.015 -32"><span class='ocrx_word' id='word_1_278' title='bbox 153 2263 274 2304; x_wconf 88' lang='grc' dir='ltr'>σαν.</span> <span class='ocrx_word' id='word_1_279' title='bbox 313 2248 377 2303; x_wconf 82' lang='grc' dir='ltr'><em>Ἢ</em></span> <span class='ocrx_word' id='word_1_280' title='bbox 402 2251 465 2304; x_wconf 74' lang='grc' dir='ltr'>δὲ</span> <span class='ocrx_word' id='word_1_281' title='bbox 502 2254 716 2325; x_wconf 79' lang='grc' dir='ltr'>μάρτυς</span> <span class='ocrx_word' id='word_1_282' title='bbox 774 2259 991 2331; x_wconf 78' lang='grc' dir='ltr'>ἀπαθὴς</span> <span class='ocrx_word' id='word_1_283' title='bbox 1054 2261 1190 2327; x_wconf 84' lang='grc' dir='ltr'>ὅλως</span> <span class='ocrx_word' id='word_1_284' title='bbox 1248 2267 1308 2318; x_wconf 75' lang='grc' dir='ltr'>ὲν</span> <span class='ocrx_word' id='word_1_285' title='bbox 1363 2267 1572 2331; x_wconf 79' lang='grc' dir='ltr'>τούτοις</span> <span class='ocrx_word' id='word_1_286' title='bbox 1628 2270 1727 2322; x_wconf 82' lang='grc' dir='ltr'><strong>ἑω-</strong></span> 
     </span>
    </p>
   </div>
   <div class='ocr_carea' id='block_1_40' title="bbox 152 2342 307 2408">
    <p class='ocr_par' dir='ltr' id='par_1_40' title="bbox 152 2342 307 2408">
     <span class='ocr_line' id='line_1_41' title="bbox 152 2342 307 2408; baseline 0.019 -16"><span class='ocrx_word' id='word_1_287' title='bbox 152 2342 307 2408; x_wconf 67' lang='lat' dir='ltr'><strong>piro.</strong></span> 
     </span>
    </p>
   </div>
   <div class='ocr_carea' id='block_1_41' title="bbox 224 2433 1730 2524">
    <p class='ocr_par' dir='ltr' id='par_1_41' title="bbox 224 2433 1730 2524">
     <span class='ocr_line' id='line_1_42' title="bbox 224 2433 1730 2524; baseline 0.016 -38"><span class='ocrx_word' id='word_1_288' title='bbox 224 2433 331 2524; x_wconf 65' lang='lat' dir='ltr'><strong>lA&#39;:</strong></span> <span class='ocrx_word' id='word_1_289' title='bbox 376 2435 515 2488; x_wconf 81' lang='grc' dir='ltr'>Ἀλλ’</span> <span class='ocrx_word' id='word_1_290' title='bbox 549 2437 671 2491; x_wconf 67' lang='grc' dir='ltr'>οὐδὲ</span> <span class='ocrx_word' id='word_1_291' title='bbox 704 2439 875 2504; x_wconf 76' lang='grc' dir='ltr'>οὕτως</span> <span class='ocrx_word' id='word_1_292' title='bbox 904 2445 931 2496; x_wconf 84' lang='lat'><strong>6</strong></span> <span class='ocrx_word' id='word_1_293' title='bbox 956 2446 1198 2517; x_wconf 84' lang='grc' dir='ltr'>Πρίσκος</span> <span class='ocrx_word' id='word_1_294' title='bbox 1224 2450 1324 2520; x_wconf 81' lang='grc' dir='ltr'>τῆς</span> <span class='ocrx_word' id='word_1_295' title='bbox 1346 2454 1513 2524; x_wconf 76' lang='grc' dir='ltr'>ὀργῆς</span> <span class='ocrx_word' id='word_1_296' title='bbox 1544 2455 1730 2524; x_wconf 90' lang='grc' dir='ltr'>κρείσ-</span> 
     </span>
    </p>
   </div>
   <div class='ocr_carea' id='block_1_42' title="bbox 150 2522 1728 2614">
    <p class='ocr_par' dir='ltr' id='par_1_42' title="bbox 150 2522 1728 2614">
     <span class='ocr_line' id='line_1_43' title="bbox 150 2522 1728 2614; baseline 0.016 -38"><span class='ocrx_word' id='word_1_297' title='bbox 150 2540 261 2578; x_wconf 88' lang='grc' dir='ltr'><strong>σων</strong></span> <span class='ocrx_word' id='word_1_298' title='bbox 302 2522 372 2596; x_wconf 78' lang='grc' dir='ltr'>ἦν</span> <span class='ocrx_word' id='word_1_299' title='bbox 408 2528 502 2580; x_wconf 80' lang='grc' dir='ltr'><strong>καὶ</strong></span> <span class='ocrx_word' id='word_1_300' title='bbox 532 2529 642 2581; x_wconf 81' lang='grc' dir='ltr'><strong>τῶν</strong></span> <span class='ocrx_word' id='word_1_301' title='bbox 672 2531 970 2599; x_wconf 75' lang='grc' dir='ltr'>κολάσεων,</span> <span class='ocrx_word' id='word_1_302' title='bbox 1000 2536 1174 2593; x_wconf 86' lang='grc' dir='ltr'>δεινὸν</span> <span class='ocrx_word' id='word_1_303' title='bbox 1204 2542 1301 2611; x_wconf 82' lang='grc' dir='ltr'>μὲν</span> <span class='ocrx_word' id='word_1_304' title='bbox 1333 2522 1475 2597; x_wconf 79' lang='grc' dir='ltr'>είναι</span> <span class='ocrx_word' id='word_1_305' title='bbox 1518 2522 1611 2597; x_wconf 74' lang='grc' dir='ltr'><strong>καὶ</strong></span> <span class='ocrx_word' id='word_1_306' title='bbox 1639 2564 1728 2614; x_wconf 91' lang='grc' dir='ltr'>γε-</span> 
     </span>
    </p>
   </div>
   <div class='ocr_carea' id='block_1_43' title="bbox 148 2614 1727 2704">
    <p class='ocr_par' dir='ltr' id='par_1_43' title="bbox 148 2614 1727 2704">
     <span class='ocr_line' id='line_1_44' title="bbox 148 2614 1727 2704; baseline 0.015 -39"><span class='ocrx_word' id='word_1_307' title='bbox 148 2614 293 2668; x_wconf 82' lang='grc' dir='ltr'>λοῖον</span> <span class='ocrx_word' id='word_1_308' title='bbox 322 2616 648 2686; x_wconf 75' lang='grc' dir='ltr'>ἡγούμενος,</span> <span class='ocrx_word' id='word_1_309' title='bbox 673 2623 720 2674; x_wconf 87' lang='grc' dir='ltr'><strong>εί</strong></span> <span class='ocrx_word' id='word_1_310' title='bbox 745 2627 1005 2690; x_wconf 70' lang='grc' dir='ltr'>γυναικὸς</span> <span class='ocrx_word' id='word_1_311' title='bbox 1027 2626 1206 2698; x_wconf 81' lang='grc' dir='ltr'>ἥττων</span> <span class='ocrx_word' id='word_1_312' title='bbox 1233 2632 1444 2703; x_wconf 84' lang='grc' dir='ltr'>ὀφθείη.</span> <span class='ocrx_word' id='word_1_313' title='bbox 1490 2636 1727 2704; x_wconf 77' lang='grc' dir='ltr'>Ἀγνοῶν</span> 
     </span>
    </p>
   </div>
   <div class='ocr_carea' id='block_1_44' title="bbox 148 2704 1727 2795">
    <p class='ocr_par' dir='ltr' id='par_1_44' title="bbox 148 2704 1727 2795">
     <span class='ocr_line' id='line_1_45' title="bbox 148 2704 1727 2795; baseline 0.016 -39"><span class='ocrx_word' id='word_1_314' title='bbox 148 2704 211 2795; x_wconf 12' lang='grc' dir='ltr'>δὲ,</span> <span class='ocrx_word' id='word_1_315' title='bbox 233 2707 556 2779; x_wconf 77' lang='grc' dir='ltr'>παράφορος</span> <span class='ocrx_word' id='word_1_316' title='bbox 590 2710 666 2774; x_wconf 83' lang='grc' dir='ltr'><strong>ὡς</strong></span> <span class='ocrx_word' id='word_1_317' title='bbox 695 2714 815 2785; x_wconf 81' lang='grc' dir='ltr'>οὐχὶ</span> <span class='ocrx_word' id='word_1_318' title='bbox 853 2716 929 2786; x_wconf 84' lang='grc' dir='ltr'>τῷ</span> <span class='ocrx_word' id='word_1_319' title='bbox 955 2718 1240 2788; x_wconf 77' lang='grc' dir='ltr'>βιάζεσθαι</span> <span class='ocrx_word' id='word_1_320' title='bbox 1278 2726 1563 2795; x_wconf 84' lang='grc' dir='ltr'>κρείττων,</span> <span class='ocrx_word' id='word_1_321' title='bbox 1592 2729 1727 2782; x_wconf 75' lang='grc' dir='ltr'>ἀλλὰ</span> 
     </span>
    </p>
   </div>
   <div class='ocr_carea' id='block_1_45' title="bbox 149 2794 1728 2891">
    <p class='ocr_par' dir='ltr' id='par_1_45' title="bbox 149 2794 1728 2891">
     <span class='ocr_line' id='line_1_46' title="bbox 149 2794 1728 2891; baseline 0.018 -45"><span class='ocrx_word' id='word_1_322' title='bbox 149 2794 225 2862; x_wconf 79' lang='grc' dir='ltr'>τῷ</span> <span class='ocrx_word' id='word_1_323' title='bbox 258 2797 336 2865; x_wconf 75' lang='grc' dir='ltr'>μὴ</span> <span class='ocrx_word' id='word_1_324' title='bbox 386 2800 596 2857; x_wconf 86' lang='grc' dir='ltr'>πείθειν</span> <span class='ocrx_word' id='word_1_325' title='bbox 648 2806 849 2875; x_wconf 81' lang='grc' dir='ltr'>μᾶλλον</span> <span class='ocrx_word' id='word_1_326' title='bbox 881 2810 1093 2880; x_wconf 76' lang='grc' dir='ltr'>ἑωρᾶτο</span> <span class='ocrx_word' id='word_1_327' title='bbox 1128 2794 1503 2884; x_wconf 68' lang='grc' dir='ltr'>νενικημένος,</span> <span class='ocrx_word' id='word_1_328' title='bbox 1538 2819 1728 2891; x_wconf 85' lang='grc' dir='ltr'>ὥσπερ</span> 
     </span>
    </p>
   </div>
   <div class='ocr_carea' id='block_1_46' title="bbox 148 2887 1724 2979">
    <p class='ocr_par' dir='ltr' id='par_1_46' title="bbox 148 2887 1724 2979">
     <span class='ocr_line' id='line_1_47' title="bbox 148 2887 1724 2979; baseline 0.016 -41"><span class='ocrx_word' id='word_1_329' title='bbox 148 2887 461 2945; x_wconf 76' lang='grc' dir='ltr'>τούναντίον</span> <span class='ocrx_word' id='word_1_330' title='bbox 492 2895 523 2963; x_wconf 80' lang='grc' dir='ltr'><strong>ὴ</strong></span> <span class='ocrx_word' id='word_1_331' title='bbox 550 2896 761 2966; x_wconf 83' lang='grc' dir='ltr'>μάρτυς</span> <span class='ocrx_word' id='word_1_332' title='bbox 806 2900 884 2970; x_wconf 83' lang='grc' dir='ltr'><strong>τῷ</strong></span> <span class='ocrx_word' id='word_1_333' title='bbox 913 2901 987 2972; x_wconf 81' lang='grc' dir='ltr'>μὴ</span> <span class='ocrx_word' id='word_1_334' title='bbox 1026 2904 1131 2955; x_wconf 87' lang='grc' dir='ltr'>τῶν</span> <span class='ocrx_word' id='word_1_335' title='bbox 1165 2905 1417 2974; x_wconf 83' lang='grc' dir='ltr'>βασάνων</span> <span class='ocrx_word' id='word_1_336' title='bbox 1440 2887 1724 2979; x_wconf 73' lang='grc' dir='ltr'>ἡττᾶσθαι,</span> 
     </span>
    </p>
   </div>
   <div class='ocr_carea' id='block_1_47' title="bbox 149 2980 1727 3069">
    <p class='ocr_par' dir='ltr' id='par_1_47' title="bbox 149 2980 1727 3069">
     <span class='ocr_line' id='line_1_48' title="bbox 149 2980 1727 3069; baseline 0.016 -37"><span class='ocrx_word' id='word_1_337' title='bbox 149 2980 247 3050; x_wconf 77' lang='grc' dir='ltr'>τὴν</span> <span class='ocrx_word' id='word_1_338' title='bbox 292 2984 454 3051; x_wconf 85' lang='grc' dir='ltr'>νίκην</span> <span class='ocrx_word' id='word_1_339' title='bbox 498 2986 687 3055; x_wconf 69' lang='grc' dir='ltr'>ἤρατο.</span> <span class='ocrx_word' id='word_1_340' title='bbox 745 2992 1087 3061; x_wconf 82' lang='grc' dir='ltr'>Προστάττει</span> <span class='ocrx_word' id='word_1_341' title='bbox 1141 2999 1433 3069; x_wconf 81' lang='grc' dir='ltr'>τοιγαροῦν</span> <span class='ocrx_word' id='word_1_342' title='bbox 1492 3004 1631 3056; x_wconf 84' lang='grc' dir='ltr'><strong>κατὰ</strong></span> <span class='ocrx_word' id='word_1_343' title='bbox 1669 3006 1727 3058; x_wconf 75' lang='grc' dir='ltr'>τὸ</span> 
     </span>
    </p>
   </div>
   <div class='ocr_carea' id='block_1_48' title="bbox 150 3074 1725 3167">
    <p class='ocr_par' dir='ltr' id='par_1_48' title="bbox 150 3074 1725 3167">
     <span class='ocr_line' id='line_1_49' title="bbox 150 3074 1725 3167; baseline 0.017 -43"><span class='ocrx_word' id='word_1_344' title='bbox 150 3074 244 3127; x_wconf 90' lang='grc' dir='ltr'><strong>τοῦ</strong></span> <span class='ocrx_word' id='word_1_345' title='bbox 287 3077 507 3129; x_wconf 82' lang='grc' dir='ltr'>σταδίου</span> <span class='ocrx_word' id='word_1_346' title='bbox 555 3083 912 3151; x_wconf 79' lang='grc' dir='ltr'>μεσαίτατον,</span> <span class='ocrx_word' id='word_1_347' title='bbox 966 3087 1168 3143; x_wconf 79' lang='grc' dir='ltr'>λάκκον</span> <span class='ocrx_word' id='word_1_348' title='bbox 1217 3092 1480 3164; x_wconf 81' lang='grc' dir='ltr'>ὀρυγῆναι</span> <span class='ocrx_word' id='word_1_349' title='bbox 1528 3098 1725 3167; x_wconf 73' lang='grc' dir='ltr'>μέγαν,</span> 
     </span>
    </p>
   </div>
   <div class='ocr_carea' id='block_1_49' title="bbox 1830 2001 3409 2080">
    <p class='ocr_par' dir='ltr' id='par_1_49' title="bbox 1830 2001 3409 2080">
     <span class='ocr_line' id='line_1_50' title="bbox 1830 2001 3409 2080; baseline 0.007 -26"><span class='ocrx_word' id='word_1_350' title='bbox 1830 2001 1992 2054; x_wconf 89' lang='lat' dir='ltr'><strong>china</strong></span> <span class='ocrx_word' id='word_1_351' title='bbox 2027 2001 2309 2059; x_wconf 87' lang='lat' dir='ltr'><strong>trahentes</strong></span> <span class='ocrx_word' id='word_1_352' title='bbox 2339 2006 2570 2075; x_wconf 84' lang='lat' dir='ltr'><strong>lapides,</strong></span> <span class='ocrx_word' id='word_1_353' title='bbox 2625 2024 2820 2064; x_wconf 88' lang='lat' dir='ltr'><strong>rursus</strong></span> <span class='ocrx_word' id='word_1_354' title='bbox 2860 2025 2989 2065; x_wconf 90' lang='lat' dir='ltr'><strong>vero</strong></span> <span class='ocrx_word' id='word_1_355' title='bbox 3023 2010 3254 2080; x_wconf 90' lang='lat' dir='ltr'><strong>lapides,</strong></span> <span class='ocrx_word' id='word_1_356' title='bbox 3312 2012 3409 2080; x_wconf 90' lang='lat' dir='ltr'><strong>qui</strong></span> 
     </span>
    </p>
   </div>
   <div class='ocr_carea' id='block_1_50' title="bbox 1829 2087 3412 2161">
    <p class='ocr_par' dir='ltr' id='par_1_50' title="bbox 1829 2087 3412 2161">
     <span class='ocr_line' id='line_1_51' title="bbox 1829 2087 3412 2161; baseline 0.008 -19"><span class='ocrx_word' id='word_1_357' title='bbox 1829 2087 1881 2142; x_wconf 90' lang='lat' dir='ltr'><strong>vi</strong></span> <span class='ocrx_word' id='word_1_358' title='bbox 1914 2088 2288 2157; x_wconf 81' lang='lat' dir='ltr'><strong>trahebantur,</strong></span> <span class='ocrx_word' id='word_1_359' title='bbox 2323 2096 2547 2147; x_wconf 89' lang='lat' dir='ltr'><strong>contriti</strong></span> <span class='ocrx_word' id='word_1_360' title='bbox 2594 2106 2793 2161; x_wconf 89' lang='lat' dir='ltr'><strong>erant,</strong></span> <span class='ocrx_word' id='word_1_361' title='bbox 2833 2107 2888 2152; x_wconf 90' lang='lat' dir='ltr'><strong>et</strong></span> <span class='ocrx_word' id='word_1_362' title='bbox 2946 2099 2999 2152; x_wconf 93' lang='lat' dir='ltr'><strong>in</strong></span> <span class='ocrx_word' id='word_1_363' title='bbox 3035 2100 3244 2155; x_wconf 86' lang='lat' dir='ltr'><strong>minuta</strong></span> <span class='ocrx_word' id='word_1_364' title='bbox 3304 2100 3412 2155; x_wconf 81' lang='lat' dir='ltr'><strong>fra-</strong></span> 
     </span>
    </p>
   </div>
   <div class='ocr_carea' id='block_1_51' title="bbox 1826 2182 3411 2257">
    <p class='ocr_par' dir='ltr' id='par_1_51' title="bbox 1826 2182 3411 2257">
     <span class='ocr_line' id='line_1_52' title="bbox 1826 2182 3411 2257; baseline 0.008 -25"><span class='ocrx_word' id='word_1_365' title='bbox 1826 2186 2042 2249; x_wconf 87' lang='lat' dir='ltr'><strong>gmenta</strong></span> <span class='ocrx_word' id='word_1_366' title='bbox 2081 2182 2349 2237; x_wconf 82' lang='lat' dir='ltr'><strong>dissoluti.</strong></span> <span class='ocrx_word' id='word_1_367' title='bbox 2384 2185 2584 2257; x_wconf 77' lang='lat' dir='ltr'><strong>Martyr</strong></span> <span class='ocrx_word' id='word_1_368' title='bbox 2620 2197 2802 2244; x_wconf 90' lang='lat' dir='ltr'><strong>autem</strong></span> <span class='ocrx_word' id='word_1_369' title='bbox 2828 2189 2882 2244; x_wconf 90' lang='lat' dir='ltr'><strong>in</strong></span> <span class='ocrx_word' id='word_1_370' title='bbox 2924 2188 3011 2245; x_wconf 88' lang='lat' dir='ltr'><strong>his</strong></span> <span class='ocrx_word' id='word_1_371' title='bbox 3039 2192 3261 2247; x_wconf 91' lang='lat' dir='ltr'><strong>omnino</strong></span> <span class='ocrx_word' id='word_1_372' title='bbox 3293 2206 3411 2246; x_wconf 81' lang='lat' dir='ltr'><strong>cer-</strong></span> 
     </span>
    </p>
   </div>
   <div class='ocr_carea' id='block_1_52' title="bbox 1828 2270 2278 2331">
    <p class='ocr_par' dir='ltr' id='par_1_52' title="bbox 1828 2270 2278 2331">
     <span class='ocr_line' id='line_1_53' title="bbox 1828 2270 2278 2331; baseline 0.016 -8"><span class='ocrx_word' id='word_1_373' title='bbox 1828 2270 2060 2329; x_wconf 80' lang='lat' dir='ltr'><strong>nebatur</strong></span> <span class='ocrx_word' id='word_1_374' title='bbox 2088 2272 2278 2331; x_wconf 67' lang='lat' dir='ltr'><strong>illaesa.</strong></span> 
     </span>
    </p>
   </div>
   <div class='ocr_carea' id='block_1_53' title="bbox 1902 2451 3411 2529">
    <p class='ocr_par' dir='ltr' id='par_1_53' title="bbox 1902 2451 3411 2529">
     <span class='ocr_line' id='line_1_54' title="bbox 1902 2451 3411 2529; baseline 0.009 -19"><span class='ocrx_word' id='word_1_375' title='bbox 1902 2456 1993 2512; x_wconf 78' lang='lat' dir='ltr'><strong>XI.</strong></span> <span class='ocrx_word' id='word_1_376' title='bbox 2025 2451 2131 2511; x_wconf 86' lang='lat' dir='ltr'><strong>Sed</strong></span> <span class='ocrx_word' id='word_1_377' title='bbox 2165 2473 2233 2512; x_wconf 86' lang='lat' dir='ltr'><strong>ne</strong></span> <span class='ocrx_word' id='word_1_378' title='bbox 2266 2459 2342 2514; x_wconf 93' lang='lat' dir='ltr'><strong>sic</strong></span> <span class='ocrx_word' id='word_1_379' title='bbox 2388 2460 2611 2529; x_wconf 83' lang='lat' dir='ltr'><strong>quidem</strong></span> <span class='ocrx_word' id='word_1_380' title='bbox 2657 2459 2876 2519; x_wconf 86' lang='lat' dir='ltr'><strong>Priscus</strong></span> <span class='ocrx_word' id='word_1_381' title='bbox 2923 2463 3057 2519; x_wconf 91' lang='lat' dir='ltr'><strong>iram</strong></span> <span class='ocrx_word' id='word_1_382' title='bbox 3107 2464 3317 2521; x_wconf 87' lang='lat' dir='ltr'><strong>remisit</strong></span> <span class='ocrx_word' id='word_1_383' title='bbox 3358 2478 3411 2523; x_wconf 80' lang='lat' dir='ltr'><strong>et</strong></span> 
     </span>
    </p>
   </div>
   <div class='ocr_carea' id='block_1_54' title="bbox 1830 2549 3417 2621">
    <p class='ocr_par' dir='ltr' id='par_1_54' title="bbox 1830 2549 3417 2621">
     <span class='ocr_line' id='line_1_55' title="bbox 1830 2549 3417 2621; baseline 0.008 -22"><span class='ocrx_word' id='word_1_384' title='bbox 1830 2549 2123 2616; x_wconf 89' lang='lat' dir='ltr'><strong>supplicia,</strong></span> <span class='ocrx_word' id='word_1_385' title='bbox 2160 2566 2327 2619; x_wconf 87' lang='lat' dir='ltr'><strong>grave</strong></span> <span class='ocrx_word' id='word_1_386' title='bbox 2386 2554 2608 2621; x_wconf 86' lang='lat' dir='ltr'><strong>quidem</strong></span> <span class='ocrx_word' id='word_1_387' title='bbox 2640 2569 2762 2609; x_wconf 87' lang='lat' dir='ltr'><strong>esse</strong></span> <span class='ocrx_word' id='word_1_388' title='bbox 2796 2555 3069 2612; x_wconf 88' lang='lat' dir='ltr'><strong>arbitrans</strong></span> <span class='ocrx_word' id='word_1_389' title='bbox 3125 2568 3178 2611; x_wconf 91' lang='lat' dir='ltr'><strong>et</strong></span> <span class='ocrx_word' id='word_1_390' title='bbox 3207 2558 3417 2613; x_wconf 89' lang='lat' dir='ltr'><strong>ridicu-</strong></span> 
     </span>
    </p>
   </div>
   <div class='ocr_carea' id='block_1_55' title="bbox 1829 2639 3411 2716">
    <p class='ocr_par' dir='ltr' id='par_1_55' title="bbox 1829 2639 3411 2716">
     <span class='ocr_line' id='line_1_56' title="bbox 1829 2639 3411 2716; baseline 0.006 -24"><span class='ocrx_word' id='word_1_391' title='bbox 1829 2639 1964 2701; x_wconf 90' lang='lat' dir='ltr'><strong>lum,</strong></span> <span class='ocrx_word' id='word_1_392' title='bbox 1996 2639 2039 2693; x_wconf 91' lang='lat' dir='ltr'><strong>si</strong></span> <span class='ocrx_word' id='word_1_393' title='bbox 2072 2639 2350 2694; x_wconf 81' lang='lat' dir='ltr'><strong>videretur</strong></span> <span class='ocrx_word' id='word_1_394' title='bbox 2383 2644 2633 2712; x_wconf 89' lang='lat' dir='ltr'><strong>superari</strong></span> <span class='ocrx_word' id='word_1_395' title='bbox 2668 2659 2699 2698; x_wconf 76' lang='grc' dir='ltr'><strong>ιι</strong></span> <span class='ocrx_word' id='word_1_396' title='bbox 2726 2645 2947 2699; x_wconf 80' lang='lat' dir='ltr'><strong>femina.</strong></span> <span class='ocrx_word' id='word_1_397' title='bbox 2980 2645 3087 2703; x_wconf 85' lang='lat' dir='ltr'><strong>Sed</strong></span> <span class='ocrx_word' id='word_1_398' title='bbox 3118 2648 3411 2716; x_wconf 76' lang='lat' dir='ltr'><strong>ignorabat</strong></span> 
     </span>
    </p>
   </div>
   <div class='ocr_carea' id='block_1_56' title="bbox 1830 2732 3409 2810">
    <p class='ocr_par' dir='ltr' id='par_1_56' title="bbox 1830 2732 3409 2810">
     <span class='ocr_line' id='line_1_57' title="bbox 1830 2732 3409 2810; baseline 0.006 -23"><span class='ocrx_word' id='word_1_399' title='bbox 1830 2732 2079 2796; x_wconf 84' lang='lat' dir='ltr'><strong>stolidus,</strong></span> <span class='ocrx_word' id='word_1_400' title='bbox 2102 2733 2245 2801; x_wconf 90' lang='lat' dir='ltr'><strong>quod</strong></span> <span class='ocrx_word' id='word_1_401' title='bbox 2280 2749 2387 2787; x_wconf 92' lang='lat' dir='ltr'><strong>non</strong></span> <span class='ocrx_word' id='word_1_402' title='bbox 2418 2750 2484 2789; x_wconf 88' lang='lat' dir='ltr'><strong>eo</strong></span> <span class='ocrx_word' id='word_1_403' title='bbox 2524 2737 2666 2805; x_wconf 92' lang='lat' dir='ltr'><strong>quod</strong></span> <span class='ocrx_word' id='word_1_404' title='bbox 2703 2738 2812 2791; x_wconf 88' lang='lat' dir='ltr'><strong>vim</strong></span> <span class='ocrx_word' id='word_1_405' title='bbox 2839 2738 3085 2806; x_wconf 75' lang='lat' dir='ltr'><strong>aﬂerret,</strong></span> <span class='ocrx_word' id='word_1_406' title='bbox 3135 2741 3409 2810; x_wconf 84' lang='lat' dir='ltr'><strong>superior,</strong></span> 
     </span>
    </p>
   </div>
   <div class='ocr_carea' id='block_1_57' title="bbox 1830 2824 3412 2902">
    <p class='ocr_par' dir='ltr' id='par_1_57' title="bbox 1830 2824 3412 2902">
     <span class='ocr_line' id='line_1_58' title="bbox 1830 2824 3412 2902; baseline 0.007 -25"><span class='ocrx_word' id='word_1_407' title='bbox 1830 2824 1924 2877; x_wconf 89' lang='lat' dir='ltr'><strong>sed</strong></span> <span class='ocrx_word' id='word_1_408' title='bbox 1952 2838 2016 2879; x_wconf 90' lang='lat' dir='ltr'><strong>eo</strong></span> <span class='ocrx_word' id='word_1_409' title='bbox 2044 2824 2186 2893; x_wconf 85' lang='lat' dir='ltr'><strong>quod</strong></span> <span class='ocrx_word' id='word_1_410' title='bbox 2222 2841 2331 2879; x_wconf 88' lang='lat' dir='ltr'><strong>non</strong></span> <span class='ocrx_word' id='word_1_411' title='bbox 2373 2828 2753 2896; x_wconf 87' lang='lat' dir='ltr'><strong>persuaderet,</strong></span> <span class='ocrx_word' id='word_1_412' title='bbox 2816 2830 2994 2885; x_wconf 89' lang='lat' dir='ltr'><strong>victus</strong></span> <span class='ocrx_word' id='word_1_413' title='bbox 3046 2834 3227 2902; x_wconf 87' lang='lat' dir='ltr'><strong>potius</strong></span> <span class='ocrx_word' id='word_1_414' title='bbox 3255 2833 3412 2887; x_wconf 88' lang='lat' dir='ltr'><strong>vide-</strong></span> 
     </span>
    </p>
   </div>
   <div class='ocr_carea' id='block_1_58' title="bbox 1830 2913 3409 2996">
    <p class='ocr_par' dir='ltr' id='par_1_58' title="bbox 1830 2913 3409 2996">
     <span class='ocr_line' id='line_1_59' title="bbox 1830 2913 3409 2996; baseline 0.009 -30"><span class='ocrx_word' id='word_1_415' title='bbox 1830 2924 2001 2969; x_wconf 85' lang='lat' dir='ltr'><strong>retur.</strong></span> <span class='ocrx_word' id='word_1_416' title='bbox 2036 2913 2200 2973; x_wconf 85' lang='lat' dir='ltr'><strong>Jubet</strong></span> <span class='ocrx_word' id='word_1_417' title='bbox 2230 2932 2363 2987; x_wconf 83' lang='lat' dir='ltr'><strong>ergo</strong></span> <span class='ocrx_word' id='word_1_418' title='bbox 2414 2919 2467 2972; x_wconf 92' lang='lat' dir='ltr'><strong>in</strong></span> <span class='ocrx_word' id='word_1_419' title='bbox 2503 2919 2683 2975; x_wconf 88' lang='lat' dir='ltr'><strong>medio</strong></span> <span class='ocrx_word' id='word_1_420' title='bbox 2722 2922 2900 2978; x_wconf 88' lang='lat' dir='ltr'><strong>stadio</strong></span> <span class='ocrx_word' id='word_1_421' title='bbox 2929 2923 3090 2979; x_wconf 83' lang='lat' dir='ltr'><strong>ell‘odi</strong></span> <span class='ocrx_word' id='word_1_422' title='bbox 3157 2941 3409 2996; x_wconf 88' lang='lat' dir='ltr'><strong>magnam</strong></span> 
     </span>
    </p>
   </div>
   <div class='ocr_carea' id='block_1_59' title="bbox 1830 3004 3407 3087">
    <p class='ocr_par' dir='ltr' id='par_1_59' title="bbox 1830 3004 3407 3087">
     <span class='ocr_line' id='line_1_60' title="bbox 1830 3004 3407 3087; baseline 0.01 -31"><span class='ocrx_word' id='word_1_423' title='bbox 1830 3004 2148 3071; x_wconf 77' lang='lat' dir='ltr'><strong>cisternam,</strong></span> <span class='ocrx_word' id='word_1_424' title='bbox 2176 3022 2317 3074; x_wconf 88' lang='lat' dir='ltr'><strong>aqua</strong></span> <span class='ocrx_word' id='word_1_425' title='bbox 2350 3017 2531 3061; x_wconf 85' lang='lat' dir='ltr'><strong>autem</strong></span> <span class='ocrx_word' id='word_1_426' title='bbox 2570 3012 2804 3079; x_wconf 86' lang='lat' dir='ltr'><strong>impleri,</strong></span> <span class='ocrx_word' id='word_1_427' title='bbox 2848 3022 2904 3067; x_wconf 92' lang='lat' dir='ltr'><strong>et</strong></span> <span class='ocrx_word' id='word_1_428' title='bbox 2948 3016 3001 3067; x_wconf 93' lang='lat' dir='ltr'><strong>in</strong></span> <span class='ocrx_word' id='word_1_429' title='bbox 3058 3032 3175 3071; x_wconf 89' lang='lat' dir='ltr'><strong>eam</strong></span> <span class='ocrx_word' id='word_1_430' title='bbox 3235 3017 3407 3087; x_wconf 91' lang='lat' dir='ltr'><strong>injici.</strong></span> 
     </span>
    </p>
   </div>
   <div class='ocr_carea' id='block_1_60' title="bbox 1830 3098 3408 3166">
    <p class='ocr_par' dir='ltr' id='par_1_60' title="bbox 1830 3098 3408 3166">
     <span class='ocr_line' id='line_1_61' title="bbox 1830 3098 3408 3166; baseline 0.009 -19"><span class='ocrx_word' id='word_1_431' title='bbox 1830 3109 2167 3166; x_wconf 67' lang='lat' dir='ltr'><strong>quaecunque</strong></span> <span class='ocrx_word' id='word_1_432' title='bbox 2200 3098 2502 3152; x_wconf 85' lang='lat' dir='ltr'><strong>animantia</strong></span> <span class='ocrx_word' id='word_1_433' title='bbox 2528 3101 2819 3156; x_wconf 88' lang='lat' dir='ltr'><strong>carnivora</strong></span> <span class='ocrx_word' id='word_1_434' title='bbox 2848 3102 2945 3158; x_wconf 91' lang='lat' dir='ltr'><strong>alit</strong></span> <span class='ocrx_word' id='word_1_435' title='bbox 3000 3122 3169 3161; x_wconf 87' lang='lat' dir='ltr'><strong>mare.</strong></span> <span class='ocrx_word' id='word_1_436' title='bbox 3205 3105 3408 3163; x_wconf 86' lang='lat' dir='ltr'><strong>Deinde</strong></span> 
     </span>
    </p>
   </div>
   <div class='ocr_carea' id='block_1_61' title="bbox 150 3165 1725 3264">
    <p class='ocr_par' dir='ltr' id='par_1_61' title="bbox 150 3165 1725 3259">
     <span class='ocr_line' id='line_1_62' title="bbox 150 3165 1725 3259; baseline 0.017 -43"><span class='ocrx_word' id='word_1_437' title='bbox 150 3165 349 3230; x_wconf 80' lang='grc' dir='ltr'>ὕδατός</span> <span class='ocrx_word' id='word_1_438' title='bbox 394 3184 453 3221; x_wconf 80' lang='grc' dir='ltr'><strong>τε</strong></span> <span class='ocrx_word' id='word_1_439' title='bbox 506 3174 816 3244; x_wconf 74' lang='grc' dir='ltr'>πλησθῆναι</span> <span class='ocrx_word' id='word_1_440' title='bbox 853 3183 944 3232; x_wconf 76' lang='grc' dir='ltr'>καὶ</span> <span class='ocrx_word' id='word_1_441' title='bbox 972 3181 1138 3251; x_wconf 77' lang='grc' dir='ltr'>θηρία</span> <span class='ocrx_word' id='word_1_442' title='bbox 1179 3186 1354 3255; x_wconf 86' lang='grc' dir='ltr'>τούτῳ</span> <span class='ocrx_word' id='word_1_443' title='bbox 1385 3165 1725 3259; x_wconf 69' lang='grc' dir='ltr'>ἐμϐληθῆναι</span> 
     </span>
    </p>
   </div>
   <div class='ocr_carea' id='block_1_62' title="bbox 1831 3165 3408 3264">
    <p class='ocr_par' dir='ltr' id='par_1_62' title="bbox 1831 3165 3408 3264">
     <span class='ocr_line' id='line_1_63' title="bbox 1831 3165 3408 3264; baseline 0.008 -27"><span class='ocrx_word' id='word_1_444' title='bbox 1831 3185 1996 3250; x_wconf 88' lang='lat' dir='ltr'><strong>jussit</strong></span> <span class='ocrx_word' id='word_1_445' title='bbox 2032 3165 2096 3240; x_wconf 90' lang='lat' dir='ltr'><strong>iis</strong></span> <span class='ocrx_word' id='word_1_446' title='bbox 2129 3187 2221 3255; x_wconf 88' lang='lat' dir='ltr'><strong>qui</strong></span> <span class='ocrx_word' id='word_1_447' title='bbox 2275 3188 2523 3249; x_wconf 88' lang='lat' dir='ltr'><strong>aderant.</strong></span> <span class='ocrx_word' id='word_1_448' title='bbox 2576 3199 2635 3243; x_wconf 91' lang='lat' dir='ltr'><strong>ut</strong></span> <span class='ocrx_word' id='word_1_449' title='bbox 2673 3199 2964 3262; x_wconf 86' lang='lat' dir='ltr'><strong>martyrem</strong></span> <span class='ocrx_word' id='word_1_450' title='bbox 3004 3194 3408 3264; x_wconf 90' lang='lat' dir='ltr'><strong>quamprimum</strong></span> 
     </span>
    </p>
   </div>
   <div class='ocr_carea' id='block_1_63' title="bbox 148 3257 1729 3343">
    <p class='ocr_par' dir='ltr' id='par_1_63' title="bbox 148 3257 1729 3343">
     <span class='ocr_line' id='line_1_64' title="bbox 148 3257 1729 3343; baseline 0.016 -34"><span class='ocrx_word' id='word_1_451' title='bbox 148 3258 249 3311; x_wconf 79' lang='grc' dir='ltr'>ὅσα</span> <span class='ocrx_word' id='word_1_452' title='bbox 281 3257 347 3331; x_wconf 81' lang='grc' dir='ltr'>δὴ</span> <span class='ocrx_word' id='word_1_453' title='bbox 383 3266 698 3335; x_wconf 79' lang='grc' dir='ltr'>σαρκοϐόρα</span> <span class='ocrx_word' id='word_1_454' title='bbox 730 3268 973 3322; x_wconf 81' lang='grc' dir='ltr'>θάλασσα</span> <span class='ocrx_word' id='word_1_455' title='bbox 998 3275 1207 3341; x_wconf 77' lang='grc' dir='ltr'>τρέφει,</span> <span class='ocrx_word' id='word_1_456' title='bbox 1258 3271 1361 3328; x_wconf 78' lang='grc' dir='ltr'>εἷθ’</span> <span class='ocrx_word' id='word_1_457' title='bbox 1393 3257 1566 3343; x_wconf 75' lang='grc' dir='ltr'>οὕτως</span> <span class='ocrx_word' id='word_1_458' title='bbox 1591 3257 1729 3333; x_wconf 67' lang='grc' dir='ltr'><strong>’ἐκέ-</strong></span> 
     </span>
    </p>
   </div>
   <div class='ocr_carea' id='block_1_64' title="bbox 149 3350 1727 3441">
    <p class='ocr_par' dir='ltr' id='par_1_64' title="bbox 149 3350 1727 3441">
     <span class='ocr_line' id='line_1_65' title="bbox 149 3350 1727 3441; baseline 0.016 -39"><span class='ocrx_word' id='word_1_459' title='bbox 149 3350 273 3403; x_wconf 85' lang='grc' dir='ltr'>λευε</span> <span class='ocrx_word' id='word_1_460' title='bbox 300 3354 412 3416; x_wconf 87' lang='grc' dir='ltr'>τοῖς</span> <span class='ocrx_word' id='word_1_461' title='bbox 448 3359 878 3425; x_wconf 77' lang='grc' dir='ltr'>παρισταμένοις</span> <span class='ocrx_word' id='word_1_462' title='bbox 903 3362 1135 3432; x_wconf 76' lang='grc' dir='ltr'>ἀγαγεῖν</span> <span class='ocrx_word' id='word_1_463' title='bbox 1167 3383 1225 3420; x_wconf 84' lang='grc' dir='ltr'><strong>τε</strong></span> <span class='ocrx_word' id='word_1_464' title='bbox 1254 3369 1329 3431; x_wconf 83' lang='grc' dir='ltr'><strong>ὡς</strong></span> <span class='ocrx_word' id='word_1_465' title='bbox 1353 3370 1514 3441; x_wconf 82' lang='grc' dir='ltr'>τάχος</span> <span class='ocrx_word' id='word_1_466' title='bbox 1547 3374 1640 3427; x_wconf 71' lang='grc' dir='ltr'><strong>καὶ</strong></span> <span class='ocrx_word' id='word_1_467' title='bbox 1670 3376 1727 3428; x_wconf 81' lang='grc' dir='ltr'>ὲν</span> 
     </span>
    </p>
   </div>
   <div class='ocr_carea' id='block_1_65' title="bbox 150 3443 1727 3531">
    <p class='ocr_par' dir='ltr' id='par_1_65' title="bbox 150 3443 1727 3531">
     <span class='ocr_line' id='line_1_66' title="bbox 150 3443 1727 3531; baseline 0.016 -37"><span class='ocrx_word' id='word_1_468' title='bbox 150 3443 300 3515; x_wconf 77' lang='grc' dir='ltr'>αὐτῷ</span> <span class='ocrx_word' id='word_1_469' title='bbox 356 3445 607 3499; x_wconf 81' lang='grc' dir='ltr'>καθεῖναι</span> <span class='ocrx_word' id='word_1_470' title='bbox 660 3449 760 3520; x_wconf 80' lang='grc' dir='ltr'>τὴν</span> <span class='ocrx_word' id='word_1_471' title='bbox 819 3450 1095 3525; x_wconf 86' lang='grc' dir='ltr'>μάρτυρα,</span> <span class='ocrx_word' id='word_1_472' title='bbox 1151 3456 1358 3528; x_wconf 78' lang='grc' dir='ltr'>βρῶσιν</span> <span class='ocrx_word' id='word_1_473' title='bbox 1420 3461 1563 3515; x_wconf 78' lang='grc' dir='ltr'>οὕτω</span> <span class='ocrx_word' id='word_1_474' title='bbox 1616 3468 1727 3531; x_wconf 85' lang='grc' dir='ltr'>τοῖς</span> 
     </span>
    </p>
   </div>
   <div class='ocr_carea' id='block_1_66' title="bbox 148 3535 1726 3625">
    <p class='ocr_par' dir='ltr' id='par_1_66' title="bbox 148 3535 1726 3625">
     <span class='ocr_line' id='line_1_67' title="bbox 148 3535 1726 3625; baseline 0.015 -38"><span class='ocrx_word' id='word_1_475' title='bbox 148 3535 365 3605; x_wconf 83' lang='grc' dir='ltr'>θηρίοις</span> <span class='ocrx_word' id='word_1_476' title='bbox 389 3538 611 3608; x_wconf 71' lang='grc' dir='ltr'>ἕτοιμον</span> <span class='ocrx_word' id='word_1_477' title='bbox 639 3542 922 3613; x_wconf 76' lang='grc' dir='ltr'>ἐσομένην.</span> <span class='ocrx_word' id='word_1_478' title='bbox 946 3546 1030 3608; x_wconf 85' lang='grc' dir='ltr'>Ὠς</span> <span class='ocrx_word' id='word_1_479' title='bbox 1066 3548 1159 3601; x_wconf 80' lang='grc' dir='ltr'>οὖν</span> <span class='ocrx_word' id='word_1_480' title='bbox 1185 3550 1326 3617; x_wconf 78' lang='grc' dir='ltr'>ἔγνω</span> <span class='ocrx_word' id='word_1_481' title='bbox 1362 3553 1519 3607; x_wconf 89' lang='grc' dir='ltr'>τοῦτο</span> <span class='ocrx_word' id='word_1_482' title='bbox 1553 3556 1585 3625; x_wconf 84' lang='grc' dir='ltr'><strong>ή</strong></span> <span class='ocrx_word' id='word_1_483' title='bbox 1616 3576 1726 3625; x_wconf 81' lang='grc' dir='ltr'>μα-</span> 
     </span>
    </p>
   </div>
   <div class='ocr_carea' id='block_1_67' title="bbox 150 3628 1724 3715">
    <p class='ocr_par' dir='ltr' id='par_1_67' title="bbox 150 3628 1724 3715">
     <span class='ocr_line' id='line_1_68' title="bbox 150 3628 1724 3715; baseline 0.014 -36"><span class='ocrx_word' id='word_1_484' title='bbox 150 3628 320 3697; x_wconf 82' lang='grc' dir='ltr'>καρία</span> <span class='ocrx_word' id='word_1_485' title='bbox 343 3629 677 3701; x_wconf 75' lang='grc' dir='ltr'>αὐτόκλητος</span> <span class='ocrx_word' id='word_1_486' title='bbox 691 3639 1041 3704; x_wconf 79' lang='grc' dir='ltr'>παραστᾶσα,</span> <span class='ocrx_word' id='word_1_487' title='bbox 1067 3638 1313 3703; x_wconf 74' lang='grc' dir='ltr'>ώνείδιζέ</span> <span class='ocrx_word' id='word_1_488' title='bbox 1332 3658 1389 3695; x_wconf 84' lang='grc' dir='ltr'><strong>τε</strong></span> <span class='ocrx_word' id='word_1_489' title='bbox 1412 3643 1504 3697; x_wconf 81' lang='grc' dir='ltr'>τὸν</span> <span class='ocrx_word' id='word_1_490' title='bbox 1525 3647 1724 3715; x_wconf 83' lang='grc' dir='ltr'>τύραν-</span> 
     </span>
    </p>
   </div>
   <div class='ocr_carea' id='block_1_68' title="bbox 149 3717 1726 3802">
    <p class='ocr_par' dir='ltr' id='par_1_68' title="bbox 149 3717 1726 3802">
     <span class='ocr_line' id='line_1_69' title="bbox 149 3717 1726 3802; baseline 0.013 -30"><span class='ocrx_word' id='word_1_491' title='bbox 149 3738 236 3773; x_wconf 88' lang='grc' dir='ltr'><strong>νον</strong></span> <span class='ocrx_word' id='word_1_492' title='bbox 267 3723 355 3788; x_wconf 74' lang='grc' dir='ltr'><strong>ἐφ’</strong></span> <span class='ocrx_word' id='word_1_493' title='bbox 385 3717 465 3783; x_wconf 79' lang='grc' dir='ltr'>οἷς</span> <span class='ocrx_word' id='word_1_494' title='bbox 490 3720 667 3788; x_wconf 76' lang='grc' dir='ltr'>οὕτως</span> <span class='ocrx_word' id='word_1_495' title='bbox 694 3725 983 3795; x_wconf 79' lang='grc' dir='ltr'>ἀνηνύτοις</span> <span class='ocrx_word' id='word_1_496' title='bbox 1008 3729 1288 3802; x_wconf 70' lang='grc' dir='ltr'>ἐπεχείρει</span> <span class='ocrx_word' id='word_1_497' title='bbox 1328 3734 1471 3788; x_wconf 81' lang='grc' dir='ltr'>κατὰ.</span> <span class='ocrx_word' id='word_1_498' title='bbox 1498 3738 1605 3791; x_wconf 82' lang='grc' dir='ltr'>τῶν</span> <span class='ocrx_word' id='word_1_499' title='bbox 1631 3738 1726 3792; x_wconf 89' lang='grc' dir='ltr'><strong>τοῦ</strong></span> 
     </span>
    </p>
   </div>
   <div class='ocr_carea' id='block_1_69' title="bbox 150 3812 1727 3897">
    <p class='ocr_par' dir='ltr' id='par_1_69' title="bbox 150 3812 1727 3897">
     <span class='ocr_line' id='line_1_70' title="bbox 150 3812 1727 3897; baseline 0.013 -34"><span class='ocrx_word' id='word_1_500' title='bbox 150 3812 394 3878; x_wconf 82' lang='grc' dir='ltr'>Χριστοῦ</span> <span class='ocrx_word' id='word_1_501' title='bbox 418 3814 645 3879; x_wconf 77' lang='grc' dir='ltr'>δούλων,</span> <span class='ocrx_word' id='word_1_502' title='bbox 691 3820 829 3886; x_wconf 79' lang='grc' dir='ltr'>μετὰ</span> <span class='ocrx_word' id='word_1_503' title='bbox 855 3819 951 3873; x_wconf 89' lang='grc' dir='ltr'><strong>τοῦ</strong></span> <span class='ocrx_word' id='word_1_504' title='bbox 983 3824 1152 3886; x_wconf 84' lang='grc' dir='ltr'>κακὸς</span> <span class='ocrx_word' id='word_1_505' title='bbox 1182 3826 1472 3893; x_wconf 83' lang='grc' dir='ltr'>φαίνεσθαι</span> <span class='ocrx_word' id='word_1_506' title='bbox 1508 3830 1602 3882; x_wconf 72' lang='grc' dir='ltr'><strong>καὶ</strong></span> <span class='ocrx_word' id='word_1_507' title='bbox 1633 3830 1727 3897; x_wconf 77' lang='grc' dir='ltr'><strong>γέο</strong></span> 
     </span>
    </p>
   </div>
   <div class='ocr_carea' id='block_1_70' title="bbox 149 3902 1728 3989">
    <p class='ocr_par' dir='ltr' id='par_1_70' title="bbox 149 3902 1728 3989">
     <span class='ocr_line' id='line_1_71' title="bbox 149 3902 1728 3989; baseline 0.012 -37"><span class='ocrx_word' id='word_1_508' title='bbox 149 3902 297 3955; x_wconf 87' lang='grc' dir='ltr'>λωτα</span> <span class='ocrx_word' id='word_1_509' title='bbox 346 3903 556 3972; x_wconf 82' lang='grc' dir='ltr'>δφλειν,</span> <span class='ocrx_word' id='word_1_510' title='bbox 605 3902 726 3960; x_wconf 78' lang='grc' dir='ltr'>εἶτα</span> <span class='ocrx_word' id='word_1_511' title='bbox 778 3910 877 3972; x_wconf 81' lang='grc' dir='ltr'>τὰς</span> <span class='ocrx_word' id='word_1_512' title='bbox 910 3915 1099 3982; x_wconf 76' lang='grc' dir='ltr'>χεῖρας</span> <span class='ocrx_word' id='word_1_513' title='bbox 1141 3916 1220 3977; x_wconf 86' lang='grc' dir='ltr'><strong>είς</strong></span> <span class='ocrx_word' id='word_1_514' title='bbox 1249 3918 1484 3989; x_wconf 76' lang='grc' dir='ltr'>οὐρανὸν</span> <span class='ocrx_word' id='word_1_515' title='bbox 1515 3921 1728 3973; x_wconf 82' lang='grc' dir='ltr'>ἀνατεί-</span> 
     </span>
    </p>
   </div>
   <div class='ocr_carea' id='block_1_71' title="bbox 150 3997 1727 4080">
    <p class='ocr_par' dir='ltr' id='par_1_71' title="bbox 150 3997 1727 4080">
     <span class='ocr_line' id='line_1_72' title="bbox 150 3997 1727 4080; baseline 0.011 -32"><span class='ocrx_word' id='word_1_516' title='bbox 150 4012 311 4060; x_wconf 76' lang='grc' dir='ltr'>νασια,</span> <span class='ocrx_word' id='word_1_517' title='bbox 368 3997 467 4074; x_wconf 63' lang='grc' dir='ltr'><strong>καὶ</strong></span> <span class='ocrx_word' id='word_1_518' title='bbox 518 3997 770 4066; x_wconf 87' lang='grc' dir='ltr'>δακρύων</span> <span class='ocrx_word' id='word_1_519' title='bbox 811 4002 937 4063; x_wconf 83' lang='grc' dir='ltr'>τοὺς</span> <span class='ocrx_word' id='word_1_520' title='bbox 990 4002 1305 4075; x_wconf 78' lang='grc' dir='ltr'>ὀφθαλμοὺς</span> <span class='ocrx_word' id='word_1_521' title='bbox 1355 4008 1628 4080; x_wconf 76' lang='grc' dir='ltr'>πλήσασα,</span> <span class='ocrx_word' id='word_1_522' title='bbox 1656 4013 1727 4065; x_wconf 82' lang='grc' dir='ltr'>Τὸ</span> 
     </span>
    </p>
   </div>
   <div class='ocr_carea' id='block_1_72' title="bbox 150 4087 1719 4178">
    <p class='ocr_par' dir='ltr' id='par_1_72' title="bbox 150 4087 1719 4178">
     <span class='ocr_line' id='line_1_73' title="bbox 150 4087 1719 4178; baseline 0.013 -41"><span class='ocrx_word' id='word_1_523' title='bbox 150 4090 263 4155; x_wconf 74' lang='grc' dir='ltr'><strong>φῶς</strong></span> <span class='ocrx_word' id='word_1_524' title='bbox 307 4105 408 4155; x_wconf 85' lang='grc' dir='ltr'><strong>μου</strong></span> <span class='ocrx_word' id='word_1_525' title='bbox 438 4087 646 4157; x_wconf 71' lang='grc' dir='ltr'>ἔλεγεν,</span> <span class='ocrx_word' id='word_1_526' title='bbox 687 4092 884 4161; x_wconf 84' lang='grc' dir='ltr'>Ἰησοῦ,</span> <span class='ocrx_word' id='word_1_527' title='bbox 931 4095 992 4147; x_wconf 74' lang='grc' dir='ltr'>τὸ</span> <span class='ocrx_word' id='word_1_528' title='bbox 1038 4097 1172 4167; x_wconf 71' lang='grc' dir='ltr'>ἐμὸν</span> <span class='ocrx_word' id='word_1_529' title='bbox 1228 4100 1509 4172; x_wconf 85' lang='grc' dir='ltr'>καύχημα,</span> <span class='ocrx_word' id='word_1_530' title='bbox 1545 4107 1578 4173; x_wconf 76' lang='grc' dir='ltr'>ὴ</span> <span class='ocrx_word' id='word_1_531' title='bbox 1612 4106 1719 4178; x_wconf 76' lang='grc' dir='ltr'><strong>ἐμὴ</strong></span> 
     </span>
    </p>
   </div>
   <div class='ocr_carea' id='block_1_73' title="bbox 151 4184 1725 4270">
    <p class='ocr_par' dir='ltr' id='par_1_73' title="bbox 151 4184 1725 4270">
     <span class='ocr_line' id='line_1_74' title="bbox 151 4184 1725 4270; baseline 0.013 -37"><span class='ocrx_word' id='word_1_532' title='bbox 151 4184 285 4248; x_wconf 75' lang='grc' dir='ltr'>ζωὴ,</span> <span class='ocrx_word' id='word_1_533' title='bbox 318 4186 345 4236; x_wconf 97' lang='lat'><strong>6</strong></span> <span class='ocrx_word' id='word_1_534' title='bbox 372 4186 473 4254; x_wconf 83' lang='grc' dir='ltr'>τῆς</span> <span class='ocrx_word' id='word_1_535' title='bbox 508 4185 647 4255; x_wconf 77' lang='grc' dir='ltr'>ἐμῆς</span> <span class='ocrx_word' id='word_1_536' title='bbox 683 4188 967 4253; x_wconf 82' lang='grc' dir='ltr'>ἀσθενείας</span> <span class='ocrx_word' id='word_1_537' title='bbox 996 4192 1308 4265; x_wconf 68' lang='grc' dir='ltr'>ἐπίκουρος,</span> <span class='ocrx_word' id='word_1_538' title='bbox 1341 4198 1369 4249; x_wconf 91' lang='lat'><strong>6</strong></span> <span class='ocrx_word' id='word_1_539' title='bbox 1409 4200 1466 4250; x_wconf 82' lang='grc' dir='ltr'>ὲν</span> <span class='ocrx_word' id='word_1_540' title='bbox 1498 4199 1725 4270; x_wconf 84' lang='grc' dir='ltr'>ἀπόροις</span> 
     </span>
    </p>
   </div>
   <div class='ocr_carea' id='block_1_74' title="bbox 151 4276 1725 4363">
    <p class='ocr_par' dir='ltr' id='par_1_74' title="bbox 151 4276 1725 4363">
     <span class='ocr_line' id='line_1_75' title="bbox 151 4276 1725 4363; baseline 0.011 -35"><span class='ocrx_word' id='word_1_541' title='bbox 151 4276 480 4346; x_wconf 77' lang='grc' dir='ltr'>ιῦμήχανος,</span> <span class='ocrx_word' id='word_1_542' title='bbox 518 4279 546 4331; x_wconf 90' lang='lat'><strong>6</strong></span> <span class='ocrx_word' id='word_1_543' title='bbox 582 4281 823 4350; x_wconf 78' lang='grc' dir='ltr'>γαστέρα</span> <span class='ocrx_word' id='word_1_544' title='bbox 871 4285 970 4350; x_wconf 85' lang='grc' dir='ltr'>μὲν</span> <span class='ocrx_word' id='word_1_545' title='bbox 1013 4284 1178 4355; x_wconf 83' lang='grc' dir='ltr'>θηρὸς</span> <span class='ocrx_word' id='word_1_546' title='bbox 1226 4288 1425 4356; x_wconf 77' lang='grc' dir='ltr'>δείξας.</span> <span class='ocrx_word' id='word_1_547' title='bbox 1462 4292 1625 4345; x_wconf 79' lang='grc' dir='ltr'>καλὸν</span> <span class='ocrx_word' id='word_1_548' title='bbox 1650 4293 1725 4363; x_wconf 82' lang='grc' dir='ltr'>τῷ</span> 
     </span>
    </p>
   </div>
   <div class='ocr_carea' id='block_1_75' title="bbox 164 4369 1726 4454">
    <p class='ocr_par' dir='ltr' id='par_1_75' title="bbox 164 4369 1726 4454">
     <span class='ocr_line' id='line_1_76' title="bbox 164 4369 1726 4454; baseline 0.01 -33"><span class='ocrx_word' id='word_1_549' title='bbox 164 4369 317 4439; x_wconf 79' lang='grc' dir='ltr'>Ἰωνᾷ</span> <span class='ocrx_word' id='word_1_550' title='bbox 372 4370 640 4440; x_wconf 83' lang='grc' dir='ltr'>θάλαμον,</span> <span class='ocrx_word' id='word_1_551' title='bbox 700 4373 932 4427; x_wconf 72' lang='grc' dir='ltr'>λεόντων</span> <span class='ocrx_word' id='word_1_552' title='bbox 986 4376 1041 4428; x_wconf 64' lang='grc' dir='ltr'>δὲ</span> <span class='ocrx_word' id='word_1_553' title='bbox 1098 4380 1343 4448; x_wconf 84' lang='grc' dir='ltr'>στόματα</span> <span class='ocrx_word' id='word_1_554' title='bbox 1389 4384 1480 4435; x_wconf 75' lang='grc' dir='ltr'><strong>τὸν</strong></span> <span class='ocrx_word' id='word_1_555' title='bbox 1528 4385 1726 4454; x_wconf 82' lang='grc' dir='ltr'>Δανιὴλ</span> 
     </span>
    </p>
   </div>
   <div class='ocr_carea' id='block_1_76' title="bbox 149 4461 1725 4547">
    <p class='ocr_par' dir='ltr' id='par_1_76' title="bbox 149 4461 1725 4547">
     <span class='ocr_line' id='line_1_77' title="bbox 149 4461 1725 4547; baseline 0.011 -36"><span class='ocrx_word' id='word_1_556' title='bbox 149 4461 570 4529; x_wconf 82' lang='grc' dir='ltr'>δυσωπούμενα,</span> <span class='ocrx_word' id='word_1_557' title='bbox 622 4464 785 4525; x_wconf 76' lang='grc' dir='ltr'>αὐτός</span> <span class='ocrx_word' id='word_1_558' title='bbox 834 4484 922 4534; x_wconf 88' lang='grc' dir='ltr'><strong>με,</strong></span> <span class='ocrx_word' id='word_1_559' title='bbox 953 4470 1215 4535; x_wconf 78' lang='grc' dir='ltr'>Δέσπρτα,</span> <span class='ocrx_word' id='word_1_560' title='bbox 1245 4476 1310 4543; x_wconf 80' lang='grc' dir='ltr'>τῇ</span> <span class='ocrx_word' id='word_1_561' title='bbox 1345 4479 1578 4547; x_wconf 80' lang='grc' dir='ltr'>κραταιᾷ</span> <span class='ocrx_word' id='word_1_562' title='bbox 1624 4479 1725 4539; x_wconf 58' lang='grc' dir='ltr'>,καὶ</span> 
     </span>
    </p>
   </div>
   <div class='ocr_carea' id='block_1_77' title="bbox 151 4552 1728 4636">
    <p class='ocr_par' dir='ltr' id='par_1_77' title="bbox 151 4552 1728 4636">
     <span class='ocr_line' id='line_1_78' title="bbox 151 4552 1728 4636; baseline 0.013 -32"><span class='ocrx_word' id='word_1_563' title='bbox 151 4552 351 4623; x_wconf 82' lang='grc' dir='ltr'>ἀμάχῳ</span> <span class='ocrx_word' id='word_1_564' title='bbox 390 4570 486 4607; x_wconf 88' lang='grc' dir='ltr'><strong>σου</strong></span> <span class='ocrx_word' id='word_1_565' title='bbox 542 4554 690 4620; x_wconf 79' lang='grc' dir='ltr'>δεξιᾶ</span> <span class='ocrx_word' id='word_1_566' title='bbox 746 4559 1035 4625; x_wconf 81' lang='grc' dir='ltr'>διάσωσον,</span> <span class='ocrx_word' id='word_1_567' title='bbox 1096 4563 1256 4636; x_wconf 82' lang='grc' dir='ltr'>δόξης</span> <span class='ocrx_word' id='word_1_568' title='bbox 1317 4567 1415 4636; x_wconf 83' lang='grc' dir='ltr'>μὲν</span> <span class='ocrx_word' id='word_1_569' title='bbox 1470 4570 1728 4623; x_wconf 78' lang='grc' dir='ltr'>ὑπόθεσιν</span> 
     </span>
    </p>
   </div>
   <div class='ocr_carea' id='block_1_78' title="bbox 152 4646 1726 4733">
    <p class='ocr_par' dir='ltr' id='par_1_78' title="bbox 152 4646 1726 4733">
     <span class='ocr_line' id='line_1_79' title="bbox 152 4646 1726 4733; baseline 0.013 -38"><span class='ocrx_word' id='word_1_570' title='bbox 152 4646 447 4716; x_wconf 85' lang='grc' dir='ltr'>γινομένην</span> <span class='ocrx_word' id='word_1_571' title='bbox 475 4646 585 4700; x_wconf 81' lang='grc' dir='ltr'><strong>τῶν</strong></span> <span class='ocrx_word' id='word_1_572' title='bbox 621 4649 929 4721; x_wconf 57' lang='grc' dir='ltr'>σεϐομένων</span> <span class='ocrx_word' id='word_1_573' title='bbox 962 4654 1020 4705; x_wconf 76' lang='grc' dir='ltr'><strong>το</strong></span> <span class='ocrx_word' id='word_1_574' title='bbox 1055 4656 1257 4724; x_wconf 83' lang='grc' dir='ltr'>κράτος</span> <span class='ocrx_word' id='word_1_575' title='bbox 1301 4676 1421 4725; x_wconf 88' lang='grc' dir='ltr'>σου,</span> <span class='ocrx_word' id='word_1_576' title='bbox 1461 4664 1726 4733; x_wconf 81' lang='grc' dir='ltr'>αἰσχύνης</span> 
     </span>
    </p>
   </div>
   <div class='ocr_carea' id='block_1_79' title="bbox 151 4741 1721 4821">
    <p class='ocr_par' dir='ltr' id='par_1_79' title="bbox 151 4741 1721 4821">
     <span class='ocr_line' id='line_1_80' title="bbox 151 4741 1721 4821; baseline 0.011 -28"><span class='ocrx_word' id='word_1_577' title='bbox 151 4741 205 4794; x_wconf 76' lang='grc' dir='ltr'>δὲ</span> <span class='ocrx_word' id='word_1_578' title='bbox 234 4743 331 4794; x_wconf 79' lang='grc' dir='ltr'><strong>καὶ</strong></span> <span class='ocrx_word' id='word_1_579' title='bbox 353 4742 579 4809; x_wconf 79' lang='grc' dir='ltr'>ἀτιμίας</span> <span class='ocrx_word' id='word_1_580' title='bbox 610 4742 718 4795; x_wconf 87' lang='grc' dir='ltr'>τῶν</span> <span class='ocrx_word' id='word_1_581' title='bbox 751 4745 963 4797; x_wconf 70' lang='grc' dir='ltr'>άσεὸιῖιν</span> <span class='ocrx_word' id='word_1_582' title='bbox 996 4747 1308 4817; x_wconf 82' lang='grc' dir='ltr'>πληροῦσαν</span> <span class='ocrx_word' id='word_1_583' title='bbox 1336 4752 1403 4805; x_wconf 72' lang='grc' dir='ltr'><strong>τὰ</strong></span> <span class='ocrx_word' id='word_1_584' title='bbox 1430 4755 1721 4821; x_wconf 78' lang='grc' dir='ltr'>πρόσωπα.</span> 
     </span>
    </p>
   </div>
   <div class='ocr_carea' id='block_1_80' title="bbox 152 4831 1725 4916">
    <p class='ocr_par' dir='ltr' id='par_1_80' title="bbox 152 4831 1725 4916">
     <span class='ocr_line' id='line_1_81' title="bbox 152 4831 1725 4916; baseline 0.01 -34"><span class='ocrx_word' id='word_1_585' title='bbox 152 4831 321 4903; x_wconf 57' lang='grc' dir='ltr'>υῦτω,</span> <span class='ocrx_word' id='word_1_586' title='bbox 367 4834 821 4904; x_wconf 78' lang='grc' dir='ltr'>προσευξαμένη,</span> <span class='ocrx_word' id='word_1_587' title='bbox 880 4838 975 4888; x_wconf 76' lang='grc' dir='ltr'><strong>καὶ</strong></span> <span class='ocrx_word' id='word_1_588' title='bbox 1028 4843 1447 4913; x_wconf 71' lang='grc' dir='ltr'>σφραγισαμένη</span> <span class='ocrx_word' id='word_1_589' title='bbox 1492 4846 1595 4913; x_wconf 82' lang='grc' dir='ltr'><strong>ὅλῳ</strong></span> <span class='ocrx_word' id='word_1_590' title='bbox 1649 4850 1725 4916; x_wconf 80' lang='grc' dir='ltr'><strong>τῷ</strong></span> 
     </span>
    </p>
   </div>
   <div class='ocr_carea' id='block_1_81' title="bbox 155 4922 1725 5003">
    <p class='ocr_par' dir='ltr' id='par_1_81' title="bbox 155 4922 1725 5003">
     <span class='ocr_line' id='line_1_82' title="bbox 155 4922 1725 5003; baseline 0.011 -28"><span class='ocrx_word' id='word_1_591' title='bbox 155 4922 390 4991; x_wconf 81' lang='grc' dir='ltr'>σώματι,</span> <span class='ocrx_word' id='word_1_592' title='bbox 433 4926 658 4993; x_wconf 69' lang='grc' dir='ltr'>ινήλατο</span> <span class='ocrx_word' id='word_1_593' title='bbox 708 4926 785 4995; x_wconf 86' lang='grc' dir='ltr'>τῷ</span> <span class='ocrx_word' id='word_1_594' title='bbox 832 4927 983 4981; x_wconf 84' lang='grc' dir='ltr'>ῦδατι</span> <span class='ocrx_word' id='word_1_595' title='bbox 1042 4932 1186 5000; x_wconf 84' lang='grc' dir='ltr'>μάλα</span> <span class='ocrx_word' id='word_1_596' title='bbox 1233 4936 1515 5003; x_wconf 85' lang='grc' dir='ltr'>γενναίως,</span> <span class='ocrx_word' id='word_1_597' title='bbox 1563 4942 1629 4991; x_wconf 84' lang='grc' dir='ltr'><strong>τά</strong></span> <span class='ocrx_word' id='word_1_598' title='bbox 1670 4942 1725 4993; x_wconf 67' lang='grc' dir='ltr'>δὲ</span> 
     </span>
    </p>
   </div>
   <div class='ocr_carea' id='block_1_82' title="bbox 153 5012 1722 5101">
    <p class='ocr_par' dir='ltr' id='par_1_82' title="bbox 153 5012 1722 5101">
     <span class='ocr_line' id='line_1_83' title="bbox 153 5012 1722 5101; baseline 0.013 -37"><span class='ocrx_word' id='word_1_599' title='bbox 153 5012 318 5084; x_wconf 63' lang='grc' dir='ltr'>θηρία</span> <span class='ocrx_word' id='word_1_600' title='bbox 350 5014 584 5085; x_wconf 83' lang='grc' dir='ltr'>προσῄει</span> <span class='ocrx_word' id='word_1_601' title='bbox 630 5018 729 5083; x_wconf 79' lang='grc' dir='ltr'>μὲν</span> <span class='ocrx_word' id='word_1_602' title='bbox 762 5018 923 5082; x_wconf 73' lang='grc' dir='ltr'>εὐθὺς</span> <span class='ocrx_word' id='word_1_603' title='bbox 981 5022 1121 5089; x_wconf 76' lang='grc' dir='ltr'>μετὰ</span> <span class='ocrx_word' id='word_1_604' title='bbox 1158 5025 1488 5098; x_wconf 80' lang='grc' dir='ltr'>πολλῆς”τῆς</span> <span class='ocrx_word' id='word_1_605' title='bbox 1524 5032 1722 5101; x_wconf 76' lang='grc' dir='ltr'>ὁρμῆς.</span> 
     </span>
    </p>
   </div>
   <div class='ocr_carea' id='block_1_83' title="bbox 165 5104 1724 5189">
    <p class='ocr_par' dir='ltr' id='par_1_83' title="bbox 165 5104 1724 5189">
     <span class='ocr_line' id='line_1_84' title="bbox 165 5104 1724 5189; baseline 0.013 -34"><span class='ocrx_word' id='word_1_606' title='bbox 165 5104 251 5168; x_wconf 78' lang='grc' dir='ltr'>Ὠς</span> <span class='ocrx_word' id='word_1_607' title='bbox 295 5104 352 5158; x_wconf 73' lang='grc' dir='ltr'>δὲ</span> <span class='ocrx_word' id='word_1_608' title='bbox 402 5107 493 5157; x_wconf 73' lang='grc' dir='ltr'><strong>καὶ</strong></span> <span class='ocrx_word' id='word_1_609' title='bbox 522 5106 686 5172; x_wconf 77' lang='grc' dir='ltr'>ἐγγὺς</span> <span class='ocrx_word' id='word_1_610' title='bbox 728 5109 823 5160; x_wconf 86' lang='grc' dir='ltr'><strong>τοῦ</strong></span> <span class='ocrx_word' id='word_1_611' title='bbox 876 5113 1215 5181; x_wconf 79' lang='grc' dir='ltr'>μαρτυρικοῦ</span> <span class='ocrx_word' id='word_1_612' title='bbox 1249 5120 1459 5185; x_wconf 80' lang='grc' dir='ltr'>χρωτὸς</span> <span class='ocrx_word' id='word_1_613' title='bbox 1496 5122 1724 5189; x_wconf 81' lang='grc' dir='ltr'>γένοιτο,</span> 
     </span>
    </p>
   </div>
   <div class='ocr_carea' id='block_1_84' title="bbox 154 5197 1727 5284">
    <p class='ocr_par' dir='ltr' id='par_1_84' title="bbox 154 5197 1727 5284">
     <span class='ocr_line' id='line_1_85' title="bbox 154 5197 1727 5284; baseline 0.013 -39"><span class='ocrx_word' id='word_1_614' title='bbox 154 5198 355 5265; x_wconf 77' lang='grc' dir='ltr'>τροφῆς</span> <span class='ocrx_word' id='word_1_615' title='bbox 385 5197 522 5259; x_wconf 80' lang='grc' dir='ltr'>ὅλως</span> <span class='ocrx_word' id='word_1_616' title='bbox 560 5198 975 5268; x_wconf 79' lang='grc' dir='ltr'>ἐπελανθάνετο,</span> <span class='ocrx_word' id='word_1_617' title='bbox 1010 5206 1100 5257; x_wconf 75' lang='grc' dir='ltr'><strong>καὶ</strong></span> <span class='ocrx_word' id='word_1_618' title='bbox 1127 5206 1443 5278; x_wconf 61' lang='grc' dir='ltr'>δορυφόρων</span> <span class='ocrx_word' id='word_1_619' title='bbox 1473 5214 1727 5284; x_wconf 71' lang='grc' dir='ltr'>ἀπεπλή-</span> 
     </span>
    </p>
   </div>
   <div class='ocr_carea' id='block_1_85' title="bbox 158 5288 1726 5369">
    <p class='ocr_par' dir='ltr' id='par_1_85' title="bbox 158 5288 1726 5369">
     <span class='ocr_line' id='line_1_86' title="bbox 158 5288 1726 5369; baseline 0.013 -33"><span class='ocrx_word' id='word_1_620' title='bbox 158 5300 247 5353; x_wconf 81' lang='grc' dir='ltr'><strong>ρου</strong></span> <span class='ocrx_word' id='word_1_621' title='bbox 272 5288 451 5354; x_wconf 75' lang='grc' dir='ltr'>τάξιν.</span> <span class='ocrx_word' id='word_1_622' title='bbox 483 5289 593 5341; x_wconf 74' lang='grc' dir='ltr'><strong>Καὶ</strong></span> <span class='ocrx_word' id='word_1_623' title='bbox 616 5290 954 5344; x_wconf 78' lang='grc' dir='ltr'>ὑπολαϐόντα</span> <span class='ocrx_word' id='word_1_624' title='bbox 978 5295 1075 5364; x_wconf 78' lang='grc' dir='ltr'>τὴν</span> <span class='ocrx_word' id='word_1_625' title='bbox 1103 5300 1377 5367; x_wconf 83' lang='grc' dir='ltr'>μάρτυρα,</span> <span class='ocrx_word' id='word_1_626' title='bbox 1406 5303 1593 5367; x_wconf 78' lang='grc' dir='ltr'>νώτοις</span> <span class='ocrx_word' id='word_1_627' title='bbox 1615 5310 1726 5369; x_wconf 87' lang='grc' dir='ltr'>τοῖς</span> 
     </span>
    </p>
   </div>
   <div class='ocr_carea' id='block_1_86' title="bbox 155 5375 1723 5462">
    <p class='ocr_par' dir='ltr' id='par_1_86' title="bbox 155 5375 1723 5462">
     <span class='ocr_line' id='line_1_87' title="bbox 155 5375 1723 5462; baseline 0.013 -37"><span class='ocrx_word' id='word_1_628' title='bbox 155 5375 362 5429; x_wconf 77' lang='grc' dir='ltr'>ἑαυτῶν</span> <span class='ocrx_word' id='word_1_629' title='bbox 392 5379 606 5447; x_wconf 70' lang='grc' dir='ltr'>ἀνεῖχον</span> <span class='ocrx_word' id='word_1_630' title='bbox 635 5382 796 5432; x_wconf 81' lang='grc' dir='ltr'>οίονεί</span> <span class='ocrx_word' id='word_1_631' title='bbox 838 5386 1095 5451; x_wconf 77' lang='grc' dir='ltr'>πρόνοιαν</span> <span class='ocrx_word' id='word_1_632' title='bbox 1118 5386 1287 5452; x_wconf 74' lang='grc' dir='ltr'>αὐτῆς</span> <span class='ocrx_word' id='word_1_633' title='bbox 1316 5388 1527 5458; x_wconf 80' lang='grc' dir='ltr'>ἔχοντα,</span> <span class='ocrx_word' id='word_1_634' title='bbox 1572 5396 1644 5462; x_wconf 77' lang='grc' dir='ltr'>μή</span> <span class='ocrx_word' id='word_1_635' title='bbox 1676 5412 1723 5446; x_wconf 84' lang='grc' dir='ltr'><strong>τι</strong></span> 
     </span>
    </p>
   </div>
   <div class='ocr_carea' id='block_1_87' title="bbox 162 5466 1526 5544">
    <p class='ocr_par' dir='ltr' id='par_1_87' title="bbox 162 5466 1526 5544">
     <span class='ocr_line' id='line_1_88' title="bbox 162 5466 1526 5544; baseline 0.013 -27"><span class='ocrx_word' id='word_1_636' title='bbox 162 5466 244 5518; x_wconf 71' lang='grc' dir='ltr'><strong>καὶ</strong></span> <span class='ocrx_word' id='word_1_637' title='bbox 268 5468 444 5521; x_wconf 77' lang='grc' dir='ltr'>δεινὸν</span> <span class='ocrx_word' id='word_1_638' title='bbox 477 5472 744 5539; x_wconf 84' lang='grc' dir='ltr'>ὑποσταίη</span> <span class='ocrx_word' id='word_1_639' title='bbox 780 5478 1214 5540; x_wconf 68' lang='grc' dir='ltr'>’προσκαταὸᾶσα</span> <span class='ocrx_word' id='word_1_640' title='bbox 1247 5479 1322 5544; x_wconf 84' lang='grc' dir='ltr'><strong>τῷ</strong></span> <span class='ocrx_word' id='word_1_641' title='bbox 1354 5482 1526 5535; x_wconf 76' lang='grc' dir='ltr'>ὕδατι.</span> 
     </span>
    </p>
   </div>
   <div class='ocr_carea' id='block_1_88' title="bbox 222 5559 1727 5642">
    <p class='ocr_par' dir='ltr' id='par_1_88' title="bbox 222 5559 1727 5642">
     <span class='ocr_line' id='line_1_89' title="bbox 222 5559 1727 5642; baseline 0.013 -31"><span class='ocrx_word' id='word_1_642' title='bbox 222 5559 317 5613; x_wconf 80' lang='lat' dir='ltr'><strong>IB&#39;.</strong></span> <span class='ocrx_word' id='word_1_643' title='bbox 365 5562 424 5611; x_wconf 80' lang='grc' dir='ltr'>ὐ</span> <span class='ocrx_word' id='word_1_644' title='bbox 455 5564 510 5614; x_wconf 79' lang='grc' dir='ltr'>δὲ</span> <span class='ocrx_word' id='word_1_645' title='bbox 549 5564 806 5633; x_wconf 83' lang='grc' dir='ltr'>Πρίσκος,</span> <span class='ocrx_word' id='word_1_646' title='bbox 843 5568 1168 5635; x_wconf 78' lang='grc' dir='ltr'>συμϐάλλων</span> <span class='ocrx_word' id='word_1_647' title='bbox 1193 5573 1249 5623; x_wconf 82' lang='grc' dir='ltr'>ὲν</span> <span class='ocrx_word' id='word_1_648' title='bbox 1296 5574 1472 5642; x_wconf 80' lang='grc' dir='ltr'>ἑαυτῴ</span> <span class='ocrx_word' id='word_1_649' title='bbox 1524 5576 1589 5627; x_wconf 73' lang='grc' dir='ltr'>τὰ</span> <span class='ocrx_word' id='word_1_650' title='bbox 1623 5594 1727 5629; x_wconf 75' lang='grc' dir='ltr'>ποι-ι</span> 
     </span>
    </p>
   </div>
   <div class='ocr_carea' id='block_1_89' title="bbox 163 5655 1718 5737">
    <p class='ocr_par' dir='ltr' id='par_1_89' title="bbox 163 5655 1718 5737">
     <span class='ocr_line' id='line_1_90' title="bbox 163 5655 1718 5737; baseline 0.008 -28"><span class='ocrx_word' id='word_1_651' title='bbox 163 5655 389 5720; x_wconf 76' lang='grc' dir='ltr'>ραδὸξως</span> <span class='ocrx_word' id='word_1_652' title='bbox 419 5655 750 5723; x_wconf 71' lang='grc' dir='ltr'>τελούμενα,</span> <span class='ocrx_word' id='word_1_653' title='bbox 786 5658 1099 5731; x_wconf 79' lang='grc' dir='ltr'>διηπορεῖτο</span> <span class='ocrx_word' id='word_1_654' title='bbox 1134 5662 1233 5731; x_wconf 82' lang='grc' dir='ltr'>μὲν</span> <span class='ocrx_word' id='word_1_655' title='bbox 1263 5667 1353 5720; x_wconf 74' lang='grc' dir='ltr'>καὶ</span> <span class='ocrx_word' id='word_1_656' title='bbox 1391 5668 1666 5737; x_wconf 72' lang='grc' dir='ltr'>ἐθαύμαζε</span> <span class='ocrx_word' id='word_1_657' title='bbox 1682 5690 1718 5721; x_wconf 80' lang='lat' dir='ltr'><strong>J.</strong></span> 
     </span>
    </p>
   </div>
   <div class='ocr_carea' id='block_1_90' title="bbox 172 5745 1722 5828">
    <p class='ocr_par' dir='ltr' id='par_1_90' title="bbox 172 5745 1722 5828">
     <span class='ocr_line' id='line_1_91' title="bbox 172 5745 1722 5828; baseline 0.01 -30"><span class='ocrx_word' id='word_1_658' title='bbox 172 5745 488 5816; x_wconf 74' lang='grc' dir='ltr'>’Δναὸλέψαι</span> <span class='ocrx_word' id='word_1_659' title='bbox 541 5746 597 5799; x_wconf 80' lang='grc' dir='ltr'>δὲ</span> <span class='ocrx_word' id='word_1_660' title='bbox 650 5751 785 5818; x_wconf 76' lang='grc' dir='ltr'>πρὸς</span> <span class='ocrx_word' id='word_1_661' title='bbox 819 5752 878 5803; x_wconf 83' lang='grc' dir='ltr'>τὸ</span> <span class='ocrx_word' id='word_1_662' title='bbox 941 5753 1145 5822; x_wconf 84' lang='grc' dir='ltr'>φέγγος</span> <span class='ocrx_word' id='word_1_663' title='bbox 1195 5754 1291 5826; x_wconf 79' lang='grc' dir='ltr'>τῆς</span> <span class='ocrx_word' id='word_1_664' title='bbox 1321 5758 1599 5828; x_wconf 71' lang='grc' dir='ltr'>ἀληθείας,</span> <span class='ocrx_word' id='word_1_665' title='bbox 1632 5766 1722 5815; x_wconf 71' lang='grc' dir='ltr'><strong>καὶ</strong></span> 
     </span>
    </p>
   </div>
   <div class='ocr_carea' id='block_1_91' title="bbox 165 5842 1711 5927">
    <p class='ocr_par' dir='ltr' id='par_1_91' title="bbox 165 5842 1711 5927">
     <span class='ocr_line' id='line_1_92' title="bbox 165 5842 1711 5927; baseline 0.008 -32"><span class='ocrx_word' id='word_1_666' title='bbox 165 5846 385 5899; x_wconf 69' lang='grc' dir='ltr'>συνεῖναι</span> <span class='ocrx_word' id='word_1_667' title='bbox 430 5842 516 5908; x_wconf 87' lang='grc' dir='ltr'><strong>τίς</strong></span> <span class='ocrx_word' id='word_1_668' title='bbox 548 5845 580 5915; x_wconf 79' lang='grc' dir='ltr'>ἡ</span> <span class='ocrx_word' id='word_1_669' title='bbox 614 5842 721 5897; x_wconf 83' lang='grc' dir='ltr'>τῶν</span> <span class='ocrx_word' id='word_1_670' title='bbox 761 5849 1059 5917; x_wconf 73' lang='grc' dir='ltr'>γινομένων</span> <span class='ocrx_word' id='word_1_671' title='bbox 1109 5850 1332 5921; x_wconf 67' lang='grc' dir='ltr'>δύναμις</span> <span class='ocrx_word' id='word_1_672' title='bbox 1369 5852 1471 5927; x_wconf 71' lang='grc' dir='ltr'>οὐχ</span> <span class='ocrx_word' id='word_1_673' title='bbox 1511 5851 1621 5921; x_wconf 73' lang='grc' dir='ltr'>οἰός</span> <span class='ocrx_word' id='word_1_674' title='bbox 1658 5874 1711 5910; x_wconf 71' lang='grc' dir='ltr'><strong>τι</strong></span> 
     </span>
    </p>
   </div>
   <div class='ocr_carea' id='block_1_92' title="bbox 1836 3276 3413 3356">
    <p class='ocr_par' dir='ltr' id='par_1_92' title="bbox 1836 3276 3413 3356">
     <span class='ocr_line' id='line_1_93' title="bbox 1836 3276 3413 3356; baseline 0.008 -27"><span class='ocrx_word' id='word_1_675' title='bbox 1836 3276 2192 3342; x_wconf 83' lang='lat' dir='ltr'><strong>adducerent,</strong></span> <span class='ocrx_word' id='word_1_676' title='bbox 2225 3288 2279 3333; x_wconf 92' lang='lat' dir='ltr'><strong>et</strong></span> <span class='ocrx_word' id='word_1_677' title='bbox 2308 3280 2360 3333; x_wconf 95' lang='lat' dir='ltr'><strong>in</strong></span> <span class='ocrx_word' id='word_1_678' title='bbox 2390 3296 2509 3335; x_wconf 89' lang='lat' dir='ltr'><strong>eam</strong></span> <span class='ocrx_word' id='word_1_679' title='bbox 2544 3280 2856 3351; x_wconf 83' lang='lat' dir='ltr'><strong>injicerent.</strong></span> <span class='ocrx_word' id='word_1_680' title='bbox 2882 3285 2959 3339; x_wconf 92' lang='lat' dir='ltr'><strong>sic</strong></span> <span class='ocrx_word' id='word_1_681' title='bbox 3020 3288 3270 3356; x_wconf 85' lang='lat' dir='ltr'><strong>protinus</strong></span> <span class='ocrx_word' id='word_1_682' title='bbox 3318 3304 3413 3343; x_wconf 78' lang='lat' dir='ltr'><strong>ex-</strong></span> 
     </span>
    </p>
   </div>
   <div class='ocr_carea' id='block_1_93' title="bbox 1834 3366 3412 3446">
    <p class='ocr_par' dir='ltr' id='par_1_93' title="bbox 1834 3366 3412 3446">
     <span class='ocr_line' id='line_1_94' title="bbox 1834 3366 3412 3446; baseline 0.008 -26"><span class='ocrx_word' id='word_1_683' title='bbox 1834 3368 2099 3421; x_wconf 88' lang='lat' dir='ltr'><strong>edendam</strong></span> <span class='ocrx_word' id='word_1_684' title='bbox 2154 3383 2183 3420; x_wconf 91' lang='lat' dir='ltr'><strong>a</strong></span> <span class='ocrx_word' id='word_1_685' title='bbox 2229 3369 2436 3423; x_wconf 87' lang='lat' dir='ltr'><strong>bestiis.</strong></span> <span class='ocrx_word' id='word_1_686' title='bbox 2491 3370 2779 3440; x_wconf 83' lang='lat' dir='ltr'><strong>Postquam</strong></span> <span class='ocrx_word' id='word_1_687' title='bbox 2826 3366 2955 3442; x_wconf 86' lang='lat' dir='ltr'><strong>ergo</strong></span> <span class='ocrx_word' id='word_1_688' title='bbox 3005 3379 3259 3446; x_wconf 74' lang='lat' dir='ltr'><strong>cognovit</strong></span> <span class='ocrx_word' id='word_1_689' title='bbox 3309 3379 3412 3433; x_wconf 85' lang='lat' dir='ltr'><strong>hoc</strong></span> 
     </span>
    </p>
   </div>
   <div class='ocr_carea' id='block_1_94' title="bbox 1834 3460 3409 3538">
    <p class='ocr_par' dir='ltr' id='par_1_94' title="bbox 1834 3460 3409 3538">
     <span class='ocr_line' id='line_1_95' title="bbox 1834 3460 3409 3538; baseline 0.009 -26"><span class='ocrx_word' id='word_1_690' title='bbox 1834 3460 2012 3524; x_wconf 74' lang='lat' dir='ltr'><strong>beata,</strong></span> <span class='ocrx_word' id='word_1_691' title='bbox 2064 3474 2161 3514; x_wconf 87' lang='lat' dir='ltr'><strong>sua</strong></span> <span class='ocrx_word' id='word_1_692' title='bbox 2219 3471 2415 3531; x_wconf 87' lang='lat' dir='ltr'><strong>sponte</strong></span> <span class='ocrx_word' id='word_1_693' title='bbox 2466 3471 2671 3526; x_wconf 87' lang='lat' dir='ltr'><strong>astans,</strong></span> <span class='ocrx_word' id='word_1_694' title='bbox 2736 3466 3099 3536; x_wconf 81' lang='lat' dir='ltr'><strong>exprobrabat</strong></span> <span class='ocrx_word' id='word_1_695' title='bbox 3162 3481 3409 3538; x_wconf 78' lang='lat' dir='ltr'><strong>tyranno.</strong></span> 
     </span>
    </p>
   </div>
   <div class='ocr_carea' id='block_1_95' title="bbox 1832 3551 3413 3623">
    <p class='ocr_par' dir='ltr' id='par_1_95' title="bbox 1832 3551 3413 3623">
     <span class='ocr_line' id='line_1_96' title="bbox 1832 3551 3413 3623; baseline 0.009 -20"><span class='ocrx_word' id='word_1_696' title='bbox 1832 3551 1976 3618; x_wconf 88' lang='lat' dir='ltr'><strong>quod</strong></span> <span class='ocrx_word' id='word_1_697' title='bbox 2026 3567 2114 3606; x_wconf 90' lang='lat' dir='ltr'><strong>res</strong></span> <span class='ocrx_word' id='word_1_698' title='bbox 2172 3553 2560 3623; x_wconf 76' lang='lat' dir='ltr'><strong>aggrederetur</strong></span> <span class='ocrx_word' id='word_1_699' title='bbox 2612 3555 2748 3611; x_wconf 88' lang='lat' dir='ltr'><strong>adeo</strong></span> <span class='ocrx_word' id='word_1_700' title='bbox 2807 3556 3110 3613; x_wconf 80' lang='lat' dir='ltr'><strong>ineﬂicaces</strong></span> <span class='ocrx_word' id='word_1_701' title='bbox 3148 3560 3413 3617; x_wconf 76' lang='lat' dir='ltr'><strong>adversus</strong></span> 
     </span>
    </p>
   </div>
   <div class='ocr_carea' id='block_1_96' title="bbox 1830 3642 3411 3720">
    <p class='ocr_par' dir='ltr' id='par_1_96' title="bbox 1830 3642 3411 3720">
     <span class='ocr_line' id='line_1_97' title="bbox 1830 3642 3411 3720; baseline 0.009 -27"><span class='ocrx_word' id='word_1_702' title='bbox 1830 3642 2034 3694; x_wconf 80' lang='lat' dir='ltr'><strong>Christi</strong></span> <span class='ocrx_word' id='word_1_703' title='bbox 2096 3657 2285 3696; x_wconf 87' lang='lat' dir='ltr'><strong>servos</strong></span> <span class='ocrx_word' id='word_1_704' title='bbox 2328 3660 2342 3696; x_wconf 92' lang='lat'><strong>:</strong></span> <span class='ocrx_word' id='word_1_705' title='bbox 2394 3647 2624 3713; x_wconf 89' lang='lat' dir='ltr'><strong>etquod</strong></span> <span class='ocrx_word' id='word_1_706' title='bbox 2683 3648 2958 3703; x_wconf 88' lang='lat' dir='ltr'><strong>videretur</strong></span> <span class='ocrx_word' id='word_1_707' title='bbox 3013 3651 3315 3720; x_wconf 88' lang='lat' dir='ltr'><strong>improbus,</strong></span> <span class='ocrx_word' id='word_1_708' title='bbox 3355 3662 3411 3707; x_wconf 87' lang='lat' dir='ltr'><strong>et</strong></span> 
     </span>
    </p>
   </div>
   <div class='ocr_carea' id='block_1_97' title="bbox 1833 3733 3407 3797">
    <p class='ocr_par' dir='ltr' id='par_1_97' title="bbox 1833 3733 3407 3797">
     <span class='ocr_line' id='line_1_98' title="bbox 1833 3733 3407 3797; baseline 0.008 -12"><span class='ocrx_word' id='word_1_709' title='bbox 1833 3733 2126 3787; x_wconf 81' lang='lat' dir='ltr'><strong>haberetur</strong></span> <span class='ocrx_word' id='word_1_710' title='bbox 2151 3733 2406 3789; x_wconf 86' lang='lat' dir='ltr'><strong>ludibrio.</strong></span> <span class='ocrx_word' id='word_1_711' title='bbox 2450 3734 2657 3790; x_wconf 90' lang='lat' dir='ltr'><strong>Deinde</strong></span> <span class='ocrx_word' id='word_1_712' title='bbox 2709 3755 2831 3791; x_wconf 85' lang='lat' dir='ltr'><strong>cum</strong></span> <span class='ocrx_word' id='word_1_713' title='bbox 2866 3755 3059 3795; x_wconf 88' lang='lat' dir='ltr'><strong>manus</strong></span> <span class='ocrx_word' id='word_1_714' title='bbox 3091 3742 3146 3794; x_wconf 90' lang='lat' dir='ltr'><strong>in</strong></span> <span class='ocrx_word' id='word_1_715' title='bbox 3207 3744 3407 3797; x_wconf 73' lang='lat' dir='ltr'><strong>cmlum</strong></span> 
     </span>
    </p>
   </div>
   <div class='ocr_carea' id='block_1_98' title="bbox 1830 3826 3409 3903">
    <p class='ocr_par' dir='ltr' id='par_1_98' title="bbox 1830 3826 3409 3903">
     <span class='ocr_line' id='line_1_99' title="bbox 1830 3826 3409 3903; baseline 0.008 -25"><span class='ocrx_word' id='word_1_716' title='bbox 1830 3826 2167 3888; x_wconf 89' lang='lat' dir='ltr'><strong>sustulisset,</strong></span> <span class='ocrx_word' id='word_1_717' title='bbox 2230 3836 2286 3881; x_wconf 88' lang='lat' dir='ltr'><strong>et</strong></span> <span class='ocrx_word' id='word_1_718' title='bbox 2332 3829 2522 3885; x_wconf 84' lang='lat' dir='ltr'><strong>oculos</strong></span> <span class='ocrx_word' id='word_1_719' title='bbox 2596 3830 2881 3900; x_wconf 85' lang='lat' dir='ltr'><strong>implesset</strong></span> <span class='ocrx_word' id='word_1_720' title='bbox 2929 3833 3178 3903; x_wconf 78' lang='lat' dir='ltr'><strong>lacrymis</strong></span> <span class='ocrx_word' id='word_1_721' title='bbox 3237 3835 3409 3890; x_wconf 74' lang='lat' dir='ltr'><strong>:l.ux</strong></span> 
     </span>
    </p>
   </div>
   <div class='ocr_carea' id='block_1_99' title="bbox 1831 3918 3409 4003">
    <p class='ocr_par' dir='ltr' id='par_1_99' title="bbox 1831 3918 3409 4003">
     <span class='ocr_line' id='line_1_100' title="bbox 1831 3918 3409 4003; baseline 0.008 -34"><span class='ocrx_word' id='word_1_722' title='bbox 1831 3932 1970 3981; x_wconf 85' lang='lat' dir='ltr'><strong>mea,</strong></span> <span class='ocrx_word' id='word_1_723' title='bbox 2021 3919 2177 3978; x_wconf 81' lang='lat' dir='ltr'><strong>dixit,</strong></span> <span class='ocrx_word' id='word_1_724' title='bbox 2215 3918 2364 3984; x_wconf 74' lang='lat' dir='ltr'><strong>Jusu,</strong></span> <span class='ocrx_word' id='word_1_725' title='bbox 2394 3937 2509 3974; x_wconf 89' lang='lat' dir='ltr'><strong>mea</strong></span> <span class='ocrx_word' id='word_1_726' title='bbox 2541 3922 2817 3992; x_wconf 87' lang='lat' dir='ltr'><strong>gloriatio,</strong></span> <span class='ocrx_word' id='word_1_727' title='bbox 2849 3940 2969 3979; x_wconf 89' lang='lat' dir='ltr'><strong>mea</strong></span> <span class='ocrx_word' id='word_1_728' title='bbox 3007 3927 3135 3989; x_wconf 84' lang='lat' dir='ltr'><strong>vita,</strong></span> <span class='ocrx_word' id='word_1_729' title='bbox 3192 3929 3409 4003; x_wconf 85' lang='lat' dir='ltr'><strong>adjutor</strong></span> 
     </span>
    </p>
   </div>
   <div class='ocr_carea' id='block_1_100' title="bbox 1830 4010 3406 4081">
    <p class='ocr_par' dir='ltr' id='par_1_100' title="bbox 1830 4010 3406 4081">
     <span class='ocr_line' id='line_1_101' title="bbox 1830 4010 3406 4081; baseline 0.006 -19"><span class='ocrx_word' id='word_1_730' title='bbox 1830 4023 1963 4065; x_wconf 77' lang='lat' dir='ltr'><strong>me:e</strong></span> <span class='ocrx_word' id='word_1_731' title='bbox 2011 4010 2423 4073; x_wconf 85' lang='lat' dir='ltr'><strong>imbecillitatis,</strong></span> <span class='ocrx_word' id='word_1_732' title='bbox 2468 4015 2562 4081; x_wconf 90' lang='lat' dir='ltr'><strong>qui</strong></span> <span class='ocrx_word' id='word_1_733' title='bbox 2628 4015 2682 4067; x_wconf 89' lang='lat' dir='ltr'><strong>in</strong></span> <span class='ocrx_word' id='word_1_734' title='bbox 2740 4016 2902 4069; x_wconf 89' lang='lat' dir='ltr'><strong>rebus</strong></span> <span class='ocrx_word' id='word_1_735' title='bbox 2963 4018 3143 4071; x_wconf 89' lang='lat' dir='ltr'><strong>dubiis</strong></span> <span class='ocrx_word' id='word_1_736' title='bbox 3196 4020 3406 4073; x_wconf 81' lang='lat' dir='ltr'><strong>facilem</strong></span> 
     </span>
    </p>
   </div>
   <div class='ocr_carea' id='block_1_101' title="bbox 1828 4102 3404 4176">
    <p class='ocr_par' dir='ltr' id='par_1_101' title="bbox 1828 4102 3404 4176">
     <span class='ocr_line' id='line_1_102' title="bbox 1828 4102 3404 4176; baseline 0.006 -23"><span class='ocrx_word' id='word_1_737' title='bbox 1828 4107 2033 4155; x_wconf 76' lang='lat' dir='ltr'><strong>exitum</strong></span> <span class='ocrx_word' id='word_1_738' title='bbox 2092 4102 2307 4157; x_wconf 85' lang='lat' dir='ltr'><strong>invenis</strong></span> <span class='ocrx_word' id='word_1_739' title='bbox 2371 4122 2383 4158; x_wconf 91' lang='lat'>:</span> <span class='ocrx_word' id='word_1_740' title='bbox 2439 4106 2531 4173; x_wconf 91' lang='lat' dir='ltr'><strong>qui</strong></span> <span class='ocrx_word' id='word_1_741' title='bbox 2606 4106 2796 4162; x_wconf 72' lang='lat' dir='ltr'><strong>bellua:</strong></span> <span class='ocrx_word' id='word_1_742' title='bbox 2850 4107 3066 4176; x_wconf 85' lang='lat' dir='ltr'><strong>quidem</strong></span> <span class='ocrx_word' id='word_1_743' title='bbox 3135 4121 3404 4175; x_wconf 87' lang='lat' dir='ltr'><strong>ventrem,</strong></span> 
     </span>
    </p>
   </div>
   <div class='ocr_carea' id='block_1_102' title="bbox 1828 4188 3404 4262">
    <p class='ocr_par' dir='ltr' id='par_1_102' title="bbox 1828 4188 3404 4262">
     <span class='ocr_line' id='line_1_103' title="bbox 1828 4188 3404 4262; baseline 0.006 -18"><span class='ocrx_word' id='word_1_744' title='bbox 1828 4188 1980 4246; x_wconf 75' lang='lat' dir='ltr'><strong>J0me</strong></span> <span class='ocrx_word' id='word_1_745' title='bbox 2010 4191 2297 4260; x_wconf 88' lang='lat' dir='ltr'><strong>pulchrum</strong></span> <span class='ocrx_word' id='word_1_746' title='bbox 2364 4193 2539 4248; x_wconf 83' lang='lat' dir='ltr'><strong>fecisti</strong></span> <span class='ocrx_word' id='word_1_747' title='bbox 2589 4196 2913 4262; x_wconf 86' lang='lat' dir='ltr'><strong>thalamum,</strong></span> <span class='ocrx_word' id='word_1_748' title='bbox 2956 4199 3171 4252; x_wconf 91' lang='lat' dir='ltr'><strong>leonum</strong></span> <span class='ocrx_word' id='word_1_749' title='bbox 3224 4209 3404 4253; x_wconf 85' lang='lat' dir='ltr'><strong>autem</strong></span> 
     </span>
    </p>
   </div>
   <div class='ocr_carea' id='block_1_103' title="bbox 1828 4280 3407 4348">
    <p class='ocr_par' dir='ltr' id='par_1_103' title="bbox 1828 4280 3407 4348">
     <span class='ocr_line' id='line_1_104' title="bbox 1828 4280 3407 4348; baseline 0.006 -17"><span class='ocrx_word' id='word_1_750' title='bbox 1828 4293 1920 4331; x_wconf 92' lang='lat' dir='ltr'><strong>ora</strong></span> <span class='ocrx_word' id='word_1_751' title='bbox 1950 4280 2186 4332; x_wconf 87' lang='lat' dir='ltr'><strong>revereri</strong></span> <span class='ocrx_word' id='word_1_752' title='bbox 2221 4281 2519 4342; x_wconf 86' lang='lat' dir='ltr'><strong>Danielem,</strong></span> <span class='ocrx_word' id='word_1_753' title='bbox 2552 4292 2609 4335; x_wconf 92' lang='lat' dir='ltr'><strong>tu</strong></span> <span class='ocrx_word' id='word_1_754' title='bbox 2658 4298 2765 4347; x_wconf 91' lang='lat' dir='ltr'><strong>me,</strong></span> <span class='ocrx_word' id='word_1_755' title='bbox 2823 4284 3072 4348; x_wconf 82' lang='lat' dir='ltr'><strong>Domine,</strong></span> <span class='ocrx_word' id='word_1_756' title='bbox 3110 4288 3284 4340; x_wconf 87' lang='lat' dir='ltr'><strong>valida</strong></span> <span class='ocrx_word' id='word_1_757' title='bbox 3351 4300 3407 4341; x_wconf 85' lang='lat' dir='ltr'><strong>et</strong></span> 
     </span>
    </p>
   </div>
   <div class='ocr_carea' id='block_1_104' title="bbox 1831 4371 3404 4449">
    <p class='ocr_par' dir='ltr' id='par_1_104' title="bbox 1831 4371 3404 4449">
     <span class='ocr_line' id='line_1_105' title="bbox 1831 4371 3404 4449; baseline 0.005 -25"><span class='ocrx_word' id='word_1_758' title='bbox 1831 4371 2033 4426; x_wconf 88' lang='lat' dir='ltr'><strong>invicta</strong></span> <span class='ocrx_word' id='word_1_759' title='bbox 2062 4380 2155 4426; x_wconf 90' lang='lat' dir='ltr'><strong>tua</strong></span> <span class='ocrx_word' id='word_1_760' title='bbox 2187 4387 2453 4427; x_wconf 87' lang='lat' dir='ltr'><strong>conserva</strong></span> <span class='ocrx_word' id='word_1_761' title='bbox 2483 4373 2731 4438; x_wconf 77' lang='lat' dir='ltr'><strong>dextera,</strong></span> <span class='ocrx_word' id='word_1_762' title='bbox 2769 4385 2831 4430; x_wconf 94' lang='lat' dir='ltr'><strong>ut</strong></span> <span class='ocrx_word' id='word_1_763' title='bbox 2864 4377 2964 4430; x_wconf 90' lang='lat' dir='ltr'><strong>sim</strong></span> <span class='ocrx_word' id='word_1_764' title='bbox 2999 4378 3217 4447; x_wconf 84' lang='lat' dir='ltr'><strong>quidem</strong></span> <span class='ocrx_word' id='word_1_765' title='bbox 3246 4394 3404 4449; x_wconf 85' lang='lat' dir='ltr'><strong>argu-</strong></span> 
     </span>
    </p>
   </div>
   <div class='ocr_carea' id='block_1_105' title="bbox 1832 4466 3402 4541">
    <p class='ocr_par' dir='ltr' id='par_1_105' title="bbox 1832 4466 3402 4541">
     <span class='ocr_line' id='line_1_106' title="bbox 1832 4466 3402 4541; baseline 0.005 -24"><span class='ocrx_word' id='word_1_766' title='bbox 1832 4474 2073 4518; x_wconf 87' lang='lat' dir='ltr'><strong>mentum</strong></span> <span class='ocrx_word' id='word_1_767' title='bbox 2105 4466 2289 4537; x_wconf 70' lang='lat' dir='ltr'><strong>gloriaa</strong></span> <span class='ocrx_word' id='word_1_768' title='bbox 2324 4466 2408 4529; x_wconf 87' lang='lat' dir='ltr'><strong>iis,</strong></span> <span class='ocrx_word' id='word_1_769' title='bbox 2455 4468 2547 4537; x_wconf 86' lang='lat' dir='ltr'><strong>qui</strong></span> <span class='ocrx_word' id='word_1_770' title='bbox 2608 4476 2757 4523; x_wconf 91' lang='lat' dir='ltr'><strong>tuam</strong></span> <span class='ocrx_word' id='word_1_771' title='bbox 2795 4469 2984 4529; x_wconf 88' lang='lat' dir='ltr'><strong>colunt</strong></span> <span class='ocrx_word' id='word_1_772' title='bbox 3035 4473 3331 4541; x_wconf 86' lang='lat' dir='ltr'><strong>potentiam</strong></span> <span class='ocrx_word' id='word_1_773' title='bbox 3390 4489 3402 4525; x_wconf 91' lang='lat'><strong>:</strong></span> 
     </span>
    </p>
   </div>
   <div class='ocr_carea' id='block_1_106' title="bbox 1765 4537 3405 4643">
    <p class='ocr_par' dir='ltr' id='par_1_106' title="bbox 1765 4537 3405 4643">
     <span class='ocr_line' id='line_1_107' title="bbox 1765 4537 3405 4643; baseline 0.005 -34"><span class='ocrx_word' id='word_1_774' title='bbox 1765 4537 1803 4588; x_wconf 71' lang='grc' dir='ltr'><strong>Ῐ)</strong></span> <span class='ocrx_word' id='word_1_775' title='bbox 1834 4558 2015 4612; x_wconf 81' lang='lat' dir='ltr'><strong>vultus</strong></span> <span class='ocrx_word' id='word_1_776' title='bbox 2038 4568 2225 4612; x_wconf 90' lang='lat' dir='ltr'><strong>autem</strong></span> <span class='ocrx_word' id='word_1_777' title='bbox 2260 4560 2576 4627; x_wconf 86' lang='lat' dir='ltr'><strong>impiorum,</strong></span> <span class='ocrx_word' id='word_1_778' title='bbox 2603 4559 2874 4615; x_wconf 89' lang='lat' dir='ltr'><strong>dedecore</strong></span> <span class='ocrx_word' id='word_1_779' title='bbox 2894 4537 3148 4631; x_wconf 77' lang='lat' dir='ltr'><strong>impleam</strong></span> <span class='ocrx_word' id='word_1_780' title='bbox 3168 4574 3221 4616; x_wconf 85' lang='lat' dir='ltr'><strong>et</strong></span> <span class='ocrx_word' id='word_1_781' title='bbox 3251 4564 3405 4643; x_wconf 77' lang='lat' dir='ltr'><strong>igno-</strong></span> 
     </span>
    </p>
   </div>
   <div class='ocr_carea' id='block_1_107' title="bbox 1831 4650 3404 4725">
    <p class='ocr_par' dir='ltr' id='par_1_107' title="bbox 1831 4650 3404 4725">
     <span class='ocr_line' id='line_1_108' title="bbox 1831 4650 3404 4725; baseline 0.006 -22"><span class='ocrx_word' id='word_1_782' title='bbox 1831 4650 2019 4703; x_wconf 89' lang='lat' dir='ltr'><strong>minia.</strong></span> <span class='ocrx_word' id='word_1_783' title='bbox 2054 4650 2186 4704; x_wconf 90' lang='lat' dir='ltr'><strong>Cum</strong></span> <span class='ocrx_word' id='word_1_784' title='bbox 2218 4651 2298 4704; x_wconf 91' lang='lat' dir='ltr'><strong>sic</strong></span> <span class='ocrx_word' id='word_1_785' title='bbox 2329 4658 2547 4718; x_wconf 86' lang='lat' dir='ltr'><strong>precata</strong></span> <span class='ocrx_word' id='word_1_786' title='bbox 2582 4661 2822 4716; x_wconf 87' lang='lat' dir='ltr'><strong>esset,et</strong></span> <span class='ocrx_word' id='word_1_787' title='bbox 2880 4668 2940 4707; x_wconf 89' lang='lat' dir='ltr'><strong>se</strong></span> <span class='ocrx_word' id='word_1_788' title='bbox 2994 4662 3108 4711; x_wconf 87' lang='lat' dir='ltr'><strong>toto</strong></span> <span class='ocrx_word' id='word_1_789' title='bbox 3139 4655 3404 4725; x_wconf 77' lang='lat' dir='ltr'><strong>signasset</strong></span> 
     </span>
    </p>
   </div>
   <div class='ocr_carea' id='block_1_108' title="bbox 1829 4740 3402 4811">
    <p class='ocr_par' dir='ltr' id='par_1_108' title="bbox 1829 4740 3402 4811">
     <span class='ocr_line' id='line_1_109' title="bbox 1829 4740 3402 4811; baseline 0.008 -20"><span class='ocrx_word' id='word_1_790' title='bbox 1829 4754 2079 4808; x_wconf 83' lang='lat' dir='ltr'><strong>corpore,</strong></span> <span class='ocrx_word' id='word_1_791' title='bbox 2107 4740 2161 4792; x_wconf 90' lang='lat' dir='ltr'><strong>in</strong></span> <span class='ocrx_word' id='word_1_792' title='bbox 2195 4752 2391 4809; x_wconf 85' lang='lat' dir='ltr'><strong>aquam</strong></span> <span class='ocrx_word' id='word_1_793' title='bbox 2426 4740 2548 4796; x_wconf 83' lang='lat' dir='ltr'><strong>forti</strong></span> <span class='ocrx_word' id='word_1_794' title='bbox 2582 4751 2635 4796; x_wconf 87' lang='lat' dir='ltr'><strong>et</strong></span> <span class='ocrx_word' id='word_1_795' title='bbox 2663 4757 2931 4811; x_wconf 88' lang='lat' dir='ltr'><strong>generoso</strong></span> <span class='ocrx_word' id='word_1_796' title='bbox 2960 4748 3144 4801; x_wconf 88' lang='lat' dir='ltr'><strong>animo</strong></span> <span class='ocrx_word' id='word_1_797' title='bbox 3175 4750 3402 4803; x_wconf 74' lang='lat' dir='ltr'><strong>insiluit.</strong></span> 
     </span>
    </p>
   </div>
   <div class='ocr_carea' id='block_1_109' title="bbox 1830 4832 3402 4910">
    <p class='ocr_par' dir='ltr' id='par_1_109' title="bbox 1830 4832 3402 4910">
     <span class='ocr_line' id='line_1_110' title="bbox 1830 4832 3402 4910; baseline 0.007 -24"><span class='ocrx_word' id='word_1_798' title='bbox 1830 4832 2023 4886; x_wconf 77' lang='lat' dir='ltr'><strong>Bestiae</strong></span> <span class='ocrx_word' id='word_1_799' title='bbox 2047 4841 2227 4886; x_wconf 89' lang='lat' dir='ltr'><strong>autem</strong></span> <span class='ocrx_word' id='word_1_800' title='bbox 2263 4834 2514 4903; x_wconf 89' lang='lat' dir='ltr'><strong>protinus</strong></span> <span class='ocrx_word' id='word_1_801' title='bbox 2552 4835 2774 4901; x_wconf 87' lang='lat' dir='ltr'><strong>quidem</strong></span> <span class='ocrx_word' id='word_1_802' title='bbox 2800 4850 2924 4890; x_wconf 91' lang='lat' dir='ltr'><strong>cum</strong></span> <span class='ocrx_word' id='word_1_803' title='bbox 2950 4853 3143 4909; x_wconf 89' lang='lat' dir='ltr'><strong>magno</strong></span> <span class='ocrx_word' id='word_1_804' title='bbox 3199 4840 3402 4910; x_wconf 89' lang='lat' dir='ltr'><strong>impetu</strong></span> 
     </span>
    </p>
   </div>
   <div class='ocr_carea' id='block_1_110' title="bbox 1828 4926 3406 5003">
    <p class='ocr_par' dir='ltr' id='par_1_110' title="bbox 1828 4926 3406 5003">
     <span class='ocr_line' id='line_1_111' title="bbox 1828 4926 3406 5003; baseline 0.006 -25"><span class='ocrx_word' id='word_1_805' title='bbox 1828 4932 2525 4993; x_wconf 47' lang='lat' dir='ltr'><strong>at&#39;cesserunt;postquam</strong></span> <span class='ocrx_word' id='word_1_806' title='bbox 2578 4940 2704 4979; x_wconf 90' lang='lat' dir='ltr'><strong>vero</strong></span> <span class='ocrx_word' id='word_1_807' title='bbox 2734 4926 2955 4980; x_wconf 82' lang='lat' dir='ltr'><strong>fuerunt</strong></span> <span class='ocrx_word' id='word_1_808' title='bbox 2988 4943 3159 4998; x_wconf 88' lang='lat' dir='ltr'><strong>prope</strong></span> <span class='ocrx_word' id='word_1_809' title='bbox 3206 4947 3406 5003; x_wconf 81' lang='lat' dir='ltr'><strong>corpus</strong></span> 
     </span>
    </p>
   </div>
   <div class='ocr_carea' id='block_1_111' title="bbox 1832 5017 3405 5088">
    <p class='ocr_par' dir='ltr' id='par_1_111' title="bbox 1832 5017 3405 5088">
     <span class='ocr_line' id='line_1_112' title="bbox 1832 5017 3405 5088; baseline 0.003 -16"><span class='ocrx_word' id='word_1_810' title='bbox 1832 5020 2102 5088; x_wconf 86' lang='lat' dir='ltr'><strong>martyris,</strong></span> <span class='ocrx_word' id='word_1_811' title='bbox 2132 5018 2234 5071; x_wconf 85' lang='lat' dir='ltr'><strong>cibi</strong></span> <span class='ocrx_word' id='word_1_812' title='bbox 2260 5017 2484 5070; x_wconf 86' lang='lat' dir='ltr'><strong>omnino</strong></span> <span class='ocrx_word' id='word_1_813' title='bbox 2521 5028 2648 5071; x_wconf 90' lang='lat' dir='ltr'><strong>sunt</strong></span> <span class='ocrx_word' id='word_1_814' title='bbox 2696 5019 2897 5083; x_wconf 64' lang='lat' dir='ltr'><strong>oblitae,</strong></span> <span class='ocrx_word' id='word_1_815' title='bbox 2928 5030 2981 5072; x_wconf 88' lang='lat' dir='ltr'><strong>et</strong></span> <span class='ocrx_word' id='word_1_816' title='bbox 3033 5022 3233 5074; x_wconf 73' lang='lat' dir='ltr'><strong>functae</strong></span> <span class='ocrx_word' id='word_1_817' title='bbox 3280 5038 3405 5077; x_wconf 87' lang='lat' dir='ltr'><strong>sunt</strong></span> 
     </span>
    </p>
   </div>
   <div class='ocr_carea' id='block_1_112' title="bbox 1829 5110 3401 5181">
    <p class='ocr_par' dir='ltr' id='par_1_112' title="bbox 1829 5110 3401 5181">
     <span class='ocr_line' id='line_1_113' title="bbox 1829 5110 3401 5181; baseline 0.002 -16"><span class='ocrx_word' id='word_1_818' title='bbox 1829 5126 2053 5165; x_wconf 68' lang='lat' dir='ltr'><strong>minuere</strong></span> <span class='ocrx_word' id='word_1_819' title='bbox 2086 5110 2377 5163; x_wconf 87' lang='lat' dir='ltr'><strong>satellitum</strong></span> <span class='ocrx_word' id='word_1_820' title='bbox 2409 5125 2423 5161; x_wconf 88' lang='lat'><strong>:</strong></span> <span class='ocrx_word' id='word_1_821' title='bbox 2467 5119 2523 5164; x_wconf 91' lang='lat' dir='ltr'><strong>et</strong></span> <span class='ocrx_word' id='word_1_822' title='bbox 2555 5120 2842 5181; x_wconf 83' lang='lat' dir='ltr'><strong>martyrem</strong></span> <span class='ocrx_word' id='word_1_823' title='bbox 2876 5114 3235 5181; x_wconf 58' lang='lat' dir='ltr'><strong>excipientes.</strong></span> <span class='ocrx_word' id='word_1_824' title='bbox 3281 5131 3401 5169; x_wconf 85' lang='lat' dir='ltr'><strong>eam</strong></span> 
     </span>
    </p>
   </div>
   <div class='ocr_carea' id='block_1_113' title="bbox 1828 5202 3404 5276">
    <p class='ocr_par' dir='ltr' id='par_1_113' title="bbox 1828 5202 3404 5276">
     <span class='ocr_line' id='line_1_114' title="bbox 1828 5202 3404 5276; baseline 0.006 -21"><span class='ocrx_word' id='word_1_825' title='bbox 1828 5204 2003 5257; x_wconf 78' lang='lat' dir='ltr'><strong>dorsis</strong></span> <span class='ocrx_word' id='word_1_826' title='bbox 2040 5202 2153 5256; x_wconf 86' lang='lat' dir='ltr'><strong>suis</strong></span> <span class='ocrx_word' id='word_1_827' title='bbox 2182 5204 2545 5266; x_wconf 84' lang='lat' dir='ltr'><strong>sustinebant,</strong></span> <span class='ocrx_word' id='word_1_828' title='bbox 2585 5207 2810 5273; x_wconf 88' lang='lat' dir='ltr'><strong>perinde</strong></span> <span class='ocrx_word' id='word_1_829' title='bbox 2846 5222 2909 5261; x_wconf 88' lang='lat' dir='ltr'><strong>ac</strong></span> <span class='ocrx_word' id='word_1_830' title='bbox 2947 5210 2991 5261; x_wconf 88' lang='lat' dir='ltr'><strong>si</strong></span> <span class='ocrx_word' id='word_1_831' title='bbox 3045 5209 3166 5276; x_wconf 81' lang='lat' dir='ltr'><strong>ejus</strong></span> <span class='ocrx_word' id='word_1_832' title='bbox 3214 5226 3404 5265; x_wconf 88' lang='lat' dir='ltr'><strong>curam</strong></span> 
     </span>
    </p>
   </div>
   <div class='ocr_carea' id='block_1_114' title="bbox 1826 5296 3401 5370">
    <p class='ocr_par' dir='ltr' id='par_1_114' title="bbox 1826 5296 3401 5370">
     <span class='ocr_line' id='line_1_115' title="bbox 1826 5296 3401 5370; baseline 0.005 -23"><span class='ocrx_word' id='word_1_833' title='bbox 1826 5304 2102 5363; x_wconf 77' lang='lat' dir='ltr'><strong>gererent,</strong></span> <span class='ocrx_word' id='word_1_834' title='bbox 2135 5312 2205 5350; x_wconf 90' lang='lat' dir='ltr'><strong>ne</strong></span> <span class='ocrx_word' id='word_1_835' title='bbox 2241 5297 2368 5364; x_wconf 91' lang='lat' dir='ltr'><strong>quid</strong></span> <span class='ocrx_word' id='word_1_836' title='bbox 2409 5296 2459 5348; x_wconf 90' lang='lat' dir='ltr'><strong>ei</strong></span> <span class='ocrx_word' id='word_1_837' title='bbox 2493 5313 2657 5366; x_wconf 88' lang='lat' dir='ltr'><strong>grave</strong></span> <span class='ocrx_word' id='word_1_838' title='bbox 2693 5300 2939 5353; x_wconf 83' lang='lat' dir='ltr'><strong>eveniret</strong></span> <span class='ocrx_word' id='word_1_839' title='bbox 2990 5302 3042 5355; x_wconf 90' lang='lat' dir='ltr'><strong>in</strong></span> <span class='ocrx_word' id='word_1_840' title='bbox 3078 5317 3273 5370; x_wconf 86' lang='lat' dir='ltr'><strong>aquam</strong></span> <span class='ocrx_word' id='word_1_841' title='bbox 3304 5304 3401 5355; x_wconf 83' lang='lat' dir='ltr'><strong>de—</strong></span> 
     </span>
    </p>
   </div>
   <div class='ocr_carea' id='block_1_115' title="bbox 1828 5386 2133 5441">
    <p class='ocr_par' dir='ltr' id='par_1_115' title="bbox 1828 5386 2133 5441">
     <span class='ocr_line' id='line_1_116' title="bbox 1828 5386 2133 5441; baseline 0.007 -2"><span class='ocrx_word' id='word_1_842' title='bbox 1828 5386 2133 5441; x_wconf 82' lang='lat' dir='ltr'><strong>sccndentt.</strong></span> 
     </span>
    </p>
   </div>
   <div class='ocr_carea' id='block_1_116' title="bbox 1899 5582 3393 5653">
    <p class='ocr_par' dir='ltr' id='par_1_116' title="bbox 1899 5582 3393 5653">
     <span class='ocr_line' id='line_1_117' title="bbox 1899 5582 3393 5653; baseline 0.003 -17"><span class='ocrx_word' id='word_1_843' title='bbox 1899 5583 2016 5639; x_wconf 79' lang='lat' dir='ltr'><strong>XII.</strong></span> <span class='ocrx_word' id='word_1_844' title='bbox 2050 5582 2264 5638; x_wconf 79' lang='lat' dir='ltr'><strong>Priscus</strong></span> <span class='ocrx_word' id='word_1_845' title='bbox 2304 5595 2485 5637; x_wconf 83' lang='lat' dir='ltr'><strong>autem</strong></span> <span class='ocrx_word' id='word_1_846' title='bbox 2522 5583 2663 5652; x_wconf 85' lang='lat' dir='ltr'><strong>apud</strong></span> <span class='ocrx_word' id='word_1_847' title='bbox 2695 5598 2751 5638; x_wconf 82' lang='lat' dir='ltr'><strong>se</strong></span> <span class='ocrx_word' id='word_1_848' title='bbox 2782 5583 3104 5653; x_wconf 82' lang='lat' dir='ltr'><strong>conjiciens,</strong></span> <span class='ocrx_word' id='word_1_849' title='bbox 3148 5600 3267 5653; x_wconf 67' lang='lat' dir='ltr'><strong>qua:</strong></span> <span class='ocrx_word' id='word_1_850' title='bbox 3301 5586 3393 5641; x_wconf 84' lang='lat' dir='ltr'><strong>lie-</strong></span> 
     </span>
    </p>
   </div>
   <div class='ocr_carea' id='block_1_117' title="bbox 1828 5675 3399 5745">
    <p class='ocr_par' dir='ltr' id='par_1_117' title="bbox 1828 5675 3399 5745">
     <span class='ocr_line' id='line_1_118' title="bbox 1828 5675 3399 5745; baseline 0.004 -19"><span class='ocrx_word' id='word_1_851' title='bbox 1828 5676 1957 5729; x_wconf 89' lang='lat' dir='ltr'><strong>bant</strong></span> <span class='ocrx_word' id='word_1_852' title='bbox 1993 5675 2404 5739; x_wconf 85' lang='lat' dir='ltr'><strong>admirabiliter,</strong></span> <span class='ocrx_word' id='word_1_853' title='bbox 2438 5684 2555 5728; x_wconf 89' lang='lat' dir='ltr'><strong>erat</strong></span> <span class='ocrx_word' id='word_1_854' title='bbox 2616 5677 2835 5745; x_wconf 89' lang='lat' dir='ltr'><strong>quidem</strong></span> <span class='ocrx_word' id='word_1_855' title='bbox 2882 5678 3049 5731; x_wconf 89' lang='lat' dir='ltr'><strong>animi</strong></span> <span class='ocrx_word' id='word_1_856' title='bbox 3083 5677 3297 5742; x_wconf 86' lang='lat' dir='ltr'><strong>dubius,</strong></span> <span class='ocrx_word' id='word_1_857' title='bbox 3345 5688 3399 5733; x_wconf 83' lang='lat' dir='ltr'><strong>et</strong></span> 
     </span>
    </p>
   </div>
   <div class='ocr_carea' id='block_1_118' title="bbox 1827 5767 3394 5837">
    <p class='ocr_par' dir='ltr' id='par_1_118' title="bbox 1827 5767 3394 5837">
     <span class='ocr_line' id='line_1_119' title="bbox 1827 5767 3394 5837; baseline 0.002 -19"><span class='ocrx_word' id='word_1_858' title='bbox 1827 5767 2200 5820; x_wconf 74' lang='lat' dir='ltr'><strong>admirabatur</strong></span> <span class='ocrx_word' id='word_1_859' title='bbox 2235 5782 2248 5818; x_wconf 93' lang='lat'><strong>:</strong></span> <span class='ocrx_word' id='word_1_860' title='bbox 2279 5783 2401 5820; x_wconf 89' lang='lat' dir='ltr'><strong>cum</strong></span> <span class='ocrx_word' id='word_1_861' title='bbox 2440 5769 2686 5837; x_wconf 81' lang='lat' dir='ltr'><strong>aspicere</strong></span> <span class='ocrx_word' id='word_1_862' title='bbox 2722 5778 2903 5822; x_wconf 86' lang='lat' dir='ltr'><strong>autem</strong></span> <span class='ocrx_word' id='word_1_863' title='bbox 2931 5769 2996 5821; x_wconf 86' lang='lat' dir='ltr'><strong>ad</strong></span> <span class='ocrx_word' id='word_1_864' title='bbox 3036 5769 3211 5822; x_wconf 77' lang='lat' dir='ltr'><strong>lucem</strong></span> <span class='ocrx_word' id='word_1_865' title='bbox 3250 5788 3394 5821; x_wconf 61' lang='grc' dir='ltr'>κοτι-</span> 
     </span>
    </p>
   </div>
   <div class='ocr_carea' id='block_1_119' title="bbox 1828 5857 3391 5930">
    <p class='ocr_par' dir='ltr' id='par_1_119' title="bbox 1828 5857 3391 5930">
     <span class='ocr_line' id='line_1_120' title="bbox 1828 5857 3391 5930; baseline -0.003 -15"><span class='ocrx_word' id='word_1_866' title='bbox 1828 5858 1974 5926; x_wconf 88' lang='lat' dir='ltr'><strong>tatis,</strong></span> <span class='ocrx_word' id='word_1_867' title='bbox 2008 5870 2060 5915; x_wconf 82' lang='lat' dir='ltr'><strong>et</strong></span> <span class='ocrx_word' id='word_1_868' title='bbox 2096 5857 2394 5930; x_wconf 71' lang='lat' dir='ltr'><strong>intelligere</strong></span> <span class='ocrx_word' id='word_1_869' title='bbox 2415 5875 2658 5929; x_wconf 69' lang='lat' dir='ltr'><strong>quaenam</strong></span> <span class='ocrx_word' id='word_1_870' title='bbox 2689 5870 2833 5916; x_wconf 79' lang='lat' dir='ltr'><strong>esset</strong></span> <span class='ocrx_word' id='word_1_871' title='bbox 2869 5876 3056 5915; x_wconf 84' lang='lat' dir='ltr'><strong>eorum</strong></span> <span class='ocrx_word' id='word_1_872' title='bbox 3095 5875 3211 5929; x_wconf 64' lang='lat' dir='ltr'><strong>qua:</strong></span> <span class='ocrx_word' id='word_1_873' title='bbox 3236 5862 3391 5912; x_wconf 86' lang='lat' dir='ltr'><strong>tlunt.</strong></span> 
     </span>
    </p>
   </div>
  </div>
