3970 6446
547 344 651 408 7ἳ7

1781 359 2066 426 MENSIS
2107 364 2582 435 SEPTEMBER.

3708 388 3815 451 728

544 458 739 521 virtus,
775 473 882 514 non
939 469 1146 533 posset,
1209 466 1480 525 undenam
1526 470 1631 528 hoc
1666 484 1835 539 esset,
1904 478 2133 550 rogabat

2238 480 2331 547 ὣν,
2350 484 2516 538 πόθεν
2548 484 2615 539 ἂν
2636 486 2722 557 ιῖη
2756 485 2917 543 τοῦτο
2950 490 3085 560 πρὸς
3134 491 3226 547 τὸν
3263 493 3619 552 ’Λπελλιανδν
3652 499 3813 554 ὲπυν-

543 548 913 617 Apellianum.
961 550 1100 610 Ecce
1155 557 1325 625 enim,
1379 570 1438 615 ut
1489 562 1661 629 vides,
1731 574 1788 620 et
1837 548 2003 639 ignis,
2072 578 2125 623 et

2232 572 2441 629 θάνετο.
2459 578 2591 631 Ἰδοὺ
2625 578 2757 649 γὰρ,
2787 579 2864 642 ὡς
2893 581 3049 651 ὁρᾷς,
3072 582 3167 636 καὶ
3194 582 3327 654 πῦρ,
3350 588 3445 640 καὶ⁵
3476 589 3708 659 πληγαὶ.
3730 590 3817 644 καὶ

544 640 734 710 plagae.
759 647 814 696 et
845 653 999 709 rotas,
1032 650 1087 701 et
1117 642 1323 715 bestize,
1348 651 1415 705 ab
1449 668 1556 709 una
1589 654 1792 712 femina
1822 658 1963 719 victa
1997 670 2128 716 sunt

2238 669 2437 739 τροχοὶ,
2468 669 2564 721 καὶ
2598 640 2786 737 θηρία,
2811 640 2941 740 μιᾶς
2970 640 3254 741 ’γυναικδς
3273 640 3585 749 ηττηνται.
3603 640 3813 739 ’πάντα

545 731 749 785 omnia.
792 732 886 789 Ille
922 746 1103 792 autem
1137 738 1288 810 (quid
1343 744 1492 798 enim
1556 744 1700 801 aliud
1758 751 2130 808 existimasset

547 823 781 879 scelesta
827 826 1033 893 anima,
1074 837 1131 885 et
1162 832 1229 886 ad
1262 833 1503 889 divinam
1536 838 1713 894 lucem
1746 839 1906 911 plane
1953 858 2129 900 caecu-

546 915 743 986 tiens?)
775 920 1063 991 praestigiis
1090 932 1145 977 et
1183 925 1394 982 artibus
1422 930 1644 998 magicis
1664 933 1977 988 ascribebat
2004 934 2130 989 uni-

546 1020 791 1073 versum,
839 1018 895 1062 et
925 1025 1045 1064 eam
1080 1014 1161 1067 sic
1196 1014 1408 1072 dicebat
1460 1013 1696 1086 allicere,
1728 1032 1788 1075 ut
1845 1032 1991 1078 esset
2033 1040 2127 1079 su-

546 1100 756 1167 perior.
787 1101 884 1155 Cui
916 1105 1240 1172 proconsul,
1270 1108 1499 1178 perinde
1527 1126 1592 1165 ac
1620 1112 1823 1167 mentis
1856 1113 2129 1183 profunda

546 1202 871 1259 penetrans,
909 1207 963 1251 et
995 1196 1247 1254 altiorem
1277 1200 1545 1257 inducens
1580 1203 2065 1277 interrogationem
2112 1226 2125 1264 :

547 1280 662 1337 Cur
699 1291 908 1349 autem,
972 1287 1170 1357 inquit,
1220 1306 1330 1345 non
1384 1292 1483 1347 ulti
1534 1302 1662 1348 sunt
1706 1310 1825 1350 eam
1863 1296 1963 1362 dii,
2004 1314 2130 1354 eum

550 1375 726 1429 malos
766 1376 895 1432 odio
947 1378 1224 1436 habeant?
1281 1381 1374 1437 Ille
1413 1399 1543 1439 vero
1595 1402 1719 1441 cum
1776 1404 1885 1443 non
1944 1402 2133 1459 posset

546 1484 734 1524 veram
773 1472 1001 1528 reddere
1035 1476 1330 1542 rationem,
1357 1476 1784 1534 imbecillitatem
1814 1482 2133 1539 nominabat

545 1559 937 1633 benignitatem
984 1581 999 1619 :
1058 1566 1195 1620 Cum
1245 1567 1373 1632 sint,
1449 1570 1646 1639 inquit,
1692 1572 2015 1639 clementes,
2081 1575 2133 1631 ei

546 1664 941 1723 pepercerunt.
968 1653 1192 1711 Interim
1218 1669 1442 1731 martyr,
1477 1675 1603 1715 cum
1635 1662 1847 1733 integra
1867 1675 1920 1721 et
1966 1668 2131 1723 illaasa

543 1746 861 1801 emersisset
918 1762 983 1802 ex
1039 1764 1200 1819 aqua,
1253 1750 1566 1808 videntibus
1648 1755 1926 1822 omnibus,
1958 1760 2134 1815 astitit

545 1852 733 1893 coram
765 1841 1118 1909 proconsule.
1155 1841 1397 1915 Tyranni
1459 1854 1643 1899 autem
1685 1846 1849 1901 simul
1900 1850 2044 1903 inter
2073 1867 2131 1907 se
2160 1823 2206 1883 Β

546 1928 919 1995 disserebant,
948 1946 1057 1985 non
1085 1933 1138 1985 in
1182 1935 1421 2000 occulto,
1452 1935 1546 1990 sed
1588 1938 1766 2007 palam
1795 1954 1807 1991 :
1844 1939 1915 1994 ita
1951 1951 2008 1995 ut
2037 1943 2129 2012 qui

546 2022 802 2087 aderant,
842 2025 1118 2093 audirent,
1156 2037 1211 2082 et
1244 2028 1451 2099 aliquid
1501 2030 1889 2088 lucrifacerent
1944 2052 2008 2090 ex
2065 2038 2131 2094 iis

544 2130 666 2182 quae
700 2114 1050 2181 dicebantur,
1084 2133 1215 2175 suos
1237 2120 1371 2177 deos
1397 2131 1493 2177 aut
1525 2123 1803 2179 daemones
1826 2126 2131 2187 defenden-

548 2214 655 2273 tes,
691 2218 744 2263 et
768 2212 1070 2283 praeStigias
1104 2220 1159 2266 et
1213 2225 1385 2269 artem
1425 2217 1693 2286 magicam
1757 2221 2133 2277 attribuebant

547 2300 798 2371 martyri,
834 2309 888 2356 et
936 2317 997 2356 ea
1046 2302 1305 2357 dicebant
1368 2306 1539 2373 ipsam
1606 2322 1777 2376 aquas
1820 2326 2130 2378 superasse.

546 2388 780 2463 Propter
844 2394 959 2447 haec
999 2408 1121 2449 cum
1171 2392 1393 2450 Priscus
1455 2396 1619 2451 simul
1677 2413 1800 2453 cum
1859 2415 2135 2458 assessore

546 2486 811 2556 perplexo
843 2497 1030 2542 essent
1061 2490 1266 2555 animo,
1296 2501 1351 2546 et
1382 2492 1660 2547 nescirent
1691 2493 1950 2563 quidnam
1993 2494 2136 2553 face-

546 2579 674 2632 rent
704 2578 963 2648 amplius,
1012 2590 1267 2650 tanquam
1302 2584 1355 2636 in
1415 2584 1706 2638 consilium
1761 2601 1914 2645 suam
1975 2589 2136 2644 adhi-

548 2669 745 2727 bentes
780 2671 1070 2734 saevitiam.
1114 2672 1181 2727 ad
1232 2675 1571 2743 puniendum
1605 2693 1799 2734 rursus
1836 2695 1893 2734 se
1937 2692 2133 2737 contu-

546 2760 752 2818 lerunt.
790 2763 932 2830 Quid
966 2765 1110 2821 enim
1132 2780 1357 2838 possent
1397 2771 1543 2825 aliud
1573 2773 1773 2837 facere,
1801 2790 1925 2831 cum
1946 2784 2138 2831 essent

546 2854 803 2926 discipuli
838 2856 979 2927 ejus,
1025 2858 1115 2928 qui
1174 2857 1275 2914 fuit
1305 2859 1577 2915 homicida
1630 2861 1698 2916 ab
1755 2861 1914 2917 initio
1947 2862 2007 2917 '?
2056 2862 2135 2917 Illi

547 2961 680 3019 ergo
716 2964 910 3005 rursus
966 2951 1386 3017 exsculpserunt
1442 2952 1671 3024 lapides,
1715 2964 1769 3009 et
1833 2953 2137 3011 ell‘ecerunt

547 3052 741 3098 acutos
769 3042 1090 3113 ferreosque
1121 3046 1415 3114 obeliscos,
1461 3055 1517 3102 et
1549 3063 1730 3104 serras
1779 3059 1911 3107 sunt
1967 3049 2136 3105 fabri-

2242 757 2301 813 'O
2329 759 2387 815 δὲ
2437 761 2551 831 (καὶ
2618 762 2672 816 τί
2714 764 2825 836 γὰρ
2856 764 3006 830 ἄλλο,
3050 768 3197 839 ψυχὴ
3231 771 3404 842 μιαρὰ
3434 772 3530 826 καὶ
3588 776 3728 844 πρὸς
3757 777 3815 830 τὺ

2231 853 2373 908 θεῖον
2423 854 2809 924 τυφλώττουσα
2880 858 2995 928 φῶς
3048 861 3317 915 ὑπέλαϐεν
3352 863 3489 931 an)
3539 867 3814 936 γοητείαις

2230 949 2402 1003 ἒδίδου
2435 949 2496 1002 τὸ
2538 952 2671 1013 πᾶν,
2698 952 2795 1005 καὶ
2816 947 2990 1016 οὕτως
3041 955 3229 1019 ἔλεγεν
3257 954 3394 1026 αὐτῇ
3429 958 3808 1025 περιγίνεσθαι

2230 1044 2298 1097 τὰ
2358 1042 2499 1097 κατὰ
2543 1043 2772 1113 γνώμην
2836 1044 3042 1100 ἀνύειν.
3106 1048 3254 1117 Πρὸς
3308 1050 3367 1102 ὃν
3403 1050 3432 1101 ό
3485 1049 3817 1114 ἀνθύπατος,

2231 1132 2421 1208 ὥσπερ
2449 1138 2529 1201 είς
2562 1135 2688 1191 νοῧν
2721 1136 2945 1207 βάπτων
2978 1138 3073 1191 καὶ
3108 1138 3416 1209 βαθυτέρας
3449 1144 3657 1213 φρενὸς
3685 1146 3815 1199 ἒπά·

2232 1246 2344 1296 γων
2374 1227 2732 1299 ἐρωτήματα,
2758 1228 2823 1281 Τί
2848 1229 2906 1283 δδ
2940 1229 3014 1300 μὴ
3040 1229 3320 1301 ἠμύναντο
3352 1232 3565 1301 ταύτην
3593 1235 3642 1286 οἱ
3689 1235 3814 1296 θεοί,

2231 1320 2359 1390 ἐφη,
2383 1321 2737 1390 μισοπόνηροι
2764 1320 2943 1385 δντεςς
2971 1323 3079 1374 Καὶ
3127 1322 3188 1385 ὃς
3234 1320 3335 1375 οὒκ
3365 1323 3509 1393 ἔχων
3563 1325 3677 1378 ἀπὸ
3725 1327 3819 1393 τῆς

2232 1410 2491 1482 ἀληθείας
2526 1412 2722 1473 εἰπεῖν,
2754 1411 3171 1482 φιλανθρωπίαν
3200 1411 3455 1484 ὠνόμαζε
3502 1417 3608 1486 τὴν
3658 1416 3817 1470 ἀσθέο

2233 1518 2402 1565 νειαν,
2433 1501 2696 1571 Εὐμενεῖς
2726 1505 2903 1566 ὄντες,
2926 1503 3124 1571 λέγων,
3150 1505 3437 1572 ἐφείσαντο
3465 1506 3697 1577 ταύτης.
3734 1506 3823 1560 Ἑν

2231 1590 2406 1662 τούτῳ
2440 1591 2563 1663 δὲή
2609 1592 2841 1663 μάρτυς,
2870 1592 3117 1662 ἀϐλαϐὴς
3164 1594 3258 1648 τοῦ
3314 1592 3507 1659 ὕδατος
3559 1597 3820 1661 άναδῦσα,

2234 1684 2454 1738 πάντων
2476 1684 2754 1754 ὁρώντων,
2781 1687 3033 1757 παρέστη
3057 1686 3138 1757 τῷ
3186 1687 3485 1759 ἀνθυπάτῳ
3509 1705 3525 1720 ·
3557 1690 3654 1744 καὶ
3707 1691 3822 1762 ἅμα

2245 1776 2381 1847 πρὸς
2416 1776 2687 1847 ἀλλήλους
2718 1780 2769 1831 oi.
2807 1780 3064 1850 τύραννοι
3090 1779 3190 1834 οὐκ
3222 1782 3285 1834 ὲν
3316 1781 3677 1852 παραϐύστῳ,
3708 1780 3822 1835 ἀλλ’

2234 1868 2292 1921 ἐν
2322 1867 2399 1935 τῷ
2430 1870 2703 1939 προφανεῖ
2727 1869 3050 1937 διελέγοντο,
3074 1871 3151 1941 τῷ
3184 1872 3428 1935 καὶτοὺς
3456 1875 3823 1943 παρεστῶτας

2234 1957 2472 2023 ἀκούειν,
2503 1962 2598 2013 καὶ
2628 1962 3085 2030 παρακιρδαίνειν
3112 1982 3165 2017 τι
3211 1965 3319 2017 τῶν
3368 1966 3708 2036 λεγομένων,
3736 1962 3823 2035 ἱέρ’

2233 2044 2314 2112 οἷς
2356 2050 2496 2121 ὑπὲρ
2545 2051 2653 2103 τῶν
2689 2051 2909 2105 οίκείων
2966 2052 3105 2105 θεῶν
3139 2051 3172 2124 ἢ
3210 2055 3484 2123 δαιμόνων
3520 2055 3819 2124 ἀπολογού-

2237 2155 2391 2205 μενοι
2422 2141 2681 2210 γοητείαν
2708 2143 2771 2213 τῇ
2813 2142 3051 2214 μάρτυρι
3096 2144 3402 2215 περιῆπτον
3441 2162 3457 2178 ο
3493 2147 3592 2200 καὶ
3652 2147 3823 2218 ταύτῃ

2234 2231 2419 2298 ἔλεγον
2476 2230 2753 2303 κρατῆσαι
2802 2234 2898 2287 καὶ
2932 2235 3041 2287 τῶν
3100 2236 3336 2292 ὑδάτων.
3376 2237 3502 2291 Ἐπὶ
3556 2238 3769 2301 τούτοις
3798 2239 3825 2292 ὁ

2236 2321 2471 2391 Πρίσκος
2519 2324 2634 2393 ἅμα
2672 2324 2750 2394 τῷ
2810 2326 3185 2398 συμπαρέδρῳ
3246 2329 3697 2399 διαπορούμενοι,
3726 2332 3819 2385 καὶ

2239 2414 2314 2484 μὴ
2349 2412 2563 2484 ἔχοντες
2589 2418 2726 2486 ὅπερ
2766 2417 2833 2470 ἂν
2858 2417 3101 2486 δράσωσι
3149 2419 3333 2484 πλέον,
3360 2421 3673 2491 σύμϐουλον
3722 2419 3826 2477 ὥσ-

2237 2523 2343 2576 περ
2374 2507 2471 2576 τὴν
2516 2508 2724 2561 οἰκείαν
2760 2508 3176 2578 παραλαϐόντες
3214 2506 3497 2581 ὠμότητα,
3527 2516 3626 2567 καὶ
3672 2511 3828 2579 αὖθις

2236 2596 2373 2663 πρὸς
2402 2596 2462 2649 τὸ
2490 2595 2740 2661 κολάζειν
2796 2599 3056 2670 ἐχώρουν.
3089 2599 3199 2654 Καὶ
3229 2603 3281 2655 τί
3336 2604 3443 2673 γὰρ
3498 2605 3631 2658 ἄλλο
3682 2602 3829 2676 εἶχον

2237 2692 2435 2753 ποιεῖν,
2468 2690 2711 2759 μαθηταὶ
2744 2692 2838 2745 τοῦ
2871 2692 2929 2757 ἐξ
2965 2692 3141 2764 ἀρχῆς
3188 2696 3649 2767 ἀνθρωποκτόνου
3696 2718 3828 2767 τυγο

2237 2779 2492 2849 χάνοντες
2517 2796 2531 2846 ;
2554 2781 2703 2834 Λίθοι
2726 2781 2819 2835 οὖν
2836 2783 2998 2837 πάλιν
3023 2785 3209 2848 αὐτοῖς
3234 2789 3312 2851 είς
3333 2787 3427 2852 ὀξὺ
3447 2789 3835 2861 διεγλύφοντος

2237 2871 2510 2925 ὀϐελίσκοι
2544 2891 2602 2926 τε
2641 2874 2864 2944 σιδήρου
2904 2875 2999 2929 καὶ
3030 2877 3250 2942 πρίονες
3302 2880 3687 2950 ἑχαλκεύοντο,
3710 2878 3830 2938 εἶτα

2238 2967 2332 3016 καὶ
2365 2964 2559 3034 βόθρον
2589 2966 2857 3035 όρυγῆναι
2888 2966 3279 3035 διεκελεύοντο,
3300 2970 3359 3035 ὃς
3416 2973 3649 3042 ἔμελλεν
3679 2974 3829 3027 ἔνδον

2237 3055 2362 3118 τοὺς
2389 3055 2529 3120 ὀξεῖς
2561 3057 2782 3119 τούτους
2817 3057 2999 3122 λίθους
3032 3062 3129 3113 καὶ
3155 3061 3475 3124 ὀϐελίσκους
3515 3064 3616 3115 καὶ
3670 3065 3829 3133 πρίο-

547 3136 657 3190 cati
692 3155 704 3192 :
739 3136 938 3193 deinde
994 3137 1283 3209 jusserunt
1344 3141 1507 3195 etiam
1564 3141 1670 3196 fodi
1728 3142 1948 3208 fossam,
2018 3160 2133 3214 qua:

2240 3165 2333 3209 νας
2376 3148 2604 3216 ἀφανεῖς
2634 3147 2777 3218 ἔχειν
2804 3149 3227 3219 ἐμπεπηγότας,
3270 3153 3459 3222 ὀλίγης
3510 3156 3667 3225 αὑτῷ
3723 3156 3825 3224 γῆς

548 3230 740 3279 acutos
767 3225 870 3282 hos
931 3225 1139 3297 lapides
1194 3238 1247 3285 et
1291 3230 1560 3287 obeliscos
1595 3243 1648 3287 et
1682 3248 1862 3289 serras
1901 3235 2133 3293 latentes

2238 3240 2590 3312 ἐπιχυθείσης
2617 3240 3008 3307 άνωθεν,ὢστε
3041 3244 3138 3316 τὴν
3168 3246 3421 3318 μάρτυρα
3454 3249 3702 3302 διιοῦσαν
3733 3252 3833 3320 ὲμα

546 3311 747 3369 inﬁxas
781 3326 927 3371 esset
952 3317 1230 3384 habitura,
1264 3336 1439 3390 pauca
1485 3334 1631 3377 terra
1664 3324 1713 3378 ei
1781 3325 2019 3395 desuper
2054 3326 2138 3380 in-

547 3403 694 3472 fusa,
732 3416 793 3460 ut
825 3410 1132 3476 procedens
1171 3419 1398 3482 martyr,
1434 3411 1488 3464 in
1525 3427 1646 3466 eam
1693 3414 2014 3483 imprudens
2045 3416 2133 3469 in-

546 3494 781 3563 cideret,
816 3507 870 3553 et
929 3499 1009 3554 sic
1059 3501 1331 3558 interiret.
1384 3502 1779 3560 Existimabam
1826 3509 1973 3563 enim
2026 3519 2137 3565 sto-

548 3583 667 3656 lidi,
708 3606 826 3646 eam
860 3591 950 3647 illa
1005 3594 1179 3649 solum
1234 3612 1395 3665 posse
1448 3598 1669 3652 vincere
1726 3609 1843 3654 arte
1896 3602 2128 3671 magica,

551 3697 786 3754 quorum
819 3685 925 3751 iam
958 3686 1260 3755 accepisset
1301 3689 1453 3757 prius
1483 3690 1873 3759 cognitionem,
1913 3699 1968 3747 et
2008 3694 2132 3751 ideo

550 3776 846 3832 studebant
874 3776 1110 3843 edicere,
1147 3788 1203 3834 ut
1238 3794 1347 3835 non
1380 3792 1525 3838 esset
1575 3783 1926 3846 manifestum
1978 3789 2131 3859 peri-

552 3870 761 3926 culum.
803 3869 908 3926 Eos
943 3881 1124 3925 autem
1164 3872 1389 3937 latebat,
1429 3876 1575 3941 quod
1609 3884 1686 3941 tu,
1730 3876 1980 3942 Domine,
2030 3882 2123 3950 qui

551 3961 717 4016 corda
755 3960 1043 4017 hominum
1098 3976 1349 4019 seorsum
1409 3964 1633 4031 tinxisti,
1697 3982 1756 4023 es
1797 3984 1922 4025 cum
1976 3972 2127 4043 ipsis,

549 4062 607 4109 et
638 4053 898 4123 intelligis
928 4055 1110 4110 omnia
1144 4072 1311 4124 opera
1345 4057 1588 4126 ipsorum
1627 4059 1670 4114 ⁸.

624 4146 767 4203 XIII.
793 4149 953 4203 Certe
980 4164 1105 4203 cum
1133 4165 1255 4204 eam
1316 4161 1579 4221 urgerent
1628 4153 1886 4218 ministri,
1944 4164 2003 4210 ut
2046 4172 2142 4227 per

550 4258 677 4297 eum
708 4242 888 4296 locum
928 4242 1208 4307 transiret,
1244 4244 1299 4297 in
1357 4259 1465 4313 quo
1523 4244 1668 4302 fossa
1737 4246 1879 4303 facta
1937 4249 2138 4314 fuerat,

552 4335 643 4389 illa
669 4334 914 4403 quidem,
948 4350 1072 4389 cum
1120 4335 1257 4390 nihil
1311 4336 1535 4392 omnino
1599 4339 1961 4407 praevidisset,
2015 4358 2136 4412 qum

2239 3335 2424 3385 πεσεῖν
2451 3332 2603 3403 αύτῷ
2643 3335 2786 3387 κατὰ
2812 3337 2871 3387 τὸ
2898 3336 3179 3403 λανθάνον,
3207 3341 3300 3392 καὶ
3345 3339 3489 3393 οὕτω
3523 3340 3835 3411 διαφθαρῆ-

2238 3442 2347 3478 ναι.
2386 3425 2667 3494 Ἐνόμιζον
2709 3426 2816 3495 γὰρ
2842 3428 2890 3480 οἱ
2921 3427 3155 3496 ἄφρονες
3217 3430 3445 3483 ἐκείνων
3506 3432 3670 3501 μόνον
3712 3435 3833 3487 ἐπι-

2238 3516 2613 3587 κρατεστέραν
2661 3516 2909 3585 γίνεσθαι
2959 3516 3049 3571 διὰ
3079 3520 3357 3589 γοητείας,
3386 3513 3464 3574 ὧν
3495 3522 3597 3593 ήδη
3630 3524 3833 3592 φθάσει

2239 3608 2338 3677 τὴν
2374 3609 2578 3675 γνῶσιν
2635 3610 2998 3680 παραλαϐεῖν.
3054 3613 3162 3666 Καὶ
3195 3612 3286 3667 διὰ
3338 3614 3499 3668 τοῦτο
3552 3616 3834 3673 ἔσπευσαν

2241 3699 2434 3768 ἄδηλον
2464 3701 2602 3771 αὐτῇ
2636 3704 2728 3755 τὸν
2758 3704 3006 3758 κίνδυνον
3029 3706 3294 3761 διαθεῖναι
3315 3724 3331 3740 ο
3358 3709 3620 3763 ἑλάνθανε
3649 3712 3705 3764 δὲ
3728 3712 3835 3766 αὖ·

2242 3793 2369 3857 τοὺς
2401 3794 2481 3847 ὅτι
2505 3795 2590 3857 σὺ,
2611 3794 2803 3866 Κύριε,
2834 3796 2952 3867 μετ’
2978 3798 3145 3868 αὐτῆς
3173 3795 3245 3864 εἴ,
3270 3802 3298 3853 ὁ
3330 3800 3474 3859 κατὰ
3495 3803 3668 3872 μόνας
3694 3802 3837 3857 πλάο

2248 3903 2344 3950 σας
2373 3887 2470 3946 τάς
2499 3888 2725 3959 καρδίας
2753 3889 2861 3944 τῶν
2886 3890 3214 3963 ἀνθρώπων.

2313 4160 2410 4216 ην.
2445 4163 2662 4232 Ἀμέλει
2695 4165 2790 4219 καὶ
2821 4164 3207 4221 συνωθούντων
3246 4168 3421 4239 αὐτὴν
3467 4170 3580 4225 τῶν
3619 4170 3835 4245 ὑπηρεο

2240 4252 2349 4304 τῶν
2380 4253 2449 4305 δι’
2493 4254 2661 4323 αὐτῆς
2704 4255 2955 4319 διελθεῖν,
2984 4256 3114 4309 ἔνθα
3152 4256 3217 4326 δὴ
3246 4259 3343 4310 καὶ
3373 4261 3400 4311 ό
3425 4258 3619 4328 βόθρος
3670 4264 3837 4330 stay;

2243 4359 2373 4413 χανε
2405 4341 2841 4413 ρᾳδιουργηθεὶς,
2868 4346 3052 4415 ἐκείνη
3079 4347 3244 4417 μηδὲν
3268 4348 3405 4411 ὅλως
3439 4351 3833 4424 προειδομένη,

556 4436 744 4483 autem
771 4427 1126 4482 cohabitabat
1167 4428 1359 4499 gratia,
1396 4429 1567 4499 ipsam
1629 4432 1958 4501 sublevaret,
2016 4452 2133 4505 per-

2242 4437 2338 4505 τῆς
2372 4437 2623 4490 συνοίκου
2655 4437 2711 4491 δὲ
2742 4438 2965 4507 χάριτος
2992 4439 3163 4508 αὐτὴν
3189 4439 3698 4513 ύποκουφιζούσης,
3723 4446 3836 4500 διέο

554 4519 729 4575 currit
782 4534 946 4589 supra
997 4530 1367 4576 constructam
1427 4522 1653 4586 fossam,
1712 4526 1937 4593 perinde
1984 4543 2047 4581 ac
2094 4528 2139 4581 si

555 4622 758 4668 terram
786 4629 894 4667 non
943 4622 1213 4684 tangeret,
1269 4615 1365 4668 sed
1419 4615 1560 4669 alata
1614 4617 1847 4673 sublime
1887 4617 2139 4673 ferretur.

558 4706 765 4761 Deinde
788 4707 919 4776 quid
957 4706 1057 4761 tit?
1090 4706 1199 4762 Res
1232 4706 1400 4777 iusta,
1443 4716 1497 4763 et
1531 4725 1625 4777 per
1656 4725 1819 4780 quam
1854 4712 2141 4781 cognosci-

555 4808 647 4854 tur
670 4801 815 4855 Deus
850 4800 1061 4871 judicia
1095 4801 1324 4865 faciens,
1361 4812 1416 4855 et
1450 4800 1654 4856 factum
1692 4820 1881 4857 revera
1914 4804 2136 4875 dignum

553 4908 617 4948 ea
671 4908 792 4961 quze
818 4893 1005 4948 omnia
1037 4895 1302 4956 intuetur,
1337 4890 1706 4949 Providentia.
1735 4894 1966 4961 Quidam
1989 4898 2137 4952 enim

556 4998 625 5037 ex
664 4984 729 5037 iis
754 4984 845 5051 qui
886 4994 1181 5055 martyrem
1212 4985 1593 5047 traducebant,
1644 4985 1780 5041 forte
1823 4986 2139 5056 ignorantes

559 5083 779 5144 paratas
826 5074 1072 5140 insidias,
1107 5084 1163 5130 et
1238 5076 1508 5143 volentes,
1547 5083 1836 5147 postquam
1872 5078 1962 5133 illa
2022 5079 2139 5134 sine

558 5170 715 5237 lapsu
758 5167 995 5230 transiit,
1046 5169 1239 5223 eodem
1272 5170 1346 5223 uti
1396 5170 1629 5225 transitu
1674 5190 1686 5225 :
1724 5181 1783 5226 ut
1854 5173 1902 5227 id
1942 5182 2136 5238 totum,

555 5261 703 5327 quod
730 5276 758 5314 a
795 5261 979 5317 divino
1012 5260 1213 5316 Davide
1252 5263 1457 5317 dictum
1490 5266 1632 5329 est',
1672 5274 1819 5320 esset
1861 5266 2141 5334 praedictio

563 5357 704 5420 ejus,
731 5354 870 5421 quod
905 5362 1034 5408 tunc
1092 5352 1294 5407 factum
1332 5365 1411 5409 est
1449 5372 1461 5407 :
1512 5373 1707 5426 nempe
1755 5357 1877 5412 illos
1912 5357 2134 5423 quidem

560 5444 760 5499 fodisse
792 5443 1022 5508 feveam,
1065 5455 1120 5499 et
1160 5446 1212 5499 in
1251 5460 1373 5499 eam
1412 5446 1632 5513 fossam,
1671 5465 1831 5519 quam
1868 5449 2134 5513 fecerant;

561 5535 865 5591 cecidisse:
898 5549 1021 5588 cum
1058 5547 1286 5603 repente
1313 5536 1484 5589 fracta
1514 5548 1680 5599 esset,
1716 5555 1835 5607 qua:
1871 5537 1924 5591 in
1946 5553 2140 5608 super-

563 5624 932 5693 licledisjects
971 5635 1087 5681 erat
1147 5636 1310 5693 terra,
1354 5627 1665 5684 inciderunt
1706 5630 1757 5684 in
1802 5630 2012 5685 foveam
2050 5641 2142 5683 :et

666 5802 865 5863 ‘Joan’.
915 5825 1027 5870 Vlll,
1060 5810 1147 5864 44.
1264 5808 1282 5844 θ
1321 5808 1458 5868 Psal.
1494 5827 1659 5881 xxx”,
1700 5813 1780 5867 15.

2241 4527 2341 4595 δρα
2392 4528 2490 4595 μὲν
2546 4528 2803 4600 ὑπεράνω
2841 4529 2934 4581 τοῦ
2995 4532 3435 4599 σκαιωρηθέντος
3486 4533 3829 4604 ὀρύγματος,

2240 4613 2428 4685 ὥσπερ
2467 4616 2525 4669 οὐ
2558 4616 2661 4685 γῆς
2716 4618 3020 4688 ἁπτομένη,
3067 4616 3205 4671 ἀλλὰ
3256 4620 3534 4691 μετέωρός
3582 4639 3668 4686 τις
3734 4626 3834 4678 καὶ

2240 4705 2547 4777 ὑπόπτερος
2608 4710 2902 4780 φερομένη.
2934 4706 3067 4765 Εἶτα
3099 4710 3152 4763 τί
3186 4713 3434 4778 γίνεται;
3467 4714 3714 4783 Πρὶγμα
3744 4716 3829 4768 δί-

2240 4814 2394 4851 καιον
2422 4800 2516 4852 καὶ
2551 4799 2617 4851 δι’
2644 4794 2719 4853 ὧν
2753 4802 3078 4867 γινώσκεται
3112 4802 3313 4873 Κύριος
3341 4804 3585 4874 κρίματα
3628 4808 3828 4867 ποιῶν.

2240 4892 2332 4945 καὶ
2371 4891 2532 4963 ἔργον
2580 4893 2677 4964 τῆς
2731 4893 2908 4946 πάντα
2958 4894 3247 4967 ἐφορῶσης
3282 4897 3551 4967 Προνοίας
3585 4897 3831 4969 ἀληθοῦς

2237 4983 2407 5047 ἄξιον.
2439 4985 2560 5038 Τῶν
2594 4986 2703 5056 γὰρ
2728 4983 2827 5057 τὴν
2890 4984 3145 5057 μάρτυρα
3202 4987 3630 5052 διαϐιϐαζόντων
3656 4992 3828 5052 τινὲς,

2238 5078 2461 5147 ἄγνοιαν
2490 5080 2620 5140 ῐσως
2652 5079 2869 5149 ἔχοντες
2923 5078 3018 5131 τοῦ
3052 5079 3390 5148 πραχθέντος
3419 5080 3664 5150 ὲνέδρου,
3698 5080 3828 5151 βου-

2238 5170 2499 5241 ληθέντες
2541 5170 2679 5239 μετὰ
2704 5172 2764 5223 τὸ
2793 5170 3007 5240 ἐκείνην
3033 5170 3286 5225 ἄπτωτον
3315 5170 3547 5228 διελθεῖν
3578 5176 3648 5246 τῇ
3684 5176 3825 5246 αὐτῇ

2242 5260 2551 5333 χρήσασθαι
2595 5261 2771 5333 διόδῳ,
2815 5260 2882 5316 ἵν’
2918 5262 3039 5316 ὅλον
3090 5262 3150 5315 τὸ
3189 5263 3292 5316 ὑπὸ
3349 5262 3444 5317 τοῦ
3473 5264 3622 5316 θείου
3662 5265 3828 5318 Δαυῖδ

2239 5354 2529 5426 εἰρημένον
2595 5352 3057 5427 προαγόρευσιςῇ
3100 5354 3191 5409 τοῦ
3224 5356 3346 5410 τότε
3396 5356 3724 5425 γενομένου,
3765 5357 3827 5412 τὸ

2244 5448 2444 5499 λάκκον
2479 5447 2672 5518 ὀρύξαι
2717 5447 2816 5517 μὲν
2852 5449 3096 5510 ἐκείνους
3145 5449 3239 5503 καὶ
3274 5449 3614 5519 ἀνασκάψαι,
3650 5452 3826 5521 ἐμπε-

2244 5542 2355 5592 σεῖν
2385 5540 2440 5592 δὲ
2474 5540 2795 5609 παραδόξως
2829 5544 2906 5602 είς
2947 5541 3137 5609 βόθρον
3164 5541 3223 5593 ὃν
3269 5542 3621 5611 εἰργάσαντο,
3654 5545 3827 5614 ὑπορο

2248 5633 2511 5701 ῥαγείσης
2544 5632 2712 5703 αὐτῆς
2746 5633 2941 5715 ἁθρόον
2976 5634 3068 5701 τῆς
3116 5634 3173 5701 ἐξ
3218 5634 3483 5704 ἐπιπολῆς
3536 5635 3649 5689 ἅνω
3710 5632 3825 5687 δια-

1892 5813 1907 5841 ⁵
1934 5814 2075 5871 Psal.
2108 5829 2215 5877 LYI,
2238 5815 2290 5869 7.
