  <div class='ocr_page' id='page_1' title='image "/cluster/home/n/w/nwhite01/storage/ocr_20150623/115/ien.35556001659887/374.png"; bbox 0 0 3970 6454; ppageno 0'>
   <div class='ocr_carea' id='block_1_1' title="bbox 167 387 262 456">
    <p class='ocr_par' dir='ltr' id='par_1_1' title="bbox 167 387 262 456">
     <span class='ocr_line' id='line_1_1' title="bbox 167 387 262 456; baseline 0.021 -2"><span class='ocrx_word' id='word_1_1' title='bbox 167 387 262 456; x_wconf 72' lang='lat'><strong>729</strong></span> 
     </span>
    </p>
   </div>
   <div class='ocr_carea' id='block_1_2' title="bbox 1261 399 2307 470">
    <p class='ocr_par' dir='ltr' id='par_1_2' title="bbox 1261 399 2307 470">
     <span class='ocr_line' id='line_1_2' title="bbox 1261 399 2307 470; baseline 0.008 -9"><span class='ocrx_word' id='word_1_2' title='bbox 1261 399 1728 464; x_wconf 80' lang='lat' dir='ltr'><strong>MARTYRIUM</strong></span> <span class='ocrx_word' id='word_1_3' title='bbox 1761 399 1823 463; x_wconf 91' lang='lat' dir='ltr'><strong>S.</strong></span> <span class='ocrx_word' id='word_1_4' title='bbox 1858 401 2307 470; x_wconf 63' lang='lat' dir='ltr'><strong>EUPHEML‘E.</strong></span> 
     </span>
    </p>
   </div>
   <div class='ocr_carea' id='block_1_3' title="bbox 3312 408 3418 475">
    <p class='ocr_par' dir='ltr' id='par_1_3' title="bbox 3312 408 3418 475">
     <span class='ocr_line' id='line_1_3' title="bbox 3312 408 3418 475; baseline 0.028 -3"><span class='ocrx_word' id='word_1_5' title='bbox 3312 408 3418 475; x_wconf 84' lang='lat'><strong>730</strong></span> 
     </span>
    </p>
   </div>
   <div class='ocr_carea' id='block_1_4' title="bbox 167 505 1743 589">
    <p class='ocr_par' dir='ltr' id='par_1_4' title="bbox 167 505 1743 587">
     <span class='ocr_line' id='line_1_4' title="bbox 167 505 1743 587; baseline 0.009 -30"><span class='ocrx_word' id='word_1_6' title='bbox 167 505 461 577; x_wconf 71' lang='grc' dir='ltr'><strong>τμηθείσης</strong></span> <span class='ocrx_word' id='word_1_7' title='bbox 482 507 607 579; x_wconf 85' lang='grc' dir='ltr'>γῆς.</span> <span class='ocrx_word' id='word_1_8' title='bbox 642 508 1077 579; x_wconf 82' lang='grc' dir='ltr'>Ἐμπεπτώκασί</span> <span class='ocrx_word' id='word_1_9' title='bbox 1107 528 1164 566; x_wconf 87' lang='grc' dir='ltr'><strong>τε</strong></span> <span class='ocrx_word' id='word_1_10' title='bbox 1190 513 1265 584; x_wconf 84' lang='grc' dir='ltr'><strong>τῷ</strong></span> <span class='ocrx_word' id='word_1_11' title='bbox 1292 514 1493 587; x_wconf 80' lang='grc' dir='ltr'>βόθρῳ,</span> <span class='ocrx_word' id='word_1_12' title='bbox 1520 518 1615 571; x_wconf 72' lang='grc' dir='ltr'>καὶ</span> <span class='ocrx_word' id='word_1_13' title='bbox 1639 515 1743 571; x_wconf 78' lang='grc' dir='ltr'><strong>ὑπὸ</strong></span> 
     </span>
    </p>
   </div>
   <div class='ocr_carea' id='block_1_5' title="bbox 1849 505 3421 589">
    <p class='ocr_par' dir='ltr' id='par_1_5' title="bbox 1849 522 3421 589">
     <span class='ocr_line' id='line_1_5' title="bbox 1849 522 3421 589; baseline 0.003 -15"><span class='ocrx_word' id='word_1_14' title='bbox 1849 532 1971 577; x_wconf 87' lang='lat' dir='ltr'><strong>cum</strong></span> <span class='ocrx_word' id='word_1_15' title='bbox 1997 522 2050 577; x_wconf 91' lang='lat' dir='ltr'><strong>in</strong></span> <span class='ocrx_word' id='word_1_16' title='bbox 2086 524 2177 578; x_wconf 88' lang='lat' dir='ltr'><strong>illa</strong></span> <span class='ocrx_word' id='word_1_17' title='bbox 2205 533 2363 579; x_wconf 87' lang='lat' dir='ltr'><strong>acuta</strong></span> <span class='ocrx_word' id='word_1_18' title='bbox 2397 523 3130 589; x_wconf 83' lang='lat' dir='ltr'><strong>incidissentinstrumenta,</strong></span> <span class='ocrx_word' id='word_1_19' title='bbox 3165 524 3421 580; x_wconf 71' lang='lat' dir='ltr'><strong>celeriter</strong></span> 
     </span>
    </p>
   </div>
   <div class='ocr_carea' id='block_1_6' title="bbox 167 597 1743 684">
    <p class='ocr_par' dir='ltr' id='par_1_6' title="bbox 167 597 1743 684">
     <span class='ocr_line' id='line_1_6' title="bbox 167 597 1743 684; baseline 0.004 -31"><span class='ocrx_word' id='word_1_20' title='bbox 167 597 271 653; x_wconf 77' lang='grc' dir='ltr'><strong>τῶν</strong></span> <span class='ocrx_word' id='word_1_21' title='bbox 300 598 587 670; x_wconf 83' lang='grc' dir='ltr'>τμητικῶν</span> <span class='ocrx_word' id='word_1_22' title='bbox 617 600 840 655; x_wconf 68' lang='grc' dir='ltr'>ἐκείνων</span> <span class='ocrx_word' id='word_1_23' title='bbox 872 602 1141 673; x_wconf 85' lang='grc' dir='ltr'>ὀργάνων,</span> <span class='ocrx_word' id='word_1_24' title='bbox 1163 603 1336 669; x_wconf 80' lang='grc' dir='ltr'>ὀξέως</span> <span class='ocrx_word' id='word_1_25' title='bbox 1387 606 1743 684; x_wconf 70' lang='grc' dir='ltr'>ἐμπεσόντες,</span> 
     </span>
    </p>
   </div>
   <div class='ocr_carea' id='block_1_7' title="bbox 167 686 1746 767">
    <p class='ocr_par' dir='ltr' id='par_1_7' title="bbox 167 686 1746 767">
     <span class='ocr_line' id='line_1_7' title="bbox 167 686 1746 767; baseline 0.006 -28"><span class='ocrx_word' id='word_1_26' title='bbox 167 686 415 757; x_wconf 76' lang='grc' dir='ltr'>ὀξύτερον</span> <span class='ocrx_word' id='word_1_27' title='bbox 470 688 863 761; x_wconf 79' lang='grc' dir='ltr'>διεφθάρησαν.</span> <span class='ocrx_word' id='word_1_28' title='bbox 932 692 999 746; x_wconf 84' lang='grc' dir='ltr'><strong>Ἦ</strong></span> <span class='ocrx_word' id='word_1_29' title='bbox 1044 694 1175 761; x_wconf 82' lang='grc' dir='ltr'>ἁγία</span> <span class='ocrx_word' id='word_1_30' title='bbox 1228 693 1287 747; x_wconf 77' lang='grc' dir='ltr'>δὲ</span> <span class='ocrx_word' id='word_1_31' title='bbox 1350 694 1746 767; x_wconf 74' lang='grc' dir='ltr'><strong>χαριστηρίους</strong></span> 
     </span>
    </p>
   </div>
   <div class='ocr_carea' id='block_1_8' title="bbox 170 778 1747 859">
    <p class='ocr_par' dir='ltr' id='par_1_8' title="bbox 170 778 1747 859">
     <span class='ocr_line' id='line_1_8' title="bbox 170 778 1747 859; baseline 0.006 -29"><span class='ocrx_word' id='word_1_32' title='bbox 170 778 363 848; x_wconf 76' lang='grc' dir='ltr'>ὕμνους</span> <span class='ocrx_word' id='word_1_33' title='bbox 391 782 631 853; x_wconf 71' lang='grc' dir='ltr'>προσῇδε</span> <span class='ocrx_word' id='word_1_34' title='bbox 660 783 738 853; x_wconf 84' lang='grc' dir='ltr'>τῷ</span> <span class='ocrx_word' id='word_1_35' title='bbox 791 785 1052 837; x_wconf 75' lang='grc' dir='ltr'><strong>σεσωκότι</strong></span> <span class='ocrx_word' id='word_1_36' title='bbox 1083 784 1223 855; x_wconf 85' lang='grc' dir='ltr'><strong>Θεῷ,</strong></span> <span class='ocrx_word' id='word_1_37' title='bbox 1248 786 1345 850; x_wconf 88' lang='grc' dir='ltr'>Τίς</span> <span class='ocrx_word' id='word_1_38' title='bbox 1398 787 1619 859; x_wconf 76' lang='grc' dir='ltr'><strong>λαλήσει</strong></span> <span class='ocrx_word' id='word_1_39' title='bbox 1648 788 1747 850; x_wconf 68' lang='grc' dir='ltr'>τὰς</span> 
     </span>
    </p>
   </div>
   <div class='ocr_carea' id='block_1_9' title="bbox 166 869 1745 946">
    <p class='ocr_par' dir='ltr' id='par_1_9' title="bbox 166 869 1745 946">
     <span class='ocr_line' id='line_1_9' title="bbox 166 869 1745 946; baseline 0.005 -24"><span class='ocrx_word' id='word_1_40' title='bbox 166 869 481 936; x_wconf 78' lang='grc' dir='ltr'><strong>δυναστείας</strong></span> <span class='ocrx_word' id='word_1_41' title='bbox 536 890 652 940; x_wconf 89' lang='grc' dir='ltr'>σου,</span> <span class='ocrx_word' id='word_1_42' title='bbox 685 874 940 941; x_wconf 80' lang='grc' dir='ltr'><strong>λέγουσα,</strong></span> <span class='ocrx_word' id='word_1_43' title='bbox 980 877 1253 940; x_wconf 86' lang='grc' dir='ltr'>ἀκουστάς</span> <span class='ocrx_word' id='word_1_44' title='bbox 1310 879 1529 946; x_wconf 79' lang='grc' dir='ltr'>ποιήσει</span> <span class='ocrx_word' id='word_1_45' title='bbox 1564 877 1745 941; x_wconf 77' lang='grc' dir='ltr'>πάσας</span> 
     </span>
    </p>
   </div>
   <div class='ocr_carea' id='block_1_10' title="bbox 168 960 1746 1038">
    <p class='ocr_par' dir='ltr' id='par_1_10' title="bbox 168 960 1746 1038">
     <span class='ocr_line' id='line_1_10' title="bbox 168 960 1746 1038; baseline 0.004 -25"><span class='ocrx_word' id='word_1_46' title='bbox 168 960 257 1021; x_wconf 71' lang='grc' dir='ltr'><strong>τὰς</strong></span> <span class='ocrx_word' id='word_1_47' title='bbox 285 963 525 1027; x_wconf 86' lang='grc' dir='ltr'>αίνέσεις</span> <span class='ocrx_word' id='word_1_48' title='bbox 583 981 701 1028; x_wconf 84' lang='grc' dir='ltr'>σου,</span> <span class='ocrx_word' id='word_1_49' title='bbox 735 967 906 1036; x_wconf 86' lang='grc' dir='ltr'>Κύριε</span> <span class='ocrx_word' id='word_1_50' title='bbox 935 983 950 1032; x_wconf 84' lang='grc'><strong>;</strong></span> <span class='ocrx_word' id='word_1_51' title='bbox 979 968 1063 1019; x_wconf 80' lang='grc' dir='ltr'>ὃτι</span> <span class='ocrx_word' id='word_1_52' title='bbox 1102 970 1604 1038; x_wconf 78' lang='grc' dir='ltr'>μεμαστιγωμένην</span> <span class='ocrx_word' id='word_1_53' title='bbox 1646 969 1746 1037; x_wconf 77' lang='grc' dir='ltr'>τὴν</span> 
     </span>
    </p>
   </div>
   <div class='ocr_carea' id='block_1_11' title="bbox 166 1049 1744 1127">
    <p class='ocr_par' dir='ltr' id='par_1_11' title="bbox 166 1049 1744 1127">
     <span class='ocr_line' id='line_1_11' title="bbox 166 1049 1744 1127; baseline 0.004 -25"><span class='ocrx_word' id='word_1_54' title='bbox 166 1049 354 1119; x_wconf 84' lang='grc' dir='ltr'>δούλην</span> <span class='ocrx_word' id='word_1_55' title='bbox 407 1070 499 1106; x_wconf 84' lang='grc' dir='ltr'><strong>σου</strong></span> <span class='ocrx_word' id='word_1_56' title='bbox 576 1055 860 1123; x_wconf 84' lang='grc' dir='ltr'>μαστίγων</span> <span class='ocrx_word' id='word_1_57' title='bbox 906 1058 1205 1126; x_wconf 79' lang='grc' dir='ltr'>ἀπείρατον</span> <span class='ocrx_word' id='word_1_58' title='bbox 1268 1057 1617 1127; x_wconf 82' lang='grc' dir='ltr'>διεφύλαξας’</span> <span class='ocrx_word' id='word_1_59' title='bbox 1664 1059 1744 1110; x_wconf 77' lang='grc' dir='ltr'>ὅτι</span> 
     </span>
    </p>
   </div>
   <div class='ocr_carea' id='block_1_12' title="bbox 172 1143 1742 1217">
    <p class='ocr_par' dir='ltr' id='par_1_12' title="bbox 172 1143 1742 1217">
     <span class='ocr_line' id='line_1_12' title="bbox 172 1143 1742 1217; baseline 0.004 -24"><span class='ocrx_word' id='word_1_60' title='bbox 172 1143 341 1211; x_wconf 70' lang='grc' dir='ltr'>πυρὸς</span> <span class='ocrx_word' id='word_1_61' title='bbox 374 1144 657 1212; x_wconf 74' lang='grc' dir='ltr'>ἥρπασας·</span> <span class='ocrx_word' id='word_1_62' title='bbox 684 1147 766 1197; x_wconf 77' lang='grc' dir='ltr'>ὅτι</span> <span class='ocrx_word' id='word_1_63' title='bbox 798 1146 1002 1215; x_wconf 83' lang='grc' dir='ltr'><strong>θηρῶν,</strong></span> <span class='ocrx_word' id='word_1_64' title='bbox 1031 1147 1126 1199; x_wconf 77' lang='grc' dir='ltr'>καὶ</span> <span class='ocrx_word' id='word_1_65' title='bbox 1154 1146 1369 1211; x_wconf 77' lang='grc' dir='ltr'>ὓδατος,</span> <span class='ocrx_word' id='word_1_66' title='bbox 1411 1148 1506 1200; x_wconf 78' lang='grc' dir='ltr'>καὶ</span> <span class='ocrx_word' id='word_1_67' title='bbox 1531 1146 1742 1217; x_wconf 84' lang='grc' dir='ltr'>τροχῶν</span> 
     </span>
    </p>
   </div>
   <div class='ocr_carea' id='block_1_13' title="bbox 168 1231 1744 1306">
    <p class='ocr_par' dir='ltr' id='par_1_13' title="bbox 168 1231 1744 1306">
     <span class='ocr_line' id='line_1_13' title="bbox 168 1231 1744 1306; baseline 0.005 -23"><span class='ocrx_word' id='word_1_68' title='bbox 168 1231 511 1303; x_wconf 72' lang='grc' dir='ltr'>διετήρησας,</span> <span class='ocrx_word' id='word_1_69' title='bbox 538 1237 633 1289; x_wconf 76' lang='grc' dir='ltr'>καὶ</span> <span class='ocrx_word' id='word_1_70' title='bbox 662 1236 856 1306; x_wconf 79' lang='grc' dir='ltr'>βόθρου</span> <span class='ocrx_word' id='word_1_71' title='bbox 890 1238 1178 1302; x_wconf 84' lang='grc' dir='ltr'>διέσωσας.</span> <span class='ocrx_word' id='word_1_72' title='bbox 1212 1240 1320 1291; x_wconf 75' lang='grc' dir='ltr'><strong>Καὶ</strong></span> <span class='ocrx_word' id='word_1_73' title='bbox 1350 1238 1467 1304; x_wconf 78' lang='grc' dir='ltr'>νῦν,</span> <span class='ocrx_word' id='word_1_74' title='bbox 1498 1239 1744 1291; x_wconf 78' lang='grc' dir='ltr'>Δέσποτα</span> 
     </span>
    </p>
   </div>
   <div class='ocr_carea' id='block_1_14' title="bbox 170 1322 1746 1400">
    <p class='ocr_par' dir='ltr' id='par_1_14' title="bbox 170 1322 1746 1400">
     <span class='ocr_line' id='line_1_14' title="bbox 170 1322 1746 1400; baseline 0.006 -27"><span class='ocrx_word' id='word_1_75' title='bbox 170 1322 444 1389; x_wconf 85' lang='grc' dir='ltr'>πολυέλεε,</span> <span class='ocrx_word' id='word_1_76' title='bbox 465 1326 627 1395; x_wconf 78' lang='grc' dir='ltr'>ῥῦσαι</span> <span class='ocrx_word' id='word_1_77' title='bbox 657 1328 758 1396; x_wconf 78' lang='grc' dir='ltr'><strong>τὴν</strong></span> <span class='ocrx_word' id='word_1_78' title='bbox 796 1328 975 1398; x_wconf 75' lang='grc' dir='ltr'>ψυχήν</span> <span class='ocrx_word' id='word_1_79' title='bbox 1016 1346 1116 1399; x_wconf 89' lang='grc' dir='ltr'><strong>μου</strong></span> <span class='ocrx_word' id='word_1_80' title='bbox 1176 1330 1243 1383; x_wconf 78' lang='grc' dir='ltr'>ἐκ</span> <span class='ocrx_word' id='word_1_81' title='bbox 1294 1330 1479 1400; x_wconf 79' lang='grc' dir='ltr'>χειρὸς</span> <span class='ocrx_word' id='word_1_82' title='bbox 1531 1328 1626 1383; x_wconf 78' lang='grc' dir='ltr'><strong>τοῦ</strong></span> <span class='ocrx_word' id='word_1_83' title='bbox 1681 1330 1746 1382; x_wconf 65' lang='grc' dir='ltr'>ἐκ</span> 
     </span>
    </p>
   </div>
   <div class='ocr_carea' id='block_1_15' title="bbox 170 1416 1744 1492">
    <p class='ocr_par' dir='ltr' id='par_1_15' title="bbox 170 1416 1744 1492">
     <span class='ocr_line' id='line_1_15' title="bbox 170 1416 1744 1492; baseline 0.006 -27"><span class='ocrx_word' id='word_1_84' title='bbox 170 1416 447 1484; x_wconf 66' lang='grc' dir='ltr'>προτόνων</span> <span class='ocrx_word' id='word_1_85' title='bbox 470 1435 559 1487; x_wconf 80' lang='grc' dir='ltr'><strong>μοι</strong></span> <span class='ocrx_word' id='word_1_86' title='bbox 591 1419 857 1488; x_wconf 84' lang='grc' dir='ltr'>πολεμίου</span> <span class='ocrx_word' id='word_1_87' title='bbox 885 1422 981 1491; x_wconf 85' lang='grc' dir='ltr'>τῆς</span> <span class='ocrx_word' id='word_1_88' title='bbox 1010 1421 1248 1490; x_wconf 84' lang='grc' dir='ltr'>φύσεως.</span> <span class='ocrx_word' id='word_1_89' title='bbox 1286 1422 1587 1492; x_wconf 81' lang='grc' dir='ltr'>Ἀμαρτίας</span> <span class='ocrx_word' id='word_1_90' title='bbox 1626 1422 1744 1475; x_wconf 87' lang='grc' dir='ltr'>νεό-</span> 
     </span>
    </p>
   </div>
   <div class='ocr_carea' id='block_1_16' title="bbox 168 1505 1744 1584">
    <p class='ocr_par' dir='ltr' id='par_1_16' title="bbox 168 1505 1744 1584">
     <span class='ocr_line' id='line_1_16' title="bbox 168 1505 1744 1584; baseline 0.013 -30"><span class='ocrx_word' id='word_1_91' title='bbox 168 1505 321 1573; x_wconf 74' lang='grc' dir='ltr'>τητός</span> <span class='ocrx_word' id='word_1_92' title='bbox 353 1523 456 1575; x_wconf 85' lang='grc' dir='ltr'><strong>μου</strong></span> <span class='ocrx_word' id='word_1_93' title='bbox 485 1508 579 1561; x_wconf 78' lang='grc' dir='ltr'>καὶ</span> <span class='ocrx_word' id='word_1_94' title='bbox 608 1509 833 1577; x_wconf 76' lang='grc' dir='ltr'>ἀγνοίας</span> <span class='ocrx_word' id='word_1_95' title='bbox 868 1528 971 1581; x_wconf 93' lang='grc' dir='ltr'><strong>μου</strong></span> <span class='ocrx_word' id='word_1_96' title='bbox 1019 1513 1096 1582; x_wconf 83' lang='grc' dir='ltr'>μὴ</span> <span class='ocrx_word' id='word_1_97' title='bbox 1132 1512 1399 1584; x_wconf 57' lang='grc' dir='ltr'>μνησθῇς</span> <span class='ocrx_word' id='word_1_98' title='bbox 1434 1513 1571 1566; x_wconf 85' lang='grc' dir='ltr'>ἀλλὰ</span> <span class='ocrx_word' id='word_1_99' title='bbox 1624 1515 1744 1578; x_wconf 73' lang='grc' dir='ltr'>ταῖς</span> 
     </span>
    </p>
   </div>
   <div class='ocr_carea' id='block_1_17' title="bbox 166 1596 1746 1675">
    <p class='ocr_par' dir='ltr' id='par_1_17' title="bbox 166 1596 1746 1675">
     <span class='ocr_line' id='line_1_17' title="bbox 166 1596 1746 1675; baseline 0.008 -29"><span class='ocrx_word' id='word_1_100' title='bbox 166 1596 269 1648; x_wconf 86' lang='grc' dir='ltr'><strong>τῶν</strong></span> <span class='ocrx_word' id='word_1_101' title='bbox 306 1598 451 1667; x_wconf 80' lang='grc' dir='ltr'>ὑπὲρ</span> <span class='ocrx_word' id='word_1_102' title='bbox 488 1599 580 1652; x_wconf 82' lang='grc' dir='ltr'><strong>σοῦ</strong></span> <span class='ocrx_word' id='word_1_103' title='bbox 615 1602 851 1669; x_wconf 77' lang='grc' dir='ltr'>ῥυέντων</span> <span class='ocrx_word' id='word_1_104' title='bbox 873 1603 1120 1673; x_wconf 76' lang='grc' dir='ltr'>αἱμάτων</span> <span class='ocrx_word' id='word_1_105' title='bbox 1144 1622 1248 1675; x_wconf 88' lang='grc' dir='ltr'><strong>μου</strong></span> <span class='ocrx_word' id='word_1_106' title='bbox 1276 1604 1482 1675; x_wconf 78' lang='grc' dir='ltr'>ῥανίσι,</span> <span class='ocrx_word' id='word_1_107' title='bbox 1505 1605 1746 1675; x_wconf 73' lang='grc' dir='ltr'>κάθαρόν</span> 
     </span>
    </p>
   </div>
   <div class='ocr_carea' id='block_1_18' title="bbox 170 1687 1746 1770">
    <p class='ocr_par' dir='ltr' id='par_1_18' title="bbox 170 1687 1746 1770">
     <span class='ocr_line' id='line_1_18' title="bbox 170 1687 1746 1770; baseline 0.01 -34"><span class='ocrx_word' id='word_1_108' title='bbox 170 1702 265 1752; x_wconf 83' lang='grc' dir='ltr'><strong>μου</strong></span> <span class='ocrx_word' id='word_1_109' title='bbox 300 1687 393 1739; x_wconf 77' lang='grc' dir='ltr'>τὸν</span> <span class='ocrx_word' id='word_1_110' title='bbox 422 1690 700 1761; x_wconf 72' lang='grc' dir='ltr'>μολυσμὸν</span> <span class='ocrx_word' id='word_1_111' title='bbox 725 1696 928 1765; x_wconf 82' lang='grc' dir='ltr'>σαρκός</span> <span class='ocrx_word' id='word_1_112' title='bbox 959 1712 1017 1748; x_wconf 90' lang='grc' dir='ltr'><strong>τε</strong></span> <span class='ocrx_word' id='word_1_113' title='bbox 1050 1697 1144 1748; x_wconf 79' lang='grc' dir='ltr'>καὶ</span> <span class='ocrx_word' id='word_1_114' title='bbox 1168 1697 1505 1767; x_wconf 84' lang='grc' dir='ltr'>πνεύματος.</span> <span class='ocrx_word' id='word_1_115' title='bbox 1532 1697 1603 1750; x_wconf 83' lang='grc' dir='ltr'><strong>Σὺ</strong></span> <span class='ocrx_word' id='word_1_116' title='bbox 1638 1699 1746 1770; x_wconf 80' lang='grc' dir='ltr'><strong>γὰρ</strong></span> 
     </span>
    </p>
   </div>
   <div class='ocr_carea' id='block_1_19' title="bbox 166 1774 1747 1857">
    <p class='ocr_par' dir='ltr' id='par_1_19' title="bbox 166 1774 1747 1857">
     <span class='ocr_line' id='line_1_19' title="bbox 166 1774 1747 1857; baseline 0.009 -28"><span class='ocrx_word' id='word_1_117' title='bbox 166 1774 214 1830; x_wconf 78' lang='grc' dir='ltr'>εἶ</span> <span class='ocrx_word' id='word_1_118' title='bbox 244 1779 536 1847; x_wconf 79' lang='grc' dir='ltr'>κάθαρσις,</span> <span class='ocrx_word' id='word_1_119' title='bbox 561 1786 836 1855; x_wconf 82' lang='grc' dir='ltr'>ἀγιασμός</span> <span class='ocrx_word' id='word_1_120' title='bbox 866 1803 922 1838; x_wconf 90' lang='grc' dir='ltr'><strong>τε</strong></span> <span class='ocrx_word' id='word_1_121' title='bbox 948 1789 1042 1839; x_wconf 79' lang='grc' dir='ltr'>καὶ</span> <span class='ocrx_word' id='word_1_122' title='bbox 1074 1789 1355 1857; x_wconf 86' lang='grc' dir='ltr'>φωτισμδς</span> <span class='ocrx_word' id='word_1_123' title='bbox 1382 1789 1492 1843; x_wconf 87' lang='grc' dir='ltr'><strong>τῶν</strong></span> <span class='ocrx_word' id='word_1_124' title='bbox 1544 1790 1747 1844; x_wconf 88' lang='grc' dir='ltr'>δούλων</span> 
     </span>
    </p>
   </div>
   <div class='ocr_carea' id='block_1_20' title="bbox 170 1854 1821 1953">
    <p class='ocr_par' dir='ltr' id='par_1_20' title="bbox 170 1854 1821 1953">
     <span class='ocr_line' id='line_1_20' title="bbox 170 1854 1821 1953; baseline 0.012 -34"><span class='ocrx_word' id='word_1_125' title='bbox 170 1885 277 1924; x_wconf 88' lang='grc' dir='ltr'>σου.</span> <span class='ocrx_word' id='word_1_126' title='bbox 318 1874 431 1926; x_wconf 75' lang='grc' dir='ltr'><strong>Καὶ</strong></span> <span class='ocrx_word' id='word_1_127' title='bbox 459 1876 491 1943; x_wconf 74' lang='grc' dir='ltr'><strong>η</strong></span> <span class='ocrx_word' id='word_1_128' title='bbox 524 1875 621 1944; x_wconf 72' lang='grc' dir='ltr'><strong>μεν</strong></span> <span class='ocrx_word' id='word_1_129' title='bbox 642 1854 817 1929; x_wconf 77' lang='grc' dir='ltr'>ταῦτα</span> <span class='ocrx_word' id='word_1_130' title='bbox 845 1876 1070 1947; x_wconf 80' lang='grc' dir='ltr'>ηῠξατο,</span> <span class='ocrx_word' id='word_1_131' title='bbox 1088 1854 1191 1931; x_wconf 74' lang='grc' dir='ltr'>καὶ</span> <span class='ocrx_word' id='word_1_132' title='bbox 1216 1854 1314 1951; x_wconf 62' lang='grc' dir='ltr'>τῆς</span> <span class='ocrx_word' id='word_1_133' title='bbox 1346 1881 1511 1953; x_wconf 80' lang='grc' dir='ltr'><strong>εὐχῆς</strong></span> <span class='ocrx_word' id='word_1_134' title='bbox 1534 1882 1595 1935; x_wconf 89' lang='grc' dir='ltr'><strong>ού</strong></span> <span class='ocrx_word' id='word_1_135' title='bbox 1623 1882 1750 1953; x_wconf 73' lang='grc' dir='ltr'>διη-</span> <span class='ocrx_word' id='word_1_136' title='bbox 1780 1854 1821 1913; x_wconf 71' lang='grc' dir='ltr'><strong>Β</strong></span> 
     </span>
    </p>
   </div>
   <div class='ocr_carea' id='block_1_21' title="bbox 171 1974 396 2029">
    <p class='ocr_par' dir='ltr' id='par_1_21' title="bbox 171 1974 396 2029">
     <span class='ocr_line' id='line_1_21' title="bbox 171 1974 396 2029; baseline 0.022 -19"><span class='ocrx_word' id='word_1_137' title='bbox 171 1974 396 2029; x_wconf 87' lang='grc' dir='ltr'>μαρτεν.</span> 
     </span>
    </p>
   </div>
   <div class='ocr_carea' id='block_1_22' title="bbox 232 2047 1749 2133">
    <p class='ocr_par' dir='ltr' id='par_1_22' title="bbox 232 2047 1749 2133">
     <span class='ocr_line' id='line_1_22' title="bbox 232 2047 1749 2133; baseline 0.012 -35"><span class='ocrx_word' id='word_1_138' title='bbox 232 2047 326 2101; x_wconf 84' lang='grc' dir='ltr'><strong>ΙΔ’.</strong></span> <span class='ocrx_word' id='word_1_139' title='bbox 368 2047 428 2101; x_wconf 88' lang='lat'><strong>&#39;0</strong></span> <span class='ocrx_word' id='word_1_140' title='bbox 492 2050 734 2122; x_wconf 87' lang='grc' dir='ltr'>Πρίσκος</span> <span class='ocrx_word' id='word_1_141' title='bbox 774 2054 832 2108; x_wconf 73' lang='grc' dir='ltr'>δὲ</span> <span class='ocrx_word' id='word_1_142' title='bbox 863 2056 1025 2111; x_wconf 79' lang='grc' dir='ltr'>ἄλλον</span> <span class='ocrx_word' id='word_1_143' title='bbox 1072 2060 1280 2113; x_wconf 73' lang='grc' dir='ltr'>έπινοεϊ</span> <span class='ocrx_word' id='word_1_144' title='bbox 1306 2060 1470 2115; x_wconf 85' lang='grc' dir='ltr'>πάλιν</span> <span class='ocrx_word' id='word_1_145' title='bbox 1503 2065 1568 2133; x_wconf 81' lang='grc' dir='ltr'><strong>τῇ</strong></span> <span class='ocrx_word' id='word_1_146' title='bbox 1605 2063 1749 2133; x_wconf 84' lang='grc' dir='ltr'>μάρ-</span> 
     </span>
    </p>
   </div>
   <div class='ocr_carea' id='block_1_23' title="bbox 164 2138 1751 2224">
    <p class='ocr_par' dir='ltr' id='par_1_23' title="bbox 164 2138 1751 2224">
     <span class='ocr_line' id='line_1_23' title="bbox 164 2138 1751 2224; baseline 0.017 -38"><span class='ocrx_word' id='word_1_147' title='bbox 164 2148 281 2205; x_wconf 71' lang='grc' dir='ltr'>τυρι</span> <span class='ocrx_word' id='word_1_148' title='bbox 318 2138 535 2212; x_wconf 78' lang='grc' dir='ltr'>βόθρον,</span> <span class='ocrx_word' id='word_1_149' title='bbox 559 2143 619 2196; x_wconf 79' lang='grc' dir='ltr'><strong>ού</strong></span> <span class='ocrx_word' id='word_1_150' title='bbox 660 2145 913 2217; x_wconf 84' lang='grc' dir='ltr'>σώματος</span> <span class='ocrx_word' id='word_1_151' title='bbox 946 2150 1247 2215; x_wconf 84' lang='grc' dir='ltr'>ἀπώλειαν,</span> <span class='ocrx_word' id='word_1_152' title='bbox 1281 2152 1416 2206; x_wconf 81' lang='grc' dir='ltr'>ἀλλὰ</span> <span class='ocrx_word' id='word_1_153' title='bbox 1436 2152 1614 2224; x_wconf 77' lang='grc' dir='ltr'>ψυχῆς</span> <span class='ocrx_word' id='word_1_154' title='bbox 1650 2154 1751 2224; x_wconf 63' lang='lat' dir='ltr'><strong>Ep.-</strong></span> 
     </span>
    </p>
   </div>
   <div class='ocr_carea' id='block_1_24' title="bbox 166 2227 1736 2316">
    <p class='ocr_par' dir='ltr' id='par_1_24' title="bbox 166 2227 1736 2316">
     <span class='ocr_line' id='line_1_24' title="bbox 166 2227 1736 2316; baseline 0.015 -40"><span class='ocrx_word' id='word_1_155' title='bbox 166 2227 441 2295; x_wconf 83' lang='grc' dir='ltr'>ποιοῦντα,</span> <span class='ocrx_word' id='word_1_156' title='bbox 472 2234 565 2284; x_wconf 81' lang='grc' dir='ltr'>καὶ</span> <span class='ocrx_word' id='word_1_157' title='bbox 606 2238 733 2305; x_wconf 80' lang='grc' dir='ltr'>περὶ</span> <span class='ocrx_word' id='word_1_158' title='bbox 767 2239 951 2294; x_wconf 82' lang='grc' dir='ltr'>πίστιν</span> <span class='ocrx_word' id='word_1_159' title='bbox 981 2241 1071 2294; x_wconf 82' lang='grc' dir='ltr'>τὸν</span> <span class='ocrx_word' id='word_1_160' title='bbox 1102 2242 1348 2296; x_wconf 86' lang='grc' dir='ltr'>κίνδυνον</span> <span class='ocrx_word' id='word_1_161' title='bbox 1376 2245 1736 2316; x_wconf 64' lang='grc' dir='ltr'>ἐπιφέροντα.</span> 
     </span>
    </p>
   </div>
   <div class='ocr_carea' id='block_1_25' title="bbox 165 2316 1749 2407">
    <p class='ocr_par' dir='ltr' id='par_1_25' title="bbox 165 2316 1749 2407">
     <span class='ocr_line' id='line_1_25' title="bbox 165 2316 1749 2407; baseline 0.016 -40"><span class='ocrx_word' id='word_1_162' title='bbox 165 2316 691 2391; x_wconf 82' lang='grc' dir='ltr'>Μετακα).εσάμενος</span> <span class='ocrx_word' id='word_1_163' title='bbox 754 2328 864 2397; x_wconf 80' lang='grc' dir='ltr'>γὰρ</span> <span class='ocrx_word' id='word_1_164' title='bbox 911 2330 1104 2398; x_wconf 79' lang='grc' dir='ltr'>αὐτὴν,</span> <span class='ocrx_word' id='word_1_165' title='bbox 1157 2333 1345 2387; x_wconf 76' lang='grc' dir='ltr'>καὶτὸ</span> <span class='ocrx_word' id='word_1_166' title='bbox 1379 2335 1481 2403; x_wconf 74' lang='grc' dir='ltr'>μὲν</span> <span class='ocrx_word' id='word_1_167' title='bbox 1529 2337 1749 2407; x_wconf 83' lang='grc' dir='ltr'>ὀργίλον</span> 
     </span>
    </p>
   </div>
   <div class='ocr_carea' id='block_1_26' title="bbox 166 2410 1746 2500">
    <p class='ocr_par' dir='ltr' id='par_1_26' title="bbox 166 2410 1746 2500">
     <span class='ocr_line' id='line_1_26' title="bbox 166 2410 1746 2500; baseline 0.015 -41"><span class='ocrx_word' id='word_1_168' title='bbox 166 2410 251 2460; x_wconf 78' lang='grc' dir='ltr'>καὶ</span> <span class='ocrx_word' id='word_1_169' title='bbox 286 2410 660 2481; x_wconf 73' lang='grc' dir='ltr'>ὑπεροπτικὸν</span> <span class='ocrx_word' id='word_1_170' title='bbox 688 2417 1045 2487; x_wconf 73' lang='grc' dir='ltr'>ἀποθέμενος,</span> <span class='ocrx_word' id='word_1_171' title='bbox 1073 2421 1176 2475; x_wconf 78' lang='grc' dir='ltr'><strong>ὑπὸ</strong></span> <span class='ocrx_word' id='word_1_172' title='bbox 1209 2425 1362 2477; x_wconf 80' lang='grc' dir='ltr'>δασεῖ</span> <span class='ocrx_word' id='word_1_173' title='bbox 1380 2425 1440 2481; x_wconf 86' lang='grc' dir='ltr'>δὲ</span> <span class='ocrx_word' id='word_1_174' title='bbox 1462 2427 1540 2496; x_wconf 82' lang='grc' dir='ltr'>τῷ</span> <span class='ocrx_word' id='word_1_175' title='bbox 1565 2430 1746 2500; x_wconf 80' lang='grc' dir='ltr'>κωδίῳ</span> 
     </span>
    </p>
   </div>
   <div class='ocr_carea' id='block_1_27' title="bbox 168 2501 1741 2587">
    <p class='ocr_par' dir='ltr' id='par_1_27' title="bbox 168 2501 1741 2587">
     <span class='ocr_line' id='line_1_27' title="bbox 168 2501 1741 2587; baseline 0.013 -35"><span class='ocrx_word' id='word_1_176' title='bbox 168 2501 373 2573; x_wconf 71' lang='grc' dir='ltr'>κρύψας</span> <span class='ocrx_word' id='word_1_177' title='bbox 425 2505 517 2557; x_wconf 81' lang='grc' dir='ltr'>τὸν</span> <span class='ocrx_word' id='word_1_178' title='bbox 552 2506 739 2571; x_wconf 83' lang='grc' dir='ltr'>λύκον,</span> <span class='ocrx_word' id='word_1_179' title='bbox 766 2508 909 2563; x_wconf 81' lang='grc' dir='ltr'>πάνυ</span> <span class='ocrx_word' id='word_1_180' title='bbox 943 2526 1002 2564; x_wconf 86' lang='grc' dir='ltr'><strong>τε</strong></span> <span class='ocrx_word' id='word_1_181' title='bbox 1051 2513 1143 2567; x_wconf 78' lang='grc' dir='ltr'>τὸν</span> <span class='ocrx_word' id='word_1_182' title='bbox 1188 2515 1365 2587; x_wconf 79' lang='grc' dir='ltr'>πρᾶον</span> <span class='ocrx_word' id='word_1_183' title='bbox 1398 2516 1741 2586; x_wconf 67' lang='grc' dir='ltr'>ὑποκριθείς,</span> 
     </span>
    </p>
   </div>
   <div class='ocr_carea' id='block_1_28' title="bbox 165 2594 1743 2681">
    <p class='ocr_par' dir='ltr' id='par_1_28' title="bbox 165 2594 1743 2681">
     <span class='ocr_line' id='line_1_28' title="bbox 165 2594 1743 2681; baseline 0.013 -36"><span class='ocrx_word' id='word_1_184' title='bbox 165 2594 231 2645; x_wconf 74' lang='grc' dir='ltr'><strong>Σὺ</strong></span> <span class='ocrx_word' id='word_1_185' title='bbox 254 2599 352 2665; x_wconf 81' lang='grc' dir='ltr'>μὲν</span> <span class='ocrx_word' id='word_1_186' title='bbox 375 2598 677 2669; x_wconf 75' lang='grc' dir='ltr'>ἠπάτησαι,</span> <span class='ocrx_word' id='word_1_187' title='bbox 705 2601 830 2673; x_wconf 78' lang='grc' dir='ltr'>ἔφη·</span> <span class='ocrx_word' id='word_1_188' title='bbox 859 2606 949 2657; x_wconf 82' lang='grc' dir='ltr'>καὶ</span> <span class='ocrx_word' id='word_1_189' title='bbox 966 2604 1019 2658; x_wconf 87' lang='grc' dir='ltr'><strong>τί</strong></span> <span class='ocrx_word' id='word_1_190' title='bbox 1036 2606 1144 2676; x_wconf 75' lang='grc' dir='ltr'>γὰρ</span> <span class='ocrx_word' id='word_1_191' title='bbox 1163 2607 1476 2677; x_wconf 75' lang='grc' dir='ltr'>θαυμαστὸν</span> <span class='ocrx_word' id='word_1_192' title='bbox 1496 2612 1544 2663; x_wconf 83' lang='grc' dir='ltr'><strong>εί</strong></span> <span class='ocrx_word' id='word_1_193' title='bbox 1568 2614 1743 2681; x_wconf 82' lang='grc' dir='ltr'>γυνη;</span> 
     </span>
    </p>
   </div>
   <div class='ocr_carea' id='block_1_29' title="bbox 165 2687 1742 2776">
    <p class='ocr_par' dir='ltr' id='par_1_29' title="bbox 165 2687 1742 2776">
     <span class='ocr_line' id='line_1_29' title="bbox 165 2687 1742 2776; baseline 0.014 -39"><span class='ocrx_word' id='word_1_194' title='bbox 165 2687 298 2759; x_wconf 78' lang='grc' dir='ltr'>πλὴν</span> <span class='ocrx_word' id='word_1_195' title='bbox 327 2692 466 2744; x_wconf 77' lang='grc' dir='ltr'>ἀλλὰ</span> <span class='ocrx_word' id='word_1_196' title='bbox 502 2694 595 2746; x_wconf 66' lang='grc' dir='ltr'>καὶ</span> <span class='ocrx_word' id='word_1_197' title='bbox 629 2696 791 2765; x_wconf 71' lang='grc' dir='ltr'>ἡμεῖς</span> <span class='ocrx_word' id='word_1_198' title='bbox 824 2696 899 2760; x_wconf 85' lang='grc' dir='ltr'>ὡς</span> <span class='ocrx_word' id='word_1_199' title='bbox 962 2700 1063 2752; x_wconf 78' lang='grc' dir='ltr'>οὐκ</span> <span class='ocrx_word' id='word_1_200' title='bbox 1107 2699 1214 2754; x_wconf 73' lang='grc' dir='ltr'>ἔδει</span> <span class='ocrx_word' id='word_1_201' title='bbox 1254 2705 1742 2776; x_wconf 73' lang='grc' dir='ltr'>πεπαρῳνήκαμεν</span> 
     </span>
    </p>
   </div>
   <div class='ocr_carea' id='block_1_30' title="bbox 168 2781 1746 2868">
    <p class='ocr_par' dir='ltr' id='par_1_30' title="bbox 168 2781 1746 2868">
     <span class='ocr_line' id='line_1_30' title="bbox 168 2781 1746 2868; baseline 0.013 -37"><span class='ocrx_word' id='word_1_202' title='bbox 168 2781 240 2842; x_wconf 88' lang='grc' dir='ltr'><strong>είς</strong></span> <span class='ocrx_word' id='word_1_203' title='bbox 271 2783 327 2834; x_wconf 69' lang='grc' dir='ltr'><strong>σε</strong></span> <span class='ocrx_word' id='word_1_204' title='bbox 357 2784 460 2853; x_wconf 77' lang='grc' dir='ltr'>τὴν</span> <span class='ocrx_word' id='word_1_205' title='bbox 488 2787 760 2852; x_wconf 87' lang='grc' dir='ltr'>γενναίαν.</span> <span class='ocrx_word' id='word_1_206' title='bbox 794 2789 912 2857; x_wconf 82' lang='grc' dir='ltr'>Ἐφ’</span> <span class='ocrx_word' id='word_1_207' title='bbox 944 2785 1024 2854; x_wconf 76' lang='grc' dir='ltr'>οἷς</span> <span class='ocrx_word' id='word_1_208' title='bbox 1046 2793 1379 2864; x_wconf 84' lang='grc' dir='ltr'>συγγνώμην</span> <span class='ocrx_word' id='word_1_209' title='bbox 1403 2798 1533 2867; x_wconf 73' lang='grc' dir='ltr'>ἡμῖν</span> <span class='ocrx_word' id='word_1_210' title='bbox 1563 2814 1746 2868; x_wconf 83' lang='grc' dir='ltr'>παρα-</span> 
     </span>
    </p>
   </div>
   <div class='ocr_carea' id='block_1_31' title="bbox 171 2873 1743 2956">
    <p class='ocr_par' dir='ltr' id='par_1_31' title="bbox 171 2873 1743 2956">
     <span class='ocr_line' id='line_1_31' title="bbox 171 2873 1743 2956; baseline 0.012 -32"><span class='ocrx_word' id='word_1_211' title='bbox 171 2873 369 2942; x_wconf 77' lang='grc' dir='ltr'>σχοῦσα</span> <span class='ocrx_word' id='word_1_212' title='bbox 416 2875 580 2929; x_wconf 84' lang='grc' dir='ltr'>θῦσον</span> <span class='ocrx_word' id='word_1_213' title='bbox 618 2877 696 2948; x_wconf 80' lang='grc' dir='ltr'>τῷ</span> <span class='ocrx_word' id='word_1_214' title='bbox 734 2881 953 2951; x_wconf 83' lang='grc' dir='ltr'>μεγάλῳ</span> <span class='ocrx_word' id='word_1_215' title='bbox 994 2883 1101 2949; x_wconf 84' lang='grc' dir='ltr'>θεῷ</span> <span class='ocrx_word' id='word_1_216' title='bbox 1136 2887 1315 2956; x_wconf 81' lang='grc' dir='ltr'>Ἀρει,</span> <span class='ocrx_word' id='word_1_217' title='bbox 1344 2889 1440 2942; x_wconf 75' lang='grc' dir='ltr'>καὶ</span> <span class='ocrx_word' id='word_1_218' title='bbox 1489 2889 1743 2955; x_wconf 81' lang='grc' dir='ltr'>τοσοῦτός</span> 
     </span>
    </p>
   </div>
   <div class='ocr_carea' id='block_1_32' title="bbox 170 2966 1740 3050">
    <p class='ocr_par' dir='ltr' id='par_1_32' title="bbox 170 2966 1740 3050">
     <span class='ocr_line' id='line_1_32' title="bbox 170 2966 1740 3050; baseline 0.013 -34"><span class='ocrx_word' id='word_1_219' title='bbox 170 2980 224 3017; x_wconf 83' lang='grc' dir='ltr'><strong>σε</strong></span> <span class='ocrx_word' id='word_1_220' title='bbox 247 2966 483 3031; x_wconf 79' lang='grc' dir='ltr'>πλοῦτος</span> <span class='ocrx_word' id='word_1_221' title='bbox 516 2968 609 3020; x_wconf 76' lang='grc' dir='ltr'>καὶ</span> <span class='ocrx_word' id='word_1_222' title='bbox 642 2968 768 3035; x_wconf 74' lang='grc' dir='ltr'>δόξα</span> <span class='ocrx_word' id='word_1_223' title='bbox 798 2975 892 3027; x_wconf 74' lang='grc' dir='ltr'>καὶ</span> <span class='ocrx_word' id='word_1_224' title='bbox 926 2974 1144 3041; x_wconf 85' lang='grc' dir='ltr'>ἀγαθῶν</span> <span class='ocrx_word' id='word_1_225' title='bbox 1171 2978 1446 3041; x_wconf 72' lang='grc' dir='ltr'>ἐκδέξεται</span> <span class='ocrx_word' id='word_1_226' title='bbox 1471 2980 1740 3050; x_wconf 79' lang='grc' dir='ltr'>θάλασσα,</span> 
     </span>
    </p>
   </div>
   <div class='ocr_carea' id='block_1_33' title="bbox 162 3055 1741 3141">
    <p class='ocr_par' dir='ltr' id='par_1_33' title="bbox 162 3055 1741 3141">
     <span class='ocr_line' id='line_1_33' title="bbox 162 3055 1741 3141; baseline 0.012 -35"><span class='ocrx_word' id='word_1_227' title='bbox 162 3055 232 3118; x_wconf 84' lang='grc' dir='ltr'><strong>ὡς</strong></span> <span class='ocrx_word' id='word_1_228' title='bbox 266 3059 490 3111; x_wconf 70' lang='grc' dir='ltr'>πάντων</span> <span class='ocrx_word' id='word_1_229' title='bbox 524 3060 749 3115; x_wconf 77' lang='grc' dir='ltr'>ἐκείνων</span> <span class='ocrx_word' id='word_1_230' title='bbox 786 3064 1254 3137; x_wconf 71' lang='grc' dir='ltr'>ἀμνημονήσασιν</span> <span class='ocrx_word' id='word_1_231' title='bbox 1286 3070 1450 3140; x_wconf 78' lang='grc' dir='ltr'>ζῆσαι</span> <span class='ocrx_word' id='word_1_232' title='bbox 1505 3072 1567 3125; x_wconf 86' lang='grc' dir='ltr'>τὸ</span> <span class='ocrx_word' id='word_1_233' title='bbox 1599 3072 1741 3141; x_wconf 87' lang='grc' dir='ltr'><strong>μετά</strong></span> 
     </span>
    </p>
   </div>
   <div class='ocr_carea' id='block_1_34' title="bbox 163 3147 1741 3233">
    <p class='ocr_par' dir='ltr' id='par_1_34' title="bbox 163 3147 1741 3233">
     <span class='ocr_line' id='line_1_34' title="bbox 163 3147 1741 3233; baseline 0.012 -35"><span class='ocrx_word' id='word_1_234' title='bbox 163 3147 329 3202; x_wconf 78' lang='grc' dir='ltr'>ταῦτα</span> <span class='ocrx_word' id='word_1_235' title='bbox 359 3150 546 3215; x_wconf 82' lang='grc' dir='ltr'>καλῶς</span> <span class='ocrx_word' id='word_1_236' title='bbox 575 3155 668 3216; x_wconf 78' lang='grc' dir='ltr'>καὶ</span> <span class='ocrx_word' id='word_1_237' title='bbox 700 3155 891 3224; x_wconf 73' lang='grc' dir='ltr'>ἡδέως,</span> <span class='ocrx_word' id='word_1_238' title='bbox 936 3156 1126 3229; x_wconf 80' lang='grc' dir='ltr'>ὥσπερ</span> <span class='ocrx_word' id='word_1_239' title='bbox 1158 3160 1267 3229; x_wconf 82' lang='grc' dir='ltr'>ἄρα</span> <span class='ocrx_word' id='word_1_240' title='bbox 1306 3162 1403 3214; x_wconf 68' lang='grc' dir='ltr'>καὶ</span> <span class='ocrx_word' id='word_1_241' title='bbox 1437 3164 1544 3231; x_wconf 81' lang='grc' dir='ltr'><strong>χρὴ</strong></span> <span class='ocrx_word' id='word_1_242' title='bbox 1595 3180 1741 3233; x_wconf 77' lang='grc' dir='ltr'>παρο</span> 
     </span>
    </p>
   </div>
   <div class='ocr_carea' id='block_1_35' title="bbox 165 3237 1738 3322">
    <p class='ocr_par' dir='ltr' id='par_1_35' title="bbox 165 3237 1738 3322">
     <span class='ocr_line' id='line_1_35' title="bbox 165 3237 1738 3322; baseline 0.011 -31"><span class='ocrx_word' id='word_1_243' title='bbox 165 3237 310 3293; x_wconf 78' lang='grc' dir='ltr'>θένον</span> <span class='ocrx_word' id='word_1_244' title='bbox 347 3242 636 3315; x_wconf 83' lang='grc' dir='ltr'>τοιαύτην,</span> <span class='ocrx_word' id='word_1_245' title='bbox 693 3246 836 3298; x_wconf 79' lang='grc' dir='ltr'>οὕτω</span> <span class='ocrx_word' id='word_1_246' title='bbox 895 3250 995 3316; x_wconf 72' lang='grc' dir='ltr'><strong>μεν</strong></span> <span class='ocrx_word' id='word_1_247' title='bbox 1056 3249 1251 3320; x_wconf 77' lang='grc' dir='ltr'>καλὴν,</span> <span class='ocrx_word' id='word_1_248' title='bbox 1277 3249 1419 3303; x_wconf 73' lang='grc' dir='ltr'>οὕτω</span> <span class='ocrx_word' id='word_1_249' title='bbox 1453 3253 1508 3306; x_wconf 68' lang='grc' dir='ltr'>δὲ</span> <span class='ocrx_word' id='word_1_250' title='bbox 1545 3254 1738 3322; x_wconf 84' lang='grc' dir='ltr'>γένους</span> 
     </span>
    </p>
   </div>
   <div class='ocr_carea' id='block_1_36' title="bbox 164 3331 1741 3417">
    <p class='ocr_par' dir='ltr' id='par_1_36' title="bbox 164 3331 1741 3417">
     <span class='ocr_line' id='line_1_36' title="bbox 164 3331 1741 3417; baseline 0.014 -38"><span class='ocrx_word' id='word_1_251' title='bbox 164 3331 254 3385; x_wconf 83' lang='grc' dir='ltr'>καὶ</span> <span class='ocrx_word' id='word_1_252' title='bbox 277 3336 639 3404; x_wconf 73' lang='grc' dir='ltr'>περιφανείας</span> <span class='ocrx_word' id='word_1_253' title='bbox 670 3334 923 3405; x_wconf 74' lang='grc' dir='ltr'>ἔχουσαν.</span> <span class='ocrx_word' id='word_1_254' title='bbox 957 3338 1022 3393; x_wconf 81' lang='grc' dir='ltr'><strong>Ἠ</strong></span> <span class='ocrx_word' id='word_1_255' title='bbox 1044 3339 1101 3393; x_wconf 85' lang='grc' dir='ltr'>δὲ</span> <span class='ocrx_word' id='word_1_256' title='bbox 1134 3341 1491 3413; x_wconf 81' lang='grc' dir='ltr'>πανεύφημος</span> <span class='ocrx_word' id='word_1_257' title='bbox 1521 3344 1741 3417; x_wconf 82' lang='grc' dir='ltr'>ἀληθῶς</span> 
     </span>
    </p>
   </div>
   <div class='ocr_carea' id='block_1_37' title="bbox 166 3423 1742 3510">
    <p class='ocr_par' dir='ltr' id='par_1_37' title="bbox 166 3423 1742 3510">
     <span class='ocr_line' id='line_1_37' title="bbox 166 3423 1742 3510; baseline 0.013 -37"><span class='ocrx_word' id='word_1_258' title='bbox 166 3423 420 3493; x_wconf 81' lang='grc' dir='ltr'>Εὐφημία</span> <span class='ocrx_word' id='word_1_259' title='bbox 458 3428 707 3491; x_wconf 86' lang='grc' dir='ltr'>γενναῖόν</span> <span class='ocrx_word' id='word_1_260' title='bbox 731 3446 784 3482; x_wconf 91' lang='grc' dir='ltr'><strong>τι</strong></span> <span class='ocrx_word' id='word_1_261' title='bbox 818 3431 916 3485; x_wconf 76' lang='grc' dir='ltr'>καὶ</span> <span class='ocrx_word' id='word_1_262' title='bbox 970 3433 1245 3505; x_wconf 79' lang='grc' dir='ltr'>ἀνδρῶδες</span> <span class='ocrx_word' id='word_1_263' title='bbox 1301 3436 1625 3507; x_wconf 70' lang='grc' dir='ltr'>ἐμϐλέψασα</span> <span class='ocrx_word' id='word_1_264' title='bbox 1662 3440 1742 3510; x_wconf 84' lang='grc' dir='ltr'>τῷ</span> 
     </span>
    </p>
   </div>
   <div class='ocr_carea' id='block_1_38' title="bbox 163 3511 1740 3603">
    <p class='ocr_par' dir='ltr' id='par_1_38' title="bbox 163 3511 1740 3603">
     <span class='ocr_line' id='line_1_38' title="bbox 163 3511 1740 3603; baseline 0.013 -39"><span class='ocrx_word' id='word_1_265' title='bbox 163 3514 430 3586; x_wconf 79' lang='grc' dir='ltr'>τυράννῳ,</span> <span class='ocrx_word' id='word_1_266' title='bbox 460 3511 532 3569; x_wconf 81' lang='grc' dir='ltr'><strong><em>Ὦ</em></strong></span> <span class='ocrx_word' id='word_1_267' title='bbox 558 3518 708 3590; x_wconf 77' lang='grc' dir='ltr'>ψυχὴ</span> <span class='ocrx_word' id='word_1_268' title='bbox 759 3524 1113 3596; x_wconf 80' lang='grc' dir='ltr'>κακότεχνος,</span> <span class='ocrx_word' id='word_1_269' title='bbox 1135 3527 1266 3595; x_wconf 75' lang='grc' dir='ltr'>εφη,</span> <span class='ocrx_word' id='word_1_270' title='bbox 1321 3528 1476 3581; x_wconf 81' lang='grc' dir='ltr'>δόλου</span> <span class='ocrx_word' id='word_1_271' title='bbox 1534 3530 1740 3603; x_wconf 77' lang='grc' dir='ltr'>δηλαδὴ</span> 
     </span>
    </p>
   </div>
   <div class='ocr_carea' id='block_1_39' title="bbox 162 3604 1742 3691">
    <p class='ocr_par' dir='ltr' id='par_1_39' title="bbox 162 3604 1742 3691">
     <span class='ocr_line' id='line_1_39' title="bbox 162 3604 1742 3691; baseline 0.015 -39"><span class='ocrx_word' id='word_1_272' title='bbox 162 3604 404 3673; x_wconf 83' lang='grc' dir='ltr'>γέμουσα</span> <span class='ocrx_word' id='word_1_273' title='bbox 470 3612 568 3663; x_wconf 75' lang='grc' dir='ltr'>καὶ</span> <span class='ocrx_word' id='word_1_274' title='bbox 616 3613 844 3681; x_wconf 82' lang='grc' dir='ltr'>πικρίας</span> <span class='ocrx_word' id='word_1_275' title='bbox 868 3628 882 3643; x_wconf 84' lang='grc'><strong>·</strong></span> <span class='ocrx_word' id='word_1_276' title='bbox 915 3609 960 3667; x_wconf 82' lang='grc' dir='ltr'><strong>ὦ</strong></span> <span class='ocrx_word' id='word_1_277' title='bbox 996 3616 1248 3685; x_wconf 88' lang='grc' dir='ltr'>δαιμονία</span> <span class='ocrx_word' id='word_1_278' title='bbox 1292 3617 1488 3688; x_wconf 85' lang='grc' dir='ltr'>γνώμη</span> <span class='ocrx_word' id='word_1_279' title='bbox 1523 3620 1742 3691; x_wconf 83' lang='grc' dir='ltr'>ἀνθρω-</span> 
     </span>
    </p>
   </div>
   <div class='ocr_carea' id='block_1_40' title="bbox 164 3698 1742 3785">
    <p class='ocr_par' dir='ltr' id='par_1_40' title="bbox 164 3698 1742 3785">
     <span class='ocr_line' id='line_1_40' title="bbox 164 3698 1742 3785; baseline 0.014 -36"><span class='ocrx_word' id='word_1_280' title='bbox 164 3698 319 3753; x_wconf 84' lang='grc' dir='ltr'>πείαν</span> <span class='ocrx_word' id='word_1_281' title='bbox 347 3701 478 3772; x_wconf 81' lang='grc' dir='ltr'>δψιν</span> <span class='ocrx_word' id='word_1_282' title='bbox 518 3707 922 3777; x_wconf 75' lang='grc' dir='ltr'>μεμιμημένη,</span> <span class='ocrx_word' id='word_1_283' title='bbox 970 3708 1031 3761; x_wconf 89' lang='grc' dir='ltr'><strong>ού</strong></span> <span class='ocrx_word' id='word_1_284' title='bbox 1085 3708 1271 3783; x_wconf 81' lang='grc' dir='ltr'>παύσῃ</span> <span class='ocrx_word' id='word_1_285' title='bbox 1302 3713 1431 3766; x_wconf 79' lang='grc' dir='ltr'>ποτὲ</span> <span class='ocrx_word' id='word_1_286' title='bbox 1469 3712 1656 3785; x_wconf 90' lang='grc' dir='ltr'>ληρῶν</span> <span class='ocrx_word' id='word_1_287' title='bbox 1682 3733 1742 3771; x_wconf 89' lang='grc' dir='ltr'><strong>τε</strong></span> 
     </span>
    </p>
   </div>
   <div class='ocr_carea' id='block_1_41' title="bbox 167 3792 1743 3877">
    <p class='ocr_par' dir='ltr' id='par_1_41' title="bbox 167 3792 1743 3877">
     <span class='ocr_line' id='line_1_41' title="bbox 167 3792 1743 3877; baseline 0.012 -34"><span class='ocrx_word' id='word_1_288' title='bbox 167 3792 258 3844; x_wconf 74' lang='grc' dir='ltr'>καὶ</span> <span class='ocrx_word' id='word_1_289' title='bbox 287 3797 627 3866; x_wconf 84' lang='grc' dir='ltr'>κακουργῶν</span> <span class='ocrx_word' id='word_1_290' title='bbox 673 3798 953 3869; x_wconf 82' lang='grc' dir='ltr'>ἄπρακτα,</span> <span class='ocrx_word' id='word_1_291' title='bbox 1004 3802 1101 3855; x_wconf 79' lang='grc' dir='ltr'>καὶ</span> <span class='ocrx_word' id='word_1_292' title='bbox 1152 3804 1292 3857; x_wconf 86' lang='grc' dir='ltr'><strong>κατά</strong></span> <span class='ocrx_word' id='word_1_293' title='bbox 1315 3805 1425 3859; x_wconf 89' lang='grc' dir='ltr'><strong>τῶν</strong></span> <span class='ocrx_word' id='word_1_294' title='bbox 1456 3808 1550 3861; x_wconf 82' lang='grc' dir='ltr'>τοῦ</span> <span class='ocrx_word' id='word_1_295' title='bbox 1604 3808 1743 3877; x_wconf 84' lang='grc' dir='ltr'>Χρι-</span> 
     </span>
    </p>
   </div>
   <div class='ocr_carea' id='block_1_42' title="bbox 167 3885 1743 3969">
    <p class='ocr_par' dir='ltr' id='par_1_42' title="bbox 167 3885 1743 3969">
     <span class='ocr_line' id='line_1_42' title="bbox 167 3885 1743 3969; baseline 0.013 -35"><span class='ocrx_word' id='word_1_296' title='bbox 167 3885 286 3935; x_wconf 83' lang='grc' dir='ltr'>στοῦ</span> <span class='ocrx_word' id='word_1_297' title='bbox 303 3886 512 3939; x_wconf 84' lang='grc' dir='ltr'>δούλων</span> <span class='ocrx_word' id='word_1_298' title='bbox 534 3889 737 3958; x_wconf 83' lang='grc' dir='ltr'>μυρίας</span> <span class='ocrx_word' id='word_1_299' title='bbox 753 3892 1169 3963; x_wconf 78' lang='grc' dir='ltr'>τεκταινόμενος</span> <span class='ocrx_word' id='word_1_300' title='bbox 1191 3896 1289 3958; x_wconf 78' lang='grc' dir='ltr'><strong>τὰς</strong></span> <span class='ocrx_word' id='word_1_301' title='bbox 1314 3898 1576 3965; x_wconf 80' lang='grc' dir='ltr'>παγίδας;</span> <span class='ocrx_word' id='word_1_302' title='bbox 1598 3901 1743 3969; x_wconf 82' lang='grc' dir='ltr'><strong>Ἐγὼ</strong></span> 
     </span>
    </p>
   </div>
   <div class='ocr_carea' id='block_1_43' title="bbox 165 3971 1740 4059">
    <p class='ocr_par' dir='ltr' id='par_1_43' title="bbox 165 3971 1740 4059">
     <span class='ocr_line' id='line_1_43' title="bbox 165 3971 1740 4059; baseline 0.014 -34"><span class='ocrx_word' id='word_1_303' title='bbox 165 3971 307 4027; x_wconf 82' lang='grc' dir='ltr'>θύσω</span> <span class='ocrx_word' id='word_1_304' title='bbox 355 3978 498 4030; x_wconf 67' lang='grc' dir='ltr'>ποτε</span> <span class='ocrx_word' id='word_1_305' title='bbox 552 3978 772 4051; x_wconf 89' lang='grc' dir='ltr'>δαίμοσι</span> <span class='ocrx_word' id='word_1_306' title='bbox 823 3986 920 4036; x_wconf 69' lang='grc' dir='ltr'>καὶ</span> <span class='ocrx_word' id='word_1_307' title='bbox 967 3984 1211 4051; x_wconf 74' lang='grc' dir='ltr'>εἰδώλοις</span> <span class='ocrx_word' id='word_1_308' title='bbox 1260 3989 1400 4059; x_wconf 86' lang='grc' dir='ltr'><strong>μετά</strong></span> <span class='ocrx_word' id='word_1_309' title='bbox 1471 3994 1740 4059; x_wconf 72' lang='grc' dir='ltr'>τοσαύτας</span> 
     </span>
    </p>
   </div>
   <div class='ocr_carea' id='block_1_44' title="bbox 167 4066 1743 4154">
    <p class='ocr_par' dir='ltr' id='par_1_44' title="bbox 167 4066 1743 4154">
     <span class='ocr_line' id='line_1_44' title="bbox 167 4066 1743 4154; baseline 0.014 -36"><span class='ocrx_word' id='word_1_310' title='bbox 167 4066 396 4135; x_wconf 76' lang='grc' dir='ltr'>μάλιστα</span> <span class='ocrx_word' id='word_1_311' title='bbox 427 4068 527 4124; x_wconf 80' lang='grc' dir='ltr'><strong>τοῦ</strong></span> <span class='ocrx_word' id='word_1_312' title='bbox 575 4074 709 4144; x_wconf 69' lang='grc' dir='ltr'><strong>ιμοῦ</strong></span> <span class='ocrx_word' id='word_1_313' title='bbox 739 4078 1015 4132; x_wconf 83' lang='grc' dir='ltr'>Δεσπότου</span> <span class='ocrx_word' id='word_1_314' title='bbox 1066 4080 1166 4142; x_wconf 86' lang='grc' dir='ltr'><strong>τὰς</strong></span> <span class='ocrx_word' id='word_1_315' title='bbox 1224 4082 1572 4152; x_wconf 52' lang='grc' dir='ltr'>ἀντιλήψεις</span> <span class='ocrx_word' id='word_1_316' title='bbox 1606 4087 1743 4154; x_wconf 80' lang='grc' dir='ltr'>μετὰ</span> 
     </span>
    </p>
   </div>
   <div class='ocr_carea' id='block_1_45' title="bbox 162 4157 1741 4242">
    <p class='ocr_par' dir='ltr' id='par_1_45' title="bbox 162 4157 1741 4242">
     <span class='ocr_line' id='line_1_45' title="bbox 162 4157 1741 4242; baseline 0.014 -32"><span class='ocrx_word' id='word_1_317' title='bbox 162 4157 254 4228; x_wconf 80' lang='grc' dir='ltr'>τὴν</span> <span class='ocrx_word' id='word_1_318' title='bbox 289 4163 353 4217; x_wconf 79' lang='grc' dir='ltr'>ὲκ</span> <span class='ocrx_word' id='word_1_319' title='bbox 382 4165 731 4235; x_wconf 82' lang='grc' dir='ltr'>τηλικούτων</span> <span class='ocrx_word' id='word_1_320' title='bbox 768 4169 949 4238; x_wconf 75' lang='grc' dir='ltr'>ἔργων</span> <span class='ocrx_word' id='word_1_321' title='bbox 995 4174 1095 4240; x_wconf 84' lang='grc' dir='ltr'>τῆς</span> <span class='ocrx_word' id='word_1_322' title='bbox 1129 4172 1390 4242; x_wconf 82' lang='grc' dir='ltr'>ἀληθείας</span> <span class='ocrx_word' id='word_1_323' title='bbox 1423 4176 1741 4242; x_wconf 72' lang='grc' dir='ltr'>ἀπόδειξινς</span> 
     </span>
    </p>
   </div>
   <div class='ocr_carea' id='block_1_46' title="bbox 167 4256 1743 4339">
    <p class='ocr_par' dir='ltr' id='par_1_46' title="bbox 167 4256 1743 4339">
     <span class='ocr_line' id='line_1_46' title="bbox 167 4256 1743 4339; baseline 0.01 -31"><span class='ocrx_word' id='word_1_324' title='bbox 167 4256 298 4322; x_wconf 77' lang='grc' dir='ltr'>μετὰ</span> <span class='ocrx_word' id='word_1_325' title='bbox 341 4258 404 4311; x_wconf 85' lang='grc' dir='ltr'>τὸ</span> <span class='ocrx_word' id='word_1_326' title='bbox 436 4260 693 4331; x_wconf 84' lang='grc' dir='ltr'>φανερῶς</span> <span class='ocrx_word' id='word_1_327' title='bbox 722 4262 825 4331; x_wconf 67' lang='grc' dir='ltr'><strong>ἐμὲ</strong></span> <span class='ocrx_word' id='word_1_328' title='bbox 858 4264 953 4317; x_wconf 71' lang='grc' dir='ltr'>καὶ</span> <span class='ocrx_word' id='word_1_329' title='bbox 993 4266 1407 4338; x_wconf 76' lang='grc' dir='ltr'>ἀναντιρρήτως</span> <span class='ocrx_word' id='word_1_330' title='bbox 1440 4270 1743 4339; x_wconf 79' lang='grc' dir='ltr'>καταισχῦο</span> 
     </span>
    </p>
   </div>
   <div class='ocr_carea' id='block_1_47' title="bbox 165 4349 1745 4430">
    <p class='ocr_par' dir='ltr' id='par_1_47' title="bbox 165 4349 1745 4430">
     <span class='ocr_line' id='line_1_47' title="bbox 165 4349 1745 4430; baseline 0.011 -32"><span class='ocrx_word' id='word_1_331' title='bbox 165 4361 248 4399; x_wconf 89' lang='grc' dir='ltr'><strong>ναι</strong></span> <span class='ocrx_word' id='word_1_332' title='bbox 280 4349 380 4418; x_wconf 69' lang='grc' dir='ltr'>μιν</span> <span class='ocrx_word' id='word_1_333' title='bbox 412 4350 575 4421; x_wconf 82' lang='grc' dir='ltr'>ὑμῶν</span> <span class='ocrx_word' id='word_1_334' title='bbox 601 4352 701 4422; x_wconf 85' lang='grc' dir='ltr'>τὴν</span> <span class='ocrx_word' id='word_1_335' title='bbox 724 4354 1065 4424; x_wconf 78' lang='grc' dir='ltr'>ἀλαζονείαν,</span> <span class='ocrx_word' id='word_1_336' title='bbox 1087 4359 1385 4428; x_wconf 80' lang='grc' dir='ltr'>ἀπελέγξαι</span> <span class='ocrx_word' id='word_1_337' title='bbox 1421 4360 1477 4412; x_wconf 81' lang='grc' dir='ltr'>δὲ</span> <span class='ocrx_word' id='word_1_338' title='bbox 1504 4361 1604 4430; x_wconf 82' lang='grc' dir='ltr'>τὴν</span> <span class='ocrx_word' id='word_1_339' title='bbox 1635 4362 1745 4416; x_wconf 85' lang='grc' dir='ltr'><strong>τῶν</strong></span> 
     </span>
    </p>
   </div>
   <div class='ocr_carea' id='block_1_48' title="bbox 166 4440 1745 4526">
    <p class='ocr_par' dir='ltr' id='par_1_48' title="bbox 166 4440 1745 4526">
     <span class='ocr_line' id='line_1_48' title="bbox 166 4440 1745 4526; baseline 0.018 -34"><span class='ocrx_word' id='word_1_340' title='bbox 166 4440 528 4512; x_wconf 80' lang='grc' dir='ltr'>σεσασμάτων</span> <span class='ocrx_word' id='word_1_341' title='bbox 566 4445 858 4500; x_wconf 78' lang='grc' dir='ltr'>ἀσθένειαν</span> <span class='ocrx_word' id='word_1_342' title='bbox 890 4450 984 4501; x_wconf 73' lang='grc' dir='ltr'>καὶ</span> <span class='ocrx_word' id='word_1_343' title='bbox 1029 4451 1271 4522; x_wconf 82' lang='grc' dir='ltr'>μεγάλην</span> <span class='ocrx_word' id='word_1_344' title='bbox 1298 4452 1439 4504; x_wconf 79' lang='grc' dir='ltr'>οὕτω</span> <span class='ocrx_word' id='word_1_345' title='bbox 1474 4457 1614 4508; x_wconf 75' lang='grc' dir='ltr'><strong>κατά</strong></span> <span class='ocrx_word' id='word_1_346' title='bbox 1644 4458 1745 4526; x_wconf 81' lang='grc' dir='ltr'>τῆς</span> 
     </span>
    </p>
   </div>
   <div class='ocr_carea' id='block_1_49' title="bbox 1849 613 3425 688">
    <p class='ocr_par' dir='ltr' id='par_1_49' title="bbox 1849 613 3425 688">
     <span class='ocr_line' id='line_1_49' title="bbox 1849 613 3425 688; baseline 0.002 -20"><span class='ocrx_word' id='word_1_347' title='bbox 1849 613 2200 671; x_wconf 91' lang='lat' dir='ltr'><strong>interierunt.</strong></span> <span class='ocrx_word' id='word_1_348' title='bbox 2234 618 2433 672; x_wconf 90' lang='lat' dir='ltr'><strong>Sancta</strong></span> <span class='ocrx_word' id='word_1_349' title='bbox 2458 626 2639 671; x_wconf 88' lang='lat' dir='ltr'><strong>autem</strong></span> <span class='ocrx_word' id='word_1_350' title='bbox 2669 616 2872 672; x_wconf 78' lang='lat' dir='ltr'><strong>cecinit</strong></span> <span class='ocrx_word' id='word_1_351' title='bbox 2917 615 3169 688; x_wconf 79' lang='lat' dir='ltr'><strong>hymnos,</strong></span> <span class='ocrx_word' id='word_1_352' title='bbox 3221 616 3425 686; x_wconf 87' lang='lat' dir='ltr'><strong>quibus</strong></span> 
     </span>
    </p>
   </div>
   <div class='ocr_carea' id='block_1_50' title="bbox 1848 703 3425 778">
    <p class='ocr_par' dir='ltr' id='par_1_50' title="bbox 1848 703 3425 778">
     <span class='ocr_line' id='line_1_50' title="bbox 1848 703 3425 778; baseline -0.001 -17"><span class='ocrx_word' id='word_1_353' title='bbox 1848 703 1959 761; x_wconf 88' lang='lat' dir='ltr'><strong>Deo</strong></span> <span class='ocrx_word' id='word_1_354' title='bbox 1983 706 2175 775; x_wconf 87' lang='lat' dir='ltr'><strong>agebat</strong></span> <span class='ocrx_word' id='word_1_355' title='bbox 2200 708 2443 776; x_wconf 80' lang='lat' dir='ltr'><strong>gratias:</strong></span> <span class='ocrx_word' id='word_1_356' title='bbox 2480 729 2497 761; x_wconf 77' lang='grc' dir='ltr'><strong>ι</strong></span> <span class='ocrx_word' id='word_1_357' title='bbox 2539 707 2673 775; x_wconf 86' lang='lat' dir='ltr'><strong>Quis</strong></span> <span class='ocrx_word' id='word_1_358' title='bbox 2692 708 2967 778; x_wconf 86' lang='lat' dir='ltr'><strong>loquetur,</strong></span> <span class='ocrx_word' id='word_1_359' title='bbox 3001 708 3211 769; x_wconf 89' lang='lat' dir='ltr'><strong>dicens,</strong></span> <span class='ocrx_word' id='word_1_360' title='bbox 3234 716 3425 776; x_wconf 79' lang='lat' dir='ltr'><strong>poten-</strong></span> 
     </span>
    </p>
   </div>
   <div class='ocr_carea' id='block_1_51' title="bbox 1848 798 3422 864">
    <p class='ocr_par' dir='ltr' id='par_1_51' title="bbox 1848 798 3422 864">
     <span class='ocr_line' id='line_1_51' title="bbox 1848 798 3422 864; baseline 0.002 -13"><span class='ocrx_word' id='word_1_361' title='bbox 1848 798 1952 852; x_wconf 84' lang='lat' dir='ltr'><strong>tias</strong></span> <span class='ocrx_word' id='word_1_362' title='bbox 2028 799 2266 864; x_wconf 89' lang='lat' dir='ltr'><strong>Domini,</strong></span> <span class='ocrx_word' id='word_1_363' title='bbox 2322 802 2536 855; x_wconf 86' lang='lat' dir='ltr'><strong>auditas</strong></span> <span class='ocrx_word' id='word_1_364' title='bbox 2594 802 2754 856; x_wconf 78' lang='lat' dir='ltr'><strong>faciet</strong></span> <span class='ocrx_word' id='word_1_365' title='bbox 2794 816 2984 855; x_wconf 87' lang='lat' dir='ltr'><strong>omnes</strong></span> <span class='ocrx_word' id='word_1_366' title='bbox 3038 800 3228 855; x_wconf 87' lang='lat' dir='ltr'><strong>laudes</strong></span> <span class='ocrx_word' id='word_1_367' title='bbox 3280 807 3422 864; x_wconf 88' lang='lat' dir='ltr'><strong>tuas,</strong></span> 
     </span>
    </p>
   </div>
   <div class='ocr_carea' id='block_1_52' title="bbox 1848 888 3423 963">
    <p class='ocr_par' dir='ltr' id='par_1_52' title="bbox 1848 888 3423 963">
     <span class='ocr_line' id='line_1_52' title="bbox 1848 888 3423 963; baseline 0.002 -21"><span class='ocrx_word' id='word_1_368' title='bbox 1848 888 2078 945; x_wconf 88' lang='lat' dir='ltr'><strong>Domine</strong></span> <span class='ocrx_word' id='word_1_369' title='bbox 2115 890 2181 943; x_wconf 73' lang='grc'><strong>⁸2</strong></span> <span class='ocrx_word' id='word_1_370' title='bbox 2222 908 2239 942; x_wconf 75' lang='grc' dir='ltr'><strong>ι</strong></span> <span class='ocrx_word' id='word_1_371' title='bbox 2275 890 2545 957; x_wconf 83' lang='lat' dir='ltr'><strong>Quoniam</strong></span> <span class='ocrx_word' id='word_1_372' title='bbox 2575 892 2893 963; x_wconf 82' lang='lat' dir='ltr'><strong>ﬂagellatam</strong></span> <span class='ocrx_word' id='word_1_373' title='bbox 2924 890 3172 946; x_wconf 82' lang='lat' dir='ltr'><strong>ancillam</strong></span> <span class='ocrx_word' id='word_1_374' title='bbox 3201 900 3347 943; x_wconf 89' lang='lat' dir='ltr'><strong>tuam</strong></span> <span class='ocrx_word' id='word_1_375' title='bbox 3393 905 3423 945; x_wconf 89' lang='lat' dir='ltr'><strong>a</strong></span> 
     </span>
    </p>
   </div>
   <div class='ocr_carea' id='block_1_53' title="bbox 1845 979 3426 1053">
    <p class='ocr_par' dir='ltr' id='par_1_53' title="bbox 1845 979 3426 1053">
     <span class='ocr_line' id='line_1_53' title="bbox 1845 979 3426 1053; baseline 0 -18"><span class='ocrx_word' id='word_1_376' title='bbox 1845 979 2030 1053; x_wconf 80' lang='lat' dir='ltr'><strong>ﬂagris</strong></span> <span class='ocrx_word' id='word_1_377' title='bbox 2072 984 2305 1036; x_wconf 66' lang='lat' dir='ltr'><strong>illaesam‘</strong></span> <span class='ocrx_word' id='word_1_378' title='bbox 2332 985 2699 1047; x_wconf 81' lang='lat' dir='ltr'><strong>conservasti;</strong></span> <span class='ocrx_word' id='word_1_379' title='bbox 2740 983 2996 1052; x_wconf 85' lang='lat' dir='ltr'><strong>quoniam</strong></span> <span class='ocrx_word' id='word_1_380' title='bbox 3050 982 3119 1036; x_wconf 89' lang='lat' dir='ltr'><strong>ab</strong></span> <span class='ocrx_word' id='word_1_381' title='bbox 3154 982 3276 1050; x_wconf 88' lang='lat' dir='ltr'><strong>igne</strong></span> <span class='ocrx_word' id='word_1_382' title='bbox 3339 995 3426 1035; x_wconf 85' lang='lat' dir='ltr'><strong>ra-</strong></span> 
     </span>
    </p>
   </div>
   <div class='ocr_carea' id='block_1_54' title="bbox 1848 1071 3424 1141">
    <p class='ocr_par' dir='ltr' id='par_1_54' title="bbox 1848 1071 3424 1141">
     <span class='ocr_line' id='line_1_54' title="bbox 1848 1071 3424 1141; baseline 0.001 -17"><span class='ocrx_word' id='word_1_383' title='bbox 1848 1072 2037 1141; x_wconf 91' lang='lat' dir='ltr'><strong>puisti.</strong></span> <span class='ocrx_word' id='word_1_384' title='bbox 2063 1071 2332 1139; x_wconf 84' lang='lat' dir='ltr'><strong>Quoniam</strong></span> <span class='ocrx_word' id='word_1_385' title='bbox 2364 1089 2393 1127; x_wconf 85' lang='lat' dir='ltr'><strong>a</strong></span> <span class='ocrx_word' id='word_1_386' title='bbox 2421 1074 2633 1134; x_wconf 87' lang='lat' dir='ltr'><strong>bestiis.</strong></span> <span class='ocrx_word' id='word_1_387' title='bbox 2678 1082 2732 1127; x_wconf 90' lang='lat' dir='ltr'><strong>et</strong></span> <span class='ocrx_word' id='word_1_388' title='bbox 2762 1089 2922 1140; x_wconf 86' lang='lat' dir='ltr'><strong>aqua,</strong></span> <span class='ocrx_word' id='word_1_389' title='bbox 2960 1081 3014 1127; x_wconf 89' lang='lat' dir='ltr'><strong>et</strong></span> <span class='ocrx_word' id='word_1_390' title='bbox 3052 1073 3185 1129; x_wconf 76' lang='lat' dir='ltr'><strong>rotis</strong></span> <span class='ocrx_word' id='word_1_391' title='bbox 3234 1081 3424 1126; x_wconf 87' lang='lat' dir='ltr'><strong>custo-</strong></span> 
     </span>
    </p>
   </div>
   <div class='ocr_carea' id='block_1_55' title="bbox 1847 1163 3423 1227">
    <p class='ocr_par' dir='ltr' id='par_1_55' title="bbox 1847 1163 3423 1227">
     <span class='ocr_line' id='line_1_55' title="bbox 1847 1163 3423 1227; baseline -0.001 -11"><span class='ocrx_word' id='word_1_392' title='bbox 1847 1163 2014 1226; x_wconf 87' lang='lat' dir='ltr'><strong>diisti,</strong></span> <span class='ocrx_word' id='word_1_393' title='bbox 2063 1175 2118 1219; x_wconf 86' lang='lat' dir='ltr'><strong>ct</strong></span> <span class='ocrx_word' id='word_1_394' title='bbox 2149 1180 2176 1218; x_wconf 89' lang='lat' dir='ltr'><strong>a</strong></span> <span class='ocrx_word' id='word_1_395' title='bbox 2205 1164 2356 1220; x_wconf 84' lang='lat' dir='ltr'><strong>fossa</strong></span> <span class='ocrx_word' id='word_1_396' title='bbox 2388 1165 2744 1219; x_wconf 84' lang='lat' dir='ltr'><strong>conservasti.</strong></span> <span class='ocrx_word' id='word_1_397' title='bbox 2772 1164 2836 1217; x_wconf 88' lang='lat' dir='ltr'><strong>Et</strong></span> <span class='ocrx_word' id='word_1_398' title='bbox 2864 1180 3035 1227; x_wconf 86' lang='lat' dir='ltr'><strong>nunc,</strong></span> <span class='ocrx_word' id='word_1_399' title='bbox 3069 1163 3299 1217; x_wconf 88' lang='lat' dir='ltr'><strong>Domine</strong></span> <span class='ocrx_word' id='word_1_400' title='bbox 3318 1164 3423 1217; x_wconf 84' lang='lat' dir='ltr'><strong>mi-</strong></span> 
     </span>
    </p>
   </div>
   <div class='ocr_carea' id='block_1_56' title="bbox 1846 1255 3423 1324">
    <p class='ocr_par' dir='ltr' id='par_1_56' title="bbox 1846 1255 3423 1324">
     <span class='ocr_line' id='line_1_56' title="bbox 1846 1255 3423 1324; baseline -0.001 -15"><span class='ocrx_word' id='word_1_401' title='bbox 1846 1256 2105 1321; x_wconf 86' lang='lat' dir='ltr'><strong>sericors,</strong></span> <span class='ocrx_word' id='word_1_402' title='bbox 2134 1256 2304 1310; x_wconf 91' lang='lat' dir='ltr'><strong>libera</strong></span> <span class='ocrx_word' id='word_1_403' title='bbox 2338 1257 2574 1312; x_wconf 89' lang='lat' dir='ltr'><strong>animam</strong></span> <span class='ocrx_word' id='word_1_404' title='bbox 2617 1270 2793 1310; x_wconf 75' lang='lat' dir='ltr'><strong>meam</strong></span> <span class='ocrx_word' id='word_1_405' title='bbox 2818 1272 2848 1309; x_wconf 92' lang='lat' dir='ltr'><strong>e</strong></span> <span class='ocrx_word' id='word_1_406' title='bbox 2884 1271 3046 1309; x_wconf 85' lang='lat' dir='ltr'><strong>manu</strong></span> <span class='ocrx_word' id='word_1_407' title='bbox 3103 1255 3225 1324; x_wconf 84' lang='lat' dir='ltr'><strong>ejus</strong></span> <span class='ocrx_word' id='word_1_408' title='bbox 3256 1256 3348 1324; x_wconf 89' lang='lat' dir='ltr'><strong>qui</strong></span> <span class='ocrx_word' id='word_1_409' title='bbox 3394 1271 3423 1309; x_wconf 91' lang='lat' dir='ltr'><strong>a</strong></span> 
     </span>
    </p>
   </div>
   <div class='ocr_carea' id='block_1_57' title="bbox 1846 1344 3424 1415">
    <p class='ocr_par' dir='ltr' id='par_1_57' title="bbox 1846 1344 3424 1415">
     <span class='ocr_line' id='line_1_57' title="bbox 1846 1344 3424 1415; baseline 0.001 -18"><span class='ocrx_word' id='word_1_410' title='bbox 1846 1344 2042 1413; x_wconf 89' lang='lat' dir='ltr'><strong>priscis</strong></span> <span class='ocrx_word' id='word_1_411' title='bbox 2072 1346 2415 1415; x_wconf 88' lang='lat' dir='ltr'><strong>temporibus</strong></span> <span class='ocrx_word' id='word_1_412' title='bbox 2479 1356 2564 1400; x_wconf 91' lang='lat' dir='ltr'><strong>est</strong></span> <span class='ocrx_word' id='word_1_413' title='bbox 2600 1345 2778 1400; x_wconf 82' lang='lat' dir='ltr'><strong>hostis</strong></span> <span class='ocrx_word' id='word_1_414' title='bbox 2837 1353 3070 1399; x_wconf 67' lang='lat' dir='ltr'><strong>naturae.</strong></span> <span class='ocrx_word' id='word_1_415' title='bbox 3131 1361 3150 1394; x_wconf 75' lang='grc' dir='ltr'><strong>ε</strong></span> <span class='ocrx_word' id='word_1_416' title='bbox 3196 1344 3424 1398; x_wconf 84' lang='lat' dir='ltr'><strong>Peccata</strong></span> 
     </span>
    </p>
   </div>
   <div class='ocr_carea' id='block_1_58' title="bbox 1841 1433 3427 1507">
    <p class='ocr_par' dir='ltr' id='par_1_58' title="bbox 1841 1433 3427 1507">
     <span class='ocr_line' id='line_1_58' title="bbox 1841 1433 3427 1507; baseline 0.001 -21"><span class='ocrx_word' id='word_1_417' title='bbox 1841 1433 2149 1503; x_wconf 83' lang='lat' dir='ltr'><strong>juventutis</strong></span> <span class='ocrx_word' id='word_1_418' title='bbox 2182 1452 2336 1500; x_wconf 65' lang='lat' dir='ltr'><strong>meae,</strong></span> <span class='ocrx_word' id='word_1_419' title='bbox 2406 1446 2462 1490; x_wconf 91' lang='lat' dir='ltr'><strong>et</strong></span> <span class='ocrx_word' id='word_1_420' title='bbox 2500 1436 2837 1507; x_wconf 86' lang='lat' dir='ltr'><strong>ignorantias</strong></span> <span class='ocrx_word' id='word_1_421' title='bbox 2866 1449 3016 1488; x_wconf 87' lang='lat' dir='ltr'><strong>meas</strong></span> <span class='ocrx_word' id='word_1_422' title='bbox 3050 1449 3118 1488; x_wconf 89' lang='lat' dir='ltr'><strong>ne</strong></span> <span class='ocrx_word' id='word_1_423' title='bbox 3158 1434 3427 1488; x_wconf 88' lang='lat' dir='ltr'><strong>memine-</strong></span> 
     </span>
    </p>
   </div>
   <div class='ocr_carea' id='block_1_59' title="bbox 1846 1526 3426 1598">
    <p class='ocr_par' dir='ltr' id='par_1_59' title="bbox 1846 1526 3426 1598">
     <span class='ocr_line' id='line_1_59' title="bbox 1846 1526 3426 1598; baseline -0.002 -17"><span class='ocrx_word' id='word_1_424' title='bbox 1846 1529 1922 1584; x_wconf 85' lang='lat' dir='ltr'><strong>ris</strong></span> <span class='ocrx_word' id='word_1_425' title='bbox 1943 1529 1987 1590; x_wconf 84' lang='lat'><strong>&#39;,</strong></span> <span class='ocrx_word' id='word_1_426' title='bbox 2020 1546 2037 1578; x_wconf 75' lang='grc' dir='ltr'><strong>ι</strong></span> <span class='ocrx_word' id='word_1_427' title='bbox 2076 1527 2168 1583; x_wconf 89' lang='lat' dir='ltr'><strong>sed</strong></span> <span class='ocrx_word' id='word_1_428' title='bbox 2201 1528 2369 1597; x_wconf 77' lang='lat' dir='ltr'><strong>guttis</strong></span> <span class='ocrx_word' id='word_1_429' title='bbox 2420 1528 2495 1581; x_wconf 83' lang='lat' dir='ltr'><strong>tui</strong></span> <span class='ocrx_word' id='word_1_430' title='bbox 2548 1527 2851 1598; x_wconf 76' lang='lat' dir='ltr'><strong>sanguinis,</strong></span> <span class='ocrx_word' id='word_1_431' title='bbox 2904 1540 3024 1596; x_wconf 71' lang='lat' dir='ltr'><strong>qum</strong></span> <span class='ocrx_word' id='word_1_432' title='bbox 3069 1542 3168 1595; x_wconf 91' lang='lat' dir='ltr'><strong>pro</strong></span> <span class='ocrx_word' id='word_1_433' title='bbox 3204 1542 3289 1579; x_wconf 89' lang='lat' dir='ltr'><strong>me</strong></span> <span class='ocrx_word' id='word_1_434' title='bbox 3326 1526 3426 1578; x_wconf 87' lang='lat' dir='ltr'><strong>llu—</strong></span> 
     </span>
    </p>
   </div>
   <div class='ocr_carea' id='block_1_60' title="bbox 1847 1617 3425 1690">
    <p class='ocr_par' dir='ltr' id='par_1_60' title="bbox 1847 1617 3425 1690">
     <span class='ocr_line' id='line_1_60' title="bbox 1847 1617 3425 1690; baseline -0.005 -14"><span class='ocrx_word' id='word_1_435' title='bbox 1847 1628 2075 1684; x_wconf 82' lang='lat' dir='ltr'><strong>xerunt,</strong></span> <span class='ocrx_word' id='word_1_436' title='bbox 2138 1634 2380 1690; x_wconf 80' lang='lat' dir='ltr'><strong>cxpurga</strong></span> <span class='ocrx_word' id='word_1_437' title='bbox 2426 1619 2616 1673; x_wconf 78' lang='lat' dir='ltr'><strong>sordes</strong></span> <span class='ocrx_word' id='word_1_438' title='bbox 2659 1634 2793 1673; x_wconf 70' lang='lat' dir='ltr'><strong>mea:</strong></span> <span class='ocrx_word' id='word_1_439' title='bbox 2836 1618 3020 1672; x_wconf 81' lang='lat' dir='ltr'><strong>carnis</strong></span> <span class='ocrx_word' id='word_1_440' title='bbox 3076 1629 3131 1672; x_wconf 91' lang='lat' dir='ltr'><strong>et</strong></span> <span class='ocrx_word' id='word_1_441' title='bbox 3181 1617 3425 1686; x_wconf 88' lang='lat' dir='ltr'><strong>spiritus.</strong></span> 
     </span>
    </p>
   </div>
   <div class='ocr_carea' id='block_1_61' title="bbox 1848 1708 3422 1783">
    <p class='ocr_par' dir='ltr' id='par_1_61' title="bbox 1848 1708 3422 1783">
     <span class='ocr_line' id='line_1_61' title="bbox 1848 1708 3422 1783; baseline -0.003 -16"><span class='ocrx_word' id='word_1_442' title='bbox 1848 1712 1931 1767; x_wconf 89' lang='lat' dir='ltr'><strong>Tu</strong></span> <span class='ocrx_word' id='word_1_443' title='bbox 1983 1727 2044 1767; x_wconf 87' lang='lat' dir='ltr'><strong>es</strong></span> <span class='ocrx_word' id='word_1_444' title='bbox 2074 1712 2220 1766; x_wconf 87' lang='lat' dir='ltr'><strong>enim</strong></span> <span class='ocrx_word' id='word_1_445' title='bbox 2260 1712 2529 1783; x_wconf 73' lang='lat' dir='ltr'><strong>purgatio,</strong></span> <span class='ocrx_word' id='word_1_446' title='bbox 2586 1711 2953 1765; x_wconf 83' lang='lat' dir='ltr'><strong>sanctiﬁcatio</strong></span> <span class='ocrx_word' id='word_1_447' title='bbox 2983 1718 3039 1763; x_wconf 91' lang='lat' dir='ltr'><strong>et</strong></span> <span class='ocrx_word' id='word_1_448' title='bbox 3091 1708 3422 1763; x_wconf 85' lang='lat' dir='ltr'><strong>illuminatio</strong></span> 
     </span>
    </p>
   </div>
   <div class='ocr_carea' id='block_1_62' title="bbox 1848 1802 3430 1874">
    <p class='ocr_par' dir='ltr' id='par_1_62' title="bbox 1848 1802 3430 1874">
     <span class='ocr_line' id='line_1_62' title="bbox 1848 1802 3430 1874; baseline -0.004 -14"><span class='ocrx_word' id='word_1_449' title='bbox 1848 1821 2134 1860; x_wconf 86' lang='lat' dir='ltr'><strong>servorum</strong></span> <span class='ocrx_word' id='word_1_450' title='bbox 2213 1816 2455 1860; x_wconf 90' lang='lat' dir='ltr'><strong>tuorum.</strong></span> <span class='ocrx_word' id='word_1_451' title='bbox 2529 1804 2593 1858; x_wconf 85' lang='lat' dir='ltr'><strong>Et</strong></span> <span class='ocrx_word' id='word_1_452' title='bbox 2686 1804 2773 1857; x_wconf 89' lang='lat' dir='ltr'><strong>illa</strong></span> <span class='ocrx_word' id='word_1_453' title='bbox 2841 1804 3060 1874; x_wconf 86' lang='lat' dir='ltr'><strong>quidem</strong></span> <span class='ocrx_word' id='word_1_454' title='bbox 3142 1802 3261 1858; x_wconf 69' lang='lat' dir='ltr'><strong>haec</strong></span> <span class='ocrx_word' id='word_1_455' title='bbox 3346 1808 3430 1854; x_wconf 88' lang='lat' dir='ltr'><strong>est</strong></span> 
     </span>
    </p>
   </div>
   <div class='ocr_carea' id='block_1_63' title="bbox 1851 1894 3218 1970">
    <p class='ocr_par' dir='ltr' id='par_1_63' title="bbox 1851 1894 3218 1970">
     <span class='ocr_line' id='line_1_63' title="bbox 1851 1894 3218 1970; baseline -0.004 -17"><span class='ocrx_word' id='word_1_456' title='bbox 1851 1908 2095 1970; x_wconf 79' lang='lat' dir='ltr'><strong>precata,</strong></span> <span class='ocrx_word' id='word_1_457' title='bbox 2132 1907 2185 1953; x_wconf 86' lang='lat' dir='ltr'><strong>et</strong></span> <span class='ocrx_word' id='word_1_458' title='bbox 2225 1913 2335 1952; x_wconf 90' lang='lat' dir='ltr'><strong>non</strong></span> <span class='ocrx_word' id='word_1_459' title='bbox 2377 1897 2479 1950; x_wconf 89' lang='lat' dir='ltr'><strong>fuit</strong></span> <span class='ocrx_word' id='word_1_460' title='bbox 2510 1896 2755 1951; x_wconf 81' lang='lat' dir='ltr'><strong>fraudata</strong></span> <span class='ocrx_word' id='word_1_461' title='bbox 2789 1911 2885 1950; x_wconf 84' lang='lat' dir='ltr'><strong>sua</strong></span> <span class='ocrx_word' id='word_1_462' title='bbox 2928 1894 3218 1964; x_wconf 90' lang='lat' dir='ltr'><strong>petitione.</strong></span> 
     </span>
    </p>
   </div>
   <div class='ocr_carea' id='block_1_64' title="bbox 1920 2072 3428 2131">
    <p class='ocr_par' dir='ltr' id='par_1_64' title="bbox 1920 2072 3428 2131">
     <span class='ocr_line' id='line_1_64' title="bbox 1920 2072 3428 2131; baseline -0.005 0"><span class='ocrx_word' id='word_1_463' title='bbox 1920 2074 2063 2131; x_wconf 76' lang='lat' dir='ltr'><strong>XIV.</strong></span> <span class='ocrx_word' id='word_1_464' title='bbox 2100 2076 2321 2131; x_wconf 83' lang='lat' dir='ltr'><strong>Priscus</strong></span> <span class='ocrx_word' id='word_1_465' title='bbox 2349 2085 2534 2129; x_wconf 88' lang='lat' dir='ltr'><strong>autem</strong></span> <span class='ocrx_word' id='word_1_466' title='bbox 2570 2090 2765 2130; x_wconf 86' lang='lat' dir='ltr'><strong>rursus</strong></span> <span class='ocrx_word' id='word_1_467' title='bbox 2813 2074 2976 2128; x_wconf 89' lang='lat' dir='ltr'><strong>aliam</strong></span> <span class='ocrx_word' id='word_1_468' title='bbox 3033 2072 3236 2127; x_wconf 79' lang='lat' dir='ltr'><strong>fossam</strong></span> <span class='ocrx_word' id='word_1_469' title='bbox 3281 2087 3428 2126; x_wconf 91' lang='lat' dir='ltr'><strong>mar-</strong></span> 
     </span>
    </p>
   </div>
   <div class='ocr_carea' id='block_1_65' title="bbox 1848 2166 3432 2240">
    <p class='ocr_par' dir='ltr' id='par_1_65' title="bbox 1848 2166 3432 2240">
     <span class='ocr_line' id='line_1_65' title="bbox 1848 2166 3432 2240; baseline -0.004 -16"><span class='ocrx_word' id='word_1_470' title='bbox 1848 2169 1951 2240; x_wconf 89' lang='lat' dir='ltr'><strong>tyri</strong></span> <span class='ocrx_word' id='word_1_471' title='bbox 1979 2169 2271 2239; x_wconf 79' lang='lat' dir='ltr'><strong>excogitat,</strong></span> <span class='ocrx_word' id='word_1_472' title='bbox 2298 2183 2419 2237; x_wconf 62' lang='lat' dir='ltr'><strong>quae</strong></span> <span class='ocrx_word' id='word_1_473' title='bbox 2450 2183 2560 2221; x_wconf 93' lang='lat' dir='ltr'><strong>non</strong></span> <span class='ocrx_word' id='word_1_474' title='bbox 2594 2167 2859 2220; x_wconf 78' lang='lat' dir='ltr'><strong>aﬂ‘erebat</strong></span> <span class='ocrx_word' id='word_1_475' title='bbox 2914 2166 3199 2218; x_wconf 90' lang='lat' dir='ltr'><strong>interitum</strong></span> <span class='ocrx_word' id='word_1_476' title='bbox 3234 2179 3432 2232; x_wconf 86' lang='lat' dir='ltr'><strong>corpo-</strong></span> 
     </span>
    </p>
   </div>
   <div class='ocr_carea' id='block_1_66' title="bbox 1848 2254 3425 2326">
    <p class='ocr_par' dir='ltr' id='par_1_66' title="bbox 1848 2254 3425 2326">
     <span class='ocr_line' id='line_1_66' title="bbox 1848 2254 3425 2326; baseline -0.006 -12"><span class='ocrx_word' id='word_1_477' title='bbox 1848 2261 1947 2326; x_wconf 87' lang='lat' dir='ltr'><strong>ris,</strong></span> <span class='ocrx_word' id='word_1_478' title='bbox 1981 2258 2075 2314; x_wconf 90' lang='lat' dir='ltr'><strong>sed</strong></span> <span class='ocrx_word' id='word_1_479' title='bbox 2105 2260 2325 2323; x_wconf 66' lang='lat' dir='ltr'><strong>animae,</strong></span> <span class='ocrx_word' id='word_1_480' title='bbox 2354 2266 2410 2313; x_wconf 91' lang='lat' dir='ltr'><strong>et</strong></span> <span class='ocrx_word' id='word_1_481' title='bbox 2435 2257 2580 2311; x_wconf 90' lang='lat' dir='ltr'><strong>circa</strong></span> <span class='ocrx_word' id='word_1_482' title='bbox 2610 2257 2771 2310; x_wconf 82' lang='lat' dir='ltr'><strong>fidem</strong></span> <span class='ocrx_word' id='word_1_483' title='bbox 2839 2254 3057 2309; x_wconf 81' lang='lat' dir='ltr'><strong>creabat</strong></span> <span class='ocrx_word' id='word_1_484' title='bbox 3095 2254 3425 2323; x_wconf 76' lang='lat' dir='ltr'><strong>periculum.</strong></span> 
     </span>
    </p>
   </div>
   <div class='ocr_carea' id='block_1_67' title="bbox 1850 2342 3426 2412">
    <p class='ocr_par' dir='ltr' id='par_1_67' title="bbox 1850 2342 3426 2412">
     <span class='ocr_line' id='line_1_67' title="bbox 1850 2342 3426 2412; baseline -0.008 -6"><span class='ocrx_word' id='word_1_485' title='bbox 1850 2351 1981 2406; x_wconf 84' lang='lat' dir='ltr'><strong>Nam</strong></span> <span class='ocrx_word' id='word_1_486' title='bbox 2011 2366 2136 2406; x_wconf 90' lang='lat' dir='ltr'><strong>cum</strong></span> <span class='ocrx_word' id='word_1_487' title='bbox 2156 2366 2275 2404; x_wconf 84' lang='lat' dir='ltr'><strong>eam</strong></span> <span class='ocrx_word' id='word_1_488' title='bbox 2308 2348 2717 2409; x_wconf 86' lang='lat' dir='ltr'><strong>accersivisset,</strong></span> <span class='ocrx_word' id='word_1_489' title='bbox 2756 2356 2810 2400; x_wconf 87' lang='lat' dir='ltr'><strong>et</strong></span> <span class='ocrx_word' id='word_1_490' title='bbox 2842 2344 3178 2401; x_wconf 78' lang='lat' dir='ltr'><strong>iracundiam</strong></span> <span class='ocrx_word' id='word_1_491' title='bbox 3203 2342 3426 2412; x_wconf 78' lang='lat' dir='ltr'><strong>quidem</strong></span> 
     </span>
    </p>
   </div>
   <div class='ocr_carea' id='block_1_68' title="bbox 1849 2431 3431 2509">
    <p class='ocr_par' dir='ltr' id='par_1_68' title="bbox 1849 2431 3431 2509">
     <span class='ocr_line' id='line_1_68' title="bbox 1849 2431 3431 2509; baseline -0.007 -14"><span class='ocrx_word' id='word_1_492' title='bbox 1849 2450 1905 2495; x_wconf 91' lang='lat' dir='ltr'><strong>et</strong></span> <span class='ocrx_word' id='word_1_493' title='bbox 1934 2439 2246 2509; x_wconf 86' lang='lat' dir='ltr'><strong>superbiam</strong></span> <span class='ocrx_word' id='word_1_494' title='bbox 2316 2437 2692 2507; x_wconf 85' lang='lat' dir='ltr'><strong>deposuisset,</strong></span> <span class='ocrx_word' id='word_1_495' title='bbox 2750 2435 2925 2489; x_wconf 87' lang='lat' dir='ltr'><strong>denso</strong></span> <span class='ocrx_word' id='word_1_496' title='bbox 2989 2444 3171 2487; x_wconf 84' lang='lat' dir='ltr'><strong>autem</strong></span> <span class='ocrx_word' id='word_1_497' title='bbox 3232 2431 3431 2485; x_wconf 82' lang='lat' dir='ltr'><strong>vellere</strong></span> 
     </span>
    </p>
   </div>
   <div class='ocr_carea' id='block_1_69' title="bbox 1847 2524 3427 2599">
    <p class='ocr_par' dir='ltr' id='par_1_69' title="bbox 1847 2524 3427 2599">
     <span class='ocr_line' id='line_1_69' title="bbox 1847 2524 3427 2599; baseline -0.003 -15"><span class='ocrx_word' id='word_1_498' title='bbox 1847 2531 2035 2599; x_wconf 91' lang='lat' dir='ltr'><strong>lupum</strong></span> <span class='ocrx_word' id='word_1_499' title='bbox 2068 2530 2401 2590; x_wconf 77' lang='lat' dir='ltr'><strong>texisset,et</strong></span> <span class='ocrx_word' id='word_1_500' title='bbox 2425 2529 2715 2580; x_wconf 77' lang='lat' dir='ltr'><strong>maximam</strong></span> <span class='ocrx_word' id='word_1_501' title='bbox 2749 2526 3063 2580; x_wconf 89' lang='lat' dir='ltr'><strong>simulasset</strong></span> <span class='ocrx_word' id='word_1_502' title='bbox 3100 2524 3375 2578; x_wconf 87' lang='lat' dir='ltr'><strong>lenitatem</strong></span> <span class='ocrx_word' id='word_1_503' title='bbox 3411 2543 3427 2580; x_wconf 91' lang='lat'><strong>:</strong></span> 
     </span>
    </p>
   </div>
   <div class='ocr_carea' id='block_1_70' title="bbox 1848 2616 3432 2691">
    <p class='ocr_par' dir='ltr' id='par_1_70' title="bbox 1848 2616 3432 2691">
     <span class='ocr_line' id='line_1_70' title="bbox 1848 2616 3432 2691; baseline -0.003 -15"><span class='ocrx_word' id='word_1_504' title='bbox 1848 2621 1929 2677; x_wconf 86' lang='lat' dir='ltr'><strong>Tu</strong></span> <span class='ocrx_word' id='word_1_505' title='bbox 1965 2621 2207 2691; x_wconf 87' lang='lat' dir='ltr'><strong>quidem,</strong></span> <span class='ocrx_word' id='word_1_506' title='bbox 2249 2619 2445 2689; x_wconf 87' lang='lat' dir='ltr'><strong>inquit.</strong></span> <span class='ocrx_word' id='word_1_507' title='bbox 2478 2618 2609 2673; x_wconf 85' lang='lat' dir='ltr'><strong>falsa</strong></span> <span class='ocrx_word' id='word_1_508' title='bbox 2649 2633 2728 2673; x_wconf 89' lang='lat' dir='ltr'><strong>es.</strong></span> <span class='ocrx_word' id='word_1_509' title='bbox 2793 2616 2905 2673; x_wconf 83' lang='lat' dir='ltr'><strong>Nec</strong></span> <span class='ocrx_word' id='word_1_510' title='bbox 2951 2625 3035 2671; x_wconf 88' lang='lat' dir='ltr'><strong>est</strong></span> <span class='ocrx_word' id='word_1_511' title='bbox 3082 2617 3314 2679; x_wconf 83' lang='lat' dir='ltr'><strong>mirum;</strong></span> <span class='ocrx_word' id='word_1_512' title='bbox 3371 2632 3432 2672; x_wconf 86' lang='lat' dir='ltr'><strong>es</strong></span> 
     </span>
    </p>
   </div>
   <div class='ocr_carea' id='block_1_71' title="bbox 1849 2708 3429 2777">
    <p class='ocr_par' dir='ltr' id='par_1_71' title="bbox 1849 2708 3429 2777">
     <span class='ocr_line' id='line_1_71' title="bbox 1849 2708 3429 2777; baseline -0.006 -7"><span class='ocrx_word' id='word_1_513' title='bbox 1849 2716 1997 2770; x_wconf 88' lang='lat' dir='ltr'><strong>enim</strong></span> <span class='ocrx_word' id='word_1_514' title='bbox 2033 2711 2254 2767; x_wconf 90' lang='lat' dir='ltr'><strong>femina.</strong></span> <span class='ocrx_word' id='word_1_515' title='bbox 2285 2709 2391 2764; x_wconf 83' lang='lat' dir='ltr'><strong>Sed</strong></span> <span class='ocrx_word' id='word_1_516' title='bbox 2424 2724 2525 2763; x_wconf 91' lang='lat' dir='ltr'><strong>nos</strong></span> <span class='ocrx_word' id='word_1_517' title='bbox 2566 2724 2786 2777; x_wconf 87' lang='lat' dir='ltr'><strong>quoque</strong></span> <span class='ocrx_word' id='word_1_518' title='bbox 2861 2708 2915 2761; x_wconf 94' lang='lat' dir='ltr'><strong>in</strong></span> <span class='ocrx_word' id='word_1_519' title='bbox 2981 2718 3033 2762; x_wconf 92' lang='lat' dir='ltr'><strong>te</strong></span> <span class='ocrx_word' id='word_1_520' title='bbox 3112 2708 3429 2777; x_wconf 66' lang='lat' dir='ltr'><strong>prmelaram</strong></span> 
     </span>
    </p>
   </div>
   <div class='ocr_carea' id='block_1_72' title="bbox 1849 2800 3433 2879">
    <p class='ocr_par' dir='ltr' id='par_1_72' title="bbox 1849 2800 3433 2879">
     <span class='ocr_line' id='line_1_72' title="bbox 1849 2800 3433 2879; baseline -0.006 -17"><span class='ocrx_word' id='word_1_521' title='bbox 1849 2808 2112 2879; x_wconf 77' lang='lat' dir='ltr'><strong>virginem</strong></span> <span class='ocrx_word' id='word_1_522' title='bbox 2142 2804 2306 2875; x_wconf 91' lang='lat' dir='ltr'><strong>(quod</strong></span> <span class='ocrx_word' id='word_1_523' title='bbox 2334 2802 2543 2857; x_wconf 75' lang='lat' dir='ltr'><strong>utinam</strong></span> <span class='ocrx_word' id='word_1_524' title='bbox 2576 2800 2777 2859; x_wconf 86' lang='lat' dir='ltr'><strong>factum</strong></span> <span class='ocrx_word' id='word_1_525' title='bbox 2835 2814 2945 2853; x_wconf 93' lang='lat' dir='ltr'><strong>non</strong></span> <span class='ocrx_word' id='word_1_526' title='bbox 3013 2811 3155 2854; x_wconf 80' lang='lat' dir='ltr'><strong>esset</strong></span> <span class='ocrx_word' id='word_1_527' title='bbox 3187 2800 3225 2869; x_wconf 73' lang='grc' dir='ltr'><strong>ε)</strong></span> <span class='ocrx_word' id='word_1_528' title='bbox 3269 2800 3433 2853; x_wconf 84' lang='lat' dir='ltr'><strong>nimis</strong></span> 
     </span>
    </p>
   </div>
   <div class='ocr_carea' id='block_1_73' title="bbox 1848 2891 3428 2968">
    <p class='ocr_par' dir='ltr' id='par_1_73' title="bbox 1848 2891 3428 2968">
     <span class='ocr_line' id='line_1_73' title="bbox 1848 2891 3428 2968; baseline -0.005 -15"><span class='ocrx_word' id='word_1_529' title='bbox 1848 2900 2055 2954; x_wconf 82' lang='lat' dir='ltr'><strong>fuimus</strong></span> <span class='ocrx_word' id='word_1_530' title='bbox 2088 2897 2422 2968; x_wconf 87' lang='lat' dir='ltr'><strong>petulantes.</strong></span> <span class='ocrx_word' id='word_1_531' title='bbox 2486 2893 2731 2959; x_wconf 88' lang='lat' dir='ltr'><strong>Quorum</strong></span> <span class='ocrx_word' id='word_1_532' title='bbox 2788 2892 2947 2946; x_wconf 90' lang='lat' dir='ltr'><strong>nobis</strong></span> <span class='ocrx_word' id='word_1_533' title='bbox 3001 2892 3137 2946; x_wconf 89' lang='lat' dir='ltr'><strong>dans</strong></span> <span class='ocrx_word' id='word_1_534' title='bbox 3191 2891 3428 2953; x_wconf 87' lang='lat' dir='ltr'><strong>veniam,</strong></span> 
     </span>
    </p>
   </div>
   <div class='ocr_carea' id='block_1_74' title="bbox 1848 2968 3433 3058">
    <p class='ocr_par' dir='ltr' id='par_1_74' title="bbox 1848 2968 3433 3058">
     <span class='ocr_line' id='line_1_74' title="bbox 1848 2968 3433 3058; baseline -0.005 -12"><span class='ocrx_word' id='word_1_535' title='bbox 1848 2990 2095 3049; x_wconf 81' lang='lat' dir='ltr'><strong>sacrifica</strong></span> <span class='ocrx_word' id='word_1_536' title='bbox 2137 2978 2338 3058; x_wconf 84' lang='lat' dir='ltr'><strong>magno</strong></span> <span class='ocrx_word' id='word_1_537' title='bbox 2369 2989 2472 3041; x_wconf 91' lang='lat' dir='ltr'><strong>deo</strong></span> <span class='ocrx_word' id='word_1_538' title='bbox 2502 2987 2699 3039; x_wconf 81' lang='lat' dir='ltr'><strong>Marti:</strong></span> <span class='ocrx_word' id='word_1_539' title='bbox 2734 2995 2789 3038; x_wconf 83' lang='lat' dir='ltr'><strong>et</strong></span> <span class='ocrx_word' id='word_1_540' title='bbox 2846 2995 2899 3038; x_wconf 86' lang='lat' dir='ltr'><strong>te</strong></span> <span class='ocrx_word' id='word_1_541' title='bbox 2940 2968 3103 3037; x_wconf 59' lang='lat' dir='ltr'><strong>tanta:</strong></span> <span class='ocrx_word' id='word_1_542' title='bbox 3154 2984 3433 3054; x_wconf 78' lang='lat' dir='ltr'><strong>excipient</strong></span> 
     </span>
    </p>
   </div>
   <div class='ocr_carea' id='block_1_75' title="bbox 1849 3076 3431 3144">
    <p class='ocr_par' dir='ltr' id='par_1_75' title="bbox 1849 3076 3431 3144">
     <span class='ocr_line' id='line_1_75' title="bbox 1849 3076 3431 3144; baseline -0.006 -4"><span class='ocrx_word' id='word_1_543' title='bbox 1849 3084 2073 3144; x_wconf 68' lang='lat' dir='ltr'><strong>divitiae,</strong></span> <span class='ocrx_word' id='word_1_544' title='bbox 2106 3091 2161 3135; x_wconf 91' lang='lat' dir='ltr'><strong>et</strong></span> <span class='ocrx_word' id='word_1_545' title='bbox 2217 3087 2431 3134; x_wconf 85' lang='lat' dir='ltr'><strong>tantum</strong></span> <span class='ocrx_word' id='word_1_546' title='bbox 2484 3093 2635 3133; x_wconf 88' lang='lat' dir='ltr'><strong>mare</strong></span> <span class='ocrx_word' id='word_1_547' title='bbox 2716 3077 3011 3139; x_wconf 89' lang='lat' dir='ltr'><strong>bonorum,</strong></span> <span class='ocrx_word' id='word_1_548' title='bbox 3067 3085 3128 3129; x_wconf 90' lang='lat' dir='ltr'><strong>ut</strong></span> <span class='ocrx_word' id='word_1_549' title='bbox 3184 3076 3431 3130; x_wconf 85' lang='lat' dir='ltr'><strong>omnium</strong></span> 
     </span>
    </p>
   </div>
   <div class='ocr_carea' id='block_1_76' title="bbox 1770 3168 3433 3252">
    <p class='ocr_par' dir='ltr' id='par_1_76' title="bbox 1770 3168 3433 3252">
     <span class='ocr_line' id='line_1_76' title="bbox 1770 3168 3433 3252; baseline -0.006 -20"><span class='ocrx_word' id='word_1_550' title='bbox 1770 3197 1812 3252; x_wconf 75' lang='grc' dir='ltr'>ο</span> <span class='ocrx_word' id='word_1_551' title='bbox 1846 3177 2064 3231; x_wconf 91' lang='lat' dir='ltr'><strong>illorum</strong></span> <span class='ocrx_word' id='word_1_552' title='bbox 2092 3173 2278 3236; x_wconf 87' lang='lat' dir='ltr'><strong>oblita,</strong></span> <span class='ocrx_word' id='word_1_553' title='bbox 2310 3172 2540 3226; x_wconf 89' lang='lat' dir='ltr'><strong>honeste</strong></span> <span class='ocrx_word' id='word_1_554' title='bbox 2586 3169 2846 3239; x_wconf 80' lang='lat' dir='ltr'><strong>deinceps</strong></span> <span class='ocrx_word' id='word_1_555' title='bbox 2889 3170 3038 3222; x_wconf 83' lang='lat' dir='ltr'><strong>vivas</strong></span> <span class='ocrx_word' id='word_1_556' title='bbox 3066 3178 3121 3223; x_wconf 90' lang='lat' dir='ltr'><strong>et</strong></span> <span class='ocrx_word' id='word_1_557' title='bbox 3165 3168 3433 3238; x_wconf 81' lang='lat' dir='ltr'><strong>jucunde,</strong></span> 
     </span>
    </p>
   </div>
   <div class='ocr_carea' id='block_1_77' title="bbox 1846 3262 3429 3333">
    <p class='ocr_par' dir='ltr' id='par_1_77' title="bbox 1846 3262 3429 3333">
     <span class='ocr_line' id='line_1_77' title="bbox 1846 3262 3429 3333; baseline -0.004 -12"><span class='ocrx_word' id='word_1_558' title='bbox 1846 3278 1904 3321; x_wconf 90' lang='lat' dir='ltr'><strong>ut</strong></span> <span class='ocrx_word' id='word_1_559' title='bbox 1935 3268 2093 3319; x_wconf 85' lang='lat' dir='ltr'><strong>talem</strong></span> <span class='ocrx_word' id='word_1_560' title='bbox 2123 3268 2283 3320; x_wconf 88' lang='lat' dir='ltr'><strong>decet</strong></span> <span class='ocrx_word' id='word_1_561' title='bbox 2312 3264 2601 3333; x_wconf 80' lang='lat' dir='ltr'><strong>virginem,</strong></span> <span class='ocrx_word' id='word_1_562' title='bbox 2670 3273 2776 3320; x_wconf 78' lang='lat' dir='ltr'><strong>tam</strong></span> <span class='ocrx_word' id='word_1_563' title='bbox 2826 3262 3133 3331; x_wconf 83' lang='lat' dir='ltr'><strong>pulchram,</strong></span> <span class='ocrx_word' id='word_1_564' title='bbox 3197 3269 3253 3314; x_wconf 84' lang='lat' dir='ltr'><strong>et</strong></span> <span class='ocrx_word' id='word_1_565' title='bbox 3318 3272 3429 3315; x_wconf 74' lang='lat' dir='ltr'><strong>tam</strong></span> 
     </span>
    </p>
   </div>
   <div class='ocr_carea' id='block_1_78' title="bbox 1843 3349 3428 3426">
    <p class='ocr_par' dir='ltr' id='par_1_78' title="bbox 1843 3349 3428 3426">
     <span class='ocr_line' id='line_1_78' title="bbox 1843 3349 3428 3426; baseline -0.004 -15"><span class='ocrx_word' id='word_1_566' title='bbox 1843 3356 2046 3411; x_wconf 82' lang='lat' dir='ltr'><strong>claram</strong></span> <span class='ocrx_word' id='word_1_567' title='bbox 2065 3368 2282 3426; x_wconf 85' lang='lat' dir='ltr'><strong>genere.</strong></span> <span class='ocrx_word' id='word_1_568' title='bbox 2317 3351 2528 3405; x_wconf 83' lang='lat' dir='ltr'><strong>Revera</strong></span> <span class='ocrx_word' id='word_1_569' title='bbox 2568 3361 2751 3404; x_wconf 86' lang='lat' dir='ltr'><strong>autem</strong></span> <span class='ocrx_word' id='word_1_570' title='bbox 2804 3349 3089 3405; x_wconf 72' lang='lat' dir='ltr'><strong>benedicta</strong></span> <span class='ocrx_word' id='word_1_571' title='bbox 3129 3349 3428 3421; x_wconf 85' lang='lat' dir='ltr'><strong>Euphemia</strong></span> 
     </span>
    </p>
   </div>
   <div class='ocr_carea' id='block_1_79' title="bbox 1848 3441 3426 3521">
    <p class='ocr_par' dir='ltr' id='par_1_79' title="bbox 1848 3441 3426 3521">
     <span class='ocr_line' id='line_1_79' title="bbox 1848 3441 3426 3521; baseline -0.004 -18"><span class='ocrx_word' id='word_1_572' title='bbox 1848 3458 2139 3521; x_wconf 84' lang='lat' dir='ltr'><strong>tyrannum</strong></span> <span class='ocrx_word' id='word_1_573' title='bbox 2172 3459 2437 3518; x_wconf 86' lang='lat' dir='ltr'><strong>generose</strong></span> <span class='ocrx_word' id='word_1_574' title='bbox 2473 3441 2786 3498; x_wconf 90' lang='lat' dir='ltr'><strong>etviriliter</strong></span> <span class='ocrx_word' id='word_1_575' title='bbox 2842 3444 3065 3497; x_wconf 84' lang='lat' dir='ltr'><strong>intuens</strong></span> <span class='ocrx_word' id='word_1_576' title='bbox 3104 3460 3118 3497; x_wconf 91' lang='lat'><strong>:</strong></span> <span class='ocrx_word' id='word_1_577' title='bbox 3154 3443 3198 3497; x_wconf 92' lang='grc' dir='ltr'>Ο</span> <span class='ocrx_word' id='word_1_578' title='bbox 3252 3444 3426 3508; x_wconf 82' lang='lat' dir='ltr'><strong>vafra,</strong></span> 
     </span>
    </p>
   </div>
   <div class='ocr_carea' id='block_1_80' title="bbox 1845 3532 3429 3607">
    <p class='ocr_par' dir='ltr' id='par_1_80' title="bbox 1845 3532 3429 3607">
     <span class='ocr_line' id='line_1_80' title="bbox 1845 3532 3429 3607; baseline -0.003 -14"><span class='ocrx_word' id='word_1_579' title='bbox 1845 3540 2040 3607; x_wconf 89' lang='lat' dir='ltr'><strong>inquit,</strong></span> <span class='ocrx_word' id='word_1_580' title='bbox 2075 3539 2279 3602; x_wconf 89' lang='lat' dir='ltr'><strong>anima,</strong></span> <span class='ocrx_word' id='word_1_581' title='bbox 2320 3535 2449 3593; x_wconf 89' lang='lat' dir='ltr'><strong>dolo</strong></span> <span class='ocrx_word' id='word_1_582' title='bbox 2485 3535 2643 3605; x_wconf 87' lang='lat' dir='ltr'><strong>plena</strong></span> <span class='ocrx_word' id='word_1_583' title='bbox 2681 3534 3163 3589; x_wconf 81' lang='lat' dir='ltr'><strong>etainaritudinel</strong></span> <span class='ocrx_word' id='word_1_584' title='bbox 3197 3532 3241 3587; x_wconf 90' lang='grc'>0</span> <span class='ocrx_word' id='word_1_585' title='bbox 3274 3548 3429 3589; x_wconf 89' lang='lat' dir='ltr'><strong>mens</strong></span> 
     </span>
    </p>
   </div>
   <div class='ocr_carea' id='block_1_81' title="bbox 1843 3626 3427 3694">
    <p class='ocr_par' dir='ltr' id='par_1_81' title="bbox 1843 3626 3427 3694">
     <span class='ocr_line' id='line_1_81' title="bbox 1843 3626 3427 3694; baseline -0.004 -9"><span class='ocrx_word' id='word_1_586' title='bbox 1843 3630 2197 3692; x_wconf 69' lang='lat' dir='ltr'><strong>daamoniaca,</strong></span> <span class='ocrx_word' id='word_1_587' title='bbox 2229 3628 2522 3681; x_wconf 84' lang='lat' dir='ltr'><strong>humanam</strong></span> <span class='ocrx_word' id='word_1_588' title='bbox 2582 3627 2789 3679; x_wconf 86' lang='lat' dir='ltr'><strong>imitata</strong></span> <span class='ocrx_word' id='word_1_589' title='bbox 2839 3626 3099 3693; x_wconf 87' lang='lat' dir='ltr'><strong>speciem,</strong></span> <span class='ocrx_word' id='word_1_590' title='bbox 3149 3640 3427 3694; x_wconf 87' lang='lat' dir='ltr'><strong>nunquam</strong></span> 
     </span>
    </p>
   </div>
   <div class='ocr_carea' id='block_1_82' title="bbox 1845 3714 3425 3789">
    <p class='ocr_par' dir='ltr' id='par_1_82' title="bbox 1845 3714 3425 3789">
     <span class='ocr_line' id='line_1_82' title="bbox 1845 3714 3425 3789; baseline -0.006 -13"><span class='ocrx_word' id='word_1_591' title='bbox 1845 3719 2084 3777; x_wconf 80' lang='lat' dir='ltr'><strong>cessabis</strong></span> <span class='ocrx_word' id='word_1_592' title='bbox 2116 3718 2340 3789; x_wconf 89' lang='lat' dir='ltr'><strong>nugari,</strong></span> <span class='ocrx_word' id='word_1_593' title='bbox 2370 3725 2427 3771; x_wconf 91' lang='lat' dir='ltr'><strong>et</strong></span> <span class='ocrx_word' id='word_1_594' title='bbox 2451 3714 2655 3769; x_wconf 88' lang='lat' dir='ltr'><strong>frustra</strong></span> <span class='ocrx_word' id='word_1_595' title='bbox 2701 3716 2967 3770; x_wconf 71' lang='lat' dir='ltr'><strong>scelerata</strong></span> <span class='ocrx_word' id='word_1_596' title='bbox 3002 3716 3143 3768; x_wconf 83' lang='lat' dir='ltr'><strong>inire</strong></span> <span class='ocrx_word' id='word_1_597' title='bbox 3175 3716 3425 3778; x_wconf 85' lang='lat' dir='ltr'><strong>consilia,</strong></span> 
     </span>
    </p>
   </div>
   <div class='ocr_carea' id='block_1_83' title="bbox 1845 3806 3430 3878">
    <p class='ocr_par' dir='ltr' id='par_1_83' title="bbox 1845 3806 3430 3878">
     <span class='ocr_line' id='line_1_83' title="bbox 1845 3806 3430 3878; baseline -0.006 -10"><span class='ocrx_word' id='word_1_598' title='bbox 1845 3823 1899 3868; x_wconf 89' lang='lat' dir='ltr'><strong>et</strong></span> <span class='ocrx_word' id='word_1_599' title='bbox 1925 3813 2190 3867; x_wconf 88' lang='lat' dir='ltr'><strong>adversus</strong></span> <span class='ocrx_word' id='word_1_600' title='bbox 2243 3809 2449 3865; x_wconf 87' lang='lat' dir='ltr'><strong>Christi</strong></span> <span class='ocrx_word' id='word_1_601' title='bbox 2503 3823 2693 3863; x_wconf 86' lang='lat' dir='ltr'><strong>servos</strong></span> <span class='ocrx_word' id='word_1_602' title='bbox 2730 3808 2957 3878; x_wconf 84' lang='lat' dir='ltr'><strong>laqueos</strong></span> <span class='ocrx_word' id='word_1_603' title='bbox 3019 3808 3244 3862; x_wconf 88' lang='lat' dir='ltr'><strong>tendere</strong></span> <span class='ocrx_word' id='word_1_604' title='bbox 3268 3806 3430 3860; x_wconf 86' lang='lat' dir='ltr'><strong>innu-</strong></span> 
     </span>
    </p>
   </div>
   <div class='ocr_carea' id='block_1_84' title="bbox 1845 3900 3430 3972">
    <p class='ocr_par' dir='ltr' id='par_1_84' title="bbox 1845 3900 3430 3972">
     <span class='ocr_line' id='line_1_84' title="bbox 1845 3900 3430 3972; baseline -0.004 -11"><span class='ocrx_word' id='word_1_605' title='bbox 1845 3906 2137 3963; x_wconf 85' lang='lat' dir='ltr'><strong>merabilcs</strong></span> <span class='ocrx_word' id='word_1_606' title='bbox 2170 3902 2329 3972; x_wconf 74' lang='lat' dir='ltr'><strong>lEgo</strong></span> <span class='ocrx_word' id='word_1_607' title='bbox 2362 3918 2644 3971; x_wconf 83' lang='lat' dir='ltr'><strong>nunquam</strong></span> <span class='ocrx_word' id='word_1_608' title='bbox 2714 3901 3034 3955; x_wconf 79' lang='lat' dir='ltr'><strong>saerilicabo</strong></span> <span class='ocrx_word' id='word_1_609' title='bbox 3090 3900 3430 3955; x_wconf 68' lang='lat' dir='ltr'><strong>daemonibus</strong></span> 
     </span>
    </p>
   </div>
   <div class='ocr_carea' id='block_1_85' title="bbox 1845 3992 3430 4061">
    <p class='ocr_par' dir='ltr' id='par_1_85' title="bbox 1845 3992 3430 4061">
     <span class='ocr_line' id='line_1_85' title="bbox 1845 3992 3430 4061; baseline -0.006 -4"><span class='ocrx_word' id='word_1_610' title='bbox 1845 4011 1900 4057; x_wconf 87' lang='lat' dir='ltr'><strong>et</strong></span> <span class='ocrx_word' id='word_1_611' title='bbox 1955 3997 2285 4061; x_wconf 84' lang='lat' dir='ltr'><strong>simulacris,</strong></span> <span class='ocrx_word' id='word_1_612' title='bbox 2320 3995 2557 4049; x_wconf 81' lang='lat' dir='ltr'><strong>maxime</strong></span> <span class='ocrx_word' id='word_1_613' title='bbox 2620 4010 2745 4049; x_wconf 89' lang='lat' dir='ltr'><strong>cum</strong></span> <span class='ocrx_word' id='word_1_614' title='bbox 2810 4008 2896 4047; x_wconf 88' lang='lat' dir='ltr'><strong>me</strong></span> <span class='ocrx_word' id='word_1_615' title='bbox 2954 3992 3214 4048; x_wconf 88' lang='lat' dir='ltr'><strong>Dominus</strong></span> <span class='ocrx_word' id='word_1_616' title='bbox 3269 3993 3430 4047; x_wconf 83' lang='lat' dir='ltr'><strong>toties</strong></span> 
     </span>
    </p>
   </div>
   <div class='ocr_carea' id='block_1_86' title="bbox 1844 4083 3433 4155">
    <p class='ocr_par' dir='ltr' id='par_1_86' title="bbox 1844 4083 3433 4155">
     <span class='ocr_line' id='line_1_86' title="bbox 1844 4083 3433 4155; baseline -0.008 -6"><span class='ocrx_word' id='word_1_617' title='bbox 1844 4090 2171 4155; x_wconf 86' lang='lat' dir='ltr'><strong>defenderit,</strong></span> <span class='ocrx_word' id='word_1_618' title='bbox 2205 4104 2330 4143; x_wconf 91' lang='lat' dir='ltr'><strong>eum</strong></span> <span class='ocrx_word' id='word_1_619' title='bbox 2374 4096 2482 4141; x_wconf 91' lang='lat' dir='ltr'><strong>tam</strong></span> <span class='ocrx_word' id='word_1_620' title='bbox 2514 4086 2703 4140; x_wconf 90' lang='lat' dir='ltr'><strong>multis</strong></span> <span class='ocrx_word' id='word_1_621' title='bbox 2735 4085 2996 4154; x_wconf 88' lang='lat' dir='ltr'><strong>operibus</strong></span> <span class='ocrx_word' id='word_1_622' title='bbox 3040 4083 3433 4137; x_wconf 84' lang='lat' dir='ltr'><strong>demonstrarit</strong></span> 
     </span>
    </p>
   </div>
   <div class='ocr_carea' id='block_1_87' title="bbox 1845 4175 3431 4247">
    <p class='ocr_par' dir='ltr' id='par_1_87' title="bbox 1845 4175 3431 4247">
     <span class='ocr_line' id='line_1_87' title="bbox 1845 4175 3431 4247; baseline -0.008 -7"><span class='ocrx_word' id='word_1_623' title='bbox 1845 4184 2152 4243; x_wconf 83' lang='lat' dir='ltr'><strong>veritatem,</strong></span> <span class='ocrx_word' id='word_1_624' title='bbox 2183 4195 2306 4233; x_wconf 88' lang='lat' dir='ltr'><strong>cum</strong></span> <span class='ocrx_word' id='word_1_625' title='bbox 2339 4186 2445 4231; x_wconf 91' lang='lat' dir='ltr'><strong>tam</strong></span> <span class='ocrx_word' id='word_1_626' title='bbox 2472 4186 2663 4247; x_wconf 88' lang='lat' dir='ltr'><strong>aperte</strong></span> <span class='ocrx_word' id='word_1_627' title='bbox 2696 4185 2753 4229; x_wconf 88' lang='lat' dir='ltr'><strong>et</strong></span> <span class='ocrx_word' id='word_1_628' title='bbox 2786 4176 2922 4231; x_wconf 88' lang='lat' dir='ltr'><strong>citra</strong></span> <span class='ocrx_word' id='word_1_629' title='bbox 2972 4175 3135 4227; x_wconf 83' lang='lat' dir='ltr'><strong>ullam</strong></span> <span class='ocrx_word' id='word_1_630' title='bbox 3205 4183 3431 4227; x_wconf 81' lang='lat' dir='ltr'><strong>contro-</strong></span> 
     </span>
    </p>
   </div>
   <div class='ocr_carea' id='block_1_88' title="bbox 1846 4265 3428 4341">
    <p class='ocr_par' dir='ltr' id='par_1_88' title="bbox 1846 4265 3428 4341">
     <span class='ocr_line' id='line_1_88' title="bbox 1846 4265 3428 4341; baseline -0.009 -7"><span class='ocrx_word' id='word_1_631' title='bbox 1846 4280 2107 4341; x_wconf 85' lang='lat' dir='ltr'><strong>versiam,</strong></span> <span class='ocrx_word' id='word_1_632' title='bbox 2144 4284 2379 4328; x_wconf 80' lang='lat' dir='ltr'><strong>vestram</strong></span> <span class='ocrx_word' id='word_1_633' title='bbox 2419 4268 2794 4341; x_wconf 82' lang='lat' dir='ltr'><strong>arrogantiam</strong></span> <span class='ocrx_word' id='word_1_634' title='bbox 2827 4268 3095 4323; x_wconf 85' lang='lat' dir='ltr'><strong>dedecore</strong></span> <span class='ocrx_word' id='word_1_635' title='bbox 3128 4265 3428 4331; x_wconf 82' lang='lat' dir='ltr'><strong>aﬂ&#39;eceritn,</strong></span> 
     </span>
    </p>
   </div>
   <div class='ocr_carea' id='block_1_89' title="bbox 1848 4360 3433 4436">
    <p class='ocr_par' dir='ltr' id='par_1_89' title="bbox 1848 4360 3433 4436">
     <span class='ocr_line' id='line_1_89' title="bbox 1848 4360 3433 4436; baseline -0.01 -9"><span class='ocrx_word' id='word_1_636' title='bbox 1848 4381 1903 4427; x_wconf 85' lang='lat' dir='ltr'><strong>et</strong></span> <span class='ocrx_word' id='word_1_637' title='bbox 1937 4384 2124 4425; x_wconf 87' lang='lat' dir='ltr'><strong>eorum</strong></span> <span class='ocrx_word' id='word_1_638' title='bbox 2155 4383 2275 4436; x_wconf 69' lang='lat' dir='ltr'><strong>qua:</strong></span> <span class='ocrx_word' id='word_1_639' title='bbox 2298 4365 2502 4427; x_wconf 90' lang='lat' dir='ltr'><strong>colitis,</strong></span> <span class='ocrx_word' id='word_1_640' title='bbox 2531 4364 2806 4433; x_wconf 89' lang='lat' dir='ltr'><strong>arguerim</strong></span> <span class='ocrx_word' id='word_1_641' title='bbox 2864 4360 3319 4421; x_wconf 82' lang='lat' dir='ltr'><strong>imbecillitatem,</strong></span> <span class='ocrx_word' id='word_1_642' title='bbox 3352 4368 3433 4412; x_wconf 86' lang='lat' dir='ltr'><strong>at-</strong></span> 
     </span>
    </p>
   </div>
   <div class='ocr_carea' id='block_1_90' title="bbox 1848 4447 3430 4532">
    <p class='ocr_par' dir='ltr' id='par_1_90' title="bbox 1848 4447 3430 4532">
     <span class='ocr_line' id='line_1_90' title="bbox 1848 4447 3430 4532; baseline -0.011 -16"><span class='ocrx_word' id='word_1_643' title='bbox 1848 4470 1955 4532; x_wconf 83' lang='lat' dir='ltr'><strong>que</strong></span> <span class='ocrx_word' id='word_1_644' title='bbox 1980 4460 2241 4515; x_wconf 87' lang='lat' dir='ltr'><strong>adversus</strong></span> <span class='ocrx_word' id='word_1_645' title='bbox 2268 4468 2511 4509; x_wconf 87' lang='lat' dir='ltr'><strong>errorem</strong></span> <span class='ocrx_word' id='word_1_646' title='bbox 2573 4462 2684 4505; x_wconf 88' lang='lat' dir='ltr'><strong>tam</strong></span> <span class='ocrx_word' id='word_1_647' title='bbox 2756 4450 3071 4520; x_wconf 68' lang='lat' dir='ltr'><strong>praeclaram</strong></span> <span class='ocrx_word' id='word_1_648' title='bbox 3106 4448 3301 4517; x_wconf 85' lang='lat' dir='ltr'><strong>adepta</strong></span> <span class='ocrx_word' id='word_1_649' title='bbox 3327 4447 3430 4501; x_wconf 81' lang='lat' dir='ltr'><strong>sint</strong></span> 
     </span>
    </p>
   </div>
   <div class='ocr_carea' id='block_1_91' title="bbox 165 4533 1743 4617">
    <p class='ocr_par' dir='ltr' id='par_1_91' title="bbox 165 4533 1738 4616">
     <span class='ocr_line' id='line_1_91' title="bbox 165 4533 1738 4616; baseline 0.012 -31"><span class='ocrx_word' id='word_1_650' title='bbox 165 4533 369 4604; x_wconf 81' lang='grc' dir='ltr'>πλάνης</span> <span class='ocrx_word' id='word_1_651' title='bbox 408 4536 515 4607; x_wconf 76' lang='grc' dir='ltr'><strong>τὴν</strong></span> <span class='ocrx_word' id='word_1_652' title='bbox 551 4538 710 4610; x_wconf 87' lang='grc' dir='ltr'>νίκην</span> <span class='ocrx_word' id='word_1_653' title='bbox 752 4540 1026 4610; x_wconf 82' lang='grc' dir='ltr'>ἀρασθαι;</span> <span class='ocrx_word' id='word_1_654' title='bbox 1054 4543 1257 4597; x_wconf 77' lang='grc' dir='ltr'>Πολλοῦ</span> <span class='ocrx_word' id='word_1_655' title='bbox 1290 4544 1356 4597; x_wconf 82' lang='grc' dir='ltr'>ἄν</span> <span class='ocrx_word' id='word_1_656' title='bbox 1383 4562 1465 4599; x_wconf 91' lang='grc' dir='ltr'><strong>σοι</strong></span> <span class='ocrx_word' id='word_1_657' title='bbox 1502 4549 1738 4616; x_wconf 84' lang='grc' dir='ltr'>γέλωτος</span> 
     </span>
    </p>
   </div>
   <div class='ocr_carea' id='block_1_92' title="bbox 1849 4533 3431 4617">
    <p class='ocr_par' dir='ltr' id='par_1_92' title="bbox 1849 4539 3431 4617">
     <span class='ocr_line' id='line_1_92' title="bbox 1849 4539 3431 4617; baseline -0.009 -10"><span class='ocrx_word' id='word_1_658' title='bbox 1849 4553 2152 4609; x_wconf 82' lang='lat' dir='ltr'><strong>victoriam.</strong></span> <span class='ocrx_word' id='word_1_659' title='bbox 2181 4549 2466 4604; x_wconf 84' lang='lat' dir='ltr'><strong>Judicarer</strong></span> <span class='ocrx_word' id='word_1_660' title='bbox 2503 4561 2605 4617; x_wconf 84' lang='lat' dir='ltr'><strong>ego</strong></span> <span class='ocrx_word' id='word_1_661' title='bbox 2642 4544 2743 4599; x_wconf 90' lang='lat' dir='ltr'><strong>tibi</strong></span> <span class='ocrx_word' id='word_1_662' title='bbox 2802 4544 2965 4615; x_wconf 85' lang='lat' dir='ltr'><strong>plane</strong></span> <span class='ocrx_word' id='word_1_663' title='bbox 3017 4539 3273 4605; x_wconf 85' lang='lat' dir='ltr'><strong>ridicula,</strong></span> <span class='ocrx_word' id='word_1_664' title='bbox 3349 4540 3431 4593; x_wconf 77' lang='lat' dir='ltr'><strong>vel</strong></span> 
     </span>
    </p>
   </div>
   <div class='ocr_carea' id='block_1_93' title="bbox 163 4622 1742 4709">
    <p class='ocr_par' dir='ltr' id='par_1_93' title="bbox 163 4622 1742 4709">
     <span class='ocr_line' id='line_1_93' title="bbox 163 4622 1742 4709; baseline 0.011 -33"><span class='ocrx_word' id='word_1_665' title='bbox 163 4622 383 4697; x_wconf 76' lang='grc' dir='ltr'>ίκρίθην</span> <span class='ocrx_word' id='word_1_666' title='bbox 415 4627 574 4691; x_wconf 80' lang='grc' dir='ltr'>ἀξία,</span> <span class='ocrx_word' id='word_1_667' title='bbox 598 4629 851 4702; x_wconf 80' lang='grc' dir='ltr'>δακρύων</span> <span class='ocrx_word' id='word_1_668' title='bbox 875 4631 931 4685; x_wconf 72' lang='grc' dir='ltr'>δὲ</span> <span class='ocrx_word' id='word_1_669' title='bbox 972 4632 1172 4703; x_wconf 83' lang='grc' dir='ltr'>μᾶλλον</span> <span class='ocrx_word' id='word_1_670' title='bbox 1206 4638 1360 4706; x_wconf 88' lang='grc' dir='ltr'><strong>παρά</strong></span> <span class='ocrx_word' id='word_1_671' title='bbox 1384 4640 1498 4701; x_wconf 81' lang='grc' dir='ltr'>τοῖς</span> <span class='ocrx_word' id='word_1_672' title='bbox 1523 4635 1583 4692; x_wconf 83' lang='grc' dir='ltr'>εὖ</span> <span class='ocrx_word' id='word_1_673' title='bbox 1610 4657 1742 4709; x_wconf 86' lang='grc' dir='ltr'>φρο-</span> 
     </span>
    </p>
   </div>
   <div class='ocr_carea' id='block_1_94' title="bbox 163 4715 1743 4802">
    <p class='ocr_par' dir='ltr' id='par_1_94' title="bbox 163 4715 1743 4802">
     <span class='ocr_line' id='line_1_94' title="bbox 163 4715 1743 4802; baseline 0.013 -35"><span class='ocrx_word' id='word_1_674' title='bbox 163 4715 309 4771; x_wconf 79' lang='grc' dir='ltr'>νοῦσι</span> <span class='ocrx_word' id='word_1_675' title='bbox 345 4721 445 4774; x_wconf 81' lang='grc' dir='ltr'>καὶ</span> <span class='ocrx_word' id='word_1_676' title='bbox 482 4720 847 4793; x_wconf 78' lang='grc' dir='ltr'>φοϐουμένοις</span> <span class='ocrx_word' id='word_1_677' title='bbox 891 4725 984 4779; x_wconf 79' lang='grc' dir='ltr'><strong>τὸν</strong></span> <span class='ocrx_word' id='word_1_678' title='bbox 1021 4724 1250 4797; x_wconf 86' lang='grc' dir='ltr'>Κύριον.</span> <span class='ocrx_word' id='word_1_679' title='bbox 1281 4728 1467 4793; x_wconf 83' lang='grc' dir='ltr'>Δύσας</span> <span class='ocrx_word' id='word_1_680' title='bbox 1504 4726 1598 4783; x_wconf 78' lang='grc' dir='ltr'>οὖν</span> <span class='ocrx_word' id='word_1_681' title='bbox 1641 4732 1743 4802; x_wconf 76' lang='grc' dir='ltr'>τὴν</span> 
     </span>
    </p>
   </div>
   <div class='ocr_carea' id='block_1_95' title="bbox 166 4812 1744 4893">
    <p class='ocr_par' dir='ltr' id='par_1_95' title="bbox 166 4812 1744 4893">
     <span class='ocr_line' id='line_1_95' title="bbox 166 4812 1744 4893; baseline 0.01 -31"><span class='ocrx_word' id='word_1_682' title='bbox 166 4812 367 4883; x_wconf 81' lang='grc' dir='ltr'>σκηνὴν</span> <span class='ocrx_word' id='word_1_683' title='bbox 396 4813 499 4867; x_wconf 80' lang='grc' dir='ltr'>καὶ</span> <span class='ocrx_word' id='word_1_684' title='bbox 528 4815 622 4866; x_wconf 84' lang='grc' dir='ltr'>τὸν</span> <span class='ocrx_word' id='word_1_685' title='bbox 654 4816 915 4885; x_wconf 77' lang='grc' dir='ltr'>τεχνητὸν</span> <span class='ocrx_word' id='word_1_686' title='bbox 970 4821 1111 4888; x_wconf 76' lang='grc' dir='ltr'>ἄρνα</span> <span class='ocrx_word' id='word_1_687' title='bbox 1162 4820 1256 4873; x_wconf 72' lang='grc' dir='ltr'>καὶ</span> <span class='ocrx_word' id='word_1_688' title='bbox 1296 4821 1395 4891; x_wconf 82' lang='grc' dir='ltr'>τὴν</span> <span class='ocrx_word' id='word_1_689' title='bbox 1428 4822 1744 4893; x_wconf 83' lang='grc' dir='ltr'>ὲπίχριστον</span> 
     </span>
    </p>
   </div>
   <div class='ocr_carea' id='block_1_96' title="bbox 166 4901 1746 4981">
    <p class='ocr_par' dir='ltr' id='par_1_96' title="bbox 166 4901 1746 4981">
     <span class='ocr_line' id='line_1_96' title="bbox 166 4901 1746 4981; baseline 0.009 -31"><span class='ocrx_word' id='word_1_690' title='bbox 166 4901 492 4965; x_wconf 73' lang='grc' dir='ltr'>ἐπιείκειαν,</span> <span class='ocrx_word' id='word_1_691' title='bbox 509 4903 675 4956; x_wconf 74' lang='grc' dir='ltr'>αὑτὸν</span> <span class='ocrx_word' id='word_1_692' title='bbox 691 4908 825 4975; x_wconf 70' lang='grc' dir='ltr'>ἡμῖν</span> <span class='ocrx_word' id='word_1_693' title='bbox 854 4907 944 4960; x_wconf 84' lang='grc' dir='ltr'>τὸν</span> <span class='ocrx_word' id='word_1_694' title='bbox 964 4909 1170 4979; x_wconf 82' lang='grc' dir='ltr'>συνήθη</span> <span class='ocrx_word' id='word_1_695' title='bbox 1197 4910 1433 4978; x_wconf 85' lang='grc' dir='ltr'>Πρίσκον</span> <span class='ocrx_word' id='word_1_696' title='bbox 1456 4914 1746 4981; x_wconf 69' lang='grc' dir='ltr'>ἐπίδειξον,</span> 
     </span>
    </p>
   </div>
   <div class='ocr_carea' id='block_1_97' title="bbox 169 4994 1745 5071">
    <p class='ocr_par' dir='ltr' id='par_1_97' title="bbox 169 4994 1745 5071">
     <span class='ocr_line' id='line_1_97' title="bbox 169 4994 1745 5071; baseline 0.009 -27"><span class='ocrx_word' id='word_1_697' title='bbox 169 4995 298 5059; x_wconf 80' lang='grc' dir='ltr'><strong>μετά</strong></span> <span class='ocrx_word' id='word_1_698' title='bbox 323 4996 422 5066; x_wconf 83' lang='grc' dir='ltr'>τῆς</span> <span class='ocrx_word' id='word_1_699' title='bbox 454 4994 619 5064; x_wconf 73' lang='grc' dir='ltr'>φίλης</span> <span class='ocrx_word' id='word_1_700' title='bbox 649 4995 933 5066; x_wconf 81' lang='grc' dir='ltr'>ὠμότητος</span> <span class='ocrx_word' id='word_1_701' title='bbox 961 5001 1055 5054; x_wconf 73' lang='grc' dir='ltr'>καὶ</span> <span class='ocrx_word' id='word_1_702' title='bbox 1087 5001 1182 5055; x_wconf 78' lang='grc' dir='ltr'>τοῦ</span> <span class='ocrx_word' id='word_1_703' title='bbox 1216 5001 1485 5071; x_wconf 51' lang='lat' dir='ltr'><strong>epicum“</strong></span> <span class='ocrx_word' id='word_1_704' title='bbox 1511 5005 1745 5059; x_wconf 77' lang='grc' dir='ltr'>κάκεῖνα</span> 
     </span>
    </p>
   </div>
   <div class='ocr_carea' id='block_1_98' title="bbox 165 5083 1742 5171">
    <p class='ocr_par' dir='ltr' id='par_1_98' title="bbox 165 5083 1742 5171">
     <span class='ocr_line' id='line_1_98' title="bbox 165 5083 1742 5171; baseline 0.01 -36"><span class='ocrx_word' id='word_1_705' title='bbox 165 5083 223 5154; x_wconf 78' lang='grc' dir='ltr'>δὴ</span> <span class='ocrx_word' id='word_1_706' title='bbox 252 5084 490 5157; x_wconf 78' lang='grc' dir='ltr'>πρᾶττε,</span> <span class='ocrx_word' id='word_1_707' title='bbox 540 5088 644 5140; x_wconf 79' lang='grc' dir='ltr'>ὅσα</span> <span class='ocrx_word' id='word_1_708' title='bbox 701 5104 785 5140; x_wconf 84' lang='grc' dir='ltr'>σοι</span> <span class='ocrx_word' id='word_1_709' title='bbox 841 5091 984 5143; x_wconf 68' lang='grc' dir='ltr'>κατὰ</span> <span class='ocrx_word' id='word_1_710' title='bbox 1031 5092 1259 5162; x_wconf 83' lang='grc' dir='ltr'>γνώμην</span> <span class='ocrx_word' id='word_1_711' title='bbox 1309 5094 1429 5145; x_wconf 76' lang='grc' dir='ltr'>ἐστὶ</span> <span class='ocrx_word' id='word_1_712' title='bbox 1487 5098 1742 5171; x_wconf 77' lang='grc' dir='ltr'>ποιεῖν,ἢ</span> 
     </span>
    </p>
   </div>
   <div class='ocr_carea' id='block_1_99' title="bbox 169 5179 1745 5261">
    <p class='ocr_par' dir='ltr' id='par_1_99' title="bbox 169 5179 1745 5261">
     <span class='ocr_line' id='line_1_99' title="bbox 169 5179 1745 5261; baseline 0.008 -31"><span class='ocrx_word' id='word_1_713' title='bbox 169 5179 362 5246; x_wconf 84' lang='grc' dir='ltr'>μᾶλλον</span> <span class='ocrx_word' id='word_1_714' title='bbox 402 5182 623 5250; x_wconf 86' lang='grc' dir='ltr'>ὅσαπερ</span> <span class='ocrx_word' id='word_1_715' title='bbox 686 5183 715 5235; x_wconf 85' lang='grc' dir='ltr'><strong>δ</strong></span> <span class='ocrx_word' id='word_1_716' title='bbox 772 5181 1097 5249; x_wconf 75' lang='grc' dir='ltr'>διδάσκαλός</span> <span class='ocrx_word' id='word_1_717' title='bbox 1152 5202 1247 5239; x_wconf 83' lang='grc' dir='ltr'><strong>σου</strong></span> <span class='ocrx_word' id='word_1_718' title='bbox 1305 5188 1400 5239; x_wconf 81' lang='grc' dir='ltr'>καὶ</span> <span class='ocrx_word' id='word_1_719' title='bbox 1451 5189 1745 5261; x_wconf 83' lang='grc' dir='ltr'>παιδευτὴς</span> 
     </span>
    </p>
   </div>
   <div class='ocr_carea' id='block_1_100' title="bbox 164 5268 789 5342">
    <p class='ocr_par' dir='ltr' id='par_1_100' title="bbox 164 5268 789 5342">
     <span class='ocr_line' id='line_1_100' title="bbox 164 5268 789 5342; baseline 0.014 -24"><span class='ocrx_word' id='word_1_720' title='bbox 164 5268 401 5336; x_wconf 76' lang='grc' dir='ltr'>διάϐολος</span> <span class='ocrx_word' id='word_1_721' title='bbox 435 5272 789 5342; x_wconf 82' lang='grc' dir='ltr'>ὑποτίθησιν.</span> 
     </span>
    </p>
   </div>
   <div class='ocr_carea' id='block_1_101' title="bbox 227 5360 1743 5441">
    <p class='ocr_par' dir='ltr' id='par_1_101' title="bbox 227 5360 1743 5441">
     <span class='ocr_line' id='line_1_101' title="bbox 227 5360 1743 5441; baseline 0.007 -29"><span class='ocrx_word' id='word_1_722' title='bbox 227 5360 325 5414; x_wconf 80' lang='grc' dir='ltr'>ιε’.</span> <span class='ocrx_word' id='word_1_723' title='bbox 378 5364 588 5433; x_wconf 81' lang='grc' dir='ltr'>Ὀργῆς</span> <span class='ocrx_word' id='word_1_724' title='bbox 620 5362 713 5416; x_wconf 73' lang='grc' dir='ltr'><strong>ἐπὶ</strong></span> <span class='ocrx_word' id='word_1_725' title='bbox 763 5364 977 5429; x_wconf 83' lang='grc' dir='ltr'>τούτοις</span> <span class='ocrx_word' id='word_1_726' title='bbox 1016 5368 1044 5419; x_wconf 85' lang='grc' dir='ltr'><strong>ὁ</strong></span> <span class='ocrx_word' id='word_1_727' title='bbox 1083 5367 1324 5437; x_wconf 86' lang='grc' dir='ltr'>Πρίσκος</span> <span class='ocrx_word' id='word_1_728' title='bbox 1374 5369 1743 5441; x_wconf 71' lang='grc' dir='ltr'>ὑποπλησθεὶς</span> 
     </span>
    </p>
   </div>
   <div class='ocr_carea' id='block_1_102' title="bbox 167 5454 1743 5531">
    <p class='ocr_par' dir='ltr' id='par_1_102' title="bbox 167 5454 1743 5531">
     <span class='ocr_line' id='line_1_102' title="bbox 167 5454 1743 5531; baseline 0.008 -26"><span class='ocrx_word' id='word_1_729' title='bbox 167 5454 425 5525; x_wconf 64' lang='grc' dir='ltr'>(ἠλέγχθη</span> <span class='ocrx_word' id='word_1_730' title='bbox 459 5458 576 5524; x_wconf 84' lang='grc' dir='ltr'><strong>γάρ</strong></span> <span class='ocrx_word' id='word_1_731' title='bbox 604 5456 883 5527; x_wconf 76' lang='grc' dir='ltr'>ἐν“βραχεῖ</span> <span class='ocrx_word' id='word_1_732' title='bbox 918 5461 979 5511; x_wconf 84' lang='grc' dir='ltr'>τὸ</span> <span class='ocrx_word' id='word_1_733' title='bbox 1010 5463 1404 5531; x_wconf 78' lang='grc' dir='ltr'>προσποιητὺν,</span> <span class='ocrx_word' id='word_1_734' title='bbox 1441 5464 1537 5515; x_wconf 80' lang='grc' dir='ltr'>καὶ</span> <span class='ocrx_word' id='word_1_735' title='bbox 1571 5465 1743 5518; x_wconf 87' lang='grc' dir='ltr'>ἀπέδυ</span> 
     </span>
    </p>
   </div>
   <div class='ocr_carea' id='block_1_103' title="bbox 164 5550 1740 5629">
    <p class='ocr_par' dir='ltr' id='par_1_103' title="bbox 164 5550 1740 5629">
     <span class='ocr_line' id='line_1_103' title="bbox 164 5550 1740 5629; baseline 0.01 -32"><span class='ocrx_word' id='word_1_736' title='bbox 164 5550 246 5599; x_wconf 70' lang='grc' dir='ltr'>τὸν</span> <span class='ocrx_word' id='word_1_737' title='bbox 274 5551 564 5615; x_wconf 68' lang='grc' dir='ltr'>κροκωτὸν</span> <span class='ocrx_word' id='word_1_738' title='bbox 589 5552 621 5618; x_wconf 77' lang='grc' dir='ltr'>ἡ</span> <span class='ocrx_word' id='word_1_739' title='bbox 646 5551 831 5620; x_wconf 83' lang='grc' dir='ltr'>γαλῆ).</span> <span class='ocrx_word' id='word_1_740' title='bbox 864 5553 1080 5627; x_wconf 59' lang='lat' dir='ltr'><strong>passm;</strong></span> <span class='ocrx_word' id='word_1_741' title='bbox 1104 5555 1202 5625; x_wconf 75' lang='grc' dir='ltr'>τὴν</span> <span class='ocrx_word' id='word_1_742' title='bbox 1226 5556 1479 5627; x_wconf 78' lang='grc' dir='ltr'>μάρτυρα</span> <span class='ocrx_word' id='word_1_743' title='bbox 1501 5556 1740 5629; x_wconf 84' lang='grc' dir='ltr'>βαρυτά-</span> 
     </span>
    </p>
   </div>
   <div class='ocr_carea' id='block_1_104' title="bbox 166 5640 1741 5720">
    <p class='ocr_par' dir='ltr' id='par_1_104' title="bbox 166 5640 1741 5720">
     <span class='ocr_line' id='line_1_104' title="bbox 166 5640 1741 5720; baseline 0.006 -27"><span class='ocrx_word' id='word_1_744' title='bbox 166 5658 273 5706; x_wconf 70' lang='lat' dir='ltr'><strong>ut;</strong></span> <span class='ocrx_word' id='word_1_745' title='bbox 290 5642 506 5697; x_wconf 75' lang='grc' dir='ltr'>κελεύει</span> <span class='ocrx_word' id='word_1_746' title='bbox 530 5640 856 5701; x_wconf 86' lang='grc' dir='ltr'>τύπτεσθαι.</span> <span class='ocrx_word' id='word_1_747' title='bbox 891 5644 1045 5698; x_wconf 72' lang='grc' dir='ltr'>Ἐπεὶ</span> <span class='ocrx_word' id='word_1_748' title='bbox 1062 5644 1116 5699; x_wconf 82' lang='grc' dir='ltr'>δὲ</span> <span class='ocrx_word' id='word_1_749' title='bbox 1137 5648 1499 5720; x_wconf 75' lang='grc' dir='ltr'>ραὁδιζομένη</span> <span class='ocrx_word' id='word_1_750' title='bbox 1523 5648 1741 5703; x_wconf 76' lang='grc' dir='ltr'>καὶτῶν</span> 
     </span>
    </p>
   </div>
   <div class='ocr_carea' id='block_1_105' title="bbox 230 5820 1156 5894">
    <p class='ocr_par' dir='ltr' id='par_1_105' title="bbox 230 5820 1156 5894">
     <span class='ocr_line' id='line_1_105' title="bbox 230 5820 1156 5894; baseline 0.003 -16"><span class='ocrx_word' id='word_1_751' title='bbox 230 5825 245 5851; x_wconf 77' lang='grc'><strong>⁸</strong></span> <span class='ocrx_word' id='word_1_752' title='bbox 277 5823 417 5881; x_wconf 79' lang='lat' dir='ltr'><strong>Psal.</strong></span> <span class='ocrx_word' id='word_1_753' title='bbox 447 5842 540 5894; x_wconf 77' lang='grc' dir='ltr'><strong>ον,</strong></span> <span class='ocrx_word' id='word_1_754' title='bbox 568 5824 621 5878; x_wconf 73' lang='grc'><strong>2.</strong></span> <span class='ocrx_word' id='word_1_755' title='bbox 701 5821 719 5855; x_wconf 85' lang='grc'><strong>⁷</strong></span> <span class='ocrx_word' id='word_1_756' title='bbox 758 5820 899 5879; x_wconf 81' lang='lat' dir='ltr'><strong>Psal.</strong></span> <span class='ocrx_word' id='word_1_757' title='bbox 929 5840 1073 5893; x_wconf 76' lang='lat' dir='ltr'><strong>xxiv,</strong></span> <span class='ocrx_word' id='word_1_758' title='bbox 1106 5829 1156 5882; x_wconf 85' lang='lat'><strong>&#39;7.</strong></span> 
     </span>
    </p>
   </div>
   <div class='ocr_carea' id='block_1_106' title="bbox 1848 4633 3427 4718">
    <p class='ocr_par' dir='ltr' id='par_1_106' title="bbox 1848 4633 3427 4718">
     <span class='ocr_line' id='line_1_106' title="bbox 1848 4633 3427 4718; baseline -0.011 -16"><span class='ocrx_word' id='word_1_759' title='bbox 1848 4646 2033 4718; x_wconf 90' lang='lat' dir='ltr'><strong>potius</strong></span> <span class='ocrx_word' id='word_1_760' title='bbox 2067 4643 2231 4713; x_wconf 83' lang='lat' dir='ltr'><strong>digna</strong></span> <span class='ocrx_word' id='word_1_761' title='bbox 2256 4639 2507 4710; x_wconf 86' lang='lat' dir='ltr'><strong>lacrymis</strong></span> <span class='ocrx_word' id='word_1_762' title='bbox 2535 4638 2677 4706; x_wconf 86' lang='lat' dir='ltr'><strong>apud</strong></span> <span class='ocrx_word' id='word_1_763' title='bbox 2705 4652 2799 4691; x_wconf 90' lang='lat' dir='ltr'><strong>eos</strong></span> <span class='ocrx_word' id='word_1_764' title='bbox 2834 4638 2926 4705; x_wconf 91' lang='lat' dir='ltr'><strong>qui</strong></span> <span class='ocrx_word' id='word_1_765' title='bbox 2980 4644 3126 4689; x_wconf 87' lang='lat' dir='ltr'><strong>recte</strong></span> <span class='ocrx_word' id='word_1_766' title='bbox 3163 4633 3427 4695; x_wconf 81' lang='lat' dir='ltr'><strong>sentiunt,</strong></span> 
     </span>
    </p>
   </div>
   <div class='ocr_carea' id='block_1_107' title="bbox 1848 4729 3427 4803">
    <p class='ocr_par' dir='ltr' id='par_1_107' title="bbox 1848 4729 3427 4803">
     <span class='ocr_line' id='line_1_107' title="bbox 1848 4729 3427 4803; baseline -0.013 -10"><span class='ocrx_word' id='word_1_767' title='bbox 1848 4748 1905 4793; x_wconf 91' lang='lat' dir='ltr'><strong>et</strong></span> <span class='ocrx_word' id='word_1_768' title='bbox 1940 4738 2135 4792; x_wconf 89' lang='lat' dir='ltr'><strong>timent</strong></span> <span class='ocrx_word' id='word_1_769' title='bbox 2162 4734 2475 4788; x_wconf 91' lang='lat' dir='ltr'><strong>Dominum.</strong></span> <span class='ocrx_word' id='word_1_770' title='bbox 2510 4729 2701 4783; x_wconf 84' lang='lat' dir='ltr'><strong>Ablata</strong></span> <span class='ocrx_word' id='word_1_771' title='bbox 2727 4744 2857 4803; x_wconf 73' lang='lat' dir='ltr'><strong>ergo</strong></span> <span class='ocrx_word' id='word_1_772' title='bbox 2924 4740 3111 4788; x_wconf 82' lang='lat' dir='ltr'><strong>scena,</strong></span> <span class='ocrx_word' id='word_1_773' title='bbox 3164 4733 3221 4778; x_wconf 92' lang='lat' dir='ltr'><strong>et</strong></span> <span class='ocrx_word' id='word_1_774' title='bbox 3264 4737 3427 4792; x_wconf 87' lang='lat' dir='ltr'><strong>agno,</strong></span> 
     </span>
    </p>
   </div>
   <div class='ocr_carea' id='block_1_108' title="bbox 1848 4815 3428 4901">
    <p class='ocr_par' dir='ltr' id='par_1_108' title="bbox 1848 4815 3428 4901">
     <span class='ocr_line' id='line_1_108' title="bbox 1848 4815 3428 4901; baseline -0.011 -17"><span class='ocrx_word' id='word_1_775' title='bbox 1848 4845 2012 4901; x_wconf 89' lang='lat' dir='ltr'><strong>quem</strong></span> <span class='ocrx_word' id='word_1_776' title='bbox 2041 4838 2158 4882; x_wconf 86' lang='lat' dir='ltr'><strong>arte</strong></span> <span class='ocrx_word' id='word_1_777' title='bbox 2191 4823 2511 4892; x_wconf 88' lang='lat' dir='ltr'><strong>suscepisti,</strong></span> <span class='ocrx_word' id='word_1_778' title='bbox 2568 4831 2622 4876; x_wconf 88' lang='lat' dir='ltr'><strong>et</strong></span> <span class='ocrx_word' id='word_1_779' title='bbox 2689 4821 2939 4875; x_wconf 90' lang='lat' dir='ltr'><strong>simulata</strong></span> <span class='ocrx_word' id='word_1_780' title='bbox 2977 4815 3428 4878; x_wconf 85' lang='lat' dir='ltr'><strong>mansuetudine,</strong></span> 
     </span>
    </p>
   </div>
   <div class='ocr_carea' id='block_1_109' title="bbox 1850 4912 3429 4993">
    <p class='ocr_par' dir='ltr' id='par_1_109' title="bbox 1850 4912 3429 4993">
     <span class='ocr_line' id='line_1_109' title="bbox 1850 4912 3429 4993; baseline -0.011 -14"><span class='ocrx_word' id='word_1_781' title='bbox 1850 4924 2033 4993; x_wconf 90' lang='lat' dir='ltr'><strong>ipsum</strong></span> <span class='ocrx_word' id='word_1_782' title='bbox 2062 4918 2283 4975; x_wconf 87' lang='lat' dir='ltr'><strong>solitum</strong></span> <span class='ocrx_word' id='word_1_783' title='bbox 2313 4917 2476 4970; x_wconf 87' lang='lat' dir='ltr'><strong>nobis</strong></span> <span class='ocrx_word' id='word_1_784' title='bbox 2504 4914 2753 4968; x_wconf 88' lang='lat' dir='ltr'><strong>Priscum</strong></span> <span class='ocrx_word' id='word_1_785' title='bbox 2805 4912 3057 4972; x_wconf 87' lang='lat' dir='ltr'><strong>ostende,</strong></span> <span class='ocrx_word' id='word_1_786' title='bbox 3125 4925 3275 4971; x_wconf 86' lang='lat' dir='ltr'><strong>cum,</strong></span> <span class='ocrx_word' id='word_1_787' title='bbox 3308 4924 3429 4977; x_wconf 71' lang='lat' dir='ltr'><strong>qua:</strong></span> 
     </span>
    </p>
   </div>
   <div class='ocr_carea' id='block_1_110' title="bbox 1847 5001 3429 5080">
    <p class='ocr_par' dir='ltr' id='par_1_110' title="bbox 1847 5001 3429 5080">
     <span class='ocr_line' id='line_1_110' title="bbox 1847 5001 3429 5080; baseline -0.009 -12"><span class='ocrx_word' id='word_1_788' title='bbox 1847 5022 1932 5069; x_wconf 86' lang='lat' dir='ltr'><strong>est</strong></span> <span class='ocrx_word' id='word_1_789' title='bbox 1958 5013 2003 5067; x_wconf 87' lang='lat' dir='ltr'><strong>ei</strong></span> <span class='ocrx_word' id='word_1_790' title='bbox 2030 5019 2209 5080; x_wconf 90' lang='lat' dir='ltr'><strong>grata,</strong></span> <span class='ocrx_word' id='word_1_791' title='bbox 2239 5008 2444 5063; x_wconf 59' lang='lat' dir='ltr'><strong>saevitia</strong></span> <span class='ocrx_word' id='word_1_792' title='bbox 2481 5014 2537 5059; x_wconf 91' lang='lat' dir='ltr'><strong>et</strong></span> <span class='ocrx_word' id='word_1_793' title='bbox 2569 5004 2798 5058; x_wconf 86' lang='lat' dir='ltr'><strong>audacia</strong></span> <span class='ocrx_word' id='word_1_794' title='bbox 2833 5020 2845 5055; x_wconf 91' lang='lat'>:</span> <span class='ocrx_word' id='word_1_795' title='bbox 2877 5012 2932 5057; x_wconf 92' lang='lat' dir='ltr'><strong>et</strong></span> <span class='ocrx_word' id='word_1_796' title='bbox 2992 5002 3082 5054; x_wconf 90' lang='lat' dir='ltr'><strong>illa</strong></span> <span class='ocrx_word' id='word_1_797' title='bbox 3144 5001 3255 5059; x_wconf 87' lang='lat' dir='ltr'><strong>fac.</strong></span> <span class='ocrx_word' id='word_1_798' title='bbox 3307 5013 3429 5069; x_wconf 64' lang='lat' dir='ltr'><strong>qua</strong></span> 
     </span>
    </p>
   </div>
   <div class='ocr_carea' id='block_1_111' title="bbox 1846 5094 3429 5166">
    <p class='ocr_par' dir='ltr' id='par_1_111' title="bbox 1846 5094 3429 5166">
     <span class='ocr_line' id='line_1_111' title="bbox 1846 5094 3429 5166; baseline -0.009 -6"><span class='ocrx_word' id='word_1_799' title='bbox 1846 5115 1975 5160; x_wconf 89' lang='lat' dir='ltr'><strong>sunt</strong></span> <span class='ocrx_word' id='word_1_800' title='bbox 2008 5104 2104 5158; x_wconf 90' lang='lat' dir='ltr'><strong>tibi</strong></span> <span class='ocrx_word' id='word_1_801' title='bbox 2138 5104 2285 5157; x_wconf 88' lang='lat' dir='ltr'><strong>cordi</strong></span> <span class='ocrx_word' id='word_1_802' title='bbox 2311 5100 2515 5160; x_wconf 87' lang='lat' dir='ltr'><strong>facere,</strong></span> <span class='ocrx_word' id='word_1_803' title='bbox 2571 5106 2668 5151; x_wconf 92' lang='lat' dir='ltr'><strong>aut</strong></span> <span class='ocrx_word' id='word_1_804' title='bbox 2726 5095 2931 5166; x_wconf 83' lang='lat' dir='ltr'><strong>potius,</strong></span> <span class='ocrx_word' id='word_1_805' title='bbox 2983 5111 3104 5163; x_wconf 66' lang='lat' dir='ltr'><strong>quae</strong></span> <span class='ocrx_word' id='word_1_806' title='bbox 3164 5094 3429 5164; x_wconf 77' lang='lat' dir='ltr'><strong>magister</strong></span> 
     </span>
    </p>
   </div>
   <div class='ocr_carea' id='block_1_112' title="bbox 1844 5187 3129 5267">
    <p class='ocr_par' dir='ltr' id='par_1_112' title="bbox 1844 5187 3129 5267">
     <span class='ocr_line' id='line_1_112' title="bbox 1844 5187 3129 5267; baseline -0.012 -14"><span class='ocrx_word' id='word_1_807' title='bbox 1844 5208 1901 5253; x_wconf 90' lang='lat' dir='ltr'><strong>et</strong></span> <span class='ocrx_word' id='word_1_808' title='bbox 1950 5206 2252 5267; x_wconf 64' lang='lat' dir='ltr'><strong>praeceptor</strong></span> <span class='ocrx_word' id='word_1_809' title='bbox 2272 5202 2397 5246; x_wconf 93' lang='lat' dir='ltr'><strong>tuus</strong></span> <span class='ocrx_word' id='word_1_810' title='bbox 2439 5190 2533 5245; x_wconf 87' lang='lat' dir='ltr'><strong>tibi</strong></span> <span class='ocrx_word' id='word_1_811' title='bbox 2580 5192 2825 5259; x_wconf 79' lang='lat' dir='ltr'><strong>suggerit</strong></span> <span class='ocrx_word' id='word_1_812' title='bbox 2860 5187 3129 5242; x_wconf 87' lang='lat' dir='ltr'><strong>diabolus.</strong></span> 
     </span>
    </p>
   </div>
   <div class='ocr_carea' id='block_1_113' title="bbox 1912 5364 3423 5442">
    <p class='ocr_par' dir='ltr' id='par_1_113' title="bbox 1912 5364 3423 5442">
     <span class='ocr_line' id='line_1_113' title="bbox 1912 5364 3423 5442; baseline -0.009 -11"><span class='ocrx_word' id='word_1_813' title='bbox 1912 5375 2031 5431; x_wconf 77' lang='lat' dir='ltr'><strong>XV.</strong></span> <span class='ocrx_word' id='word_1_814' title='bbox 2062 5375 2279 5431; x_wconf 87' lang='lat' dir='ltr'><strong>Priscus</strong></span> <span class='ocrx_word' id='word_1_815' title='bbox 2318 5380 2544 5442; x_wconf 88' lang='lat' dir='ltr'><strong>propter</strong></span> <span class='ocrx_word' id='word_1_816' title='bbox 2590 5369 2705 5425; x_wconf 68' lang='lat' dir='ltr'><strong>hac</strong></span> <span class='ocrx_word' id='word_1_817' title='bbox 2798 5369 2875 5421; x_wconf 88' lang='lat' dir='ltr'><strong>ira</strong></span> <span class='ocrx_word' id='word_1_818' title='bbox 2932 5366 3174 5436; x_wconf 89' lang='lat' dir='ltr'><strong>repletus</strong></span> <span class='ocrx_word' id='word_1_819' title='bbox 3249 5364 3423 5433; x_wconf 86' lang='lat' dir='ltr'><strong>(brevi</strong></span> 
     </span>
    </p>
   </div>
   <div class='ocr_carea' id='block_1_114' title="bbox 1842 5457 3425 5536">
    <p class='ocr_par' dir='ltr' id='par_1_114' title="bbox 1842 5457 3425 5536">
     <span class='ocr_line' id='line_1_114' title="bbox 1842 5457 3425 5536; baseline -0.009 -13"><span class='ocrx_word' id='word_1_820' title='bbox 1842 5470 1987 5524; x_wconf 88' lang='lat' dir='ltr'><strong>enim</strong></span> <span class='ocrx_word' id='word_1_821' title='bbox 2036 5466 2381 5536; x_wconf 89' lang='lat' dir='ltr'><strong>deprehensa</strong></span> <span class='ocrx_word' id='word_1_822' title='bbox 2438 5465 2540 5519; x_wconf 86' lang='lat' dir='ltr'><strong>fuit</strong></span> <span class='ocrx_word' id='word_1_823' title='bbox 2614 5461 2907 5524; x_wconf 82' lang='lat' dir='ltr'><strong>simulatio,</strong></span> <span class='ocrx_word' id='word_1_824' title='bbox 2980 5469 3033 5512; x_wconf 89' lang='lat' dir='ltr'><strong>et</strong></span> <span class='ocrx_word' id='word_1_825' title='bbox 3083 5457 3207 5513; x_wconf 89' lang='lat' dir='ltr'><strong>felis</strong></span> <span class='ocrx_word' id='word_1_826' title='bbox 3271 5458 3425 5511; x_wconf 68' lang='lat' dir='ltr'><strong>exuit</strong></span> 
     </span>
    </p>
   </div>
   <div class='ocr_carea' id='block_1_115' title="bbox 1843 5547 3425 5627">
    <p class='ocr_par' dir='ltr' id='par_1_115' title="bbox 1843 5547 3425 5627">
     <span class='ocr_line' id='line_1_115' title="bbox 1843 5547 3425 5627; baseline -0.008 -13"><span class='ocrx_word' id='word_1_827' title='bbox 1843 5560 2149 5627; x_wconf 81' lang='lat' dir='ltr'><strong>crocoton),</strong></span> <span class='ocrx_word' id='word_1_828' title='bbox 2172 5558 2327 5626; x_wconf 86' lang='lat' dir='ltr'><strong>jubet</strong></span> <span class='ocrx_word' id='word_1_829' title='bbox 2352 5565 2646 5625; x_wconf 79' lang='lat' dir='ltr'><strong>martyrem</strong></span> <span class='ocrx_word' id='word_1_830' title='bbox 2673 5553 2838 5623; x_wconf 77' lang='lat' dir='ltr'><strong>virgis</strong></span> <span class='ocrx_word' id='word_1_831' title='bbox 2898 5549 3177 5604; x_wconf 85' lang='lat' dir='ltr'><strong>verberari</strong></span> <span class='ocrx_word' id='word_1_832' title='bbox 3209 5547 3425 5617; x_wconf 82' lang='lat' dir='ltr'><strong>gravis-</strong></span> 
     </span>
    </p>
   </div>
   <div class='ocr_carea' id='block_1_116' title="bbox 1845 5637 3418 5718">
    <p class='ocr_par' dir='ltr' id='par_1_116' title="bbox 1845 5637 3418 5718">
     <span class='ocr_line' id='line_1_116' title="bbox 1845 5637 3418 5718; baseline -0.008 -12"><span class='ocrx_word' id='word_1_833' title='bbox 1845 5651 2019 5710; x_wconf 83' lang='lat' dir='ltr'><strong>simis.</strong></span> <span class='ocrx_word' id='word_1_834' title='bbox 2052 5649 2186 5705; x_wconf 87' lang='lat' dir='ltr'><strong>Cum</strong></span> <span class='ocrx_word' id='word_1_835' title='bbox 2214 5658 2394 5704; x_wconf 87' lang='lat' dir='ltr'><strong>autem</strong></span> <span class='ocrx_word' id='word_1_836' title='bbox 2430 5646 2594 5718; x_wconf 89' lang='lat' dir='ltr'><strong>virgis</strong></span> <span class='ocrx_word' id='word_1_837' title='bbox 2626 5661 2786 5711; x_wconf 68' lang='lat' dir='ltr'><strong>causa,</strong></span> <span class='ocrx_word' id='word_1_838' title='bbox 2856 5641 3041 5713; x_wconf 84' lang='lat' dir='ltr'><strong>plagas</strong></span> <span class='ocrx_word' id='word_1_839' title='bbox 3090 5639 3251 5695; x_wconf 90' lang='lat' dir='ltr'><strong>simul</strong></span> <span class='ocrx_word' id='word_1_840' title='bbox 3293 5637 3418 5693; x_wconf 83' lang='lat' dir='ltr'><strong>irri-</strong></span> 
     </span>
    </p>
   </div>
  </div>
