3970 6440
532 362 629 426 731

532 567 786 636 proponit
819 568 1040 636 quidem
1081 582 1264 625 serras
1295 582 1503 635 acutas,
1566 581 1623 626 et
1677 574 1879 627 ferreas
1931 584 2108 628 sarta-

529 658 724 727 gines!
758 657 922 713 Jubet
955 669 1138 714 autem
1168 661 1331 716 ferris
1362 663 1579 732 quidem
1616 664 1667 717 in
1727 664 1862 718 duas
1926 677 2109 735 partes

530 751 704 805 secari
734 766 935 821 corpus
965 754 1241 823 martyris,
1277 756 1643 826 sartaginibus
1676 772 1807 812 vero
1837 758 2109 812 dissectas

529 859 725 899 carnes
757 846 917 900 valde
939 846 1193 913 eliquari,
1225 856 1281 901 ut
1310 864 1479 917 usque
1509 849 1576 903 ad
1618 849 1730 919 ipsa
1760 865 1882 903 ossa
1912 850 2109 903 dissol-

530 946 791 991 verentur
819 937 871 989 in
913 938 1176 991 cinerem.
1209 938 1343 992 Cum
1403 950 1583 994 autem
1640 956 1805 994 serra:
1875 942 2110 995 adduce-

531 1040 724 1083 rentur
752 1029 817 1083 ad
854 1044 1053 1098 corpus
1080 1030 1366 1100 virginale,
1403 1033 1633 1100 perinde
1662 1044 1825 1102 atque
1880 1034 1925 1088 si
1974 1034 2108 1088 ada-

530 1115 828 1169 mantinam
857 1117 1096 1185 aliquam
1138 1126 1424 1188 tangerent
1491 1122 1797 1184 materiam,
1857 1123 1937 1178 eis
1982 1127 2107 1193 qui-

528 1208 648 1260 dem
684 1206 1088 1260 obtundebatur
1113 1206 1281 1266 acies.
1314 1217 1367 1261 et
1396 1209 1617 1263 secandi
1696 1210 1745 1263 vi
1810 1212 2105 1281 privaban-

531 1308 653 1361 tur;
692 1298 834 1367 ignis
871 1306 1051 1351 autem
1084 1300 1561 1367 exstinguebatur,
1637 1310 1691 1354 et
1748 1314 1951 1374 martyr
1982 1320 2107 1359 con-

528 1389 1052 1442 servabaturillaesa.
1092 1388 1199 1442 Sed
1232 1389 1364 1456 quid
1397 1391 1511 1443 haec
1558 1391 1625 1445 ad
1687 1393 1948 1457 animam,
1985 1411 2106 1464 qua:

526 1488 733 1533 estsna
759 1489 955 1547 sponte
987 1479 1175 1542 surda,
1211 1489 1267 1532 et
1323 1495 1429 1532 non
1498 1492 1677 1550 potest
1732 1484 1897 1537 ullam
1960 1487 2104 1555 piam

530 1572 812 1641 suscipere
843 1572 1236 1639 cogitationem
1272 1572 1293 1625 ?
1335 1571 1544 1627 Etenim
1590 1589 1713 1627 cum
1748 1576 1861 1628 hare
1890 1577 2101 1643 ﬁerent,

528 1666 748 1718 Priscus
788 1663 929 1716 idem
965 1679 1088 1717 esse
1122 1666 1382 1733 pergebat
1413 1676 1469 1718 ct
1495 1682 1604 1718 non
1638 1668 1887 1721 cessabat
1914 1668 2105 1723 adver-

525 1771 620 1812 sus
656 1756 823 1810 Deum
849 1754 1048 1807 bellum
1082 1770 1294 1822 gerere.
1329 1756 1459 1807 Nam
1490 1756 1579 1809 lux
1607 1772 1845 1825 quoque,
1872 1774 1991 1828 qua:
2020 1770 2105 1815 est

527 1848 703 1901 amica
740 1847 1017 1901 omnibus.
1055 1861 1163 1898 non
1204 1854 1285 1899 est
1319 1847 1517 1909 amica,
1552 1850 1646 1901 sed
1682 1848 1901 1904 inimica
1948 1853 2105 1923 aegris

522 1938 715 1994 oculis.
750 1938 1113 2003 Quamobrem
1149 1953 1341 1991 rursus
1378 1938 1631 2007 producit
1658 1941 1708 1992 in
1743 1943 1976 1996 stadium
2014 1946 2106 1998 be-

525 2028 794 2087 nediclam
813 2028 1190 2096 Euphemiam,
1209 2028 1425 2093 etjubet
1445 2044 1561 2081 eam
1579 2032 1857 2085 decertare
1877 2050 1997 2087 cum
2017 2037 2106 2093 be-

524 2121 666 2176 stiis.
702 2121 795 2174 llla
842 2132 1047 2183 autem,
1090 2128 1148 2172 ut
1178 2136 1295 2189 quze
1322 2120 1465 2188 quod
1505 2138 1611 2175 non
1654 2124 1818 2181 citius
1848 2126 1914 2180 ad
1946 2143 2103 2181 suum

527 2213 1131 2284 sponsumexcedcret,
1198 2213 1291 2266 sed
1352 2214 1563 2267 vincula
1622 2218 1871 2285 corporis
1929 2220 2105 2274 adhuc

525 2305 716 2365 ferret,
753 2319 893 2370 aegre
922 2302 1125 2365 ferens,
1166 2317 1361 2355 manus
1412 2304 1595 2363 simul,
1639 2314 1693 2357 et
1735 2317 1995 2370 mentem,
2052 2321 2105 2362 et

523 2397 714 2450 oculos
750 2396 944 2448 tollens
973 2395 1039 2446 ad
1060 2392 1339 2446 Christum
1375 2413 1385 2447 :
1443 2396 1691 2455 Domine.
1750 2400 1947 2468 inquit,
1984 2415 2105 2455 om-

525 2490 609 2539 nis
645 2486 1002 2554 principatus,
1055 2485 1344 2538 ostendisti
1415 2485 1469 2539 in
1523 2503 1609 2541 me
1652 2497 1797 2543 tuam
1849 2492 2103 2548 invictam

524 2580 846 2647 potentiam,
882 2587 936 2630 et
980 2576 1262 2630 dexteram
1318 2578 1792 2647 ineXpugnabilem
1826 2601 1840 2647 ;
1881 2587 2101 2654 arguisti

521 2672 829 2725 daemonum
887 2667 1338 2731 imbecillitatem,
1386 2676 1736 2737 tyrannorum
1778 2678 2101 2744 amentiam;

523 2775 611 2814 tne
646 2760 931 2813 tormentis
966 2768 1019 2812 et
1057 2760 1226 2829 plagis
1282 2760 1509 2815 eﬁecisti
1563 2763 1882 2828 fortiorem;
1960 2786 2106 2828 nunc

524 2867 744 2919 quoque
804 2852 946 2904 sicut
1006 2866 1197 2903 eorum
1273 2851 1365 2919 qui
1410 2867 1837 2920 praecesserunt,
1898 2862 2104 2915 caedem

526 2942 813 3010 suscepisti
841 2950 895 2996 et
936 2942 1282 3010 sanguinem,
1354 2958 1533 2996 meum
1596 2960 1812 3015 quoque
1889 2953 2106 3021 suscipe

524 3035 850 3089 sacriﬁcium
882 3034 935 3086 in
965 3034 1145 3087 anima
1182 3033 1421 3089 contrita
1464 3036 1560 3090 tibi
1615 3037 1879 3105 oblatum,
1948 3054 2003 3098 et
2050 3045 2103 3098 in

1762 377 2044 438 MENSIS
2085 378 2558 451 SEPTEMBER.

531 480 688 532 deret
724 484 779 530 et
813 484 1126 547 tyrannum,
1165 477 1210 533 is
1246 477 1314 533 ad
1348 477 1609 548 majorem
1662 480 1793 535 iram
1824 498 2107 550 accensus,

2216 490 2441 560 πληγῶν
2497 494 2614 565 ἅμα
2674 499 2893 556 καὶτοῦ
2928 505 3193 569 τυράννου

3682 414 3784 475 732

3241 528 3370 564 κατε
3380 518 3607 584 μωκᾶτο
3653 524 3781 591 πρὸς

2213 581 2431 684 πλείονα
2457 588 2557 658 τὴν
2580 590 2752 662 ὀργὴν
2780 588 2937 659 οὗτος
2974 581 3391 673 ἁνακαιὸμενος,
3426 612 3658 678 πρίονας

2212 676 2538 748 προτίθησιν
2591 683 2756 751 ὀξεῖς,
2796 689 2890 740 καὶ
2951 691 3143 761 σιδηρᾶ
3190 703 3429 763 τήγανα.
3466 676 3699 757 Κελεύει
3730 708 3782 759 δὲ

2210 768 2322 829 τοῖς
2350 768 2448 837 μὲν
2476 773 2663 840 πρίοσι
2709 776 3016 847 διχοτομεῖν
3052 784 3109 835 τὸ
3142 786 3299 854 σῶμα
3348 794 3447 858 τῆς
3484 793 3783 863 μάρτυρος,

2211 861 2323 920 τοῖς
2352 862 2609 931 τηγάνοις
2638 866 2694 919 δὲ
2725 868 2793 921 τά
2834 870 3270 945 διχοτομούμενα
3294 881 3402 932 τῶν
3450 861 3784 953 σαρκῶν-ἐκέ-

2208 950 2396 1017 τήκειν
2426 954 2569 1021 μάλα
2607 959 2875 1029 σφοδρῶς,
2895 962 2969 1025 ὡς
2999 966 3183 1029 αὐτοῖς
3216 969 3429 1033 ὀστέοις
3468 976 3554 1038 είς
3594 980 3783 1033 σποδὶν

2212 1039 2451 1098 λύεσθαι.
2486 1048 2643 1101 Ἐπεὶ
2688 1049 2744 1102 δὲ
2802 1056 2849 1105 οί
2892 1056 3113 1125 πρίονες
3146 1061 3225 1129 τῷ
3279 1065 3599 1135 παρθενικῷ
3656 1071 3783 1137 ἐπή-

2208 1152 2366 1203 γοντο
2402 1139 2639 1207 σώματι,
2665 1138 2753 1195 οἷα
2792 1144 2849 1209 δή
2879 1162 3025 1210 τινος
3054 1150 3435 1222 ἀδαμαντίνης
3487 1158 3783 1227 ἁπτόμενοι

2209 1227 2443 1293 φύσεως,
2466 1230 2619 1282 αὐτοὶ
2651 1233 2751 1301 μὲν
2783 1235 3125 1303 ἡμὸλύνοντο
3149 1242 3245 1302 τὰς
3288 1245 3613 1310 ἀκ;ιας,κα“ι
3648 1250 3786 1320 ἀφῃ-

2211 1319 2399 1387 ροῦντο
2430 1322 2529 1391 τὴν
2549 1327 2822 1395 τμητικὴν
2853 1326 3116 1399 δύναμιν·
3149 1334 3207 1385 τὸ
3236 1334 3346 1403 πῦρ
3378 1336 3431 1387 δὲ
3472 1319 3781 1397 ὲσῦἐννυτο.

2208 1417 2303 1468 καὶ
2357 1418 2388 1486 ἡ
2433 1418 2642 1489 μάρτυς
2674 1420 2893 1490 ἀπαθὴς
2958 1424 3269 1489 διεσώζετο.
3335 1432 3497 1484 Ἀλλά
3532 1434 3586 1483 τί
3619 1434 3784 1487 ταῦτα

2207 1507 2341 1575 πρὸς
2371 1510 2817 1578 ὲθελοκωφοῦσαν
2847 1516 3046 1584 ψυχὴν,
3069 1522 3161 1569 καὶ
3206 1520 3444 1585 διανοίας
3484 1525 3666 1590 πάσης
3700 1527 3783 1576 5'3-

2208 1598 2398 1661 σεῦοῦς
2436 1602 2846 1671 ἀπαράδεκτονς
2880 1607 2988 1657 Καὶ
3034 1611 3239 1661 τούτων
3281 1614 3387 1679 γὰρ
3463 1617 3781 1682 γινομένων,

2206 1693 2233 1744 ὁ
2263 1691 2498 1759 Πρίσκος
2532 1694 2610 1746 ἔτι
2650 1696 2756 1748 τῶν
2794 1699 2973 1751 αὐτῶν
3021 1701 3214 1768 εἴχετο,
3248 1706 3336 1756 καὶ
3368 1706 3457 1756 τοῦ
3496 1707 3787 1776 θεομαχεῖν

2210 1782 2306 1833 οὐκ
2336 1782 2621 1851 ἀφίστατο.
2670 1786 2820 1839 Ἐπεὶ
2852 1791 2943 1841 καὶ
2974 1792 3033 1843 τδ
3059 1793 3210 1859 φίλον
3238 1797 3367 1847 πᾶσι
3398 1797 3513 1861 φῶς
3540 1799 3785 1850 νοςοῦσιν

2208 1871 2499 1941 ὀφθαλμοῖς
2530 1877 2590 1926 οὐ
2626 1876 2796 1943 φίλον,
2843 1881 2977 1933 ἀλλά
3027 1885 3301 1951 πολέμιον.
3363 1886 3528 1939 Ὅθεν
3585 1892 3662 1951 εἰς
3732 1892 3789 1940 τὸ

2210 1963 2423 2013 στάδιον
2452 1964 2611 2017 πάλιν
2638 1967 2734 2036 τὴν
2758 1971 3116 2040 πανεύφημον
3150 1975 3298 2040 ἄγει,
3320 1978 3415 2036 ,καὶ
3443 1980 3579 2046 πρὸς
3622 1979 3785 2049 θηρία

2209 2050 2507 2106 πυκτεῦσαι
2544 2056 2933 2111 διακελεύεται.
2970 2058 3036 2112 Ἢ
3060 2061 3136 2126 δὲ,
3162 2062 3350 2133 ὥσπερ
3380 2066 3456 2132 τῷ
3489 2067 3563 2134 μὴ
3606 2068 3787 2136 τάχιον

2207 2142 2513 2212 ἐκδημῆσαι
2538 2148 2671 2216 πρὸς
2708 2149 2797 2201 τὸν
2849 2151 3017 2218 αὐτῆς
3070 2154 3322 2222 νυμφίον,
3356 2155 3490 2207 ἀλλά
3518 2158 3587 2207 τὰ
3617 2158 3788 2221 δεσμά

2205 2232 2300 2284 τιλῦ
2333 2234 2581 2304 σώματος
2612 2239 2688 2290 ἔτι
2717 2240 2902 2309 φέρειν
2935 2243 3301 2314 βαρυνομένη,
3324 2249 3514 2317 χεῖρας
3541 2250 3661 2317 ἄμα
3694 2250 3787 2300 καὶ

2209 2326 2409 2392 φρένας
2438 2331 2530 2379 καὶ
2568 2329 2791 2398 ὄμματα
2822 2333 2955 2401 πρὸς
2988 2334 3221 2401 Χριστὸν
3279 2337 3479 2405 ἄρασα,
3513 2340 3788 2405 Δέσποτα,

2209 2416 2332 2483 ἔψη,
2358 2418 2450 2469 καὶ
2476 2418 2643 2488 Κύριε
2670 2420 2848 2489 πάσης
2881 2422 3073 2490 ἀρχῆς,
3099 2423 3304 2487 ἔδειξας
3331 2427 3387 2477 ἐν
3413 2428 3539 2494 ἐμοὶ
3558 2429 3662 2495 τὴν
3693 2430 3789 2496 σὴν

2206 2507 2474 2576 ἀήττητόν
2526 2526 2581 2561 τε
2615 2512 2707 2562 καὶ
2739 2510 2950 2579 ἄμαχον
3006 2512 3185 2576 δεξιάν
3208 2530 3219 2542 ·
3248 2516 3478 2585 ήλεγξας
3512 2518 3788 2587 δαιμόνων

2206 2600 2509 2664 ἀσθένειαν,
2564 2602 2918 2671 ἰσχυροτέραν
2972 2606 3068 2673 ἐμὲ
3124 2606 3369 2674 βασάνων
3416 2610 3512 2661 καὶ
3563 2611 3789 2678 πληγῶν

2211 2692 2662 2762 παρεσκεύασας·
2709 2694 2800 2744 καὶ
2830 2692 2922 2745 νῦν
2952 2692 3025 2757 ὡς
3062 2696 3367 2765 προσεδέξω
3398 2699 3509 2750 τῶν
3549 2700 3793 2768 φθασάνο

2206 2800 2314 2839 των
2350 2786 2449 2855 ἤδη
2481 2787 2774 2856 μαρτύρων
2806 2787 2902 2848 τὰς
2946 2790 3161 2856 σφαγὰς
3193 2792 3285 2842 καὶ
3331 2790 3399 2843 τὰ
3432 2793 3672 2861 αἵματα,
3698 2794 3791 2846 καὶ

2208 2875 2301 2947 τὴν
2338 2876 2477 2946 ἐμὴν
2504 2877 2795 2947 πρὸσδεξαι
2827 2876 3039 2941 θυσίαν,
3065 2879 3122 2929 ὲν
3162 2879 3307 2948 ψυχῇ
3338 2882 3787 2951 συντετριμμένῃ

2209 2968 2302 3020 καὶ
2342 2969 2611 3037 πνεύματι
2641 2968 3022 3029 ταπεινώσεως
3055 2986 3137 3020 σοι
3182 2972 3667 3043 προσφερομένην,
3692 2973 3791 3024 καὶ

2211 3062 2434 3130 σκηναῖς
2462 3060 2631 3127 ἁγίων
2656 3062 2745 3113 καὶ
2779 3060 3073 3132 μαρτύρων
3102 3066 3279 3131 χοροῖς
3310 3064 3405 3135 τὴν
3428 3064 3571 3136 ἐμὴν
3610 3065 3792 3135 ψυχὴν

526 3127 723 3196 spiritu
760 3126 1087 3181 humilitatis
1121 3144 1134 3193 ;
1163 3135 1215 3180 et
1252 3127 1309 3180 in
1368 3127 1737 3185 tabernaculis
1794 3145 2104 3191 sanctorum

2213 3126 2532 3222 προσλαϐὼν
2583 3126 2894 3206 ἀνάπαυσον
2918 3166 2932 3182 ⁸
2965 3126 3047 3207 δτι
3099 3126 3387 3225 ἔύλογητὸς
3441 3126 3495 3210 εἷ
3524 3126 3638 3220 ἐίς
3664 3126 3792 3218 τούς

523 3227 579 3273 et
612 3218 797 3273 eboris
837 3227 1137 3287 martyrum
1168 3233 1345 3273 meam
1401 3234 1679 3292 acceptam
1744 3226 1977 3281 animam
2020 3229 2105 3285 lac

523 3309 887 3380 requiescere,
937 3310 1195 3378 quoniam
1222 3325 1282 3365 es
1342 3311 1663 3368 benedictus
1706 3316 1758 3369 in
1796 3321 2016 3373 saecula.

598 3400 740 3455 XVI.
790 3398 865 3455 Ea
924 3401 1005 3455 sic
1062 3413 1346 3471 precante,
1408 3406 1465 3459 in
1535 3407 1707 3477 ipsam
1738 3410 2108 3467 immittuntur

525 3503 764 3564 quatuor
796 3496 1007 3559 leones,
1044 3506 1096 3550 et
1128 3505 1237 3550 tres
1269 3513 1434 3551 ursae.
1472 3498 1603 3564 Quae
1634 3489 1851 3556 divisim
1888 3515 1943 3559 et
1980 3522 2107 3576 pre-

524 3602 618 3640 ces
651 3586 796 3637 illius
846 3586 1131 3640 exauditas
1165 3586 1354 3654 fuisse,
1398 3599 1452 3642 et
1488 3606 1742 3660 magnum
1796 3610 1825 3645 a
1885 3598 1991 3651 Deo
2027 3601 2109 3653 fa-

523 3687 673 3732 ctum
710 3676 764 3729 iu
796 3691 857 3731 ea
880 3677 1199 3733 miraculum
1230 3681 1761 3737 ostenderunt.Nam
1786 3686 1968 3741 leones
1986 3690 2108 3757 qui-

523 3770 647 3825 dem
673 3768 867 3823 etduaa
899 3784 1059 3834 υνδερ,
1090 3781 1249 3824 caute
1280 3774 1444 3826 simul
1476 3784 1863 3833 etreverenter
1894 3784 1957 3835 ad
1987 3761 2112 3836 eam

525 3862 873 3926 accedentes,
911 3862 1123 3930 plautas
1151 3863 1272 3932 ejus
1297 3865 1494 3933 pedum
1543 3868 1779 3922 humane
1830 3873 2110 3927 deoscula-

528 3955 730 4008 hantur
761 3973 773 4017 ;
816 3954 978 4007 tertia
1001 3971 1131 4008 vero
1158 3971 1224 4009 ex
1265 3957 1429 4022 ursis,
1489 3974 1613 4012 cum
1666 3974 1858 4029 parum
1890 3964 2107 4032 quidem

527 4043 917 4099 tuomordisset
956 4046 1332 4108 carunculam,
1368 4047 1564 4102 vulnus
1620 4050 1839 4118 quidem
1898 4069 2110 4123 nequa-

526 4149 692 4203 quam
725 4134 875 4198 fccit,
913 4134 1016 4188 fuit
1048 4144 1230 4189 tamen
1262 4138 1481 4191 occasio
1508 4140 1625 4208 ejus
1672 4142 1739 4194 ad
1783 4142 1951 4196 Deum
2012 4147 2110 4200 de-

530 4239 721 4280 cessus
750 4236 904 4280 sexto
931 4226 1144 4279 decimo
1169 4228 1527 4296 Septembris.
1578 4229 1689 4285 Vox
1720 4242 1900 4287 autem
1938 4250 1967 4290 e
2000 4252 2110 4291 cm-

530 4321 593 4372 lis
627 4334 910 4382 resonans,
939 4319 1313 4373 admirabilem
1370 4323 1595 4377 vocabat
1653 4325 2010 4393 Euphemiam
2043 4333 2108 4385 ad

528 4410 711 4464 divina
740 4410 1089 4463 tabernacula
1125 4428 1139 4462 :
1174 4419 1431 4475 Accurre,
1465 4412 1676 4477 dicens,
1725 4416 1793 4469 ad
1857 4418 2098 4473 datorem

2206 3246 2432 3306 αἰῶνας.

2280 3419 2397 3489 ις’.
2423 3421 2581 3475 υῦτω
2609 3424 3072 3493 προσευχομένης,
3099 3424 3422 3492 ὲπαφίενται
3454 3422 3633 3494 ταύτῃ
3662 3423 3793 3474 τέσ-

2209 3530 2375 3586 σαρες
2406 3516 2505 3585 μὲν
2542 3514 2774 3580 λέοντες,
2804 3516 2993 3587 ἄρκτοι
3030 3518 3087 3570 δὲ
3111 3519 3279 3589 τρεῖς.
3307 3517 3629 3588 Περίζονται
3659 3516 3794 3583 γοῦν

2207 3610 2276 3661 τὰ
2306 3608 2468 3678 θηρία
2498 3611 2598 3680 τὴν
2638 3609 2802 3679 εὐχήν
2834 3627 2892 3662 τε
2924 3610 3038 3680 ἅμα
3078 3611 3172 3664 καὶ
3202 3610 3263 3664 τὸ
3301 3610 3486 3679 θαῦμα
3516 3611 3619 3678 τῆς
3648 3611 3795 3677 μάρ-

2209 3715 2389 3768 τυρος·
2438 3703 2529 3752 καὶ
2564 3702 2613 3751 οἱ
2670 3703 2768 3769 μὲν
2816 3701 3022 3762 λέοντες
3074 3702 3169 3753 καὶ
3195 3702 3302 3752 τῶν
3351 3703 3571 3771 ἄρκτων
3606 3704 3664 3754 al
3696 3703 3792 3756 δύο

2210 3790 2452 3853 εὐλαῦὦς
2511 3788 2628 3860 ἅμα
2664 3793 2755 3843 καὶ
2797 3792 3176 3860 πεφεισμένως
3223 3791 3512 3858 ὲγγίσασαι
3547 3790 3615 3848 τὰ
3664 3793 3788 3863 ἴχνη

2208 3880 2410 3951 ταύτης
2431 3880 2790 3949 ἀνθρωπικῶς
2827 3882 3172 3950 κατεφίλουνο
3198 3884 3295 3952 μία
3334 3883 3391 3935 δὲ
3419 3882 3528 3935 τῶν
3566 3884 3791 3953 ἄρκτων

2211 3973 2512 4027 ὲνδακοῦσά
2574 3991 2677 4025 που
2723 3975 2816 4026 τοῦ
2847 3974 3096 4042 σαρκίου,
3136 3974 3348 4044 πληγὴν
3394 3976 3491 4043 μὲν
3533 3975 3794 4044 ἐνέτεμεν

2211 4067 2481 4135 οὐδαμῶς,
2512 4070 2733 4139 ἀφορμὴ
2787 4069 2841 4122 δὲ
2891 4070 3041 4137 ὅμως
3091 4068 3281 4137 γέγονε
3326 4066 3424 4137 τῆς
3476 4065 3611 4137 πρὸς
3655 4067 3797 4119 θεὸν

2213 4157 2382 4229 αὐτῆς
2411 4160 2695 4228 ἐκδημίας,
2720 4162 2887 4233 ἕκτην
2928 4164 3020 4214 ἐπὶ
3045 4162 3249 4231 δεκάτῃ
3268 4160 3384 4214 τότε
3420 4160 3514 4212 τοῦ
3540 4161 3714 4213 Σεπτε
3725 4178 3797 4230 μ-

2213 4250 2366 4322 ϐρίου
2421 4250 2587 4321 μηνὸς
2644 4252 2889 4317 ἄγοντος.
2952 4254 3106 4322 Φωνὴ
3173 4254 3468 4323 οὐρανόθεν
3538 4254 3796 4320 ἀπηχου-

2216 4345 2351 4412 μένη
2372 4346 2469 4413 την
2500 4342 2819 4413 θαυμαστὴν
2843 4343 3024 4398 ἐκάλει
3072 4346 3209 4416 πρὸς
3263 4344 3362 4407 τὰς
3402 4343 3551 4407 θείας
3612 4342 3792 4405 αὐλὰς

2216 4436 2525 4505 Εὑφημίαν,
2544 4436 2864 4506 Ἀνάδραμε,
2890 4434 3140 4505 λέγουσα,
3172 4437 3306 4507 πρὸς
3328 4437 3419 4489 τὸν
3444 4436 3793 4503 πεφοῶτην,

531 4513 880 4563 coronarum,
936 4515 1056 4566 qum
1109 4500 1397 4567 pulchrum
1457 4514 1733 4558 certamen
1794 4506 2106 4574 dccertasti,

2214 4530 2244 4598 ή
2283 4500 2569 4581 {Mam
2609 4500 2795 4597 ἀγῶνα
2827 4500 3176 4598 ηγωνισμὲνη
3205 4500 3300 4581 καὶ
3334 4530 3423 4580 τὸν
3450 4500 3654 4596 δρόμον
3686 4500 3791 4598 ήδη

532 4600 584 4645 et
607 4590 719 4659 jam
760 4605 980 4648 cursum
1036 4591 1339 4657 perfecisti,
1400 4607 1691 4663 acceptura
1736 4601 1955 4666 praemia
1994 4613 2113 4656 tuo-

534 4697 655 4735 rum
690 4681 1074 4735 certaminum.
1126 4680 1270 4736 Voce
1301 4683 1480 4737 adhuc
1521 4696 1834 4749 resonante,
1889 4706 2114 4762 magnus

535 4782 878 4841 terrmmotus
903 4777 1299 4842 conquassabat
1328 4779 1629 4847 civitatem,
1650 4792 1703 4836 et
1732 4785 1923 4853 magis,
1954 4801 2114 4854 quam

538 4864 671 4918 ullas
701 4880 786 4918 res
810 4876 1045 4930 creatas,
1078 4870 1244 4921 corda
1307 4886 1497 4924 eorum
1564 4875 1655 4941 qui
1717 4876 2111 4933 inhabitabant.

534 4954 690 5010 Unde
721 4958 883 5009 etiam
913 4958 1057 5012 illius
1089 4973 1344 5028 parentes
1401 4965 1822 5032 oportunitatem
1878 4971 2022 5023 nacti
2064 4982 2117 5024 et

537 5055 891 5116 potestatem,
929 5062 1037 5099 neu
1069 5050 1288 5114 ﬁentes,
1321 5053 1416 5107 sed
1474 5054 1745 5120 lactantes,
1802 5057 1934 5112 illud
1976 5074 2117 5111 mar—

536 5143 766 5209 tyricum
793 5149 848 5193 et
884 5141 1187 5209 pretiosum
1218 5160 1440 5213 corpus,
1463 5162 1570 5199 non
1594 5148 1820 5203 aliorum
1843 5152 2113 5217 manibus,
2178 5170 2181 5173 λ

537 5235 633 5287 sed
671 5235 787 5288 suis
812 5236 1125 5298 credentes,
1164 5236 1215 5286 in
1250 5237 1370 5290 loco
1426 5241 1661 5308 quodam
1704 5257 1810 5294 non
1877 5246 2113 5309 prnClll'a

538 5314 760 5380 civitate
781 5327 1148 5390 Chalcedone,
1181 5328 1477 5384 honoriﬁce
1505 5332 1671 5386 simul
1703 5343 1756 5387 et
1826 5334 1911 5402 pie
1962 5350 2117 5404 sepe-

542 5418 747 5471 lierunt
774 5432 789 5469 :
824 5420 1107 5483 pulchram
1148 5420 1483 5490 accipientes
1506 5426 1809 5480 mercedem
1837 5427 1957 5496 ejus
1992 5431 2117 5483 edu-

541 5510 795 5575 cationis,
828 5514 969 5578 quod
1005 5513 1319 5569 diceremur
1350 5524 1533 5584 patres
1563 5518 1681 5571 talis
1710 5520 1853 5578 ﬁlice.
1911 5531 1966 5575 et
2019 5523 2118 5576 da—

547 5614 669 5657 rent
690 5606 801 5659 Deo
828 5604 1094 5666 fructum,
1128 5606 1514 5662 benedictione
1541 5615 1595 5661 et
1621 5608 1895 5666 oblatione
1926 5614 2116 5681 quavis

546 5696 1215 5759 sacratiorem.Qnoniam
1274 5711 1397 5751 eum
1460 5701 1618 5755 decet
1690 5704 1863 5758 onmis
1920 5707 2112 5772 honor,

548 5789 717 5862 gloria
750 5798 804 5843 ct
829 5789 1073 5845 adoratio
1112 5789 1161 5843 iu
1198 5793 1413 5847 saecula.
1446 5794 1638 5849 Amen.

2213 4618 2503 4681 τελέσασα,
2532 4620 2601 4671 τὰ
2632 4618 2740 4670 τῶν
2772 4618 2998 4685 ἀγώνων
3025 4619 3163 4685 γέρα
3196 4634 3289 4670 σου
3337 4618 3639 4687 ληψομένη.
3668 4618 3795 4669 Ἔτι

2214 4708 2314 4777 τῆς
2341 4709 2524 4776 φωνῆς
2555 4710 2689 4775 ἠχου
2700 4707 2891 4775 μένης,
2914 4710 3006 4758 καὶ
3047 4709 3271 4777 σεισμὸς
3298 4710 3471 4777 μέγας
3501 4709 3673 4760 ὲδόνει
3694 4708 3798 4773 τὴν

2216 4798 2394 4863 πόλιν,
2419 4796 2511 4848 καὶ
2548 4795 2748 4865 μᾶλλον
2777 4795 2809 4866 ἢ
2841 4796 2908 4848 τὰ
2941 4796 3218 4863 κτίσματα
3268 4798 3366 4860 τάς
3403 4797 3632 4867 καρδίας
3687 4797 3799 4851 τῶν

2216 4887 2636 4942 κατοικούντων.
2661 4887 2825 4939 Ὅθεν
2849 4889 2942 4940 καὶ
2964 4889 3013 4939 οί
3040 4890 3137 4956 τῆς
3157 4890 3413 4955 γενναίας
3438 4890 3643 4958 ταύτης
3668 4906 3799 4958 γεν-

2215 4985 2460 5050 νήτορες,
2488 4976 2575 5031 οἶα
2607 4980 2800 5049 καιροῦ
2846 4982 2941 5032 καὶ
2988 4980 3171 5041 ἁδείας
3218 4981 3637 5049 ἐπειλημμένοι,
3679 4981 3799 5033 ούτι

2217 5074 2515 5138 κλαίοντες,
2568 5073 2703 5125 ἀλλὰ
2762 5074 3070 5143 χαίροντες,
3112 5074 3172 5126 τὸ
3223 5072 3563 5144 μαρτυρικὸν
3618 5076 3803 5127 ἐκεῖνο

2217 5168 2311 5219 καὶ
2334 5166 2630 5235 πολύτιμον
2671 5168 2832 5235 σῶμα
2866 5169 3053 5236 χερσὶν
3104 5167 3205 5220 οὐκ
3254 5166 3431 5219 ἄλλων
3478 5168 3619 5219 ἀλλά
3679 5172 3803 5231 ταῖς

2217 5260 2444 5321 οἰκείαις
2480 5258 2887 5324 πιστεύσαντες,
2912 5261 2970 5311 ὲν
3009 5259 3157 5328 τόπῳ
3195 5265 3303 5309 τινὶ
3337 5260 3399 5308 οὐ
3437 5260 3659 5329 μακρὰν
3686 5261 3801 5312 ὄντι

2217 5353 2312 5420 τῆς
2348 5352 2555 5413 πόλεως
2601 5350 2943 5419 Χαλκηδόνος
2975 5351 3213 5419 ἐντίμως
3261 5348 3378 5418 ἅμα
3410 5352 3505 5401 καὶ
3553 5352 3800 5411 εὐλαόως

2218 5442 2622 5506 κατατίθενται,
2673 5442 2813 5494 καλὰ
2843 5444 3066 5510 τροφεῖα
3094 5440 3296 5511 ταύτης
3332 5444 3707 5503 ἀπολαϐόντες
3741 5443 3803 5492 τὸ

2218 5514 2408 5576 παιδὸς
2439 5514 2696 5580 τοιαύτης
2747 5513 2981 5565 ἀκοῦσαι
3013 5514 3247 5581 πατέρες
3308 5516 3402 5564 καὶ
3449 5514 3635 5566 δοῦναι
3683 5512 3803 5579 Θεῷ

2223 5602 2433 5672 καρπὸν
2475 5604 2746 5671 εὐλογίας,
2778 5603 2871 5655 καὶ
2901 5604 3080 5672 πάσης
3113 5606 3429 5674 προσφορᾶς
3479 5604 3798 5671 ἱερώτατον,

2220 5700 2299 5750 ὅτι
2342 5697 2489 5767 αὐτῷ
2534 5698 2735 5768 πρέπει
2774 5698 2921 5749 πᾶσα
2950 5698 3096 5764 δόξα,
3126 5698 3258 5769 τιμὴ
3294 5702 3388 5751 καὶ
3427 5695 3801 5765 προσκύνησις

2223 5797 2300 5857 εἰς
2326 5793 2448 5857 τοὺς
2486 5794 2704 5854 αίώνας.
2737 5796 2925 5863 Ἀμήν.
