3970 6444
496 383 602 447 735
1747 379 2035 442 MENSIS
2074 378 2547 443 SEPTEMBER.
3689 388 3789 453 736

496 495 684 567 queris
706 489 1069 564 religionem?
1100 491 1221 547 Jam
1242 489 1466 561 quidem
1492 490 1625 558 dixi,
1647 492 1825 563 inquit
1850 490 2061 561 Trophi

2219 494 2383 546 οιειαν
2402 492 2565 565 ςἭδη
2593 491 2714 565 μὲν,
2740 493 2907 566 φησὶν
2926 494 2955 550 6
2977 496 3278 568 Τρόφιμος,
3298 492 3477 563 εἷπον,
3506 497 3589 553 ἔτι
3614 498 3787 568 σαφέο

497 604 640 643 mus.
668 585 775 641 Sed
819 584 945 639 audi
976 584 1158 640 adhuc
1186 584 1433 654 apertius
1485 602 1499 634 :
1543 582 1675 639 Sum
1720 583 2065 640 Christianus

2217 600 2391 655 rrepov
2453 585 2622 639 ἄκουε
2652 600 2669 616 ’
2718 588 3050 658 Χριστιανός
3091 590 3231 659 ειμι,
3281 591 3528 660 Χριστοῦ
3580 590 3785 657 δοῦλος,

496 679 701 737 Christi
752 693 979 743 servus;
1022 686 1078 732 et
1114 677 1327 731 utinam
1364 675 1569 732 Christi
1626 690 1802 732 essem
1845 678 2064 732 victima

2215 675 2435 747 ιριστοῦ
2464 678 2695 747 σφάγιον
2725 679 2937 748 γένοιτό
2963 698 3053 751 μοι
3075 683 3087 735 1
3127 680 3187 735 '0
3210 681 3291 748 δὲ,
3313 683 3475 747 Ξένος
3493 681 3567 746 εῐ,
3597 683 3783 751 φησὶν,

497 771 590 827 Ille
618 779 801 825 autem
830 787 845 824 :
885 769 1168 840 Hospesne
1191 785 1271 835 es,
1310 769 1505 838 inquit,
1543 785 1613 824 an
1663 769 1961 841 indigena?
1990 771 2065 826 llo

2223 791 2227 838 ι
2281 768 2611 840 ὶπιχώριος;
2645 771 2826 836 Ξένος,
2852 774 2882 826 6
2932 770 3028 827 τοῦ
3079 772 3288 841 κόσμου
3331 772 3511 838 ξένος,
3554 775 3629 836 ὡς
3661 774 3791 843 ἀλη-

444 850 455 857 ’
496 875 644 929 spes,
676 861 767 930 qui
796 868 915 914 erat
944 875 1073 914 vere
1100 860 1284 913 mundi
1314 860 1536 929 hospes.
1574 862 1875 930 respondit.
1931 860 2012 924 Le;

2221 860 2331 927 ιῶς,
2387 862 2748 932 ἀπεκρίνατο.
2824 863 3121 933 ’Ᾱνέγνως,
3178 860 3335 918 εἶπεν
3369 868 3395 918 6
3436 866 3648 935 ἄρχων,
3682 868 3711 920 ὅ
3741 882 3789 918 τι

495 951 585 1017 sti,
621 950 818 1021 inquit,
854 966 1218 1021 praeses,quae
1244 952 1589 1021 imperatoria
1617 953 1863 1007 decrevit
1892 962 2058 1023 poten

2223 955 2480 1010 laotltxbv
2509 956 2765 1010 ἐθέσπισε
2804 958 3038 1027 κράτος;
3087 958 3381 1025 Ἀνέγνων,
3404 977 3478 1027 φη
3490 960 3579 1011 σὶν
3608 960 3636 1010 6
3656 959 3791 1027 Τρό-

498 1044 611 1099 tia?
640 1044 791 1115 Legi,
828 1046 1004 1113 inquit
1039 1044 1403 1115 Trophimus;
1420 1046 1513 1100 sed
1537 1047 1653 1101 hac
1684 1044 1823 1100 nihil
1850 1046 1915 1100 ad
1948 1061 2049 1101 nos

2223 1064 2386 1117 ιιμος,
2418 1047 2533 1101 ἀλλ’
2566 1046 2721 1100 οὐδὲν
2766 1047 2940 1101 ταῦτα
2997 1050 3133 1120 πρὸς
3166 1050 3335 1120 ἡμᾶς.
3360 1050 3655 1117 Δαιμόνων
3685 1051 3791 1118 γὰρ

496 1152 623 1191 nam
661 1138 801 1191 inter
834 1139 1143 1193 daemonum
1171 1140 1555 1207 deceptionem
1589 1148 1646 1194 et
1667 1140 1926 1209 pietatem
1954 1139 2064 1194 mul

2223 1138 2414 1209 ιπάτης
2445 1140 2541 1192 καὶ
2579 1137 2866 1201 εὐσεεείας
2923 1138 3060 1192 πολὺ
3091 1139 3152 1192 τὸ
3186 1141 3373 1210 μέσον,
3417 1142 3513 1192 καὶ
3570 1127 3791 1192 τοσοῦτο

497 1238 609 1284 tum
645 1229 873 1284 interest
909 1246 923 1286 :
960 1239 1016 1284 et
1044 1239 1278 1296 tantum,
1311 1238 1601 1301 quantum,
1636 1239 1697 1285 ut
1718 1230 1975 1294 arbitror,
2011 1231 2065 1286 in

2229 1248 2344 1296 σον,
2371 1226 2549 1299 οἶμαι,
2568 1231 2763 1294 νυκτὸς
2794 1229 2891 1285 καὶ
2952 1230 3126 1300 ἡλίου.
3171 1232 3373 1303 Ὀργῆς
3404 1234 3793 1301 ὑποπίμπλησι

498 1329 579 1375 ter
606 1321 751 1376 diem
774 1331 828 1376 et
853 1330 1090 1379 noctem.
1142 1320 1267 1377 Haec
1318 1324 1396 1377 ira
1450 1324 1663 1393 replent
1692 1322 2050 1379 Heliodorum

2221 1322 2369 1376 rat'na
2382 1322 2473 1376 τὸν
2496 1320 2839 1393 Ἦλιόδωρον.
2862 1323 2958 1376 καὶ
2975 1324 3175 1377 αὐτίκα
3199 1323 3407 1377 κελεύει
3428 1321 3789 1391 γυμνωθέντα

494 1425 551 1471 et
574 1415 758 1469 statim
802 1414 959 1484 jubet
1002 1431 1128 1469 eum
1184 1416 1474 1479 nudatum,
1511 1431 1540 1470 a
1578 1426 1818 1487 quatuor
1866 1417 2062 1473 extend

2225 1415 2386 1470 ηοῦτον
2445 1419 2509 1471 ἐκ
2552 1420 2837 1485 τεσσάρων
2897 1415 3248 1487 διαταθῆναι,
3286 1418 3381 1471 καὶ
3432 1416 3793 1483 σφοδρότερον

495 1516 553 1563 et
585 1508 857 1563 verberari
902 1509 1309 1563 vehementius.
1358 1512 1537 1580 Atque
1583 1511 1633 1566 ei
1676 1510 1921 1581 quidem,
1978 1511 2059 1567 fer

2232 1506 2519 1562 ύπτεσθαι.
2550 1508 2741 1577 Τούτῳ
2778 1507 2879 1577 μὲν
2910 1503 3004 1560 οὖν
3046 1508 3325 1577 ὠμότερον
3357 1508 3553 1577 θηρίου
3598 1507 3794 1568 παντὸς

496 1598 688 1667 quavis
731 1599 1007 1652 crudelius
1048 1614 1253 1669 corpus
1292 1599 1520 1671 ﬂagellis
1562 1602 1890 1667 exedebant,
1942 1605 2057 1658 illin

2224 1603 2255 1653 tl
2287 1602 2551 1671 μάστιγες
2577 1601 2639 1654 τδ
2671 1600 2834 1678 σῶμα
2860 1600 3157 1668 κατήσθιον
3179 1618 3191 1631 ’
3229 1604 3465 1670 αἵματος
3496 1602 3555 1655 δὲ
3590 1601 3792 1671 ρὐκες

497 1700 680 1744 autem
715 1691 947 1745 fluentes
969 1691 1068 1746 rivi
1106 1692 1391 1763 sanguinis
1424 1693 1734 1763 subjectum
1764 1694 1940 1749 solum
1966 1704 2065 1748 antl

2231 1694 2409 1749 κεῖθεν
2450 1696 2741 1765 φερόμενοι
2772 1693 2909 1765 πρὸς
2942 1694 3105 1765 βάθος
3140 1694 3451 1760 ἑφοίνισσον
3480 1695 3540 1747 τὸ
3570 1695 3794 1747 ὑποκεί-

498 1784 803 1839 reddebant
836 1800 1210 1855 purpureum;
1255 1795 1311 1839 et
1338 1786 1559 1839 interim
1587 1804 1600 1840 :
1629 1786 1911 1852 Sacrifica,
1951 1786 2062 1841 infe

2226 1806 2363 1841 ιενον
2400 1788 2619 1857 ἔδαφος·
2650 1788 2768 1853 καὶ,
2801 1784 2998 1852 Θῦσον,
3033 1788 3061 1840 6
3093 1786 3425 1855 Ἡλιόδωρος
3456 1788 3513 1837 ἐν
3548 1787 3794 1854 τοσούτῳ

499 1877 591 1939 iis,
638 1878 855 1932 dicebat
905 1876 1256 1941 lleliodorus,
1310 1893 1491 1948 neque
1531 1878 1843 1933 maledictis
1878 1878 2067 1934 incessi

2233 1880 2412 1947 λεγεν,
2442 1851 2616 1942 ἄθλιε,
2648 1851 2786 1949 μηδι
2821 1851 3007 1942 κακῶς
3052 1879 3183 1947 λέγε
3222 1851 3347 1940 τοδε
3383 1877 3542 1940 θεοὺς
3577 1881 3671 1929 καὶ
3703 1851 3797 1929 τω

497 1971 630 2027 deos
668 1982 723 2026 et
782 1972 1195 2041 imperatorem.
1244 1973 1404 2027 Anne
1461 1987 1656 2028 carnes
1707 1971 1927 2041 quidem
1975 1983 2065 2029 tua

2232 1970 2585 2043 ,ὐτοκράτορα
2612 1987 2627 2003 ⁶
2662 1971 2694 2039 ἢ
2722 1970 2844 2024 οὐδὲ
2874 1972 2974 2033 τὰς
3003 1970 3211 2035 οἰκείας
3244 1973 3456 2041 σάρκας
3495 1973 3630 2040 ὁρᾷς
3676 1970 3800 2023 λυο-

498 2065 652 2119 vides
690 2065 952 2135 paulatim
999 2066 1222 2119 dissolvi
1287 2075 1344 2120 et
1382 2065 1667 2119 difﬂuere?
1713 2065 1807 2120 llle
1857 2075 2043 2121 autem

2232 2066 2371 2127 ιένας
2394 2065 2713 2136 καταδραχὺ
2745 2065 2839 2117 καὶ
2865 2064 3238 2135 ὑπορῤεούσας
3261 2080 3277 2131 ;
3315 2063 3375 2117 '0
3396 2063 3473 2130 δὲ,
3501 2064 3567 2115 Σὲ
3596 2063 3800 2132 μᾶλλον

498 2156 597 2219 Te,
624 2156 825 2226 inquit,
856 2156 1101 2221 intuens,
1130 2157 1301 2228 magis
1332 2157 1598 2211 misereor
1634 2165 1740 2213 tua
1770 2158 2063 2213 calamitati

2235 2159 2362 2228 ρῶν,
2398 2158 2527 2226 ἔφη,
2552 2158 2773 2211 πλείονα
2794 2156 2892 2225 τῆς
2924 2159 3211 2226 συμφορᾶς
3255 2158 3353 2226 τῆς
3396 2157 3497 2226 σῆς
3525 2154 3798 2224 λαμϐάνω

498 2249 792 2317 quodcum
824 2250 899 2303 sis
931 2250 1118 2314 homo,
1149 2249 1322 2303 habes
1351 2248 1591 2301 ultimam
1636 2248 1770 2302 feris
1819 2248 2066 2319 agrestio-

2236 2251 2291 2302 ον
2318 2250 2466 2301 ελεον
2488 2264 2499 2277 ·
2532 2249 2681 2311 ὅπως
2715 2247 3002 2317 ἄνθρωπος
3032 2247 3106 2301 ὢν
3141 2248 3349 2318 θηρίων
3379 2249 3800 2318 ἀπεχθεστέραν

502 2358 639 2406 rem,
665 2345 869 2399 nullam
896 2344 949 2397 in
983 2352 1131 2397 tuam
1161 2343 1545 2412 cognatioaem
1579 2340 1880 2395 Ostendeus
1907 2340 2070 2395 huma

2235 2358 2349 2411 χιις
2389 2340 2591 2410 ψυχὴν,
2623 2341 2898 2411 μηδεμίαν
2927 2341 3052 2411 περὶ
3081 2340 3143 2395 τὺ
3186 2342 3449 2410 συγγενὲς
3486 2342 3802 2413 φιλανθρω-

500 2438 754 2493 nitatem.
803 2422 914 2507 εδδ
965 2446 1149 2490 autem
1198 2433 1475 2503 quomodo
1527 2434 1678 2503 potui
1736 2432 1942 2488 Christi
1991 2448 2068 2487 me

2231 2433 2333 2488 ιίαν
2364 2433 2827 2503 ἐπιδεικνύμενος.
2860 2433 3017 2504 Ἐμοὶ
3043 2434 3101 2488 δὲ
3131 2435 3322 2505 ὥσπερ
3350 2436 3565 2503 ὑπῆρξε
3608 2439 3674 2505 τῇ
3702 2434 3799 2487 τοῦ

502 2531 703 2585 virtute
752 2529 895 2584 ferre
932 2530 1117 2601 plagas
1151 2529 1287 2582 citra
1320 2527 1653 2592 molestiam,
1693 2534 1752 2581 et
1787 2540 1911 2581 cum
1964 2541 2065 2598 gau

2240 2526 2341 2595 μοῦ
2368 2526 2607 2597 Χριστοῦ
2642 2526 2876 2597 δυνάμει
2900 2528 2999 2589 τὰς
3032 2527 3251 2593 πληγὰς
3283 2527 3527 2588 ἀλύπους
3559 2528 3658 2578 καὶ
3704 2531 3800 2579 σὺν

500 2624 622 2686 dio;
664 2625 735 2678 ita
781 2625 947 2679 etiam
1000 2622 1197 2677 horum
1254 2621 1631 2691 spectaculum
1676 2619 1935 2674 existimo
1977 2635 2065 2674 ess

2241 2620 2364 2690 δονῇ
2396 2619 2605 2687 φέρειν,
2630 2618 2781 2670 οὕτω
2812 2620 2904 2670 καὶ
2948 2618 3045 2687 τὴν
3085 2619 3292 2670 τούτων
3324 2616 3472 2677 θέαν,
3503 2616 3806 2686 ὀφθαλμῶν

500 2717 783 2772 oculorum
822 2716 1065 2778 delicias,
1116 2729 1329 2778 eorum,
1366 2726 1489 2783 quae
1546 2722 1861 2785 sperantur,
1898 2728 2064 2781 exspe

2240 2714 2416 2780 ρυφὴν
2449 2710 2703 2778 ἥγημαι,
2732 2710 2833 2777 τῆς
2866 2709 2973 2761 τῶν
3028 2709 3407 2779 ἐλπιζομένων
3443 2710 3802 2779 προσδοκῖας,

500 2812 738 2866 ctatione
760 2823 981 2864 sensum
1009 2807 1258 2863 dolorum
1288 2806 1597 2862 auferente.
1636 2806 1703 2860 Et
1728 2804 1932 2874 alioqui
1984 2804 2068 2857 ani

2232 2803 2313 2856 ὦν
2372 2802 2573 2855 ὀδυνῶν
2625 2801 2966 2871 κλεπτούσης
3016 2803 3113 2872 τὴν
3174 2801 3467 2873 αἴσθησιν·
3524 2803 3703 2865 ἄλλως
3740 2820 3800 2856 τε

500 2917 645 2955 mam
681 2900 785 2955 scit
818 2914 1123 2970 expurgare
1162 2899 1232 2953 ab
1264 2899 1413 2952 omni
1452 2896 1665 2951 macula
1713 2896 1804 2950 hic
1848 2896 2068 2965 sanguis

2244 2897 2299 2951 αὶ
2327 2884 2616 2966 καθαιρεῖν
2647 2890 2755 2949 οἶδε
2797 2896 3011 2967 κηλίδος
3035 2896 3136 2967 τὴν
3158 2896 3337 2968 ψυχὴν
3367 2896 3591 2967 ἀπάσης
3644 2893 3809 2950 ταυτὶ

501 2998 596 3065 qui
646 3005 872 3064 propter
904 2994 1190 3047 Christum
1228 2992 1551 3056 effunditur,
1580 2991 1672 3061 qui
1715 2999 1800 3045 est
1827 2991 1878 3044 ei
1925 2990 2069 3045 velut

2240 2993 2273 3043 ὰ
2303 2990 2393 3044 διὰ
2426 2990 2662 3060 Χριστὸν
2712 2990 2944 3059 αἵματα,
2989 2990 3153 3042 οἱονεὶ
3206 2990 3431 3059 λουτρὸν
3485 2990 3631 3060 αὐτῇ
3665 2991 3808 3044 θεῖον

500 3087 775 3161 quoddam
809 3087 1053 3141 divinum
1084 3084 1380 3139 lavacrum.
1412 3082 1539 3141 llaec
1570 3100 1693 3139 cum
1728 3084 1782 3138 in
1818 3086 1935 3155 ipso
1966 3093 2068 3138 tem

2248 3082 2498 3151 ενόμενα.
2528 3080 2717 3133 Ταῦτα
2747 3082 2939 3150 ἐπειδὴ
2964 3081 3096 3150 παρ’
3120 3082 3283 3135 αὑτὸν
3309 3082 3405 3135 τὸν
3431 3082 3533 3152 τῆς
3563 3082 3810 3153 βασάνου

504 3197 636 3249 pore
668 3179 924 3235 tormenti
958 3179 1093 3234 vidit
1116 3178 1356 3232 vicarius
1383 3174 1867 3245 philosoiiliantem
1896 3185 2070 3245 marty

2242 3173 2403 3243 αιρδν
2437 3175 2465 3227 6
2498 3172 2748 3243 βικάριος
2807 3175 3211 3245 φιλοσοφοῦντα
3260 3174 3367 3230 εἶδε
3396 3179 3489 3229 τὸν
3526 3178 3810 3247 μάρτυρα,

505 3288 641 3336 rem,
678 3288 801 3327 eum
828 3272 1048 3340 quidem
1082 3271 1137 3322 in
1168 3269 1457 3339 praesentia
1488 3267 1683 3337 punire
1713 3269 1903 3321 statuit
1930 3268 2073 3321 inter

2242 3268 2269 3321 δ
2303 3267 2403 3337 μὲν
2444 3268 2700 3333 κολάζειν
2752 3270 2810 3322 ὲν
2850 3268 2928 3338 τῷ
2989 3270 3218 3338 παρόντι
3252 3269 3579 3322 καταλιπεῖν
3627 3268 3810 3336 ἔγνω,

503 3368 728 3423 mittere
755 3409 769 3432 ,
799 3363 1060 3423 suasione
1087 3371 1273 3416 autem
1300 3360 1485 3432 potius
1516 3375 1640 3415 eum
1678 3360 1897 3432 aggredi
1931 3371 1983 3416 et
2007 3362 2071 3417 ad

2244 3362 2391 3415 ςειθοῖ
2420 3361 2476 3414 δὲ
2509 3361 2711 3431 μᾶλλον
2752 3359 2918 3413 αὑτοῦ
2982 3362 3078 3412 καὶ
3126 3361 3447 3427 παραινέσει
3504 3362 3812 3431 μετελθεῖν.

501 3456 933 3515 hortationibus.

576 3550 663 3606 111.
694 3549 831 3603 Cum
865 3547 1051 3614 itaque
1077 3557 1203 3597 eum
1235 3550 1485 3599 curasset
1523 3557 1707 3597 coram
1750 3545 1869 3611 ipso
1896 3544 2104 3598 sisten-

2283 3520 2357 3571 I".
2408 3517 2651 3589 Πλησίον
2718 3533 2815 3570 ουν
2866 3515 2975 3585 τδνξ
3020 3515 3191 3586 ἄνδρα
3284 3518 3812 3589 παραστησάμενος,

500 3644 634 3701 dum
674 3661 687 3698 :
723 3641 834 3696 Diis
861 3609 1130 3703 sacrifica,
1166 3635 1409 3699 dicebat,
1442 3609 2009 3707 Trophimeialioqui
2051 3646 2068 3693 t

2246 3610 2405 3678 1ῦσον,
2434 3610 2610 3682 ἔλεγε,
2649 3611 2920 3682 Τρόφιμε,
2957 3611 3070 3674 τοῖς
3117 3610 3281 3677 θεοῖς,
3308 3609 3499 3681 ἐπειδὴ
3537 3613 3814 3682 Διονυσίῳ

503 3741 573 3796 ad
596 3736 913 3807 Dionysium
942 3730 1297 3791 Perennium,
1341 3727 1583 3800 Phrygite
1618 3727 1882 3785 Salutaris
1912 3706 2071 3797 ρι’ωεί

2249 3709 2488 3780 [ερεννίῳ
2518 3708 2594 3776 τῷ
2623 3708 2863 3778 Φρυγίας
2893 3708 3271 3777 Σαλουταρίας
3304 3706 3537 3777 ἡγεμόνι
3595 3722 3656 3759 σε
3712 3724 3817 3759 πα-

505 3835 655 3896 dem,
681 3796 1075 3885 transmittam.
1104 3823 1233 3879 Erat
1259 3823 1403 3879 enim
1434 3824 1481 3879 is
1505 3825 1829 3881 crudelitate
1854 3825 2073 3897 insignis

2243 3802 2519 3871 ιαπέμψιιγ
2552 3796 2619 3870 ἦν
2686 3802 2795 3868 γὰρ
2843 3796 2997 3863 οὗτος
3051 3804 3116 3870 τῇ
3188 3800 3433 3871 ὠμότητι
3488 3800 3811 3873 διαϐόητος.

503 3925 625 3981 Non
662 3940 782 3979 mea
822 3920 1012 3985 refert,
1042 3918 1221 3988 inquit
1253 3917 1610 3987 Trophimus,
1650 3934 1681 3972 a
1733 3928 1881 3979 tene,
1919 3889 1991 3973 an
2038 3935 2067 3974 a

2244 3894 2379 3949 ὠδὶν
2419 3892 2607 3964 ἔμοιγε
2637 3889 2853 3953 διοίσει,
2881 3891 3049 3960 φησὶν
3080 3894 3107 3943 6
3142 3891 3448 3962 Τρόφιμος,
3472 3895 3580 3947 ὑπὸ
3627 3895 3725 3948 cui
3753 3914 3812 3949 τε

506 4020 599 4076 illo
650 4016 957 4072 interimar.
993 4011 1129 4065 Nam
1157 4025 1254 4064 seu
1282 4010 1637 4073 Heliodorus,
1671 4024 1765 4062 seu
1812 4009 2074 4079 Dionysiu

2248 3989 2303 4041 al.
2332 3984 2423 4039 ὑπ’
2470 3986 2677 4039 ἐκείνου
2716 3983 3054 4058 ἀνῃρῆσθαι·
3090 3982 3157 4036 ἄν
3188 3999 3246 4035 τε
3281 3983 3563 4045 Διονύσιος
3589 3988 3615 4037 ὁ
3644 3988 3814 4040 κολα.

504 4126 595 4167 me
623 4108 834 4179 puniat,
868 4101 1057 4156 eadem
1086 4114 1230 4155 mors
1252 4116 1337 4155 me
1361 4106 1567 4155 manet.
1591 4097 1737 4153 Idem
1762 4100 1909 4153 enim
1933 4108 2016 4152 est
2046 4114 2072 4153 u

2250 4098 2321 4133 ων
2371 4077 2425 4152 ᾗ,
2460 4080 2488 4131 6
2528 4078 2689 4140 αὐτός
2740 4096 2807 4145 με
2857 4080 3148 4149 περιμένει
3210 4076 3473 4141 θάνατος·
3526 4079 3656 4133 ἐπεὶ
3714 4083 3818 4136 καὶ

507 4170 719 4271 trisque
765 4211 965 4269 scopus
1001 4207 1056 4251 et
1088 4194 1419 4257 institutum,
1467 4192 1665 4263 punire
1709 4201 1763 4245 et
1808 4193 1875 4247 de
1931 4192 2070 4247 medi

2250 4172 2412 4235 κοπὸς
2446 4171 2648 4241 ἀμφοῖν
2671 4170 2698 4222 ὁ
2722 4170 2908 4232 αὐτὸς,
2936 4171 3189 4234 κολάζειν
3243 4172 3339 4224 καὶ
3378 4174 3630 4244 ἀναιρεῖν
3682 4177 3817 4239 τοὺς

510 4262 701 4355 tollere
734 4262 991 4361 eos,—qui
1032 4287 1447 4345 constituerunt
1472 4262 1668 4340 colere
1705 4284 1985 4351 pietatem.
2013 4285 2076 4339 HI

2248 4267 2502 4336 λομένους
2558 4267 2726 4335 τιμᾷν
2790 4266 2891 4332 τὴν
2946 4262 3259 4318 εὐσέϐειαν.
3298 4265 3521 4329 Τούτοις
3557 4268 3816 4333 ὀξυνθεὶς

512 4386 873 4443 vehementer
894 4386 1208 4431 commotus
1238 4374 1589 4436 Heliodorus,
1615 4374 1669 4428 in
1698 4373 1846 4445 ligno
1871 4389 2075 4443 suspen

2244 4360 2549 4430 Ηλιόδωρος
2600 4360 2694 4411 ἐπὶ
2754 4355 2915 4421 ξύλου
2951 4372 3010 4409 τε
3048 4355 3142 4408 τὸν
3170 4356 3495 4427 ’Τρόφιμον
3552 4363 3773 4433 ἀναρτᾷ
3798 4381 3812 4393 ο

514 4477 598 4532 dit
628 4472 1013 4544 Tropbimum,
1055 4477 1113 4524 et
1154 4482 1280 4524 eum
1325 4468 1799 4522 circumsistentes
1850 4466 2076 4536 protinu

2253 4453 2319 4503 αὶο
2386 4449 2748 4521 περιστάντες
2827 4447 2988 4511 εὐθὺς
3048 4447 3096 4501 οι
3174 4446 3363 4517 δήμιοι
3431 4448 3533 4512 τὰς
3596 4451 3816 4508 ἐκείνου

512 4540 801 4627 carnifices
846 4566 991 4623 illius
1021 4564 1188 4620 latera
1233 4560 1551 4616 immaniter
1585 4560 1971 4629 discerpebant
2001 4578 2014 4614 :
2050 4575 2080 4615 c

2239 4545 2451 4614 ελευρὲις
2503 4542 2747 4610 ἀνηλεῶς
2799 4540 2972 4606 ἔξεον,
3032 4543 3123 4595 καὶ
3154 4542 3293 4612 πρὸς
3359 4542 3501 4596 αὐτὰ
3562 4546 3697 4599 εἵσω
3740 4550 3807 4599 τὰ

512 4663 775 4720 subibant
801 4660 866 4713 ad
899 4659 1016 4727 ipsa
1072 4670 1246 4724 usque
1278 4654 1495 4708 interna
1524 4655 1756 4708 viscera.
1800 4652 1899 4707 llle
1925 4663 2080 4707 auten

2247 4640 2504 4706 nidum
2538 4638 2804 4701 ἐϐάδιζον.
2858 4638 2915 4689 ’0
2951 4637 3007 4687 δὲ
3040 4638 3247 4705 ἀκριϐῆ
3295 4638 3499 4705 μᾶλλον
3554 4640 3649 4691 τὸν
3711 4641 3815 4709 τῆς

518 4756 694 4826 magis
727 4750 1090 4807 conservabat
1134 4756 1450 4803 accuratum
1469 4747 1842 4802 characterem
1874 4747 2083 4816 philoso

2254 4729 2426 4790 ἱκείας
2490 4729 2810 4797 φιλοσοφίας
2866 4726 3095 4787 διέσωζε
3175 4729 3527 4798 χαρακτῆρα,
3584 4730 3817 4800 Χριστὲ,

517 4848 658 4921 phia'.
682 4866 696 4904 ι
726 4844 971 4909 Domine,
995 4842 1075 4897 fer
1093 4856 1249 4912 opem
1273 4840 1475 4895 famulo
1505 4850 1618 4903 tuo,
1637 4839 2037 4894 leniterdicens
2065 4856 2085 4893 ε

2255 4822 2407 4890 οήοει
2438 4822 2514 4891 τῷ
2539 4821 2614 4889 σῷ
2650 4818 2842 4887 δούλῳ,
2878 4818 3053 4887 ἡσυχῆ
3088 4820 3187 4871 καὶ
3236 4820 3425 4890 πράως
3466 4821 3818 4891 ὑποφθεγξά-

2573 4911 2593 4925 .
2865 4908 2874 4920 .
3175 4910 3218 4925 ._.
3449 4913 3459 4925 .
3560 4915 3575 4925 .
3783 4918 3809 4925 _

518 4907 752 5014 placide.
788 4937 995 4992 Prmses
1028 4935 1216 5003 itaque
1244 4933 1567 4989 lleliodorus
1601 4935 1793 4987 videns
1842 4932 2086 5001 insigneu

2247 4931 2403 4977 tavo;,
2454 4914 2511 4965 σο
2567 4911 2750 4981 ἅρχων
2793 4908 2976 4960 τοίνυν
3040 4907 3366 4980 Ἡλιόδωρος
3410 4913 3510 4985 τὴν
3552 4915 3815 4989 ὑπερφυῆ

522 5003 739 5091 athleta:
767 5029 1176 5089 fortitudinem,
1208 5042 1332 5081 cum
1360 5043 1470 5081 non
1515 5037 1702 5097 posset
1740 5026 1916 5079 lucem
1963 5026 2082 5079 illiu

2247 5006 2436 5059 ὶλέπων
2492 5003 2586 5059 τοῦ
2631 5003 2869 5072 ἀθλητοῦ
2912 5004 3249 5073 καρτερίαν,
3284 5006 3473 5075 ἐπειδὴ
3535 5010 3639 5061 οῦκ
3700 5005 3815 5079 εἶχε

524 5128 819 5183 verborum
849 5124 1077 5180 intueri.
1118 5128 1181 5175 ut
1205 5120 1298 5189 qui
1341 5120 1539 5173 animae
1577 5120 1861 5175 ctecutiret
1890 5117 2064 5171 oculis

2248 5101 2357 5170 πρὸς
2381 5100 2441 5153 τὸ
2474 5097 2583 5151 τῶν
2616 5096 2826 5149 ἐκείνου
2874 5095 3140 5166 ῥημάτων
3193 5095 3309 5160 φῶς
3355 5097 3648 5167 διαϐλέψαι
3674 5140 3692 5165 ,
3720 5120 3816 5155 τυ-

527 5220 626 5276 Ubi
650 5228 755 5282 eat,
781 5215 1019 5277 dicebat,
1048 5230 1081 5270 ο
1101 5212 1417 5282 Tropbime,
1442 5212 1691 5270 Christus
1720 5211 1887 5266 tuus?
1917 5210 2008 5265 Ille
2030 5226 2095 5263 au

2251 5195 2481 5247 >λώττων
2504 5192 2634 5255 τοὺς
2654 5192 2749 5260 τῆς
2785 5189 2966 5259 ψυχῆς
3022 5189 3363 5257 ὀφθαλμοὺς,
3388 5190 3523 5254 Ποῦ,
3554 5193 3766 5259 ἔλεγεν,
3790 5196 3819 5247 ὁ

529 5319 637 5369 lem
672 5329 686 5364 :
715 5310 891 5371 Meus,
916 5307 1155 5369 dicebat,
1195 5306 1454 5360 Christus
1480 5320 1656 5375 neque
1682 5321 1711 5358 a
1740 5319 1829 5357 me
1858 5302 2094 5357 discedit

2247 5288 2454 5359 ἰριστός
2484 5304 2597 5349 σου,
2620 5286 2865 5356 Τρᾶφιμε
2892 5301 2907 5351 ;
2939 5284 2997 5335 Ὀ
3030 5284 3108 5349 δὲ,
3146 5283 3203 5335 Ὀ
3228 5284 3380 5353 ἐμὸς,
3411 5284 3539 5355 ἔφη,
3576 5287 3815 5356 Χριστὸς

534 5415 585 5464 et
607 5417 826 5472 semper
856 5400 1012 5454 adest
1060 5398 1342 5463 omnibus,
1365 5396 1459 5466 qui
1489 5412 1615 5450 eum
1651 5397 1909 5451 invocant
1941 5395 1992 5448 in
2026 5410 2102 5449 vel

2256 5385 2347 5435 ῦτε
2388 5380 2522 5452 ἐμοῦ
2551 5382 2870 5449 ἀφίσταται,
2896 5385 2989 5430 καὶ
3042 5379 3177 5430 πᾶσι
3206 5380 3319 5441 τοῖς
3359 5380 3417 5430 ὲν
3450 5379 3682 5450 ἀληθείᾳ
3717 5398 3818 5432 κα-

536 5469 836 5552 citatezest
866 5501 1051 5551 autem
1093 5490 1195 5543 hoc
1229 5504 1447 5559 quoque
1493 5505 1559 5543 ex
1594 5505 1661 5544 eo
1692 5489 1941 5553 evidens,
1975 5505 2104 5559 quot

2248 5477 2410 5529 ,οῦσιν
2440 5472 2604 5527 αὐτὸν
2637 5474 2716 5535 εἰς
2748 5472 2833 5523 ἀεὶ
2857 5471 3093 5538 πάρεστι
3122 5488 3135 5501 ·
3171 5470 3264 5521 καὶ
3294 5469 3455 5538 δῆλον
3486 5471 3550 5521 ὲκ
3589 5471 3685 5525 τοῦ
3720 5470 3816 5523 καὶ

539 5604 635 5643 nos
672 5586 826 5641 facile
858 5584 1097 5640 feramus
1127 5583 1362 5638 dolores.
1397 5575 1498 5649 Qui
1534 5584 1680 5636 enim
1716 5583 1890 5646 fieret,
1938 5592 1997 5634 ut
2020 5583 2107 5635 hu-

2251 5574 2322 5635 ’ἀς
2363 5568 2657 5639 ἀλγηδόνας
2707 5568 2837 5635 ῥᾷον
2874 5567 3063 5633 φέρειν
3104 5564 3291 5630 τιμάς.
3321 5561 3429 5615 ιιοῦ
3466 5564 3575 5633 γὰρ
3624 5564 3691 5616 ἂν
3723 5565 3819 5615 ἀν-

540 5697 697 5736 mana
738 5688 935 5733 natura
974 5676 1144 5731 ferret
1177 5686 1282 5729 tam
1312 5692 1505 5743 graves
1529 5677 1828 5740 cruciatus,
1856 5676 1900 5730 si
1936 5691 2044 5728 non
2072 5690 2101 5729 e

2247 5664 2472 5739 Ιρωπεία
2525 5662 2683 5732 φύσις
2720 5659 2860 5713 οὕτω
2884 5658 3275 5730 χαλεπωτάτην
3319 5658 3589 5727 ὑπένεγκε
3644 5657 3815 5725 βάσα-

542 5776 784 5830 divinum
812 5773 1027 5827 adesset
1053 5771 1347 5825 auxilium"
1382 5770 1504 5829 Haac
1528 5787 1651 5826 cum
1670 5771 1919 5835 dixisset,
1949 5768 2110 5822 athle-

2244 5780 2335 5825 ιον,
2389 5761 2463 5829 μὴ
2530 5757 2809 5829 θειοτέρας
2869 5752 3227 5808 ἀπολαύσασα
3278 5751 3571 5822 βοηθείας;
3627 5751 3812 5805 Ταῦτα

550 5876 656 5922 tam
690 5880 874 5922 carcer
905 5863 1150 5934 suscipit,
1185 5864 1241 5917 in
1276 5880 1382 5933 quo
1417 5874 1529 5919 tum
1561 5864 1663 5919 alia
1694 5863 1967 5918 cruciatur
1992 5861 2118 5915 allii-

2248 5855 2452 5908 ;ῐποντα
2492 5851 2580 5904 τὸν
2622 5848 2860 5919 ἀθλητὴν
2912 5844 3287 5914 δεσμωτήριον
3329 5843 3740 5912 διαδέχεται,ἐν
3771 5839 3816 5911 ᾧ
