3970 6452
169 403 278 468 737

1016 393 1484 458 MARTYRIUM
1525 394 1590 456 S.
1626 391 2017 456 TROPHIMI
2064 392 2161 455 ET
2200 395 2624 461 SOCIORUM.

3346 406 3452 469 738

171 521 237 588 τῇ
273 534 334 570 τε
361 515 500 582 ἄλλῃ
533 512 890 583 παραδίδοται
929 510 1195 570 κακώσει,
1248 509 1342 562 καὶ
1377 508 1458 570 είς
1487 506 1760 575 τέσσαρας

1871 505 2074 572 ctione,
2107 515 2220 562 tum
2256 507 2421 565 etiam
2454 512 2773 568 extenditur
2796 511 2850 566 in
2891 522 3128 584 quatuor
3166 513 3452 571 foramini-

172 608 264 660 τοῦ
301 606 665 674 κολαστηρίου
713 605 872 682 ξύλου
916 603 945 656 6
993 602 1181 671 Πατὴρ
1215 599 1584 663 ἀποτείνεται,
1611 599 1760 662 ὅπως

172 698 310 768 μηδὲ
332 699 592 764 ἐνταῦθα,
621 697 809 768 φησὶν,
841 695 954 766 ἔχοι
983 694 1110 765 μηδ’
1132 694 1226 747 ἐπὶ
1255 693 1455 764 μικρὸν
1479 689 1760 745 ἀναπνεῦ-

170 807 285 842 σαι.

241 886 319 936 A'.
343 881 642 948 Είσάγεται
674 879 729 932 δὲ
766 877 843 948 τῷ
873 876 1078 948 βήματι
1114 876 1233 946 μετ’
1255 875 1421 929 αύτδν
1449 872 1476 928 6
1509 875 1759 943 γενναῖος

169 974 497 1035 Σαϐϐάτιος·
537 972 632 1026 καὶ
694 971 893 1025 αὐτίκα
952 970 1089 1040 πρὸς
1140 970 1326 1035 αὑτὸν,
1377 968 1492 1023 οὐκ
1543 964 1755 1038 ἐρωτῶ,

171 1067 341 1136 φησὶν
373 1069 402 1120 6
431 1065 635 1140 ἄρχων,
663 1066 711 1116 εί
747 1063 1076 1134 Χριστιανὸς
1105 1059 1191 1116 εἷ’
1225 1060 1604 1131 ἀπεστρέφετο
1645 1059 1757 1127 γὰρ

168 1160 335 1230 μέχρι
365 1159 472 1211 τῶν
512 1155 664 1209 ὢτων
705 1156 766 1208 τὸ
820 1159 971 1228 ῥῆμα
992 1172 1004 1188 ·
1055 1153 1176 1207 ἐπεὶ
1210 1153 1331 1205 οὐδὲ
1352 1152 1522 1204 νοσῶν
1548 1149 1757 1219 ὀφθαλ-

167 1253 269 1321 μὸς
342 1253 404 1304 τὸ
438 1250 613 1317 γλυκὺ
664 1250 801 1301 πᾶσι
854 1249 970 1317 φῶς
1006 1247 1134 1300 ίδεῖν
1188 1245 1536 1315 ὑπομείνειεν
1575 1259 1588 1274 ·
1617 1241 1752 1296 ἀλλὰ

161 1345 214 1396 τί
249 1345 345 1395 σὸν
383 1341 444 1394 τὸ
475 1340 718 1409 ἀξίωμα,
776 1339 995 1408 πρῶτον
1027 1339 1174 1392 είπὲ.
1225 1339 1336 1390 Καὶ
1361 1338 1388 1389 6
1423 1334 1748 1397 Σαϐϐάτιος,

175 1436 357 1504 Ἰ-Σμοὶ,
380 1433 569 1504 φησὶν,
611 1428 655 1487 ὦ
686 1431 959 1496 δίκασταὶ,
993 1431 1088 1486 καὶ
1117 1430 1360 1500 ἀξίωμα,
1403 1431 1499 1484 καὶ
1529 1428 1748 1500 πατρὶς,

161 1526 256 1576 καὶ
292 1523 422 1588 δόξα
459 1525 550 1577 καὶ
596 1525 888 1594 περιουσία
945 1525 1185 1595 Χριστός
1236 1525 1386 1576 ἐστιν
1420 1523 1448 1575 6
1478 1520 1571 1574 τοῦ
1606 1521 1749 1575 Θεοῦ

163 1618 314 1679 mg,
350 1617 378 1668 6
403 1619 490 1670 ἀεὶ
523 1616 649 1681 ζῶν,
689 1610 750 1671 οὗ
777 1619 844 1688 τῇ
875 1618 1103 1688 προνοίᾳ.
1148 1619 1208 1668 τὸ
1237 1617 1346 1668 πᾶν
1384 1614 1502 1667 τόδε
1545 1613 1751 1686 κυϐερ-

167 1710 331 1761 νᾶται
370 1711 464 1761 καὶ
511 1709 842 1765 διιθύνεται.
868 1712 980 1764 Καὶ
1008 1711 1035 1760 6
1064 1709 1327 1776 δικαστὴς
1360 1710 1426 1777 τῇ
1460 1706 1556 1759 τοῦ
1605 1707 1751 1777 μάρ-

159 1816 323 1869 τυρος
365 1803 502 1870 μετὰ
545 1804 861 1873 παρρησίας
882 1803 1174 1872 ἀποκρίσει
1202 1801 1269 1854 τὰ
1293 1799 1501 1870 ἔσχατα
1539 1801 1752 1872 ἐξυϐρί-

163 1892 288 1945 σΘαι
337 1893 589 1962 νομίσας,
644 1894 857 1960 πληγὰς
888 1892 1113 1945 ἐντείνει
1140 1895 1282 1946 κατὰ
1311 1893 1521 1966 κορῤῆς
1555 1894 1707 1965 αὐτῷ
1732 1936 1746 1963 ,

158 1984 456 2054 ἑπιφωνῶν
485 1984 599 2053 ἅμα
631 1999 644 2013 ’
677 1984 816 2052 Πρὸς
866 1983 996 2046 ἔπος
1037 1985 1353 2055 ἀπὸκριναι’
1379 1988 1474 2038 καὶ
1502 1985 1752 2053 βασάνων

158 2080 357 2144 πεῖραν
384 2113 398 2128 .
423 2113 437 2127 .
467 2114 480 2128 .
511 2115 525 2130 .
547 2113 561 2127 .
589 2116 603 2130 .
629 2116 642 2128 .
673 2115 688 2130 .
711 2117 722 2130 .
755 2115 768 2130 .
822 2075 1159 2147 προσελθὼν,
1206 2075 1368 2130 θῦσον
1422 2078 1535 2140 τοῖς
1585 2076 1743 2140 θεοῖς.

159 2168 231 2219 Τὸ
266 2167 376 2235 γὰρ
410 2167 548 2235 μετὰ
577 2166 747 2220 ταῦτα
777 2166 941 2220 θῦσαι
968 2166 1136 2238 ἄχαρι
1192 2184 1251 2219 τε
1292 2169 1398 2221 καὶ
1434 2168 1534 2237 οὐχ
1573 2167 1748 2230 οὕτως

157 2259 461 2313 ἀπόδεκτον
484 2273 498 2287 ⁸
544 2258 722 2320 ἄλλως
750 2272 807 2310 τε
840 2259 936 2312 καὶ
983 2257 1338 2328 προλαϐοῦσα
1373 2257 1604 2328 βάσανος
1646 2258 1746 2324 τὴν

163 2344 466 2412 μετέπειτα
515 2344 710 2413 ἡδονὴν
761 2344 1164 2413 ὑποτέμνεται·
1213 2345 1307 2397 καὶ
1337 2348 1364 2397 6
1408 2343 1746 2408 Σαῦσὰτιοςο

158 2435 267 2502 Τῆς
300 2437 576 2505 ὲπικήρου
606 2437 700 2490 καὶ
723 2438 952 2505 ῥεούσης
977 2437 1173 2506 ἡδονῆς
1195 2431 1295 2490 ὦδε
1325 2437 1467 2489 καθὰ
1490 2438 1584 2490 καὶ
1611 2439 1749 2508 μόνη

162 2529 315 2596 μένει
381 2529 670 2588 ἀπόκλισις
721 2527 987 2596 σφαλερὰ,
1045 2527 1246 2596 φησίν·
1294 2528 1342 2578 εί
1394 2527 1450 2579 δὲ
1509 2529 1602 2580 καὶ
1652 2529 1749 2596 τὴν

157 2618 416 2671 ἀσέϐειαν
471 2617 746 2685 ἑπομένην
793 2618 939 2685 ὲχοι,
993 2617 1056 2670 τὸ
1107 2619 1277 2672 κακον
1335 2619 1556 2690 ἡλίκον⁹
1604 2618 1746 2674 ὥστε

159 2709 338 2778 πολλῴ
362 2708 646 2778 κρείττους
673 2712 795 2779 ἐμοὶ
815 2711 870 2762 αί
901 2709 986 2764 διὰ
1014 2711 1256 2782 Χριστοῦ
1284 2711 1555 2776 κολάσεις·
1585 2706 1746 2766 αὗται

159 2800 264 2871 γὰρ
344 2801 615 2868 διηνεκεῖς
661 2801 1040 2873 ταμιεύονται,
1081 2806 1177 2857 κα)⁸
1233 2807 1320 2858 ἀεὶ
1374 2805 1595 2874 μένουσι
1650 2806 1749 2869 τὰς

158 2892 436 2961 ἀμοιϐάς·
493 2893 561 2946 τὰ
595 2893 651 2946 δὴ
692 2894 958 2964 ὑμέτερα,
1016 2895 1126 2963 ὅσῳ
1179 2896 1386 2963 μᾶλλον
1434 2898 1742 2967 εὐφραίνει,

160 2985 400 3054 τοσούτῳ
433 2986 527 3036 καὶ
559 2985 795 3053 λυπήσει
851 2985 1035 3038 πλέον.
1073 2987 1183 3039 Καὶ
1230 2988 1344 3041 είθε
1376 3004 1441 3054 γε
1501 2989 1596 3041 καὶ
1651 2989 1744 3041 τὸν

163 3076 273 3129 ίσον
339 3067 558 3146 χρόνον“,
589 3075 705 3128 ἀλλ’
755 3075 1038 3146 εὐφραίνει
1074 3078 1175 3148 μὲν
1232 3080 1544 3149 πρόσκαιρα
1582 3079 1745 3152 τυχὸν

161 3171 250 3221 καὶ
283 3170 551 3240 ἐφήμερα
573 3208 587 3232 ,
611 3167 851 3241 λυπήσει
885 3170 945 3223 δὲ
976 3169 1222 3226 ἀθάνατα
1263 3170 1359 3224 καὶ
1386 3171 1597 3227 αἰώνια.

230 3438 306 3492 Ε’.
347 3437 739 3508 Ἐκθηριοῦται
800 3440 936 3506 πρὸς
989 3440 1161 3492 ταῦτα
1192 3443 1220 3495 6
1249 3443 1457 3511 ἄρχων,
1507 3445 1604 3496 καὶ
1646 3445 1746 3513 ἁγ-

163 3525 425 3596 ριώτερος
484 3527 726 3594 γίνεται’
760 3528 853 3580 καὶ
917 3529 1247 3598 μετεωρίζει
1310 3532 1409 3601 μὲν
1455 3532 1548 3584 ἐπὶ
1583 3533 1741 3597 ξύλου

162 3621 250 3672 τὸν
281 3618 548 3688 ἀθλητὴν,
578 3619 670 3670 καὶ
703 3618 802 3683 τὰς
833 3619 1075 3689 πλευρὰς
1103 3621 1343 3692 σιδηροῖς
1367 3622 1516 3688 ὄνυξι
1539 3623 1743 3691 διαξέει

161 3709 358 3779 ἀναμο.
391 3747 406 3762 .
439 3748 454 3763 .
483 3748 498 3763 .
525 3749 539 3763 .
575 3727 624 3763 ει
658 3709 716 3765 δὲ
733 3710 801 3762 τὰ
835 3711 970 3764 ὀστᾶ
997 3749 1010 3772 .
1035 3711 1130 3764 καὶ
1156 3712 1337 3764 αὐτῶν
1371 3713 1604 3766 ἅπτεται
1635 3715 1744 3767 τῶν

163 3804 436 3871 ὲγκάτων.
468 3803 748 3874 Περιαλγῆ
788 3803 969 3856 τοίνυν
1001 3805 1093 3856 ἐπὶ
1122 3805 1333 3866 τούτοις
1363 3806 1456 3857 τὸν
1489 3807 1744 3876 μάρτυρα

163 3897 525 3963 θεασάμενος,
569 3897 630 3948 El
657 3896 829 3964 γλυκύ
863 3913 948 3948 σοι
989 3898 1050 3948 τὸ
1084 3895 1173 3948 διὰ
1197 3897 1437 3967 Χριστοῦ
1484 3901 1740 3970 πάσχειν,

160 3989 286 4057 ῑφη,
321 3987 646 4053 Σαὸὃατιος,
681 3990 846 4042 πόθεν
874 3990 922 4042 οί
956 3992 1248 4060 στεναγμοὶ
1305 3993 1400 4046 καὶ
1452 3993 1520 4046 τὰ
1567 3993 1744 4063 θερμὰ

159 4085 317 4134 ταυτὶ
347 4081 596 4151 δάκρυας
629 4080 724 4134 Ἰν’
754 4083 922 4152 εἰδῇς,
944 4084 971 4135 6
1003 4085 1215 4152 μάρτυς
1241 4087 1430 4152 φησὶν,
1463 4085 1608 4147 ὅπως
1633 4086 1744 4153 εγὼ

158 4174 215 4225 τὸ
245 4175 483 4243 πρᾶγμα
511 4173 648 4240 διψῶ
670 4188 682 4201 ·
727 4175 820 4226 καὶ
850 4174 976 4225 ὅσου
1030 4173 1279 4243 τιμῶμαι
1312 4176 1371 4226 τὸ
1413 4175 1480 4227 δι’
1532 4178 1742 4229 ἐκεῖνον

160 4265 355 4319 παθεῖν
378 4279 391 4293 ·
425 4265 509 4318 ὅτι
555 4265 649 4318 καὶ
683 4264 825 4317 οὕτω
855 4264 1192 4335 δριμυτάτην
1219 4266 1412 4336 ὀδύνης
1452 4265 1743 4339 δεχόμενος

158 4357 442 4427 αίσθησιν,
469 4356 544 4420 ὡς
575 4359 667 4413 καὶ
689 4359 768 4418 είς
791 4357 1002 4428 δάκρυα
1049 4359 1258 4428 φανερὰ
1288 4360 1626 4427 κατάγεσθαι
1650 4363 1744 4414 καὶ

156 4447 410 4514 χαλεπῶς
459 4450 667 4517 φέρειν,
693 4449 842 4518 ὅμως
875 4449 1207 4520 θερμότερον
1229 4450 1312 4504 ιτι
1342 4452 1434 4504 τοῦ
1469 4456 1547 4517 είς
1579 4455 1743 4508 αὐτὸν

161 4541 364 4611 ίρωτος
401 4539 624 4612 ἔχομαι,
650 4541 747 4595 καὶ
771 4541 891 4595 οὐδε
919 4541 1064 4594 οὕτω
1099 4543 1205 4595 τῶν
1235 4544 1376 4615 ὑπὲρ
1406 4546 1571 4600 αὐτοῦ
1604 4549 1742 4602 ἀπο·
1777 4534 1820 4590 θ

162 4632 358 4700 στῆναι
395 4630 572 4682 ἄθλων
597 4629 797 4684 ἐθέλω·
835 4631 1021 4686 Ταῦτα
1059 4632 1233 4700 ελεγε.
1258 4635 1368 4688 Καὶ
1409 4636 1471 4690 τὸ
1502 4638 1662 4708 σῶμα
1685 4639 1739 4692 ol

158 4722 352 4792 ὄνυχες
381 4721 695 4776 διενέμοντο
717 4738 731 4752 ·
763 4725 860 4777 καὶ
901 4726 1234 4799 σφοδροτέρα
1269 4728 1525 4802 μᾶλλονή
1556 4731 1740 4803 ὀδύνη,

160 4815 253 4866 καὶ
293 4813 497 4865 πλείων
528 4815 619 4867 επὶ
653 4815 755 4881 τὴν
803 4815 1034 4887 καρδίαν
1089 4818 1438 4873 εἰσέπιπτενο
1470 4823 1660 4893 ἐπειδὴ
1685 4823 1741 4879 δὲ

161 4908 297 4989 πρὸς
343 4904 450 4974 γῆν
483 4922 543 4957 τε
589 4906 695 4976 ἤδη
725 4907 781 4960 αί
828 4907 1028 4977 σάρκες
1073 4913 1411 4982 κατέρρεον,
1440 4913 1532 4966 καὶ
1559 4915 1750 4983 γυμνὰ⁴

158 5001 221 5050 τὰ
255 4997 395 5050 ὀστᾶ
444 4998 877 5066 καταλέλειπτο,
916 5003 1009 5054 καὶ
1051 5005 1152 5072 τὴν
1203 5004 1410 5058 κοιλίαν
1442 5006 1474 5075 ή
1507 5006 1740 5077 βάσανος

159 5094 248 5145 καὶ
286 5096 357 5146 τὰ
389 5092 678 5162 σπλάγχνα
712 5096 1076 5168 κατείργαστο
1098 5138 1114 5162 ,
1141 5097 1236 5150 καὶ⁸
1262 5097 1361 5150 οὐκ
1395 5095 1541 5169 εῐχον
1569 5101 1618 5152 οί
1648 5100 1740 5171 δή-

163 5205 272 5256 μιοι
303 5183 474 5251 οὗπερ
501 5187 726 5257 ἅψονται
757 5189 848 5242 τοῦ
874 5191 1238 5261 ὑποκειμένου
1264 5191 1342 5262 μὴ
1365 5193 1541 5258 ὄντος,
1569 5195 1740 5247 κατά-

163 5297 320 5346 γεται
351 5280 451 5350 μιν
495 5281 591 5333 τοῦ
625 5281 782 5346 ξύλου
813 5283 841 5334 ὁ
867 5283 1104 5354 ἀθλητής
1125 5302 1138 5316 ·
1166 5286 1363 5356 μικρὸν
1397 5286 1452 5340 ἃ
1484 5287 1576 5340 τοῦ
1611 5303 1741 5338 στα-

159 5371 272 5425 δίου
306 5373 414 5438 ἔξω
445 5371 638 5442 ἀρθεὶς
663 5373 763 5444 τὴν
794 5371 976 5445 ψυχὴν
1005 5375 1082 5444 τῷ
1113 5375 1233 5445 Θεῷ
1282 5378 1664 5447 παρατίθεται.

230 5461 624 5535 εἶ’-Λαμπρῶς
649 5465 827 5519 τοίνυν
847 5466 945 5519 τοῦ
978 5465 1277 5521 Σασὸατίου
1304 5471 1396 5521 καὶ
1440 5471 1577 5537 μετὰ
1608 5469 1738 5523 πολ.

163 5555 257 5624 λῆς
300 5559 680 5624 κρατήσαντος
700 5556 798 5624 τῆς
826 5559 1171 5628 περιουσίας,
1193 5560 1463 5627 ἀπογνοὺς
1487 5562 1738 5616 ἐντεῦθεν

165 5651 253 5701 καὶ
293 5643 388 5699 τοῦ
432 5648 716 5718 Τροφίμου
742 5649 771 5701 ὁ
796 5649 998 5719 ἄρχων,
1041 5653 1312 5726 Περεννὶῳ
1346 5657 1606 5728 Διονυσίῳ
1660 5659 1734 5729 τῷ

164 5740 257 5804 τῆς
286 5737 526 5808 Φρυγίας
559 5740 928 5809 Σαλουταρίας
952 5745 1342 5812 ἡγεμονεύοντι
1362 5787 1375 5811 ,
1407 5740 1467 5798 ού
1490 5748 1582 5799 καί
1606 5751 1739 5817 πρό-

163 5845 309 5898 τερον
329 5835 355 5885 ὁ
383 5833 540 5901 λόγος
577 5832 845 5904 ἐμνήσθη,
866 5833 1102 5905 πέμπειν
1133 5837 1222 5890 τὸν
1255 5838 1419 5912 ἄνδρα
1445 5839 1734 5910 ἐσκέψατο,

1865 598 2117 670 busligni
2141 601 2210 656 ad
2233 604 2598 673 torquendum
2623 607 2946 677 comparati,
2973 616 3030 662 ut
3063 623 3132 664 ne
3161 609 3451 666 minimum

1863 693 2080 763 quidem
2113 706 2296 766 posset
2337 700 2631 769 respirare.

1934 877 2024 933 IV.
2063 879 2144 934 Ad
2179 882 2415 936 tribunal
2460 893 2645 940 autem
2694 897 2815 957 post
2858 887 3037 957 ipsum
3079 888 3448 945 introducitur

1861 972 2112 1042 egregius
2136 971 2449 1031 Sabbatius.
2478 977 2537 1030 Ei
2571 987 2752 1032 autem
2797 981 2982 1034 statim
3015 981 3147 1034 dicit
3188 997 3392 1051 praeses
3428 999 3442 1036 :

1858 1060 1978 1117 Non
2025 1080 2178 1137 rogo,
2223 1083 2290 1122 an
2345 1071 2420 1124 sis
2462 1070 2810 1127 Christianus
2847 1073 2976 1143 (hoc
3015 1074 3162 1128 enim
3217 1075 3446 1129 verbum

1857 1155 1995 1210 adeo
2023 1160 2382 1214 aversabatur
2405 1201 2420 1224 ,
2451 1171 2510 1217 ut
2538 1178 2608 1218 ne
2640 1164 2802 1220 vellet
2828 1165 3043 1233 quidem
3069 1165 3278 1230 audire,
3309 1180 3449 1236 quo-

1855 1245 2002 1301 niam
2035 1263 2138 1303 nec
2167 1265 2310 1318 aeger
2335 1260 2523 1309 oculos
2555 1255 2880 1312 sustinuerit
2906 1258 3090 1312 videre
3117 1260 3292 1313 lucem
3323 1274 3448 1329 gra~

1857 1346 1967 1393 tam
2008 1341 2288 1413 omnibus)
2323 1383 2339 1409 ,
2386 1348 2481 1401 sed
2522 1347 2609 1403 die
2656 1349 2911 1419 primum,
2954 1365 3202 1419 quanam
3241 1349 3313 1404 sit
3353 1359 3446 1404 tua

1856 1431 2111 1502 dignitas.
2150 1432 2442 1492 Sabbatius
2494 1452 2677 1495 autem
2718 1459 2731 1496 :
2774 1441 2929 1508 Mihi,
2963 1443 3163 1512 inquit,
3197 1457 3230 1497 ο
3255 1441 3446 1512 judex,

1856 1532 1910 1580 et
1947 1525 2200 1594 dignitas.
2227 1536 2284 1583 et
2318 1531 2513 1598 patria,
2555 1543 2607 1588 et
2638 1535 2828 1603 gloria.
2863 1546 2921 1589 et
2969 1535 3259 1590 facultates
3285 1533 3448 1591 Chri-

1856 1625 1974 1672 stus
2005 1630 2085 1674 est
2120 1620 2214 1676 Dei
2253 1621 2420 1679 Filius
2462 1641 2679 1696 semper
2712 1628 2922 1691 vivens,
2955 1629 3110 1698 cujus
3151 1629 3445 1696 providen-

1858 1706 1928 1760 tia
1960 1708 2062 1763 hoc
2091 1715 2407 1770 universum
2440 1719 2646 1789 regitur
2676 1730 2731 1774 et
2757 1721 3111 1790 gubernatur.
3139 1720 3317 1776 Iudex
3341 1737 3443 1775 au-

1857 1806 1963 1853 tem
1993 1800 2165 1858 libero
2198 1811 2452 1878 martyris
2494 1827 2758 1881 responso
2792 1813 3087 1869 arbitratus
3108 1829 3164 1868 se
3193 1828 3318 1869 esse
3343 1829 3443 1868 ex-

1857 1897 2030 1946 trema
2087 1893 2340 1950 allectum
2382 1903 2732 1966 contumelia,
2773 1903 2821 1957 ci
2868 1905 3118 1975 impingit
3206 1906 3442 1976 alapam,

1855 1983 2164 2042 acclamans
2192 2008 2202 2042 :
2232 1988 2519 2059 Responde
2549 1992 2615 2045 ad
2638 1996 3015 2062 propositum,
3045 2007 3095 2050 et
3119 1997 3440 2067 priusquam

1858 2080 2254 2133 tormentorum
2289 2081 2457 2137 facias
2487 2085 2808 2154 periculum,
2844 2089 3099 2158 procede,
3123 2099 3178 2144 et
3218 2091 3323 2148 diis
3354 2107 3444 2147 sa-

1853 2165 2059 2221 criﬁca.
2115 2168 2308 2226 Postea
2362 2177 2509 2228 enim
2553 2177 2865 2234 sacriﬁcare
2909 2181 3342 2253 eritiugratum,
3388 2193 3445 2240 et

1853 2270 1966 2310 non
2005 2259 2138 2316 adeo
2179 2273 2487 2332 acceptum,
2517 2275 2571 2319 et
2605 2269 2806 2336 alioqui
2851 2274 3162 2336 praecedens
3200 2285 3442 2328 tormen-

1855 2357 1968 2405 tum
2015 2352 2256 2409 detrahit
2294 2359 2359 2410 de
2407 2358 2627 2428 gaudio,
2659 2360 2804 2430 quod
2843 2375 3032 2431 postea
3064 2368 3440 2436 consequitur.

1854 2441 2146 2500 Sabbatius
2180 2462 2347 2502 vero:
2378 2448 2632 2514 Caducae,
2673 2453 2871 2522 inquit,
2914 2463 2968 2508 et
2997 2453 3154 2510 ﬂuxae
3188 2458 3442 2528 voluptas

1854 2535 1943 2594 tis.
1975 2552 2006 2588 ο
2035 2537 2220 2604 judex,
2262 2541 2346 2592 vel
2369 2541 2482 2594 sola
2522 2546 2806 2613 perceptio
2855 2557 2939 2599 est
2973 2547 3179 2602 lubrica
3211 2559 3264 2602 et
3290 2553 3441 2619 peri-

1851 2626 2057 2680 culosa.
2083 2625 2237 2694 Quod
2287 2630 2330 2683 si
2373 2632 2535 2686 etiam
2577 2649 3003 2706 consequentem
3042 2639 3205 2694 habet
3243 2643 3438 2713 impie-

1854 2725 2044 2782 tatem,
2099 2731 2362 2789 quantum
2425 2725 2667 2778 malum?
2710 2727 3077 2792 Quamobrem
3129 2741 3257 2785 sunt
3305 2733 3440 2789 mihi

1851 2809 2099 2877 meliora,
2130 2828 2252 2882 qun
2301 2817 2675 2886 suscipiuntur
2720 2828 2940 2890 propter
2971 2819 3271 2888 Christum,
3305 2840 3442 2896 sup-

1852 2898 2033 2969 plicia.
2070 2903 2139 2954 Ea
2169 2904 2315 2959 enim
2363 2917 2664 2973 reservant,
2698 2921 2751 2964 et
2794 2912 3002 2967 habent
3039 2927 3353 2984 perpetuas,
3385 2927 3442 2974 et

1849 3004 1970 3059 qua:
2003 3007 2220 3062 semper
2264 3009 2512 3060 manent,
2565 3005 3052 3060 remunerationes.
3099 3007 3205 3061 Res
3251 3020 3438 3065 autem

1847 3093 2043 3139 vestra:
2084 3102 2193 3156 quo
2233 3089 2426 3160 majori
2464 3091 2707 3149 alliciunt
2730 3095 3030 3167 voluptate,
3063 3108 3215 3157 tanto
3245 3104 3437 3173 majori

1766 3187 1813 3252 ο
1846 3175 2034 3234 dolore
2050 3178 2494 3254 aﬂicient.Atque
2516 3185 2720 3240 utinam
2748 3189 2861 3254 pari
2886 3199 3149 3258 tempore,
3174 3191 3268 3246 sed
3286 3195 3434 3250 brevi

1847 3269 2065 3336 quidem
2084 3281 2516 3343 temporc,atque
2532 3279 2668 3332 adeo
2688 3291 2964 3334 momento
2987 3285 3243 3352 temporis
3261 3285 3440 3343 delec-

1848 3362 2280 3426 tant,immortali
2305 3376 2487 3420 autem
2505 3377 2558 3422 et
2571 3371 2902 3439 sempiterna
2916 3371 3151 3430 allicieut
3168 3379 3438 3436 molestia.

1921 3455 1982 3510 V.
2015 3453 2106 3510 His
2135 3457 2392 3513 efferatur
2428 3475 2481 3515 et
2507 3464 2618 3517 acri
2659 3464 2738 3517 ira
2785 3477 3031 3521 movetur
3058 3485 3258 3539 prasses
3288 3483 3343 3526 et
3379 3475 3434 3529 in

1847 3547 1993 3616 ligno
2025 3550 2244 3618 quidem
2278 3554 2510 3609 sublime
2543 3557 2679 3611 tollit
2710 3559 2992 3623 athletam.
3026 3572 3186 3634 atque
3221 3568 3435 3637 ungulis

1847 3637 2037 3692 ferreis
2077 3643 2335 3712 discerpit
2379 3646 2546 3698 latera
2573 3689 2588 3712 ,
2621 3664 2741 3702 ossa
2770 3665 2950 3705 autem
2992 3665 3209 3710 emovet
3243 3669 3298 3712 et
3321 3659 3435 3714 elo-

1847 3742 1952 3796 cat,
1987 3742 2042 3787 et
2083 3735 2193 3803 ipsa
2231 3737 2398 3808 tangit
2428 3739 2684 3795 intestina
2707 3783 2720 3796 .
2750 3743 2980 3816 Propter
3022 3749 3136 3805 inec
3164 3766 3292 3823 ergo
3330 3754 3430 3807 tri-

1847 3828 1980 3878 stem
2013 3838 2065 3881 et
2096 3829 2284 3885 dolore
2318 3832 2574 3889 allectum
2630 3841 3028 3909 contemplatus
3075 3856 3364 3916 martyrem
3413 3863 3428 3902 :

1848 3915 1904 3968 Si
1929 3926 2011 3970 est
2043 3919 2164 3981 tibi.
2200 3923 2394 3991 inquit,
2423 3940 2455 3978 o
2480 3925 3028 3997 Sabbati,jucundum
3054 3937 3163 4003 pati
3208 3915 3431 4007 propter

1847 4007 2144 4075 Christum,
2181 4015 2452 4070 undenam
2478 4030 2606 4074 sunt
2636 4023 2890 4090 gemitus,
2938 4035 2991 4079 et
3019 4024 3100 4080 hie
3124 4029 3312 4084 calida
3351 4031 3432 4085 la-

1847 4103 2083 4172 crymaal
2132 4106 2203 4162 Ut
2252 4109 2411 4174 scias,
2491 4111 2668 4184 inquit
2719 4127 2946 4188 martyr,
3003 4133 3265 4189 quantum
3331 4139 3432 4196 ego

1849 4211 1960 4248 rem
2031 4199 2156 4252 sitio
2208 4213 2263 4254 et
2310 4205 2500 4269 quanti
2588 4206 2728 4261 facio
2807 4211 2916 4278 pati
2992 4224 3210 4284 propter
3253 4216 3427 4273 illum.

1846 4284 1979 4342 Nam
2059 4289 2162 4344 etsi
2227 4293 2490 4362 accipiam
2582 4312 2804 4353 sensum
2865 4304 3167 4370 gravissimi
3205 4307 3428 4375 doloris,

1846 4381 1983 4435 adeo
2045 4391 2102 4437 ut
2163 4393 2218 4438 et
2301 4397 2492 4455 aperte
2571 4391 2705 4443 mihi
2797 4405 3086 4462 erumpant
3156 4397 3426 4468 lacrymae,

1849 4483 1904 4529 et
1933 4473 2103 4530 feram
2136 4477 2395 4546 graviter,
2430 4478 2613 4536 adhuc
2647 4492 2828 4537 tamen
2869 4487 3264 4543 vehementiori
3308 4491 3430 4560 ejus

1849 4583 2034 4622 amore
2071 4576 2281 4634 teneor,
2329 4580 2383 4625 et
2419 4588 2490 4628 ne
2533 4575 2610 4628 sic
2664 4576 2884 4645 quidem
2927 4578 3049 4633 volo
3097 4579 3362 4637 desistere
3397 4597 3427 4637 a

1847 4656 2211 4726 suscipiendis
2267 4675 2363 4728 pro
2404 4662 2522 4730 ipso
2572 4663 2872 4719 laboribus.
2915 4665 3043 4721 Haac
3089 4669 3326 4736 dicebat,
3370 4682 3425 4727 et

1851 4762 2045 4818 corpus
2084 4749 2420 4805 dilaniahaut
2447 4753 2680 4823 ungulae,
2713 4757 3000 4828 acriorque
3042 4769 3097 4814 et
3122 4762 3423 4816 vehemen-

1847 4840 1956 4895 tior
1983 4843 2138 4895 dolor
2158 4857 2252 4895 eor
2275 4847 2619 4912 penetrabat.
2646 4848 2780 4907 Cum
2809 4861 2988 4906 autem
3005 4853 3115 4924 jam
3135 4855 3198 4908 ad
3225 4864 3427 4912 terram

1846 4944 2038 4986 carnes
2061 4931 2437 5001 deduxissent,
2481 4946 2535 4990 et
2567 4941 2707 4992 nuda
2733 4954 2856 4994 ossa
2895 4954 3079 4996 essent
3113 4947 3321 5010 relicta,
3371 4958 3429 5002 et

1847 5037 2095 5080 ventrem
2123 5037 2454 5082 tormentum
2498 5029 2850 5094 coniecisset,
2888 5043 2936 5088 et
2985 5034 3287 5092 intestina:
3325 5054 3426 5096 nec

1846 5112 2110 5169 haberent
2139 5117 2444 5181 carniﬁces,
2482 5119 2608 5186 quid
2644 5131 2946 5189 tangerent,
2980 5137 3104 5179 cum
3140 5142 3247 5180 non
3277 5140 3425 5190 esset

1843 5207 2172 5274 subjectum,
2198 5221 2228 5259 e
2255 5206 2398 5276 ligno
2429 5210 2650 5276 quidem
2688 5212 2982 5268 deducitur
3022 5215 3248 5273 athleta.
3285 5220 3423 5276 Cum

1844 5306 2023 5352 autem
2068 5311 2254 5366 parum
2299 5299 2566 5355 abductus
2626 5314 2772 5357 esset
2809 5314 2958 5358 extra
2999 5308 3256 5376 stadium,
3316 5309 3424 5366 Deo

1843 5388 2008 5442 tradit
2035 5389 2293 5441 animam.

1915 5475 2002 5531 γι.
2022 5475 2158 5530 Cum
2183 5492 2313 5544 ergo
2338 5487 2443 5533 tam
2468 5480 2722 5548 praeclare
2745 5482 3080 5541 decertasset
3105 5486 3422 5555 Sabostius,

1843 5577 1898 5623 et
1930 5569 2088 5639 longo
2117 5569 2402 5625 intervallo
2429 5572 2694 5626 evasisset
2724 5575 2990 5644 superior,
3036 5577 3158 5632 ideo
3195 5578 3261 5632 de
3289 5578 3424 5633 Tro-

1843 5662 2034 5731 phimo
2059 5675 2208 5732 spem
2257 5665 2516 5732 abjiciens
2554 5681 2773 5736 prrses,
2818 5668 2882 5721 ad
2931 5668 3257 5724 Perennium
3301 5671 3424 5725 Dio-

1842 5756 2082 5823 nysium,
2122 5753 2365 5826 Phrygiae
2389 5755 2653 5812 Salutaris
2692 5761 2976 5828 praesidem
3005 5802 3018 5826 ,
3053 5764 3208 5830 cujus
3254 5764 3420 5818 etiam

1841 5848 1992 5915 prius
2029 5849 2398 5916 meminimus,
2450 5865 2573 5906 eum
2651 5855 2841 5909 statuit
2894 5856 3127 5914 mittere.
3187 5853 3254 5912 Et
3295 5870 3421 5913 cum
