3970 6442
524 365 633 427 ’139

1766 360 2054 420 MENSIS
2096 360 2571 425 SEPTEMBER.

3691 361 3795 424 740

523 477 667 548 quod
705 478 990 532 tormentis
1020 477 1088 532 ab
1114 492 1180 532 eo
1211 475 1493 545 subjectus
1530 483 1675 530 esset
1696 473 2025 543 scripsisset,
2058 480 2113 526 et

2233 474 2368 537 ἱσαις
2408 491 2465 527 τε
2503 473 2759 542 βασάνοις
2812 472 2904 525 ὑπ’
2961 470 3129 525 αὐτοῦ
3164 472 3504 543 παραδοθείη
3537 475 3673 541 προς
3702 477 3793 526 τὸν

522 570 981 641 quemadmodum
1010 569 1299 624 lictoribus
1322 570 1478 639 longe
1501 567 1768 622 evasisset
1807 566 2022 629 fortior,
2052 572 2107 618 et

522 664 669 734 quod
697 664 868 717 solum
908 664 1186 717 Christum
1227 664 1433 728 colens,
1476 662 1689 715 illorum
1730 660 1863 714 deos
1904 658 2109 712 rideret

524 770 580 812 et
640 758 789 810 nihili
822 757 1062 820 faceret;
1116 770 1352 823 cumque
1401 753 1612 807 calceos
1672 751 1883 805 ferreos
1941 748 2109 802 clavis

527 851 698 903 acutis
725 858 780 903 et
818 850 1031 908 subtus,
1064 856 1116 900 et
1143 862 1206 900 ex
1239 846 1457 913 obliquo
1488 845 1755 905 conﬁsos,
1804 840 2108 911 martyricis

525 940 631 994 illis
656 940 933 1009 Trephiini
965 939 1190 1008 pedibus
1214 940 1363 1007 prius
1392 936 1583 1004 subjici
1605 935 1880 1004 jussisset,
1905 944 1959 987 et
1992 932 2107 987 cla-

527 1048 627 1085 vos
680 1047 773 1100 per
814 1033 977 1100 pedes
1041 1030 1410 1098 trausegisset,
1454 1030 1608 1097 jubet
1653 1026 1852 1079 deinde
1909 1025 1992 1093 agi
2051 1025 2106 1077 in

529 1120 837 1191 Phrygiam.
890 1120 987 1174 Hie
1031 1120 1176 1173 enim
1217 1119 1500 1171 dicebatur
1550 1115 1752 1169 νει-επὶ
1800 1114 2105 1182 Dionysius.

529 1211 620 1267 llle
653 1223 834 1266 autem
865 1212 1115 1273 libenter,
1145 1219 1197 1263 et
1222 1226 1345 1263 enm
1371 1209 1565 1278 gaudio
1595 1207 1777 1260 clavos
1801 1206 1903 1259 sibi
1934 1204 2107 1274 subji-

528 1304 702 1368 ciens,
746 1303 903 1372 longe
944 1300 1283 1369 praecedebat
1340 1306 1742 1366 consequentes
1773 1295 2002 1363 pedites,
2056 1302 2110 1348 et

530 1394 689 1448 simul
742 1402 1023 1447 currentes
1074 1392 1312 1459 equites.
1358 1388 1475 1442 Non
1516 1389 1661 1443 enim
1703 1388 1857 1441 dolor
1907 1386 2110 1456 pedum

529 1490 705 1558 potuit
734 1500 1059 1556 generosum
1104 1485 1249 1536 illius
1286 1484 1527 1535 animum
1558 1483 1811 1535 vincere:
1844 1480 1938 1533 sed
1966 1479 2110 1535 leves

530 1580 711 1649 potius
742 1578 791 1631 ei
842 1577 1072 1631 addebat
1122 1576 1254 1642 alas,
1301 1576 1713 1643 ﬁrmioremque
1770 1571 2035 1627 reddebat
2059 1580 2113 1626 et

530 1671 981 1725 constantiorem.

605 1935 720 1991 Vll.
750 1933 1015 1990 Confecto
1063 1935 1243 2005 itaque
1274 1933 1436 1987 trium
1494 1932 1707 1987 dierum
1756 1933 1977 1996 itinere,
2016 1946 2111 1985 ve-

530 2028 694 2082 niunt
718 2026 985 2098 Synadam
1014 2027 1255 2097 Phrygia:
1286 2028 1591 2081 civitatem.
1639 2025 1738 2079 llic
1776 2040 1902 2078 cum
1933 2024 2114 2077 llelio-

532 2120 650 2175 dori
713 2121 921 2173 litteras
980 2120 1199 2190 legisset
1256 2120 1580 2188 Dionysius,
1648 2128 1701 2172 et
1755 2119 2115 2172 intellexisset

536 2210 993 2280 quemadmodum
1021 2225 1077 2263 se
1110 2207 1373 2263 haberent
1399 2208 1631 2277 singula.
1651 2208 1909 2274 jussisset
1932 2218 2112 2262 autem

534 2310 829 2370 martyrem
881 2297 995 2351 sisti
1025 2298 1091 2351 ad
1130 2314 1287 2352 suum
1323 2297 1559 2350 tribunal
1593 2294 1715 2350 :Tu
1764 2312 1845 2358 es,
1917 2296 2114 2365 inquit,

535 2386 904 2455 Trophimus?
941 2385 1137 2454 )lartyr
1184 2400 1351 2437 vero:
1388 2383 1520 2453 Ego,
1553 2386 1752 2453 inquit,
1791 2384 2121 2453 TrOphimus

536 2492 723 2543 vecor,
766 2492 993 2547 sumque
1024 2492 1214 2531 servus
1259 2476 1464 2531 Christi
1515 2478 1625 2530 veri
1677 2476 1794 2541 Dei,
1849 2478 1903 2531 in
1958 2492 2119 2545 quem

535 2571 627 2638 qui
688 2569 1062 2635 crediderunt,
1115 2584 1459 2638 nequaquam
1525 2568 1830 2623 allicientur
1888 2570 2117 2639 pudore.

536 2662 678 2727 Quid
709 2676 785 2727 tu,
817 2662 990 2731 inquit
1015 2662 1123 2727 ille,
1146 2662 1198 2715 in
1229 2663 1313 2717 his
1334 2664 1515 2717 adhuc
1549 2663 1817 2732 persistis,
1871 2662 2117 2715 inanem-

537 2770 643 2823 que
673 2765 728 2808 et
759 2770 952 2807 vanum
996 2756 1142 2808 hunc
1183 2758 1407 2809 invocas
1437 2755 1743 2820 Christum,
1790 2756 1881 2823 qui
1938 2755 2124 2807 multis

540 2847 643 2901 luit
673 2862 835 2899 causa
860 2846 1093 2899 mortis?
1126 2847 1231 2900 Sed
1264 2847 1369 2901 etsi
1416 2861 1520 2900 non
1561 2849 1733 2916 prius,
1757 2856 1811 2900 at
1842 2862 1986 2899 nunc
2017 2846 2123 2898 sal-

543 2948 672 2998 tem,
703 2936 922 2991 dimissa
950 2936 1003 2989 in
1036 2938 1211 3006 ipsum
1240 2936 1440 2989 liducia
1472 2936 1575 2993 diis
1601 2935 1868 2996 sacriﬁca,
1897 2944 2125 2988 mortem

540 3029 809 3098 eﬂ'ugiens
837 3046 850 3081 :
884 3037 939 3082 et
980 3028 1193 3082 lucrare
1224 3030 1387 3082 vitam
1434 3041 1781 3098 praesentem.
1814 3027 2126 3081 Generosus

542 3129 723 3173 autem
754 3120 1031 3189 excipiens
1090 3119 1423 3187 Trophimus
1454 3138 1467 3173 :
1514 3120 1740 3173 Mortem
1771 3120 2014 3186 quidem,
2043 3119 2125 3170 in-

542 3220 682 3281 quit,
716 3225 817 3264 nec
850 3213 892 3264 si
932 3210 1088 3263 velim
1122 3211 1430 3281 ellugerim.
1462 3208 1595 3263 Nam
1623 3210 1723 3263 etsi
1757 3225 1865 3263 non
1899 3220 1951 3262 tu
1981 3225 2124 3275 eam,

542 3314 597 3357 at
630 3314 827 3356 natura
869 3304 1092 3356 omnino
1127 3303 1333 3367 alleret,
1364 3314 1417 3357 et
1444 3304 1513 3364 ei.
1560 3319 1678 3371 quae
1706 3303 1995 3364 debentur,
2028 3318 2126 3354 ex-

543 3397 770 3459 solvam,
817 3411 939 3449 cum
996 3396 1094 3449 sim
1156 3396 1339 3449 homo.
1400 3394 1547 3449 Licet
1606 3403 1787 3448 autem
1846 3408 1909 3446 ea
1960 3394 2127 3446 vitam

543 3502 862 3555 comparare
896 3494 1239 3554 perpetuam,
1267 3502 1387 3553 qua:
1414 3486 1576 3553 longo
1603 3485 1888 3538 intervallo
1907 3495 2131 3554 superat

546 3582 687 3633 hanc
720 3577 918 3631 ﬂuxam
960 3586 1013 3631 et
1042 3576 1322 3642 caducam,
1359 3577 1503 3647 quod
1532 3578 1599 3631 ad
1633 3578 1968 3647 voluptatem
1998 3580 2127 3632 atti-

547 3682 637 3728 net
665 3682 719 3727 et
743 3671 1139 3728 beatitudinem
1176 3690 1189 3724 :
1231 3672 1366 3725 adeo
1400 3680 1457 3725 ut
1489 3686 1609 3740 quae
1642 3680 1767 3724 sunt
1797 3671 1946 3726 illius
1982 3672 2126 3734 vitae,

549 3779 655 3819 nec
680 3764 893 3834 possint
920 3764 1069 3816 cerni
1102 3765 1296 3826 oculis,
1332 3779 1433 3816 nec
1457 3764 1633 3816 audiri
1659 3765 1903 3828 auribus,
1941 3780 2041 3817 nec
2077 3765 2128 3816 in

547 3872 642 3910 eor
678 3857 914 3910 hominis
946 3854 1264 3909 ascendere.
1304 3854 1479 3925 Hujus
1506 3872 1606 3926 ego
1642 3857 1769 3910 vita:
1824 3871 1942 3910 sum
1984 3872 2133 3913 nunc

549 3962 744 4016 magno
774 3961 959 4001 amore
988 3956 1198 4014 captus,
1231 3955 1284 3999 et
1311 3961 1535 4015 magnas
1562 3946 1657 3999 tibi
1696 3946 1869 4001 habeo
1904 3949 2126 4017 gratias,

551 4039 696 4106 quod
745 4053 830 4091 me
879 4038 1007 4090 illuc
1063 4036 1297 4089 transire
1344 4047 1753 4105 properantem.
1805 4054 1996 4107 urgeas
2041 4054 2135 4107 per

550 4144 695 4195 caui,
724 4139 885 4198 quam
920 4128 1209 4191 minitaris,
1244 4137 1497 4182 mortem.

630 4328 762 4384 Vlll.
798 4325 952 4381 Tunc
985 4335 1129 4380 totus
1163 4325 1216 4379 in
1248 4340 1372 4379 eum
1403 4326 1535 4378 iram
1575 4326 1792 4395 spirans
1827 4327 2133 4397 Dionysius,

550 4425 703 4494 jubet
736 4439 765 4476 a
795 4430 1030 4490 quatuor
1059 4428 1341 4473 extensum
1379 4419 1564 4474 crudis
1598 4420 1761 4474 boum
1794 4421 1977 4475 nervis
2012 4436 2136 4474 ver-

2210 564 2483 615 Διονύσιον
2508 563 2744 632 γράψας,
2789 565 2937 626 ὅπως
2966 581 3027 615 τε
3064 565 3418 633 ἰσχυρότερος
3472 564 3659 632 πολλῴ
3685 565 3795 618 τῶν

2208 655 2417 725 δημίων
2440 657 2670 723 γένοιτο,
2691 660 2782 708 καὶ
2807 657 2959 718 ὅπως
2987 658 3131 724 μόνῳ
3150 656 3373 724 Χριστῷ
3413 657 3791 724 προσανέχων.

2208 748 2334 808 τοὺς
2365 747 2542 799 αὐτῶν
2568 762 2626 797 τε
2662 746 2838 816 γελῲη
2876 748 3053 812 θεοὺς,
3102 749 3197 798 καὶ
3232 746 3359 815 παρ’
3390 748 3545 799 οὐδὲν
3573 748 3795 810 τούτους

2210 840 2438 890 ποιοῖτο.
2471 836 2825 905 ’Υποδήματα
2850 838 3027 891 τοίνυν
3055 840 3249 906 σιδηρᾶ
3272 837 3421 907 ἥλοις
3447 839 3600 903 ὀξέσι
3626 843 3797 892 κατω-

2211 928 2303 982 θέν
2332 947 2388 981 τε
2422 932 2514 983 καὶ
2544 933 2607 982 ἐκ
2646 930 2878 999 πλαγίου
2906 932 3327 1001 διαπεπαρμένα
3357 936 3488 995 τοὺς
3526 952 3795 1004 μαρτυρι-

2213 1022 2340 1082 κοὺς
2373 1020 2641 1082 ἐλεεινοὺς
2690 1021 2784 1073 τοῦ
2819 1022 3101 1090 Τροφίμου
3152 1024 3319 1085 πόδας
3356 1026 3633 1093 πρότερον
3672 1028 3798 1077 om.

2208 1112 2424 1181 δεθῆναι
2471 1112 2660 1177 εἰπὼν,
2713 1114 2807 1166 καὶ
2854 1114 3141 1183 διαπείρας
3200 1117 3322 1175 τοὺς
3380 1118 3548 1185 ἥλους
3581 1117 3669 1170 διὰ
3694 1119 3799 1170 τῶν

2212 1203 2408 1267 ποδῶν,
2441 1199 2560 1256 εἶτα
2603 1206 2693 1257 ἐπὶ
2725 1206 2965 1273 Φρυγίαν
3011 1206 3336 1259 ἐλαύνεσθαι
3388 1209 3646 1260 κελεύειο
3680 1210 3797 1278 τῇδε

2213 1297 2320 1364 γὰρ
2352 1296 2629 1359 Διονύσιος
2685 1298 2924 1364 ἐλέγετο·
2952 1298 3270 1367 διατρίϐειν.
3336 1302 3396 1351 'U
3429 1302 3506 1361 δὲ,
3562 1303 3795 1369 ἅσμενος

2215 1390 2308 1440 καὶ
2344 1388 2466 1457 μεθ’
2506 1388 2696 1455 ἡδονῆς
2728 1391 2852 1451 τοὺς
2876 1390 3037 1459 ἥλους
3068 1392 3531 1460 ύποῦαλλόμενος,
3593 1394 3801 1464 ἐμπρο-

2217 1484 2340 1536 σθεν
2373 1479 2473 1553 ἦγε
2523 1484 2814 1554 παραπολυ
2848 1486 2955 1536 τῶν
2983 1502 3040 1537 τε
3082 1487 3440 1555 ἐφεπομένων
3474 1489 3658 1550 πεζῶν
3709 1491 3802 1541 καὶ

2214 1576 2323 1627 τῶν
2354 1578 2853 1647 συμπαραθεόντων
2890 1578 3098 1629 ἱππέων
3124 1595 3135 1606 ’
3171 1580 3228 1630 ού
3271 1582 3378 1648 γὰρ
3412 1583 3445 1649 ὴ
3476 1580 3587 1631 τῶν
3626 1580 3800 1631 ποδῶν

2216 1666 2376 1735 ὀδύνη
2409 1665 2625 1733 ἐλέγξαι
2648 1669 2744 1735 τὴν
2772 1668 2866 1736 τῆς
2896 1668 3105 1719 ἐκείνου
3133 1667 3310 1735 ψυχῆς
3347 1669 3530 1736 ἰσχύος
3589 1686 3804 1737 γενναι-

2218 1758 2406 1826 ότητα,
2433 1758 2567 1809 ἀλλὰ
2616 1760 2816 1826 κοῦφον
2860 1762 2994 1829 αὐτῇ
3026 1760 3225 1828 μᾶλλον
3254 1763 3548 1830 εἰργάσατο
3589 1764 3649 1814 τὸ
3679 1780 3807 1818 πτε-

2150 1841 2191 1897 Β
2227 1848 2341 1917 ρὺν,
2373 1850 2465 1899 καὶ
2506 1849 2865 1917 εὐτονώτερον
2894 1852 3109 1902 instat;

2290 1942 2363 1993 Z'.
2422 1940 2603 2009 Τριῶν
2663 1942 2844 1992 τοίνυν
2889 1944 3115 2013 ἡμερῶν
3169 1944 3267 2014 τὴν
3321 1946 3526 2013 μεταξὺ
3579 1947 3808 2015 πορείαν

2216 2032 2313 2086 ἁνύ
2328 2049 2538 2096 σαντες,
2558 2033 2636 2094 εἰς
2660 2032 2866 2084 Σύναδα
2894 2034 3045 2085 πόλιν
3064 2036 3157 2103 τῆς
3181 2037 3421 2105 Φρυγίας
3450 2039 3807 2105 κατάγονται.

2231 2124 2495 2177 Ἐνταῦθα
2530 2125 2595 2175 τὰ
2630 2124 2954 2193 ’Πλιοᾶὼρου
3009 2130 3314 2195 γράμματα
3365 2131 3643 2194 Διονύσιος
3680 2133 3812 2183 ἁνα-

2221 2214 2401 2281 γνοὶνς,
2423 2213 2515 2264 καὶ
2536 2214 2682 2275 ὅπως
2708 2214 2910 2267 ἕκαστα
2934 2213 3045 2286 εἶχε
3066 2217 3276 2285 μαθὼν,
3302 2219 3374 2287 τῷ
3393 2221 3579 2288 οἰκείῳ
3604 2220 3811 2288 βήματι

2220 2307 2309 2357 τὸν
2345 2306 2595 2375 μάρτυρα
2647 2310 3120 2377 παραστήσας,Συ
3171 2306 3237 2374 εἷ,
3277 2312 3429 2380 φησὶ,
3490 2312 3810 2380 Τρόφιμοςς

2224 2396 2329 2446 Καὶ
2363 2397 2388 2444 ο
2418 2400 2649 2464 μάρτυς,
2686 2396 2845 2462 Ἐγὼ,
2871 2399 3247 2465 ἀποκρίνεται,
3276 2400 3461 2463 δοῦλος
3495 2401 3549 2453 δε
3568 2402 3662 2453 τοῦ
3684 2403 3817 2467 Χρι-

2226 2487 2392 2557 σρτού
2424 2488 2517 2540 τοῦ
2540 2490 2794 2558 ἀληθινοῦ
2814 2489 2967 2551 Θεοῦ,
3006 2508 3082 2553 εις
3110 2492 3167 2543 ὃν
3200 2493 3249 2543 οί
3287 2494 3718 2554 πεπιστευκότες
3753 2494 3814 2544 ού

2226 2581 2699 2647 καταισχύνοντατ.
2722 2582 2785 2632 Τί
2807 2578 2895 2633 οὖν
2918 2584 3190 2651 ἐπιμένεις
3215 2586 3291 2634 ἐτι
3311 2587 3424 2645 τοῖς
3454 2584 3661 2647 αὐτοῖς,
3687 2585 3834 2658 ἔφη,’

2226 2673 2319 2723 καὶ
2354 2676 2582 2738 μάταιον
2636 2673 2826 2724 τοῦτον
2859 2674 3152 2736 ἀνακαλεῖς
3202 2675 3458 2745 Χριστὸν,
3486 2674 3545 2738 ὃς
3596 2676 3817 2738 πολλοῖς

2228 2759 2405 2829 αἴτιος
2430 2760 2661 2812 θανάτου
2684 2763 2978 2830 γεγένηται
3003 2778 3015 2825 ;
3061 2763 3199 2815 Ἀλλ’
3226 2766 3274 2815 εἰ
3300 2765 3393 2817 καὶ
3421 2766 3497 2835 μὴ
3522 2766 3815 2833 πρότερον,

2228 2849 2320 2902 νῦν
2360 2852 2492 2918 γοῦν
2542 2848 2640 2921 τῆς
2697 2852 2782 2905 ἐπ’
2841 2853 3003 2905 αὐτὸν
3057 2855 3351 2921 ἀφειμένος
3404 2856 3814 2923 πεποιθήσεως,

2230 2942 2390 2995 θῦσον
2428 2948 2535 3005 τοῖς
2577 2946 2741 3010 θεοῖς,
2768 2948 2861 2997 τον
2890 2947 3120 2996 θάνατον
3151 2945 3455 3013 διαφυγὼν,
3492 2950 3587 2998 καὶ¹
3618 2948 3820 3017 κέρδη-

2233 3051 2323 3085 σον
2354 3038 2452 3103 τὴν
2485 3036 2764 3104 παροῦσαν
2811 3035 2976 3104 ζωήν.
3006 3036 3064 3088 Ὀ
3097 3040 3342 3102 γενναῖος
3391 3039 3573 3090 τοίνυν
3609 3039 3818 3091 ὑπολα-

2232 3127 2339 3179 ϐὼν
2376 3128 2677 3197 Τρόφιμος,
2700 3129 2941 3182 Θάνατον
2969 3130 3068 3197 μὲν
3098 3130 3203 3181 οὐδ’
3232 3130 3297 3183 ἂν
3320 3131 3526 3200 σφόδρα
3554 3131 3821 3200 βουλόμε-

2232 3239 2317 3283 νος
2351 3222 2601 3290 φύγοιμι,
2624 3222 2725 3291 ἔφη
2756 3239 2767 3251 ·
2798 3224 2843 3273 εἰ
2880 3222 2982 3288 γὰρ
3016 3224 3109 3272 καὶ
3153 3222 3226 3289 μὴ
3284 3223 3346 3272 σὺ
3380 3222 3589 3285 τοῦτον,
3640 3224 3755 3274 ἀλλ’
3790 3226 3822 3293 ἡ

2234 3314 2396 3380 ιρύσις
2456 3315 2647 3375 ἐπάξει
2706 3317 2943 3373 πάντως,
2980 3314 3070 3363 καὶ
3130 3313 3303 3381 ταύτῃ
3351 3313 3417 3364 τὰ
3477 3315 3823 3384 όςκειλόμενα

2236 3406 2607 3475 λειτουργήσω
2628 3406 2913 3475 ἄνθρωπος
2945 3406 3022 3457 ὢν
3051 3423 3063 3436 ο
3091 3406 3266 3469 ἔξεστι
3296 3406 3347 3459 δὲ
3370 3408 3517 3477 ζωὴν
3540 3410 3824 3479 ἐμπορεύ-

2237 3500 2432 3548 σασθαι
2459 3496 2648 3549 τούτου
2681 3496 2925 3566 διηνεκῆ,
2958 3497 3135 3563 πολλῷ
3163 3498 3238 3563 τῷ
3278 3497 3483 3564 μεταξὺ
3522 3500 3623 3568 τὴν
3650 3503 3825 3570 πράσ-

2234 3605 2424 3652 καιρον
2454 3588 2658 3653 ταύτην
2694 3592 2785 3638 καὶ
2823 3590 3057 3653 ῥέουσαν
3084 3589 3317 3655 κατάγει
3354 3592 3444 3640 τον
3469 3593 3569 3659 τῆς
3628 3595 3825 3661 ἡδονῆς

2236 3680 2394 3747 λόγον
2426 3680 2519 3732 καὶ
2549 3683 2645 3749 τῆς
2690 3680 3098 3751 μακαριότητος
3126 3682 3573 3752 ύπερὸαίνουσαν
3616 3687 3713 3737 καὶ
3739 3705 3831 3741 τοτ-

2238 3771 2445 3835 σοῡτον,
2484 3772 2593 3839 ὅσῳ
2652 3770 2787 3841 μηδὲ
2844 3769 3109 3839 ὀφθαλμῷ
3152 3771 3217 3821 τὰ
3266 3770 3482 3839 ἐκείνης
3539 3770 3643 3840 τῆς
3678 3772 3829 3841 ζωῆς

2235 3865 2429 3932 ὁρατὰ,
2457 3863 2592 3933 μηδὲ
2624 3863 2758 3915 ὠσὶν
2789 3864 3054 3924 ἀκουστὰ,
3086 3863 3206 3932 μηδ’
3226 3865 3315 3914 ἐπὶ
3349 3862 3581 3932 καρδίαν
3610 3864 3831 3935 ἀνθρὼ-

2236 3972 2340 4007 που
2372 3954 2638 4021 ἀναϐῆναι
2687 3957 2985 4022 δυνάμενα.
3024 3954 3236 4023 Ταύτης
3298 3956 3410 4006 Eiet
3481 3956 3655 4009 τανῦν
3715 3961 3831 4025 ἐγὼ

2239 4047 2547 4115 θερμότατα
2581 4048 2710 4117 ὲρᾷν
2744 4048 2841 4116 τῆς
2871 4045 3017 4115 ζωῆς
3042 4062 3054 4076 ’
3089 4048 3183 4099 καὶ
3211 4047 3413 4116 πολλὴν
3450 4049 3514 4100 ἄν
3549 4067 3632 4102 σοι
3666 4053 3831 4121 χάριν

2240 4139 2466 4209 εἰδείην,
2491 4138 2632 4191 οὕτω
2666 4156 2733 4209 με
2785 4138 3108 4204 σπεύδοντα,
3138 4140 3230 4191 καὶ
3270 4139 3435 4192 αὑτὸν
3474 4144 3595 4193 ἐκεῖ
3628 4130 3833 4214 διαδῆο

2238 4250 2346 4295 ναι,
2372 4233 2431 4283 δι’
2468 4227 2638 4298 οὗπερ
2671 4231 2914 4291 ἀπειλεῖς
2952 4230 3180 4283 θανάτου
3207 4232 3504 4296 ὲπείγοντι.

2311 4324 2391 4375 ll’.
2429 4322 2687 4373 Ἐνταῦθα
2741 4322 2857 4382 ὅλος
2892 4322 3012 4372 κατ’
3044 4321 3208 4372 αὑτοῦ
3247 4324 3371 4374 πνεῖ
3395 4322 3713 4388 Διονύσιος·
3740 4332 3835 4382 καὶ

2242 4412 2453 4466 κελεύει
2502 4413 2566 4464 ὲκ
2604 4412 2886 4483 τεσσάρων
2921 4411 3247 4466 διαταθέντα
3306 4413 3460 4482 ἱμᾶσι
3496 4416 3624 4485 βοὸς
3679 4422 3833 4490 ὠμά.

556 4515 739 4570 berari
772 4532 785 4567 :
814 4524 866 4568 et
899 4513 1161 4567 continuo
1191 4513 1319 4564 dum
1352 4512 1735 4565 verberaretur
1761 4512 1959 4579 (nescit
1989 4518 2125 4566 enim

2243 4524 2399 4576 τερον
2442 4504 2765 4571 τύπτεσθαι,
2795 4507 2884 4557 καὶ
2912 4506 3236 4575 τυπτομένῳ
3263 4505 3423 4570 εὐθὺς
3448 4509 3532 4575 (οὑ
3556 4511 3671 4578 γὰρ
3702 4515 3837 4564 ἀνα-

557 4607 748 4661 vitium
784 4604 1008 4658 dilIerre
1049 4613 1103 4655 et
1142 4602 1409 4670 cunctari)
1463 4620 1476 4654 :
1536 4601 1632 4655 Dic
1676 4604 1876 4667 solum,
1932 4604 2135 4667 aiebat.

558 4696 879 4767 Trophime,
909 4694 1013 4749 diis
1044 4694 1383 4758 sacriﬁcabo,
1418 4702 1472 4747 et
1521 4694 1663 4748 illico
1689 4710 1718 4747 a
1750 4695 1893 4747 malo
1945 4696 2139 4750 libera-

559 4794 726 4847 beris.
757 4792 850 4845 llle
887 4797 1069 4843 autem
1104 4789 1265 4841 verba
1294 4789 1441 4841 illius
1473 4788 1841 4851 existimabat,
1880 4798 2137 4858 tanquam

562 4900 751 4939 vocem
783 4883 1064 4953 spinarum
1112 4880 1212 4934 sub
1259 4880 1457 4934 lebete.
1505 4879 1722 4933 Sciebat
1778 4879 1945 4943 enim,
1997 4882 2140 4951 quod

562 4986 766 5046 quanto
794 4976 1041 5046 graviora
1078 4979 1265 5029 essent
1299 4989 1394 5025 sua
1428 4974 1751 5037 certamina,
1784 4978 1936 5028 tanto
1959 4989 2018 5027 se
2065 4974 2143 5025 vi—

562 5079 769 5122 ctorem
806 5066 1048 5119 futurum
1071 5066 1380 5125 clariorem.
1415 5074 1468 5117 et
1497 5078 1562 5116 eo
1588 5064 2012 5132 splendidiorem
2042 5065 2141 5117 ha-

564 5160 806 5213 biturum
829 5170 1110 5212 coronam.
1141 5157 1278 5220 Quid
1302 5172 1428 5225 ergo
1452 5155 1579 5208 facit
1610 5157 1730 5208 ille?
1755 5156 1950 5210 lucum
1984 5172 2141 5211 exco-

565 5248 700 5319 gitat
743 5263 943 5300 novum
976 5246 1195 5302 modum
1233 5245 1569 5307 insidiarum,
1616 5252 1672 5296 ut
1718 5243 1973 5297 inusitato
2012 5260 2140 5313 snp-

566 5342 730 5411 plicio
770 5336 1115 5410 perturbaret
1162 5338 1440 5391 athletam.
1503 5336 1637 5390 Cum
1690 5344 1901 5389 acetum
1970 5337 2145 5406 sinapi

566 5438 1053 5501 contemperasset,
1141 5428 1377 5481 infundit
1446 5428 1671 5482 naribus
1721 5427 1985 5496 martyris.
2054 5428 2145 5481 Ille

566 5534 747 5578 autem
775 5533 960 5592 aperte
991 5521 1229 5578 ostendit
1254 5535 1311 5574 se
1354 5520 1555 5572 nullam
1606 5521 1831 5575 omnino
1873 5521 2146 5587 accepisse

568 5613 922 5668 mutationem
953 5628 1017 5666 ex
1044 5610 1395 5666 acerbissima
1427 5608 1512 5660 illa
1568 5610 1990 5674 temperatione.
2040 5608 2145 5663 De-

570 5708 737 5759 decus
777 5719 907 5776 ergo
956 5718 1064 5756 non
1126 5702 1305 5755 ferens
1362 5699 1646 5760 scelestus,
1711 5698 1855 5768 ligno
1913 5700 2148 5768 alligavit

577 5799 833 5853 athletam
864 5812 959 5867 per
990 5809 1104 5861 eos,
1135 5794 1226 5862 qui
1277 5792 1646 5850 inserviebam
1690 5793 1806 5861 ejus
1851 5791 2145 5861 iniquitati,

2243 4598 2535 4650 ὕάλλεσθαι
2593 4594 2736 4649 οἶδεν
2799 4600 2830 4667 ἡ
2890 4598 3061 4651 κακία
3119 4600 3213 4651 κει)⁵
3265 4599 3836 4670 διαμέλλειν),Θῦσον

2246 4688 2430 4755 μόνον,
2462 4687 2731 4755 Τρόφιμε,
2769 4688 2860 4737 ἐπὶ
2882 4690 2989 4748 τοῖς
3041 4689 3201 4751 θεοῖς,
3252 4692 3280 4740 ό
3328 4692 3553 4757 ἡγεμὼν
3588 4694 3794 4746 ἐπεϐόα
3816 4734 3833 4759 ,

2244 4780 2338 4830 καὶ
2370 4778 2462 4829 τοῦ
2492 4777 2662 4829 κακιιῦ
2692 4778 3055 4847 ἀπαλλαγήσῃ
3102 4778 3326 4834 αὐτίκα.
3363 4782 3419 4831 ’0
3451 4780 3505 4831 δὲ
3535 4781 3612 4846 ὡς
3647 4787 3835 4855 φωνὴν

2246 4871 2497 4925 ἀκανθῶν
2551 4870 2655 4923 ὑπὸ
2705 4870 2928 4939 λέϐητα,
2977 4871 3119 4924 οὕτω
3178 4874 3304 4935 τοὺς
3366 4875 3578 4927 ἐκείνου
3634 4878 3834 4945 λόγους

2246 4964 2450 5031 ἡγεῖτοο
2473 4960 2588 5030 ᾔδει
2612 4961 2718 5028 γὰρ
2737 4962 2846 5027 ὅσῳ
2866 4958 3265 5028 χαλεπωτέροις
3288 4960 3515 5012 ὲπάλαιε
3532 5001 3546 5023 ,
3576 4962 3833 5032 λαμπρόα

2244 5072 2397 5124 τερος
2435 5055 2676 5105 τοσούτω
2718 5054 3008 5119 γενόμενος
3062 5053 3408 5122 στεφανίτης.
3437 5050 3503 5103 Τί
3558 5047 3654 5107 οὖν
3687 5057 3835 5107 ἐκεῖ·

2246 5164 2335 5207 νος
2368 5148 2543 5207 ποιεῖ;
2579 5144 2777 5195 unum
2829 5144 3123 5213 ἐπιϐουλῆς
3164 5147 3369 5197 ἐπινοεί
3417 5145 3624 5212 τρόπον
3655 5149 3831 5217 αύτῷ,

2250 5240 2336 5291 ἵνα
2377 5238 2451 5305 τῷ
2506 5238 2829 5305 ἀμελετήτῳ
2886 5238 2979 5287 καὶ
3014 5237 3173 5306 ἀήθει
3213 5236 3308 5303 τῆς
3350 5240 3622 5309 τιμωρίας
3672 5239 3836 5310 θορυ-

2250 5332 2393 5399 ϐήσῃ
2431 5330 2519 5380 τὸν
2564 5328 2843 5396 ἁθλητήνο
2893 5328 3012 5390 ὅξος
3060 5328 3242 5378 τοίνυν
3284 5329 3528 5399 κεράσας
3577 5332 3694 5393 τοῖς
3732 5331 3831 5384 τοῦ

2253 5423 2527 5491 μάρτυρος
2555 5424 2730 5491 ἐπιχεῖ
2764 5423 3073 5492 μυκτῆρσιν
3097 5435 3110 5448 ·
3138 5422 3165 5472 ὁ
3189 5418 3246 5472 δὲ
3276 5425 3365 5474 καὶ
3390 5419 3534 5471 οὕτω
3562 5420 3726 5491 δῆλος
3768 5419 3835 5491 ἦν

2254 5511 2375 5582 μηδ’
2438 5512 2724 5579 ἡντιναοῦν
2781 5510 3084 5579 μεταϐολὴν
3154 5510 3258 5563 ὑπὸ
3343 5508 3435 5559 τοῦ
3495 5509 3835 5581 δριμυτάτου

2252 5607 2533 5670 κράματος
2566 5603 2777 5655 ἐκείνου
2833 5600 3043 5655 παθών.
3090 5604 3204 5654 Οὐκ
3240 5598 3483 5666 ἐνεγκὼν
3518 5604 3705 5654 τοίνυν
3735 5601 3834 5675 τὴν

2251 5695 2512 5764 αἰσχύνην
2542 5698 2568 5747 ό
2606 5693 2835 5762 πονηρὸς
2873 5694 3012 5764 ξύλῳ
3047 5695 3138 5747 τὸν
3168 5681 3409 5763 ἀθλητὴν
3437 5695 3523 5747 διὶ
3558 5695 3669 5745 τῶν
3690 5693 3832 5764 ὑπη-

2257 5789 2593 5859 ρετουμένων
2663 5786 2915 5857 aiatait-f1
2977 5784 3295 5858 παρανομίᾳ
3352 5787 3679 5865 προσέδησε,
3739 5791 3829 5841 καὶ
