3970 6452
173 377 264 441 7H
986 375 1455 438 MARTYRIUM
1493 375 1556 435 S.
1595 373 1978 434 TIiOPHIMI
2020 374 2114 434 ET
2155 373 2566 435 SOCIORUM.

3310 379 3414 441 7L2

169 487 468 552 καταξάνας
505 488 603 550 τὰς
645 487 907 556 πλευρὰς,
952 489 1047 542 καὶ
1080 487 1300 557 βαθείας
1333 488 1389 539 ὲν
1419 487 1610 547 αὐταῖς
1641 500 1731 537 τε·

1841 494 1886 538 et
1912 484 2076 538 latera
2106 485 2388 539 dilauiavit
2420 503 2433 538 :
2468 492 2522 539 et
2555 500 2676 539 cum
2709 483 2762 538 in
2791 485 2870 539 eis
2911 484 3209 554 profundos
3235 489 3418 544 sulcos

171 582 277 650 μὼν
305 579 575 641 αὖλακας,
601 580 849 649 αἱμάτων
888 582 1185 650 ςκατήγαγε
1239 579 1542 648 ποταμούς.
1589 578 1648 630 '0
1679 578 1736 631 δὲ

167 675 268 739 ὅσῳ
297 671 500 740 μᾶλλον
530 671 674 739 ἣρθη
707 671 805 740 τῆς
846 674 968 742 γῆς,
998 672 1240 738 τοσούτῳ
1269 672 1454 724 πλεῖον
1489 670 1732 739 ἐγγίζειν

167 761 333 815 ἐδόκει
367 763 490 831 Θεῷ
516 779 529 792 ο
564 764 678 825 καὶ,
717 761 916 814 Πολλαὶ
948 764 1002 814 αί
1037 763 1270 830 θλίψεις,
1317 764 1490 829 ἔλεγε,
1521 761 1631 814 τῶν
1661 760 1738 812 δι-

169 854 355 918 καίων,
390 855 485 906 καὶ
523 856 586 906 ὲκ
619 852 810 906 πασῶν
854 854 1033 906 αὐτῶν
1065 854 1290 922 ῥύσεται
1324 854 1518 914 αὐτοὺς
1547 853 1574 904 ὁ
1621 853 1737 904 Κύ-

171 964 299 1016 ριος.
345 946 621 1010 Διονύσιος
651 948 733 1012 δὲ,
778 947 978 999 τούτων
1003 945 1241 1008 ἀκούσας
1269 987 1284 1012 ,
1329 945 1393 1000 Ἦ
1437 944 1640 1014 ματαία
1676 959 1732 995 σε

168 1040 299 1107 αὕτη
331 1041 510 1107 ἐλπὶς,
544 1039 684 1104 εἷπε,
723 1042 1023 1110 Τρόφιμος,
1057 1039 1155 1092 καὶ
1192 1039 1519 1106 κουφολογία
1545 1037 1734 1100 κακῶς

166 1130 370 1182 ἀπολεῖ·
397 1133 479 1192 τίς
520 1133 630 1201 γάρ
657 1149 736 1184 σοι
787 1131 879 1181 καὶ
911 1131 1017 1181 ἀπο
1053 1129 1163 1181 τῶν
1214 1127 1418 1179 ὀδυνῶν
1461 1127 1580 1194 ἥξει
1621 1126 1732 1177 τῶν

167 1224 445 1290 παρόντων
467 1227 762 1294 ῥυσόμενος
781 1240 796 1289 ;
814 1219 930 1275 ἀλλ’
956 1221 1144 1284 ἐάσας,
1165 1219 1436 1289 παραινῶ,
1457 1219 1524 1270 τὰ
1540 1217 1728 1282 πολλὰ,

165 1317 250 1366 καὶ
311 1317 413 1385 τὴν
458 1317 620 1384 κενὴν
651 1315 717 1384 ἢν
754 1314 928 1380 λέγεις
963 1310 1340 1380 εὐδαιμονίαν,
1369 1308 1532 1361 θῦσον
1564 1324 1734 1378 προσ-

163 1407 325 1459 ελθὼν
373 1410 481 1467 τοῖς
516 1408 659 1468 θεοῖς
692 1420 706 1433 ·
735 1406 876 1458 οὕτω
914 1407 1023 1475 γὰρ
1082 1405 1147 1458 ἂν
1186 1403 1354 1472 ὀνήσῃ
1410 1403 1603 1454 σαυτὸν
1641 1401 1735 1453 καὶ

164 1502 255 1552 οὐκ
308 1501 487 1562 ἄλλως
517 1539 530 1562 ,
575 1499 730 1551 Ἐπεὶ
803 1499 977 1551 ταῦτα
1040 1497 1204 1567 ψόφοι
1261 1498 1419 1565 μόνον
1469 1495 1577 1546 εἰσὶ
1625 1493 1734 1545 τῶν

164 1589 307 1641 ὢτων
339 1591 760 1658 καταχεόμενοι.
792 1589 833 1639 Τ
847 1587 1025 1641 ούτων
1084 1590 1290 1647 ἐκεῖνος
1324 1583 1539 1637 ἁκούων
1569 1601 1731 1637 κατε-

163 1682 288 1749 γέλα
314 1683 412 1751 τῆς
439 1682 532 1734 τοῦ
552 1681 821 1752 ἡγεμόνος
847 1680 1199 1748 κακουργίας.
1228 1677 1335 1730 Καὶ
1360 1680 1460 1729 οὐκ
1491 1676 1556 1729 ἄν
1582 1693 1732 1743 ποτε,

163 1771 324 1836 εἶπεν,
359 1776 418 1826 ὲν
445 1775 690 1844 ἐμαυτῷ,
722 1772 986 1835 Διονύσιε,
1015 1769 1109 1833 ὢν,
1140 1769 1231 1820 τὸν
1267 1769 1396 1838 ὲμδν
1455 1768 1610 1834 Θεὸν,
1643 1768 1734 1821 τὸν

1838 577 2208 636 dissecuisset.
2252 577 2532 647 sanguinis
2569 577 2790 631 deduxit
2832 576 3049 632 ﬂuvios.
3104 578 3196 633 lllc
3230 591 3413 634 autem

1836 682 1945 734 quo
1970 667 2132 721 altius
2160 669 2411 723 sublatus
2437 678 2553 722 erat
2575 684 2605 723 e
2640 680 2802 732 terra,
2829 685 2892 723 eo
2923 671 3096 739 magis
3132 672 3415 726 videbatur

1838 757 1947 811 Deo
1971 773 2089 812 esse
2109 760 2444 828 propinquus
2469 779 2481 813 :
2505 769 2578 824 et,
2607 759 2806 824 Multtn,
2833 761 3070 824 dicebat,
3094 762 3414 819 aﬂlictiones

1831 849 2123 918 justorum,
2147 858 2200 903 et
2217 865 2283 903 ex
2306 851 2384 904 eis
2406 853 2660 905 omnibus
2683 853 2934 906 liberabit
2961 868 3054 906 eos
3078 853 3338 909 Dominus
3361 858 3404 911 ³.

1837 939 2127 1010 Dionysius
2146 949 2325 993 autem
2349 956 2472 995 cum
2499 942 2613 996 hmc
2639 942 2939 996 audivisset
2968 962 2980 997 :
3012 944 3157 997 Vana
3186 955 3237 999 te
3265 961 3414 1014 spes.

1836 1028 2032 1098 inquit,
2065 1030 2384 1099 Trophime,
2415 1039 2470 1085 et
2510 1031 2646 1085 levis
2670 1031 2927 1098 cogitatio
2953 1035 3094 1088 male
3137 1037 3404 1102 perdunt.

1834 1118 1965 1181 Quis
1994 1121 2141 1174 enim
2173 1121 2238 1174 ad
2265 1129 2316 1174 te
2347 1120 2526 1175 veniet
2549 1137 2577 1174 e
2603 1122 2776 1185 ccelis,
2805 1137 2834 1175 a
2866 1125 3227 1191 praesentibus
3261 1126 3418 1180 malis

1835 1211 2331 1267 Iiberaturus?Sed
2377 1218 2569 1278 multa,
2613 1214 2704 1267 tibi
2746 1215 2966 1279 suadeo,
3022 1221 3186 1270 verba
3227 1217 3416 1272 dimit-

1837 1311 1979 1366 tens,
2025 1312 2080 1357 et
2115 1319 2332 1366 vanam,
2364 1321 2524 1374 quam
2567 1306 2725 1371 dicis,
2769 1306 3104 1371 felicitatem,
3149 1309 3418 1364 accedens

1836 1393 1937 1447 diis
1976 1395 2243 1450 sacrifica.
2278 1394 2368 1450 Sic
2401 1397 2547 1450 enim
2580 1397 2675 1450 tibi
2708 1398 2978 1466 proderis,
3006 1410 3060 1453 ct
3088 1415 3196 1452 non
3233 1401 3412 1455 aliter.

1831 1482 1967 1538 Nam
2005 1485 2118 1540 haec
2144 1495 2272 1544 Sunt
2312 1487 2492 1541 solum
2527 1491 2810 1556 strepitus,
2850 1491 2938 1558 qui
2972 1491 3334 1546 eﬂ'unduntnr
3364 1491 3418 1546 in

1833 1589 2010 1629 aures.
2042 1577 2135 1630 His
2167 1577 2256 1630 ille
2305 1579 2528 1641 auditis,
2565 1579 2826 1633 irridebat
2874 1581 3121 1649 praesidis
3152 1583 3418 1650 improbi-

1835 1675 2019 1730 tatem,
2043 1679 2098 1721 et
2118 1687 2129 1722 :
2147 1666 2456 1738 Nunquam,
2479 1670 2678 1733 aiebat,
2701 1688 2732 1724 ο
2752 1671 2995 1743 Dionysi.
3015 1673 3141 1726 dum
3165 1688 3258 1728 ero
3275 1676 3418 1743 apud

1834 1775 1944 1822 me,
1973 1776 2152 1815 meum
2179 1762 2370 1826 Deum,
2397 1764 2487 1831 qui
2512 1774 2592 1818 est
2618 1780 2779 1817 verus
2805 1773 2858 1817 et
2879 1768 3054 1830 vivus,
3082 1769 3415 1837 negaverim.

163 1865 353 1930 ζῶντα,
384 1865 476 1918 τὸν
500 1866 696 1936 ἀληθῆ,
722 1862 1086 1932 ἀρνησαίμην.
1125 1861 1295 1929 Εἴπερ
1350 1855 1444 1911 οὖν
1499 1875 1581 1911 σοι
1639 1858 1733 1910 καὶ

1841 1848 1888 1902 Si
1914 1859 1996 1903 est
2023 1852 2266 1920 ergotibi
2297 1851 2454 1908 facile
2477 1854 2870 1908 transformare
2897 1856 3168 1924 homines,
3197 1869 3254 1912 et
3287 1859 3421 1915 alios

165 1959 498 2027 μιταπλάττε
511 1975 559 2008 ιν
579 1954 894 2026 ἀνθρώπους
923 1954 1102 2023 ῥᾴδιον
1119 1993 1135 2018 ,
1159 1954 1252 2005 καὶ
1273 1952 1463 2013 ἄλλους
1485 1950 1544 2013 ἐξ
1563 1949 1733 2001 ἄλλων

163 2052 346 2113 ποιεῖν,
382 2048 657 2118 προσδόκα
707 2063 760 2098 τι
803 2044 931 2116 παρ’
989 2043 1125 2115 ἐμοῦ
1157 2044 1250 2096 καὶ
1310 2043 1419 2095 τῶν
1474 2041 1735 2093 ἐναντίων

165 2145 282 2205 ίσως
309 2142 564 2194 ἀκοῦσαι·
595 2140 668 2202 ὡς
696 2140 870 2207 ἔγωγε
897 2141 924 2192 ὁ
952 2138 1112 2201 αὐτὸς
1142 2136 1420 2208 Τρόφιμος
1446 2134 1733 2206 ὑπάρχων,

162 2233 341 2303 ὥσπερ
373 2232 438 2302 δὴ
470 2237 565 2284 καὶ
603 2229 699 2284 νῦν
725 2233 864 2300 είμι,
911 2232 1103 2284 θᾶττον
1135 2228 1476 2297 ἐπιλάθωμαι
1511 2227 1604 2279 τοῦ
1643 2227 1735 2278 ἀν-

165 2327 370 2396 θρωπος
401 2319 540 2376 εἶναι
568 2323 600 2393 ἢ
631 2324 721 2378 τὸν
749 2325 945 2376 οίκείον
997 2321 1274 2390 Δεσπότην
1332 2320 1428 2374 καὶ
1461 2324 1735 2390 Δημιουρ-

165 2419 250 2484 γδν
281 2419 636 2485 ἀγνοήσαιμι.

227 2505 302 2562 6'.
323 2509 434 2560 Καὶ
465 2509 492 2559 ό
522 2504 744 2577 ἡγεμών
765 2521 776 2534 ·
808 2504 1021 2572 Ὠσπερ
1050 2504 1099 2554 εί
1125 2501 1501 2572 παρῃνοῦμεν,
1527 2501 1732 2571 Τρὲφι-

167 2619 278 2671 μσς,
310 2603 383 2672 μὴ
419 2598 726 2670 ἀποστῆναί
770 2615 829 2650 σε
864 2597 962 2667 τῆς
994 2595 1304 2666 ὁμολογίας,
1328 2593 1465 2646 ἀλλὰ
1492 2597 1601 2652 τοῖς
1636 2594 1735 2646 αὑ-

165 2699 266 2758 τοῖς
297 2694 563 2762 ἐμμένειν
596 2693 690 2743 καὶ
719 2690 812 2744 τοῦ
867 2685 1308 2759 Χριστιανισμοῦ
1350 2685 1732 2756 περίσχεσθαι,

164 2779 298 2832 οὕτω
331 2779 470 2850 πρὸς
501 2781 652 2848 ἡμᾶς
686 2778 980 2848 ἀποκρίνῃ.
1016 2778 1126 2830 Καὶ
1164 2781 1290 2838 τοὺς
1335 2775 1563 2846 δημίους
1609 2778 1734 2828 επι-

169 2875 443 2942 στραφεὶς,
472 2871 862 2939 Σφοδρότερον,
889 2870 1094 2937 ἔλεγεν,
1119 2869 1170 2921 εἴ
1191 2887 1308 2931 πως
1337 2869 1433 2937 ὀψὲ
1453 2867 1582 2935 γοῦν
1604 2866 1735 2918 ταύ-

166 2982 258 3034 της
281 2962 560 3030 ἀποσταίη
591 2961 686 3029 τῆς
706 2958 992 3030 φλυαρίας.
1033 2959 1092 3012 ὐ
1114 2962 1169 3012 δὲ
1201 2961 1407 3030 ἔπασχε
1430 2961 1530 3030 μὲν
1558 2960 1650 3011 καὶ
1678 2957 1736 3010 τὸ

169 3056 318 3124 σῶμα
339 3055 648 3107 ἐδαπανᾶτο
673 3069 685 3082 ·
720 3053 934 3122 ἤκμαζε
963 3052 1017 3104 δὲ
1065 3053 1160 3103 καὶ⁵
1210 3051 1468 3104 ἀνέοαλλε
1503 3053 1569 3122 τῇ
1603 3067 1737 3120 προ-

1839 1940 2018 1995 facere
2044 1957 2108 1996 ex
2141 1943 2280 2007 aliis,
2305 1956 2560 2015 exspecta
2592 1946 2728 2013 fore,
2748 1957 2804 2000 ut
2835 1964 2900 2002 ex
2940 1965 3025 2002 me
3056 1950 3259 2019 aliquid
3282 1951 3421 2007 forte

1835 2032 2026 2086 audias
2046 2036 2400 2089 contrarium.
2427 2035 2557 2091 Nam
2583 2053 2686 2106 ego
2708 2039 2924 2106 quidem
2943 2039 3074 2093 dum
3097 2057 3216 2094 sum
3247 2042 3416 2105 idem.

1837 2125 1928 2194 qui
1963 2140 2130 2190 nunc,
2163 2126 2514 2197 Trophimus,
2549 2130 2842 2184 obliviscar
2874 2132 3037 2186 citius
3075 2147 3199 2186 esse
3229 2133 3418 2198 homo.

1836 2231 1999 2285 quam
2046 2233 2226 2272 meum
2269 2221 2628 2290 ignoraverim
2673 2223 2960 2277 Dominum
2997 2233 3049 2277 et
3087 2224 3418 2282 Creatorem.

1908 2506 2002 2563 IX.
2049 2508 2252 2564 Prrscs
2287 2518 2468 2563 autem
2506 2526 2520 2564 :
2559 2507 2794 2564 Perinde
2836 2510 2994 2564 nobis
3029 2513 3352 2580 respondes,
3387 2529 3421 2568 ο

1839 2598 2158 2669 Trophime,
2186 2609 2348 2669 atque
2375 2601 2418 2653 si
2459 2601 2552 2654 tibi
2582 2602 2967 2667 suaderemus,
3007 2618 3117 2657 non
3152 2605 3418 2661 desistere

1838 2709 1867 2747 a
1898 2692 2267 2754 confessione,
2319 2693 2414 2747 sed
2465 2691 2518 2745 in
2559 2694 2768 2748 eisdem
2801 2710 3174 2763 perseverare,
3202 2707 3257 2751 et
3299 2710 3419 2751 am.

1838 2784 2000 2854 plecti
2030 2782 2530 2836 Christianismum.
2568 2783 2636 2836 Et
2682 2799 2983 2837 conversus
3031 2785 3096 2838 ad
3148 2783 3414 2838 lictores:

1839 2875 2249 2936 Vehementius,
2279 2875 2477 2943 inquit,
2506 2876 2550 2929 si
2581 2877 2854 2943 quomodo
2883 2876 3099 2929 tandem
3124 2877 3192 2928 ab
3219 2877 3303 2930 his
3324 2876 3420 2930 de-

1837 2971 1988 3024 sistat
2015 2970 2191 3039 nugis.
2222 2970 2312 3021 Ille
2339 2981 2519 3022 autem
2553 2969 2860 3038 patiebatur
2879 2971 3119 3038 quidem,
3144 2981 3196 3023 et
3219 2985 3418 3038 corpus

1838 3063 1886 3115 ei
1936 3060 2364 3115 consumebatur
2396 3077 2414 3114 :
2447 3060 2659 3130 vigebat
2693 3075 2821 3114 vero
2863 3076 2927 3113 ac
2978 3061 3203 3115 ﬂorebat
3249 3063 3415 3114 alacri

167 3147 356 3219 θυμία·
390 3148 486 3201 καὶ
515 3145 717 3215 θερμὸν
747 3137 858 3196 οἷον
894 3144 1033 3213 ὑπὲρ
1061 3141 1342 3200 εὐσεόείας
1387 3141 1562 3192 ἔπνει.
1608 3143 1736 3191 Δια-

1841 3165 2197 3224 promptaque
2230 3153 2396 3207 animi
2448 3154 2652 3219 studio,
2683 3155 2736 3207 é‘t
2772 3170 2869 3223 pro
2915 3155 3120 3224 pietate
3167 3155 3420 3208 decerta‘

169 3244 369 3307 παίζων
424 3242 608 3294 τοίνυν
659 3240 752 3292 τὸν
809 3239 1030 3308 ἄνδραὸ
1066 3234 1310 3306 ἡγεμὼν,
1352 3233 1538 3294 Οὔπω,
1577 3235 1734 3302 φησὶ,

169 3337 346 3405 ᾔσθου,
365 3337 639 3406 Τρόφιμε,
670 3332 776 3410 τῶν
803 3331 1051 3401 βασάνων
1073 3347 1087 3396 ;
1109 3331 1218 3382 Καὶ
1239 3331 1264 3381 ὁ
1287 3328 1494 3398 μάρτυς
1518 3328 1737 3391 αὐτίκα,

168 3431 225 3482 Σὲ
259 3430 458 3498 μᾶλλον
480 3423 620 3488 οἶδα,
649 3427 779 3493 ἔφη,
812 3424 906 3476 τοῦ
935 3421 1140 3484 πάθους
1163 3419 1547 3474 αἰσθάνεσθαι·
1581 3419 1740 3487 δῆλος

169 3523 265 3588 γὰρ
292 3516 340 3570 εἷ
380 3519 500 3568 λίαν
537 3514 640 3565 ὑπὸ
669 3513 760 3564 τοῦ
792 3513 970 3578 θυμοῦ
1022 3511 1458 3580 τυραννούμενος
1479 3525 1490 3536 ο
1523 3508 1647 3574 ἐμοὶ
1681 3509 1738 3559 δὲ

167 3611 265 3679 ὅσῳ
308 3611 366 3663 τὸ
419 3611 581 3678 σῶμα
630 3603 1045 3666 καταναλοῦται,
1083 3600 1324 3668 τοσούτῳ
1394 3599 1580 3652 λύεται
1629 3598 1738 3651 τῶν

169 3702 368 3772 δεσμῶν
392 3703 490 3755 καὶ
528 3700 586 3752 τὸ
621 3700 739 3751 ὅλον
772 3695 1182 3765 ἐλευθεροῦται,
1209 3694 1302 3745 καὶ
1347 3692 1598 3760 θειοτέρα
1652 3690 1738 3758 γί-

171 3813 308 3847 νεται
359 3797 392 3865 ἡ
422 3795 592 3862 ψυχή.
616 3792 690 3842 Οὐ
724 3795 832 3857 γὰρ
866 3792 1102 3856 μένουσα
1150 3790 1207 3837 ἐν
1236 3785 1314 3853 τῷ
1349 3783 1560 3850 σώματι
1616 3799 1740 3834 συν-

174 3887 519 3956 αποθνήσκει,
542 3884 674 3936 αλλὰ
717 3887 852 3948 πρὸς
884 3882 951 3932 τὰ
985 3877 1293 3945 ποθούμενα
1333 3875 1615 3936 διαϐαίνει,
1647 3874 1739 3925 καὶ

170 3983 250 4032 τὸν
281 3981 476 4030 οἰκεῖον
516 3973 896 4041 ἀπολαμϐάνει
929 3969 1147 4037 κλῆρον.
1187 3965 1245 4020 '0
1281 3968 1378 4036 μὲν
1431 3962 1525 4019 οὖν
1565 3963 1738 4017 ταῦτα

172 4072 344 4140 ἔλεγεν
368 4089 381 4101 ο
420 4071 470 4122 οί
511 4068 697 4137 δημιοι
721 4066 777 4118 δὲ
806 4062 1076 4132 ἀλλήλους
1113 4063 1168 4114 ὲν
1197 4062 1274 4130 τῷ
1301 4060 1440 4125 ξέειν
1495 4058 1738 4127 διαδεχό-

176 4184 334 4233 μενοι,
361 4164 674 4236 βαρυτέρας
725 4161 874 4227 αὐτῴ
929 4158 1021 4217 τὰς
1072 4155 1262 4215 ὀδύνας
1313 4152 1520 4219 ἐπῆγον
1540 4166 1559 4204 ,·
1601 4153 1628 4201 ὁ
1663 4151 1738 4214 δὲ,

184 4256 499 4326 Ἐπέὁλεψον
518 4253 578 4317 εξ
615 4249 845 4317 ούρανοῦ
876 4247 969 4298 καὶ
995 4242 1154 4314 ῥῦσαί
1182 4259 1272 4311 με,
1296 4245 1322 4293 ό
1351 4241 1501 4304 Θεὸς,
1529 4239 1737 4305 ἔλεγεν,

173 4349 231 4400 ἐκ
260 4351 348 4416 τῆς
385 4347 613 4414 παγίδος
663 4343 772 4395 τῶν
823 4339 1192 4409 θηρευάντων·
1238 4336 1322 4386 ὅτι
1361 4333 1423 4385 σὺ
1456 4330 1502 4384 el
1540 4333 1573 4400 ἡ
1603 4331 1737 4382 ὑπο-

176 4444 296 4510 μονῇ
351 4457 476 4508 μου,
531 4439 726 4504 Κύριε.
795 4434 904 4484 Καὶ
965 4431 1138 4496 τούτῳ
1194 4426 1334 4494 ψιλῷ
1408 4426 1484 4494 τῷ
1533 4427 1736 4493 ῥήματι

1841 3247 1934 3300 bat
1986 3247 2362 3299 vehementer.
2419 3246 2561 3300 Eum
2605 3257 2786 3300 autem
2833 3245 3115 3300 ludificans
3156 3261 3357 3315 praeses
3407 3266 3418 3299 :

1841 3339 2114 3399 Nondum,
2152 3339 2350 3408 inquit,
2402 3339 2647 3398 sensisti,
2679 3355 2713 3390 ο
2753 3336 3073 3405 Trophime,
3109 3337 3424 3390 tormenta?

1841 3431 2041 3501 Martyr
2071 3443 2251 3484 autem
2285 3445 2300 3482 :
2332 3427 2470 3491 Jam,
2505 3427 2702 3497 inquit,
2735 3428 2849 3481 scio
2884 3437 2936 3481 te
2992 3428 3160 3498 magis
3213 3431 3421 3483 sentire

1841 3523 2248 3591 perpessionem
2288 3537 2303 3575 :
2358 3529 2544 3590 aperte
2584 3522 2730 3575 enim
2777 3520 3042 3580 ostendis.
3076 3521 3208 3574 iram
3264 3521 3320 3575 in
3371 3531 3426 3576 te

1841 3627 2088 3683 magnam
2111 3628 2365 3665 exercere
2392 3613 2756 3680 tyrannidem.
2792 3613 2921 3665 Mihi
2955 3629 3082 3665 vero
3106 3629 3218 3682 quo
3255 3616 3424 3684 magis

1842 3717 2042 3772 corpus
2089 3702 2450 3765 consumitur,
2495 3716 2561 3754 eo
2617 3701 2784 3771 magis
2835 3702 3063 3754 solvitur
3099 3718 3127 3755 a
3165 3705 3419 3763 vinculis.

1844 3795 2215 3864 liberaturque
2237 3793 2484 3856 omnino,
2508 3802 2560 3846 et
2585 3791 2837 3845 fitanima
2858 3793 3114 3845 divinior.
3138 3791 3252 3846 Non
3278 3795 3422 3846 enim

1842 3899 2068 3938 manens
2122 3885 2176 3936 in
2231 3899 2458 3951 corpore
2508 3900 2610 3934 una
2658 3899 2778 3934 cum
2824 3898 2889 3938 eo
2943 3885 3174 3935 moritur
3247 3901 3259 3936 :
3327 3886 3424 3938 sed

1844 3973 2042 4027 transit
2071 3971 2137 4026 ad
2169 3985 2233 4025 ea
2282 3986 2403 4040 quae
2438 3969 2744 4032 desiderat,
2779 3977 2830 4022 et
2889 3970 3159 4038 pmpriam
3223 3971 3416 4040 recipit

1845 4067 2241 4120 hereditatem.
2293 4063 2384 4117 Ille
2433 4063 2652 4131 quidem
2715 4061 2829 4114 haec
2881 4060 3096 4114 dicebat
3143 4077 3156 4125 ;
3203 4061 3424 4116 lictores

1844 4169 2022 4212 autem
2055 4172 2113 4211 se
2142 4156 2375 4210 invicem
2411 4157 2548 4208 alter
2574 4154 2801 4206 alterum
2833 4153 3190 4220 excipientes,
3220 4154 3269 4205 ei
3300 4169 3422 4223 gra-

1843 4251 2023 4302 viores
2065 4248 2282 4312 dolo_res
2326 4246 2647 4297 aﬂercbant.
2691 4241 2782 4296 Ille
2830 4253 3010 4296 autem
3051 4260 3064 4296 :
3114 4244 3313 4312 Aspice
3352 4245 3420 4298 de

1843 4341 2003 4405 caelo,
2030 4348 2084 4393 et
2107 4353 2192 4392 me
2222 4337 2411 4398 libera,
2440 4336 2674 4401 dicebat,
2704 4334 2866 4401 Deus,
2893 4337 2959 4390 de
2988 4335 3184 4404 laqueo
3216 4352 3419 4391 venan-

1843 4433 1998 4484 tium.
2047 4429 2312 4494 Quoniam
2347 4439 2402 4480 ω
2451 4443 2510 4482 es
2546 4429 2805 4497 patientia
2843 4443 2983 4488 mea,
3027 4427 3313 4480 Domine'.
3359 4427 3422 4480 Et

173 4538 324 4588 πολλα
357 4535 450 4603 την
480 4531 574 4584 τοῦ
601 4527 868 4598 ἡγεμόνος
901 4526 1132 4591 ἑπληττε
1183 4521 1446 4588 κεφαλὴν,
1468 4521 1561 4569 καὶ
1595 4520 1734 4568 κατὰ

1843 4524 1944 4577 hoc
1975 4522 2088 4577 solo
2123 4522 2291 4575 verbo
2318 4520 2470 4572 valde
2500 4518 2948 4586 percussitcaput
2984 4517 3253 4586 prresidis,
3283 4525 3336 4570 et
3366 4518 3420 4570 in

171 4630 258 4698 τῆς
287 4627 564 4696 μακαρίας
602 4619 794 4673 ἑαυτοῦ
826 4617 1068 4685 κεφαλῆς
1113 4615 1240 4683 ὃλην
1272 4612 1484 4664 ἐκείνου
1519 4610 1616 4679 τὴν
1654 4610 1741 4661 δύο

175 4739 326 4790 ναμιν
353 4725 446 4772 καὶ
479 4719 580 4785 τὴν
616 4713 812 4784 μανίαν
845 4712 1032 4762 ἐκίνει.
1066 4707 1285 4776 Ἀμέλει
1332 4707 1424 4761 καὶ
1467 4703 1596 4765 ἃλας
1659 4704 1741 4766 είς

172 4812 278 4876 ὅξος
307 4809 584 4879 ὲμσαλὼν,
616 4808 710 4857 καὶ
733 4805 831 4871 τὴν
880 4802 1087 4854 ἐκείνου
1116 4799 1421 4866 δριμύτητα
1445 4798 1508 4864 τῇ
1539 4795 1742 4845 τούτων

173 4903 308 4970 ἅλμη
338 4902 605 4968 κεράσας,
633 4896 743 4946 τῶν
777 4893 869 4944 τοῦ
903 4893 1178 4960 μάρτυρος
1207 4889 1423 4939 ἐκέλευε
1455 4885 1741 4952 κατακάειν

174 4997 486 5062 τραυμάτων
511 5029 526 5054 ,
557 4987 728 5056 ταύτῃ
762 4985 900 5038 ἑλεῖν
940 4985 1032 5036 τὸν
1081 4982 1182 5051 τῆς
1208 4978 1504 5047 τεύσεὸείας
1540 4978 1740 5043 ἀγωνιο

176 5090 293 5155 oti-pr
325 5089 595 5156 οἰόμενος.
623 5081 720 5131 Ἂν
742 5079 796 5130 δὲ
833 5081 925 5130 καὶ
949 5079 1023 5147 μὴ
1051 5077 1177 5140 ἕλω,
1207 5075 1392 5144 φησὶν,
1419 5073 1708 5124 ἁσθενέστε
1729 5098 1742 5109 -

178 5193 256 5246 ρον
291 5180 330 5230 δ’
358 5179 450 5229 οὖν
491 5182 641 5245 ὅμως
673 5169 981 5242 παρέξομαι
1019 5169 1154 5236 πρὸς
1185 5171 1251 5219 τα
1291 5166 1577 5235 μέλλοντα.
1595 5163 1740 5216 Ἀλλ’

175 5275 198 5322 ο
224 5271 584 5342 δρασσόμενος
613 5269 740 5329 τοὺς
774 5265 969 5332 σοφοὺς
1001 5263 1058 5312 ὲν
1088 5263 1155 5330 τῇ
1193 5259 1502 5328 πανουργίᾳ
1537 5255 1738 5319 αὐτῶν,

175 5373 302 5418 κατα
328 5367 424 5436 τῆς
449 5361 660 5414 ἐκείνου
694 5360 894 5428 μᾶλλον
920 5355 1116 5418 κακίας
1157 5353 1218 5406 τὺ
1256 5351 1496 5420 σόφισμα
1549 5352 1740 5418 περιέ-

176 5473 348 5524 τρεπε.
377 5459 489 5509 Καὶ
525 5457 552 5507 ὁ
595 5453 826 5522 μάρτυς,
867 5451 1024 5503 Οὖτω
1058 5439 1324 5510 τοίνυν,ιῖ›
1348 5443 1595 5513 ἡγεμὼν,
1623 5442 1739 5494 ελε-

179 5569 280 5619 γεν,
303 5553 361 5605 οὐ
398 5548 800 5622 διαρῤυήσεταί
845 5564 936 5614 μοι
964 5547 1024 5598 τὸ
1054 5543 1236 5613 σῶμα,
1274 5541 1396 5595 οὐδὲ
1421 5539 1703 5609 οίχήσεται
1724 5552 1736 5566 ·

177 5646 228 5696 τὸ
262 5645 500 5698 ἐναντίον
529 5645 628 5711 μὲν
655 5635 745 5693 οὖν
776 5637 923 5692 ἅπαν
966 5639 1059 5691 καὶ
1107 5637 1257 5703 ὑγιὲς
1291 5633 1422 5688 αὐτὸ
1465 5630 1664 5700 μᾶλλον
1693 5630 1739 5682 οἱ

244 5821 422 5878 'Psal.
457 5833 650 5883 xxxiii,
678 5815 768 5869 20.
846 5815 864 5844 ¹
895 5813 1038 5868 Psal.
1070 5827 1155 5878 xc,
1200 5813 1253 5865 5.

1839 4616 2056 4671 beatum
2091 4629 2248 4667 suum
2282 4620 2442 4678 caput
2475 4611 2782 4664 universam
2814 4610 2921 4661 vim
2955 4608 3100 4661 illius
3145 4609 3313 4662 movit
3364 4619 3420 4662 et

1841 4706 2127 4763 insaniam.
2162 4702 2348 4772 Itaque
2381 4717 2505 4755 cum
2543 4701 2710 4753 salem
2758 4698 3038 4766 iniecisset
3085 4700 3136 4750 in
3181 4709 3421 4760 acetum.

1840 4807 1888 4851 el
1931 4796 2094 4865 hujus
2133 4795 2490 4849 acrimmiiam
2533 4792 2678 4844 illius
2715 4799 3080 4860 temperasset
3127 4791 3421 4853 salsedine,

1837 4891 2076 4960 jussitea
2110 4887 2400 4942 infundere
2425 4883 2477 4936 iu
2499 4883 2721 4938 vulnera
2747 4882 3020 4952 martyris,
3047 4883 3126 4934 sic
3146 4881 3424 4934 arbitrans

1842 4996 1899 5036 se
1931 4988 2367 5048 expugnaturum
2402 4975 2662 5030 athletam
2714 4974 2952 5043 pietatis.
3000 4972 3155 5035 Quod
3207 4972 3250 5025 si
3310 4986 3420 5024 nou

1841 5085 2247 5142 expugnavero,
2270 5069 2470 5130 aiebat,
2495 5076 2587 5120 aut
2615 5065 3022 5119 imbecilliorem
3050 5078 3174 5116 eum
3203 5063 3422 5117 reddam

1842 5165 1908 5219 ad
1934 5164 2138 5217 futura.
2163 5161 2268 5216 Sed
2295 5162 2385 5227 qui
2431 5155 2847 5227 comprehendit
2875 5155 3149 5225 sapientes
3182 5156 3235 5206 in
3271 5163 3420 5207 astu-

1844 5259 1914 5312 tia
1951 5271 2166 5320 eorum,
2209 5253 2283 5315 id,
2323 5253 2466 5322 quod
2496 5251 2914 5320 excogitaverat,
2946 5245 3425 5303 convertitadver-

1848 5366 1942 5406 sus
1972 5351 2114 5403 illius
2145 5347 2422 5401 malitiam.
2459 5346 2524 5398 Et
2557 5353 2798 5412 martyr;
2829 5341 2937 5404 Sic,
2961 5340 3118 5402 dixit,
3141 5352 3176 5392 ο
3205 5353 3423 5407 ριάιεος,

1850 5458 2046 5513 corpus
2077 5455 2256 5494 meum
2291 5453 2400 5492 non
2424 5436 2652 5499 difﬂuet,
2683 5449 2784 5490 nec
2813 5432 3048 5502 peribit;
3081 5432 3190 5487 imo
3209 5441 3422 5496 contra,

1848 5537 1929 5591 sal
1963 5533 2183 5605 quidem
2215 5532 2391 5602 ipsum
2435 5527 2780 5586 conservabit
2830 5538 3026 5579 unum
3055 5533 3110 5579 et
3137 5522 3424 5578 confirma-

1849 5627 1930 5682 bit
1969 5635 2024 5682 et
2059 5623 2434 5680 corroborabit
2470 5621 2734 5677 adversus
2768 5627 2895 5673 tuos
2921 5617 3180 5686 lnsultus,
3203 5615 3341 5670 adeo
3362 5624 3420 5669 ut
