3970 6472
493 378 604 440 743
1732 368 2015 432 MENSIS
2046 366 2516 429 SEPTEMBER.
3658 359 3779 423 7M

495 487 641 555 ipsus
666 490 906 555 snperet,
925 492 981 538 et
1003 482 1361 538 calliditatem
1383 481 1563 537 vincat
1580 481 1899 539 adversarii.
1922 480 2063 535 Tum

2210 477 2309 541 ιλες
2364 479 2752 550 διατηρήσουσι
2803 479 2895 532 καὶ
2954 479 3191 548 ῥώσουσι
3251 477 3389 547 πρὸς
3469 475 3572 535 τὰς
3615 475 3778 544 παρὰ

493 593 615 631 cum
645 576 1013 647 seipsojudex
1054 575 1320 631 evasisset
1367 575 1578 637 saevior,
1615 575 1767 644 jubet
1807 574 2061 645 lampade:

2214 570 2273 623 οὗ
2306 570 2619 634 ὲπιόουλὶις,
2645 569 2787 623 ὥστε
2842 572 2932 623 καὶ
2994 570 3381 639 περιγενέσθαι
3435 567 3646 628 αὐτῶν,
3673 564 3780 616 καὶ

495 668 771 723 admoveri
795 668 1052 722 lateribus
1071 667 1273 737 egregii
1292 668 1573 733 martyris:
1596 666 1668 721 Ut
1697 682 1818 736 quae
1844 675 2063 720 restant

2210 662 2452 731 ρατῆσαι
2500 664 2598 729 τῆς
2648 662 2743 715 τοῦ
2803 663 3186 732 ἀντικειμένου
3225 659 3613 729 κακοτεχνίας.
3652 659 3778 709 Ἐν-

496 760 699 822 aiebat,
728 773 923 813 carnes
966 758 1106 829 ignis
1144 767 1452 812 consumat.
1479 757 1654 826 Atque
1684 758 1805 827 igne
1856 757 2064 827 quidem

2202 752 2351 805 :aSBa.
2372 752 2750 823 χαλεπώτερος
2780 754 2941 816 αὐτὸς
2965 752 3160 807 ἑαυτοῦ
3189 752 3432 820 γεγονὼς
3452 754 3479 803 ὁ
3500 750 3770 813 δικάζων,

502 848 845 901 minuebatur
887 857 943 903 et
972 849 1399 902 consumebatur
1434 862 1583 911 caro,
1625 848 1850 918 martyri
1890 858 2070 903 autem

2200 846 2468 916 ,αμπάδας
2502 846 2671 914 πυρὸς
2706 845 2921 898 κελεύει
2953 844 3343 918 ’προσάγεσθαι⁸
3363 844 3486 904 ταῖς
3519 842 3617 894 τοῦ
3639 858 3768 909 γεν-

501 939 672 1008 magis
712 940 925 1009 vigebat
979 939 1369 1009 crescebatque
1425 938 1595 993 animi
1643 915 1975 993 institutum.
2013 938 2069 992 Et

2209 915 2341 989 ιαίου
2369 938 2631 1008 πλευραῖς
2651 954 2665 969 ο
2714 937 2800 999 Ὠς
2826 936 2892 990 ἂν
2919 937 2988 988 τὰ
3012 954 3077 988 πε
3089 915 3456 1005 ριλειφθέντα,
3486 934 3646 1003 φησὶ,
3664 934 3777 984 τῶν

497 1030 783 1083 videbatur
818 1031 1037 1099 quidem
1079 1031 1282 1085 sentire
1330 1042 1610 1084 externam
1651 1029 1947 1094 ﬂammam,
1981 1028 2065 1085 lla-

2212 1028 2413 1099 ῐαρκῶν
2465 1029 2526 1084 τὸ
2580 1028 2691 1098 πῦρ
2745 1026 3123 1096 ὲπινεμηθείη.
3156 1027 3360 1095 Ἔληγε
3418 1026 3518 1093 μὲν
3573 1020 3668 1076 οὖν
3698 1018 3780 1091 τῷ

502 1123 697 1193 grabat
727 1132 908 1178 autem
945 1138 1040 1178 cor
1061 1124 1180 1194 ejus
1216 1123 1423 1193 majore
1454 1120 1657 1178 Christi
1679 1120 1971 1177 desiderio.

2216 1118 2323 1188 πυρὶ
2359 1116 2453 1171 καὶ
2478 1115 2800 1186 ἀναλοῦτοή
2833 1116 2992 1187 σὰρξ,
3028 1118 3059 1185 ἡ
3095 1117 3413 1184 προαίρεσις
3438 1113 3493 1166 δὲ
3519 1112 3599 1182 τῷ
3635 1112 3784 1181 μάρ-

2200 1227 2330 1280 τυρι
2368 1208 2573 1279 μᾶλλον
2623 1208 2775 1277 ἤνθει
2812 1225 2825 1238 ·
2861 1212 2954 1261 καὶ
3014 1207 3175 1276 ὲκῴει
3240 1207 3404 1277 μηδὲν
3448 1206 3550 1274 τῆς
3580 1204 3783 1269 ἔξωθεν

2197 1301 2396 1370 φλογὸς
2437 1299 2885 1354 ὲπαισθὰνεσθαυ
2950 1298 3271 1369 θερμοτέρῳ
3325 1298 3438 1366 γὰρ
3492 1295 3648 1365 πόθῳ
3696 1293 3783 1362 τῷ

2186 1395 2328 1464 πρὸς
2365 1395 2603 1464 Χριστὸν
2631 1395 2896 1447 ὲκέκαυτο
2922 1394 3019 1463 τὴν
3046 1396 3297 1461 καρδίαν.

572 1476 641 1531 Χ.
674 1473 798 1531 Haec
845 1484 1131 1547 postquam
1173 1475 1357 1531 omnia
1406 1474 1568 1530 simul
1614 1474 1823 1531 fortiter
1870 1475 2086 1532 tulisset

2258 1486 2315 1541 l’.
2341 1486 2527 1540 Ταῦτα
2558 1485 2746 1555 ἐπειδὴ
2779 1487 2875 1539 καὶ
2905 1486 3040 1555 ὁμοῦ
3093 1489 3271 1540 πάντα
3307 1485 3577 1552 γενναίως
3612 1486 3780 1555 ἤνεγ-

503 1568 863 1640 Tropliimus.
921 1570 1390 1636 admirationeque
1414 1585 1477 1623 ac
1506 1578 1729 1639 stupore
1750 1581 1921 1623 totum
1953 1568 2071 1623 alle-

2215 1592 2249 1628 ιε
2308 1574 2611 1646 Τρόφιμος,
2653 1577 2747 1626 καὶ
2770 1572 2892 1627 ὅλον
2932 1577 3011 1636 εἰς
3046 1574 3304 1641 ἔκπληξιν
3356 1574 3535 1643 ἧγαγε
3592 1574 3783 1625 Διονύ·

502 1662 667 1716 cisset
694 1662 1027 1732 Dionysium,
1051 1677 1081 1715 e
1120 1662 1264 1732 ligno
1293 1662 1513 1731 quidem
1540 1660 1837 1729 deponitur
1861 1676 1875 1724 ;
1915 1659 2070 1713 tradi-

2216 1683 2323 1730 ιον,
2360 1666 2659 1732 κατάγεται
2704 1667 2803 1733 μὲν
2855 1663 2948 1717 τοῦ
2994 1664 3212 1729 ξύλου-ὀ
3254 1664 3495 1732 ἀθλητής
3527 1679 3545 1695 ο
3590 1665 3668 1733 τῷ
3695 1665 3784 1717 δε-

506 1763 591 1807 tur
618 1762 797 1807 autem
830 1752 1060 1816 carceri,
1086 1765 1154 1806 ne
1190 1769 1314 1806 eum
1344 1754 1563 1822 quidem
1606 1751 1903 1821 benignum
1931 1766 2074 1805 asse-

2215 1758 2499 1827 ῖμωτηρίω
2523 1758 2577 1810 δὲ
2614 1757 2985 1827 παραδίδοται,
3012 1756 3133 1811 οὐδὲ
3153 1757 3341 1810 τούτου
3383 1756 3661 1824 ἐπιτυχὼν
3692 1774 3783 1823 φι-

504 1855 684 1911 cutus,
725 1844 818 1898 sed
852 1844 907 1897 in
943 1845 1093 1914 ligno
1134 1843 1399 1906 inclusus,
1434 1853 1489 1896 et
1531 1858 1632 1897 nec
1672 1843 1832 1896 tibias
1862 1842 2072 1911 quidem

2219 1847 2543 1919 ανθρώπου,
2595 1850 2733 1901 ἀλλὰ
2792 1848 3213 1911 κατακλεισθεὶς
3261 1850 3317 1901 ὲν
3351 1848 3429 1916 τῷ
3482 1847 3627 1915 ξύλῳ
3688 1848 3787 1897 καὶ

503 1936 690 1989 valens
726 1935 1042 1990 extendere.
1084 1934 1318 2001 Quidam
1366 1944 1548 1988 autem
1578 1932 1945 2003 Dorymedon,
2006 1931 2071 1986 vii

2219 1939 2339 2009 ιηδὲ
2371 1940 2681 1993 ἀποτείνειν
2747 1938 2816 1990 τὰ
2860 1940 3025 2007 σκέλη
3068 1938 3390 2006 δυνάμενος.
3454 1936 3787 2005 Δορυμέδων

506 2028 598 2096 qui
626 2037 683 2081 et
721 2028 934 2082 colebat
966 2028 1244 2098 pietatem,
1292 2038 1345 2081 et
1386 2026 1675 2080 exercebat
1708 2026 1983 2088 virtutem,
2036 2035 2074 2077 el

2212 2030 2253 2082 ié
2291 2046 2375 2092 τις
2406 2030 2547 2098 ἀνὴρ
2582 2027 2869 2081 εὐσέϐειάν
2903 2045 2961 2079 τε
2996 2028 3170 2096 τιμῶ)
3205 2028 3299 2078 καὶ
3342 2025 3546 2096 ἀρετὴν
3568 2024 3780 2093 μετιὼν

508 2119 649 2172 inter
677 2128 959 2177 senatores
1002 2121 1237 2188 primum
1269 2120 1492 2171 tenebat
1536 2116 1737 2179 locum,
1780 2115 2076 2187 ingrediens

2216 2123 2295 2172 ιαί
2329 2122 2481 2189 παρὰ
2522 2120 2839 2188 βουλευταῖς
2868 2120 2977 2171 τῶν
3029 2118 3318 2188 πρωτείων
3346 2115 3679 2187 ἠξιωμένος,
3700 2118 3784 2179 εἰς

507 2224 801 2273 carcerem,
834 2220 889 2263 et
915 2226 1103 2265 curam
1143 2215 1363 2281 gerebat
1390 2208 1664 2278 martyris,
1697 2217 1751 2261 et
1804 2209 2075 2278 absterge-

2221 2212 2258 2263 εδ
2292 2211 2667 2279 δεσμωτήριον
2719 2208 2927 2272 εισιὼν,
2984 2210 3309 2279 ὲπεμελεῖτό
3351 2226 3409 2262 τε
3448 2208 3545 2261 τοῦ
3574 2209 3789 2278 μάρτυ-

507 2302 598 2356 bat
633 2305 877 2366 vulnera,
920 2314 972 2358 ct
1014 2305 1220 2358 saniem
1251 2303 1585 2356 emundabat
1621 2319 1633 2353 :
1668 2302 1865 2353 deinde
1914 2302 2075 2355 lintei:

2221 2302 2529 2363 >ος,καὶτὰ
2566 2301 2863 2370 τραύματα
2920 2304 3177 2370 περίεστε,
3229 2303 3321 2353 καὶ
3383 2301 3516 2361 τοὺς
3580 2300 3789 2367 ἰχῶρας

512 2397 829 2449 involvebat
860 2406 917 2450 et
955 2398 1228 2465 alligabat,
1255 2406 1418 2463 atque
1451 2396 1495 2447 ci
1529 2408 1746 2447 omnem
1790 2395 1948 2447 aliam
1995 2395 2080 2449 ad-

2224 2396 2559 2464 ιπέματτεν,
2591 2390 2709 2446 εἶτα
2755 2396 2846 2445 καὶ
2895 2393 3135 2455 ὀθονίους
3170 2392 3436 2463 περιείλει
3515 2393 3613 2445 καὶ
3654 2407 3792 2443 κατ-

511 2487 737 2547 bibebat
780 2488 1144 2551 curationem,
1184 2496 1237 2541 et
1268 2487 1448 2555 aliquo
1480 2486 1703 2556 quidem
1742 2497 1982 2556 tempore
2021 2487 2079 2541 la-

2225 2486 2425 2554 ;δέσμει
2452 2527 2463 2547 ,
2505 2488 2599 2539 καὶ
2636 2488 2815 2538 πᾶσαν
2842 2486 3009 2555 ἄλλην
3040 2486 3341 2554 θεραπείαν
3396 2484 3670 2552 προσῆγε,
3698 2480 3793 2532 καὶ

513 2580 663 2633 tebat
718 2581 831 2634 haec
883 2580 1110 2635 faciens.
1168 2578 1361 2633 Postea
1410 2591 1594 2633 autem
1648 2595 1771 2634 cum
1821 2580 2081 2634 venissem

2224 2580 2395 2648 ζρόνον
2428 2579 2528 2644 μέν
2546 2595 2671 2629 τινα
2704 2577 2877 2631 ποιῶν
2937 2577 3133 2640 οὕτως,
3172 2576 3469 2627 ἐλάνθανεν
3505 2589 3519 2602 °
3554 2573 3792 2641 ὕστερον

514 2669 817 2733 Dioscoria.
852 2672 903 2726 id
945 2682 1048 2735 est,
1104 2671 1302 2725 festum
1348 2671 1586 2725 Castoris
1632 2680 1685 2725 et
1734 2670 1991 2736 Pollucis,
2044 2683 2082 2725 el

2226 2670 2387 2721 ἰὲτῶν
2452 2670 2785 2739 Διοπκορίων
2850 2669 3217 2727 ἐπιστάντων,
3277 2665 3519 2733 καὶτῆς
3590 2664 3794 2733 ἑορτῆς

514 2763 729 2835 Synade
772 2764 891 2818 dies
925 2762 1095 2817 festus
1116 2764 1372 2833 praeclare
1394 2762 1783 2823 celebraretur.
1814 2762 1952 2815 festo
1975 2761 2082 2829 qui-

2225 2763 2335 2831 τερὶ
2366 2762 2433 2813 τὰ
2474 2762 2681 2833 Σύοναδα
2712 2760 2973 2830 λαμπρᾶς
3005 2760 3303 2830 ἀγομένης,
3361 2761 3393 2828 ἡ
3464 2759 3567 2827 μὲν
3628 2758 3793 2828 gauli]

515 2857 636 2910 dem
671 2859 932 2911 intererat
963 2860 1250 2909 universus
1289 2864 1537 2918 senatus,
1572 2855 1719 2907 solus
1760 2864 1943 2906 autem
2001 2853 2083 2906 ab-

2223 2856 2358 2907 πᾶσα
2404 2858 2468 2924 τῇ
2506 2852 2811 2923 πανηγύρει
2848 2853 3107 2922 παρῆσαν
3147 2868 3161 2881 ·
3194 2853 3354 2921 μόνος
3386 2852 3442 2903 δὲ
3497 2852 3791 2904 ἀπολέλει-

513 2958 628 3003 erat
647 2948 1004 3017 Dorymedon.
1031 2946 1233 3001 Deinde
1255 2963 1376 2999 cum
1395 2960 1592 3013 prreses
1616 2959 1737 2997 eum
1763 2930 2078 2997 accersisSet

2226 2964 2313 3001 ετο
2337 2948 2658 3017 Δορυμέδων
2690 2964 2702 2978 ·
2742 2942 2862 3000 εἶτα
2883 2947 2977 2999 καὶ
3012 2946 3539 3016 μετακαλεσαμένου
3594 2946 3794 2999 τοῦτον

517 3056 585 3095 ne
612 3042 687 3095 sie
713 3043 931 3108 quidem
965 3042 1216 3102 accessit,
1247 3038 1557 3107 signiﬁcans
1590 3035 1753 3105 quod,
1797 3051 1923 3089 cum
1955 3052 2085 3089 esse

2224 3039 2303 3091 τοῦ
2336 3040 2625 3108 ἡγεμόνος,
2660 3039 2782 3091 οὐδὲ
2809 3038 2954 3091 οὕτω
2990 3038 3215 3107 παρῄει,
3251 3038 3500 3106 δηλώσας
3533 3040 3619 3088 ὅτι
3654 3038 3792 3107 Χρι-

517 3128 859 3182 Christianus
902 3129 1123 3181 minime
1162 3142 1288 3179 eum
1341 3136 1616 3194 oporteret
1670 3124 1983 3179 sacriﬁcare
2027 3123 2085 3176 si-

2222 3133 2427 3185 ςτιανὸν
2458 3131 2584 3184 ὅντα
2613 3149 2703 3201 με,
2733 3132 2935 3203 ἥκιστα
2959 3131 3110 3183 θύειν
3137 3131 3379 3191 εἰδώλοις
3435 3130 3535 3181 καὶ
3562 3128 3790 3197 δαίμοσι

520 3221 773 3275 mulaeris
817 3230 869 3275 et
914 3219 1272 3273 ἀίειιιοιιίὺυε.
1327 3217 1461 3273 Cum
1516 3234 1645 3289 ergo
1700 3218 1931 3271 fuissent
1988 3217 2088 3271 hat

2224 3226 2329 3297 [ρή.
2379 3226 2465 3287 Ὠς
2484 3224 2576 3276 οὖν
2608 3224 2897 3292 ἀπηγγέλη
2940 3222 3124 3273 ταῦτα’
3177 3220 3461 3288 Διονυσίῳ,
3530 3220 3653 3287 ἄγει
3693 3222 3792 3276 καὶ

520 3313 832 3365 renuntiata
872 3312 1149 3379 Dionysio,
1185 3312 1268 3364 vel
1310 3312 1539 3364 invitum
1571 3326 1696 3364 eum
1732 3310 1956 3364 adducit
2005 3324 2088 3377 pel

2228 3318 2409 3367 ἱκοντα
2433 3316 2519 3366 διὰ
2573 3315 2681 3365 τῶν
2710 3314 3027 3383 δορυφόρων
3089 3313 3273 3374 αὑτὸν,
3341 3314 3435 3363 καὶ
3474 3312 3571 3381 τὴν
3613 3314 3796 3365 αἰτίαν

519 3397 804 3459 satellites,
840 3406 892 3449 et
923 3405 1078 3464 ragat
1118 3412 1361 3459 causam,
1403 3408 1625 3467 propter
1659 3412 1821 3464 quam
1869 3409 1979 3450 non
2012 3409 2087 3448 ve-

2226 3406 2561 3469 τυνθάνεται,
2598 3403 2666 3459 δι’
2702 3406 2767 3473 ἣν
2797 3404 2896 3455 οὐκ
2921 3403 3177 3470 ἀφίκοιτο
3232 3405 3365 3471 πρὸς
3422 3404 3520 3473 τὴν
3570 3406 3794 3473 ἑορτὴν,

518 3489 691 3542 nisset
712 3490 776 3542 ad
806 3488 1027 3552 festum,
1058 3489 1219 3556 idque
1246 3490 1312 3541 ab
1336 3503 1401 3541 eo
1426 3487 1746 3542 accersitus.
1776 3488 1866 3541 Ille
1888 3498 2066 3545 autem

2228 3499 2301 3551 ιαί
2328 3498 2504 3550 ταῦτα
2545 3494 2910 3565 μετακληθεὶς
2944 3495 3034 3548 ὑπ’
3066 3496 3254 3548 αὑτοῦ.
3295 3496 3356 3549 Ὀ
3386 3496 3463 3561 δὲ,
3512 3496 3632 3548 Ἐπ’
3654 3498 3796 3550 ἄλλα

520 3579 602 3633 Ad
632 3579 735 3629 alia
770 3579 1013 3645 quidem,
1056 3577 1272 3646 inquit,
1306 3593 1338 3631 0
1384 3593 1606 3647 praeses,
1652 3579 1706 3632 in
1737 3580 1933 3649 quibus
1969 3581 2081 3633 nilii

2227 3589 2331 3653 ιὲν,
2368 3589 2495 3655 ἔφη,
2530 3583 2573 3639 ὦ
2603 3589 2847 3656 ἡγεμὼν,
2881 3591 3017 3641 ὅπου
3060 3590 3136 3658 μὴ
3157 3590 3518 3654 λυμαίνεσθαι
3552 3593 3617 3657 τῇ
3643 3592 3795 3659 ψυχῇ

522 3670 835 3725 detrimenti
864 3679 1151 3739 acceptura
1172 3678 1255 3723 est.
1275 3671 1477 3733 anima,
1507 3685 1787 3737 nunquam
1814 3684 1923 3720 non
1953 3669 2090 3731 venil

2228 3682 2348 3748 ιηδὲ
2387 3680 2646 3748 βλάπτειν
2690 3683 2863 3743 ἔστιν,
2901 3679 3189 3731 οὐπώποτε
3222 3682 3323 3748 ἤδη
3358 3679 3483 3729 οὒτε
3518 3681 3796 3730 καλέσαν-

519 3762 564 3815 si
598 3770 651 3814 tu
686 3776 770 3813 me
800 3763 1023 3821 vocasti,
1054 3778 1232 3828 neque
1266 3760 1425 3811 ullam
1459 3760 1610 3810 attuli
1646 3760 2054 3813 excusationem

2231 3774 2297 3836 τός
2340 3789 2432 3825 σου
2466 3773 2565 3825 οὐκ
2596 3768 2759 3843 ἦλθον
2794 3788 2807 3802 ·
2834 3772 2959 3823 οὗτε
3024 3771 3280 3839 ἀσχολίαν
3316 3771 3398 3823 σοί
3461 3787 3587 3824 τινα
3620 3788 3799 3838 προε-

524 3855 615 3905 ubi
650 3862 828 3905 autem
875 3866 961 3905 res
992 3858 1204 3919 Spectat
1250 3850 1315 3903 ad
1357 3849 1746 3904 detrimentum
1789 3850 2010 3917 animm,
2044 3859 2092 3905 el

2233 3867 2535 3935 panadpnv
2562 3881 2576 3895 ·
2621 3865 2820 3917 ἕνθαδὲ
2861 3866 2997 3933 πρὸς
3050 3862 3246 3934 βλάϐος
3279 3863 3390 3934 6ρῶ
3447 3864 3509 3915 τὸ
3560 3865 3801 3934 πρᾶγμα

524 3961 551 3997 a
590 3943 696 3997 Deo
719 3945 1125 4007 alienationem,
1155 3959 1263 3996 non
1291 3959 1411 4012 ego,
1444 3943 1537 4010 qui
1582 3958 1692 3995 non
1728 3944 1959 4007 accessi,
1985 3958 2092 3997 sun

2233 3960 2408 4027 ρυχῇς,
2432 3960 2527 4010 καὶ
2566 3958 2700 4009 Θεοῦ
2741 3959 3122 4027 ἀλλοτρίωσιν,
3180 3959 3277 4025 οὐχ
3306 3960 3331 4010 ὀ
3362 3957 3437 4029 μὴ
3473 3975 3801 4027 παραγεγο-

524 4054 690 4092 causa
722 4039 863 4106 quod
900 4053 1009 4088 non
1043 4036 1389 4095 accesserim,
1424 4034 1516 4085 sed
1546 4036 1590 4087 is
1616 4035 1707 4101 qui
1737 4034 1805 4086 ad
1837 4048 1900 4086 ea
1928 4045 2092 4088 vocat

2232 4050 2319 4111 οὼς
2344 4047 2478 4117 ἐγὼ,
2502 4049 2595 4101 τοῦ
2620 4049 3003 4120 μὴάφικέσθαι
3028 4051 3200 4111 αἴτιος
3229 4051 3255 4100 ὁ
3277 4050 3365 4101 ἐπὶ
3393 4048 3567 4101 ταῦτα
3590 4049 3800 4105 καλῶν,

598 4126 694 4179 XI.
738 4128 873 4179 Cum
917 4126 1031 4178 haec
1067 4134 1252 4179 autem
1283 4124 1542 4178 audiisset
1605 4139 1826 4195 praeses,
1870 4140 1990 4194 qua:
2042 4124 2111 4179 de

2284 4142 2362 4191 lA'
2428 4142 2691 4195 ’Λκούσα-
2724 4142 2900 4194 ἀὖ-α
2931 4144 2957 4193 ὁ
2994 4142 3217 4192 ψυεαὼν
3258 4136 3346 4192 ητα
3475 4143 3514 4161 ς,
3551 4143 3593 4171 ,η
3658 4144 3701 4194 Θ
3772 4144 3793 4172 Γ

2371 4181 2385 4195 ⁸
2669 4184 2691 4204 ⁵
2735 4175 2750 4193 ⁵
2844 4176 2859 4192 ³
3016 4176 3113 4210 ειη
3296 4182 3306 4191 -
3391 4159 3497 4207 una
3546 4160 3611 4193 αι
3704 4161 3798 4194 εοδ

529 4219 929 4290 Dorymedonte
970 4233 1037 4272 ne
1076 4231 1350 4289 sperasset
1382 4217 1605 4286 quidem
1660 4233 1919 4285 unquam,
1952 4233 2021 4272 ne
2063 4220 2097 4272 si

2237 4228 2576 4297 προειπόντος
2623 4228 2751 4294 περὶ
2796 4226 3198 4294 Δορυμέδοντός
3233 4242 3362 4276 ποτε
3411 4227 3672 4293 ἤλπισεν,
3709 4233 3805 4283 ἐκ-

524 4314 667 4367 Deus
698 4312 918 4380 quidem
947 4310 1308 4378 praadixisset,
1344 4310 1499 4361 valde
1532 4308 1755 4375 quidem
1792 4308 1897 4361 fuit
1923 4309 2092 4364 obstui

2238 4317 2409 4389 τλήξει
2448 4335 2507 4370 τε
2548 4320 2725 4389 εἴχετο
2745 4317 2931 4379 δεινῶς
2964 4318 3058 4367 καὶ
3102 4318 3177 4384 τις)
3210 4316 3459 4387 ἀδοκήτῳ
3506 4317 3602 4369 τοῦ
3662 4323 3806 4389 πρά-

526 4404 796 4475 pefactus.
832 4402 897 4453 Et
924 4416 1048 4455 cum
1079 4406 1303 4470 prepter
1332 4415 1445 4453 rem
1472 4399 1807 4469 in0pinatam
1836 4416 1904 4455 ne
1929 4400 2094 4470 plurei

2240 4428 2424 4481 ’ματος
2464 4411 2601 4481 μηδὲ
2640 4411 2720 4473 εἰς
2755 4410 3011 4473 πλείονας
3056 4409 3206 4478 αὐτῷ
3240 4410 3430 4478 λόγους
3474 4411 3656 4464 ἐλθεῖν
3714 4414 3808 4465 δυ-

524 4496 742 4566 quidem
776 4496 1043 4565 patuisset
1067 4510 1189 4548 cum
1218 4509 1283 4547 eo
1312 4493 1561 4548 conferre
1600 4509 1881 4549 sermones
1919 4511 1931 4547 :
1969 4494 2092 4547 lnte-

2239 4500 2424 4571 γηθεὶς,
2465 4501 2615 4562 Τέως
2646 4498 2765 4567 μὲν,
2807 4502 2993 4568 φησὶν,
3033 4498 3200 4551 αὑτὸν
3231 4500 3403 4569 ἐχέτω
3436 4502 3691 4570 φρουρά·
3724 4504 3807 4566 εἰς

524 4590 651 4651 rim,
682 4588 878 4655 inquit,
913 4602 1037 4639 eum
1076 4595 1256 4639 teneat
1286 4585 1555 4638 custodia.
1591 4587 1723 4639 Cras
1769 4601 1898 4641 vero
1933 4586 2087 4640 consi

2239 4592 2401 4662 ιῦριον
2428 4592 2485 4644 δὲ
2527 4593 2593 4643 τὰ
2638 4593 2759 4645 κατ’
2793 4591 2955 4643 αὐτὸν
2992 4593 3140 4651 ὅπως
3190 4592 3304 4658 ἔχει
3366 4593 3708 4661 σκεψόμεθα.
3745 4594 3807 4646 Ὀ

527 4679 862 4741 derabimus,
905 4675 1180 4744 quomodo
1231 4690 1317 4729 res
1366 4675 1484 4744 ejus
1526 4691 1584 4729 se
1626 4676 1883 4731 habeant.
1928 4677 2095 4746 Atque

2238 4683 2316 4734 ιὲν
2346 4678 2442 4734 οὖν
2491 4683 2552 4732 τὸ
2618 4682 3001 4751 δεσμωτήριον
3047 4679 3238 4750 ὥσπερ
3286 4682 3409 4732 τινὰ
3470 4685 3806 4752 κατειλήφει

526 4770 618 4826 ille
656 4770 877 4840 quidem
907 4771 1058 4823 venit
1093 4769 1148 4820 in
1182 4782 1479 4832 carcerem,
1515 4776 1769 4842 tanquam
1812 4769 1865 4822 in
1923 4784 2094 4836 quam

2235 4774 2557 4842 παλαίστραν
2592 4788 2606 4802 ο
2650 4774 2677 4823 ὁ
2715 4770 2992 4834 Διονύσιος
3046 4771 3103 4824 δὲ
3144 4771 3255 4824 τῶν
3299 4772 3391 4824 ὑπ’
3428 4774 3594 4826 αὐτόν
3644 4793 3803 4837 τινας

526 4863 651 4918 dam
697 4861 1003 4929 palaestram
1038 4875 1052 4912 :
1098 4856 1384 4928 Dionysius
1424 4869 1627 4925 autem,
1662 4860 1996 4929 quibusdam
2038 4876 2094 4915 e1

2235 4863 2564 4923 ιποοτείλας,
2628 4860 2937 4930 μετάμελον
3003 4860 3165 4914 αὑτὸν
3249 4864 3425 4914 ποιεῖν
3496 4864 3803 4932 ἐπεχείρει.

531 4953 647 5007 suis
686 4952 751 5004 ad
803 4966 927 5005 eum
967 4950 1170 5014 missis,
1214 4951 1518 5005 conabatur
1554 4953 1826 5006 adducere
1872 4967 1997 5006 eum
2044 4952 2099 5005 ad

2233 4950 2309 5015 )ἴς
2344 4954 2619 5021 αὐστηρὸν
2667 4951 2947 5021 ὲμὸλὲψας
3008 4956 3034 5003 ὁ
3128 4953 3343 5022 μάρτυς
3407 4953 3505 5002 καὶ
3560 4953 3755 5021 ἄγριον
3788 4969 3801 4981 ·

532 5042 934 5113 pmnitentiam.
987 5044 1134 5109 Quos
1187 5054 1339 5099 torve
1388 5052 1443 5098 et
1505 5046 1849 5098 truculcnter
1903 5053 2100 5113 martyr

2237 5046 2535 5112 Ἀπόστητε
2562 5040 2657 5096 ἀπ’
2690 5042 2847 5110 ἐμοῦ,
2879 5042 3050 5109 ἔλεγε,
3097 5044 3299 5101 πάντες
3351 5042 3401 5093 οἱ
3440 5042 3805 5111 ἐργαζόμενοι

532 5136 789 5189 intuens:
824 5152 843 5189 ί
887 5135 1156 5195 Discedite
1194 5152 1221 5189 a
1259 5152 1368 5201 me,
1394 5137 1550 5201 dixit,
1574 5146 1762 5188 omnes
1785 5135 1876 5204 qui
1918 5151 2100 5206 opera-

2238 5136 2484 5202 ινομίαν·
2526 5134 2621 5187 καὶ
2661 5132 2825 5195 εὐθὺς
2858 5132 3211 5197 ὲσιώπα,καὶ
3274 5130 3564 5210 ἄνθρωπος
3611 5127 3678 5203 ἦν
3706 5133 3806 5183 οὐκ

534 5226 664 5282 mini
697 5226 1064 5295 iniquitatem’
1121 5247 1133 5280 :
1173 5248 1190 5279 ι
1229 5238 1284 5283 et
1317 5229 1581 5283 continuo
1617 5228 1815 5289 tacuit,
1852 5246 1870 5278 ι
1910 5236 1964 5280 et
1993 5238 2102 5280 eral

2236 5228 2439 5278 ixou’wv
2469 5227 2564 5277 καὶ
2588 5226 2691 5277 οὐκ
2720 5224 2858 5294 ἔχων
2882 5224 3033 5294 ὲντῴ
3062 5224 3295 5293 στόματι
3314 5222 3479 5279 αὐτοῦ
3510 5224 3804 5289 ελεγμούςο

535 5326 791 5387 tanquam
838 5320 1001 5374 homo
1038 5334 1145 5375 non
1187 5320 1441 5384 audiens,
1474 5329 1529 5374 et
1559 5335 1667 5374 non
1698 5320 1907 5375 habens
1933 5319 1990 5373 in
2020 5335 2103 5375 ore

2239 5323 2334 5387 τῆς
2383 5319 2427 5369 δ’
2458 5319 2697 5387 ὲπούσης
2727 5319 2819 5369 ἐπὶ
2853 5318 2942 5369 τὸν
2987 5315 3303 5369 δικαστικὸν
3352 5316 3543 5385 θρόνον
3596 5317 3807 5377 ἀναϐὰς

535 5424 637 5470 suo
656 5411 1062 5481 redargutiones
1082 5413 1154 5470 ‘.i
1186 5412 1280 5465 Die
1305 5421 1487 5467 autem
1516 5414 1762 5482 sequenti
1785 5427 1908 5466 cum
1931 5411 2103 5469 sedem

2234 5406 2500 5469 Διονύσιος
2551 5406 2984 5475 μεταπέμπεται
3053 5404 3141 5457 τὸν
3205 5404 3608 5474 Δορυμέὁοντα,
3684 5406 3802 5464 καὶ,

539 5502 842 5558 iudicialem
875 5505 1211 5557 ascendisset
1244 5504 1551 5575 Dionysius,
1584 5505 1819 5559 accersit
1852 5505 2107 5574 Doryme-

2239 5498 2447 5563 Ἀνὰξιε
2476 5499 2573 5570 τῆς
2600 5498 2822 5570 βουλῆς,
2846 5498 3036 5568 φησὶν,
3090 5497 3140 5550 τί
3172 5496 3360 5551 παθὼν
3417 5496 3567 5564 χθὲς,
3622 5496 3654 5565 ἢ
3692 5496 3807 5546 δια-

541 5595 789 5661 dontem,
849 5604 904 5649 et
947 5612 961 5649 :
1012 5594 1256 5665 lndigne,
1319 5597 1512 5666 inquit,
1568 5604 1809 5661 senator,
1854 5597 2109 5667 quidnam

2236 5593 2466 5660 νοηθεὶς,
2516 5593 2608 5646 καὶ
2642 5593 2768 5655 τοὺς
2804 5591 2959 5655 θεοὺς
2984 5589 3286 5663 ὲξώμνυσο,
3314 5590 3408 5642 καὶ
3444 5592 3512 5642 τέι
3548 5588 3804 5659 βασιλικὰ

624 5772 641 5800 ⁸
664 5772 853 5825 Matt-li.
878 5788 975 5835 vu,
1003 5773 1093 5824 ΞΖ».
1168 5776 1187 5803 ’⁸
1217 5772 1357 5824 Psal.
1393 5788 1590 5834 xum,
1622 5771 1708 5823 15.
