3970 6446
562 389 658 454 751

1799 388 2087 450 MENSIS
2128 389 2604 452 SEPTEMBER.

3732 392 3836 452 752

565 500 859 554 rentinium
894 499 1090 568 legitur
1125 498 1383 561 Mat/tite;
1425 514 1528 554 nec
1556 505 1738 570 potest
1771 511 1930 554 certo
1968 499 2136 563 edici,
2169 502 2216 562 Α
2245 504 2596 564 mandarunt,
2657 505 2709 556 in
2763 503 3014 573 plurimis
3077 513 3289 558 exstant
3335 503 3618 558 codicibus
3679 517 3830 557 πιεςιμ

563 603 683 646 utra
715 593 875 646 lectio
902 594 973 646 sit
1009 594 1180 662 magis
1205 593 1466 662 genuina,
1494 607 1618 646 cum
1653 607 1720 645 ne
1757 593 1998 646 sciamus
2021 592 2143 662 qui-

564 685 710 744 dem,
742 698 845 754 qua
887 684 952 737 de
996 700 1154 736 causa
1191 685 1364 737 sancti
1396 684 1627 738 Matthaei
1657 689 1919 740 memoria
1945 688 1998 740 in
2024 687 2143 740 aliis

564 774 741 828 Fastis
776 776 936 829 toties
968 775 1131 827 fuerit
1169 777 1424 842 repetita.
1485 774 1765 843 Suspicari
1827 791 2138 844 possumus,

560 870 774 937 priores
804 867 1046 935 corporis
1082 866 1490 926 translationes.
1522 879 1778 936 ortasquc
1817 869 1941 921 inde
1983 868 2141 921 festi-

565 964 762 1015 vitates
818 962 1132 1030 designari;
1179 959 1272 1013 sed
1310 975 1410 1012 nec
1463 959 1532 1013 de
1589 969 1835 1030 tempore
1889 963 2137 1030 priorum

560 1055 984 1108 translationum
1042 1056 1176 1107 satis
1225 1061 1462 1115 constat,
1498 1068 1600 1106 nec.
1641 1054 1918 1123 designari
1963 1063 2142 1121 potest

557 1163 623 1202 ea
658 1147 970 1210 translatio,
997 1162 1099 1215 qua
1141 1147 1311 1199 sancti
1346 1161 1547 1214 corpus
1581 1155 1913 1213 acceperunt
1955 1145 2136 1199 Saler-

557 1239 758 1302 nitani,
797 1254 920 1292 cum
978 1240 1093 1292 haec
1151 1237 1385 1290 laudatis
1428 1236 1827 1307 Martyrologiis
1866 1237 2024 1306 longe
2067 1237 2135 1291 sit

556 1331 848 1402 posterior.
892 1331 1145 1382 Attamen
1205 1327 1548 1382 Salernitana
1612 1329 1896 1382 translatio
1942 1345 2133 1383 recen-

555 1421 788 1476 tioribus
829 1419 1006 1474 Fastis
1053 1423 1257 1474 inserta
1309 1427 1412 1474 est.
1453 1419 1508 1472 In
1567 1435 1670 1472 ins.
1717 1417 1960 1473 Florario
2005 1435 2135 1473 san-

555 1525 771 1568 ctorum
807 1529 869 1567 ea
909 1520 1374 1565 commemoratur
1402 1512 1467 1564 ad
1494 1511 1561 1562 28
1587 1512 1809 1580 Aprilis,
1867 1520 1924 1564 ut
1953 1513 2026 1564 ibi
2055 1513 2137 1564 di-

552 1617 700 1661 ctum
741 1606 906 1659 estin
957 1603 1364 1658 Praeteriiiissis.
1417 1603 1476 1656 ln
1531 1601 1906 1673 Hagenovensi
1947 1604 2134 1658 codice

555 1695 852 1754 Usuardini
907 1697 1270 1767 Martyrologii
1335 1698 1523 1751 eadem
1564 1697 1850 1750 translatio
1914 1711 2134 1749 annun-

555 1790 726 1844 tiatur
750 1789 815 1843 ad
856 1788 888 1842 6
927 1788 1072 1850 Maii,
1113 1789 1576 1857 quemadmodum
1608 1796 1661 1840 et
1688 1786 1740 1838 in
1776 1785 1963 1839 codice
1987 1783 2134 1838 Vati-

2248 597 2424 665 iisque
2463 597 2618 651 valde
2648 598 2920 665 antiquis;
2975 612 3083 650 non
3146 608 3323 651 tamen
3361 598 3557 654 eodem
3610 609 3831 664 prorsus

2249 690 2409 740 modo
2445 687 2495 739 in
2521 687 2799 739 omnibus.
2836 685 3112 741 Habemus
3150 702 3250 740 nos
3282 701 3344 739 ea
3399 688 3453 739 in
3489 699 3702 754 septeni
3748 685 3830 736 di-

2247 779 2422 830 versis
2476 779 2779 840 codicibus,
2824 794 3056 846 quorum
3124 781 3453 832 vetustiores
3512 779 3717 831 sa-culo
3782 795 3828 831 ix

2246 872 2502 925 videntur
2533 873 2852 940 conscripti.
2890 872 3111 927 Contuli
3141 873 3361 926 codices
3408 873 3567 932 istos,
3605 885 3664 921 ut
3700 887 3829 924 esa-

2245 965 2512 1018 niinarem
2544 980 2608 1016 an
2638 966 2909 1032 principua
2943 966 3096 1028 vitia,
3130 965 3331 1033 quibus
3385 965 3518 1016 Acta
3558 966 3825 1024 laborant.

2245 1058 2593 1126 reperiantur
2620 1057 2674 1108 in
2702 1057 2991 1121 omnibus;
3030 1073 3129 1108 nec
3167 1058 3334 1109 ullum
3375 1057 3564 1110 inveni
3618 1076 3681 1112 ex
3742 1074 3828 1110 to-

2240 1150 2456 1204 dicibus
2511 1151 2738 1211 nostris,
2798 1151 2850 1202 in
2893 1167 3001 1218 quo
3039 1167 3146 1203 non
3203 1153 3453 1220 legantur
3516 1153 3647 1205 vitia
3705 1169 3826 1205 mox

2243 1245 2619 1305 memoranda,
2653 1258 2771 1311 qua:
2796 1243 3047 1298 similiter
3080 1246 3336 1311 leguntur
3374 1246 3428 1299 in
3482 1248 3826 1318 apograpbo.

2241 1337 2384 1404 quod
2413 1335 2680 1386 habemus
2726 1349 2788 1386 ex
2822 1334 3010 1388 codice
3042 1334 3424 1402 Ultrajectino,
3486 1346 3544 1390 et
3607 1339 3658 1389 iii
3700 1337 3822 1389 aliis

2242 1427 2510 1495 pluribus,
2573 1427 2902 1494 quibuscum
2963 1429 3334 1498 apographum
3385 1431 3528 1484 istud
3576 1424 3703 1485 oliiii
3747 1440 3830 1484 est

2239 1519 2516 1572 collatum.
2546 1520 2750 1572 Auctor
2782 1521 3000 1572 illorum
3031 1521 3313 1584 Actorum,
3349 1522 3488 1576 sicut
3518 1535 3573 1576 et
3597 1524 3824 1577 aliorum

2241 1613 2636 1680 apOstolorum,
2675 1613 2835 1682 vulgo
2871 1621 3097 1667 vocatur
3125 1615 3346 1676 Abdias,
3377 1617 3468 1684 qui
3499 1633 3556 1670 se
3578 1620 3819 1684 primum

2239 1703 2551 1774 Babyloniae
2582 1706 2905 1774 episcopum
2949 1707 3216 1760 mentitus
3252 1717 3352 1761 est.
3406 1709 3461 1760 In
3507 1709 3566 1761 S.
3601 1710 3824 1764 Bartlio-

2241 1798 2432 1851 lomaeo
2462 1807 2592 1850 tom.
2628 1798 2665 1852 ν
2695 1799 2944 1867 Augusti,
2982 1815 3102 1867 pag.
3142 1800 3234 1862 5‘2,
3298 1803 3430 1853 satis
3464 1804 3707 1864 ostendi,
3747 1813 3825 1854 to-

552 1897 712 1945 cano,
745 1881 836 1950 qui
873 1882 950 1935 sic
985 1881 1148 1936 habet
1189 1896 1202 1931 :
1235 1898 1250 1930 ι
1299 1881 1453 1950 Apud
1491 1879 1804 1944 Salernum,
1843 1879 2131 1933 translatio
2171 1857 2208 1910 Β
2239 1899 2345 1942 tam
2383 1889 2674 1944 Historiam
2699 1857 3067 1959 apiistoloriim
3105 1894 3528 1960 pseudo-Abibo:
3566 1911 3671 1948 non
3696 1910 3814 1949 esse

551 1975 726 2029 saneti
776 1974 1014 2028 Matthtei
1065 1972 1295 2042 apostoli
1351 1984 1404 2026 et
1445 1973 1807 2043 evangelista.
1843 1994 1860 2025 ι
1897 1974 2132 2028 Secutus

550 2077 636 2122 est
686 2067 979 2130 Baronius,
1023 2065 1117 2134 qui
1154 2065 1232 2118 sic
1274 2065 1438 2120 habet
1487 2067 1541 2120 in
1582 2066 1964 2137 Martyrologio
2021 2063 2126 2117 Ro-

552 2176 762 2215 mano:
811 2179 827 2210 ι
874 2159 1109 2223 Salerni,
1161 2160 1448 2211 translatio
1496 2159 1669 2211 sancti
1705 2157 1941 2212 Miiilhafi
1997 2173 2132 2227 apoa

549 2254 698 2314 stoli,
732 2251 891 2319 cujus
945 2266 1160 2303 sacrum
1219 2265 1420 2318 corpus
1471 2251 1597 2303 olim
1642 2265 1706 2302 ex
1741 2248 2022 2320 AEthiopia
2064 2249 2128 2303 ad

550 2344 796 2396 diversas
824 2344 1101 2412 regiones,
1140 2351 1194 2394 et
1227 2343 1449 2394 demum
1487 2342 1552 2394 ad
1581 2357 1701 2394 eam
1751 2344 1942 2395 urbem
1977 2341 2128 2394 dela-

551 2448 688 2499 tum,
721 2435 920 2488 ibidem
957 2435 1011 2486 in
1040 2434 1270 2486 ecclesia
1304 2433 1424 2500 ejus
1453 2432 1678 2484 nomine
1711 2431 1888 2485 dicata
1911 2448 2130 2485 summo

550 2529 760 2582 honore
788 2525 1069 2578 canditum
1111 2525 1231 2579 ftiit.
1287 2543 1303 2574 ι
1340 2522 1859 2576 Coosonantoﬂicia
1907 2529 2128 2594 propria

549 2617 807 2674 Ecclesiae
856 2615 1239 2678 Salernitanae,
1291 2631 1416 2685 quin
1471 2617 1670 2669 smculo
1719 2631 1802 2668 im
1864 2617 2128 2684 impressa

551 2712 856 2765 habemus:
897 2710 949 2761 iu
983 2709 1048 2761 iis
1082 2708 1226 2760 enim
1261 2718 1485 2761 notatur
1516 2707 1766 2762 Ollicium
1815 2710 2130 2762 translatio-

551 2803 638 2856 nis
663 2818 786 2854 cutn
817 2809 1006 2855 octava
1040 2801 1108 2854 ad
1137 2801 1168 2854 6
1199 2800 1344 2856 Maii.
1374 2801 1431 2854 lti
1479 2803 1697 2856 laudato
1729 2801 1980 2854 Florario
2023 2817 2125 2854 ins.

547 2895 741 2948 eodem
786 2893 876 2946 die
911 2903 1134 2946 notatur
1184 2894 1470 2946 translatio
1517 2895 1688 2948 sancti
1740 2893 1998 2958 Mattbici,
2033 2895 2125 2949 sed

547 3001 655 3039 non
737 2985 975 3048 additur,
1058 2983 1458 3038 Salernitanam
1539 3001 1679 3051 esse,
1759 2987 1836 3039 uti
1908 2987 2128 3040 additur

547 3080 612 3133 ad
644 3078 712 3133 28
763 3078 982 3147 Aprilis.
1019 3075 1177 3131 Plura
1235 3079 1300 3133 de
1360 3079 1809 3134 translationibus
1863 3081 2125 3135 disseram

545 3171 809 3228 suoloco.

619 3262 894 3327 3.Gracci,
953 3277 1157 3333 eosque
1199 3263 1403 3334 passim
1457 3274 1750 3334 sequentes
1781 3265 1966 3331 Mosci,
2001 3285 2128 3322 san-

545 3369 691 3412 ctum
717 3357 1026 3410 Matthaeum
1063 3361 1332 3427 principue
1365 3359 1646 3412 celebrant
1688 3361 1752 3414 ad
1794 3361 1856 3415 16
1892 3361 2128 3416 Novem-

548 3453 678 3506 bris.
722 3451 802 3502 Ad
863 3450 1007 3504 hunc
1059 3449 1199 3502 diem
1248 3450 1297 3502 in
1341 3451 1613 3517 Omnibus,
1667 3466 1804 3519 quos
1853 3455 2124 3516 consului,

549 3543 867 3597 Graecorum
915 3541 1090 3596 Fastis
1123 3543 1385 3595 memoria
1439 3545 1612 3595 sancti
1673 3544 1835 3610 hujus
1895 3547 2126 3614 apostoli

547 3633 830 3693 recolitur,
863 3643 917 3685 et
958 3632 1226 3685 festivitas
1275 3634 1536 3688 solemnis
1568 3635 1897 3690 celebratur.
1927 3637 2124 3691 Menaea

547 3728 814 3796 impressa
861 3727 1294 3796 probatissimum
1326 3728 1589 3782 exhibent
1633 3730 2007 3799 elogium,sed
2050 3731 2127 3786 fa-

546 3821 822 3882 bulosum,
876 3833 939 3871 ex
977 3834 1086 3886 quo
1127 3820 1242 3871 suis
1283 3821 1414 3873 locis
1461 3822 1750 3874 aﬂ'eremus
1786 3838 1845 3873 ea
1896 3840 2016 3892 quae
2059 3827 2125 3880 ad

548 3915 894 3980 propositum
928 3919 1174 3962 nostrum
1200 3910 1508 3964 conducere
1533 3911 1888 3979 videbuntur,
1937 3933 2126 3984 quem-

549 4003 844 4056 admodum
879 4001 1039 4054 etiam
1065 4018 1131 4055 ex
1166 4003 1342 4072 elogio
1376 4001 1557 4056 mitius
1596 4005 1831 4074 prolixo,
1860 4011 2004 4076 quod
2046 4013 2128 4063 iti-

549 4103 756 4147 serrum
811 4101 894 4145 est
936 4091 1235 4161 Menologio
1287 4094 1578 4147 Basiliano.
1641 4096 1951 4152 Matthicum
2019 4118 2125 4156 una

552 4201 676 4240 cum
703 4185 933 4254 reliquis
957 4186 1218 4254 apostolis
1238 4184 1409 4240 Graeci
1442 4191 1604 4241 etiam
1628 4191 1812 4243 colunt
1839 4195 1927 4246 die
1953 4194 2127 4248 50lo-

549 4281 648 4346 nii,
683 4277 772 4332 tibi
807 4288 861 4332 et
881 4278 1067 4331 brevia
1092 4278 1352 4331 exhibent
1385 4279 1558 4350 elogia
1586 4282 1641 4334 in
1682 4283 1903 4338 Menaeis
1934 4297 1988 4340 et
2015 4289 2126 4343 Me-

551 4373 770 4440 nologio
817 4385 940 4424 mox
991 4371 1232 4423 laudato.
1286 4371 1484 4426 Grazcis
1551 4392 1649 4441 pro
1713 4376 2008 4434 festivitate
2065 4383 2122 4436 S.

556 4463 796 4516 Μιλτιὴωὶ
845 4462 1174 4516 celebranda
1196 4462 1283 4514 die
1324 4462 1388 4516 16
1419 4463 1744 4520 Novembris
1767 4472 2124 4528 consentiunt

2236 1984 2341 2038 fide
2374 1984 2615 2054 dignam,
2652 1983 2835 2060 ibique
2867 1985 3066 2036 adduxi
3116 1987 3279 2038 verba
3339 1986 3678 2048 Bellarmini,
3715 1991 3826 2040 hrcc

2235 2076 2304 2130 de
2365 2093 2431 2132 eo
2478 2078 2929 2147 pronuntiantis;
2980 2097 2997 2130 ι
3052 2075 3186 2132 Vita:
3252 2084 3659 2147 apostolorum.
3709 2097 3827 2152 qua:

2236 2166 2338 2219 sub
2383 2166 2606 2219 nomine
2641 2166 2760 2234 ejus
2785 2165 3270 2228 circumferuntur,
3304 2169 3502 2225 fabulis
3528 2171 3826 2224 similiores

2235 2271 2388 2321 sunt,
2423 2275 2586 2328 quam
2613 2275 2758 2312 verte
2791 2259 3114 2315 narrationi.
3151 2279 3166 2311 ι
3201 2259 3529 2316 Communis
3558 2263 3647 2314 hic.
3668 2264 3826 2316 modo

2236 2361 2318 2403 est
2343 2350 2688 2403 eruditorum
2721 2364 3025 2403 consensus
3046 2352 3113 2404 tle
3152 2353 3236 2404 illa
3269 2352 3506 2406 Historia
3540 2354 3823 2406 niiiversa.

2234 2440 2392 2496 Libet
2442 2451 2620 2495 tamen
2684 2443 2886 2497 addere
2951 2458 3244 2495 censuram
3309 2441 3538 2496 Joannis
3596 2443 3827 2498 Hesselii

2235 2537 2615 2596 Lovanicnsis,
2641 2550 2762 2604 quce
2799 2536 3060 2605 impressa
3088 2535 3319 2588 habetur
3353 2547 3477 2605 post
3509 2535 3822 2590 Usuardum

2234 2625 2460 2679 Molani.
2511 2647 2526 2676 ι
2569 2625 2777 2687 Passio,
2813 2627 3011 2693 inquit,
3041 2630 3211 2680 Sancti
3252 2627 3488 2682 Matthaei
3552 2645 3664 2680 non
3704 2631 3821 2697 pla-

2233 2730 2342 2774 cet.
2393 2739 2412 2772 ι
2465 2722 2603 2774 Τυιη
2634 2721 2726 2773 dat
2761 2721 2976 2773 initium
3014 2722 3223 2791 prologi
3265 2739 3274 2772 :
3309 2739 3325 2770 t
3363 2722 3644 2784 Quoniam
3719 2723 3826 2774 fleo

2233 2829 2365 2867 cura
2429 2823 2510 2867 est
2587 2815 2654 2867 de
2716 2815 3048 2868 hominibus.
3097 2834 3115 2866 ι
3184 2814 3246 2868 Et
3315 2831 3438 2869 mox
3509 2819 3825 2869 Actorum:

2237 2909 2406 2962 Erant
2441 2909 2622 2978 itaque
2656 2909 2766 2962 duo
2825 2909 2962 2978 magi
3024 2909 3225 2964 Zaroes
3293 2921 3346 2962 et
3408 2910 3657 2964 Arfaxat.
3705 2931 3724 2961 ›
3772 2911 3826 2964 ln

2231 3000 2487 3053 omnibus
2525 2992 2807 3053 codicibus
2849 3002 3075 3065 nostris,
3139 3018 3247 3054 uno
3307 3013 3562 3070 excepto,
3629 3003 3679 3054 in
3722 3017 3828 3070 quo

2229 3093 2465 3145 omissus
2491 3100 2574 3144 est
2622 3094 2894 3160 prologus,
2958 3093 3098 3145 idem
3148 3105 3231 3146 est
3313 3094 3468 3160 plane
3526 3105 3826 3163 utrumque

2155 3209 2198 3267 ο
2238 3183 2591 3253 principium.
2670 3184 2728 3237 lu
2797 3184 3159 3254 llltrajcctino
3215 3186 3466 3238 similiter
3532 3199 3828 3255 utrumque

2235 3282 2506 3345 reperitur
2541 3279 2869 3347 principium
2919 3297 2932 3341 ;
2977 3288 3070 3333 sed
3107 3279 3388 3348 pra-missa
3453 3292 3584 3334 sunt
3653 3297 3826 3349 pauca

2231 3371 2298 3423 de
2337 3372 2554 3423 nomine
2588 3369 2846 3432 Matth-sei,
2873 3387 2992 3438 quie
3033 3372 3266 3424 alterum
3313 3373 3384 3424 ibi
3417 3373 3628 3426 faciunt
3701 3389 3830 3442 pro-

2233 3461 2438 3530 logum.
2479 3461 2738 3513 Rationes
2767 3462 2997 3514 Hesselii
3025 3465 3183 3515 modo
3224 3465 3537 3518 audiamus.

2303 3554 2356 3606 5.
2401 3571 2416 3602 t
2463 3553 2620 3615 Dicit,
2681 3555 2997 3606 eunuchum
3052 3554 3225 3616 illum,
3300 3573 3460 3623 quem
3529 3557 3828 3628 Philippus

2231 3645 2548 3716 baptizavit,
2589 3658 2837 3700 vocatum
2870 3647 3202 3711 (Iandaccm,
3265 3663 3387 3701 cum
3450 3649 3629 3703 Lucas
3703 3655 3830 3706 Act.

2231 3757 2325 3792 vm
2360 3740 2526 3803 dicat,
2562 3756 2804 3809 reginam
2838 3739 3167 3810 zEthiopum
3230 3744 3429 3796 dictam
3482 3745 3823 3800 Candacem.

2230 3831 2494 3885 Esteniin
2557 3831 2807 3885 Candace
2875 3846 3074 3884 nomen
3142 3839 3450 3902 reginarum
3501 3837 3830 3909 zErliiopia',

2229 3923 2622 3978 sicntl’harao
2671 3939 2858 3992 regum
2918 3923 3161 3995 Algypli.
3231 3927 3441 3979 Dicitur
3509 3930 3562 3980 in
3632 3936 3828 3987 eadem

2230 4015 2480 4080 historia,
2505 4018 2646 4084 quod
2677 4017 2930 4073 Christus
2968 4029 3281 4073 terrestrem
3314 4023 3629 4088 paradisum
3688 4042 3828 4095 ape-

2227 4112 2338 4162 ruit
2372 4110 2568 4160 latroni
2609 4117 2664 4161 et
2693 4110 2984 4162 animabus
3025 4116 3232 4164 sanctis
3293 4115 3360 4166 de
3423 4132 3663 4185 corpore
3725 4134 3830 4172 ex-

2231 4201 2513 4263 euntibus,
2553 4201 2606 4252 iti
2657 4201 2744 4254 die
2805 4215 2985 4254 autent
3057 4205 3356 4259 novissimo
3409 4214 3832 4280 resurgentibus

2233 4308 2396 4363 regna
2417 4293 2680 4347 caelorum
2714 4309 2726 4344 :
2761 4309 2883 4348 cum
2920 4297 3222 4350 secundum
3261 4298 3494 4350 Paulum
3531 4310 3588 4354 et
3657 4306 3822 4357 [idem

2231 4386 2552 4441 catholicam
2589 4389 3240 4457 animiesanctorumjam
3278 4391 3442 4444 etiam
3475 4405 3604 4448 ante
3641 4411 3832 4451 resur-

2228 4480 2524 4531 rectionem
2559 4479 2755 4532 adeant
2788 4481 2973 4535 cwlos.
3011 4481 3152 4536 Dicit
3181 4492 3235 4536 et
3268 4488 3502 4553 primum
3543 4489 3828 4546 hominem

555 4558 723 4608 etiam
761 4555 1008 4618 Armeni,
1051 4564 1108 4606 ut
1146 4554 1321 4609 habeo
1348 4570 1413 4609 ex
1447 4558 1646 4612 Urdine
1681 4571 1949 4630 perpetuo
1979 4567 2124 4620 cele-
2159 4577 2202 4631 1)
2233 4571 2471 4638 potuisse
2507 4570 2650 4641 loqui
2680 4572 2732 4624 in
2767 4574 3016 4642 paradiso
3045 4592 3168 4629 cum
3196 4579 3449 4632 omnibus
3470 4583 3830 4641 animalibus.

555 4647 754 4702 brandi
785 4645 970 4699 Officia
1001 4658 1055 4700 et
1107 4646 1436 4700 festivitates
1465 4655 1605 4718 apud
1640 4655 1931 4718 Arinenos,
1962 4673 2124 4726 quem

555 4739 748 4792 Latine
836 4737 1073 4790 reddidit
1132 4747 1186 4790 et
1267 4736 1320 4790 in
1408 4739 1738 4795 Bibliomeca
1810 4743 2126 4815 Orientalis,

556 4836 689 4883 tom.
723 4826 814 4894 ιιι,
843 4843 966 4899 pag.
1006 4826 1111 4882 645
1152 4827 1326 4882 edidit
1377 4829 1730 4885 doctissimus
1767 4837 2120 4893 Assetnauus.

553 4920 1037 4990 Aigyptiidcmuin
1086 4930 1140 4974 et
1199 4919 1486 4991 AithiOpes
1536 4927 1787 4979 eumdem
1849 4930 2130 5000 elegerunt

554 5017 696 5070 diem
735 5013 800 5064 16
858 5012 1209 5076 Novembris,
1264 5028 1371 5082 quo
1420 5028 1645 5070 sanctus
1692 5018 1975 5076 Mattlitcus
2028 5041 2126 5078 an-

555 5100 840 5153 nuntiatur
873 5101 928 5151 in
956 5097 1131 5152 Fastis
1166 5099 1502 5169 COptitarum
1561 5120 1656 5174 per
1689 5108 1975 5164 Ludolfum
2009 5115 2127 5168 edi-

560 5194 651 5256 tis,
696 5202 752 5244 et
801 5191 855 5243 in
907 5191 1121 5245 duobus
1153 5193 1272 5244 aliis
1309 5192 1624 5266 Mcnologiis
1675 5204 1997 5257 eorumdem
2034 5217 2129 5262 aut

557 5281 879 5354 Synaxariis
909 5295 1043 5331 mss.
1096 5283 1253 5350 Apud
1287 5281 1576 5337 Ludolfum
1627 5286 1863 5342 Mattlizei
1894 5297 2124 5360 apostoli

552 5376 682 5428 item
710 5373 766 5425 fit
790 5371 999 5425 mentio
1030 5371 1097 5423 ad
1127 5376 1157 5424 υ
1178 5373 1461 5442 Octobris;
1494 5378 1587 5430 sed
1622 5394 1740 5432 eam
1776 5378 1866 5435 illo
1898 5387 1983 5437 die
2017 5403 2126 5438 non

555 5468 771 5535 reperio
800 5464 853 5516 in
886 5465 1117 5520 laudatis
1141 5463 1313 5518 Fastis
1338 5484 1467 5521 mss.
1501 5469 1624 5525 Haec
1658 5475 1877 5528 interim
1897 5478 1962 5531 de
1983 5477 2125 5532 Mai--

552 5556 834 5625 tyrologiis
867 5552 1159 5607 sufﬁciant.

626 5647 678 5698 4.
710 5647 844 5697 Acta
881 5647 1052 5700 sancti
1084 5648 1318 5703 Mattbaei
1351 5652 1602 5719 apostoli,
1653 5670 1772 5724 qu:e
1805 5658 1857 5710 in
1888 5659 2128 5719 Ecclesia

559 5735 743 5788 Latina
795 5754 825 5790 a
865 5741 1049 5793 multis
1078 5742 1291 5793 saeculis
1315 5760 1438 5800 nota
1472 5751 1712 5811 fuerunt,
1752 5767 1802 5804 et
1835 5770 1902 5807 ex
1930 5753 2128 5825 quibus

559 5833 891 5884 recentiores
925 5833 1247 5905 hauserunt,
1279 5854 1396 5907 qua:
1428 5845 1492 5896 de
1529 5843 1582 5898 S.
1629 5844 1882 5904 Mattlia‘o
1908 5855 2127 5922 scriptis

2237 4659 2497 4730 Ejusdem
2564 4666 2910 4717 auctoritatis
2945 4676 3047 4727 est,
3085 4668 3243 4734 cujus
3279 4667 3393 4721 Vita
3443 4675 3621 4725 sancti
3692 4673 3827 4728 Har-

2242 4753 2538 4817 tholomwi,
2575 4765 2631 4807 ut
2664 4765 2814 4822 patet
2842 4771 2905 4811 ex
2945 4758 3296 4829 philosophia
3337 4763 3459 4823 ejus
3490 4767 3559 4818 de
3601 4768 3828 4840 virgini-

2239 4853 2346 4896 tate
2393 4851 2571 4908 terrae,
2607 4858 2671 4896 ex
2723 4861 2827 4913 qua
2871 4847 3033 4901 homo
3074 4850 3249 4904 factus
3304 4864 3406 4906 est.
3466 4873 3484 4904 ι
3544 4856 3827 4916 Hactenus

2239 4936 2540 5001 Hesselius,
2575 4938 2666 5006 qui
2701 4937 2851 4992 hisce
2883 4942 3128 5012 adjungit
3189 4947 3576 5003 auctoritatem
3643 4946 3825 5020 BCdl‘,

2240 5029 2535 5083 Historiam
2568 5031 2715 5083 illam
2761 5036 3188 5101 pseudo-Abduc
3248 5041 3619 5108 reprobantis.
3680 5047 3826 5100 Beda

2238 5130 2418 5170 autem
2489 5119 2583 5171 lib.
2646 5119 3058 5174 Retractationis
3119 5127 3172 5177 in
3237 5131 3368 5182 Acta
3433 5135 3824 5202 apostolorum,

2237 5226 2358 5279 cap.
2405 5227 2442 5276 ι,
2497 5213 2679 5265 laudat
2719 5215 2919 5268 dictam
2990 5215 3282 5272 Historiam
3340 5238 3436 5290 pro
3488 5221 3716 5282 Simone
3771 5242 3828 5284 et

2236 5301 2371 5356 Juda
2413 5307 2699 5372 apostolis,
2734 5319 2898 5376 atque
2929 5311 3000 5366 ita
3062 5313 3301 5382 loquitur
3353 5319 3419 5369 ad
3478 5335 3681 5389 propos
3711 5338 3823 5377 tum

2238 5407 2484 5450 nostrum
2550 5416 2562 5451 :
2632 5419 2648 5449 ι
2700 5399 2806 5454 Hos
2879 5404 3124 5458 referuiit
3184 5407 3444 5474 historiae,
3500 5414 3554 5464 in
3621 5418 3824 5481 quibus

2239 5492 2612 5557 apostolorum
2646 5497 2930 5560 passiones
2972 5498 3344 5566 continentur,
3377 5512 3429 5555 et
3484 5519 3512 5554 a
3570 5507 3823 5572 plurimis

2239 5593 2563 5650 reputantur
2594 5589 2936 5656 apocrypha}.
2973 5591 3296 5658 praidicasse
3331 5600 3380 5648 iii
3437 5595 3686 5662 Perside,
3719 5606 3823 5655 ibi-

2239 5692 2344 5744 quc
2379 5692 2406 5726 a
2444 5681 2768 5747 templorum
2818 5684 3166 5750 pontiﬁcibus
3229 5689 3282 5740 in
3343 5689 3564 5744 civitate
3621 5694 3822 5747 Suanir

2239 5784 2467 5822 oceisos.
2509 5769 2787 5841 Leguutur
2826 5779 2938 5828 haec
2972 5783 3112 5846 apud
3145 5781 3395 5842 Abdiam,
3431 5800 3551 5853 Cap.
3589 5789 3642 5840 6.
3676 5790 3822 5840 circa

2243 5859 2425 5913 linem.
2481 5880 2496 5913 ι
2539 5862 2662 5919 Post
2704 5884 2870 5931 pauca
2917 5884 3128 5924 rursum
3185 5872 3323 5927 Beda
3390 5877 3502 5930 haec
3567 5878 3810 5934 seribit:
