3970 6450
182 389 287 456 753

1457 398 1631 459 VlTA
1673 400 1735 459 S.
1781 395 2166 466 MATTH/Ei.

3338 407 3449 470 754

189 522 207 553 ς
243 500 382 555 Cum
426 501 537 565 ille,
581 504 674 572 qui
742 504 994 573 prafatas
1051 507 1422 575 apostolorum
1476 507 2163 576 passionesArecentiora
2215 518 2346 583 sint,
2396 520 2696 590 eademque
2742 534 2864 573 cum
2899 519 3040 584 aliis,
3093 520 3197 576 sed
3249 532 3454 581 utcun—

182 592 429 663 ucripsit,
466 594 586 663 ipse
614 610 674 649 se
709 597 1015 652 certissime
1065 598 1268 653 incerta
1328 609 1381 654 et
1427 598 1559 655 falsa
1620 601 1762 657 scri-

184 687 362 757 psisse
393 687 723 756 prodiderit.
756 688 893 745 Dicit
929 690 1097 750 enim.
1158 689 1285 765 quia
1342 690 1611 748 Cattdacis
1662 708 1764 748 eu-

183 780 425 840 nuchus,
453 795 616 849 quem
646 781 967 850 baptizasset
996 781 1286 854 Philippus
1343 785 1395 837 in
1455 783 1639 840 Jndtea
1695 801 1762 841 eo

181 880 435 939 tempore
463 871 629 926 fuerit
689 874 740 925 in
798 872 1099 943 AZthiopia,
1168 892 1277 942 quo
1345 874 1631 933 Matth-atus
1688 878 1759 932 ibi

176 961 433 1024 docebat.
463 965 624 1033 eique
663 966 877 1021 docenti
904 968 1165 1022 auxilium
1202 969 1406 1033 tulerit,
1465 985 1587 1024 cum
1651 986 1762 1023 ma-

176 1054 445 1109 nifestum
478 1056 549 1111 sit
579 1058 887 1113 Candacem
919 1076 1116 1114 nomen
1181 1077 1301 1115 esse
1336 1078 1443 1118 non
1515 1064 1635 1125 viri,
1666 1062 1761 1117 sed

176 1145 398 1201 femina:
432 1164 447 1212 ;
513 1149 563 1201 id
600 1161 702 1213 est,
738 1166 843 1203 non
886 1154 1144 1216 eunuchi,
1197 1156 1288 1207 sed
1349 1154 1580 1208 domina:
1618 1156 1758 1221 ejus,

182 1240 392 1308 reginae
428 1239 681 1295 videlicet
719 1241 1064 1310 Ethiopum.
1093 1259 1232 1313 qua}.
1288 1245 1432 1299 sicut
1484 1261 1548 1298 ex
1612 1256 1762 1299 vete-

172 1343 297 1382 rum
336 1333 709 1385 monumentis
751 1340 1142 1401 comperimus,
1200 1352 1392 1391 omnes
1458 1337 1760 1405 antiquitus

172 1422 253 1476 sic
285 1423 555 1491 appellari
578 1425 847 1479 solebant.
889 1446 906 1476 ι
944 1425 1066 1482 Haec
1090 1427 1256 1494 Beda,
1290 1446 1397 1484 non
1428 1432 1604 1486 solum
1626 1432 1759 1486 Acta

176 1530 277 1585 pro
372 1516 700 1587 apocryphis
805 1518 1047 1583 habens,
1137 1524 1233 1575 sed
1315 1537 1505 1577 eorum
1593 1525 1759 1578 etiam

169 1614 460 1659 auctorem
499 1609 771 1662 mendacii
805 1626 1065 1677 arguens.
1103 1612 1333 1668 Possent
1363 1625 1418 1668 et
1455 1618 1624 1669 multa
1658 1616 1762 1670 alia

169 1713 238 1751 ex
268 1699 426 1753 Actis
457 1698 679 1770 alit-gari
706 1703 771 1755 ad
805 1703 963 1755 lidetn
1032 1704 1098 1758 iis
1156 1706 1578 1773 detrahendam,
1635 1725 1758 1764 cunt
1790 1730 1796 1735 ο

169 1798 368 1843 auctor
394 1791 463 1844 ab
498 1791 654 1845 initio
698 1808 866 1861 usque
922 1795 987 1848 ad
1025 1796 1183 1850 linem
1248 1799 1518 1852 mirabilia
1589 1803 1759 1870 magis

1865 619 1971 674 que
2002 607 2318 666 emendata.

1937 696 1987 749 7.
2012 694 2401 755 Verumtamen
2438 718 2549 757 non
2576 713 2722 758 tanta
2753 704 2996 760 adhibita
3028 702 3131 759 fuit
3151 705 3445 763 correctio.

1866 796 2087 859 utgesta
2121 790 2172 843 in
2200 791 2265 847 iis
2297 795 2465 849 relata
2487 795 2683 851 ﬁerent
2714 797 2845 852 satis
2870 796 3196 864 probabilia,
3228 796 3443 850 etiamsi

1866 897 1973 935 non
2007 893 2282 939 constaret
2319 886 2388 941 de
2422 888 2637 957 origine
2691 902 2759 943 ex
2817 888 2967 943 fonte
3021 888 3256 958 impuro.
3305 884 3440 941 Nam

1869 975 2044 1042 primo
2078 978 2260 1030 statim
2311 978 2626 1034 advenienti
2687 980 2741 1035 in
2791 979 3125 1051 Ethiopiant
3194 979 3443 1038 Matutae

1863 1065 2065 1120 dicitur
2096 1070 2403 1125 occurrisse
2439 1072 2729 1126 eunuchus
2770 1072 2971 1143 reginae
3014 1072 3305 1135 Candacis,
3348 1072 3441 1140 qui

1864 1157 2175 1228 baptizatus
2207 1172 2377 1215 erata
2409 1162 2664 1233 Philippo
2696 1163 2817 1218 Act.
2853 1180 2970 1224 vttt.
3007 1174 3066 1219 ut
3104 1173 3293 1219 auctor
3318 1176 3441 1217 om-

1864 1251 1998 1304 nino
2031 1264 2265 1318 asserat,
2303 1253 2611 1313 Matthatum
2636 1257 2849 1311 venisse
2879 1257 2946 1311 ad
2995 1258 3211 1319 urbem,
3235 1255 3289 1309 in
3335 1270 3441 1324 qua

1863 1344 2046 1413 regina
2074 1343 2331 1401 Candace
2357 1350 2637 1418 regnabat,
2679 1349 2898 1418 quando
2925 1350 3104 1403 dictus
3155 1345 3443 1403 eunuchus

1863 1435 1965 1490 fuit
1999 1450 2315 1491 converSnts.
2344 1439 2412 1491 At
2446 1439 2518 1491 ibi
2556 1449 2669 1493 tum
2703 1440 2898 1495 dicitur
2934 1440 3103 1495 fuisse
3134 1455 3225 1495 rex
3260 1438 3408 1509 Egyp
3432 1468 3445 1479 -

1865 1540 1988 1593 pus,
2048 1527 2232 1596 regina
2271 1527 2579 1583 Eufenissa.
2634 1530 2707 1583 De
2767 1530 3047 1596 Candace,
3097 1545 3217 1601 qua:
3281 1527 3445 1598 paulo

1864 1628 1989 1671 ante
2025 1629 2324 1688 regnasset,
2353 1620 2502 1673 nulla
2562 1621 2621 1675 tit
2684 1624 2915 1675 mentio.
2978 1622 3164 1689 Itaque
3241 1634 3442 1673 nomen

1866 1711 2063 1781 regium
2101 1712 2384 1766 Eufenissa
2412 1713 2629 1767 videtur
2686 1714 3024 1768 contrarium
3078 1711 3261 1767 verbis
3288 1710 3446 1766 Beda

1864 1817 1984 1854 mox
2019 1802 2182 1869 datis,
2216 1821 2340 1859 cum
2373 1816 2607 1869 asserat,
2639 1807 2898 1861 omnibus
2948 1822 3243 1861 commune
3273 1804 3445 1860 fuisse

168 1889 382 1943 narret,
413 1896 575 1947 quam
603 1883 929 1949 credibilia;
983 1886 1263 1956 multaque
1314 1890 1466 1956 plura
1522 1869 1761 1961 augetur
1792 1869 1833 1924 Β
1866 1910 2063 1949 nomen
2095 1896 2366 1952 Candace.
2418 1899 2704 1954 Consentit
2764 1899 2992 1963 Plinius,
3026 1900 3121 1954 lib.
3186 1916 3260 1963 vt,
3320 1914 3443 1965 cap.

166 1971 239 2025 de
270 1972 528 2040 paradiso
549 1976 821 2037 terrestri,
857 1993 1016 2046 quant
1074 1982 1389 2036 observavit
1444 1983 1756 2051 Hesselius;

166 2072 225 2117 ct
256 2064 678 2133 conceptionem
706 2067 1037 2124 beatissima:
1066 2071 1301 2143 Virginis
1324 2086 1565 2145 exponat
1597 2082 1758 2133 modo

166 2155 479 2225 incongrua
497 2166 551 2211 et
584 2158 880 2222 indecenti.
904 2172 963 2217 ut
994 2166 1205 2218 mittam
1259 2168 1383 2221 alia.
1444 2169 1641 2223 Verum
1676 2172 1759 2225 di-

163 2252 251 2299 cta
281 2244 565 2302 sullicittnt
603 2249 669 2302 ad
718 2265 935 2305 omnem
991 2253 1149 2308 ﬁdem
1225 2258 1410 2313 Abdita
1466 2270 1758 2329 personato

164 2336 546 2405 abmgandam
584 2356 595 2391 :
630 2348 684 2391 at
728 2356 790 2393 ex
822 2343 907 2396 his
943 2345 1044 2396 alia
1076 2348 1207 2399 mihi
1251 2351 1426 2404 oritur
1464 2353 1756 2410 dubitatio.

238 2428 294 2483 6.
325 2431 489 2483 Anno
525 2430 661 2484 1755
694 2432 748 2485 in
778 2433 1113 2489 bibliotheca
1152 2437 1406 2493 Vaticana
1444 2444 1757 2502 invenimus

162 2515 271 2569 alia
308 2517 364 2570 S.
392 2514 630 2572 Matthtci
668 2521 799 2573 Acta
834 2522 885 2575 in
922 2524 1109 2580 codico
1166 2525 1359 2582 Latino
1396 2532 1557 2596 1188,
1581 2551 1754 2604 eaque

162 2609 531 2665 exscribenda
557 2614 895 2678 curavimus,
976 2626 1031 2671 et
1072 2633 1172 2673 nos
1229 2620 1331 2690 ipsi
1384 2639 1507 2678 cum
1564 2627 1753 2683 codice

162 2699 525 2754 contulimus.
557 2701 680 2755 Ηςνυ
704 2703 838 2758 Acta
871 2717 1061 2762 carent
1089 2712 1352 2767 omnibus
1410 2715 1552 2770 vitiis
1592 2720 1754 2773 modo

163 2788 381 2843 relatis.
415 2789 486 2843 ob
512 2806 632 2859 qua:
661 2792 939 2851 Hesselius
988 2801 1122 2853 Acta
1182 2805 1609 2871 pseudo-Abdico
1667 2828 1754 2866 re-

162 2880 447 2947 pt‘obavit,
476 2886 723 2938 eamdem
761 2886 827 2941 de
860 2890 1026 2944 rebus
1061 2896 1225 2962 gestis
1273 2899 1445 2953 sancti
1511 2901 1749 2959 Matthxi

159 2970 458 3024 continent
486 2973 827 3031 relationem.
861 2976 1041 3044 Quare
1073 2984 1309 3040 dubitari
1344 3001 1542 3058 potest,
1566 3005 1749 3052 utrum

161 3059 614 3127 pseudo-Abditas
641 3069 941 3125 vetustiora
967 3078 1141 3129 sancti
1177 3079 1423 3148 Apostoli
1482 3087 1615 3140 Acta
1660 3089 1748 3143 in-

1861 1986 1931 2039 29
1985 1988 2208 2049 docens,
2282 2004 2556 2057 trrgnare
2612 1990 2871 2043 feminam
2930 1990 3260 2052 Candacem,
3294 1990 3441 2058 quod

1862 2094 2063 2137 nomen
2096 2081 2279 2137 multis
2312 2081 2429 2150 jam
2466 2081 2628 2137 anuis
2658 2083 2724 2136 ad
2782 2084 2999 2153 reginas
3056 2081 3296 2142 transiit,
3334 2098 3350 2131 t
3389 2084 3443 2133 ln

1862 2171 1953 2225 illo
1984 2174 2243 2227 nimirum
2282 2174 2581 2244 Ethiopite
2642 2192 2831 2245 regno,
2907 2178 3065 2245 cujus
3127 2173 3448 2243 metropolis

1860 2276 1977 2319 erat
2002 2265 2205 2322 Meroe.
2233 2268 2642 2321 Asseritautetn
2675 2268 2927 2322 laudatus
2962 2268 3211 2330 .Plinitts,
3272 2282 3335 2321 ea
3374 2266 3444 2322 do

1860 2355 2046 2426 regnis
2072 2355 2363 2426 Ethiopia:
2394 2370 2446 2412 et
2472 2357 2683 2413 Meroes
2722 2359 2939 2426 cognita
2965 2366 3023 2413 et
3064 2357 3233 2412 relata
3271 2355 3443 2412 fuisse

1859 2464 1959 2517 per
1992 2450 2363 2520 exploratores
2396 2450 2648 2505 Neronis.
2727 2451 3007 2522 Regnabat
3059 2452 3222 2521 igitur
3260 2450 3443 2520 regina

1857 2540 2117 2595 Candace
2164 2540 2382 2596 Nerone
2437 2543 2740 2610 imperante
2793 2552 2848 2596 et
2898 2542 2992 2596 diu
3040 2542 3291 2597 Cattdace
3346 2540 3445 2593 ali-

1854 2647 1959 2701 qua
2008 2631 2206 2685 ibidem
2248 2640 2591 2700 regnaverat.
2637 2632 2829 2686 saltem
2873 2648 2901 2686 a
2944 2633 3283 2702 temporibus
3328 2635 3443 2687 Au-

1855 2722 2017 2792 gusti,
2054 2734 2111 2777 ttt
2154 2723 2428 2794 colligitur
2476 2739 2540 2778 ex
2589 2723 2879 2786 Strabone,
2930 2724 3021 2793 qui
3056 2723 3160 2778 sub
3194 2728 3444 2792 Augusto

1856 2815 2062 2871 ﬂoruit.
2097 2816 2295 2871 Strabo
2339 2818 2509 2881 enim,
2570 2816 2665 2871 lib.
2710 2831 2841 2880 xvtt,
2902 2832 3027 2885 pag.
3068 2814 3194 2876 820,
3251 2824 3443 2870 narrat

1853 2908 2095 2971 bellum,
2148 2924 2259 2979 quo
2316 2926 2334 2960 ι
2396 2908 2676 2973 Candace,
2740 2924 2859 2979 qua:
2919 2923 3016 2977 per
3072 2916 3292 2969 nostra.
3357 2908 3441 2960 ln-

1851 3002 1989 3070 quit,
2050 3010 2292 3071 tempora
2346 3002 2700 3071 Etltiopihus
2759 3001 3082 3067 imperavit,
3144 3019 3163 3052 ι
3230 3001 3435 3054 llontao

1850 3108 1951 3149 nos
1979 3090 2195 3166 ,λεωριί
2228 3094 2481 3149 dominos
2544 3092 2800 3163 impetiit,
2834 3092 3143 3161 imperante
3168 3094 3443 3161 Augusto.

158 3153 541 3219 terpolaverit,
577 3166 631 3213 et
671 3163 856 3216 multis
886 3166 1106 3236 ineptiis
1136 3170 1443 3241 impleverit
1471 3194 1485 3240 ;
1520 3188 1587 3232 an
1617 3197 1745 3236 vero
1771 3208 1814 3264 ο
1852 3153 2385 3255 itaque'regnarunr
2413 3188 2466 3241 in
2498 3153 2775 3257 Eritiopia
2809 3188 3032 3257 reginae,
3052 3221 3067 3243 .
3094 3186 3293 3255 quibus
3341 3200 3439 3240 no-

161 3256 447 3299 nonnemo
468 3250 653 3308 Abdim
672 3254 739 3308 de
774 3255 830 3308 S.
851 3256 1105 3314 Martha-0
1126 3262 1563 3323 lucubrationem
1590 3288 1742 3328 cras-

160 3332 407 3391 sioribus
446 3341 724 3398 erroribus
759 3345 994 3403 voluerit
1052 3365 1378 3424 expurgare.
1427 3369 1480 3413 et
1510 3360 1589 3416 sic
1609 3364 1741 3419 Acta

168 3421 336 3514 hujus
430 3434 657 3499 apostoli
751 3447 1024 3510 utcunque
1106 3421 1403 3514 probabilia
1492 3456 1739 3514 reddere.

160 3513 467 3590 Utrumque
500 3524 611 3580 ﬁeri
644 3531 821 3597 potuit
850 3573 866 3597 ,
901 3534 994 3587 sed
1033 3541 1335 3595 secundum
1390 3547 1742 3606 verisimilius

158 3620 240 3666 est
270 3614 345 3669 ob
378 3617 556 3670 varias
601 3622 862 3678 rationes.
900 3623 1083 3681 Primo
1158 3645 1224 3684 ex
1292 3633 1537 3705 allegatis
1584 3638 1740 3696 Beda:

157 3707 340 3760 verbis
377 3708 663 3777 habemus,
716 3719 1084 3790 apocrypltant
1136 3722 1278 3778 illaut
1316 3726 1382 3783 de
1422 3735 1587 3800 gestis
1616 3750 1743 3805 apo-

157 3798 425 3853 Stolorum
482 3802 776 3864 Historiam
812 3823 962 3868 certo
997 3815 1358 3886 antiquiorem
1391 3798 1511 3881 esse
1540 3798 1739 3888 saeculo

158 3906 273 3957 vttt,
298 3909 427 3950 cum
468 3897 606 3953 Beda
636 3901 881 3958 ﬂoruerit
913 3908 1015 3961 sub
1053 3909 1270 3964 ittitittnt
1340 3914 1486 3970 illius
1554 3924 1735 3976 sxculi

157 3986 393 4040 erillatn
432 3987 726 4046 Historiam
755 3995 972 4067 alleget,
1030 4016 1137 4055 non
1191 4013 1248 4057 ut
1336 4009 1603 4063 novellam
1645 4025 1739 4069 aut

156 4093 333 4147 nuper
365 4083 684 4150 cnttlictam,
739 4088 835 4142 sed
891 4099 945 4145 ut
1013 4094 1305 4149 multorum
1361 4099 1568 4166 judicio
1604 4122 1738 4176 apo-

156 4172 443 4242 crypltam.
485 4176 560 4232 Ex
605 4195 669 4233 eo
703 4182 930 4237 ulterius
983 4186 1196 4255 Collige,
1249 4190 1360 4258 jam
1433 4172 1734 4267 Sﬂ‘CllitD-Vl,

154 4278 262 4333 quo
333 4266 563 4324 ﬂorebat
638 4271 942 4331 Venantius
1015 4276 1386 4350 Fortunatus,
1468 4266 1739 4349 vetustam

154 4358 327 4413 visam
366 4377 487 4415 esse
518 4364 662 4417 illam
699 4364 1019 4436 Historiam,
1054 4390 1177 4429 cum
1243 4381 1611 4438 verisimiliter
1668 4403 1734 4444 ex

153 4451 240 4504 illa
273 4453 443 4516 dicat,
472 4470 673 4527 corpus
702 4458 761 4517 S.
819 4462 1052 4519 Matthxi
1111 4484 1232 4524 esse
1303 4472 1356 4526 itt
1426 4476 1731 4538 Naddaver.

1852 3294 1976 3333 tnen
2013 3288 2128 3331 erat
2161 3277 2429 3338 Candace.
2457 3277 2647 3332 saltem
2705 3279 2775 3331 ab
2834 3280 3075 3347 Augusto
3142 3291 3314 3344 usque
3365 3274 3435 3331 ad

1850 3372 2085 3429 Neronis
2108 3382 2385 3441 tempora;
2417 3387 2517 3427 nec
2546 3371 2693 3425 addit
2724 3372 2951 3433 Plinius,
2989 3370 3094 3424 alio
3127 3371 3289 3424 modo
3320 3370 3437 3423 sulx

1853 3466 2192 3535 temporibus
2214 3464 2655 3520 administratum
2683 3464 2852 3519 fuisse
2872 3463 3163 3532 Etltiopite
3183 3476 3435 3531 regnum.

1849 3557 2011 3626 Atqui
2049 3568 2273 3611 sanctus
2297 3555 2599 3623 Matthteus,
2634 3558 2677 3610 si
2731 3556 3050 3625 prtedicavit
3095 3555 3183 3610 in'
3215 3551 3435 3607 Ᾱίιιιὶοο

1850 3648 1958 3717 pia.
1997 3663 2063 3700 eo
2094 3648 2471 3701 verisitttiliter
2504 3648 2651 3699 venit
2691 3657 2816 3698 ante
2843 3647 3136 3715 imperium
3172 3644 3429 3710 Neronis,

1847 3750 1942 3794 aut
1981 3749 2131 3794 certe
2170 3738 2381 3793 Nerone
2414 3754 2524 3793 non
2579 3739 2671 3793 diu
2710 3740 3039 3807 imperante.
3079 3734 3274 3791 Omnia
3324 3736 3428 3805 lgi-

1851 3843 1957 3894 tur,
1991 3849 2109 3902 qua
2141 3832 2209 3887 de
2264 3841 2409 3887 statu
2465 3832 2616 3903 regni
2668 3830 2965 3900 .Etltiopie
3028 3830 3322 3885 traduntur
3373 3829 3433 3883 in

1848 3927 2018 3987 Actis,
2066 3940 2291 3993 prorsus
2319 3924 2571 3979 videntur
2598 3924 2807 3987 lictitia,
2846 3938 2947 3977 uec
2982 3923 3148 3976 ullam
3212 3936 3431 3977 meren-

1849 4028 1935 4073 tur
1967 4018 2148 4072 lidem.

1918 4112 1968 4166 8.
1990 4111 2109 4164 Non
2147 4112 2327 4165 minus
2359 4109 2543 4164 [latitia
2587 4108 2859 4171 videntur,
2886 4122 3006 4177 qtae
3036 4106 3105 4162 de
3136 4119 3431 4177 progressu

1846 4208 1964 4261 ﬁdei
2010 4206 2329 4260 Christianae
2360 4204 2413 4257 in
2450 4202 2727 4270 Aithiopia
2781 4202 3002 4256 tradant
3031 4201 3183 4255 Acta.
3211 4196 3265 4253 Si
3305 4200 3433 4269 quis

1844 4301 1989 4357 enim
2021 4300 2170 4355 Actis
2202 4299 2426 4354 credere
2459 4296 2712 4362 voluerit,
2749 4297 3020 4353 convertit
3049 4294 3108 4349 S.
3140 4294 3428 4349 Matthzeus

1846 4409 2027 4463 regem
2061 4392 2364 4463 Egypputn,
2420 4391 2661 4459 reginam
2727 4390 3091 4452 Eufettissam,
3124 4401 3430 4454 eorumque

1848 4485 2044 4549 ﬁlium,
2076 4500 2104 4538 a
2135 4494 2309 4537 morte
2380 4482 2534 4551 prius
2576 4481 2921 4545 suscitatum,
2978 4480 3072 4547 qui
3150 4476 3428 4532 Enl’t'anon

153 4541 326 4598 Tanta
356 4559 511 4603 certo
543 4566 653 4606 non
682 4564 767 4608 est
798 4566 1042 4613 vetustas
1087 4562 1291 4619 codicis
1354 4565 1622 4639 Vaticani,
1686 4576 1737 4631 in
1767 4570 1819 4631 D
1849 4541 2097 4638 vocatur,
2143 4541 2411 4641 ﬁliamque
2438 4571 2815 4641 Epltigeuiatu,
2873 4570 3035 4623 modo
3090 4566 3425 4637 Iphigeniam

150 4649 260 4704 quo
296 4638 660 4697 tolerabiliora
704 4654 921 4703 exstant
967 4649 1023 4704 S.
1075 4650 1310 4710 Mattltmi
1381 4662 1534 4716 Acta.
1590 4638 1739 4732 Qua-

151 4743 381 4801 propter
411 4735 671 4791 videntttr
715 4739 767 4794 itt
823 4742 914 4798 illo
949 4746 1136 4801 codice
1183 4752 1433 4808 nonnihil
1494 4772 1736 4816 correcta

152 4825 347 4887 fuisse,
384 4838 441 4882 et
476 4829 898 4890 absurdioribus
940 4840 1087 4893 vitiis
1126 4856 1446 4915 expurgatu,
1503 4865 1736 4917 praeser-

153 4915 246 4967 titn
292 4932 418 4970 cum
454 4921 648 4989 reliqui
693 4927 895 4993 passim
951 4931 1168 4985 codices
1204 4938 1333 4991 Acta
1390 4915 1736 5011 contineant,

150 5005 330 5071 qualia
376 5014 674 5079 suntapud
708 5016 961 5083 Abdtam,
988 5029 1043 5075 et
1077 5022 1313 5077 necdum
1360 5028 1527 5084 alium
1586 5005 1734 5089 vide;

150 5100 250 5152 rim
288 5104 559 5163 codicem.
602 5106 692 5174 qui
758 5113 1070 5167 consentiat
1134 5130 1256 5169 cunt
1310 5119 1401 5173 illo
1450 5121 1732 5183 Vaticano.

152 5190 497 5250 Praetereain
534 5199 639 5255 hoc
693 5202 884 5267 codice
936 5208 1186 5275 prelatio
1241 5213 1475 5282 vulgaris
1532 5220 1733 5275 omissa

150 5295 252 5349 est,
312 5297 368 5341 et
434 5293 733 5347 substitula
803 5297 929 5361 alia,
982 5316 1099 5367 qua:
1159 5319 1282 5358 cum
1344 5309 1474 5375 ipsis
1531 5324 1734 5381 pugnat

152 5380 323 5433 Actis.
362 5380 497 5437 Nam
543 5388 855 5443 secundum
917 5393 1287 5461 prmlationeut
1328 5398 1387 5453 S.
1450 5380 1731 5461 Matthrmus

155 5485 345 5538 passus
376 5485 455 5530 est
481 5477 533 5530 in
558 5475 817 5548 Perside;
849 5488 1150 5541 secundum
1175 5491 1327 5556 Acta,
1354 5492 1405 5545 itt
1426 5494 1729 5565 xEtltiopia.

154 5565 301 5618 Actis
346 5566 479 5632 ipsis
514 5579 766 5624 assutum
800 5586 884 5628 est
913 5578 1061 5633 aliud
1096 5581 1425 5652 principium
1469 5587 1536 5639 de
1592 5588 1731 5642 scri-

153 5671 243 5726 pto
282 5674 377 5730 per
403 5660 727 5720 Matthantm
766 5666 1081 5741 Evangciio,
1154 5686 1206 5729 et
1276 5687 1393 5745 post
1465 5678 1595 5734 illttd
1646 5697 1728 5736 sc-

154 5763 391 5818 quuntttr
424 5754 561 5810 Acta
597 5760 869 5825 personati
904 5762 1112 5825 Abdite.
1162 5767 1255 5821 sed
1322 5770 1569 5823 nonnihil
1636 5788 1727 5826 ex-

155 5858 392 5918 purgata.
448 5849 647 5920 itaque
706 5854 789 5905 vix
855 5853 1103 5911 dubitare
1168 5860 1367 5927 possim
1418 5862 1545 5931 quin
1606 5865 1719 5919 haec

1844 4668 2043 4737 passim
2077 4668 2299 4720 dictam.
2333 4666 2572 4720 Ecclesia
2600 4679 2816 4734 quoque
2845 4671 3158 4717 constructa
3201 4658 3425 4723 dicitur,

1842 4759 1895 4813 in
1932 4775 2035 4828 qua
2073 4757 2358 4811 Matthxus
2386 4756 2587 4811 sederit
2658 4756 2819 4809 annis
2864 4754 2957 4809 ες.
3014 4755 3128 4809 lloc
3177 4762 3427 4822 tempore

1841 4851 2347 4907 multasfabricavit
2378 4851 2665 4911 ecclesias,
2705 4866 2721 4899 ι
2763 4844 3423 4913 constituitpresbyteros

1838 4955 1892 5000 et
1922 4947 2271 5009 diaconc5,...
2303 4953 2356 4997 et
2415 4958 2513 5011 per
2544 4943 2793 4995 civitates
2818 4949 2871 4994 ct
2897 4939 3118 4993 castella
3150 4938 3425 4991 ordinavit

1837 5041 2137 5106 epiScopos.
2178 5054 2195 5084 t
2245 5035 2512 5088 Praeterea
2564 5052 2580 5083 ι
2613 5034 2797 5086 omnia
2860 5035 3175 5092 simulacra,
3210 5031 3423 5084 omnia-

1837 5128 2159 5199 qttetentpla
2197 5145 2217 5179 ι
2254 5136 2583 5182 asseruntur
2618 5144 2634 5175 ι
2676 5126 2974 5179 destructa.
3020 5142 3037 5175 ι
3094 5123 3227 5177 Filia
3274 5124 3419 5192 regis

1842 5240 1859 5273 t
1905 5220 2201 5291 Ephigenia
2243 5236 2261 5270 t
2303 5217 2669 5286 virginitatem
2716 5215 2984 5283 professa,
3055 5232 3075 5267 ι
3110 5224 3228 5269 erat
3278 5230 3416 5284 ρτκ-

1834 5314 2009 5382 posita
2047 5309 2573 5381 virginumamplius
2657 5325 2819 5379 quam
2862 5307 3244 5362 ducentarum.
3290 5308 3417 5361 Haec

1832 5406 2015 5459 etttttia
2048 5404 2187 5457 facta
2242 5402 2525 5465 dicuntur,
2586 5404 2804 5457 vivente
2856 5416 2980 5471 rege
3034 5399 3278 5470 Egyppn.
3338 5398 3414 5451 Eo

1832 5496 2113 5556 defuncto,
2140 5493 2433 5563 occisoqoe
2466 5492 2525 5547 S.
2574 5494 2825 5547 Matrhaeo
2885 5491 2956 5546 ob
3006 5501 3312 5545 recusatum
3343 5487 3413 5547 ab

1835 5587 2131 5657 Ephigenia
2166 5587 2572 5640 matrimonium
2607 5602 2729 5640 cunt
2772 5599 2915 5639 novo
2967 5598 3094 5655 rege
3154 5584 3410 5655 Nyrtaco.

1834 5697 1920 5734 res
1978 5678 2414 5733 Christianorum
2453 5678 2666 5731 modico
2719 5688 2960 5747 tempore
3023 5674 3207 5730 minus
3254 5681 3412 5731 erant

1835 5786 2131 5844 prosperae.
2168 5774 2237 5828 At
2262 5787 2384 5827 cum
2418 5772 2641 5841 punitus
2684 5788 2713 5826 a
2749 5787 2806 5826 se
2836 5782 2979 5825 esset
3037 5768 3323 5840 Hyrtacus.
3356 5776 3411 5821 et

1832 5866 2048 5929 proprio
2086 5880 2140 5919 se
2183 5865 2357 5933 gladio
2390 5864 2706 5930 occidisset,
2744 5864 2911 5919 frater
2937 5861 3246 5933 Ephigenia
3270 5856 3405 5912 dici-
