3970 6440
560 392 666 451 155

1784 384 2065 445 MENSIS
2101 380 2392 441 SEPTEM
2406 380 2571 441 BER.

3705 388 3811 449 756

561 516 651 555 tur
683 518 906 571 regnum
936 504 1186 575 adeptus,
1220 508 1461 577 illudque
1505 506 1745 560 tenuisse
1774 504 1929 556 annis
1965 517 2121 556 sexa-
2155 500 2195 553 Α
2228 513 2333 551 non
2369 499 2627 563 facerem,
2665 500 2706 552 si
2737 499 2850 554 haec
2877 502 3009 554 Acta
3059 500 3302 563 ederem,
3365 518 3429 556 ex
3484 503 3804 570 πέρθεται)ὴο

564 598 709 663 ginta
744 597 939 651 tribus.
971 617 988 648 ι
1021 595 1225 653 Omnes
1246 611 1428 653 autem
1457 598 1753 668 provinciae
1804 594 2123 662 Aithiopum

560 684 810 738 ecclesiis
844 686 1060 754 repletae
1111 686 1408 741 Catholicis
1463 700 1635 754 usque
1696 684 1749 737 in
1801 682 2123 735 hodiernum

560 775 729 837 diem,
766 776 1175 844 inquitanctor,
1242 793 1339 846 per
1390 774 1743 845 Ephigeniam
1796 772 2125 827 benedicunt

562 868 753 933 Deum,
808 880 861 923 et
893 869 1029 924 ﬁunt
1070 873 1334 925 mirabilia
1378 886 1567 942 magna
1624 872 1689 925 ad
1726 870 2125 924 confessionem

563 962 952 1030 beatiapostoli
986 962 1245 1017 Matthazi.
1280 985 1297 1015 ι
1341 964 1545 1034 Itaque,
1571 964 1613 1016 si
1648 963 1795 1017 Actis
1824 962 2123 1021 credimus.

562 1057 705 1107 circa
739 1056 977 1110 medium
1000 1058 1179 1109 saeculi
1214 1073 1247 1110 ll
1290 1060 1463 1126 magis
1491 1056 1773 1111 Catholica
1829 1054 1935 1108 ﬁde
1968 1054 2129 1108 flore-

560 1148 652 1199 bat
686 1147 930 1201 Ecclesia
980 1148 1300 1219 Aithiopiaa,
1358 1164 1521 1219 quam
1579 1149 1685 1201 ulla
1759 1144 1864 1201 alia
1916 1146 1970 1199 in
2014 1154 2127 1200 toto

560 1240 786 1293 mundo.

631 1331 683 1385 9.
722 1333 791 1384 At
816 1348 878 1387 ea
906 1347 1129 1403 prorsus
1155 1332 1495 1387 incredibilia
1524 1340 1655 1386 sunt
1683 1347 1745 1385 ex
1771 1331 1987 1386 silentio
2012 1346 2127 1385 om-

562 1426 712 1477 nium
742 1426 1070 1493 scriptorum
1106 1427 1474 1495 antiquorum.
1501 1425 1633 1479 Cum
1660 1427 1802 1479 enim
1852 1425 2128 1494 IEthiopia

560 1513 793 1585 lEgypto
828 1516 902 1569 sit
923 1518 1285 1581 contermina,
1312 1531 1421 1569 non
1451 1518 1759 1585 potuissent
1788 1517 1978 1570 Patres
2008 1516 2129 1569 alii-

560 1624 667 1676 que
698 1609 992 1678 scriptores
1019 1609 1339 1673 Christiani,
1399 1612 1491 1679 qui
1547 1611 1820 1681 prioribus
1876 1608 2131 1664 Ecclesia:

561 1702 774 1755 sreenlis
823 1684 1125 1755 ﬂoruerunt
1184 1702 1233 1754 in
1288 1700 1543 1772 .Eg-ypto,
1594 1703 1649 1756 in
1728 1702 2033 1762 Palaestina,
2076 1701 2127 1754 in

560 1794 764 1857 Africa,
792 1804 886 1848 aut
919 1796 1081 1848 etiam
1109 1797 1161 1849 in
1201 1796 1497 1864 provinciis
1528 1796 1596 1849 ab
1649 1794 1923 1863 IEthiopia
1961 1794 2129 1864 magis

563 1887 803 1951 remotis,
839 1887 1085 1956 ignorare
1118 1888 1414 1941 Ecclesiam
1466 1888 1617 1956 regni
1648 1886 1964 1956 amplissimi
1998 1886 2133 1939 adeo

562 1977 868 2045 florentem,
898 1989 952 2034 et
976 1980 1045 2033 de
1083 1996 1145 2033 ea
1171 1996 1396 2048 prorsus
1424 1990 1626 2035 tacere.
1668 1978 1873 2035 Deinde
1937 1994 2065 2032 vero
2090 1978 2133 2031 si

560 2066 870 2121 Christiana
931 2068 1064 2122 ﬁdes
1089 2078 1196 2121 tam
1221 2069 1358 2123 bene
1380 2070 1601 2123 fundata
1630 2068 1823 2122 fuisset
1850 2068 1901 2119 in
1923 2065 2137 2119 {Ethio-

570 2160 677 2227 pia,
705 2175 810 2212 non
842 2161 1107 2229 potuisset
1135 2162 1427 2224 eliminari,
1466 2162 1576 2214 nisi
1612 2158 1951 2229 gravissimis
2012 2173 2136 2227 pcr-

564 2253 942 2307 secutionibus
969 2246 1029 2307 et'
1052 2253 1215 2323 longo
1259 2262 1522 2322 tempore.
1552 2250 1626 2305 De
1665 2250 1746 2304 his
1775 2260 1955 2303 autem
2013 2263 2138 2318 per-

563 2343 936 2397 secutionibus
971 2343 1159 2397 saltem
1203 2343 1527 2397 innotuisset
1560 2340 1777 2394 illorum
1831 2349 2136 2408 temporum

566 2434 957 2501 scriptoribus,
981 2435 1073 2502 qui
1112 2435 1176 2487 de
1209 2434 1315 2486 illis
1338 2448 1442 2486 non
1481 2433 1803 2492 tacuissent,
1843 2441 2007 2500 prout
2032 2445 2141 2482 non

563 2540 753 2579 omnes
789 2537 1067 2579 tacuciunt
1104 2525 1171 2579 de
1207 2524 1677 2594 persecutionibus
1707 2523 2141 2577 Christianorum

565 2618 616 2669 iu
638 2616 878 2682 Perside,
906 2618 994 2673 ubi
1025 2618 1153 2671 ﬁdes
1177 2633 1451 2686 nunquam
1481 2626 1585 2671 tam
1602 2618 1737 2672 bene
1768 2617 2141 2680 lnitstabilita,

564 2725 723 2777 quam
750 2710 1040 2764 stabilitam
1071 2710 1237 2764 fuisse
1280 2711 1331 2762 in
1357 2708 1627 2778 Ethiopia
1663 2720 1852 2763 auctor
1885 2711 2142 2761 Actorum

564 2804 845 2857 conlimit.
882 2800 995 2857 Hoc
1024 2812 1204 2856 tamen
1245 2812 1618 2871 argumentum
1645 2802 1808 2855 nolim
1833 2802 2003 2855 lector
2030 2816 2146 2853 ver-

567 2904 645 2948 tat
707 2906 896 2949 contra
924 2893 1370 2963 praedicationem
1407 2893 1578 2961 ipsam
1629 2892 1798 2945 sancti
1834 2891 2066 2944 Matthxi
2093 2892 2142 2943 in

564 2986 867 3055 EthiOpia,
902 2989 968 3041 de
991 3001 1095 3055 qna
1130 3000 1230 3040 suo
1294 2985 1415 3040 loco
1476 2999 1674 3055 agam:
1750 2998 1941 3053 magna
1994 2984 2141 3036 enim

566 3079 1042 3147 estdist-repantia
1077 3079 1222 3131 inter
1252 3078 1554 3147 simplicem
1611 3076 1734 3129 ﬁdei
1790 3076 2136 3144 pradicatio-

2228 600 2414 643 nostro
2447 590 2823 643 brevissimum
2869 592 3008 645 dabo
3040 594 3446 663 compendium,
3509 594 3656 663 quod
3698 592 3807 646 suf-

2230 679 2373 733 ﬁciet
2402 679 2467 733 ad
2503 678 2659 733 ﬁdem
2683 679 2748 733 iis
2773 679 3187 736 detrahendam.

2301 792 2386 846 Η.
2421 792 2781 847 Constituitur
2804 804 3024 848 sanctus
3053 794 3341 849 Mattlnens
3366 798 3521 865 quasi
3554 812 3619 850 ex
3641 798 3806 851 abru-

2230 894 2323 951 pto
2353 882 2499 936 solus
2530 883 2581 935 in
2614 893 2796 937 monte
2831 898 3015 946 orans,
3049 885 3346 953 vidensque
3408 901 3617 951 pueros
3672 889 3807 940 mul—

2232 981 2316 1025 tos
2348 988 2471 1025 cum
2513 972 2641 1025 .lesn
2676 974 2905 1042 parvulo
2930 975 2984 1027 in
3011 976 3259 1041 paradiso
3324 986 3635 1030 cantantes.
3691 977 3810 1031 Mox

2230 1063 2382 1117 adest
2411 1063 2790 1127 Jesusoranti,
2854 1072 2909 1117 et
2972 1065 3252 1130 apostolus
3338 1065 3528 1119 videns
3583 1081 3810 1131 puerum

2232 1157 2682 1226 pulcherrimum,
2726 1158 2951 1209 multum
2978 1156 3367 1209 sollicitudinis
3400 1158 3669 1222 insinuat,
3703 1172 3812 1225 quo

2231 1264 2356 1302 eum
2392 1249 2550 1302 modo
2589 1248 2800 1300 nutrire
2852 1246 3022 1316 possit
3077 1246 3129 1298 in
3202 1246 3323 1300 loco
3364 1247 3609 1310 deserto,
3668 1249 3814 1301 omni

2231 1339 2354 1392 cibo
2390 1348 2443 1391 et
2468 1336 2595 1406 potu
2632 1336 2942 1391 destitutus.
2963 1343 3029 1390 At
3064 1336 3225 1391 Jesus
3249 1338 3486 1406 explicat
3510 1340 3636 1404 quis
3658 1342 3817 1397 sit,et

2234 1430 2580 1498 postmultos
2614 1442 2898 1481 sermones
2936 1428 3161 1481 minime
3219 1428 3579 1493 verisimiles,
3620 1430 3817 1497 quibus

2233 1519 2375 1572 inter
2395 1520 2499 1570 alia
2518 1516 2669 1583 dicit,
2700 1517 2969 1570 llerodem
3005 1515 3056 1567 in
3093 1514 3311 1569 inferno
3352 1530 3473 1569 esse
3532 1516 3605 1569 ob
3641 1518 3819 1569 occisa

2234 1610 2485 1663 undecim
2520 1623 2816 1677 puerorum
2888 1605 3078 1669 millia,
3125 1606 3379 1659 Matthtco
3436 1608 3529 1663 dat
3584 1608 3815 1676 virgam,

2236 1717 2401 1771 quam
2452 1701 2606 1770 jubet
2632 1699 2877 1768 plantare
2904 1700 3055 1767 juxta
3112 1705 3324 1766 portam
3376 1700 3628 1753 ecclesia:
3695 1699 3820 1752 fun-

2236 1794 2373 1846 datae
2400 1794 2466 1846 ab
2489 1794 2603 1861 ipso
2632 1801 2686 1845 et
2714 1790 2925 1844 Audrea
2957 1792 3202 1858 apostolo
3246 1791 3298 1843 in
3334 1790 3555 1843 civitate
3577 1792 3821 1846 Anthro-

2238 1886 2637 1956 pop-hagorum.
2664 1884 2884 1952 Virgam
2918 1883 3049 1937 dicit
3100 1898 3384 1936 evasuram
3438 1884 3494 1935 in
3538 1883 3823 1944 arborem,

2236 1978 2471 2047 indeque
2505 1977 2771 2030 oriturum
2802 1976 3034 2037 fontem,
3068 1974 3135 2027 de
3164 1989 3270 2041 quo
3291 1974 3369 2027 uti
3421 1984 3477 2027 et
3529 1973 3599 2027 dc
3628 1973 3823 2027 arbore

2238 2072 2611 2140 adjnngnnlur
2636 2066 2845 2121 fabellte
2886 2066 3171 2135 plurimm;
3200 2066 3576 2136 prmdicloque
3603 2070 3823 2120 demum

2242 2164 2502 2234 martyrio
2534 2160 2770 2213 Matthzei
2809 2177 2903 2228 per
2932 2160 3139 2227 ignem,
3176 2174 3313 2227 puer
3338 2160 3547 2211 subito
3582 2160 3650 2213 ad
3714 2175 3826 2213 ca:-

2243 2257 2351 2308 lum
2384 2254 2695 2307 revertitur.
2724 2251 3010 2303 Matthaens
3039 2264 3167 2303 vero
3196 2254 3261 2302 ad
3314 2251 3504 2302 urbem
3540 2263 3823 2318 preperat,

2241 2346 2456 2416 quando
2483 2352 2780 2398 occurrunt
2813 2341 3093 2395 Phulbana
3129 2341 3333 2411 regina,
3364 2339 3688 2396 Phulbanus
3710 2344 3827 2410 ejus

2245 2439 2406 2499 filius,
2449 2446 2503 2489 et
2561 2436 2724 2505 hujus
2779 2450 2913 2487 uxor
2979 2434 3144 2498 Erba,
3215 2448 3407 2487 omnes
3443 2434 3826 2504 energnmeni,

2245 2530 2574 2583 etblatthato
2634 2529 2971 2591 minitantes,
3038 2543 3106 2580 ne
3170 2528 3444 2596 planlaret
3492 2530 3723 2599 virgam.
3759 2533 3829 2583 At

2247 2619 2332 2672 bis
2398 2619 2626 2687 singulis
2699 2633 2891 2670 manus
2941 2618 3252 2686 imponens,
3307 2620 3467 2687 ejecit
3526 2619 3828 2683 daemones,

2246 2722 2437 2765 ctmox
2467 2710 2690 2763 obvium
2740 2709 2929 2763 habuit
2978 2709 3259 2763 Platonem
3320 2710 3643 2779 episcopum
3706 2728 3829 2764 cum

2249 2812 2359 2854 toto
2390 2802 2557 2855 clero.
2592 2802 2933 2871 Congregato
3004 2802 3201 2854 deinde
3243 2803 3473 2869 populo,
3510 2816 3828 2865 sermonem

2249 2893 2505 2955 instituit,
2566 2901 2617 2945 et
2646 2893 2846 2961 virgam
2874 2893 3101 2960 plantat,
3143 2902 3220 2954 et.
3267 2891 3496 2959 jubenle
3550 2894 3830 2961 apostolo,

2248 2983 2399 3036 Plato
2450 2984 2694 3054 reginam
2734 2985 2962 3053 ejusque
3000 2984 3167 3037 ﬁlium
3200 2992 3254 3037 et
3301 3000 3501 3038 nurum
3563 2986 3830 3053 baptizat.

2253 3078 2518 3132 Postridie
2560 3077 2705 3146 virga
2737 3078 2789 3130 in
2822 3077 3073 3130 arborem
3108 3087 3357 3130 creverat
3391 3086 3445 3130 ct
3512 3077 3717 3131 ﬁnvius
3768 3094 3832 3130 ex

568 3185 689 3223 nem
725 3186 845 3224 cum
877 3169 1139 3223 nonnullo
1167 3170 1328 3221 etiam
1364 3168 1566 3230 fructu,
1617 3176 1673 3218 et
1724 3168 2138 3219 conversionem
2166 3179 2210 3240 ς
2246 3170 2441 3222 arbore
2514 3166 2918 3235 egrediebatur.
2986 3163 3227 3233 Populus
3294 3180 3423 3218 vero
3492 3168 3835 3223 manducans

570 3264 738 3317 totius
767 3263 943 3332 regni,
972 3277 1092 3331 quae
1123 3262 1187 3314 ad
1218 3262 1487 3327 integrum
1526 3258 1639 3313 fere
1693 3258 1951 3311 saeculum
2018 3257 2137 3310 sine

571 3354 1041 3421 persecutionibus
1070 3353 1261 3407 fuisset
1297 3354 1610 3406 continuata
1650 3352 1952 3405 secundum
1980 3353 2134 3414 Acta,

567 3458 621 3499 et
654 3450 730 3500 sic
758 3448 963 3515 optime
994 3444 1223 3497 ﬁrmata.
1269 3444 1535 3498 Caeterum
1562 3445 1729 3496 multa
1758 3458 1975 3513 quoque
2028 3443 2135 3495 alia

568 3542 624 3593 in
659 3538 808 3594 Actis
826 3549 957 3593 sunt
1003 3538 1400 3606 improbabilia,
1438 3554 1558 3603 quae
1604 3538 1841 3590 breviter
1891 3536 1943 3588 in
1972 3537 2139 3590 aduo-

572 3632 700 3687 tatis
727 3633 1017 3700 assignabo
1044 3650 1057 3686 ε
1088 3646 1212 3685 nam
1245 3632 1359 3684 ham
1394 3631 1553 3692 Acta,
1586 3630 1835 3698 quamvis
1894 3629 2135 3683 fabulosa

570 3726 879 3790 sint,edere
909 3726 1097 3790 statui,
1153 3726 1277 3793 quia
1367 3722 1544 3777 Latini
1626 3723 1981 3787 recentiores,
2047 3722 2138 3789 qui

570 3829 739 3888 agunt
773 3821 838 3873 de
870 3828 1061 3872 sancto
1092 3817 1367 3880 Matthaeo,
1390 3816 1573 3869 omnia
1606 3816 1718 3869 fere
1753 3831 1849 3868 sua
1895 3831 1962 3868 ex
2036 3816 2141 3868 illis

572 3913 899 3965 hauserunt.

645 4004 731 4061 10.
773 4007 907 4059 Acta
941 4004 1128 4058 Graeca
1169 4042 1183 4066 ,
1211 4018 1273 4057 ex
1308 4002 1507 4072 quibus
1528 4002 1863 4056 recentiores
1918 4002 2138 4071 quidam

570 4099 641 4155 de
671 4107 864 4154 sancto
942 4096 1198 4151 Matrhazo
1260 4104 1507 4163 egerunt,
1565 4095 1725 4148 nobis
1784 4094 2029 4148 similiter
2076 4096 2140 4148 ad

573 4206 797 4245 manum
863 4197 1011 4252 sunt,
1053 4187 1325 4257 descripta
1374 4201 1441 4241 ex
1500 4186 1691 4240 codice
1744 4184 2004 4239 Vaticano
2039 4187 2143 4240 808

575 4287 719 4338 inter
737 4282 977 4338 Graecos.
1006 4281 1154 4333 Nihil
1185 4281 1299 4333 hare
1332 4279 1535 4333 habent
1567 4292 1857 4331 commune
1905 4292 2025 4331 cum
2047 4277 2145 4330 La-

574 4376 707 4429 tinis
742 4375 903 4429 modo
927 4372 1247 4442 improbatis
1271 4388 1284 4434 ;
1310 4373 1403 4425 sed
1426 4372 1751 4424 hisceetiam
1788 4370 1959 4440 magis
2016 4378 2144 4423 sunt

576 4468 853 4531 informia,
891 4467 1168 4535 magisque
1204 4464 1451 4529 ridicula,
1491 4478 1614 4517 cum
1648 4478 1756 4516 non
1807 4464 1906 4518 nisi
1944 4479 2145 4533 pauco-

577 4574 697 4613 rum
738 4559 951 4613 dierum
984 4567 1132 4627 gesta
1168 4556 1281 4609 fere
1305 4554 1643 4618 contineant,
1695 4563 1749 4606 et
1800 4556 1935 4607 nihil
2000 4558 2143 4611 refe-

578 4660 700 4705 rant
736 4659 929 4719 prreter
958 4649 1165 4717 aliquot
1194 4647 1333 4701 facta
1364 4656 1419 4701 et
1469 4645 1713 4715 prodigia
1777 4645 1936 4716 plane
1960 4634 2147 4700 incre—

574 4744 785 4799 dibilia.
819 4742 1021 4796 llorum
1057 4743 1316 4795 Actorum
1355 4740 1734 4809 compendium
1761 4740 1852 4794 dat
1874 4740 2145 4809 Nicepho—

579 4854 672 4894 rus
711 4835 1109 4895 Callistus,lib.
1178 4850 1213 4887 ιι
1284 4834 1561 4895 Historiae,
1631 4848 1749 4900 cap.
1793 4834 1881 4885 41.
1934 4834 2007 4886 De
2044 4835 2147 4887 hoc

579 4930 903 4999 compendio
929 4927 1191 4982 Baronins
1223 4927 1273 4979 in
1308 4927 1578 4979 adnotatis
1606 4926 1671 4979 ad
1709 4924 2145 4995 Martyrologium

577 5025 649 5078 ita
705 5021 962 5089 loquitur.
1005 5040 1021 5069 ι
1072 5019 1339 5072 Nonnulla
1376 5020 1440 5071 de
1489 5018 1737 5071 Mattlneo
1769 5019 1955 5072 scribit
1990 5020 2149 5073 Nice~

577 5116 805 5185 phorus,
838 5114 929 5167 lib.
970 5127 1027 5169 tt,
1068 5125 1186 5178 cap.
1217 5110 1274 5161 4|
1312 5127 1324 5172 ;
1360 5111 1453 5161 sed
1506 5124 1625 5178 qua:
1672 5110 1880 5162 nullius
1924 5122 2147 5177 prorsus

579 5216 710 5261 sunt
741 5206 1049 5259 testimonio
1077 5205 1445 5272 comprobata.
1492 5220 1506 5250 ι
1568 5201 1655 5257 Vel
1688 5205 1766 5256 sic
1833 5214 2010 5257 tamen
2050 5201 2147 5256 Ni—

576 5300 799 5369 cephori
833 5296 1212 5363 compendium
1237 5296 1383 5361 Actis
1419 5296 1549 5363 ipsis
1586 5296 1764 5347 minus
1812 5300 2001 5349 saltem
2062 5306 2146 5350 est

579 5392 1056 5454 ridiculum;cum
1114 5388 1287 5440 multa
1336 5389 1586 5441 omiserit
1658 5388 1910 5455 adjuncta
1978 5390 2147 5456 magis

583 5495 771 5555 aperte
800 5484 1057 5547 fabulosa,
1082 5494 1136 5535 et
1169 5480 1324 5534 initio
1354 5496 1519 5548 pauca
1576 5482 1897 5549 praemiserit
1929 5482 1994 5533 de
2019 5493 2145 5533 san-

582 5588 668 5633 cto
702 5577 952 5631 Mattha‘eo
988 5575 1201 5629 aliunde
1227 5586 1375 5628 nota.
1412 5574 1693 5627 Exiisdem
1761 5574 1907 5626 Actis
1932 5584 2148 5626 contra-

584 5682 730 5726 ctum
760 5683 838 5722 est
871 5668 1127 5743 elogium,
1164 5668 1302 5735 quod
1326 5667 1589 5721 exhibent
1621 5666 1820 5719 Menam
1881 5666 2145 5734 impressa

578 5765 647 5821 Id
681 5780 765 5816 xvi
805 5760 1125 5817 Novembris
1162 5777 1179 5824 ;
1207 5761 1298 5814 sed
1326 5772 1377 5815 et
1406 5760 1475 5814 ibi
1503 5759 1679 5826 aliqua
1717 5758 1871 5813 initio
1892 5761 2147 5813 dicuntur

583 5857 793 5920 abaliis
823 5856 1161 5915 documentis
1185 5864 1423 5921 accepta.
1482 5854 1616 5909 Cum
1680 5866 1857 5921 operte
1910 5858 2141 5923 pretium

2244 3258 2481 3311 fructum
2509 3255 2723 3309 arboris
2755 3252 3009 3323 cognovit
3041 3269 3101 3307 se
3154 3254 3358 3306 nudum
3426 3270 3573 3317 esse,
3629 3262 3835 3310 erube-

2241 3360 2567 3415 scentesque
2600 3347 2796 3417 singuli
2831 3347 3053 3399 domum
3090 3361 3456 3400 cmurrerunt
3512 3346 3580 3399 ad
3645 3360 3833 3404 vestes

2242 3440 2660 3505 comparandas.
2725 3438 2880 3489 Mitto
2941 3451 3115 3504 nugas
3166 3436 3394 3499 similes,
3457 3446 3517 3489 ut
3567 3438 3734 3494 citius
3769 3440 3833 3492 ad

2244 3530 2436 3585 fabula:
2473 3530 2859 3598 catastrOphen
2898 3528 3306 3597 perveniamus.

2318 3642 2401 3695 1:2.
2437 3641 2751 3697 Pliulbanus
2815 3657 2932 3704 rex,
3014 3640 3281 3695 excitatus
3333 3657 3360 3695 a
3407 3643 3682 3710 daemone,
3742 3649 3835 3701 diu

2245 3740 2443 3795 frustra
2481 3740 2800 3793 Matthamnt
2834 3738 3309 3806 comprehendere
3335 3750 3593 3801 conatur,
3638 3756 3701 3791 ac
3741 3742 3837 3792 dc-

2245 3849 2414 3893 mum.
2462 3832 2551 3886 ubi
2583 3833 2761 3900 ipsum
2806 3830 3189 3891 advocaverat,
3220 3828 3467 3881 caecitate
3502 3830 3835 3897 percutitur.

2245 3926 2482 3980 Sanatus
2506 3924 2572 3978 ab
2609 3922 2876 3993 apostolo,
2913 3920 3060 3974 hunc
3091 3920 3177 3974 vel
3246 3920 3325 3976 sic
3383 3921 3837 3988 comprehendit,

2245 4031 2298 4073 et
2334 4020 2507 4087 longis
2562 4018 2733 4071 clavis
2789 4026 2945 4068 terra:
3014 4014 3155 4081 afﬁgi
3196 4014 3372 4081 jubet,
3437 4016 3839 4083 materiemque

2214 4150 2215 4153 η
2247 4110 2471 4163 multam
2502 4107 2657 4161 facile
2688 4100 3128 4159 combustibilem
3180 4104 3327 4156 circa
3384 4104 3565 4170 ipsum
3604 4120 3838 4174 congre-

2245 4200 2382 4269 gari,
2420 4208 2475 4253 et
2512 4197 2589 4251 sic
2621 4194 2892 4250 comburi.
2956 4194 3155 4249 Verum
3226 4194 3518 4249 combusta
3611 4198 3837 4263 quidem

2246 4290 2474 4344 materia
2503 4290 2930 4357 circumposita,
2963 4302 3076 4340 non
3113 4287 3244 4340 item
3306 4287 3468 4340 laesus
3522 4289 3833 4355 apostolus.

2245 4382 2418 4435 Jussit
2448 4381 2611 4450 igitur
2637 4397 2729 4434 rex
2764 4379 3052 4433 duodecim
3084 4379 3429 4433 deosaureos
3468 4391 3525 4434 et
3544 4393 3837 4451 argenteos

2248 4478 2450 4530 circum
2478 4487 2663 4544 pyram
2700 4472 2849 4542 poni,
2894 4487 2963 4526 ne
3028 4472 3108 4526 vis
3135 4471 3364 4525 ﬂammae
3422 4472 3834 4541 impediretur;

2254 4568 2478 4634 ipseque
2523 4567 2588 4620 ad
2604 4566 2781 4619 locum
2807 4566 3060 4619 accessit.
3089 4564 3157 4617 At
3186 4564 3276 4617 ubi
3306 4566 3532 4617 incensa
3563 4577 3650 4619 est
3681 4583 3834 4635 pyra,

2253 4674 2375 4713 mox
2418 4658 2558 4728 ignis
2590 4657 2814 4712 recessit
2852 4672 2882 4711 a
2934 4656 3209 4719 Matthzeo,
3261 4657 3681 4726 conthussitqne
3713 4676 3837 4712 om-

2254 4766 2349 4805 nes
2375 4751 2506 4803 deos
2533 4764 2725 4802 aureos
2752 4760 2807 4803 et
2833 4760 3142 4818 argenteos,
3177 4748 3594 4816 fugientemque
3649 4766 3835 4823 regem

2252 4842 2520 4911 serpentis
2555 4840 2736 4908 specie
2795 4841 3096 4902 insecutus,
3129 4838 3453 4905 prohibebat
3485 4839 3554 4891 ab
3584 4840 3835 4909 ingressu

2253 4933 2433 5001 palatii
2467 4929 2572 4993 sui,
2600 4931 2776 4985 donec
2837 4939 3205 4984 reverteretur
3255 4930 3323 4983 ad
3380 4926 3724 4991 Matthtrnm,
3768 4928 3836 4987 ab

2253 5038 2425 5092 eoque
2459 5022 2889 5077 misericordiam
2930 5030 3163 5089 peteret.
3210 5019 3374 5080 Tum,
3438 5032 3635 5073 orante
3701 5022 3839 5074 nar-

2254 5121 2415 5183 thteo,
2442 5118 2629 5186 igneus
2656 5118 2818 5169 draco
2849 5115 3070 5167 evanuit
3101 5131 3114 5176 ;
3172 5114 3457 5181 apostolus
3490 5130 3621 5167 vero
3667 5131 3835 5169 orans

2252 5211 2497 5277 Spiritum
2537 5210 2645 5260 er
2671 5207 2908 5267 tradidit,
2934 5206 3228 5272 etquidem
3261 5206 3351 5258 dic
3388 5206 3451 5258 16
3480 5207 3831 5269 Novembris,

2251 5307 2293 5357 si
2337 5301 2623 5357 fabulatori
2662 5298 2951 5353 credimus.
2983 5299 3049 5351 At
3112 5299 3345 5352 necdum
3398 5298 3706 5350 fabularum
3769 5304 3834 5351 ﬁ-

2252 5398 2355 5448 nis.
2380 5395 2539 5447 Jubet
2568 5408 2659 5446 rex
2692 5392 2935 5445 defuncti
2964 5407 3183 5459 corpus,
3276 5403 3445 5442 aureo
3509 5390 3829 5457 impositura

2252 5490 2409 5550 lecto,
2439 5486 2502 5538 ad
2540 5484 2795 5554 palatium
2828 5500 2983 5535 suutn
3014 5481 3237 5549 perferri
3270 5503 3281 5535 :
3312 5483 3513 5537 deinde
3552 5482 3829 5535 inclusum

2252 5598 2388 5633 artae
2426 5579 2632 5637 ferrem,
2665 5577 2883 5646 plumbo
2912 5575 3071 5627 etiam
3100 5586 3352 5644 gravate,
3393 5577 3447 5627 in
3524 5592 3673 5628 mare
3709 5592 3834 5643 pro-

2249 5672 2361 5741 jici,
2408 5680 2467 5723 ut
2534 5672 2804 5726 crederet.
2846 5668 2886 5720 si
2921 5682 3120 5735 corpus
3144 5683 3207 5720 ex
3245 5668 3379 5719 mari
3416 5666 3623 5718 rediret
3678 5668 3831 5719 inco-

2253 5765 2414 5818 lume.
2447 5763 2540 5818 llis
2595 5764 2846 5832 peractis,
2877 5771 3102 5829 apparet
3122 5770 3345 5813 sanctus
3393 5757 3684 5813 Matthtcns
3712 5756 3828 5808 Pla-

2257 5855 2366 5914 toni
2393 5857 2668 5924 episcotio,
2694 5860 3003 5919 monetque,
3047 5860 3100 5905 ut
3137 5849 3199 5903 ad
3237 5866 3386 5905 mare
3420 5848 3679 5920 procedat
3721 5847 3823 5899 ritu
