3970 6454
153 404 257 465 757

1454 397 1630 463 VlTA
1665 404 1728 464 S.
1769 402 2154 463 ΜΑΤἸῊΕΙ.

3315 398 3420 461 758

153 521 391 575 solemni
422 536 549 574 cum
582 521 732 575 clero
753 536 876 576 suo.
922 522 1059 576 Cum
1090 524 1162 576 ibi
1199 531 1406 586 essent,
1440 522 1586 576 circa
1621 537 1744 576 sex-
1773 522 1818 580 A
1848 531 1901 575 et
1933 521 1987 575 in
2022 521 2165 576 idem
2186 523 2405 586 recidit,
2431 523 2573 579 sicut
2601 532 2655 577 et
2680 522 2887 591 reliqua
2942 522 3152 583 omnia,
3208 521 3425 575 duobus

156 610 387 667 tamdiei
418 611 607 665 horam
637 612 781 667 videt
806 629 835 666 e
861 613 1159 685 longinquo
1186 615 1742 684 episc0pussauctum

154 705 477 759 Matthazum
514 706 659 761 inter
695 709 832 761 duos
852 709 997 762 viros
1030 708 1404 763 ambulantem
1431 724 1527 772 per
1552 725 1701 763 mare
1728 726 1740 764 :

156 808 277 867 post
321 796 513 852 horam
548 800 697 854 videt
733 816 951 855 crucem
980 818 1009 856 e
1032 803 1191 857 mari
1263 814 1663 871 emergentem,
1690 810 1746 857 et

153 889 219 940 ad
259 887 423 941 finem
452 890 635 943 crucis
663 905 868 956 arcam,
901 893 953 947 in
987 909 1090 961 qua
1123 904 1243 949 erat
1297 896 1485 951 Sancti
1521 914 1741 968 corpus.

155 978 281 1035 H.ec
314 994 498 1035 autem
541 997 761 1038 crucem
794 987 1126 1055 sequebatur
1160 1005 1332 1059 usque
1378 993 1443 1046 ad
1519 1002 1741 1049 terram.

228 1076 316 1127 15.
362 1074 441 1128 Re
476 1077 776 1140 intellecta,
804 1083 1044 1136 accurrit
1081 1086 1338 1153 pepulus,
1372 1097 1425 1141 et
1456 1105 1547 1142 rex
1603 1090 1739 1156 lpSc.

155 1166 408 1234 deposita
438 1170 587 1222 omni
612 1170 1015 1236 incredulitate,
1039 1179 1272 1239 accedit,
1306 1190 1619 1247 prostratus
1649 1200 1742 1235 ve-

151 1260 301 1312 niam
338 1261 493 1328 petit,
533 1273 584 1315 et
614 1262 774 1317 fidem
822 1266 1189 1333 amplectitur.
1227 1268 1410 1334 Quare
1445 1273 1742 1330 honoriﬁce

150 1350 215 1403 ad
247 1352 543 1405 ecclesiam
584 1363 831 1421 portatur
853 1374 1054 1425 corpus
1077 1363 1253 1416 sancti
1310 1363 1572 1421 Matthiei.
1644 1367 1739 1421 Ba-

150 1440 358 1508 ptizato
384 1443 496 1511 regi
530 1457 697 1499 noctu
771 1459 995 1505 sanctus
1049 1450 1334 1509 Mattha-us
1384 1461 1656 1527 apparuit,
1688 1471 1742 1519 ct

150 1534 472 1589 Alattliatum
503 1539 683 1591 vocari
714 1539 898 1608 jussit,
942 1554 996 1597 et
1031 1549 1406 1619 presbyterum
1443 1555 1737 1620 ordinavit,

150 1628 326 1679 filium
362 1642 494 1681 vero
526 1629 646 1697 ejus
674 1633 994 1699 diaconum,
1057 1641 1346 1711 utriusque
1391 1660 1588 1699 uxores
1626 1649 1740 1701 dia-

147 1718 421 1777 conissas.
448 1722 693 1776 omnium
730 1740 946 1794 quoque
970 1733 1194 1786 mutatis
1262 1736 1597 1793 nominibus.
1626 1739 1739 1796 Rex

146 1808 322 1877 igitur
351 1826 549 1866 omnes
588 1814 640 1867 in
686 1833 850 1887 regno
881 1836 981 1874 suo
1006 1823 1171 1890 jussit
1210 1840 1334 1881 esse
1367 1829 1733 1896 Christianos,
1770 1867 1813 1926 B

146 1901 367 1926 ulla"..-
408 1919 528 1926 ..__-
576 1910 764 1926 -.,-..-.
819 1920 855 1926 .,
963 1922 973 1926 _
1490 1924 1498 1926 _
1626 1925 1629 1926 ,

144 1901 369 1970 alioque
408 1919 533 1975 rege
570 1910 889 1972 constituto,
927 1922 979 1965 et
1006 1926 1225 1971 mortuo
1258 1930 1381 1987 post
1434 1924 1730 1980 triennium

146 1993 399 2059 Platone,
429 1996 606 2051 factus
630 2010 713 2052 est
743 2003 1057 2072 cpiscolius,
1096 2008 1173 2061 uti
1211 2020 1263 2063 et
1292 2011 1434 2067 filius
1465 2015 1587 2083 ejus
1612 2028 1734 2086 post

146 2089 352 2155 ipsum.
384 2089 660 2147 Hactenus
691 2094 820 2149 Acta
855 2098 989 2153 satis
1028 2103 1373 2169 prolixa,sed
1410 2112 1581 2164 multo
1619 2128 1734 2165 ma-

143 2180 227 2247 gis
262 2182 536 2244 labulosa,
570 2200 690 2253 qum
721 2190 994 2256 patienter
1037 2195 1241 2266 perlegi
1303 2211 1357 2254 et
1389 2204 1443 2255 in
1476 2219 1736 2275 compen-

142 2274 296 2325 dium
334 2280 604 2339 contraxi,
644 2281 866 2337 omissis
905 2295 1086 2342 tamen
1122 2290 1432 2350 visionibus
1500 2307 1553 2351 et
1608 2274 1736 2355 aliis

144 2364 496 2422 mirabilibus
522 2383 631 2423 non
689 2376 897 2441 paucis,
944 2386 1001 2431 ut
1038 2382 1267 2449 quilibet
1321 2386 1503 2443 videre
1534 2394 1731 2459 possit,

142 2456 587 2551 nulﬁliusquoque
624 2467 744 2520 tidei
779 2484 898 2523 esse
934 2474 1130 2527 tradita
1164 2480 1306 2545 apud
1337 2456 1732 2551 Nicephorum,

146 2550 199 2602 in
232 2550 480 2618 Μειιενὶε,
515 2566 571 2611 et
608 2558 839 2616 fortasse
869 2566 1022 2619 alibi.
1052 2568 1259 2623 Civitas
1289 2550 1585 2643 Myrineue,
1613 2595 1735 2647 quae

143 2659 256 2697 Uno
299 2657 509 2701 tantum
553 2656 811 2707 Actorum
851 2656 970 2711 loco
1005 2663 1343 2731 nominatur,
1387 2685 1541 2738 atque
1597 2674 1736 2728 ﬁcti-

145 2739 261 2790 titia
301 2748 407 2802 est,
438 2744 831 2815 opinor,quam
863 2753 1069 2824 reliqua
1102 2762 1280 2814 omnia
1309 2781 1321 2827 ;
1359 2774 1411 2817 et
1439 2770 1586 2836 regio
1622 2769 1736 2825 An-

141 2828 674 2933 thropophagorum,
698 2844 911 2899 etiamsi
950 2864 1057 2903 non
1109 2853 1383 2909 defuerint
1419 2828 1732 2933 Anthropo-

142 2922 333 2994 phagi,
365 2928 481 2984 sive
529 2934 765 2989 humana
821 2954 1106 2999 vescentes
1157 2962 1341 3011 carne,
1382 2922 1734 3013 similiter-ab

143 3028 374 3071 auctore
414 3020 628 3119 videtur
682 3028 1113 3087 conficta.Plato
1139 3039 1461 3110 episcopus,
1502 3047 1734 3119 ejusque

142 3124 437 3163 successor
469 3111 807 3181 Phulbanus,
845 3130 897 3175 et
936 3123 1100 3192 hujus
1153 3128 1297 3183 filius
1359 3149 1467 3187 non
1533 3111 1733 3197 iniiiius

1850 616 2093 684 exceptis
2133 616 2287 675 locis.
2330 616 2383 669 in
2409 616 2610 686 quibus
2666 617 2939 685 interpres
2970 615 3237 669 alteruter
3266 616 3425 669 aber-

1851 707 2006 770 ravit,
2041 717 2136 760 aut
2165 708 2411 764 codicem
2446 708 2636 763 habuit
2662 720 3008 778 corruptum,
3041 718 3099 760 ut
3142 707 3310 761 latius
3336 705 3426 760 di-

1849 814 1990 862 cam,
2028 799 2117 853 ubi
2155 810 2346 870 agetur
2375 800 2441 855 de
2498 800 2883 869 pradicatioue
2936 800 3107 855 sancti
3160 798 3423 859 Matthrei,

1849 893 1913 946 ad
1937 909 2096 963 quam
2139 894 2549 963 locusnterque
2582 904 2812 965 spectat,
2863 904 2955 949 aut
2997 894 3051 947 in
3112 892 3420 948 Adnotatis.

1850 986 1996 1039 Dabo
2032 987 2146 1040 haec
2168 990 2322 1049 Acta,
2349 987 2566 1041 etiamsi
2594 1004 2704 1041 non
2734 988 2839 1040 sint
2875 986 3221 1047 auctoritatis
3276 1000 3425 1039 suin-

1849 1094 1966 1141 niae,
1989 1080 2114 1148 quia
2146 1095 2252 1133 non
2277 1081 2541 1134 habemus
2568 1080 2793 1134 meliora
2816 1080 2883 1134 de
2910 1091 3101 1134 sancto
3130 1077 3421 1140 Matthxi);

1848 1188 2153 1243 scquarque
2198 1173 2497 1227 editionem
2536 1173 2703 1238 Surii,
2727 1173 2895 1226 altera
2958 1172 3282 1241 planiorem,
3306 1184 3426 1223 me-

1849 1266 2168 1333 lioremque,
2212 1276 2270 1319 ut
2298 1265 2570 1326 existimo,
2601 1266 2711 1320 imo
2754 1266 2822 1319 ab
2856 1266 2974 1334 ipso
3022 1264 3188 1317 etiam
3260 1262 3423 1332 Lipo-

1847 1372 2009 1409 mano
2030 1359 2231 1421 datam,
2268 1368 2400 1411 tom.
2443 1356 2550 1419 VII,
2583 1357 2672 1410 ubi
2716 1356 2810 1411 fol.
2860 1354 2966 1411 256
3032 1354 3213 1418 docet,
3253 1354 3427 1406 inter~

1847 1453 2017 1522 prelis
2067 1468 2188 1507 esse
2221 1452 2423 1506 Sirleti.
2467 1452 2539 1505 Ex
2576 1453 2658 1506 his
2718 1461 2903 1505 autem
2988 1451 3137 1504 Actis
3185 1447 3427 1518 prudens

1848 1549 2017 1600 lector
2045 1548 2302 1617 colligere
2329 1548 2550 1616 poterit,
2588 1546 2993 1617 Metaphrasten
3028 1560 3136 1598 non
3182 1558 3305 1598 esse
3347 1542 3429 1595 fa-

1848 1642 2095 1695 bularum
2126 1641 2498 1703 inventorem,
2520 1651 2577 1695 ut
2609 1641 2927 1708 frequenter
2956 1648 3211 1694 asserunt
3250 1638 3424 1706 aliqui

1846 1734 2043 1795 Critici,
2081 1732 2313 1787 maxime
2336 1732 2625 1787 Bailletus.
2664 1732 2719 1785 Si
2748 1732 2892 1786 enim
2916 1732 3117 1801 [iugere
3144 1731 3426 1792 voluisset,

1847 1824 1898 1877 id
1928 1823 2109 1877 facere
2139 1823 2407 1891 potuisset
2440 1838 2548 1875 non
2592 1823 2775 1875 minus
2809 1821 2876 1875 de
2918 1830 3110 1875 sancto
3175 1817 3428 1871 Matthaeo

1842 1928 1895 1971 et
1925 1918 2046 1971 aliis
2083 1916 2365 1985 apostolis,
2408 1916 2477 1970 de
2504 1931 2741 1985 quorum
2826 1915 2992 1984 gestis
3037 1928 3209 1982 pauca
3249 1912 3426 1965 solum

1837 2010 2302 2070 commemoravit,
2360 2008 2500 2077 quod
2584 2024 2692 2061 non
2755 2006 3024 2074 reperiret
3077 2006 3231 2073 plura
3282 2005 3427 2071 apud

1836 2103 2195 2172 antiquiores.
2259 2100 2375 2156 Non
2435 2101 2700 2157 confinxit
2738 2100 2898 2171 igitur
2934 2098 3084 2152 Vitas
3152 2096 3430 2151 fabulosas

1840 2197 2259 2267 Melaphrastes,
2337 2196 2429 2250 sed
2493 2195 2785 2249 nonnullas
2854 2194 3149 2264 adeptavit,
3209 2200 3264 2246 et
3328 2208 3427 2247 suo

1838 2290 1975 2359 stylo
1999 2290 2272 2357 exposuit.

1915 2380 2003 2436 15.
2043 2379 2359 2435 Orationem
2396 2380 2849 2434 cncomiasticam
2908 2378 2978 2433 de
3048 2387 3241 2431 sancto
3287 2376 3427 2430 Mat-

1840 2474 1982 2528 thzeo
2014 2474 2263 2544 apostolo
2328 2474 2665 2545 evangelista
2730 2474 2895 2527 etiam
2952 2472 3170 2540 scripsit
3212 2467 3434 2524 Nicetas

1840 2568 2157 2630 David,aut
2190 2545 2487 2637 Paphlago,
2528 2567 2620 2636 qui
2670 2567 2861 2619 eodem
2915 2565 3029 2619 fere
3097 2581 3221 2618 cum
3263 2563 3432 2618 Meta-

1838 2663 2059 2732 phraste
2104 2662 2238 2715 vixit
2278 2674 2543 2732 tempore.
2588 2662 2749 2731 paulo
2782 2672 2963 2715 tamen
3015 2662 3232 2717 videtur
3289 2661 3431 2713 anti-

1837 2757 2016 2826 quior.
2054 2756 2204 2810 Hanc
2236 2755 2440 2811 Nicetze
2477 2758 2784 2810 orationem
2822 2753 3287 2812 Graeco-Latinam
3314 2756 3437 2807 edi-

1839 2849 1919 2903 dit
1963 2848 2323 2903 Combelisius
2364 2849 2419 2901 iu
2461 2848 2712 2901 Auctario
2762 2847 3085 2911 novissimo,
3129 2862 3251 2915 pag.
3303 2844 3426 2901 601.

1836 2938 1985 2993 Illam
2032 2940 2295 2993 recudere
2347 2953 2694 3009 nequaquam
2742 2938 2905 2997 libet.
2947 2938 3074 3007 quia
3126 2936 3259 2989 nihil
3313 2934 3431 2987 fere

1837 3032 2000 3086 habet
2029 3032 2095 3085 de
2122 3032 2285 3101 gestis
2317 3032 2490 3085 sancti
2524 3030 2761 3084 Mattlimi
2791 3042 2983 3099 praeter
3014 3030 3352 3083 vocationem
3378 3038 3432 3082 et

1838 3122 2194 3195 Evangelium
2241 3123 2535 3192 scriptum.
2569 3123 2642 3177 De
2689 3122 3074 3192 praedicatione
3112 3139 3238 3175 vero
3289 3138 3429 3192 pau-

143 3214 399 3265 Ρθτεθηίε
431 3202 690 3259 "idem"?
724 3216 1137 3271 commentitite.
1181 3221 1348 3276 Certe
1389 3225 1457 3280 (lc
1505 3228 1807 3315 Platoncc
1841 3218 1990 3271 ciora
2052 3217 2315 3279 narravit,
2372 3234 2532 3286 quam
2586 3216 3008 3287 Metaphrastes,
3062 3233 3184 3270 cum
3250 3221 3427 3271 tamen

143 3288 235 3315 3H,.
275 3290 496 3315 ..Ιί.....1-
538 3297 612 3315 _'|
644 3298 672 3315 'I
709 3299 718 3310 ·
878 3304 887 3313 ο
1069 3307 1078 3315 .
1242 3310 1253 3315 -
1376 3313 1427 3315 _,,
1978 3312 1987 3315 -
2173 3311 2183 3315 -
2327 3311 2336 3315 -
2521 3311 2551 3315 _-
2599 3311 2609 3315 _
2768 3311 2778 3315 -
3068 3309 3079 3315 -
3178 3310 3187 3315 .
3256 3310 3265 3315 .

143 3288 236 3341 illo
274 3290 500 3348 aliunde
538 3297 674 3351 nihil
705 3299 948 3368 invenio,
976 3307 1178 3362 nedum
1223 3310 1290 3366 de
1339 3313 1485 3378 aliis,
1528 3328 1587 3371 ut
1614 3335 1736 3375 om-

144 3382 279 3434 nino
321 3387 415 3438 liat
448 3390 768 3457 verisimile,
804 3392 1085 3453 Platonem
1123 3418 1188 3456 ex
1216 3404 1298 3459 his
1338 3422 1559 3477 quoque
1585 3411 1739 3470 Actis

146 3478 445 3567 memorari
478 3479 529 3529 in
563 3482 742 3551 elogio
781 3485 840 3541 S.
878 3487 1140 3555 Matthaii,
1176 3497 1321 3563 quod
1352 3501 1629 3567 reperitur
1682 3503 1736 3558 in

147 3562 459 3627 Menologio
489 3566 783 3637 Basiliano,
806 3588 861 3629 et
886 3579 1037 3644 plura
1072 3583 1124 3635 in
1181 3562 1283 3637 isto
1317 3562 1493 3659 elogio
1543 3608 1607 3645 ex
1654 3595 1739 3648 his

146 3656 298 3709 Actis
328 3658 654 3733 deprompta
689 3682 830 3730 esse,
869 3669 994 3726 licet
1026 3689 1134 3728 non
1160 3679 1343 3734 omnia
1408 3656 1735 3754 congruant.

217 3749 304 3802 Η.
335 3751 455 3805 Alia
492 3769 710 3811 rursum
738 3763 913 3816 sancti
941 3763 1175 3822 Matthiei
1232 3772 1367 3826 Acta
1409 3749 1742 3846 conscripsit

148 3840 373 3897 Simeon
404 3845 822 3920 Metaphrastes,
860 3872 979 3926 qua:
1027 3860 1211 3917 Graeca
1249 3867 1314 3919 ad
1376 3884 1595 3923 manuni
1629 3888 1738 3925 non

150 3932 347 3993 haheo.
388 3954 490 3990 nec
517 3942 650 3995 tanti
684 3946 934 4002 facienda
984 3964 1132 4017 sunt,
1170 3967 1224 4007 ut
1281 3961 1528 4013 studiose
1579 3964 1738 4015 modo

148 4032 445 4097 qua-renda
477 4033 787 4091 existimem
830 4056 842 4091 :
887 4057 1009 4095 nam
1046 4061 1104 4096 ea
1138 4045 1328 4103 Latine
1357 4051 1531 4105 edidit
1577 4053 1739 4127 Lipo-

151 4138 369 4184 manus.
408 4136 542 4182 toni.
588 4129 650 4193 V,
688 4132 783 4189 fol.
834 4136 931 4191 157
960 4151 1013 4194 et
1042 4142 1159 4205 l58,
1193 4156 1244 4197 et
1277 4143 1469 4200 Surius
1502 4152 1568 4205 ad
1596 4150 1739 4203 hunc

152 4216 315 4272 diem.
357 4218 483 4274 Haec
504 4224 684 4277 minus
723 4227 970 4283 fabulosa
997 4238 1261 4297 sunt,scd
1300 4238 1484 4292 brevia
1512 4243 1740 4295 omnino

150 4316 204 4359 ct
226 4307 441 4377 jejuna,
466 4322 523 4366 ut
548 4315 633 4366 vix
657 4316 956 4387 quidquam
979 4321 1215 4379 afferant
1242 4326 1309 4382 de
1331 4326 1558 4394 Sancto,
1595 4336 1739 4401 quod

149 4398 375 4455 aliunde
409 4418 516 4457 non
548 4408 617 4461 sit
646 4420 859 4464 notum.
899 4410 1077 4468 Pauca
1108 4426 1291 4471 autem
1350 4420 1460 4485 illa,
1500 4398 1625 4492 quas
1672 4428 1739 4479 de

150 4495 545 4558 praedicatione
572 4496 759 4554 Sancti
790 4503 1073 4568 dicuntur,
1115 4524 1224 4561 non
1252 4523 1381 4564 sunt
1416 4514 1537 4570 fidei
1576 4516 1738 4573 indu-

153 4589 335 4641 bitatae.
372 4606 385 4652 ;
424 4588 516 4642 srd
553 4602 715 4646 tanta:
747 4595 923 4649 solum
957 4602 1327 4667 auctoritatis,
1361 4617 1565 4671 quanta
1600 4610 1740 4665 solet
1776 4633 1819 4687 ι)

149 4683 201 4734 in
230 4682 354 4736 aliis
375 4688 805 4741 esscauctoritas
830 4690 1235 4761 Metaphrastis.
1264 4696 1458 4753 Surius
1485 4705 1737 4757 eamdem

154 4774 326 4829 edidit
359 4777 752 4845 Mctaphrastis
779 4784 1241 4854 lucubrationcm,
1269 4792 1363 4845 sed
1413 4794 1519 4849 alio
1580 4797 1741 4851 modo

151 4866 347 4941 Latine
389 4873 679 4938 redditam,
718 4892 825 4946 quo
858 4878 1059 4934 factum
1088 4894 1194 4943 est.
1232 4894 1288 4937 ut
1337 4886 1606 4942 Baronius
1656 4890 1740 4943 di—

153 4977 347 5017 versas
373 4966 673 5020 crediderit
714 4971 1152 5039 lucubrationes,
1184 4994 1308 5031 cum
1354 4997 1460 5034 non
1524 4983 1595 5036 sit
1635 4986 1740 5039 nisi

154 5071 259 5109 una
298 5057 607 5127 eademque
630 5058 836 5126 Graeca,
888 5082 1051 5134 quam
1118 5069 1261 5123 inter
1314 5072 1462 5127 Vitas
1494 5091 1521 5128 a
1574 5074 1741 5130 Meta-

150 5145 379 5213 phraste
416 5150 653 5217 scriptas
690 5160 1018 5211 memoravit
1047 5160 1278 5215 Allatius
1310 5163 1377 5218 de
1417 5164 1739 5220 Siineonuin

150 5240 387 5305 scriptis.
428 5256 548 5313 pag.
587 5243 707 5310 126,
752 5250 991 5303 recitatis
1047 5252 1258 5307 initium
1304 5258 1564 5312 Actorum
1591 5261 1743 5314 (ira:-

150 5347 364 5397 corum,
410 5335 511 5404 ἤδη
546 5338 647 5403 μὲν
678 5341 768 5391 τὸν
810 5346 960 5411 παρὰ
987 5346 1081 5398 τοῦ
1111 5348 1415 5414 πλάσαντος
1470 5355 1616 5422 ἡμᾶς
1654 5355 1741 5407 δο-

154 5423 339 5476 eam
368 5427 738 5494 φυλάττοντες
767 5435 1171 5507 ὲντο).ὴν,‹]ιι‹›ι1
1202 5441 1274 5495 ita
1307 5458 1629 5513 expressum
1659 5459 1743 5502 est

153 5519 291 5585 apud
326 5520 689 5589 Lipomannm
726 5542 739 5579 :
776 5545 792 5576 ι
819 5527 934 5583 Jam
994 5533 1212 5600 quidem
1251 5540 1533 5606 nos,quod
1565 5542 1632 5595 ab
1652 5558 1739 5608 co,

150 5616 242 5681 qui
274 5630 377 5668 nos
415 5616 669 5681 finxerat,
692 5618 876 5674 datum
908 5623 1456 5699 fucrttlpt‘tBCPpltlltl,
1511 5650 1741 5688 servan-

157 5716 257 5761 tes.
299 5727 318 5758 ι
344 5712 503 5779 Apud
541 5711 759 5766 Suriiun
797 5730 965 5772 vero:
1011 5738 1027 5768 ι
1069 5717 1124 5772 Si
1198 5732 1527 5791 praeceptum
1589 5728 1739 5790 illud,

155 5803 294 5867 quod
326 5804 394 5857 ab
422 5819 511 5863 eo.
547 5806 637 5875 qui
675 5805 951 5873 formavit,
1012 5812 1319 5883 injunctum
1390 5818 1547 5877 nobis
1617 5821 1739 5879 fuit.

160 5912 373 5953 scrvare
407 5897 797 5961 voluissemus.
833 5901 1072 5975 Utraque
1129 5912 1397 5978 expositio
1452 5922 1575 5982 apta
1634 5926 1736 5981 est,

1853 3312 2027 3362 oratio
2074 3311 2246 3362 multo
2294 3311 2365 3363 sit
2416 3311 2679 3377 prolixior
2731 3311 2799 3362 ob
2852 3325 3014 3379 vagas
3068 3309 3430 3363 laudationes.

1848 3399 2083 3453 Aﬂeram
2139 3398 2323 3469 itaque
2366 3414 2431 3453 ex
2480 3414 2542 3453 ea
2588 3399 2640 3452 in
2690 3398 3120 3463 Commentario,
3167 3401 3430 3470 quidQuid

1849 3487 1981 3545 utile
2033 3492 2306 3545 videbitur
2350 3491 2415 3545 ad
2464 3492 2802 3562 propositum
2842 3502 3113 3545 nostrum.
3154 3489 3433 3547 Laudatus

1848 3583 2076 3635 Allatius
2118 3600 2238 3652 pag.
2274 3584 2392 3648 122,
2430 3584 2575 3637 inter
2614 3584 2765 3637 Vitas
2800 3583 3292 3654 Sanctornm,qua2
3320 3600 3429 3637 non

1849 3685 1977 3728 sunt
2018 3674 2420 3743 Metaphrasue,
2459 3688 2731 3730 recenset.
2772 3680 2934 3730 «Acta
2982 3676 3153 3729 sancti
3198 3679 3433 3747 apostoli

1850 3778 1903 3822 et
1949 3769 2292 3839 evangelista:
2334 3768 2594 3830 Matthxi,
2644 3786 2877 3839 quorum
2926 3770 3031 3823 tale
3086 3768 3176 3823 dat
3230 3769 3432 3837 princi-

1851 3862 1999 3933 pium
2040 3882 2051 3916 :
2084 3864 2364 3925 Ἀιατϐαἰος
2389 3863 2688 3925 ἀπόστολος
2711 3865 2804 3916 καὶ
2831 3857 3306 3931 εὐαγγελιστὴςῆν
3338 3860 3434 3929 μιν

1849 3958 1912 4006 ἐκ
1956 3955 2163 4017 πόλεως
2226 3957 2608 4023 Ἰερουσαλήμ.
2655 3975 2672 4005 ι
2732 3957 3018 4008 ΜειιιΙιεειις
3056 3954 3340 4022 apostolus
3380 3963 3438 4007 ct

1848 4046 2180 4116 evangelista
2247 4056 2365 4100 erat
2424 4062 2489 4099 ex
2554 4046 2772 4101 civitate
2843 4046 3359 4116 Hierosolymitana.
3411 4065 3429 4093 ι

1850 4140 2104 4195 Auctoris
2160 4151 2244 4194 est
2310 4140 2499 4210 ignoti.
2566 4149 2620 4193 et
2682 4140 3052 4194 verisimiliter
3115 4137 3435 4209 posterioris

1852 4231 2036 4285 Niccta
2097 4242 2148 4285 et
2198 4231 2585 4298 Melapliraste.
2639 4233 2823 4284 Prodit
2884 4234 2973 4284 ille
3026 4234 3132 4301 jam
3186 4232 3435 4299 allegatis

1851 4326 2053 4387 verbis,
2098 4340 2257 4393 quam
2312 4324 2468 4378 nihili
2523 4324 2593 4378 sit
2633 4323 2942 4386 faciendus,
2998 4324 3127 4379 dum
3161 4321 3432 4379 'sauctum

1850 4416 2165 4471 Matthaium
2199 4417 2328 4473 facit
2372 4418 2943 4490 Hierosolymitanum,
2976 4433 3100 4472 cum
3139 4417 3224 4471 vix
3261 4418 3432 4472 ullum

1850 4509 1920 4564 sit
1949 4510 2196 4574 dubium,
2238 4512 2369 4579 quin
2404 4513 2472 4565 sit
2506 4510 2781 4571 Galilzeus,
2810 4520 2868 4561 ut
2895 4525 2995 4562 suo
3026 4510 3147 4563 loco
3178 4508 3431 4570 dicetur;

1851 4610 1910 4654 ut
1979 4617 2125 4655 certe
2182 4602 2330 4654 nulla
2384 4603 2454 4655 sit
2502 4601 2638 4653 ratio
2691 4615 2811 4668 qua:
2861 4598 3193 4669 persuadere
3264 4602 3435 4668 possit

1849 4690 2398 4763 Hierosolymitanum
2458 4690 2645 4746 fuisse.
2694 4692 2814 4747 Non
2872 4693 3048 4748 habeo
3089 4692 3157 4746 ad
3210 4708 3431 4745 manum

1847 4787 1963 4842 haec
2000 4791 2151 4853 Acta,
2200 4788 2438 4859 facitque
2488 4789 2777 4858 allegatum
2828 4789 3071 4851 initium,
3117 4796 3177 4839 ut
3210 4802 3273 4840 ea
3310 4795 3432 4840 stu-

1846 4881 1997 4935 diose
2019 4881 2311 4950 quaerenda
2346 4898 2455 4934 non
2491 4896 2767 4933 reuseani.
2803 4878 3033 4934 Exstant
3066 4890 3118 4933 et
3148 4878 3331 4948 plures
3362 4880 3431 4933 de

1847 4987 2038 5029 sancto
2081 4975 2336 5030 Matthaco
2366 4990 2680 5039 sermones,
2718 4976 2813 5027 sed
2846 4976 2937 5045 qui
2979 4973 3045 5025 ad
3080 4982 3228 5043 gesta
3259 4972 3434 5041 ipsius

1847 5069 2209 5122 examinanda
2236 5080 2329 5121 aut
2355 5068 2661 5121 enarranda
2693 5066 2830 5120 nihil
2852 5066 3191 5121 conducunt.
3217 5065 3355 5118 Tres
3380 5066 3433 5119 id

1849 5176 2018 5228 genus
2054 5174 2335 5213 sermones
2378 5160 2541 5214 habet
2585 5159 2640 5213 S.
2678 5159 2873 5213 Petrus
2901 5156 3193 5213 Damiauus
3224 5168 3357 5212 tom.
3388 5158 3433 5213 ιι

1849 5250 2111 5319 Operurn.

1922 5358 2005 5412 lti.
2055 5356 2365 5428 Scriptores
2423 5361 2789 5429 posteriorum
2838 5361 3164 5415 saculorum
3223 5360 3427 5425 Latini,

1847 5452 1939 5520 qui
1985 5462 2139 5522 gesta
2188 5451 2242 5505 S.
2284 5452 2522 5508 Matthxi
2570 5469 2831 5509 enarrare
2878 5456 3204 5515 voluerunt,
3245 5459 3429 5511 omnia

1850 5543 1963 5598 fere
2010 5541 2309 5599 hauserunt
2342 5562 2405 5600 ex
2450 5548 2598 5601 Actis
2639 5548 2812 5617 primo
2862 5548 2982 5602 loco
3014 5548 3267 5608 edendis,
3310 5564 3431 5617 qua:

1849 5651 1999 5696 certo
2046 5642 2266 5710 antiqua
2326 5644 2496 5713 magis
2540 5655 2687 5705 sunt,
2734 5659 2901 5712 quam
2954 5644 3276 5715 probabilia.
3337 5644 3427 5700 Illa

1854 5731 1962 5784 fere
2000 5731 2204 5801 integra
2251 5734 2341 5788 dat
2378 5733 2694 5789 Vincentius
2738 5734 3161 5801 BellovaCeusis,
3209 5740 3259 5791 in
3295 5740 3425 5808 Spw

1850 5826 1984 5887 culo,
2036 5826 2125 5880 lib.
2176 5843 2245 5887 ix,
2302 5844 2420 5897 cap.
2457 5829 2521 5880 τά
2565 5839 2617 5878 ιιι
2668 5841 2820 5899 seqq.
2862 5830 3096 5884 Jacobus
3136 5828 3431 5886 Januensis

1850 5935 1966 5988 cap.
2017 5918 2110 5973 135
2140 5938 2199 5973 cx
2240 5920 2424 5975 iisdem
2460 5922 2608 5977 Actis
2645 5938 2823 5977 omnia
2864 5924 3195 5994 deprompsit
3234 5936 3430 5995 praeter
