3970 6444
551 376 659 446 153

1776 382 2061 443 MKNSIS
2105 386 2572 445 SEP’I‘EMBER.

3700 378 3812 441 τσο

549 506 614 543 ea
646 505 766 557 qua:
796 489 1168 544 ratiocinando
1214 492 1279 544 de
1326 491 1620 545 virtutibus
1660 492 1847 546 Sancti
1885 492 2117 548 addidit.
2157 504 2194 553 Α
2225 508 2376 547 num.
2426 512 2444 544 ι
2494 490 2550 544 ln
2588 493 2869 561 prolixiori
2919 492 3112 545 unicus
3162 490 3318 544 initio
3357 499 3437 544 est
3491 487 3693 544 titulus
3730 490 3807 540 ita

552 577 748 634 Eadem
784 595 999 634 rursum
1035 582 1163 635 Acta
1199 581 1311 637 lere
1352 584 1597 652 sequitur
1629 582 1816 639 Petrus
1858 583 1927 639 de
1960 586 2123 638 Nata.

552 671 709 734 libus,
740 671 832 725 lib.
871 687 987 734 vut,
1032 687 1153 743 cap.
1198 674 1339 738 100;
1388 683 1497 728 tam
1543 690 1731 746 presse
1763 686 1942 730 tamen
1974 675 2123 732 Actis

551 779 659 818 non
716 763 966 829 inbzeret,
1019 773 1080 819 ut
1130 766 1365 821 subinde
1407 783 1515 821 non
1568 768 1729 822 addat
1778 768 1980 837 aliquid
2028 778 2121 821 aut

550 866 724 909 mutet
772 856 1076 910 secundum
1109 872 1171 911 ea
1208 874 1328 927 qua:
1363 859 1487 912 alibi
1520 858 1739 929 legerat.
1773 858 2039 913 Baronius
2068 860 2121 913 in

550 947 835 1001 Adnotatis
880 948 949 1003 ad
989 950 1423 1021 Martyrologium
1465 952 1604 1006 duos
1635 953 1717 1007 sui
1766 951 2025 1021 temporis
2054 952 2120 1005 de

551 1037 611 1091 ε.
649 1040 897 1094 Μαιιὴωο
927 1043 1224 1111 scriptores
1259 1057 1508 1098 recenset
1540 1045 1627 1098 his
1653 1044 1833 1098 verbis
1866 1062 1879 1097 :
1917 1062 1935 1094 ι
1975 1043 2121 1097 Peri-

550 1132 709 1187 onius
744 1132 845 1186 alia
905 1149 1081 1202 nuper
1135 1135 1477 1204 conscripsit,
1541 1154 1561 1187 ι
1618 1138 1749 1190 Acta
1801 1136 2056 1189 videlicet
2102 1152 2115 1188 :

557 1243 576 1273 ε
613 1222 916 1277 Novissime
946 1240 1076 1279 vero
1109 1241 1173 1280 ex
1200 1228 1441 1295 antiquis
1473 1228 1863 1286 monumentis.
1908 1237 1962 1281 et
1990 1242 2117 1281 san-

549 1328 759 1369 ctorum
796 1317 1013 1369 I’atrutn
1046 1318 1266 1387 scriptis
1295 1318 1509 1389 collegit
1548 1333 1660 1373 rev.
1707 1320 1959 1372 dominus
1983 1318 2116 1373 Mar-

548 1422 647 1461 cus
660 1407 932 1461 Antonius
953 1408 1242 1473 Columna,
1265 1409 2119 1479 archiepiscopusSaleruitanus,

547 1510 603 1553 et
659 1514 790 1553 sane
834 1501 1057 1569 quidem
1112 1501 1346 1556 erudite.
1398 1519 1417 1551 ο
1465 1500 1704 1570 Uterque
1753 1500 1885 1554 Acta
1943 1502 2118 1569 prima

550 1606 661 1659 pra
696 1590 869 1643 oculis
912 1590 1123 1653 habuit,
1169 1600 1223 1644 et
1257 1590 1374 1644 sine
1414 1591 1676 1660 scrupulo
1724 1599 1943 1643 secutus
1987 1602 2117 1643 est:

549 1694 641 1738 aut
672 1682 847 1751 potius
873 1682 989 1751 ipsa
1018 1683 1148 1737 Acta
1173 1683 1601 1751 pseudo-Abdita
1628 1682 1781 1736 dedit
1810 1681 2117 1745 Perionius,

548 1774 767 1828 omissis
800 1774 1059 1827 duntaxat
1088 1774 1455 1843 paucissimis,
1496 1784 1549 1827 et
1580 1774 1777 1827 additis
1810 1772 1963 1824 initio
1991 1788 2124 1841 pauo

550 1868 649 1926 cis,
694 1875 856 1935 prout
897 1866 1030 1918 Acta
1080 1866 1133 1917 in
1181 1866 1370 1919 codice
1417 1865 1599 1934 aliquo
1642 1864 1824 1918 forsan
1868 1866 2119 1919 invenit:

550 1970 675 2009 nam
727 1969 782 2011 et
828 1962 881 2009 in
936 1957 1177 2011 editione
1237 1954 1482 2011 Historia
1511 1958 1902 2025 apostolorum,
1952 1972 2115 2026 quam

550 2063 696 2101 anno
735 2048 863 2101 1571
916 2048 1066 2102 dedit
1104 2047 1350 2102 Joannes
1390 2047 1566 2103 Faber
1591 2090 1605 2112 ,
1640 2064 1749 2102 non
1785 2062 1951 2117 pauca
1995 2058 2123 2101 sunt

549 2140 775 2203 omissa,
816 2155 934 2207 qua:
966 2141 1017 2191 in
1050 2139 1324 2207 plerisque
1367 2140 1651 2193 codicibus
1684 2141 1956 2207 leguntur.
1990 2138 2118 2192 lliu-

551 2230 865 2284 strissimus
898 2228 1163 2284 Columna
1200 2230 1436 2298 undique
1462 2246 1559 2283 sua
1593 2230 1807 2296 collegit
1845 2230 1965 2284 sine
1992 2227 2120 2283 crisi

549 2320 870 2383 sulliciente,
903 2323 1045 2390 quod
1073 2321 1216 2375 aetati
1251 2322 1421 2390 ipsius
1447 2322 1747 2375 condonari
1792 2330 1990 2391 potest.
2018 2319 2125 2373 Re-

550 2412 716 2479 liquis
770 2420 952 2464 tamen
1008 2411 1156 2464 Actis
1221 2410 1523 2479 praetulisse
1574 2411 1789 2463 videtur
1848 2410 2123 2479 personati

552 2502 737 2557 Abdita
780 2501 1095 2563 Historiam,
1138 2501 1222 2555 cui
1254 2501 1513 2555 nonnulla
1550 2516 1613 2554 ex
1649 2500 2031 2571 Metaphraste,
2070 2510 2124 2555 et

555 2595 706 2663 plura
746 2610 808 2647 ex
858 2595 1009 2650 Actis
1063 2594 1285 2658 Graecis,
1334 2593 1447 2648 sive
1494 2609 1556 2647 ex
1598 2594 1921 2664 compendio
1964 2593 2123 2647 Nice-

553 2687 709 2756 phori
743 2685 1011 2755 adjunxit.
1039 2685 1256 2739 Meliora
1290 2695 1473 2739 tamen
1498 2686 1658 2738 etiam
1688 2687 1836 2739 dedit
1866 2702 1930 2740 ex
1957 2685 2124 2739 sacris

555 2779 776 2833 Litteris
823 2788 876 2833 et
916 2776 1187 2833 Patribus.
1225 2776 1560 2831 Examiuabo
1594 2778 1755 2847 igitur
1798 2787 1852 2833 et
1895 2778 2124 2834 subinde

552 2870 789 2923 laudabo
842 2878 1049 2921 asserta
1099 2865 1400 2931 Columnae,
1434 2872 1509 2921 uti
1552 2878 1606 2922 et
1655 2868 1870 2927 Baronii
1923 2872 1974 2923 iu
2017 2873 2125 2923 Au-

554 2962 789 3025 ualibus,
814 2958 1145 3014 Tillemontii
1171 2959 1223 3012 in
1251 2962 1603 3014 Monumentis
1630 2960 1899 3024 Ecclesia,
1929 2970 2059 3014 tom.
2083 2961 2123 3029 Ι,

552 3057 891 3124 aliorumque
939 3054 1261 3119 recentium,
1317 3054 1409 3123 qui
1474 3054 1874 3108 accuratiorem
1932 3056 2118 3108 crisim

553 3147 902 3218 profitentur.

628 3241 714 3294 l7.
758 3237 1034 3294 Laudatus
1057 3237 1321 3294 Columna
1346 3238 1794 3309 archiepiscopus
1812 3254 1919 3293 non
1948 3238 2120 3294 solum

554 3334 620 3387 de
669 3332 834 3403 gestis
876 3341 930 3387 et
976 3333 1236 3403 martyrio
1279 3334 1453 3387 sancti
1502 3331 1736 3388 Mattha-i
1773 3334 2122 3387 Commenta-

559 3426 700 3477 rium
752 3424 944 3489 edidit,
994 3425 1089 3479 sed
1129 3425 1301 3479 varias
1345 3440 1563 3493 quoque
1614 3426 1858 3493 corporis
1898 3426 2126 3477 transla—

557 3519 733 3570 tiones
792 3532 1045 3571 sermone
1104 3519 1314 3585 prolixo
1364 3516 1557 3584 magis,
1617 3530 1775 3583 quam
1833 3512 2121 3584 probabili,

553 3609 851 3663 enarravit.
891 3608 1034 3662 Vidit
1066 3609 1255 3676 procul
1291 3608 1458 3662 dubio
1499 3609 1765 3662 Baronius
1797 3622 1901 3660 non
1940 3610 2124 3662 colue-

558 3716 678 3755 rere
720 3700 1042 3754 relatiooem
1079 3698 1377 3765 Columnae,
1417 3718 1540 3756 cum
1589 3702 1731 3755 illam
1767 3718 1871 3755 non
1909 3702 2133 3771 ignora-

558 3796 716 3855 verit,
754 3807 856 3846 nec
903 3800 1086 3845 tamen
1120 3794 1416 3860 quidquam
1465 3809 1531 3846 ex
1574 3808 1635 3846 ea
1672 3790 1973 3845 Annalibus
2014 3794 2127 3846 suis

560 3886 893 3949 inseruerit;
952 3887 1205 3953 quamvis
1261 3882 1328 3937 ad
1387 3899 1591 3937 annum
1659 3883 1764 3938 954
1822 3900 1885 3938 ει
1950 3884 2127 3938 Leone

558 3976 819 4040 Ostiensi,
853 3990 904 4031 et
938 3978 1003 4032 ad
1040 3994 1247 4031 annum
1283 3977 1418 4033 1080
1450 3994 1513 4031 ex
1553 3978 1797 4047 Gregorii
1849 3977 2003 4045 Papa:
2036 3976 2127 4031 γη

561 4071 798 4140 Epistola
826 4071 889 4122 de
914 4071 1229 4124 inventione
1256 4079 1308 4122 et
1334 4070 1689 4123 translatione
1718 4071 1960 4137 corporis
1982 4078 2124 4139 agat.

561 4164 903 4232 Quapropter
949 4162 1030 4216 vel
1085 4162 1200 4217 solo
1254 4162 1469 4217 silentio
1514 4179 1615 4217 suo
1664 4162 2129 4217 eminentissimus

563 4255 795 4323 seriptor
853 4254 1181 4318 declaravit,
1238 4264 1488 4321 suspecta
1544 4255 1643 4307 sibi
1702 4254 1949 4306 falsitatis
2009 4268 2130 4306 esse

562 4348 817 4414 adjuncta
856 4344 1124 4409 locorum,
1170 4360 1522 4415 personarum
1556 4355 1608 4399 et
1656 4355 1983 4414 temporum,
2012 4360 2130 4414 quae

567 4444 620 4495 in
659 4439 894 4495 Historia
928 4440 1343 4496 translationum
1379 4438 1520 4506 apud
1556 4437 1874 4492 Coluumam
1917 4442 2125 4508 reperi-

2230 602 2527 655 espressus
2560 604 2572 639 :
2610 606 2627 637 ι
2665 584 2863 655 Incipit
2887 584 3169 638 translatio
3203 583 3261 635 Β.
3295 580 3531 636 Mattbzi
3568 580 3807 649 apostoli

2230 686 2284 731 et
2326 677 2691 746 evangelista.
2737 696 2755 728 ι
2798 676 2855 729 In
2890 684 3117 744 utroque
3152 674 3502 743 praemittitur
3537 674 3805 728 Actorum

2231 770 2611 839 compendium
2647 784 2709 823 es
2750 769 3167 839 pseudo-Abdia:
3202 766 3432 820 Historia
3471 766 3544 820 ita
3581 767 3809 820 desum-

2231 872 2409 935 ptum,
2441 872 2497 915 ut
2535 864 2861 931 paucissima
2903 869 3106 926 tamen,
3147 875 3319 930 eaque
3352 860 3523 913 nihilo
3553 859 3803 923 meliora,

2228 953 2409 1007 addita
2439 954 2545 1006 sint
2574 963 2669 1006 aut
2700 963 2922 1007 mutata.

2302 1045 2387 1100 l8.
2437 1043 2638 1098 Deinde
2664 1046 2907 1115 sequitur
2940 1043 3225 1099 translatio
3257 1052 3365 1096 tam
3404 1040 3639 1095 ridicule
3668 1055 3803 1094 con-

2231 1136 2350 1193 ficta
2388 1152 2451 1191 ex
2496 1136 2775 1205 A‘lthiopia
2820 1138 2870 1189 in
2914 1136 3270 1194 Britanniam,
3318 1143 3375 1187 ut
3420 1134 3505 1186 vel
3537 1149 3604 1185 ex
3649 1148 3709 1185 ea
3740 1132 3805 1185 li-

2228 1238 2410 1299 queat,
2443 1238 2716 1283 auctorem
2746 1228 2868 1283 crisi
2901 1228 3155 1282 historica
3191 1240 3411 1294 prorsus
3439 1226 3613 1279 fuisse
3635 1226 3807 1277 desti-

2230 1329 2427 1375 tutum.
2462 1319 2617 1382 Nam,
2658 1329 2715 1373 ut
2760 1320 2861 1374 alia
2899 1320 3108 1373 mittam
3154 1318 3559 1385 improbabilia.
3594 1331 3803 1371 merca-

2228 1422 2375 1467 tores
2434 1411 2725 1467 Britannos
2784 1424 2978 1468 auctor
3034 1414 3281 1483 perducit
3330 1414 3383 1467 in
3440 1412 3802 1481 Aithiopiam,

2229 1504 2524 1575 paucisque
2555 1505 2746 1559 diebus
2774 1506 2978 1560 reducit
3010 1506 3062 1558 in
3096 1505 3453 1557 Britanniam.
3484 1504 3635 1558 Inter
3665 1519 3801 1573 gen-

2226 1606 2315 1651 tes
2367 1611 2524 1659 vero,
2564 1611 2593 1649 a
2654 1596 2850 1665 quibus
2890 1606 3152 1650 vastatam
3212 1598 3357 1650 circa
3420 1595 3684 1649 saeculum
3748 1610 3801 1647 tv

2229 1687 2560 1758 Ethiopiam
2608 1689 2778 1759 ﬁngit,
2833 1690 3082 1742 nominat
3132 1687 3430 1743 Sarmatas.
3491 1688 3803 1757 Utrumque

2230 1787 2382 1833 certo
2417 1791 2524 1834 tam
2575 1781 2929 1850 improbabile
2960 1779 3233 1836 videbitur
3269 1779 3534 1832 historico
3581 1778 3805 1833 cuilibet

2226 1873 2568 1941 geographiae
2612 1881 2885 1943 utcunque
2944 1874 3123 1942 perito
3150 1910 3164 1933 ,
3212 1880 3267 1924 ut
3307 1884 3532 1923 necesse
3584 1884 3692 1921 non
3732 1869 3804 1921 sit

2222 1968 2495 2034 exagitare
2522 1966 2625 2019 alia
2665 1968 2741 2020 rei
2780 1975 3013 2034 peractae
3044 1962 3301 2033 adjuncta
3344 1962 3505 2031 plane
3546 1960 3800 2020 ridicula.

2224 2056 2523 2125 pnesertitn
2556 2072 2679 2109 cum
2710 2066 2897 2111 auctor
2927 2067 3077 2111 certo
3104 2073 3211 2110 non
3238 2056 3433 2109 vixerit
3465 2062 3591 2106 ante
3622 2068 3799 2105 saevu-

2225 2150 2332 2202 lunt
2360 2166 2412 2212 x,
2440 2164 2538 2203 nec
2564 2150 2703 2203 ullos
2731 2150 2971 2203 nominet
2994 2158 3163 2203 testes
3188 2156 3455 2209 vetustos,
3476 2160 3540 2199 ex
3565 2160 3799 2213 quorum

2226 2241 2446 2309 scriptis
2494 2257 2590 2296 sua
2645 2242 2936 2295 hausisset.
2990 2239 3133 2307 Quin
3190 2241 3296 2293 imo
3343 2240 3457 2306 ipse
3509 2236 3795 2299 Paulinus,

2226 2335 2587 2404 Legionensis
2620 2344 2716 2389 aut
2756 2335 3054 2390 Leonensis
3102 2338 3153 2389 in
3196 2336 3474 2388 Britannia
3510 2336 3800 2397 Artuorica

2226 2430 2537 2497 episcopus,
2574 2427 2660 2479 cui
2704 2427 2965 2495 scriptum
3010 2427 3139 2478 illud
3174 2427 3521 2481 attribuitur.
3564 2438 3799 2493 persona

2225 2520 2442 2573 videtur
2493 2517 2702 2582 ﬁctilia,
2742 2531 2864 2572 cum
2910 2516 3312 2572 Sammarthani
3348 2524 3477 2567 tom.
3517 2515 3557 2567 Il
3607 2512 3802 2566 Gallic

2227 2608 2563 2673 Christiana,
2596 2610 2683 2665 ubi
2728 2610 2858 2664 dant
2888 2608 3193 2676 catalogum
3231 2607 3610 2675 episcoporum
3650 2604 3791 2658 Leo.

2226 2704 2505 2761 nensiuru,
2540 2703 2746 2755 nullum
2790 2703 2932 2753 inter
2974 2701 3094 2752 illos
3149 2700 3447 2752 exhibeant
3484 2697 3798 2757 Paulinum.

2227 2811 2401 2861 neque
2452 2795 2599 2847 hunc
2646 2792 2769 2849 alibi
2822 2791 3119 2846 inveniam.
3169 2788 3529 2844 Chronotaxis
3572 2804 3684 2845 nou
3721 2798 3805 2843 est

2229 2887 2441 2947 melior,
2482 2900 2642 2959 quam
2680 2884 2839 2937 erisis
2886 2884 3144 2937 historica
3183 2903 3193 2936 :
3238 2897 3359 2935 nam
3409 2890 3658 2934 mortuus
3696 2892 3806 2935 Sta-

2228 2975 2398 3028 tuitur
2442 2978 2539 3027 sub
2586 2974 2771 3037 Galba,
2812 2975 2861 3028 id
2897 2984 2999 3038 est,
3028 2988 3173 3027 anno
3205 2989 3325 3027 tera:
3364 2970 3701 3027 Christiana:
3736 2970 3807 3028 68

2228 3074 2320 3118 aut
2351 3065 2437 3118 69.
2472 3063 2607 3118 Tum
2639 3066 2837 3119 dicitur
2869 3065 3128 3119 trecentis
3158 3064 3318 3117 annis
3351 3072 3405 3117 et
3442 3064 3580 3115 ultra
3619 3064 3808 3132 religio

2152 3156 2532 3232 cChristiana
2592 3156 2839 3210 ﬂoruisse
2903 3157 2955 3208 in
3024 3153 3321 3222 EtltiOpia.
3388 3154 3503 3208 Mox
3560 3155 3807 3222 sequitur

2233 3248 2380 3318 regni
2408 3252 2636 3302 vastatio
2668 3258 2723 3301 et
2755 3247 3055 3309 translatio,
3117 3256 3177 3299 ut
3236 3245 3348 3298 hcc
3378 3243 3587 3313 figenda
3653 3250 3806 3296 esset

2232 3340 2427 3393 smculo
2469 3356 2517 3391 tv
2559 3348 2795 3392 exeunte
2841 3346 2935 3396 aut
2964 3336 3164 3388 szeculo
3208 3351 3260 3387 ν.
3305 3335 3558 3384 Altamen
3608 3332 3809 3385 asserit

2232 3440 2441 3492 auctor,
2487 3443 2687 3497 corpus
2725 3428 2778 3479 in
2816 3426 3145 3479 Britanniam
3176 3424 3512 3477 Armoricam
3566 3425 3808 3489 venisse,

2233 3527 2359 3579 dum
2396 3522 2653 3593 regnabat
2704 3521 2903 3576 ibidem
2947 3519 3224 3581 Salomon,
3265 3519 3355 3586 qui
3400 3528 3522 3587 post
3568 3520 3807 3572 medium

2234 3617 2413 3672 seculi
2472 3633 2522 3670 ix
2577 3632 2803 3685 regnare
2857 3615 3021 3685 coapit
3082 3614 3380 3669 secundum
3425 3613 3807 3667 chronotaxim

2232 3709 2509 3764 Lobineau
2572 3710 2624 3762 in
2679 3708 2912 3761 Historia
2963 3708 3253 3761 Arnim-ia:
3312 3705 3376 3760 ad
3424 3719 3631 3757 annum
3680 3703 3808 3758 857.

2234 3802 2470 3855 Rursum
2524 3800 2877 3867 quadraginta
2925 3808 2978 3851 et
3022 3814 3214 3850 novem
3263 3812 3435 3851 annos
3486 3806 3809 3851 numerata

2234 3891 2477 3961 corporis
2518 3890 2874 3944 translatione
2913 3890 2962 3940 in
2999 3886 3355 3947 Britanniam,
3403 3888 3623 3955 quando
3652 3888 3810 3941 Salo-

2234 4004 2360 4042 mon
2397 4003 2487 4040 rex
2528 4000 2555 4039 a
2594 3990 2707 4038 suis
2740 3983 2838 4037 fuit
2868 3983 3103 4037 occisus.
3142 3980 3211 4034 At
3245 3980 3495 4031 laudatus
3528 3979 3809 4034 Lobineau

2234 4095 2341 4132 non
2384 4088 2523 4132 totos
2558 4078 2743 4146 viginti
2789 4091 2961 4128 annos
2997 4090 3163 4145 regno
3194 4072 3501 4127 Salomonis
3533 4072 3805 4126 attribuit.

2306 4167 2389 4219 19.
2452 4164 2569 4218 Mox
2632 4163 2851 4231 ineptus
2908 4172 3338 4213 commentorum
3396 4161 3814 4214 consarcinator

2238 4256 2447 4308 inducit
2473 4256 2716 4308 Flavium
2750 4252 3115 4305 Romanorum
3154 4251 3462 4318 patricium,
3499 4252 3813 4308 Salomonis

2236 4346 2400 4401 occisi
2438 4359 2706 4405 socerum,
2742 4343 2808 4397 de
2841 4345 2958 4411 eius
2982 4353 3153 4394 morte
3177 4341 3451 4396 scribente
3476 4342 3540 4393 ad
3572 4341 3814 4397 Valenti-

2235 4440 2454 4493 nianum
2479 4440 2889 4507 imperatorem;
2915 4433 3352 4491 Valentinianum
3382 4450 3509 4488 vero
3533 4436 3812 4503 ingentem

564 4543 752 4586 untur.
791 4531 975 4584 Habeo
1014 4532 1147 4585 Acta
1198 4546 1323 4591 ms.,
1368 4528 1593 4585 Salerno
1624 4531 1748 4584 olim
1796 4532 1861 4583 ad
1900 4532 2131 4599 majores
2166 4523 2206 4577 ὓ
2238 4530 2289 4583 in
2325 4532 2470 4583 Italia
2501 4532 2727 4584 classem
2760 4529 3042 4597 collegisse
3080 4528 3290 4583 assrrir.
3318 4528 3474 4596 eique
3507 4528 3812 4581 exercitum

566 4631 785 4675 nostros
819 4620 1163 4680 transmissa.
1206 4636 1271 4674 ex
1313 4622 1515 4687 quibus
1560 4621 1716 4674 video
1756 4636 1850 4674 sua
1887 4622 2134 4680 hausisse

565 4713 839 4771 laudatum
876 4713 1113 4766 Marcum
1149 4712 1442 4766 Antonium
1468 4709 1785 4765 Columnam
1814 4712 2132 4769 Marsilium.

568 4801 772 4859 Vellem
816 4819 967 4869 sane,
1010 4814 1063 4858 ut
1097 4817 1158 4858 ea
1188 4806 1367 4874 potius
1413 4820 1602 4859 severa
1631 4806 1756 4858 crisi
1795 4805 2129 4874 castigasset,

568 4906 661 4951 aut
707 4896 932 4950 omnino
982 4896 1146 4949 etiam
1200 4895 1510 4962 abiecisset,
1560 4905 1811 4962 tanquam
1859 4895 2134 4965 improba-

571 4990 716 5047 bilia.
750 4989 837 5052 At,
874 5003 994 5041 cum
1032 4987 1172 5041 istud
1209 5003 1315 5040 non
1347 4987 1555 5051 fecerit,
1587 5003 1685 5054 pro
1712 4986 1963 5040 instituto
1993 4986 2135 5055 Ope-

570 5082 645 5134 ris
675 5080 847 5133 nostri
888 5078 939 5131 id
978 5078 1107 5131 mihi
1151 5077 1459 5132 faciendum
1502 5080 1674 5132 video.
1720 5076 2004 5132 Geminum
2052 5086 2137 5131 est

571 5169 855 5239 scriptum,
881 5168 1108 5221 alterum
1136 5169 1306 5222 altero
1332 5168 1490 5237 paulo
1514 5167 1801 5236 prolixius;
1828 5167 1921 5221 sed
1948 5166 2135 5219 eadem

572 5262 623 5314 iu
654 5270 881 5328 utroque
907 5259 1220 5314 referuntur
1244 5260 1405 5314 facta.
1436 5259 1587 5325 Quod
1619 5259 1835 5312 brevius
1862 5269 1963 5319 est,
1989 5256 2136 5310 hunc

573 5354 738 5408 habet
777 5355 992 5408 titulum
1035 5371 1049 5409 :
1088 5372 1105 5405 ι
1154 5354 1348 5408 Sermo
1391 5353 1713 5407 venerabilis
1752 5351 1981 5413 Paulini,
2032 5348 2135 5402 Le-

573 5448 849 5517 gionensis
882 5448 1171 5502 Britannia
1207 5448 1357 5501 urbis
1390 5449 1651 5513 episcopi,
1683 5452 1749 5500 de
1783 5446 2137 5499 translatione

573 5540 743 5595 sancti
776 5537 1009 5594 Matthazi
1040 5541 1264 5608 apostoli
1290 5541 1355 5593 ab
1382 5538 1655 5617 [Ethiopia
1695 5540 1747 5590 in
1783 5537 2134 5603 Britanniam,

576 5632 815 5701 itemque
860 5633 925 5685 de
977 5630 1251 5685 Britannia
1302 5632 1352 5683 in
1403 5631 1628 5684 Italiam.
1675 5650 1691 5681 ι
1732 5630 1860 5684 Post
1898 5629 2135 5683 medium

577 5737 791 5779 rursum
836 5724 923 5779 hic
961 5724 1157 5794 legitur
1201 5724 1389 5777 titulus
1435 5738 1448 5775 :
1494 5724 1741 5777 Miracula
1791 5724 1959 5777 sancti
2007 5737 2138 5791 apo-

581 5812 699 5869 Stoli
748 5825 799 5869 et
847 5815 1185 5886 evangelistr
1228 5813 1461 5869 Matthaei
1517 5830 1608 5883 per
1655 5814 1900 5871 eamdem
1958 5812 2136 5867 Pauli-

2236 4622 2585 4691 imp05uissc,
2620 4631 2673 4673 et
2713 4622 2789 4673 sic
2834 4634 3172 4687 expugnasse
3219 4634 3444 4686 regnum
3494 4619 3809 4677 Britanniae.

2236 4723 2288 4767 et
2326 4730 2385 4767 ea
2426 4712 2709 4766 occasione
2753 4726 2951 4779 corpus
3001 4710 3053 4763 in
3107 4709 3309 4763 Italiam
3350 4710 3694 4762 translatum.
3745 4712 3813 4763 At

2236 4821 2396 4875 quam
2447 4804 2531 4859 illa
2579 4806 2687 4857 sint
2735 4804 2938 4870 inepta,
2994 4819 3154 4857 nemo
3207 4818 3314 4855 non
3376 4801 3605 4858 videbit.
3649 4802 3813 4854 modo

2237 4895 2686 4954 consitleraverit,
2746 4894 2997 4946 ultimum
3052 4910 3117 4947 ex
3176 4893 3353 4946 tribus
3408 4892 3813 4949 Valentinianis

2238 4990 2358 5058 plus
2399 5002 2558 5055 quam
2618 4994 2851 5054 quatuor
2915 4986 3128 5039 steculis
3183 4997 3453 5037 mortuum
3513 5000 3635 5038 esse
3686 4996 3811 5039 ante

2238 5080 2579 5133 Salomonem
2606 5078 2896 5131 Britannia:
2928 5093 3128 5147 regem.
3154 5076 3306 5129 Mitto
3336 5078 3590 5145 adjuncta
3630 5094 3809 5131 rerum

2240 5170 2471 5239 plurima
2512 5185 2661 5236 mque
2706 5170 2908 5236 inepta.
2954 5179 3008 5222 et
3046 5184 3208 5238 pergo
3240 5169 3304 5222 ad
3347 5168 3723 5223 inventionem
3760 5170 3811 5222 in

2242 5263 2517 5331 prolixiori
2554 5263 2725 5315 solum
2781 5263 2987 5329 scripto
3021 5263 3265 5313 relatam.
3303 5260 3512 5311 Dicitur
3555 5261 3641 5313 illa
3679 5277 3814 5314 ron-

2242 5354 2424 5423 tigisse
2450 5368 2593 5406 anno
2620 5353 2742 5414 95t,
2773 5354 2989 5420 quando
3017 5350 3376 5419 principatum
3407 5348 3810 5405 Salen-tritanum

2238 5448 2516 5502 obtinebat
2549 5448 2865 5514 Gisulphus.
2916 5447 3038 5500 Haec
3072 5445 3278 5511 epocha
3322 5460 3420 5497 suo
3460 5444 3583 5497 loco
3616 5446 3814 5500 confir-

2241 5542 2433 5595 manda
2472 5543 2667 5595 veniet.
2703 5541 2923 5593 interim
2970 5553 3185 5600 moueo,
3232 5538 3399 5590 multa
3448 5553 3668 5591 rursum
3717 5540 3812 5591 im-

2240 5634 2539 5702 probabilia
2567 5644 2618 5687 ct
2642 5634 2819 5699 inepta
2858 5630 3095 5683 historia:
3130 5628 3463 5683 inventionis
3500 5629 3805 5683 admisceri.

2241 5724 2349 5779 Has
2378 5725 2445 5779 ob
2470 5740 2662 5778 causas
2702 5732 2866 5777 totam
2906 5722 3052 5775 illam
3086 5720 3456 5773 translationis
3504 5721 3803 5779 historiam.

2242 5822 2423 5884 utpote
2452 5818 2723 5869 sexcentis
2758 5811 2949 5866 fabulis
2978 5820 3067 5864 aut
3092 5810 3307 5879 ineptiis
3336 5809 3612 5870 ltedatam.
3650 5810 3801 5863 omit-
