3970 6446
166 383 264 450 761

1455 392 1624 457 νιτΑ
1671 395 1732 456 S.
1776 395 2168 458 MATTHIEL

3321 391 3426 456 762

165 510 280 554 tere
333 497 516 552 statui.
562 497 698 554 Cum
742 505 924 553 tamen
963 501 1264 568 posteriora
1312 501 1492 556 minus
1548 500 1740 554 saltem
1770 504 1820 562 Α
1849 506 2014 569 venit,
2061 513 2117 560 et
2161 504 2430 560 habitavit
2480 504 2533 559 ln
2587 505 2970 574 Capharuaum
3021 501 3317 567 maritima,
3370 503 3425 557 in

165 592 362 644 vitiosa
403 602 724 660 appareant,
759 593 901 661 quod
935 594 1165 660 scriptor
1200 592 1348 647 bisce
1385 594 1744 662 propinqulor

164 683 366 746 fuerit;
395 684 479 736 illa
503 685 733 739 subinde
773 685 1047 738 conferam
1077 699 1199 738 cum
1231 686 1350 739 aliis
1378 685 1740 750 documentis,

166 789 218 828 et
264 789 388 828 cum
441 776 627 829 relatis
661 776 729 828 ab
775 776 1144 830 illustrissitno
1186 777 1450 831 Columna
1487 779 1743 841 Marsilio,

168 877 227 920 ut
256 867 309 919 in
344 868 750 920 Commentario
782 869 1060 921 studiosus
1095 871 1265 922 lector
1291 871 1361 924 sit
1397 873 1742 934 inventurus,

166 956 435 1024 quidquid
482 957 761 1009 tolerabile
805 957 854 1008 in
891 957 992 1010 illis
1026 958 1242 1024 scriptis
1269 969 1508 1028 apparet.
1547 958 1743 1029 Ughel-

165 1047 272 1108 lus,
309 1057 440 1100 tom.
479 1046 568 1100 Vll
606 1048 776 1098 ltahw
810 1064 976 1099 sacrae
1009 1048 1058 1098 in
1107 1047 1528 1118 archiepiscopis
1568 1051 1747 1104 Saler-

165 1140 377 1193 uitauis
431 1140 592 1192 variis
644 1139 776 1192 locis
819 1139 886 1192 de
921 1140 1276 1193 translatione
1320 1151 1372 1194 et
1431 1143 1745 1197 inventione

165 1232 344 1284 sancti
389 1229 622 1282 Matthasi
666 1233 796 1301 agit.
829 1239 883 1283 et
927 1230 1156 1282 multum
1202 1230 1383 1284 laudat
1413 1231 1742 1299 Opusculum

168 1321 414 1383 Marsilii,
447 1321 590 1388 quod
624 1336 687 1372 ex
727 1337 882 1381 mss.,
917 1322 980 1374 de
1023 1321 1222 1388 quibus
1261 1321 1488 1392 agimus,
1522 1329 1748 1376 eonrln-

167 1425 357 1468 natum
404 1423 506 1468 est.
564 1412 906 1479 Quapropter
979 1414 1222 1466 studiose
1275 1432 1337 1467 ex
1388 1416 1746 1483 scriptoribus

167 1506 336 1558 medii
369 1505 468 1557 aevi
513 1504 718 1572 singula
751 1505 861 1558 suis
891 1505 1023 1558 locis
1056 1505 1364 1558 examinare
1403 1506 1741 1559 conabimur.

166 1619 192 1688 §
223 1618 285 1670 ll.
331 1619 388 1671 S.
433 1617 668 1688 Matt/uri
700 1620 902 1670 vacatio
933 1633 995 1670 ea:
1029 1617 1314 1686 Evangelia
1348 1635 1461 1670 cum
1504 1619 1747 1671 observa-

241 1691 470 1741 tionibus
519 1687 741 1740 Patrum
786 1705 803 1742 :
846 1689 1046 1758 aliquot
1087 1691 1452 1742 controuersia:
1502 1692 1568 1742 ad
1611 1688 1748 1742 Sau-

238 1771 386 1811 ctum
430 1769 742 1826 spectantes.

1854 596 2056 650 ﬁnibus
2100 596 2344 650 Zahulon
2389 608 2444 652 et
2479 595 2826 666 Nephthalim
2856 635 2871 659 ,
2939 606 3000 649 ut
3040 595 3428 663 adimpleretur

1851 687 1993 754 quod
2037 689 2241 742 dictum
2295 695 2380 742 est
2429 703 2525 758 per
2579 687 2769 741 Isaiam
2831 687 3158 756 prophetam
3204 703 3217 738 :
3259 685 3430 739 Terra

1854 777 2095 853 Zabplon
2147 789 2202 833 et
2269 789 2411 834 terra
2474 777 2848 848 Nephthalim,
2897 780 2985 831 via
3047 778 3214 830 maris
3278 785 3427 828 ttans

1851 870 2138 925 Jordanem
2170 915 2182 936 ,
2219 871 2435 927 Galilaea
2481 873 2742 942 gentium.
2793 871 3040 940 populus.
3069 868 3158 936 qui
3204 868 3428 920 sedebat

1855 969 1908 1016 in
1957 965 2220 1025 tenebris,
2273 965 2407 1018 vid’it
2457 967 2628 1018 lucem
2684 977 2978 1029 magnam;
3018 972 3073 1014 et
3111 960 3429 1014 sedentibus

1854 1056 1905 1108 in
1940 1058 2160 1124 regione
2193 1057 2397 1111 umbra:
2432 1059 2622 1109 mortis
2661 1057 2748 1108 lux
2792 1066 2909 1111 orta
2944 1063 3028 1110 est
3056 1054 3156 1106 eis.
3207 1070 3224 1104 ι
3264 1051 3430 1104 Recte

1852 1147 2298 1217 Chrysostouius.
2349 1151 2497 1202 hom.
2529 1149 2618 1209 9.9,
2650 1157 2742 1200 aut
2783 1147 2854 1199 30
2886 1150 2937 1198 in
2980 1145 3324 1199 Matth-trum.
3364 1143 3432 1196 de

1853 1241 2034 1292 verbis
2075 1240 2319 1309 allegatis
2368 1240 2499 1294 dicit
2536 1257 2549 1292 :
2595 1257 2611 1289 ι
2657 1238 2947 1291 Civitatem
2997 1253 3148 1290 suam
3193 1235 3278 1288 hic
3321 1232 3429 1286 Ca-

1855 1347 2113 1400 pernaum
2140 1331 2373 1399 appellat
2404 1349 2416 1385 :
2453 1346 2598 1392 nam,
2631 1346 2750 1398 qua:
2781 1330 2898 1382 tulit
2925 1329 3100 1394 ipsum
3155 1325 3429 1379 Bethleem

1856 1424 2000 1483 tuit;
2045 1439 2166 1491 qua
2207 1423 2480 1482 educavit.
2511 1422 2816 1483 Nazareth;
2862 1436 2982 1488 qua:
3035 1419 3428 1472 inhabitanteiu

1855 1513 2064 1572 habuit.
2110 1515 2482 1582 Capernaum.
2516 1532 2535 1564 ι
2581 1513 2866 1567 Habitabat
2909 1512 3071 1581 igitur
3123 1507 3429 1576 Capharnai

1854 1601 2035 1661 Jesus.
2072 1603 2162 1656 ubi
2204 1604 2486 1657 Matthaaus
2520 1605 2708 1672 procul
2744 1605 2910 1656 dubio
2949 1618 3076 1656 eum
3111 1600 3429 1669 frequenter

1856 1695 2090 1755 viderat.
2130 1697 2409 1763 multaque
2441 1697 2691 1750 audierat
2730 1695 2990 1750 miracula
3017 1733 3030 1752 .
3074 1709 3195 1761 qua:
3230 1693 3426 1758 partim

1857 1786 2187 1857 Capharnai.
2220 1789 2414 1856 partim
2468 1788 2520 1840 itt
2564 1787 2698 1840 locis
2735 1787 2928 1840 vicinis
2977 1794 3181 1853 patrata
3217 1781 3433 1836 fuerant

235 1874 515 1930 20.Ρθυ(ττι
535 1873 824 1928 admodum
841 1873 905 1928 de
922 1873 1748 1929 sanctohlatthaeoinnotuerunt
1784 1865 1826 1924 Β
1855 1899 1884 1934 a
1909 1880 2060 1943 Jesu'
2095 1890 2387 1948 antequam
2422 1881 2598 1948 ipsum
2632 1881 2878 1938 vocabat.
2913 1888 2970 1930 ιιι
3002 1891 3218 1929 rursum
3243 1876 3433 1927 obser-

169 1984 234 2023 ex
267 1967 585 2037 Evangelio,
613 1967 663 2020 in
697 1984 802 2036 quo
825 1969 934 2021 sola
967 1968 1152 2022 Sancti
1187 1970 1398 2021 vocatio
1421 1982 1541 2020 cum
1563 1979 1749 2021 secuto

168 2061 446 2114 cani-ivio.
478 2071 531 2112 et
561 2059 756 2114 deinde
786 2060 980 2114 electio
1008 2061 1077 2114 ad
1110 2061 1477 2130 apostolatum
1520 2076 1747 2114 enarra-

169 2162 277 2213 tur,
331 2152 576 2218 exceptis
633 2162 817 2205 tamen
864 2153 1159 2215 nonnullis,
1193 2167 1312 2220 qua!
1344 2153 1642 2222 generatim
1685 2151 1752 2202 de

171 2243 432 2295 omnibus
476 2245 738 2310 apostolis
785 2242 1116 2297 referuntur.
1158 2243 1444 2298 Matthaeus
1487 2242 1597 2307 ipse
1628 2256 1746 2308 cap.

171 2351 244 2399 ix,
285 2335 457 2393 relata
490 2335 791 2402 Capharnai
823 2337 1104 2389 sanatione
1135 2335 1430 2406 paralytici,
1465 2333 1494 2401 Ῡ
1527 2333 1558 2387 9
1596 2347 1752 2383 Voca-

171 2431 376 2482 tionem
424 2443 574 2478 suam
612 2437 794 2479 narrat
827 2427 908 2480 his
940 2428 1118 2479 verbis
1157 2445 1168 2478 ε
1210 2445 1227 2476 ι
1254 2427 1462 2480 Etcum
1498 2425 1753 2478 transiret

172 2521 298 2573 inde
346 2517 532 2581 Jesus,
588 2519 715 2570 vidit
770 2518 1042 2572 hominem
1090 2519 1370 2572 sedentem
1415 2519 1466 2570 in
1525 2517 1748 2581 telouio,

171 2612 482 2665 Mattlueum
543 2613 783 2673 nomine,
835 2621 887 2664 et
937 2612 1010 2663 ait
1063 2610 1132 2662 illi
1181 2629 1192 2662 :
1243 2612 1481 2676 Sequere
1528 2625 1614 2662 me
1654 2619 1750 2671 ;et

169 2720 403 2773 surgens
430 2713 651 2757 secutus
677 2712 918 2756 esteum.
947 2721 964 2753 ι
995 2702 1206 2756 Marcus
1230 2718 1346 2771 cap.
1379 2717 1432 2763 ιι.
1467 2702 1494 2768 ᾗ
1532 2703 1591 2755 l5
1612 2703 1750 2754 idem

169 2807 392 2852 enat-rat
428 2797 530 2850 hoc
557 2796 718 2848 modo
750 2817 759 2848 :
799 2813 816 2846 ‹
851 2794 910 2850 Et
941 2811 1194 2865 egressus
1216 2805 1296 2850 est
1333 2812 1519 2849 rursus
1551 2793 1750 2862 (Jesus)

169 2891 231 2944 ad
273 2904 426 2941 mare
471 2905 482 2939 :
532 2887 823 2956 omnisque
881 2888 1036 2941 turba
1093 2889 1341 2942 veniebat
1391 2888 1456 2941 ad
1511 2904 1657 2950 eum,
1699 2897 1754 2939 et

169 2981 403 3034 docebat
441 2994 553 3031 eos.
595 2978 656 3032 lit
693 2996 816 3032 cum
853 2982 1178 3048 praeteriret,
1218 2980 1353 3034 vidit
1386 2979 1511 3032 Levi
1548 2978 1749 3048 Alphei

172 3074 455 3127 sedentem
485 3071 549 3124 ad
581 3071 865 3130 telonium,
900 3082 955 3122 et
993 3073 1067 3122 ait
1107 3071 1180 3121 illi
1223 3089 1234 3122 :
1273 3069 1510 3137 Sequere
1551 3086 1652 3121 me.
1688 3066 1751 3120 Et

171 3181 404 3238 surgens
438 3174 660 3218 secutus
695 3172 774 3216 est
810 3178 956 3216 eum.
997 3180 1016 3212 ι
1061 3162 1300 3230 Uterque
1332 3161 1608 3230 subiungit
1641 3161 1749 3223 illa,
1783 3205 1822 3260 Γ

173 3278 291 3329 qua:
337 3259 475 3312 facta
517 3267 662 3317 sunt.
698 3256 914 3324 quando
951 3256 1004 3307 in
1050 3253 1211 3306 domo
1268 3254 1504 3308 Mattluei
1537 3271 1754 3308 accum-

177 3353 340 3404 bebat
367 3349 546 3402 Jesus.
592 3353 656 3400 At
691 3345 824 3401 satis
857 3348 980 3404 erit.
1014 3345 1056 3398 si
1084 3343 1151 3397 de
1191 3343 1284 3396 illo
1316 3343 1564 3396 t'onvlvio
1592 3343 1755 3394 dede-

175 3445 348 3496 rimus
379 3446 541 3500 verba
587 3441 764 3500 Lucae,
799 3440 889 3506 qui
925 3454 1046 3506 eap.
1083 3455 1114 3490 v
1145 3453 1172 3490 a
1207 3439 1236 3504 ᾗ
1271 3436 1335 3488 9.7
1371 3437 1435 3489 de
1475 3435 1754 3488 vocatione

174 3546 222 3587 et
253 3544 447 3585 secuto
469 3531 717 3583 convivio
746 3531 817 3582 ita
846 3530 1126 3596 loquitur:
1168 3547 1185 3576 ι
1225 3526 1289 3580 Ει
1319 3537 1436 3596 post
1463 3526 1575 3579 h.ec
1602 3527 1752 3588 exiit,

175 3638 226 3681 et
282 3625 420 3677 vidit
475 3622 817 3690 publicanum
880 3621 1099 3672 nomine
1149 3620 1295 3679 Levi,
1351 3619 1633 3671 sedentem
1688 3616 1753 3667 ad

177 3720 468 3776 teloniutu.
510 3726 564 3770 et
594 3715 667 3768 ait
699 3714 772 3765 illi
813 3730 826 3766 :
863 3711 1249 3782 Sequere-.me.
1293 3709 1356 3763 Et
1403 3709 1607 3762 relictis
1639 3723 1755 3758 otii—

174 3811 358 3869 uibus,
407 3821 636 3874 surgens
685 3815 905 3858 secutus
948 3812 1032 3856 est
1088 3814 1234 3855 eum.
1291 3800 1352 3852 Et
1384 3801 1510 3854 fecit
1540 3801 1586 3853 ei
1621 3815 1754 3852 eou-

176 3904 381 3955 viviuiu
427 3913 682 3967 magnum
730 3897 855 3950 Levi
891 3897 942 3950 in
991 3896 1152 3948 domo
1186 3910 1305 3951 sua.
1341 3905 1392 3944 et
1432 3901 1550 3944 erat
1599 3891 1754 3942 turba

178 3995 344 4044 multa
376 3991 816 4057 publicanorum,
847 3997 899 4038 ct
927 3987 1176 4047 aliorum,
1198 3984 1286 4048 qui
1321 3999 1442 4035 rum
1473 3983 1576 4035 illis
1601 3988 1757 4034 erant

175 4082 608 4138 discumbentes.
647 4079 710 4131 Et
745 4078 1156 4130 murmurabant
1186 4075 1440 4128 Pharisaei
1477 4086 1528 4128 et
1557 4074 1757 4128 Scriba:

176 4191 393 4234 corum,
430 4171 674 4226 dicentes
724 4171 790 4225 ad
840 4169 1136 4237 discipulos
1185 4169 1302 4235 ejus
1351 4185 1362 4218 :
1415 4168 1592 4230 Quare
1631 4181 1753 4219 cum

177 4266 488 4336 publicanis
531 4273 581 4316 et
617 4263 995 4331 peccatoribus
1041 4259 1379 4310 manducatis
1413 4267 1466 4309 ct
1518 4257 1752 4309 bibitis?

181 4360 241 4411 lit
269 4357 611 4422 re5pondeus
634 4353 811 4414 Jesus,
839 4351 973 4407 dixit
1004 4351 1067 4404 ad
1107 4350 1227 4403 illos
1260 4368 1272 4403 ;
1304 4349 1417 4402 Non
1451 4357 1631 4416 egent,
1664 4350 1754 4416 qui

179 4453 293 4503 sani
339 4458 494 4506 sunt,
529 4447 761 4507 medico,
788 4446 881 4497 sed
919 4445 1008 4511 qui
1053 4445 1191 4496 male
1234 4443 1452 4495 habent.
1485 4442 1600 4496 Non
1636 4441 1754 4493 veni

1852 1984 1942 2026 vat
1990 1973 2433 2044 Chrysostomus,
2483 1973 2628 2026 hom.
2685 1973 2772 2035 30,
2809 1981 2902 2025 aut
2947 1972 3036 2024 3|.
3066 1969 3212 2022 Data:
3243 1977 3428 2021 autem

1852 2067 2280 2120 observationes
2332 2067 2648 2132 sanatioque
2723 2064 3001 2133 paralytici
3086 2061 3244 2128 paulo
3307 2069 3432 2112 ante

1855 2162 1992 2212 facta
2031 2159 2347 2219 ostendunt,
2379 2173 2539 2226 quani
2581 2159 2764 2225 inepte
2805 2154 3051 2208 Julianus
3083 2163 3135 2206 et
3185 2149 3430 2219 Porphy-

1853 2251 1967 2302 rius
2026 2259 2369 2302 vocationem
2440 2245 2675 2300 Matthxi
2739 2245 3068 2298 Christianis
3127 2241 3432 2308 objecerint

1855 2351 2108 2410 tanquam
2143 2341 2538 2398 incredibilem.
2577 2349 2634 2394 ut
2676 2349 2821 2394 recte
2871 2338 3104 2392 advertit
3137 2335 3191 2390 S.
3235 2335 3427 2389 Hiero-

1856 2449 2048 2504 nymus
2081 2435 2132 2486 in
2164 2444 2327 2503 caput
2364 2448 2415 2486 ix
2449 2431 2710 2495 Matth-xi,
2742 2431 2832 2484 ubi
2871 2430 2976 2484 illis
3009 2429 3166 2498 plura
3200 2442 3430 2499 respon-

1855 2525 1965 2579 det.

1923 2614 2014 2669 ‘32.
2063 2614 2157 2668 Vel
2186 2614 2262 2667 sic
2297 2623 2477 2667 tamen
2519 2613 2652 2667 nihil
2689 2613 3086 2667 detrahendum
3117 2619 3199 2664 est
3243 2626 3431 2678 prom-

1855 2717 1956 2776 ptae
1977 2707 2299 2764 obetlientiae
2328 2706 2584 2771 blattluei,
2609 2707 2674 2758 de
2701 2722 2805 2774 qua
2833 2706 3082 2760 laudatus
3101 2703 3432 2774 Chrysosto-

1857 2804 2071 2857 musita
2108 2804 2467 2857 ratiocinator
2511 2819 2524 2856 :
2560 2821 2578 2847 σ
2623 2801 2689 2856 Ut
2721 2802 2956 2855 didicisti
2991 2803 3235 2854 vocantis
3280 2809 3433 2869 pote-

1855 2908 2071 2958 statem,
2105 2896 2184 2949 sic
2227 2896 2378 2952 disce
2411 2897 2582 2949 vocati
2624 2896 3015 2949 obedientiam.
3065 2894 3248 2960 Neque
3288 2894 3430 2946 enim

1858 2988 2198 3058 repugnavit.
2242 3004 2420 3055 neque
2469 2988 2724 3040 dubitans
2754 2988 2890 3039 dixit
2931 2986 3113 3050 :Quid
3167 2988 3266 3039 hoc
3307 2983 3436 3038 est?

1856 3079 1992 3133 Nutu
2028 3095 2111 3133 nte
2139 3081 2416 3132 hominem
2462 3079 2771 3145 huiusmodi
2822 3079 3196 3132 fraudulenter
3235 3077 3435 3130 vocat?

1858 3175 1990 3227 Nam
2023 3186 2170 3227 certe
2203 3176 2580 3242 intempestiva
2627 3174 2818 3227 fuisset
2877 3173 3184 3241 hujUSmodi
3251 3171 3433 3224 limul-

1859 3267 1999 3318 litas.
2035 3265 2139 3319 Sed
2199 3265 2380 3318 statim
2413 3265 2650 3319 obedivit
2689 3283 2701 3320 :
2738 3281 2912 3330 neque
2948 3266 3101 3332 petiit
3133 3274 3188 3316 nt
3214 3265 3434 3318 domum

1857 3359 1933 3411 ire
1972 3359 2178 3418 liceret,
2217 3368 2272 3411 ut
2301 3374 2411 3411 rem
2441 3375 2561 3411 cum
2598 3359 2712 3410 suis
2751 3360 3206 3416 communicaret,
3241 3371 3435 3423 quem-

1856 3452 2145 3504 admodum
2192 3451 2355 3504 etiam
2436 3451 2728 3519 piscatores
2769 3452 3032 3503 fecerunt.
3069 3447 3136 3503 Ut
3171 3449 3316 3501 enim
3359 3446 3434 3499 illi

1857 3545 2015 3604 retia,
2045 3543 2372 3603 navicolam.
2407 3552 2458 3595 et
2493 3552 2720 3609 patrem,
2761 3543 2830 3593 ita
2867 3550 2921 3593 et
2969 3542 3052 3592 hie
3087 3537 3432 3593 teloniariam

1858 3649 2104 3687 mensam
2130 3643 2182 3686 et
2211 3634 2419 3686 lucrum
2451 3634 2690 3700 reliquit,
2716 3644 2771 3684 ut
2802 3642 3140 3699 sequeretur,
3167 3633 3229 3681 ad
3256 3633 3438 3680 omnia

1859 3731 2104 3788 paratum
2153 3721 2392 3772 animum
2431 3722 2700 3772 exhibens
2750 3737 2762 3772 :
2811 3731 2864 3773 et
2906 3736 2933 3771 a
2977 3721 3136 3773 rebus
3182 3719 3436 3772 omnibus

1858 3810 2210 3866 sacularibus
2241 3824 2298 3862 se
2333 3809 2514 3862 statim
2554 3809 2908 3869 abscindens,
2945 3822 3041 3874 per
3066 3807 3434 3859 obedientiam

1861 3904 2155 3969 perfectam
2197 3903 2612 3960 testiﬁealiatur,
2649 3916 2809 3969 quam
2844 3898 3165 3966 tempestive
3209 3905 3436 3950 vocatus

1860 3992 2070 4045 luisset.
2117 4011 2133 4042 ι
2178 3993 2232 4044 S.
2283 3991 2514 4044 Basilius
2569 3997 2620 4042 in
2669 3992 2886 4059 Regulis
2946 3991 3120 4042 l'usius
3169 3991 3433 4047 tractatis,

1860 4085 2044 4138 interr.
2081 4086 2134 4141 8.
2166 4085 2335 4153 magis
2367 4086 2530 4138 etiam
2557 4095 2840 4151 exaggerat
2868 4091 3170 4150 promptam
3202 4095 3436 4148 sequen-

1861 4175 1927 4229 tis
1974 4177 2360 4232 obeilientiam,
2411 4176 2480 4226 ita
2535 4175 2780 4227 scribens
2827 4190 2839 4224 :
2897 4192 2913 4220 σ
2958 4171 3240 4224 Mattheus
3283 4184 3430 4231 vero,

1859 4279 1980 4316 cum
2007 4266 2074 4315 ab
2109 4264 2223 4330 ipso
2262 4264 2460 4314 telouio
2484 4263 2740 4322 surrexit,
2778 4261 3175 4323 Dominamque
3207 4270 3431 4311 secutus

1859 4363 1963 4414 est,
2011 4356 2025 4413 (
2055 4370 2154 4407 nos
2185 4353 2374 4407 docuit
2407 4354 2460 4420 :)
2495 4353 2584 4420 qui
2621 4368 2726 4405 non
2775 4351 2957 4406 telonii
3002 4351 3174 4402 solum
3220 4350 3432 4401 emolu-

1861 4459 2038 4500 menta
2066 4448 2299 4514 reliquit.
2335 4448 2426 4499 sed
2461 4445 2698 4512 pericula
2728 4445 2888 4496 etiam
2918 4441 3276 4508 contempsit,
3314 4454 3434 4503 qua:

178 4555 378 4593 vocare
421 4539 622 4604 justus,
679 4536 770 4587 Sed
823 4545 1136 4604 peccatores
1185 4534 1249 4585 ad
1299 4534 1692 4602 pwuitentiam.
1731 4551 1747 4580 ι

1862 4557 1887 4591 a
1923 4542 2330 4609 magistratibus
2371 4549 2483 4590 tum
2539 4539 2640 4589 sibi
2687 4552 2798 4587 tum
2847 4533 3270 4598 consanguineis
3319 4531 3433 4584 suis

179 4631 458 4684 Hactenus
490 4627 835 4697 evangelista:
878 4627 944 4678 de
981 4625 1291 4678 vocatione.

247 4727 340 4779 ‘21.
400 4723 480 4778 Ad
539 4723 764 4786 allegata
825 4731 1002 4772 autern
1061 4719 1520 4786 evangelislarum
1591 4717 1754 4770 verba

178 4822 475 4872 observare
539 4827 852 4881 possumus,
907 4824 1154 4864 sanetum
1219 4811 1529 4863 Matthmum
1593 4812 1758 4864 fuisse

181 4921 437 4963 vocatum
500 4919 668 4976 prope
713 4905 984 4956 civitatem
1038 4902 1418 4970 Capbaruauin
1478 4903 1542 4955 ad
1611 4916 1758 4954 mare

180 5003 439 5060 Galilmzr,
466 4999 580 5050 sive
610 4997 930 5053 'l‘iberiadis.
964 4995 1097 5048 alias
1135 4997 1306 5047 lacum
1336 4995 1667 5048 Genesareth
1705 4994 1755 5045 iu

183 5092 482 5162 Scripturis
533 5091 762 5150 dictum,
810 5090 895 5140 ubi
936 5099 1092 5141 erant
1146 5089 1400 5139 solvenda
1454 5087 1754 5153 vectigalia.

181 5188 311 5242 Nam
358 5184 571 5238 Marcus
602 5183 744 5236 clare
775 5183 848 5234 ait
884 5183 911 5248 Ῡ
957 5183 990 5235 i.
1031 5180 1212 5233 Jcsum
1263 5181 1470 5232 venisse
1513 5180 1756 5247 Caphar-

186 5293 381 5339 nnum,
445 5277 628 5338 ibique
683 5289 902 5326 satiassi-
948 5272 1319 5340 paralytirum,
1378 5283 1486 5324 tum
1545 5288 1756 5324 rursum

187 5371 353 5422 fuisse
396 5381 700 5435 egressum,
745 5375 796 5416 et
834 5365 1138 5416 Mattbaeum
1194 5363 1306 5415 sive
1345 5363 1469 5416 Levi
1515 5377 1755 5418 vocasse.

185 5463 474 5513 Mattbzrus
519 5471 646 5506 vero
692 5455 843 5513 dieit.
884 5453 1069 5507 Jesuui
1109 5456 1322 5507 venisse
1364 5456 1414 5506 iu
1480 5455 1755 5508 civitatein

186 5568 358 5610 suam,
393 5550 484 5602 ubi
524 5548 779 5601 nimirum
829 5559 956 5600 tunc
990 5549 1288 5609 habitabat,
1336 5558 1392 5599 ιιι
1441 5549 1578 5599 idem
1624 5548 1755 5601 Mat~

190 5648 360 5696 thaeus
410 5658 534 5708 cap.
583 5639 714 5705 tv.)
765 5639 826 5694 l3
878 5649 1105 5692 testatur
1153 5640 1234 5691 his
1290 5641 1466 5692 verbis
1507 5660 1516 5690 :
1567 5642 1755 5694 «Cum

191 5745 366 5788 autem
403 5731 645 5786 audisset
683 5729 860 5793 Jcsus,
890 5732 1030 5798 quod
1060 5729 1297 5784 Joannes
1331 5731 1557 5784 traditus
1589 5741 1754 5795 esset,

193 5825 415 5880 secessit
446 5825 497 5878 in
532 5821 806 5876 Galilaeam
842 5839 854 5874 :
889 5832 941 5876 et
977 5822 1162 5876 relicta
1203 5823 1424 5877 civitate
1464 5821 1754 5888 Nazareth,

1862 4633 2278 4702 impendebant.
2305 4631 2448 4699 quod
2484 4629 2824 4698 vectigalium
2860 4635 3100 4678 rationes
3127 4623 3432 4690 reliquisset

1862 4729 2106 4781 infectas.
2143 4728 2412 4793 Antiquos
2458 4732 2760 4789 auonytuus
2801 4720 2864 4769 ad
2901 4714 3234 4784 praesidium,
3271 4717 3431 4780 cuius

1863 4818 2099 4884 Epistula
2136 4816 2277 4866 inter
2323 4813 2498 4880 Opera
2543 4811 2598 4863 S.
2650 4810 2960 4880 Hieronymi
2995 4811 3253 4864 editionis
3288 4809 3428 4858 Mar-

1864 4910 2057 4963 tianca:
2091 4907 2316 4959 habetur
2356 4914 2489 4958 tom.
2535 4903 2596 4964 ν,
2648 4904 2752 4956 col.
2797 4906 2918 4963 Uti,
2968 4905 3221 4956 observat
3266 4901 3430 4954 etiam

1863 5004 1987 5059 alia,
2017 5004 2084 5052 ita
2115 5000 2340 5066 loquens
2373 5015 2384 5050 :
2435 5015 2452 5046 ε
2495 4997 2775 5048 Mattheus
2818 4994 3012 5048 sedens
3055 4998 3118 5044 ad
3156 4995 3431 5046 teloncuut

1861 5094 2009 5144 audit
2046 5109 2057 5144 :
2088 5089 2327 5156 Sequere
2361 5103 2460 5140 uie.
2500 5085 2769 5153 Numquid
2805 5087 2952 5153 prius
2986 5084 3267 5138 ratiocinia
3302 5099 3432 5150 sup-

1863 5181 2089 5250 putavit,
2139 5191 2193 5232 et
2247 5192 2497 5230 reversus
2558 5178 2780 5230 domum
2831 5192 3052 5228 suorum
3113 5191 3301 5243 passus
3347 5185 3432 5228 est

1863 5275 2144 5341 lacryuias.
2174 5271 2605 5339 prrcdioruuique
2633 5269 2881 5326 auctione
2909 5273 3190 5322 sollicitus.
3227 5283 3430 5334 nequao

1860 5380 2020 5433 quam
2062 5367 2235 5433 potuit
2276 5363 2485 5416 Domini
2530 5364 2678 5430 sequi
2728 5361 2970 5429 vestigia,
3011 5359 3111 5412 nisi
3147 5361 3330 5412 mundi
3369 5375 3426 5414 se

1865 5462 2012 5528 prius
2041 5473 2207 5511 onere
2241 5456 2535 5508 liberaret?
2582 5475 2598 5505 ι
2641 5455 2715 5506 Ita
2744 5456 2960 5520 quidem
2996 5469 3297 5521 auouytuus
3338 5453 3426 5505 hic

1863 5568 1983 5604 cum
2037 5549 2090 5604 S.
2141 5550 2334 5600 Basilio
2369 5550 2578 5600 videtur
2627 5547 2925 5604 insinuare,
2981 5545 3222 5597 rationes
3261 5543 3428 5597 fuisse

1867 5644 2165 5698 reddendas
2203 5643 2391 5694 sancto
2425 5641 2675 5695 Matthan
2709 5639 2774 5690 de
2803 5649 3024 5705 accepta
3061 5653 3126 5687 ex
3157 5634 3430 5701 vectigali-

1864 5735 1965 5787 bus
2017 5734 2264 5802 pecunia.
2313 5747 2412 5784 nec
2465 5742 2641 5785 tamen
2697 5731 2764 5784 de
2816 5730 2883 5783 iis
2930 5726 3218 5781 reddendis
3259 5725 3429 5779 fuisse

1865 5828 2171 5882 sollicitum.
2231 5823 2422 5878 Verum
2475 5839 2534 5877 ea
2590 5823 2896 5877 observatio
2942 5835 3090 5888 teque
3145 5817 3276 5870 mihi
3333 5817 3413 5870 in-
