3970 6502
479 432 584 496 763

1725 419 2006 482 MENSIS
2048 414 2518 478 SEPTEMBER.

3639 397 3769 462 ’ἵει

481 557 632 600 certa
682 553 737 598 et
781 557 970 611 parum
1031 541 1327 610 probabilis
1376 547 1618 607 apparet,
1669 551 1730 590 ac
1784 536 1908 588 aliis
1951 534 2062 602 jam
2095 537 2135 588 Α
2169 528 2354 582 telonii
2389 529 2578 582 usibus
2611 527 2875 585 serviebat
2908 525 3058 579 ?Sed
3093 523 3160 578 de
3201 533 3341 576 terra
3386 519 3662 573 sublatus.
3703 518 3769 566 in

484 640 601 694 visa
645 646 749 698 est,
789 634 892 687 nisi
939 650 1058 688 eam
1100 635 1278 687 solum
1314 632 1684 700 intelligamus
1709 628 1777 683 de
1811 638 2064 698 prompta

487 731 766 784 voluntate
791 730 857 782 ad
888 726 1194 780 faciendnrn
1221 725 1487 794 quidquid
1533 725 1752 793 juberet
1785 722 2066 784 Dominus,

489 839 613 876 curn
660 822 794 875 satis
833 834 994 872 nosse
1031 830 1215 887 posset
1248 818 1382 870 nihil
1413 817 1538 870 mali
1583 817 1888 884 jnssurum.
1914 811 2069 876 Quod

491 930 624 969 vero
669 923 879 982 spectat
921 913 985 965 ad
1031 912 1272 964 rationes
1307 909 1467 964 officii
1508 907 1920 978 magistratibus
1949 906 2071 959 red-

491 1005 719 1062 dendas,
766 1003 1041 1070 conjicere
1097 1016 1414 1069 possumus,
1469 1012 1561 1053 aut
1611 1000 1910 1068 obligatum
1963 1011 2072 1048 non

496 1094 665 1149 fuisse
698 1092 1006 1146 MallhtBllltl
1045 1091 1110 1144 ad
1158 1107 1251 1145 eas
1300 1091 1624 1152 reddendas,
1663 1089 1803 1156 quod
1849 1087 2076 1140 fortasse

497 1195 650 1254 pater
690 1186 861 1253 ipsius
895 1185 1149 1252 Alphaaus
1193 1183 1355 1237 etiam
1407 1195 1516 1236 tum
1572 1183 1802 1245 viveret,
1849 1190 1966 1237 aut.
2023 1179 2068 1231 si

503 1275 792 1331 Malthzeus
854 1277 1079 1330 omnino
1142 1285 1305 1344 caput
1353 1274 1570 1328 familiae
1633 1291 1744 1327 sua:
1803 1282 1971 1333 esset,
2025 1282 2078 1325 et

501 1369 854 1439 vectigalibus
897 1368 1204 1434 praefectus,
1258 1367 1549 1420 Dominum
1599 1365 1776 1418 eidem
1810 1375 1932 1433 post
1967 1363 2080 1431 pri-

506 1475 649 1514 mam
696 1459 1068 1513 obedientiam
1125 1457 1438 1516 tnandasse,
1482 1468 1539 1510 ut
1591 1457 1672 1510 vel
1710 1456 1944 1509 rationes
1974 1455 2081 1509 cito

505 1551 781 1614 redderet,
817 1551 901 1604 vel
937 1566 1056 1604 eam
1091 1565 1278 1604 curam
1317 1551 1470 1602 alteri
1503 1550 1880 1602 dcmandaret.
1919 1547 2082 1601 Certe

507 1642 847 1706 convivium,
898 1641 1043 1710 quod
1100 1641 1153 1693 in
1203 1640 1366 1696 domo
1401 1656 1494 1694 sua
1526 1640 1744 1695 Christo
1794 1639 2083 1706 multisque

506 1733 816 1804 publicanis
864 1731 1134 1788 exstruxit
1187 1731 1507 1795 Matthaans,
1553 1731 1771 1786 abunde
1816 1730 2080 1791 insinuat,

2170 621 2546 676 fortitudinem
2575 619 2697 672 ferri
2725 617 3001 672 convaluit
3037 635 3048 669 :
3077 616 3234 682 cujus
3262 612 3520 665 videlicet
3544 609 3768 676 lingua,

2170 715 2320 782 quasi
2355 711 2670 766 acutissimo
2714 711 2913 781 gladio,
2955 707 3230 784 Evangelii
3279 701 3774 758 administratione

2173 806 2437 858 Dominus
2471 803 2764 856 infidelium
2813 801 2973 854 corda
3020 797 3287 852 transfixit
3321 816 3330 848 :
3369 802 3422 847 et
3467 793 3562 861 qui
3604 791 3775 843 infir—

2176 915 2296 950 mus
2321 898 2468 965 prius
2495 895 2896 962 rlespcctusque
2935 893 3112 946 fuerat
3145 906 3239 958 per
3265 890 3482 941 terrena
3518 883 3772 952 negotia,

2177 989 2333 1042 fortis
2379 984 2724 1055 postmodum
2776 983 2952 1037 factus
2990 991 3071 1036 est
3117 980 3184 1034 ad
3215 976 3456 1032 cmlestia
3496 972 3776 1043 praedica-

2179 1090 2358 1134 menta
2371 1119 2383 1131 .

2232 1191 2336 1250 Ὡ-ι.
2387 1192 2538 1258 Quod
2591 1191 2660 1244 ab
2711 1189 3042 1257 Hieronymo
3091 1202 3254 1255 supra
3302 1184 3510 1238 dictum
3562 1193 3645 1235 est
3695 1183 3777 1234 de

2181 1287 2396 1358 gemino
2422 1285 2638 1338 nomine
2678 1281 2926 1349 apostoli,
2973 1279 3063 1346 qui
3118 1276 3414 1329 Matthaeus
3460 1276 3778 1329 vocabatur

2182 1389 2236 1432 et
2292 1377 2440 1435 Levi.
2498 1385 2556 1427 ut
2592 1389 2784 1426 omnes
2851 1372 3048 1440 pa‘ssitn
3102 1368 3648 1427 animadverterunt,
3711 1371 3779 1416 et

2185 1468 2476 1536 Evangelia
2537 1465 2838 1520 clarissime
2894 1461 3192 1520 insinuant,
3247 1459 3464 1511 videtur
3534 1471 3779 1526 negasse

2183 1560 2465 1629 Origenes,
2507 1557 2600 1610 lib.
2633 1573 2646 1610 t
2691 1555 2888 1611 Contra
2925 1552 3169 1612 Ceisrtm,
3205 1565 3357 1604 num.
3401 1549 3490 1613 62,
3527 1549 3617 1601 tibi
3653 1549 3781 1602 bare

2187 1652 2349 1705 habet
2383 1668 2397 1704 :
2440 1668 2457 1700 r
2491 1648 2569 1701 Sit
2593 1659 2646 1701 et
2669 1646 2797 1701 Levi
2827 1645 3170 1714 publicanus,
3206 1641 3295 1708 qui
3323 1640 3510 1696 Jesum
3542 1638 3780 1695 secutus

2189 1745 2280 1798 sit.
2323 1743 2392 1796 At
2440 1757 2546 1794 non
2588 1740 2690 1793 fuit
2725 1739 2813 1792 ille.
2851 1753 2917 1791 ex
2973 1735 3343 1804 apostolorum
3376 1748 3629 1795 numero,
3663 1731 3783 1785 nisi

507 1825 685 1891 ipsutn
730 1820 892 1874 facile
927 1822 982 1873 in
1028 1822 1164 1874 alios
1202 1821 1586 1875 transfundere
1635 1820 1896 1888 potuisse,
1930 1820 2088 1887 quid-

2215 1845 2338 1887 nxta
2366 1833 2609 1902 qna-dam
2647 1828 2920 1899 Evangelii
2956 1825 3256 1879 secundum
3295 1821 3544 1875 Marcum
3579 1837 3780 1875 exent-

507 1912 636 1982 quid
674 1912 1023 1980 obligationis
1055 1927 1118 1963 ex
1152 1909 1330 1963 officio
1364 1920 1730 1964 contraxerat.

579 2003 672 2057 '23.
721 2002 892 2057 Porro
934 2003 1138 2056 laudati
1177 2002 1598 2073 Chrysostmnus
1631 2015 1684 2057 et
1728 2002 2088 2072 Hieronymus

510 2111 634 2169 cum
695 2095 853 2148 laude
913 2096 1203 2150 observant
1263 2095 1556 2149 candorem
1625 2107 1681 2148 ct
1728 2095 2086 2148 humilitatem

514 2187 574 2240 ὃ.
619 2184 879 2250 Matthiei,
913 2187 1057 2254 quod
1108 2189 1221 2254 ipse
1259 2189 1312 2239 in
1353 2185 1647 2255 Evangelio
1692 2175 1967 2255 professus
1994 2187 2087 2249 sit,

516 2273 870 2343 publicanum
920 2291 978 2328 se
1034 2276 1241 2338 fuisse,
1297 2291 1533 2344 ususque
1595 2277 1661 2329 sit
1712 2278 1933 2330 nomine
1988 2291 2091 2330 suo

517 2364 690 2431 magis
734 2363 970 2431 vulgato,
1015 2379 1140 2418 cum
1179 2365 1390 2419 Marcus
1439 2373 1494 2420 et
1533 2364 1707 2420 Lucas
1741 2365 1870 2420 Levi
1914 2367 2091 2434 ipsum

515 2455 826 2519 nominent,
879 2457 1009 2510 dum
1055 2457 1305 2511 scribunt
1348 2459 1736 2522 vocationem;
1783 2458 2092 2511 Matth-«eum

519 2561 671 2611 vero,
698 2547 823 2601 dum
853 2548 1102 2601 eumdem
1149 2551 1412 2617 apostolis
1442 2557 1828 2606 annumerant.
1860 2549 1914 2602 Si
1951 2550 2094 2604 idem

518 2640 739 2695 fecisset
816 2641 1103 2697 Mattlncus
1154 2643 1288 2711 ipse,
1341 2653 1397 2697 et
1458 2644 1702 2698 similiter
1753 2644 1806 2697 in
1855 2645 2097 2714 catalogo

521 2733 892 2800 apostolorum
938 2734 1284 2801 publicanum
1315 2751 1374 2789 se
1403 2751 1510 2789 non
1538 2738 1892 2797 nominasset,
1918 2738 2097 2792 nullus

518 2823 719 2880 deinde
751 2839 816 2878 ex
855 2825 1149 2894 Evangelio
1177 2827 1388 2880 nescire
1424 2829 1711 2896 potuisset,
1751 2829 2098 2897 publicanum

523 2915 691 2969 fuisse
729 2915 1065 2979 Mattlneum,
1111 2927 1204 2971 aut
1252 2919 1500 2973 eumdem
1551 2936 1672 2973 cum
1711 2921 1861 2974 Levi.
1898 2921 2100 2974 Audia-

525 3019 644 3060 mus
667 3007 825 3062 verba
859 3011 1032 3064 sancti
1063 3009 1373 3080 Hieronymi
1406 3030 1417 3062 :
1453 3031 1470 3062 ι
1511 3011 1703 3066 Caeteri
1733 3013 2100 3082 evangelista,

527 3098 726 3166 inquit,
768 3111 992 3168 propter
1026 3101 1410 3152 verecundiam
1443 3110 1498 3153 et
1537 3101 1800 3154 honorem
1840 3101 2098 3167 Matthxi,

2192 1926 2380 1996 plaria.
2425 1943 2442 1976 ι
2477 1921 2816 1976 Novissimus
2866 1919 3044 1974 editor
3089 1916 3325 1985 Operam
3361 1912 3639 1982 Origenis,
3671 1912 3787 1966 Ca-

2191 2021 2337 2072 rolus
2371 2017 2615 2078 Delarue,
2657 2023 2786 2066 tom.
2822 2013 2864 2073 l,
2899 2029 3020 2082 pag.
3056 2010 3159 2065 576
3201 2009 3254 2060 ἰιι
3309 2007 3597 2060 Adnotatis
3624 2005 3789 2059 addit

2192 2112 2347 2174 altos,
2397 2109 2469 2161 ita
2498 2107 2742 2160 scribens
2774 2123 2789 2160 :
2827 2123 2846 2156 ι
2885 2102 3051 2156 Levin
3089 2118 3118 2154 a
3170 2098 3430 2153 Matthazo
3477 2097 3788 2166 distinguit

2192 2206 2354 2255 ctiam
2420 2198 2718 2252 lleracleon
2783 2186 3076 2248 haereticus
3142 2188 3565 2243 Valentinianus
3623 2186 3783 2256 apud

2193 2295 2529 2350 Clementem
2565 2287 2990 2344 Alexandrinum
3026 2301 3076 2338 tv
3107 2283 3368 2338 Str-amat.
3408 2296 3533 2349 pag.
3562 2279 3692 2342 502,
3723 2289 3790 2332 et

2195 2385 2340 2438 inter
2391 2382 2732 2435 recentiores
2792 2377 2945 2446 Hugo
3000 2371 3257 2436 Grotius,
3315 2387 3574 2442 magnum
3635 2370 3788 2439 apud

2197 2475 2542 2530 Calvinianos
2569 2471 2811 2539 aliosque
2837 2467 3200 2522 hctero'doxos
3230 2480 3450 2520 nomen.
3487 2460 3794 2516 Prmmittit

2199 2569 2266 2623 de
2310 2565 2562 2636 Origene,
2607 2561 2749 2632 quod
2792 2579 2809 2612 ί
2865 2560 2989 2615 Levi
3040 2575 3163 2613 cntn
3214 2557 3465 2609 Matthaso
3522 2552 3792 2605 eumdem

2201 2675 2424 2731 prorsus
2454 2659 2730 2712 hominem
2775 2668 2897 2708 esse
2944 2653 3195 2705 videatur
3238 2647 3440 2702 sentire
3487 2645 3540 2696 in
3581 2641 3796 2696 l’rmfao

2202 2753 2352 2806 tione
2392 2746 2787 2816 explanationis
2840 2744 2894 2795 in
2955 2743 3252 2810 Epistolam
3307 2737 3374 2790 ad
3419 2735 3720 2788 Romanos.
3764 2750 3786 2783 ι

2201 2843 2379 2898 Verba
2422 2841 2536 2908 ipsa
2567 2836 2820 2906 Origenis
2864 2850 2927 2888 ex
2962 2833 3183 2901 antiqua
3221 2828 3463 2884 editione
3500 2831 3648 2896 (nam
3702 2835 3794 2880 to-

2205 2948 2352 2987 mum
2387 2929 2448 2984 IV
2483 2944 2633 2981 novae
2670 2925 2899 2980 necdum
2932 2922 3216 2988 habemus)
3248 2920 3544 2986 subiungo.
3576 2915 3795 2970 Obser-

2207 3029 2295 3074 vat
2342 3015 2628 3086 Origenes,
2679 3013 2865 3068 tnultis
2897 3013 3003 3067 duo
3053 3021 3147 3064 aut
3203 3009 3302 3063 tria
3335 3009 3502 3061 fuisse
3539 3007 3792 3070 nomina,

2207 3113 2458 3181 interque
2517 3126 2612 3164 eos
2669 3111 2915 3161 nominat
2969 3106 3318 3164 Matthieum,
3365 3103 3435 3155 ita
3479 3102 3735 3154 scribens
3777 3116 3796 3151 :

522 3190 819 3244 noluerunt
877 3206 1002 3244 cum
1063 3191 1284 3246 nomine
1344 3193 1618 3261 appellare
1677 3193 1894 3263 vulgato
1924 3231 1940 3258 ,
2000 3192 2096 3246 sed
2128 3202 2171 3259 (ς,
2209 3223 2227 3254 ς
2267 3201 2399 3255 Nam
2445 3212 2500 3255 ρι
2539 3199 2818 3252 malumus
2853 3199 2966 3266 ipse
2999 3195 3165 3249 refert
3220 3195 3284 3249 de
3333 3209 3414 3258 se,
3463 3192 3612 3261 quod
3662 3206 3793 3243 cum

525 3281 804 3347 dixerunt,
862 3283 1030 3348 Levi;
1088 3283 1292 3352 duplici
1351 3285 1554 3353 quippe
1602 3287 1867 3339 vocabulo
1923 3285 2046 3336 fuit.
2081 3302 2098 3334 ι

527 3373 649 3441 Ipse
694 3385 876 3439 autem
914 3374 1200 3428 Matthazus
1237 3376 1538 3428 secundum
1569 3374 1720 3440 illud,
1757 3375 1901 3444 quod
1935 3391 1963 3428 a
2005 3375 2105 3429 Sa-

529 3465 749 3518 lomone
793 3465 1105 3533 prmcipitur
1144 3481 1158 3518 :
1202 3483 1219 3516 r
1255 3465 1414 3519 Jesus
1457 3479 1745 3522 accusator
1779 3478 1859 3523 est
1916 3472 2002 3523 sui
2052 3469 2107 3521 in

533 3556 806 3626 principio
846 3558 1136 3612 sermonis.
1181 3578 1198 3609 ι
1250 3559 1314 3612 Et
1363 3561 1415 3612 in
1471 3561 1580 3611 alio
1619 3561 1738 3612 loco
1788 3579 1800 3611 :
1852 3578 1870 3609 ι
1914 3558 2006 3612 Dic
2053 3570 2108 3611 tu

530 3661 754 3718 peccata
789 3660 898 3711 tua,
938 3661 996 3702 ut
1024 3651 1344 3715 jnstiliceris
1379 3666 1396 3716 ;
1437 3669 1454 3700 ι
1494 3650 1804 3704 Matthamm
1836 3665 1894 3704 se
1925 3658 1981 3704 et
2011 3667 2108 3719 pu-

530 3744 806 3800 blicanum
841 3747 1108 3811 nominat,
1158 3755 1216 3800 ut
1242 3747 1494 3803 ostendat
1533 3748 1861 3817 legentibus,
1895 3749 2107 3802 nullum

529 3837 736 3892 debere
757 3838 990 3894 salutent
1029 3842 1344 3908 desperare,
1382 3841 1423 3894 si
1457 3840 1522 3892 ad
1558 3841 1780 3892 meliora
1809 3855 2112 3892 conversus

533 3929 627 3994 sit,
655 3946 779 3982 cum
806 3932 926 3999 ipse
949 3932 1015 3982 de
1048 3931 1334 3999 publicano
1360 3933 1414 3984 in
1462 3931 1768 3998 apostolum
1795 3931 1866 3983 sit
1890 3939 2113 3999 repente

537 4033 804 4074 mutatus.
838 4041 857 4072 ι
890 4021 1088 4076 Eadem
1118 4022 1231 4076 fere
1265 4023 1517 4077 observat
1542 4022 1986 4092 Chrysostomus,
2021 4022 2113 4092 qui

535 4112 780 4182 adiungit
809 4114 971 4166 etiam
997 4116 1284 4182 sequentia
1323 4133 1334 4166 :
1374 4133 1390 4164 ι
1429 4116 1539 4167 Cur
1569 4131 1727 4182 porro
1757 4115 1911 4178 dixit,
1936 4116 2115 4182 ipsum

536 4205 748 4258 sedisse
784 4206 840 4258 in
893 4205 1133 4258 telonio?
1166 4205 1419 4260 Vocantis
1454 4207 1558 4258 vim
1605 4207 1926 4271 ostendens,
1966 4207 2115 4275 quod

539 4311 664 4349 cum
698 4297 940 4350 nonduin
973 4297 1292 4361 destitisset,
1329 4308 1386 4353 et
1426 4300 1674 4368 improbo
1713 4300 1916 4355 telonio
1943 4301 2118 4355 Incre-

539 4398 640 4450 ret,
679 4405 744 4443 ex
780 4391 968 4444 mediis
1009 4391 1181 4459 ipsum
1215 4393 1368 4445 malis
1395 4395 1706 4446 extraxerit.
1737 4412 1753 4443 ι
1789 4393 1853 4446 Ει
1888 4411 2009 4446 mox
2051 4396 2118 4449 de

539 4484 718 4539 officio
753 4486 1172 4554 publicanortnn
1217 4486 1289 4539 ita
1335 4497 1573 4542 mentem
1618 4503 1769 4541 suam
1819 4489 2061 4543 declarat
2100 4508 2112 4543 :

548 4598 567 4630 ε
608 4576 733 4634 Ηῖο
771 4588 952 4631 autem
991 4579 1240 4631 lucrandi
1277 4581 1414 4632 ratio
1442 4581 1778 4648 impudentia
1813 4584 1968 4649 plena
1998 4594 2117 4636 erat

543 4685 607 4723 ac
650 4671 973 4738 petulantia,
1005 4681 1245 4738 quaestus
1279 4672 1496 4741 iniquus
1522 4688 1585 4726 ac
1611 4685 1913 4726 mercatura
1948 4676 2117 4729 illibe-

547 4763 694 4816 ralis.
738 4781 755 4814 ι
805 4764 942 4816 Hinc
991 4762 1046 4816 S.
1088 4764 1404 4834 Gregorius,
1441 4766 1587 4819 hom.
1626 4767 1694 4818 24
1737 4767 1788 4819 in
1834 4767 2120 4836 Evangelia

545 4854 805 4917 advertit,
867 4853 1090 4908 Petrum
1159 4855 1378 4925 quidem
1435 4858 1724 4925 aliquando
1785 4860 2012 4913 rediisse
2053 4861 2119 4914 ad

547 4943 932 5012 piscationem,
982 4949 1074 5001 sed
1111 4948 1423 5002 Manlianum
1465 4965 1740 5017 nunquam
1784 4953 1850 5004 ad
1882 4951 2118 5005 officium

549 5035 818 5104 publicani
871 5039 1114 5106 periculo
1137 5040 1400 5108 .plenum.
1452 5057 1470 5090 r
1510 5041 1646 5105 Quia
1695 5041 1839 5095 aliud
1893 5053 1998 5106 est,
2041 5042 2125 5095 in-

547 5130 690 5195 quit,
717 5128 921 5181 victum
950 5144 1046 5197 per
1078 5131 1438 5198 piscationem
1469 5147 1731 5199 quaerere,
1769 5134 1910 5185 aliud
1944 5145 2122 5187 autem

549 5219 739 5273 telonii
772 5221 940 5274 lucris
979 5221 1237 5291 pecunias
1269 5237 1492 5291 augere.
1516 5223 1655 5277 Sunt
1683 5226 1828 5277 enim
1869 5227 2125 5295 pleraque

550 5314 791 5384 negotia,
839 5332 961 5384 quia
1021 5319 1139 5371 sine
1193 5321 1431 5387 peccatis
1480 5321 1722 5373 exhiberi
1769 5332 1861 5374 aut
1901 5322 1982 5374 vix
2033 5332 2127 5376 aut

549 5408 864 5462 nullatenus
895 5420 1148 5477 possunt.
1191 5409 1324 5474 Qum
1357 5428 1484 5480 ergo
1515 5415 1576 5464 ad
1614 5424 1896 5482 peccatum
1940 5416 2122 5482 impli-

550 5509 701 5564 cant,
764 5501 828 5553 ad
889 5501 1002 5555 haec
1058 5518 1281 5556 necesse
1311 5514 1394 5558 est
1450 5513 1506 5556 ut
1547 5517 1663 5572 post
1711 5507 2123 5560 conversionem

551 5593 774 5646 animus
797 5609 904 5647 non
931 5605 1198 5647 recurrat.
1233 5595 1509 5650 Laudatus
1535 5599 1845 5664 Gregorius,
1873 5599 1966 5650 lib.
1999 5615 2125 5652 xvur

554 5686 841 5740 Moralium
883 5687 934 5740 itt
970 5687 1073 5742 Job
1103 5704 1224 5756 cap.
1257 5688 1327 5742 27
1358 5689 1424 5742 de
1461 5705 1654 5760 ntagna
1687 5691 1854 5743 sancti
1895 5688 2130 5743 Matlbzei

552 5781 860 5834 mutatione
913 5782 984 5835 ita
1035 5781 1278 5852 loquitur
1331 5800 1344 5836 :
1403 5801 1420 5834 ε
1463 5784 1655 5836 Annon
1733 5783 2016 5838 Marthaeus
2075 5785 2126 5836 in

551 5882 697 5926 terra
732 5873 986 5928 inventus
1013 5886 1111 5941 est,
1133 5877 1246 5946 qui,
1281 5877 1513 5933 terrenis
1543 5876 1772 5946 negotiis
1801 5876 2124 5946 implicatus,

2211 3295 2467 3348 transiret
2515 3291 2715 3355 Jesus,
2770 3290 2977 3344 invenit
3043 3287 3332 3359 quemdam
3384 3287 3665 3338 sedentem
3729 3284 3802 3338 ad

2211 3386 2492 3447 teloniurn,
2525 3384 2746 3438 nomine
2779 3382 3109 3435 Matth-mum.
3139 3378 3312 3430 Lucas
3344 3389 3470 3428 vero
3497 3374 3564 3425 de
3599 3373 3800 3428 eodem

2210 3479 2360 3537 dicit,
2417 3477 2545 3543 quia
2602 3488 2726 3526 cum
2781 3471 3038 3524 transiret
3086 3467 3266 3529 .lesus,
3319 3464 3611 3534 quemdam
3659 3466 3804 3519 vidit

2213 3568 2583 3638 publicanum,
2626 3563 2846 3617 nomine
2887 3559 3039 3618 Levi.
3077 3569 3131 3612 et
3172 3558 3329 3618 dixit,
3359 3557 3603 3625 Sequere
3636 3572 3800 3611 me...

2211 3661 2428 3715 Certum
2460 3669 2538 3713 est
2567 3669 2767 3722 autem,
2821 3651 3185 3723 cvangelistas
3217 3667 3324 3704 non
3359 3664 3574 3704 errasse
3607 3649 3660 3701 in
3696 3664 3806 3704 no-

2214 3753 2453 3805 minibus
2494 3749 2904 3819 apostolorum;
2961 3746 3054 3800 sed
3108 3743 3234 3814 quia
3280 3741 3447 3796 moris
3487 3750 3610 3794 erat
3653 3740 3805 3796 binis

2217 3839 2298 3892 vel
2335 3839 2504 3890 ternis
2541 3837 2854 3889 nominibus
2885 3836 2961 3887 itti
2996 3833 3252 3886 Hebraeos
3275 3871 3288 3895 ,
3323 3831 3484 3884 unius
3518 3828 3805 3898 ejusdem-

2217 3946 2321 4000 que
2373 3931 2471 3984 viri
2521 3928 2732 3981 diversa
2786 3927 2985 3995 singuli
3043 3923 3328 3976 nominum
3384 3922 3654 3975 vocabula
3706 3939 3808 3992 po-

2218 4040 2396 4080 suere.
2442 4043 2459 4074 »
2491 4022 2589 4076 llic
2622 4035 2728 4075 non
2754 4020 2914 4074 modo
2950 4017 3261 4070 Matthzeutn
3297 4023 3348 4067 et
3379 4012 3508 4066 Levi
3543 4014 3805 4068 eumdem

2217 4117 2493 4170 declarant
2547 4113 2845 4181 Origenes;
2897 4112 2989 4166 sed
3035 4111 3199 4164 etiam
3246 4106 3490 4163 ostendit
3547 4105 3807 4163 eumdem

2221 4222 2362 4267 esse,
2413 4221 2536 4259 cum
2587 4206 2796 4270 Lucas,
2851 4204 2926 4256 uti
2968 4211 3020 4254 et
3061 4202 3310 4262 Marcus,
3357 4199 3497 4252 idem
3541 4199 3702 4265 plane
3743 4198 3809 4252 do

2225 4297 2353 4351 Levi
2386 4297 2704 4357 narraverit,
2732 4295 2877 4362 quod
2908 4291 3196 4344 Mattlneus
3225 4289 3291 4342 de
3319 4303 3397 4340 se.
3428 4289 3806 4357 Quapropter,

2224 4390 2266 4446 si
2299 4387 2580 4459 Origenes,
2626 4397 2814 4440 contra
2859 4383 3076 4436 Celsum
3131 4379 3396 4439 scribens,
3440 4393 3634 4431 revera
3678 4380 3805 4431 Levi

2223 4481 2387 4537 alium
2441 4499 2468 4535 a
2519 4481 2768 4534 Matthan
2817 4473 3136 4536 crediderit,
3201 4480 3386 4541 postea
3442 4469 3807 4536 frequentiori

2225 4591 2320 4628 usu
2355 4589 2522 4627 sacrae
2564 4572 2858 4637 Scriptura:
2892 4581 3136 4620 errorem
3175 4562 3437 4618 correxit.
3472 4561 3542 4614 At
3577 4562 3810 4613 fortasse

2221 4665 2480 4733 Origenes
2527 4665 2750 4730 allegata
2795 4660 2959 4714 verba
3016 4659 3195 4712 solum
3247 4655 3475 4723 protulit
3507 4670 3576 4708 ex
3622 4663 3808 4708 mente

2221 4766 2316 4810 aut
2367 4755 2527 4809 dictis
2576 4755 2741 4816 Celsi,
2785 4764 2975 4808 contra
3025 4765 3187 4818 quem
3239 4748 3305 4801 de
3338 4761 3397 4799 re
3433 4747 3662 4798 omnino
3705 4746 3808 4799 alia

2223 4847 2547 4904 disserebat.
2596 4846 2748 4910 Quod
2791 4853 2999 4912 spectat
3049 4841 3111 4894 ad
3151 4839 3544 4893 Heracleoncm
3579 4847 3634 4890 et
3667 4837 3809 4890 Gro-

2227 4942 2379 4998 rium.
2417 4939 2787 5005 relinquemus
2834 4935 2938 4988 illis
2968 4933 3288 5000 Opinionem
3321 4945 3476 4982 suam
3523 4926 3807 4997 improba-

2227 5033 2408 5095 bilcm,
2466 5047 2494 5084 a
2550 5031 2712 5083 variis
2765 5029 2872 5099 jam
2929 5027 3245 5085 refutatum,
3297 5035 3350 5076 et
3396 5037 3690 5093 pergarnus
3740 5023 3806 5074 ad

2228 5124 2386 5176 aliam
2423 5121 2854 5175 controversiam
2891 5120 3060 5187 magis
3092 5115 3428 5184 ambiguam.

2296 5231 2383 5282 ἢεί.
2426 5227 2777 5281 Βρρυιιιίοιρε
2810 5223 3004 5286 Graeci,
3049 5222 3162 5275 sive
3201 5220 3297 5282 illi,
3341 5219 3427 5284 qui
3480 5217 3662 5268 medio
3694 5232 3806 5270 aevo

2230 5322 2550 5384 ﬂoruerunt,
2595 5322 2654 5370 S.
2701 5317 3012 5370 Matutae-um
3060 5314 3376 5369 existimant
3420 5309 3648 5361 fratrem
3687 5323 3805 5362 esse

2232 5415 2288 5467 S.
2323 5412 2508 5466 Jacobi
2544 5411 2745 5478 Alphrei
2782 5409 3034 5476 apostoli,
3067 5407 3278 5474 sibique
3313 5402 3561 5456 faventes
3599 5401 3800 5452 habent

2231 5503 2520 5556 nonnullos
2560 5518 2590 5554 e
2627 5499 2917 5562 l’atribus;
2961 5498 3054 5549 sed
3095 5495 3259 5562 aliqui
3306 5495 3570 5547 resistunt
3606 5491 3801 5543 eruditi

2233 5596 2514 5651 neoterici.
2548 5592 2926 5646 "t‘nSCllCHiUS
2954 5598 3140 5642 noster
3165 5590 3229 5641 ad
3265 5588 3277 5639 I
3320 5585 3438 5638 Maii
3475 5584 3803 5635 examinavit

2233 5688 2551 5744 sententiam
2600 5685 2906 5739 Graecorum
2958 5683 3011 5734 in
3066 5680 3122 5734 S.
3162 5679 3385 5739 Jacnbo,
3438 5679 3552 5730 sive.
3609 5689 3736 5729 tom.
3785 5672 3800 5723 ι

2235 5781 2378 5842 Maii,
2405 5795 2522 5849 pag,
2566 5779 2648 5841 ll),
2683 5777 2768 5830 ubi
2805 5792 2899 5844 pro
2936 5775 3022 5826 illa
3059 5775 3327 5827 sententia
3359 5771 3538 5824 laudat
3570 5760 3802 5821 Menoioo

2239 5873 2384 5943 giutn
2436 5870 2783 5934 Basilianutn,
2833 5864 3192 5934 Synaxarium
3241 5864 3614 5932 pervelustum
3664 5857 3797 5912 Con-
