3970 6446
173 389 273 451 765

1460 400 1629 462 νΙΤΑ
1672 400 1736 459 S.
1772 400 2157 463 MATTHIEI.

3312 413 3417 479 766

172 512 713 579 stantinopolitanum
735 553 749 576 .
818 513 1018 569 Meuma
1081 515 1342 586 impressa
1425 528 1514 599 et,
1560 518 1739 573 varios
1768 517 1819 576 Δ
1849 521 2181 586 tinguentem
2212 521 2355 575 inter
2385 531 2631 576 sanctum
2667 521 2857 579 Judam
2924 523 3253 581 Tbaddzcum
3283 543 3418 597 apo-

172 602 389 656 codices
423 618 553 657 mss.
588 603 918 667 Grarcorum,
951 604 1194 661 Nicetam
1225 606 1477 661 Davidem
1511 610 1741 679 Paphla-

170 708 389 763 gonem,
453 696 637 748 srcculi
691 711 739 749 ιι
792 698 1134 764 scriptorem,
1180 699 1445 767 aliosque.
1493 699 1743 755 05tendit

169 796 434 854 pneterea
479 786 927 857 Cbrysostomum
961 800 1016 843 et
1059 790 1462 845 Theodoretum
1496 793 1739 861 ejusdem

169 880 330 947 plane
372 880 541 933 videri
575 880 879 942 sententiae,
919 881 1044 948 quia
1084 884 1231 948 prior
1280 882 1421 935 inter
1467 884 1742 951 apostolos

169 982 425 1025 numerat
473 972 608 1025 duos
657 973 972 1039 publicanos
1005 972 1311 1026 Mattha‘mn
1363 987 1416 1028 et
1459 973 1739 1039 Jacobum,

168 1080 293 1118 cum
328 1076 509 1118 tamen
567 1065 711 1117 nulla
746 1066 815 1118 sit
859 1067 993 1119 ratio
1054 1083 1152 1121 cur
1194 1067 1438 1121 dicamus
1481 1068 1739 1121 Jacobum

167 1158 376 1225 Alphaei
442 1157 611 1212 fuisse
672 1156 1065 1227 publicanum,
1130 1159 1229 1211 nisi
1287 1159 1429 1227 quod
1496 1158 1743 1216 rideatur

168 1249 342 1303 fuisse
404 1249 570 1303 frater
617 1249 893 1311 Malthari,
946 1249 1081 1302 alter
1129 1267 1257 1302 vero
1310 1258 1567 1318 utrosque
1611 1252 1741 1302 dicit

167 1340 589 1409 Capharnaitas,
643 1341 785 1406 quod
839 1340 1093 1393 similiter
1131 1341 1274 1393 nulla
1318 1342 1528 1395 ratione
1559 1342 1741 1396 dicere

172 1444 409 1502 poterat,
439 1434 541 1485 nisi
574 1434 895 1489 credidisset
921 1434 1141 1486 fratrem
1182 1433 1436 1497 Matthxi,
1466 1436 1553 1503 qui
1586 1434 1741 1487 hahi-

171 1525 319 1576 tabat
356 1523 663 1585 Capharnai
700 1540 713 1575 :
755 1539 930 1591 neque
976 1526 1119 1577 enim
1166 1526 1316 1579 ullihi
1355 1525 1408 1578 in
1447 1524 1743 1603 Scripturis

169 1618 393 1678 dicitur,
423 1616 511 1669 tibi
545 1628 704 1670 natus
738 1617 903 1670 fuerit
937 1617 1177 1673 Jacobus
1210 1620 1434 1689 Alphzei,
1467 1630 1560 1673 aut
1586 1622 1741 1687 quale

165 1708 406 1763 officium
465 1719 592 1763 ante
634 1712 996 1777 apostolatum
1046 1712 1290 1780 gesserit.
1342 1712 1741 1781 [’apebrocliius

168 1811 380 1859 noster,
420 1811 552 1853 tom.
588 1799 651 1853 νι
694 1800 812 1853 Maii
855 1801 907 1853 in
947 1802 1195 1869 Alphaeo,
1249 1818 1411 1871 quem
1458 1805 1741 1871 utriusque

166 1902 379 1959 patrem
412 1892 620 1949 statuit.
656 1908 772 1959 pag.
803 1891 924 1948 35$.
961 1892 1205 1944 eamdem
1242 1895 1521 1961 amplexus
1549 1905 1631 1945 est
1689 1906 1743 1946 et

166 1984 517 2036 confirmavit
551 1986 898 2036 sententiam.
941 1981 1096 2037 Ratio
1127 1982 1437 2038 Grecorum
1471 1985 1613 2036 haud
1643 1985 1743 2037 du-

168 2079 254 2131 bie
302 2086 405 2132 est.
436 2076 578 2144 quod
625 2075 863 2129 Jacobus
915 2093 1067 2145 mque
1109 2093 1171 2131 ac
1215 2077 1498 2131 Mattlia'us
1534 2088 1741 2145 patrem

168 2169 423 2221 habuerit
477 2168 778 2237 Alphceum,
841 2183 941 2223 nec
1011 2170 1117 2223 ulla
1176 2168 1249 2222 sir
1308 2171 1447 2225 ratio
1502 2169 1743 2231 dicendi,

164 2259 333 2312 alium
387 2258 554 2314 fuisse
590 2260 869 2328 Alphmoin
908 2272 1116 2329 patrem
1151 2261 1407 2327 Matthmi,
1453 2264 1615 2315 alium
1648 2278 1745 2331 pa-

165 2363 306 2405 trem
359 2350 569 2407 Jacobi.
621 2352 1009 2405 Tillcmontius
1064 2354 1115 2406 in
1179 2354 1429 2407 Matthaeo
1478 2354 1743 2424 agnoscit,

162 2440 640 2513 Chrysostomum,
670 2442 1099 2503 Theodorelum,
1139 2446 1573 2513 recentioresque
1598 2446 1747 2499 Cras-

164 2552 260 2590 cos
337 2548 531 2587 omnes
582 2537 635 2586 in
698 2550 815 2586 eam
872 2536 1215 2601 conspirasse
1276 2539 1629 2598 sententiain,
1691 2546 1747 2590 ut

166 2626 265 2681 SS.
315 2626 629 2681 Matth-xum
669 2637 724 2681 et
770 2625 1030 2681 JaCubum
1062 2628 1265 2689 Alphmi
1319 2628 1512 2680 fratres
1556 2628 1743 2681 crede-

167 2731 310 2781 rent,
341 2720 465 2788 quia
500 2720 661 2773 ambo
696 2721 950 2773 dicuntur
979 2719 1179 2789 Alphaei
1235 2720 1417 2788 utique
1444 2720 1555 2772 filii.
1582 2721 1745 2773 Asse.-

168 2814 233 2865 rit
265 2822 451 2865 tamen
486 2812 751 2865 Laconica
802 2814 1089 2874 brevitate,
1126 2813 1328 2865 nullam
1361 2830 1420 2865 ea
1455 2814 1505 2866 in
1543 2830 1599 2865 re
1628 2829 1746 2867 esse

168 2903 279 2955 veri
341 2903 605 2969 speciem.
662 2902 993 2955 Tillemontii
1048 2902 1428 2956 Laconismum
1470 2902 1749 2971 adoptavit

164 2994 450 3048 Calmetus
504 2994 661 3046 initio
722 2995 1052 3061 prtefationis
1104 3009 1216 3047 suae
1278 2995 1329 3045 in
1394 2995 1745 3059 Matthazum,

167 3088 359 3141 eadem
395 3086 555 3153 plane
588 3086 797 3148 dicens,
832 3098 885 3138 et
916 3086 1094 3138 locum
1121 3084 1312 3155 Operis
1344 3088 1513 3137 nostri
1558 3087 1745 3141 vitiose

168 3181 507 3247 assignatum
543 3177 682 3245 apud
711 3176 1140 3242 Tillcmontium,
1172 3180 1361 3231 eodem
1401 3180 1557 3246 plane
1585 3179 1745 3230 modo
1776 3207 1816 3261 ρ

167 3269 475 3337 assignans,
503 3277 561 3319 ut
586 3281 653 3317 ne
690 3268 880 3336 legisse
903 3269 1122 3335 quidem
1152 3268 1398 3320 videatur
1426 3279 1743 3336 argmnenta

169 3357 501 3412 Henschenii
532 3356 582 3409 in
612 3356 791 3425 Opere
828 3370 1037 3412 nostro.

232 3450 327 3503 9.6.
386 3450 443 3502 Si
505 3451 693 3503 eadem
748 3452 1016 3505 brevitate
1073 3452 1284 3516 dixero,
1335 3453 1574 3522 ineptam
1627 3468 1746 3508 esse

167 3544 326 3598 istam
360 3542 694 3597 Tillemontii
721 3544 928 3605 crisim,
950 3561 1114 3612 quam
1145 3545 1422 3613 adoptavit
1450 3544 1744 3610 Calmetus,

168 3635 355 3688 nullus
385 3635 435 3688 itl
464 3651 605 3701 :Pgre
631 3636 771 3687 ferre
800 3636 1019 3701 poterit,
1047 3634 1189 3701 qttia,
1214 3634 1353 3685 sicut
1374 3632 1554 3699 opinio
1580 3634 1747 3701 majo-

170 3743 287 3780 rum
315 3735 633 3779 nostrorum
668 3722 777 3775 visa
798 3732 880 3775 est
904 3723 1002 3791 ipsi
1031 3738 1213 3775 carere.
1235 3722 1345 3775 veri
1377 3722 1577 3789 specie,
1602 3723 1671 3775 ita
1694 3732 1748 3776 et

170 3821 303 3873 mihi
338 3826 614 3871 assertum
658 3816 801 3869 istud
836 3814 982 3868 omni
1020 3815 1238 3868 videtur
1277 3815 1488 3867 ratione
1516 3815 1749 3868 destitu-

172 3923 304 3971 tum.
367 3911 602 3977 ideoque
646 3909 1071 3973 ineptissimum.
1124 3905 1295 3958 Nolim
1347 3918 1523 3959 tamen
1572 3907 1744 3959 solum

167 4006 375 4063 dicere,
415 4013 470 4054 et
501 4001 635 4053 nihil
683 4001 935 4068 probare.
978 3999 1154 4063 Quare
1189 3999 1427 4051 rationes
1473 4000 1633 4050 latius
1670 3999 1747 4051 vi-

169 4096 380 4147 dendas
410 4093 545 4146 locis
572 4108 735 4161 supra
774 4091 934 4145 dictis
966 4090 1205 4143 breviter
1235 4092 1468 4157 explico.
1498 4091 1748 4143 Admittit

170 4186 580 4249 Tilletnontius,
642 4198 833 4239 sancto
879 4184 1130 4237 Matthmo
1187 4199 1483 4253 cognomen
1538 4184 1744 4251 Alpinei

170 4290 288 4332 esse
322 4276 698 4330 verisimilitcr
728 4290 755 4326 a
790 4284 964 4341 patre.
998 4272 1236 4326 Jacobus
1265 4284 1445 4327 autem
1471 4273 1523 4326 in
1567 4274 1745 4326 omni-

172 4372 274 4422 bus
309 4378 549 4437 quatuor
598 4367 967 4434 apostolorum
1007 4366 1284 4435 calalogis,
1334 4367 1383 4419 id
1415 4378 1519 4431 est,
1552 4367 1741 4418 Matth.

172 4479 224 4522 ι,
252 4461 416 4513 Marc.
452 4475 531 4517 tit,
560 4459 691 4512 an.
725 4475 799 4521 Vl,
832 4463 1018 4513 etAct.
1050 4471 1405 4513 tronstanter
1436 4461 1746 4512 nominatur

1842 613 2074 691 stolam,
2098 612 2368 667 etJudam
2408 614 2627 668 fratrem
2654 613 2840 670 Jacobi
2882 618 3131 673 minoris.
3173 619 3226 673 Si
3264 635 3328 674 eo
3360 622 3414 676 in

1846 704 1961 757 loco
2008 705 2184 758 visum
2239 713 2323 760 est
2373 717 2753 776 argumentum
2806 708 3059 762 idoneum
3114 720 3169 764 et
3213 713 3413 765 summi

1845 796 2122 858 momenti,
2147 795 2240 849 ubi
2280 808 2458 849 tamen
2498 812 2602 849 non
2634 798 2862 860 valebat,
2901 798 3023 866 quia
3053 797 3417 851 adhibebatur

1847 888 1910 941 ad
1964 886 2181 940 fratrem
2230 888 2641 955 inquirendum,
2688 904 2795 942 non
2846 889 3074 943 debebat
3108 889 3196 941 hic
3243 890 3411 943 videri

1845 995 2037 1035 carens
2066 982 2246 1047 specie
2283 981 2420 1043 veri,
2463 996 2587 1034 eum
2638 982 2927 1035 adhibetur
2970 982 3034 1036 ad
3067 996 3412 1036 communem

1845 1073 2128 1141 utriusque
2167 1085 2373 1141 patrem
2412 1076 2845 1143 investigandum
2880 1092 2892 1129 :
2929 1085 3082 1143 pater
3110 1076 3252 1128 enim
3294 1076 3415 1129 iStis

1845 1168 2221 1231 cognomentis
2258 1166 2309 1217 in
2342 1166 2579 1235 genitivo
2618 1167 2807 1234 positis
2840 1167 2977 1219 solet
3000 1166 3318 1234 significari,
3358 1176 3417 1220 ut

1848 1255 2035 1309 Simon
2088 1254 2334 1320 Joannis,
2418 1259 2468 1311 id
2526 1267 2608 1310 est
2669 1258 2810 1313 filius
2870 1256 3127 1320 Joannis,
3180 1258 3417 1314 Jacobus

1845 1347 2112 1408 Zebedtei,
2146 1348 2196 1401 id
2242 1359 2326 1402 est
2378 1350 2516 1403 filius
2560 1348 2825 1408 lellCtlJ’J,
2899 1365 3009 1402 non
3060 1350 3267 1415 frater;
3324 1360 3417 1403 aut

1844 1446 1991 1489 certe
2034 1451 2140 1489 non
2185 1439 2441 1504 produxit
2481 1439 2858 1493 Tillemonlius
2893 1439 3059 1491 ullqu
3107 1437 3414 1505 exemplum

1844 1525 2030 1579 fratris
2061 1540 2156 1593 per
2194 1526 2298 1578 tale
2328 1541 2631 1595 cognomen
2672 1528 2912 1581 indicati.

1912 1617 2001 1671 27.
2046 1617 2231 1685 Itaque
2292 1616 2517 1671 minime
2549 1620 3007 1672 contemnendum
3049 1619 3219 1673 videri
3255 1618 3419 1672 debet

1847 1720 2275 1780 argumentum:
2330 1725 2431 1762 nec
2454 1710 2639 1771 credo,
2692 1710 2797 1763 tal’e
2838 1710 3012 1763 visum
3064 1726 3190 1763 esse
3254 1709 3418 1764 'fille-

1848 1805 2073 1859 montio.
2107 1806 2173 1857 At
2206 1804 2394 1857 habuit
2421 1803 2580 1856 aliam
2638 1803 2901 1856 rationem
2931 1802 3187 1871 negandi,
3223 1800 3418 1854 fratres

1850 1896 2016 1951 fuisse
2044 1897 2349 1949 Matthmum
2391 1906 2445 1950 et
2497 1895 2765 1953 Jacobum
2802 1895 3027 1963 Alpltavi,
3077 1910 3325 1963 eamque,
3362 1906 3422 1947 ut

1846 1989 2117 2043 existimo.
2152 1989 2323 2040 noluit
2345 1990 2601 2041 indicare.
2628 1986 2998 2046 Sustinuerat,
3023 1997 3211 2039 contra
3234 1996 3419 2039 aucto-

1848 2080 2062 2133 ritatem
2097 2081 2481 2148 plerorumque
2508 2078 2748 2139 Patrum,
2785 2088 2838 2129 et
2869 2086 3057 2129 contra
3083 2077 3215 2130 satis
3247 2076 3415 2137 clara,

1849 2184 1908 2227 ut
1938 2173 2179 2238 videtur,
2224 2188 2393 2226 sacra:
2429 2172 2729 2240 Scriptura!
2781 2180 3124 2241 argumenta,
3156 2168 3418 2223 Jaenbum

1847 2266 2050 2335 Alpinci
2088 2266 2340 2319 eumdem
2397 2279 2517 2317 esse
2567 2280 2687 2318 cum
2729 2262 2930 2317 Jacubo
2967 2262 3133 2316 fratre
3185 2260 3420 2316 Domini.

1847 2357 2026 2422 Quare
2055 2372 2174 2409 cum
2211 2364 2421 2408 certmn
2456 2354 2545 2415 sit,
2574 2353 2884 2407 Mattlwum
2916 2370 3021 2406 non
3044 2368 3164 2406 esse
3197 2354 3421 2405 fratrem

1847 2446 2032 2501 Jacobi
2076 2446 2255 2499 fratris
2281 2445 2515 2505 Ποιηίιιί,
2546 2459 2655 2495 non
2697 2451 2911 2512 poterat
2955 2443 3186 2512 amplius
3217 2442 3420 2505 dicere,

1848 2538 2069 2590 fratrem
2098 2551 2215 2589 esse
2264 2532 2444 2588 Jacobi
2481 2533 2721 2603 Alphtei;
2769 2534 3002 2603 ideoque
3043 2533 3231 2586 inaluit
3262 2549 3425 2603 argu-

1849 2638 2032 2682 menta
2120 2626 2447 2679 Henschenii
2510 2627 2863 2694 contemptim
2933 2627 3207 2693 abjicere,
3262 2642 3423 2694 quam

1848 2718 2044 2773 difficili
2082 2732 2345 2784 TCSPOIISO
2370 2716 2433 2768 iis
2468 2715 2803 2767 satisfacere.
2855 2713 3055 2768 Verum
3106 2717 3246 2767 illam
3279 2732 3427 2783 quie-

1853 2808 2085 2865 stionem
2127 2817 2237 2859 tum
2285 2806 2385 2859 hac
2439 2806 2505 2857 de
2546 2818 2732 2864 causa,
2766 2812 2875 2855 tum
2914 2804 2982 2856 ob
3016 2802 3073 2853 S.
3129 2802 3425 2869 Cleopham

1850 2917 1973 2956 cum
2007 2902 2195 2953 eadem
2229 2914 2561 2960 connexum,
2590 2896 2899 2951 examinavi
2941 2896 2995 2948 iu
3031 2895 3426 2949 Dissertatione

1850 2996 2072 3063 pra-via,
2107 2993 2379 3060 credoque
2441 3008 2526 3043 tnc
2578 2992 2707 3043 satis
2743 2990 3044 3043 ostendisse
3097 2988 3427 3043 sententiam

1851 3085 2182 3141 Tillemontii
2217 3099 2315 3135 nec
2339 3097 2462 3135 cum
2494 3083 2666 3133 sacris
2687 3080 2907 3134 Litteris
2943 3080 3218 3133 conciliari
3243 3095 3424 3145 posse.

1851 3188 1904 3233 et
1954 3178 2205 3231 Patrihus
2238 3184 2389 3230 certo
2418 3173 2744 3227 contrariam
2776 3188 2917 3234 esse,
2981 3187 3049 3225 ne
3093 3170 3225 3225 nihil
3266 3166 3427 3241 plane

1853 3286 1915 3325 ex
1946 3272 2031 3323 illa
2078 3270 2265 3323 haberi
2300 3269 2469 3337 possit
2505 3279 2693 3321 contra
2734 3266 3150 3333 germanirarem
3188 3265 3425 3319 Mattha-i

1853 3373 1907 3414 et
1958 3360 2168 3414 Jacobi.
2200 3360 2397 3423 Quaero
2464 3360 2644 3424 itaque
2706 3361 2971 3411 rationem
3035 3360 3284 3411 idoneam
3332 3374 3428 3411 cur

1856 3455 2048 3509 fratres
2077 3468 2199 3507 esse
2226 3461 2500 3519 nequeant
2530 3450 2816 3503 Manlia-us
2847 3461 2900 3503 et
2928 3450 3165 3503 Jacobus
3190 3450 3421 3517 Alpluei,

1854 3555 1905 3601 et
1959 3545 2160 3597 nullam
2222 3546 2381 3611 plane
2436 3542 2674 3595 invenio.
2718 3542 2930 3597 Etenim
2985 3555 3109 3594 cum
3141 3539 3426 3595 Matthaul

1853 3634 2161 3687 convivium
2188 3632 2407 3686 Christo
2425 3636 2780 3695 exstruxerit,
2818 3634 2905 3685 cui
2938 3648 3060 3685 cum
3114 3633 3299 3685 multis
3324 3647 3427 3700 pu-

1856 3725 2084 3780 blicanls
2136 3726 2404 3779 interesse
2440 3726 2694 3794 dignatus
2730 3735 2813 3779 est
2846 3724 3144 3791 Dominus;
3186 3726 3318 3779 szitis
3344 3734 3428 3779 est

1858 3818 2172 3877 verisimile,
2215 3818 2477 3883 quosdam
2509 3832 2569 3868 ex
2602 3816 2846 3869 convivis
2894 3816 3060 3869 fuisse
3108 3830 3424 3879 conversos,

1855 3916 1909 3959 et
1937 3908 2002 3959 ad
2037 3905 2242 3959 Christi
2292 3906 2675 3973 discipulatom
2727 3918 3048 3974 pertractos,
3090 3917 3145 3960 et
3181 3909 3427 3961 nomina.

1858 3997 1949 4051 tim
1997 3996 2256 4050 Jacobum
2302 3997 2507 4065 Alphtei
2554 4012 2613 4048 ea
2663 3999 2951 4049 oecasione
2986 4008 3254 4051 secutum.
3287 3993 3429 4051 Mur-

1856 4091 2195 4143 tnurantibus
2246 4090 2313 4142 de
2368 4089 2458 4141 illo
2509 4087 2761 4141 convivio
2798 4086 3086 4141 Phariaeeis
3145 4091 3427 4157 respondit

1853 4180 2098 4233 Christus
2126 4196 2139 4231 :
2169 4198 2186 4229 t
2215 4178 2332 4231 Non
2352 4182 2474 4232 veni
2498 4194 2688 4233 vocare
2708 4181 3012 4247 justos.sed
3041 4192 3373 4248 peccatores.
3400 4198 3420 4231 ο

1851 4273 1960 4327 Cur
1994 4274 2157 4341 igitur
2188 4272 2452 4341 suspicari
2494 4288 2601 4324 non
2636 4288 2956 4339 possumus,
3001 4275 3055 4325 in
3112 4275 3203 4326 illo
3234 4274 3425 4327 convi-

1854 4367 1942 4419 vio
1966 4375 2060 4418 aut
2086 4366 2229 4418 illius
2251 4366 2537 4418 occasione
2585 4374 2836 4416 vocatum
2883 4378 3002 4417 esse
3032 4362 3293 4417 Jacobum
3333 4366 3426 4417 Al-

1854 4459 2015 4527 pltzei,
2048 4459 2137 4525 qui
2189 4458 2240 4509 in
2293 4456 2537 4525 catalogo
2586 4460 2957 4523 apostolorum
2996 4456 3184 4510 Matth.
3234 4474 3261 4510 ι
3312 4469 3425 4512 sta-

171 4551 409 4605 Jacobus
460 4549 691 4618 Alphaei,
751 4565 851 4603 nec
908 4566 1143 4616 unquam
1201 4550 1253 4602 in
1298 4549 1466 4601 sacris
1527 4548 1746 4602 Litteris
1780 4559 1826 4618 Ι)
1856 4555 1948 4606 tim
1984 4562 2101 4619 post
2136 4550 2444 4603 Mattheum
2470 4550 2740 4616 sequitur,
2769 4551 3228 4617 quemadmodum
3258 4550 3423 4604 etiam

173 4644 279 4697 alio
324 4642 548 4697 nomine
596 4643 931 4708 designatur.
979 4638 1151 4693 Velim
1216 4641 1378 4693 modo
1426 4640 1567 4694 scire
1609 4643 1750 4695 unde

174 4734 385 4803 Alphazi
423 4748 621 4785 nomen
649 4741 755 4783 tam
788 4740 1100 4784 constanter
1135 4731 1326 4784 habeat
1357 4730 1615 4793 Jacobus,
1645 4732 1748 4783 nisi

172 4842 199 4879 a
236 4836 411 4895 patre.
456 4823 617 4877 Certe
668 4822 811 4875 nulla
864 4822 1000 4876 ratio
1045 4822 1260 4877 dabitur
1309 4824 1499 4877 idonea
1549 4834 1748 4891 pra-ter

178 4916 336 4970 hanc.
370 4916 492 4971 Jam
534 4931 659 4969 vero
686 4916 930 4973 adverto,
980 4916 1186 4983 Alphcei
1231 4931 1430 4968 nomen
1466 4916 1651 4969 nullibi
1694 4916 1746 4969 itt

175 5008 346 5060 sacris
383 5006 605 5059 Litteris
640 5007 889 5074 reperiri,
928 5007 1026 5058 nisi
1067 5008 1156 5059 tibi
1192 5007 1367 5075 agitur
1402 5008 1467 5059 de
1499 5007 1749 5059 Matthch

176 5110 266 5153 aut
303 5097 527 5158 Jacolio,
589 5107 646 5148 ut
688 5099 909 5151 minime
964 5096 1147 5150 dicere
1198 5100 1491 5165 possimus,
1551 5115 1749 5151 nomen

177 5193 346 5245 fuisse
395 5189 582 5243 multis
617 5204 911 5243 commune
958 5208 969 5243 :
1020 5200 1073 5242 et
1120 5191 1217 5242 hac
1260 5192 1326 5243 de
1374 5206 1536 5242 causa
1597 5202 1750 5245 tanto

177 5284 526 5342 uerisimilius
554 5294 655 5344 est,
682 5284 931 5334 eumdem
964 5287 1128 5337 fuisse
1154 5285 1454 5352 Alpha'um,
1485 5286 1574 5351 qui
1604 5299 1752 5355 pater

176 5386 289 5429 erat
328 5374 562 5428 Mattha‘i
592 5385 645 5427 et
670 5373 880 5437 Jacobi,
931 5387 1089 5443 prout
1125 5378 1295 5430 Cruci
1333 5393 1523 5429 omnes
1561 5380 1751 5431 existi-

178 5480 323 5522 mant
366 5482 483 5535 post
530 5468 976 5535 Chrysostomum
1032 5480 1085 5521 et
1120 5470 1543 5523 'l‘heodoretum.
1598 5470 1751 5522 Ratio

176 5564 261 5617 illa
302 5576 367 5612 ex
425 5563 712 5627 utriusque
765 5562 1085 5626 copnomine
1142 5562 1305 5629 petita
1359 5579 1465 5615 non
1521 5563 1751 5616 debebat

176 5668 319 5710 certe
362 5664 471 5705 tam
511 5652 799 5706 imbecillis
827 5651 995 5709 videri
1029 5655 1392 5715 'l'illemontio,
1442 5657 1529 5725 qui
1560 5658 1749 5708 eadem

178 5751 251 5801 uti
306 5746 473 5800 voluit
526 5756 653 5797 nota
698 5747 732 5797 2
774 5748 824 5797 in
859 5756 1106 5799 sant-tum
1166 5748 1358 5803 Judam
1401 5747 1611 5811 Jacobi,
1656 5761 1751 5803 aut

178 5840 531 5903 “rt-ladanum,
564 5836 653 5894 ubi
685 5838 896 5895 disserit
930 5849 1115 5895 contra
1137 5838 1600 5911 Chrysostomum,
1636 5843 1745 5896 dis-

1860 4648 1916 4698 lit
1946 4650 2063 4697 Aet.
2096 4660 2107 4696 ι
2137 4644 2159 4695 ?
2200 4644 2253 4695 In
2276 4643 2488 4695 duobus
2520 4642 2639 4693 aliis
2671 4642 2928 4709 catalogis
2960 4643 3198 4694 'l’ltomas
3233 4644 3300 4695 iis
3338 4644 3423 4695 itt-

1855 4738 2157 4805 tcrponitur
2188 4737 2353 4789 solus.
2388 4735 2571 4800 Itaque
2599 4734 2799 4797 ubique
2837 4734 2887 4784 in
2918 4733 3177 4795 eataloeis
3203 4746 3427 4803 aposto-

1854 4830 2024 4881 lorum
2084 4825 2319 4881 Jacobns
2375 4824 2582 4892 Alphei
2628 4827 2873 4891 sequitur
2932 4841 3039 4877 tmn
3091 4826 3250 4893 longe
3307 4835 3427 4895 post

1857 4920 2191 4979 Malthzeunt,
2251 4926 2311 4970 ut
2363 4915 2815 4969 verisimillimum
2860 4914 2950 4968 fiat
3006 4914 3265 4967 Jacohum
3319 4931 3426 4968 non

1855 5014 1943 5065 diu
1974 5022 2096 5078 post
2126 5011 2432 5063 Matthmum
2460 5023 2486 5059 a
2517 5006 2735 5059 Christo
2783 5010 2847 5059 ad
2882 5008 3219 5075 sequendum
3256 5008 3426 5061 fuisse

1856 5116 2127 5159 γυρίίῑιιιιι.

1925 5198 2016 5250 23.
2054 5200 2203 5250 [licet
2240 5198 2469 5253 fortasse
2506 5215 2801 5261 nonnemo,
2843 5199 3147 5251 Mallltzt'ttm
3182 5206 3237 5249 et
3270 5193 3415 5247 Jaco-

1858 5291 1984 5345 hum
2024 5291 2231 5356 Alphtei
2271 5292 2465 5345 nullibi
2532 5293 2583 5343 in
2651 5291 2941 5358 Evangelia
2982 5290 3173 5340 fratres
3221 5282 3425 5347 Vorari,

1858 5392 2015 5449 prout
2049 5380 2243 5435 fratres
2290 5384 2518 5436 subinde
2551 5394 2809 5436 vocantur
2840 5384 3030 5435 Petrus
3067 5391 3119 5432 et
3157 5382 3423 5435 Andreas.

1853 5474 2091 5527 Joannes
2126 5474 2455 5527 etJacobus.
2514 5474 2709 5525 Verum
2746 5474 2794 5526 id
2827 5472 3016 5539 nequit
3067 5471 3225 5536 nlijit-i
3256 5484 3283 5520 a
3318 5468 3428 5518 Til-o

1855 5564 2111 5619 lemontio
2162 5575 2215 5617 et
2260 5567 2522 5625 (Zalmcto,
2579 5580 2676 5617 nec
2740 5564 2809 5615 ab
2856 5565 2974 5614 ullis
3030 5561 3119 5627 qui
3161 5558 3421 5612 Jacobum

1855 5655 2063 5724 Alphaei
2124 5657 2313 5711 dicunt
2356 5657 2578 5709 fratrem
2642 5655 2792 5707 chlth
2841 5653 3119 5705 Thaddari.
3158 5650 3212 5703 Si
3273 5648 3419 5703 enim

1854 5748 2099 5811 credant,
2130 5750 2226 5801 hos
2274 5747 2468 5800 fratres
2499 5763 2618 5801 esse
2660 5748 2922 5815 potuisse.
2966 5742 3178 5797 etiamsi
3225 5742 3276 5792 in
3326 5755 3417 5794 ca-

1853 5838 2041 5908 talogis
2091 5840 2458 5908 apostolorum
2520 5854 2794 5908 nunquam
2850 5837 3043 5891 fratres
3112 5841 3412 5889 vocentur:
