3956 6442
537 385 639 454 767

547 691 712 734 tatem
771 682 1024 735 omittere
1082 678 1357 749 potuerint
1409 673 1776 742 evangelista.
1817 668 1947 722 Nam
1983 669 2117 722 Mat-

547 776 726 828 thaeus
765 787 828 828 ex
871 773 1092 841 proprio
1121 768 1412 838 Evangelia
1453 777 1617 819 norus
1649 773 1785 826 erat,
1844 771 1901 814 ut
1940 760 2119 830 publi-

544 881 734 920 canus.
805 864 982 931 Quare
1054 865 1098 916 si
1159 861 1504 931 evangelista
1572 857 1831 911 Jacobum
1908 851 2116 922 Alphai

541 956 810 1012 dixissent
883 955 1119 1010 Matthsei
1195 954 1440 1014 fratrem,
1515 951 1890 1005 insinuasscnt
1953 944 2118 998 simul

546 1049 901 1115 publicanum
963 1048 1156 1108 fuisse,
1211 1054 1303 1098 aut
1351 1055 1498 1099 certe
1541 1041 1808 1111 publicani
1874 1039 2119 1092 fratrem.

544 1140 728 1206 Atqui.
761 1141 1196 1193 utobservarunt
1217 1139 1640 1206 Chrysostomus
1660 1144 1708 1186 et
1738 1131 2118 1200 Hieronymus,

547 1229 758 1284 Marcus
815 1241 868 1284 et
916 1228 1114 1290 Lucas,
1167 1229 1384 1297 quando
1425 1235 1649 1279 narrant
1700 1224 1928 1276 Matthxi
1959 1237 2120 1276 voca-

543 1327 772 1384 tionem,
805 1324 982 1388 ipsum
1013 1321 1137 1374 Levi
1165 1332 1382 1388 vocant,
1420 1335 1488 1371 ne
1522 1319 1781 1374 indicent.
1809 1314 2118 1368 Matthmnm

546 1414 716 1470 fuisse
778 1415 1153 1482 publicanum.
1240 1413 1348 1464 Cur
1417 1411 1579 1480 igitur
1651 1426 1757 1463 non
1827 1419 2122 1475 potuerunt

546 1523 740 1560 clunes
767 1508 832 1560 de
880 1509 1084 1560 honore
1111 1505 1278 1557 sancti
1301 1502 1487 1556 Jacobi
1523 1502 1728 1571 Alpth
1773 1516 1926 1568 :eque
1953 1500 2120 1552 fuisse

546 1599 787 1656 solliciti.
843 1599 1076 1666 ideoque
1121 1597 1279 1649 silere
1329 1596 1550 1648 fratrem
1593 1595 1760 1647 fuisse
1814 1592 2124 1654 publicani?

547 1687 826 1743 Sententia
857 1691 1020 1759 igitur
1061 1687 1464 1758 Chrysostouii,
1494 1684 1822 1737 Theodoreti
1862 1692 1915 1736 et
1953 1682 2120 1736 totius

543 1781 859 1834 Cra-corum
913 1780 1189 1842 Ecclesim,
1263 1779 1395 1830 mihi
1469 1776 1759 1828 admodum
1813 1774 2122 1827 verisimilis

1774 377 2058 441 ΜΕΝὸιὸ
2097 375 2565 436 SBPTEMBER.

544 500 822 556 Immerito
850 502 990 556 idem
1025 502 1298 569 negabunt
1329 499 1396 553 de
1426 497 1680 551 Matthzeo
1707 503 1763 547 et
1789 492 1992 548 Jacobo
2027 490 2120 542 Al-
2151 492 2190 544 Α
2224 489 2324 541 bus
2397 487 2786 556 apostolorum.

549 592 712 662 phmi.
747 590 862 646 lmo
895 608 1003 645 non
1041 591 1213 644 deerit
1265 587 1430 649 ratio,
1478 601 1580 653 qua
1614 585 1805 636 borum
1843 579 2118 650 gerr.:ani-
2161 591 2164 595 ·

3691 371 3793 432 768

2875 483 3028 541 Varia
3107 493 3287 541 tamen
3343 483 3660 537 referuntur
3729 483 3794 534 de

2222 576 2483 645 aposwlis
2535 576 2790 628 omnibus
2817 576 3141 644 generatim,
3174 575 3428 626 videlicet
3450 571 3598 640 quod
3629 569 3794 621 Chri—

2219 679 2335 723 stus
2359 668 2505 735 ipsos
2533 667 2817 720 donaverit
2845 676 3109 734 potestate
3162 665 3470 733 expellendi
3511 663 3792 716 dzemones

2222 761 2571 826 iulirmosque
2593 759 2845 822 sanandi,
2871 773 2932 810 ac
2966 758 3236 825 prim-laris
3263 760 3565 810 instruetos
3619 755 3796 808 moui-

2225 851 2316 909 tis,
2344 851 2407 901 ad
2447 849 2849 918 przcdicandum
2911 864 3005 916 per
3062 847 3302 901 Juda-am
3351 847 3608 907 miserit;
3652 845 3793 911 quod

2223 941 2276 993 in
2309 940 2492 992 ultima
2524 956 2676 994 ccena
2717 956 2837 992 eum
2878 939 3095 992 Christo
3130 939 3352 998 fuerint,
3412 937 3795 1002 exiveriutque

2223 1033 2287 1084 ad
2321 1033 2498 1084 villam
2531 1032 2905 1090 Gethsctnani,
2957 1041 3011 1084 et
3050 1031 3267 1092 deinde,
3313 1044 3377 1081 eo
3429 1039 3611 1095 capto,
3649 1029 3796 1093 lugeo

2227 1125 2354 1185 rint,
2391 1124 2530 1192 quod
2580 1123 2856 1176 Christum
2907 1124 3074 1175 variis
3133 1123 3341 1174 vicibus
3382 1121 3622 1173 viderint
3673 1129 3797 1186 post

2223 1217 2708 1276 resurrectionem,
2735 1226 2787 1267 et
2814 1217 3032 1267 demum
3084 1215 3134 1266 in
3169 1214 3364 1268 cadum
3395 1212 3794 1264 ascendentem

2224 1307 2634 1374 cormpexerint.
2664 1306 2806 1373 quod
2841 1305 3172 1357 unanimiter
3213 1306 3262 1356 in
3305 1305 3557 1357 oratione
3607 1320 3794 1371 perse-

2223 1398 2677 1450 veraveriutcum
2701 1397 2864 1449 Maria
2901 1396 3067 1449 Matre
3105 1395 3273 1448 Deiet
3299 1397 3418 1446 aliis
3440 1395 3795 1461 quibusdam,

2226 1490 2312 1542 ubi
2367 1499 2422 1541 et
2464 1487 2693 1541 Mathias
2741 1486 2894 1540 Judze
2951 1487 3302 1545 substitutus.
3369 1488 3548 1538 donec
3601 1487 3800 1538 ibidem

2224 1579 2482 1648 Spiritum
2515 1591 2760 1633 sanctum
2794 1578 3130 1643 acceperint.
3167 1576 3291 1629 Haec
3356 1586 3511 1629 certo
3545 1577 3612 1628 de
3667 1591 3802 1642 apo-

2226 1671 2380 1724 stolis
2415 1670 2715 1736 generatim
2768 1677 3080 1730 narrantur,
3119 1675 3170 1717 et
3206 1666 3272 1719 de
3304 1675 3493 1719 sancto
3552 1666 3802 1718 Matthan

2227 1778 2351 1815 vera
2385 1773 2528 1814 sunt.
2558 1761 2646 1813 Sic
2679 1761 2890 1814 videtur
2913 1762 2977 1812 de
3017 1759 3270 1811 omnibus
3317 1759 3578 1826 apostolis
3621 1760 3743 1812 Act.
3774 1773 3801 1807 v

543 1881 771 1939 apparet
813 1829 1206 1939 “probabilis:
1241 1884 1362 1922 cum
1400 1868 1525 1934 quia
1565 1867 1738 1918 δοιῇάο
1795 1866 1988 1918 nilum-
2037 1880 2122 1916 επ-
2159 1829 2193 1882 B
2227 1854 2455 1912 narrari,
2485 1852 2688 1905 carceri
2725 1851 2955 1905 infectos
3003 1850 3167 1904 fuisse
3200 1866 3228 1902 a
3272 1849 3520 1917 principe
3547 1850 3806 1902 sacerdo-

543 1971 805 2028 gumento
835 1976 898 2014 ex
950 1961 1231 2025 utriusque
1282 1958 1514 2027 apostoli
1550 1959 1874 2025 cognomine
1907 1956 2116 2024 Alphzei

543 2051 799 2112 deducto,
838 2061 950 2104 tum
989 2052 1114 2120 quia
1159 2049 1334 2103 nullas
1369 2049 1569 2116 patitur
1599 2046 1960 2099 difficultates.
2003 2047 2122 2098 Cal-

546 2152 724 2194 metus
757 2142 976 2209 quidem
1021 2144 1073 2192 in
1115 2139 1449 2192 Dictlouario
1493 2135 1698 2190 Biblico
1748 2138 1884 2188 duos
1937 2137 2124 2189 statuit

545 2231 823 2300 Alpheos,
859 2232 1088 2284 alterum
1138 2230 1306 2283 sancti
1349 2228 1582 2281 Mattbzei
1613 2238 1844 2296 patrem,
1890 2229 2118 2280 altermn

545 2337 752 2393 patrem
796 2323 851 2377 S.
885 2324 1067 2376 Jacobi
1104 2323 1333 2390 Alphaci,
1357 2335 1592 2389 eumque
1619 2321 1733 2374 vult
1764 2322 1869 2373 alio
1899 2321 2120 2373 nomine

544 2417 839 2481 Cleotiham
877 2417 1101 2470 dictum.
1136 2417 1202 2468 At
1231 2415 1554 2482 respondeo,
1612 2415 1815 2465 nullam
1873 2427 1992 2464 esse
2024 2427 2110 2464 ne-

544 2509 858 2561 cessitatem
911 2505 1185 2558 statuendi
1218 2504 1356 2558 duos
1408 2503 1684 2572 Alpbaaos,
1745 2511 1838 2556 aut
1881 2501 2119 2563 dicendi,

543 2598 840 2666 Cleophaiu
881 2597 985 2650 alio
1017 2598 1237 2650 nomine
1275 2595 1557 2664 Alphmum
1592 2595 1820 2651 dietum.
1861 2596 1960 2648 nisi
1991 2595 2117 2657 illis,

545 2689 852 2756 quicontra
895 2697 1115 2739 Sanctus
1169 2685 1357 2739 Patres
1408 2686 1670 2739 Jacobum
1732 2685 1938 2753 Alpina).
1995 2701 2118 2738 cum

545 2777 754 2833 Iacobo
797 2778 962 2832 fratre
1014 2777 1222 2830 Domini
1249 2778 1614 2843 confundunt,
1652 2778 1985 2845 minimeque
2012 2775 2113 2829 du-

548 2871 726 2925 bitare
769 2885 873 2927 me.
907 2871 1036 2936 quin
1071 2871 1252 2921 statim
1308 2877 1690 2937 agnoscerent.
1723 2867 1917 2920 fratres
1951 2868 2120 2920 videri

550 2959 863 3014 Matth-reum
895 2972 946 3015 et
976 2961 1234 3015 Jacobuui
1264 2960 1497 3031 Alphaei,
1549 2960 1654 3013 nisi
1699 2959 1845 3014 hunc
1898 2960 2118 3014 fratrem

546 3050 760 3103 Domini
795 3066 916 3105 esse
957 3052 1178 3105 vellent.

2229 1954 2362 2004 tum,
2390 1960 2485 2011 per
2515 1944 2764 2012 angelum
2796 1958 2921 1995 vero
2961 1943 3224 2004 eductos;
3271 1942 3582 2008 iterumque
3615 1950 3806 2008 captos

2225 2045 2278 2088 et
2313 2051 2505 2096 ciesos,
2538 2046 2701 2100 atque
2749 2033 2821 2085 ita
2877 2033 3147 2085 dimissos.
3193 2031 3320 2086 Post
3352 2047 3469 2098 qum
3521 2029 3805 2100 subiungi-

2227 2136 2335 2184 tur,
2364 2140 2413 2176 v.
2446 2124 2501 2174 41
2542 2138 2552 2172 :
2591 2120 2686 2174 «Et
2711 2121 2784 2173 illi
2818 2120 3035 2189 quidem
3069 2121 3342 2189 (apostoli)
3373 2121 3523 2172 ibant
3549 2122 3799 2182 gauden-

2229 2225 2307 2267 tes
2350 2231 2376 2268 a
2407 2223 2706 2282 conspectu
2733 2213 2969 2275 concilii,
3003 2213 3259 2281 quoniam
3287 2211 3432 2280 digni
3467 2212 3634 2263 habiti
3675 2219 3806 2264 sunt

2227 2321 2323 2372 pro
2361 2304 2581 2356 nomine
2615 2300 2743 2356 Jesu
2777 2302 3165 2356 contumeliam
3205 2303 3334 2370 pati.
3399 2299 3558 2354 Omni
3616 2313 3802 2354 autem

2226 2397 2313 2448 die
2337 2411 2443 2448 non
2481 2395 2770 2448 cessabant
2803 2395 2854 2446 in
2891 2395 3093 2462 templo
3121 2404 3174 2448 et
3211 2396 3355 2447 circa
3377 2395 3570 2448 domos
3600 2394 3806 2447 docen-

2228 2499 2308 2542 tes
2337 2497 2387 2540 et
2417 2489 2853 2556 evangelizantes
2881 2486 3157 2540 Christum
3198 2484 3406 2539 Jcsutn.
3439 2505 3457 2538 ι
3515 2486 3672 2539 Mitto
3699 2486 3800 2541 alia

2225 2598 2333 2636 non
2379 2595 2530 2649 mque
2571 2590 2721 2634 certo
2749 2581 2817 2634 de
2856 2580 3114 2632 omnibus
3140 2579 3306 2632 dicta.

2225 2696 2249 2762 ς
2294 2693 2381 2745 ιιι.
2441 2691 2783 2762 Erangelium
2847 2693 3099 2770 scriptum
3149 2707 3166 2742 :
3200 2692 3495 2758 spectantia
3553 2691 3623 2745 ad
3671 2687 3807 2744 illud

2792 2769 3184 2814 examinantur.

2295 2877 2383 2930 50.
2413 2875 2486 2930 De
2514 2874 2804 2947 Evangelio
2836 2891 2930 2944 per
2946 2887 3191 2929 sanctum
3219 2873 3528 2930 Malthceum
3555 2878 3807 2932 conscri—

2223 2980 2335 3038 pto,
2376 2969 2688 3037 priusquam
2721 2969 2904 3022 Judava
2940 2966 3246 3024 excederet,
3273 2967 3392 3020 aliis
3422 2982 3637 3036 quoque
3675 2982 3807 3035 gen-

2224 3064 2366 3115 tibus
2404 3063 2808 3130 praadicaturus,
2862 3059 3148 3122 Eusebius,
3203 3060 3296 3113 lib.
3340 3076 3420 3121 ιιι.
3461 3076 3584 3129 cap.
3614 3061 3684 3112 ἳι
3732 3061 3805 3112 ita

615 3146 704 3197 ἓξ).
740 3147 957 3198 Annum
991 3156 1046 3197 et
1071 3159 1332 3204 mensem.
1374 3161 1482 3214 quo
1537 3146 1767 3214 contigit
1805 3149 2018 3202 vocatio
2056 3148 2112 3202 S.
2144 3167 2195 3226 ρ
2222 3149 2495 3217 loquitur:
2540 3168 2556 3200 ι
2603 3148 2885 3204 Mattbaeus
2934 3163 3056 3201 cum
3096 3149 3331 3202 Hebreis
3371 3151 3606 3217 primum
3642 3149 3804 3203 ﬁdem

549 3235 807 3297 Matthcei,
841 3254 947 3292 nou
1003 3238 1240 3305 inquiro,
1299 3253 1364 3289 ne
1409 3252 1568 3305 cogar
1610 3238 1935 3307 quaestiones
1991 3240 2122 3294 alias

547 3338 904 3396 pertractare.
949 3327 1022 3381 De
1054 3328 1249 3383 ordine
1279 3328 1478 3390 Solum,
1504 3344 1612 3396 quo
1659 3329 1800 3380 inter
1833 3329 2120 3384 duodecim

549 3433 772 3471 vocatus
808 3428 912 3481 est,
937 3433 1106 3486 pauca
1141 3418 1500 3472 libetdicere.
1534 3416 1648 3470 Non
1686 3418 1790 3471 fuit
1830 3421 1970 3472 inter
2009 3421 2124 3488 pri-

550 3527 668 3566 mos
721 3521 947 3564 vocatus
990 3523 1213 3566 sanctus
1262 3512 1547 3564 Matthzcus
1579 3527 1589 3561 :
1625 3527 1748 3564 nam
1807 3523 1956 3566 certo
1987 3528 2126 3582 pra:-

553 3612 838 3657 cesserant
897 3602 1164 3668 Andreas,
1236 3603 1448 3666 Petrus,
1527 3601 1789 3667 Jacobus,
1867 3603 2123 3670 Joannes,

555 3690 837 3762 Philippus
868 3703 921 3746 et
946 3693 1250 3748 Nathanael
1289 3694 1403 3746 sive
1437 3694 1888 3754 Bartholonneus,
1919 3697 2010 3762 qui
2069 3698 2123 3749 in

551 3786 805 3838 omnibus
844 3801 1059 3852 quoque
1087 3785 1457 3850 apostolorum
1487 3783 1744 3853 catalogis
1769 3798 2125 3840 numerantur

551 3885 680 3929 ante
716 3875 1158 3931 Matthzeum.De
1185 3876 1389 3931 Thoma
1451 3878 1683 3932 dubitari
1750 3889 1948 3946 poteSI,
2009 3879 2128 3933 fue-

557 3968 699 4021 ritne
729 3979 877 4032 ante,
917 3985 983 4021 an
1036 3979 1156 4037 post
1213 3970 1544 4031 Matrhaeum,
1596 3971 1880 4040 discipulis
1930 3973 2126 4026 Christi

554 4073 966 4114 annumeratus.
1012 4063 1296 4114 Matth-deus
1343 4063 1456 4129 ipse
1479 4063 1743 4114 'l‘homam
1776 4063 1876 4115 sibi
1913 4079 2126 4131 [πωρο-

557 4153 657 4213 nit,
705 4163 753 4204 et
799 4155 916 4206 Act.
973 4169 1008 4213 ι.
1056 4154 1292 4206 Thomas
1334 4169 1437 4207 non
1471 4154 1645 4206 solum
1709 4152 1981 4215 Matthaco,
2034 4153 2128 4206 sed

553 4244 720 4297 etiam
747 4244 1136 4298 Barrholomam
1163 4247 1516 4314 praeponitur.
1547 4247 1698 4314 Apud
1729 4248 1810 4298 Ma
1824 4261 2128 4300 rcumvvero

553 4345 606 4389 et
644 4333 841 4388 Lucam
876 4337 927 4389 iu
959 4335 1260 4406 Evangeliis
1319 4336 1558 4390 Thomas
1608 4337 1914 4390 Matthzeum
1950 4345 2132 4407 sequi-

557 4437 663 4482 tur.
697 4427 900 4494 ltaque,
933 4444 1056 4482 cum
1088 4432 1299 4482 vocatio
1349 4429 1574 4482 Thomre
1630 4445 1739 4482 non
1772 4429 1841 4482 sit
1873 4435 2122 4498 exposita

558 4519 610 4572 lu
651 4519 982 4586 Evangeliis,
1017 4528 1072 4572 et
1113 4519 1272 4573 modo
1317 4533 1663 4588 praeponatur
1707 4521 1868 4574 modo
1903 4531 2125 4589 postpo-
2161 4509 2201 4562 ο
2232 4536 2484 4575 sermone
2518 4519 2698 4572 divina
2739 4519 3065 4586 conscripsit
3090 4519 3308 4572 oracula

556 4618 718 4661 natur
765 4607 1037 4671 Matthaeo,
1094 4610 1251 4677 plane
1331 4611 1554 4663 dubium
1616 4621 1699 4664 est
1742 4621 1794 4664 et
1835 4612 2123 4676 incertum,

557 4711 679 4753 uter
711 4715 772 4753 ex
807 4701 910 4752 illis
941 4711 1161 4753 vocatus
1193 4703 1260 4754 sit
1297 4703 1460 4770 prior.
1490 4703 1699 4772 Reliqui
1721 4720 1847 4761 vero
1870 4716 2123 4773 quatuor,

559 4793 815 4845 nimirum
843 4791 1077 4845 Jacobus
1100 4793 1542 4860 Alpliezei,.ludas
1575 4797 1902 4860 'l‘haddaeus,
1938 4799 2126 4852 Simon

555 4885 920 4944 Chanana'us.
948 4894 999 4937 et
1024 4884 1192 4942 Judas
1229 4887 1516 4940 lscariotes
1549 4889 1812 4957 proditor,
1847 4905 1968 4942 cum
1997 4906 2129 4942 con-

558 4982 765 5027 stanter
818 4973 872 5026 in
927 4977 1180 5029 omnibus
1227 4979 1484 5048 catalogis
1545 4992 1664 5047 post
1703 4979 2008 5032 Matthaeum
2046 4997 2130 5033 re-

560 5074 913 5125 censeantur,
965 5067 1126 5118 etiam
1182 5068 1549 5119 v'rrisirniliter
1613 5079 1734 5135 post
1783 5070 1957 5136 ipsqu
2003 5081 2130 5124 sunt

561 5156 767 5215 vocati,
820 5157 890 5206 ita
934 5167 990 5209 ut
1042 5158 1329 5212 Mattlta'us
1402 5159 1645 5212 videatur
1711 5165 1974 5229 septimus
2038 5171 2128 5215 aut

560 5260 789 5300 octavus
827 5246 993 5300 fuisse
1021 5251 1162 5302 inter
1213 5253 1498 5304 duodecim
1529 5257 1812 5320 apostolos
1855 5273 1866 5306 :
1904 5256 1954 5306 iu
1990 5255 2128 5307 duo-

567 5339 666 5391 bus
697 5341 842 5392 enim
865 5340 1129 5408 catalogis
1165 5345 1430 5410 septimus
1466 5348 1706 5412 ponitur,
1744 5348 1792 5397 iu
1843 5347 1960 5397 aliis
1993 5350 2127 5399 duo-

564 5426 666 5482 bus
695 5438 939 5482 Octavus.
992 5431 1158 5482 Porro
1212 5434 1403 5486 electio
1442 5435 1724 5488 duodecim
1761 5439 2128 5503 apostolorum

566 5534 596 5570 a
633 5521 804 5571 tribus
833 5523 1182 5587 evangelistis
1221 5526 1456 5578 relerlur
1486 5544 1590 5580 non
1624 5528 1714 5580 diu
1748 5538 1868 5596 post
1897 5530 2133 5582 vocatio-

567 5627 690 5664 nem
749 5612 1003 5677 Matthxi,
1039 5618 1402 5680 praatermissa
1439 5623 1720 5673 vocatione
1751 5632 1981 5684 quatuor
2039 5638 2131 5689 p0-

567 5705 977 5766 sterioruni,uti
1013 5705 1327 5762 ειΤΙιιιιτιξρ.
1388 5709 1588 5763 Deinde
1635 5713 1769 5765 nihil
1808 5713 2131 5780 particulare

563 5799 636 5848 de
662 5793 719 5849 S.
763 5796 1015 5852 Matthato
1056 5812 1305 5855 narratur
1340 5805 1390 5857 in
1431 5803 1736 5868 Evangeliis
1763 5807 1935 5862 autin
1981 5807 2132 5860 Acti-

2225 3243 2588 3310 przcdicasset,
2621 3241 2744 3295 inde
2763 3242 2825 3295 ad
2848 3241 2978 3294 alias
2992 3255 3205 3310 quoque
3225 3250 3411 3310 gentes
3431 3241 3802 3309 profecturus,

2227 3332 2583 3403 Evangeliqu
2625 3348 2782 3384 suum
2828 3333 3002 3400 patrio
3037 3345 3287 3384 sermone
3306 3330 3684 3390 couscribens,
3722 3333 3802 3394 id,

2227 3424 2370 3489 quod
2413 3421 2719 3491 praesentiae
2772 3437 2883 3476 sua:
2929 3422 3106 3476 adhuc
3157 3436 3442 3490 superesse
3494 3421 3804 3486 videbatur,

2227 3514 2432 3581 scripto
2473 3513 2600 3573 illis,
2661 3527 2799 3580 quos
2843 3513 3208 3578 relinquebat,
3267 3509 3559 3578 supplevit.
3590 3531 3608 3563 ι
3663 3513 3806 3566 Insi-

2227 3614 2360 3662 nuat
2393 3604 2640 3674 allegatis
2667 3605 2844 3658 verbis
2869 3602 3156 3663 Eusebius,
3184 3602 3491 3656 Matthceum
3516 3606 3807 3673 scripsisse

2227 3714 2480 3752 sermone
2521 3697 2808 3758 Hebraico,
2843 3695 3018 3766 qualis
3062 3704 3189 3750 tunc
3220 3707 3341 3750 erat
3393 3696 3627 3750 usitatus
3657 3697 3805 3765 apud

2226 3793 2463 3849 .lud.cos.
2500 3807 2606 3842 non
2649 3791 2868 3857 quidem
2902 3804 3039 3855 puro
3078 3799 3129 3842 et
3182 3799 3419 3852 vetusto,
3457 3790 3551 3843 sed
3604 3790 3809 3842 nonni-

2230 3883 2304 3936 hil
2338 3893 2594 3950 corrupto
2629 3896 2690 3933 ex
2737 3880 3034 3934 Clialdaico
3087 3891 3140 3932 et
3183 3879 3428 3949 Syriaco,
3471 3889 3528 3932 ut
3555 3879 3645 3932 alii
3691 3882 3806 3947 jam

2227 3975 2612 4027 observarunt.
2652 3973 2834 4026 Inuuit
2872 3982 3154 4040 prieterea,
3197 3973 3430 4041 primum
3462 3975 3708 4025 omnium
3740 3987 3806 4025 ex

2229 4063 2575 4131 evangelistis
2603 4065 2885 4131 scripsisse
2937 4063 3246 4116 Matthwum
3275 4080 3289 4126 ;
3318 4077 3440 4114 mox
3462 4063 3606 4113 enim
3635 4065 3806 4124 addit,

2232 4164 2418 4223 postea
2460 4155 2742 4222 scripsisse
2796 4154 3033 4207 Marcum
3081 4165 3134 4207 et
3183 4153 3406 4215 Lucam,
3469 4168 3533 4209 ac
3583 4153 3807 4209 demqu

2228 4249 2514 4301 Joannem.
2557 4246 2760 4301 Deinde
2812 4263 2934 4315 cap.
2966 4247 3033 4300 '58
3078 4246 3192 4300 haec
3227 4247 3423 4316 allegat
3459 4246 3667 4314 Papiae,
3712 4249 3804 4316 qui

2231 4351 2352 4390 cmn
2388 4337 2668 4403 discipulis
2709 4338 3072 4404 apostolorum
3110 4337 3317 4388 vixerat
3366 4338 3432 4389 de.
3458 4351 3654 4390 sancto
3679 4339 3808 4392 Mat-

2231 4429 2372 4482 threo
2404 4429 2565 4481 verba
2598 4443 2611 4479 :
2647 4444 2664 4476 ε
2702 4426 2983 4480 Μδιιιιωιις
3007 4427 3249 4494 quidem,
3290 4427 3486 4495 inquit,
3532 4425 3804 4485 Hebraico

3353 4537 3364 4572 :
3408 4520 3806 4589 interpretatus

2229 4621 2308 4665 est
2338 4622 2519 4664 autem
2580 4612 2950 4679 unusquisque
2993 4610 3103 4668 illa.
3156 4617 3318 4676 prout
3377 4610 3574 4675 potuit.
3631 4608 3806 4663 Verba

2230 4703 2402 4756 sancti
2447 4703 2628 4755 Irenmi
2673 4703 2922 4755 laudatus
2950 4701 3237 4762 Eusebius,
3270 4701 3359 4753 lib.
3401 4717 3453 4761 v,
3495 4715 3619 4768 cap.
3649 4704 3681 4752 8
3741 4703 3808 4756 de

2230 4792 2482 4847 Matthteo
2531 4793 2750 4847 adducit
2803 4795 2908 4844 hoc
2957 4793 3118 4844 modo
3178 4807 3190 4841 :
3246 4790 3551 4847 Matthaeus.
3609 4793 3805 4861 inquit,

2231 4886 2372 4952 apud
2409 4886 2661 4938 Hebra-os
2695 4884 2910 4953 propria
2955 4898 3143 4936 eorum
3194 4883 3374 4952 lingua
3427 4885 3805 4952 conscriptum

2235 4979 2580 5046 Evangelium
2624 4977 2812 5036 edidit,
2864 4977 2991 5028 dum
3044 4976 3237 5029 Petrus
3272 4992 3333 5027 ac
3378 4974 3581 5030 Paulus
3624 4976 3810 5031 Romae

2230 5071 2506 5124 Christum
2562 5071 2950 5137 pra'dicarent,
3015 5078 3066 5118 et
3140 5067 3394 5121 Ecclesia:
3450 5068 3807 5122 fundamenta

2228 5162 2492 5229 jacercnt.
2547 5178 2563 5210 ι
2609 5160 2735 5210 ltata
2794 5160 2954 5209 verba
3008 5159 3258 5226 leguntur
3325 5161 3466 5226 apud
3519 5160 3807 5226 Irenaeum,

2236 5257 2323 5307 lib.
2354 5271 2404 5306 ιιι
2433 5255 2623 5306 Contra
2652 5240 2890 5306 limi-eses.
2912 5267 3030 5318 cap.
3070 5269 3104 5311 I,
3135 5253 3222 5303 tibi
3256 5251 3502 5302 similiter
3536 5251 3804 5316 innuitur,

2235 5349 2466 5414 primum
2504 5346 2642 5396 inter
2676 5344 3040 5410 evangelistas
3076 5342 3244 5394 fuisse
3296 5342 3645 5404 Malthaeum;
3684 5345 3808 5397 licet

2235 5444 2368 5494 alias
2416 5457 2520 5491 non
2556 5449 2776 5490 careant
2819 5441 2997 5505 aliqua
3054 5436 3367 5488 (liliicultatc
3415 5453 3511 5502 pro
3562 5447 3807 5505 tempore

2237 5533 2511 5600 Evangelii
2565 5549 2592 5583 a
2634 5532 2888 5583 Matth-.co
2915 5530 3132 5595 scripti,
3163 5541 3217 5579 ut
3242 5540 3428 5594 postea
3474 5529 3802 5580 videbimus.

2233 5625 2467 5677 Adducit
2503 5625 2787 5682 Eusebius,
2825 5623 2915 5672 lib.
2949 5638 3020 5680 vr,
3049 5637 3170 5687 cap.
3203 5620 3270 5670 ‘35
3297 5620 3458 5671 etiam
3493 5622 3658 5672 verba
3683 5618 3806 5670 Ori-

2236 5717 2409 5786 genis,
2471 5717 2702 5770 dicentis
2746 5730 2809 5768 ex
2872 5715 3184 5773 traditione,
3238 5731 3253 5761 ι
3313 5713 3548 5781 primum
3600 5711 3804 5764 scilicet

2238 5808 2583 5876 Evangelittm
2622 5807 2874 5870 scriptum
2911 5821 3028 5856 esse
3083 5819 3108 5853 .1
3160 5801 3494 5858 Mattbtco....
3545 5807 3634 5869 qui
3673 5802 3804 5856 illud
