3956 6454
146 394 250 455 769

1427 395 1598 453 VlTA
1642 395 1697 456 S.
1747 395 2135 455 ΜΑΤΤΗΑΞΙ.

3304 394 3414 458 770

145 504 415 558 Hebraico
468 518 723 558 sermone
775 505 1146 573 conscriptum
1189 502 1391 558 .ludieis
1455 505 1520 558 ad
1570 505 1730 558 (idem
1767 514 1807 568 Α
1842 506 2046 560 fatetur
2074 521 2407 562 consensum
2429 507 2779 576 antiquorum
2812 505 2898 559 his
2927 504 3108 559 verbis
3139 521 3149 555 τ
3184 524 3201 554 ι
3230 505 3416 573 Magna

144 597 426 649 conversis
454 597 772 664 publicavit.
827 615 844 648 ι

211 689 302 741 3t.
351 690 410 741 S.
463 689 826 759 Hieronymus
863 690 913 743 in
944 689 1198 757 Catalogo
1251 689 1580 758 scriptorum
1640 705 1730 743 ec-

146 782 582 834 clesiasticorum
621 784 686 835 de
719 794 910 836 sancto
940 783 1192 836 Matthxo
1214 783 1284 836 ita
1307 785 1473 835 habet
1501 799 1513 834 :
1545 801 1560 832 ι
1599 782 1727 834 Mat-

149 873 350 930 tlneus.
391 872 557 939 quiet
595 871 743 932 Levi.
771 888 833 924 ex
869 874 1156 940 publicano
1183 873 1482 940 apostolus.
1521 874 1728 941 primus

145 962 194 1014 in
224 961 413 1016 Iudaea
482 975 700 1033 propter
749 980 862 1022 eos,
920 965 1013 1031 qui
1072 980 1136 1016 ex
1185 964 1612 1017 Circumcisioue
1655 964 1726 1030 (id

145 1065 248 1115 est.
298 1072 362 1109 ex
411 1056 634 1123 Judaeis)
691 1057 1056 1113 crediderant.
1128 1057 1478 1122 Evaugcltuui
1527 1053 1726 1109 Christi

146 1149 432 1201 Hebraicis
464 1151 662 1202 litteris
718 1148 1006 1216 verbisque
1062 1151 1386 1216 composuit.
1424 1148 1577 1212 Quod
1607 1150 1729 1216 quis

144 1250 329 1308 postea
360 1240 411 1291 in
455 1238 697 1293 Graecum
764 1241 1116 1298 transtulerit.
1165 1253 1272 1292 non
1339 1239 1472 1292 satis
1520 1249 1726 1291 certum

144 1340 244 1383 est.
289 1333 458 1382 Porro
489 1331 662 1396 ipsum
718 1328 1037 1381 Hebtalcuni
1076 1330 1309 1381 habetur
1363 1346 1531 1399 usque
1567 1329 1727 1382 hodie

145 1417 195 1469 in
227 1418 554 1470 Casariensi
592 1419 937 1474 bibliotheca.
961 1435 1120 1488 quam
1176 1419 1492 1486 Pamphilus
1527 1431 1730 1491 martyr

145 1509 560 1562 studiosissime
606 1512 864 1562 conlecti.
926 1510 1054 1562 Mil-ii
1098 1527 1318 1580 quoque
1349 1527 1376 1564 a
1434 1511 1727 1573 Nazarmis.

142 1601 230 1668 qui
277 1600 330 1651 iu
363 1599 549 1654 Berma
589 1600 721 1652 urbe
756 1601 923 1670 Syriae
983 1600 1083 1654 hoc
1151 1604 1425 1655 volumine
1479 1613 1727 1664 utuntur,

143 1694 496 1746 describenui
529 1693 758 1747 facultas
789 1697 906 1746 l'nit.
938 1695 989 1745 lii
1026 1710 1133 1762 quo
1157 1695 1726 1760 animadvertendum,

143 1786 318 1853 quod,
358 1786 669 1852 ubicunque
701 1786 1058 1855 evangelista,
1105 1802 1218 1839 Sive
1248 1803 1309 1838 ex
1344 1803 1572 1855 persona
1606 1805 1722 1850 sua,

1837 597 2182 664 antiquorum
2247 597 2490 650 omnium
2584 597 2916 663 conSpiratio
2979 605 3084 655 est,
3150 594 3418 649 Hebraico

1833 703 2089 743 sermone
2153 688 2508 756 Evangelium
2554 687 2788 744 Matthrei
2829 687 2997 739 luisse
3052 686 3350 752 vulgatum.
3395 703 3413 734 ι

1833 776 1967 831 Tum
1996 780 2220 835 subdit:
2252 799 2269 830 ι
2307 781 2434 844 Quae
2458 781 2687 832 eruditis
2732 780 2868 830 bene
2906 777 3087 831 multis
3113 779 3416 829 etiamnum

1834 874 2083 926 arridens
2108 873 2355 932 traditio,
2385 889 2491 924 non
2536 873 2707 941 aquis
2743 887 2873 924 sane
2922 871 3147 923 auribus
3182 885 3210 921 a
3260 869 3414 921 nobis

1831 967 2072 1019 auditur.
2117 983 2136 1016 ι
2184 965 2408 1018 Fatetur
2443 965 2604 1034 igitur
2645 962 2962 1031 Basnagius.
2998 977 3062 1014 ne
3087 963 3256 1028 a-quis
3293 961 3417 1028 qui-

1833 1061 1955 1112 dem
2003 1059 2224 1112 auribus
2255 1074 2282 1112 a
2322 1073 2382 1112 se
2409 1057 2607 1118 audiri,
2639 1057 2783 1124 quod
2814 1065 2910 1107 toti
2936 1054 3137 1121 placuit
3169 1051 3420 1119 antiqui-

1833 1149 1946 1202 tati.
1980 1151 2284 1202 Audiamus
2316 1168 2376 1202 at:
2407 1150 2473 1202 de
2511 1163 2567 1200 re
2592 1146 2860 1213 judicium
2902 1145 3131 1197 alterius
3198 1145 3421 1196 hetero-

1832 1241 1977 1298 duxi.
2016 1242 2266 1295 videlicet
2297 1240 2551 1296 Guilelmi
2582 1239 2726 1294 Cave
2765 1239 2818 1290 in
2855 1237 3093 1290 Historia
3129 1237 3418 1300 litterario,

1833 1347 1958 1387 saec.
1991 1349 2029 1393 t,
2061 1349 2180 1402 pag.
2207 1332 2258 1393 6,
2293 1333 2344 1384 iu
2381 1333 2439 1386 S.
2466 1331 2720 1386 Matthico
2756 1347 2767 1382 :
2819 1347 2837 1379 ι
2890 1329 2948 1381 Et
2981 1329 3206 1396 quidem
3241 1328 3421 1380 Histo-

1833 1428 1966 1479 riam
1995 1440 2146 1479 suain
2176 1427 2550 1494 tet-angelicam
2581 1423 2850 1477 llebraicc
2875 1423 3184 1490 scripsisse.
3215 1420 3416 1488 inquit.

1833 1517 1968 1571 niiro
2004 1530 2134 1570 sane
2168 1531 2442 1570 consensu
2479 1517 2698 1572 tradunt
2725 1499 2958 1576 veteres,
2988 1515 3123 1566 adeo
3160 1521 3217 1565 ut
3247 1516 3416 1566 totius

1833 1625 1972 1680 pene
2033 1609 2375 1677 antiquitatis
2428 1609 2746 1661 testimonio
2800 1607 3064 1674 refragari
3129 1604 3314 1658 hacin
3360 1620 3419 1658 ro

1833 1703 1986 1758 nefas
2023 1705 2112 1758 sit.
2153 1723 2168 1753 ι
2209 1708 2394 1774 Atego
2425 1717 2532 1755 non
2569 1703 2900 1769 expendunt.
2954 1709 3173 1766 quanta:
3225 1699 3298 1751 sit
3339 1708 3418 1750 te-

1835 1798 2102 1851 meritatis
2148 1811 2175 1850 a
2214 1806 2321 1850 tota
2390 1797 2716 1864 antiquitate
2775 1808 2928 1846 saera
2977 1794 3253 1852 recedere,
3290 1804 3415 1842 cum

143 1879 258 1930 sive
300 1893 365 1928 ex
416 1892 643 1943 persona
686 1876 897 1928 Domitii
951 1876 1271 1940 Salvatut'ts,
1323 1882 1518 1931 veteris
1582 1878 1727 1932 Scri-

1836 1890 2080 1941 noveiiui
2134 1891 2498 1945 heterodoxos
2555 1889 2605 1940 id
2654 1890 2832 1941 facere
2887 1885 3079 1940 solitos
3142 1886 3192 1937 in
3253 1885 3419 1938 rebus

143 1977 319 2035 ptui-ce
362 1966 692 2020 teStiuiouiis
748 1970 1012 2032 abutitur,
1044 1984 1150 2021 nou
1195 1981 1455 2037 sequatur
1499 1968 1729 2037 Septua-

141 2063 286 2128 ginta
325 2063 706 2114 translatorum
733 2065 1126 2126 auctoritatem,
1181 2064 1274 2115 sed
1315 2064 1652 2116 Hebraicatn.
1690 2062 1728 2114 E

141 2157 343 2222 quibus
363 2156 450 2207 illa
470 2166 596 2206 sunt
625 2170 637 2206 :
662 2173 677 2202 ι
707 2153 780 2207 Ex
808 2155 1040 2226 Aigypto
1062 2160 1247 2210 vocavi
1271 2156 1464 2210 Filium
1489 2171 1724 2211 meum.)

142 2247 207 2302 Ει
245 2267 257 2300 :
291 2267 309 2298 ι
350 2249 622 2312 Quoniam
659 2246 947 2305 Nazaraeus
984 2253 1287 2306 vocabitur.
1334 2269 1350 2302 ι
1400 2253 1731 2322 Chrysosto-

141 2357 288 2404 mus,
328 2344 477 2393 hom.
509 2358 544 2401 t.
575 2343 627 2393 in
657 2341 970 2395 Matthmum
1022 2346 1090 2398 de
1121 2347 1309 2398 iisdem
1351 2345 1461 2398 licet:
1496 2346 1726 2400 scribit:

149 2453 164 2484 ι
210 2433 480 2485 Narratur
546 2447 728 2501 porro,
774 2433 1113 2494 Matrlizeum.
1186 2437 1582 2491 accedentibus
1642 2454 1732 2491 ro-

141 2527 514 2596 gantibusque
548 2524 882 2594 Judaeis,qtti
917 2528 1285 2586 crediderant.
1318 2544 1379 2579 ea
1398 2542 1516 2595 qua:
1553 2528 1730 2581 verbis

142 2619 471 2684 protulerat,
510 2615 706 2670 litteris
739 2616 1012 2686 descripta
1067 2619 1256 2670 iisdem
1306 2618 1612 2685 reliquisse.
1676 2627 1729 2670 et

144 2709 418 2762 Hebraice
472 2707 832 2778 Evangeliuui
887 2711 1196 2778 scripsisse.
1251 2710 1420 2774 ldetn,
1475 2713 1622 2764 hom.
1675 2709 1728 2772 4,

145 2802 414 2866 advertit,
460 2804 694 2870 primum
747 2819 809 2856 ex
866 2804 1216 2872 evangelistis
1269 2805 1556 2872 scripsisse
1595 2801 1730 2858 Mat-

145 2895 369 2948 thzeum.
445 2892 677 2946 Sanctus
735 2896 1094 2962 Augustinus,
1139 2895 1291 2948 lib.t
1350 2895 1424 2946 De
1479 2911 1730 2946 consensu

141 2989 616 3059 craugelistarum,
648 3002 766 3055 cap.
793 2990 847 3047 ἓ,
881 2990 1095 3040 czcteris
1119 2989 1398 3041 consentit
1427 2988 1494 3040 de
1525 2989 1730 3056 scripto

143 3083 380 3148 primunt
420 3093 448 3128 a
492 3077 746 3130 Mattltwo
779 3078 1098 3149 Evangelio,
1130 3087 1183 3131 et
1215 3086 1278 3130 de
1322 3095 1728 3145 senuone,quo

142 3173 272 3224 illttd
311 3171 667 3240 conscripsit,
711 3171 785 3224 ait
813 3188 826 3225 :
860 3191 877 3223 ι
917 3171 1115 3226 Ηυι·ιιιιι
1145 3189 1276 3225 sane
1317 3185 1552 3242 quatuor
1579 3179 1729 3228 solus
1759 3199 1802 3255 (ς

143 3263 436 3316 Μυιιιιωυε
492 3263 717 3318 Hebrico
764 3267 1050 3334 scripsisse
1085 3264 1400 3334 perhibetur
1426 3269 1663 3333 eloquio.
1704 3286 1721 3316 ι

145 3353 324 3409 Missis
359 3357 502 3416 aliis,
534 3359 621 3426 qui
654 3357 794 3408 idem
829 3360 1096 3408 allirmant
1142 3399 1152 3411 .
1186 3359 1358 3409 solum
1401 3360 1542 3410 addo
1574 3359 1730 3410 verba

145 3441 200 3495 S.
242 3442 538 3512 Epiphanti
591 3446 798 3497 HRL‘I'CS.
858 3446 946 3507 5|,
1000 3463 1118 3514 cap.
1165 3447 1218 3509 5,
1283 3450 1352 3500 ita
1396 3449 1728 3502 scribentis:

150 3554 167 3585 ι
212 3535 500 3589 Μυιιὴωυδ
533 3537 692 3607 igitur
730 3539 933 3604 primus
971 3535 1242 3609 Evangelii
1296 3542 1571 3594 scribendi
1599 3558 1729 3610 pro-

149 3629 387 3680 vineiain
443 3639 637 3681 nactus
700 3641 803 3690 est,
860 3641 915 3682 ut
969 3634 1249 3695 diximus;
1296 3634 1456 3697 idque
1526 3636 1570 3683 ei
1611 3648 1731 3698 iure

146 3725 349 3775 merito
401 3724 651 3787 contigit.
692 3720 994 3786 Oportebat
1023 3724 1190 3785 enim,
1234 3735 1357 3774 eum
1403 3727 1601 3792 ipsum.
1637 3725 1728 3793 qui

145 3816 210 3865 ad
243 3812 655 3865 eoitciliandam
696 3813 936 3866 humano
990 3828 1175 3882 generi
1227 3817 1456 3868 saturem
1498 3819 1732 3869 advene-

148 3915 250 3968 rat,
283 3907 492 3973 quique
525 3908 592 3957 ita
625 3907 877 3959 dixerat:
921 3925 936 3956 i
985 3905 1103 3959 Non
1152 3916 1272 3961 veni
1317 3925 1508 3961 vocare
1533 3913 1728 3976 iustos,

146 3997 240 4049 sed
276 4005 598 4066 peccatores
626 3998 692 4047 ad
745 3999 1163 4062 paenitentiam:
1207 4018 1222 4048 ι
1256 4000 1321 4050 ad
1374 4014 1592 4064 eorum,
1637 4003 1729 4068 qui

147 4090 404 4141 servandi
447 4095 605 4138 erant
641 4091 972 4157 exemplum,
1041 4092 1088 4143 ei
1125 4091 1329 4143 homini
1389 4095 1730 4161 potissimum

147 4183 515 4252 pradicandze
559 4184 754 4234 salutis
781 4199 980 4237 titunus
1015 4187 1320 4253 iniungere.
1353 4202 1443 4254 qUt
1478 4185 1730 4239 abiunu~

149 4278 313 4328 meris
340 4275 578 4347 peccatis
603 4286 921 4336 conversus.
953 4291 1006 4330 et
1034 4295 1062 4330 a
1103 4280 1307 4330 telonio
1330 4279 1739 4332 suscitanslueo

147 4377 252 4432 rat,
286 4383 351 4420 ac
375 4383 434 4419 se
466 4373 532 4418 ab
569 4371 717 4421 omni
751 4369 958 4422 scelere
991 4379 1042 4422 et
1097 4372 1361 4437 iniustitia
1415 4379 1730 4438 revocarat;

148 4471 205 4514 ut
241 4463 312 4514 ab
353 4460 469 4521 illo.
498 4471 699 4526 quanta
724 4463 822 4512 sibi
857 4473 1004 4515 esset
1028 4463 1266 4515 adventu
1303 4462 1503 4515 Christi
1541 4456 1732 4516 huma-

1836 1983 2007 2034 tnulto
2043 1982 2418 2049 gravioribus:
2457 1981 2551 2033 sed
2583 1978 2758 2033 solum
2793 1978 3138 2039 cxamiuaho,
3170 1993 3238 2030 an
3271 1979 3420 2045 ejus-

1832 2072 1976 2124 modi
2011 2071 2124 2124 siut
2164 2074 2406 2124 rationes
2435 2068 2703 2140 Basnagii.
2742 2078 2798 2121 ut
2834 2081 2973 2125 nata:
3006 2070 3116 2121 sint
3172 2069 3418 2136 prudens

1835 2163 2086 2232 ingerere
2120 2164 2346 2217 dubium
2412 2163 2591 2216 :alios
2649 2178 2798 2224 vero,
2850 2161 2943 2230 qui
2981 2170 3108 2214 ante
3151 2171 3244 2212 aut
3296 2166 3420 2229 post

1837 2254 2162 2324 Basnagiuiu
2208 2257 2368 2311 simili
2413 2258 2574 2310 modo
2639 2256 2922 2324 antiquam
2969 2264 3283 2310 sanctorum
3318 2251 3420 2305 Pa-

1836 2359 1978 2404 trum
2036 2349 2363 2402 sententiani
2423 2350 2753 2414 rejecerunt,
2815 2361 3039 2414 prorsus
3116 2344 3418 2412 relinquam

1836 2441 2116 2501 indictos.
2164 2454 2234 2492 ne
2296 2437 2596 2508 dispalatio
2647 2438 2737 2489 fiat
2798 2437 3057 2505 prolixior
3135 2452 3294 2501 quam
3349 2440 3422 2489 sit

1835 2546 2092 2593 necesse,
2136 2541 2189 2583 et
2219 2535 2344 2599 quia
2403 2532 2644 2583 omnium
2697 2543 2862 2599 Opera
2910 2529 2973 2582 ad
3035 2543 3254 2581 manum
3309 2544 3418 2584 non

1836 2621 2033 2673 habet).

1905 2737 1993 2792 35.
2028 2736 2225 2807 Accipe
2251 2735 2438 2805 igitur.
2492 2735 2685 2800 lector,
2724 2735 3065 2799 obiectiones
3107 2736 3352 2807 Basnagii
3401 2753 3416 2791 :

1838 2829 1999 2887 Fons.
2043 2832 2236 2901 inquit,
2281 2829 2592 2884 traditionis
2652 2829 2814 2899 hujus
2865 2829 3082 2898 Papias,
3134 2833 3420 2899 pertenuis

1838 2923 2036 2991 ingenii
2101 2925 2470 2991 Ct'cdulusque
2537 2923 2862 2990 scriptor....
2932 2922 3108 2974 Tenet
3156 2930 3210 2974 ct
3279 2925 3419 2977 lama

1835 3013 2156 3067 Pitumnum
2202 3016 2253 3067 in
2287 3015 2434 3068 India
2473 3013 2826 3082 Evangeliiiiu
2856 3014 3086 3066 Mattha-i
3125 3014 3416 3082 reperisse,

1838 3108 1982 3176 quod
2017 3105 2452 3160 Bartholtiiiitus
2487 3105 2770 3158 Hebraicis
2798 3105 2996 3157 litteris
3038 3106 3417 3171 etinscriptum

1841 3199 2160 3267 reliquerat.
2197 3202 2341 3266 quod
2378 3197 2442 3250 ad
2510 3200 2764 3266 przedicta
2800 3211 2970 3264 usque
3029 3205 3266 3262 tempora
3301 3213 3418 3248 ser-

1837 3296 2014 3342 vartiin
2067 3305 2187 3343 esse
2236 3301 2593 3342 memoratur.
2641 3290 2944 3355 Pigmentis
2988 3287 3220 3340 Eusebio
3266 3287 3418 3341 incoo

1835 3383 2366 3453 guitistraditioneiu
2407 3384 2560 3434 istam
2596 3381 2927 3451 Hieronymo
2956 3381 3413 3448 armai-iplacuit:

1838 3474 2146 3527 Pantaenus.
2184 3472 2382 3541 inquit,
2433 3472 2665 3524 Matthxi
2714 3468 3096 3538 Evangehum.
3133 3469 3417 3526 Hebraicis

1837 3568 2033 3618 litteris
2062 3565 2349 3632 scriptum,
2386 3573 2669 3616 revertens
2688 3564 3070 3615 Alexandriam
3111 3577 3294 3615 secum
3326 3577 3414 3616 re-

1837 3659 1976 3710 tulit.
2035 3656 2155 3708 Ha:c
2197 3657 2496 3722 Basuagius
2543 3671 2641 3723 pro
2689 3670 2787 3706 sua
2839 3656 2891 3706 in
2948 3665 3168 3708 sanctos
3229 3653 3415 3708 Patres

1839 3749 2165 3808 reverentia,
2233 3761 2300 3799 ne
2342 3748 2543 3808 dicant,
2575 3748 2738 3798 stulta
2777 3747 3133 3798 coiilidentia.
3213 3748 3414 3801 Omnes

1837 3840 2022 3892 Patres
2056 3841 2107 3891 in
2153 3854 2396 3892 errorem
2432 3848 2791 3901 pertrectatos
2819 3856 2847 3890 a
2882 3835 3048 3905 Papia
3077 3839 3276 3900 innuit,
3309 3837 3407 3890 Pa-

1837 3934 2092 4007 piamque
2124 3933 2408 4000 pertcuuis
2436 3932 2638 3998 ingenii
2676 3935 3000 3998 scriptorem
3047 3933 3196 3994 dicit,
3246 3943 3298 3983 ut
3327 3934 3410 3982 in-

1833 4025 2036 4086 sinuet,
2070 4024 2244 4092 ipsum
2275 4037 2490 4091 quoque
2514 4021 2671 4074 facile
2700 4023 2831 4072 caiii
2865 4037 2919 4072 re
2945 4035 3126 4073 errare
3147 4021 3408 4088 potuisse.

1833 4117 1899 4166 At
1955 4115 2164 4182 Papias,
2205 4117 2294 4180 qui
2351 4128 2474 4165 cum
2517 4113 2796 4180 discipulis
2837 4114 3205 4179 apostolorum
3258 4114 3412 4176 vixit,

1834 4209 1900 4261 ab
1929 4210 2102 4278 iisque
2159 4216 2346 4274 petere
2413 4206 2621 4257 solebat
2660 4207 2788 4271 quid
2841 4208 3107 4265 Andreas,
3141 4203 3268 4269 qmd
3310 4203 3412 4256 l’e—

1837 4315 1975 4361 trus,
2009 4302 2140 4371 quid
2182 4299 2490 4368 Philippus,
2524 4299 2655 4366 quid
2696 4295 2957 4358 Thomas,
3000 4298 3131 4367 quid
3153 4298 3410 4362 Jacobus,

1833 4395 1964 4463 quid
1995 4394 2259 4453 Joannes.
2300 4393 2428 4462 quid
2465 4389 2777 4454 Matthtcus,
2819 4392 2946 4462 quid
2979 4391 3156 4445 cteteri
3200 4386 3410 4444 Domini

1835 4486 2091 4555 discipuli
2145 4488 2330 4538 dicere
2388 4486 2660 4546 solebant,
2707 4494 2764 4536 ut
2819 4486 2932 4552 ipse
2971 4484 3212 4549 loquitur
3267 4482 3410 4550 apud

150 4558 294 4607 nitas
327 4553 551 4614 collata,
579 4553 837 4606 mortales
879 4554 1229 4607 discerent...
1265 4553 1364 4608 Hic
1405 4556 1565 4626 igitur
1593 4556 1728 4609 Mat-
1765 4543 1807 4598 υ
1841 4543 2136 4632 Euge-bium
2169 4578 2262 4630 ιη),
2300 4593 2376 4638 ,μ’
2409 4591 2528 4646 cap.
2565 4543 2655 4639 33"
2688 4543 2879 4628 εδιιρίη
2906 4543 3414 4628 εειῇε-ιιδι)ρι)ηι.ῇηο

153 4651 332 4702 tliazus
363 4644 629 4699 Hebraica
661 4646 844 4716 lingua
875 4649 1097 4718 scripsit
1121 4662 1181 4701 ac
1220 4649 1538 4717 praedicavit
1563 4651 1733 4704 Evan-

153 4741 382 4810 geliuui,
429 4757 447 4790 ι
473 4748 580 4792 etc.

223 4831 314 4884 52.
366 4831 439 4882 De
463 4835 666 4898 scripto
706 4845 801 4899 per
834 4827 1147 4884 Matthaeum
1184 4830 1502 4900 Evangelio,
1535 4841 1588 4885 et
1611 4832 1732 4901 qui-

152 4926 270 4979 dem
333 4932 627 4990 antequam
670 4924 760 4975 alii
812 4927 1151 4991 evangelista:
1223 4928 1542 4989 scriberent,
1600 4945 1732 4980 con-

152 5024 446 5071 senserunt
474 5018 876 5084 posterioribus
908 5018 1102 5069 saltem
1150 5020 1370 5070 sazculis
1407 5024 1484 5070 ita
1519 5034 1731 5083 omnes,

158 5121 212 5161 ut
261 5124 492 5163 necesse
550 5122 657 5161 nou
702 5113 772 5161 sit
816 5111 967 5176 plura
1008 5113 1072 5163 de
1134 5111 1198 5164 iis
1246 5114 1446 5164 dicere.
1510 5110 1729 5168 Verum.

154 5218 578 5272 quantacunque
641 5207 797 5256 cltum
847 5206 916 5255 sit
967 5208 1260 5257 auctoritas
1336 5217 1390 5257 et
1438 5205 1733 5273 antiquitas

156 5292 372 5347 Patrum
411 5292 896 5353 consentientium,
944 5299 1206 5362 scriptum
1257 5296 1424 5349 fuisse
1478 5310 1732 5348 sermone

158 5386 453 5448 Hebraico,
521 5385 745 5438 luerunt
779 5387 1097 5439 heterodoxi
1139 5389 1408 5451 nonnulli,
1446 5391 1537 5456 qui
1586 5390 1730 5439 illam

155 5480 287 5530 adeo
329 5494 682 5532 communem
747 5478 971 5531 Patrum
1031 5483 1358 5532 sententiain
1418 5496 1732 5549 oppugnare

157 5590 258 5628 non
297 5574 642 5634 dubitaruiir,
706 5585 754 5622 et
796 5576 1109 5626 existimare
1159 5576 1486 5636 maluerunt,
1545 5573 1730 5628 Graece

155 5667 330 5736 potius
371 5667 642 5732 scriptum
673 5665 838 5717 fuisse
893 5667 1242 5735 Evangelium
1269 5686 1297 5720 a
1323 5669 1599 5721 Matth-(eo.
1650 5671 1732 5721 ln-

154 5764 230 5815 ter
265 5765 363 5813 hos
411 5770 496 5810 est
539 5760 761 5812 Samuel
824 5760 1143 5831 Bastiagius,
1196 5764 1286 5833 qui
1327 5767 1376 5815 in
1437 5766 1729 5816 Annalibus

152 5854 760 5927 ροέιιιτοοριίιεεὶιιείὲςεε
792 5857 854 5911 ad
878 5870 1075 5908 artuum
1118 5857 1324 5910 Domitii
1350 5858 1415 5911 δι
1445 5900 1458 5925 ,
1488 5874 1633 5912 nunt.
1663 5860 1727 5912 l5

1839 4670 1982 4739 genii
2027 4670 2089 4721 ad
2129 4669 2603 4736 interrogandum,
2634 4683 2744 4738 quo
2770 4683 3023 4720 sermone
3055 4665 3413 4736 Evaiigelium

1838 4778 1998 4816 suum
2045 4761 2359 4830 scripsisset
2389 4758 2696 4823 Matthtcus,
2742 4770 2796 4813 et
2830 4760 2963 4813 satis
3007 4762 3161 4814 bona:
3204 4760 3325 4812 liilci
3361 4771 3416 4813 et

1835 4855 2110 4924 iudieiiad
2149 4851 2280 4907 illtid
2313 4853 2701 4916 enarrandum,
2749 4854 2890 4907 sicut
2929 4855 2999 4906 ab
3038 4853 3410 4921 apostolorum

1837 4947 2118 5014 discipulis
2162 4960 2268 4998 non
2307 4961 2450 5005 raro.
2479 4955 2533 4997 et
2586 4945 2815 4998 subinde
2837 4947 3000 4996 etiam
3043 4960 3165 4997 cuiu
3196 4944 3410 5001 ﬁliabus

1836 5038 2074 5107 Philippi
2117 5049 2500 5102 conversatus,
2529 5052 2865 5105 cognoscere
2900 5047 3104 5105 posset,
3145 5053 3254 5105 quo
3291 5053 3408 5090 ser-

1837 5145 1998 5183 uione
2029 5132 2081 5181 in
2117 5127 2409 5184 scribendo
2446 5142 2575 5180 usus
2623 5128 2812 5181 fuisset
2859 5128 2916 5191 S,
2969 5127 3274 5189 Matthmus,
3309 5130 3412 5180 Ho-

1835 5220 2092 5274 braicone
2151 5233 2217 5270 ait
2270 5218 2476 5280 (ira-co.
2519 5237 2626 5288 quo
2686 5219 2878 5287 Papias
2939 5218 3055 5289 ipse
3134 5223 3407 5284 utebatur,

1837 5315 2007 5366 niulto
2059 5312 2322 5364 tenuioris
2369 5314 2558 5380 iudicii
2637 5317 2839 5366 nicrito
2897 5314 3187 5370 videbitur.
3247 5331 3408 5382 quam

1837 5405 2040 5475 ingenii
2076 5403 2238 5458 fuerit
2271 5403 2480 5472 Papias.
2533 5405 2876 5474 Quapropter
2901 5417 3198 5460 auctoritas
3229 5407 3406 5475 Papia:

1835 5513 2175 5565 nequaquam
2236 5501 2635 5551 euuteuincuda
2690 5509 2767 5551 est
2845 5499 2897 5552 in
2957 5516 3012 5552 rc
3085 5509 3190 5552 tam
3237 5501 3410 5554 facilis

1834 5594 2183 5661 ςοδιιὶιὶοιιίδ,
2225 5593 2319 5646 sed
2382 5595 2562 5663 potius
2634 5596 2848 5647 maximi
2904 5595 3148 5648 facienda
3187 5601 3257 5649 ob
3311 5598 3406 5651 virl

1835 5690 2240 5754 antiquitatem,
2300 5691 2599 5756 pi'wsei'riiii
2665 5705 2783 5741 eum
2836 5689 3011 5742 eidem
3049 5693 3226 5742 nullus
3281 5705 3412 5742 con-

1836 5778 2121 5829 tradixcrit
2167 5795 2177 5826 ε
2216 5794 2391 5846 neque
2463 5782 2608 5830 enim
2683 5781 2911 5831 deerant
2955 5783 3042 5833 alii
3109 5784 3406 5847 scriptores

1837 5867 2218 5934 ecclesiastici,
2248 5872 2335 5938 qui
2378 5872 2752 5926 centradicere
2793 5885 3060 5938 poterunt,
3115 5878 3156 5926 si
3211 5876 3404 5926 laltum
