3956 6444
543 372 642 437 ’ΠΙ

1791 373 2073 433 MENSIS
2111 375 2581 438 SEPTEMBER.

3714 392 3819 455 772

544 491 792 546 dixisset.
846 488 942 543 Vel
979 488 1059 544 sic
1117 499 1297 543 tamen
1343 487 1657 542 existimare
1693 502 1799 540 non
1836 488 2120 553 debemus,
2155 499 2194 553 Α
2228 501 2349 559 plus
2385 492 2554 546 fuisse
2586 492 2797 557 Patres,
2832 496 2999 568 idque
3021 498 3088 553 ab
3119 500 3226 554 illis
3261 513 3547 571 sumptum
3585 520 3683 571 pro
3723 523 3818 560 au-

546 597 614 637 ει
650 584 765 636 solo
804 581 985 651 Papiae
1030 583 1347 636 testimonio
1414 580 1732 649 proﬂuxisse
1770 581 1955 634 omnia
2002 596 2123 649 quze

542 673 609 727 de
646 672 913 727 chrairo
940 672 1177 726 Mattlimi
1214 670 1504 741 Evangelio
1526 669 1714 723 Patres
1751 670 2121 735 tradiderunt,

545 775 605 819 ut
630 766 770 819 infra
811 766 1123 820 ostendam.

618 858 708 911 34.
762 859 830 911 At
869 858 1020 926 prius
1076 856 1366 911 elucidabo
1412 867 1819 926 argumentum,
1862 856 2006 925 quod
2059 870 2123 909 ex

546 950 768 1004 invento
818 965 919 1017 per
948 948 1263 1003 Pantmnnm
1298 947 1593 1019 Evangeliu
1627 949 1874 1002 habetur.
1918 948 2126 1001 [-‘lornit

545 1042 840 1096 Pantrenus
910 1039 1107 1109 insigni
1185 1041 1513 1094 eruditionis
1584 1039 1745 1099 fama,
1818 1049 1871 1091 et
1924 1039 2126 1092 scholae

545 1133 927 1187 Alexandrinae
972 1130 1189 1201 praefuit
1237 1133 1459 1185 ineunte
1508 1132 1708 1184 saeculo
1750 1146 1832 1185 Ill.
1867 1131 2024 1183 Hunc
2057 1131 2124 1184 ad

544 1228 708 1280 lndos
756 1226 1061 1295 profectum
1098 1226 1175 1278 ait
1238 1220 1534 1285 Eusebius.
1593 1226 1686 1279 lib.
1747 1239 1799 1283 ν,
1858 1238 1982 1291 cap.
2035 1222 2122 1288 10,

547 1316 729 1384 ibique
761 1315 1038 1369 invenisse
1071 1316 1326 1367 relictum
1360 1331 1387 1366 a
1442 1314 1500 1370 S.
1559 1315 1961 1370 Bartholuma-o
1990 1331 2123 1384 apo-

547 1408 690 1461 stqu
727 1425 744 1457 ι
804 1404 1042 1459 Μθιιὴωί
1100 1406 1471 1476 Evangelium,
1544 1406 1831 1463 Hebraicis
1880 1407 2125 1461 conscri-

545 1509 696 1568 ptum
754 1498 975 1551 litteris.
1018 1517 1035 1549 i
1075 1499 1140 1551 At
1180 1513 1288 1551 non
1353 1500 1521 1562 addit,
1571 1500 1715 1553 istud
1783 1502 2126 1555 a.redeunte

542 1589 801 1642 l’anttcno
841 1589 1225 1643 Alexandriam
1262 1600 1559 1659 portatum,
1598 1593 1695 1645 sed
1725 1592 1900 1645 solum
1934 1593 2068 1646 dicit
2112 1608 2141 1644 ε-

551 1699 569 1731 »
608 1680 761 1745 Quod
798 1680 1018 1750 quidem
1045 1681 1109 1734 ad
1146 1684 1401 1750 praedicta
1444 1697 1615 1752 usque
1664 1693 1904 1754 tempora
1940 1699 2127 1737 serva—

545 1784 658 1827 tum
685 1789 805 1827 esse
844 1785 1201 1837 memoratur,
1239 1794 1255 1825 ι
1297 1776 1349 1829 id
1386 1786 1491 1835 est,
1530 1791 1701 1843 usque
1758 1778 1825 1834 ad
1874 1786 2121 1845 tempora

2229 582 2475 637 thentico
2515 585 2773 643 Mattbaai.
2843 588 3008 644 Sexto
3065 593 3285 646 demum
3318 596 3397 649 ait
3433 597 3673 651 Matthaci
3718 615 3815 653 au-

2228 674 2551 741 tograplium
2589 675 3008 746 diligentissime
3062 680 3232 737 fuisse
3287 687 3714 742 custodiendum
3755 691 3820 743 ab

2228 764 2471 819 Ecclesia
2507 765 3021 839 Hierusulymitana.
3056 774 3099 827 si
3136 776 3188 826 in
3222 778 3452 845 gratiam
3500 778 3815 835 Jtidaaorum

2232 857 2503 912 Hebraice
2545 860 2859 930 scripsisset
2890 863 3219 928 Matthaeus;
3252 884 3361 921 non
3418 872 3593 925 fuisse
3638 884 3816 926 autem

2230 964 2641 1016 conservatum,
2678 955 2782 1009 nisi
2824 956 3177 1028 Evangeliqu
3213 961 3631 1023 Navii-morum.
3684 966 3817 1019 boc-

2228 1059 2333 1113 que
2358 1046 2669 1114 suspicatur
2694 1048 2859 1102 fuisse
2896 1066 3004 1103 non
3034 1052 3135 1105 nisi
3184 1054 3467 1122 antiquam
3507 1058 3816 1111 versionem

2229 1149 2294 1189 ex
2318 1146 2469 1190 textu
2517 1138 2706 1192 Cresco
2743 1139 2978 1195 Mattluei
3007 1142 3229 1197 factam.
3263 1145 3355 1199 Hae
3385 1158 3518 1199 sunt
3577 1153 3819 1204 rationes

2228 1239 2322 1282 aut
2357 1230 2776 1300 imaginationes
2802 1232 3071 1305 Basnagii,
3098 1238 3189 1306 qui
3239 1254 3349 1291 non
3379 1240 3605 1294 dubitat
3630 1241 3819 1297 Patres

2232 1319 2550 1389 frequenter
2580 1326 2787 1379 erroris
2824 1343 3078 1396 arguere,
3103 1340 3161 1383 ut
3201 1332 3433 1385 somniis
3473 1336 3594 1387 suis
3624 1337 3819 1401 proba-

2234 1413 2504 1468 bilitatem
2544 1418 2780 1486 aliquam
2816 1422 3091 1476 conculiet.
3155 1425 3343 1493 Itaque
3394 1426 3706 1491 videamus,
3752 1445 3817 1483 an

2233 1514 2442 1559 tantum
2507 1508 2672 1562 fuerit
2745 1511 2991 1583 Basnagii
3053 1530 3306 1582 acumen,
3380 1529 3436 1571 ut
3482 1523 3601 1589 ipse
3651 1521 3818 1574 multa

2230 1604 2544 1671 perspicere
2576 1605 2838 1673 potuerit,
2869 1622 2991 1675 qua
3021 1608 3355 1664 doctissiniis
3391 1611 3672 1676 Patribus,
3702 1615 3820 1669 luco

2231 1704 2285 1747 ct
2319 1704 2563 1763 tempore
2596 1696 2758 1749 rebus
2787 1700 3082 1769 disputatis
3114 1701 3273 1771 longe
3305 1706 3819 1773 prepinquiorihus,

2234 1784 2290 1839 in
2316 1796 2555 1839 mentem
2586 1801 2693 1841 non
2726 1802 3039 1857 venerunt;
3074 1804 3127 1845 et
3150 1794 3215 1847 ad
3262 1808 3592 1864 argumenta
3628 1799 3819 1867 ipsius,

3025 1848 3038 1857 ,
3327 1848 3356 1864 υ
3406 1848 3411 1849 ν
3630 1848 3819 1867 τ--τ--ν

542 1867 807 1920 Pantmni.
858 1866 913 1919 S.
965 1866 1330 1935 Hieronymus
1373 1868 1424 1919 in
1466 1868 1724 1938 catalogo
1765 1870 2125 1939 Scriptorum.
2164 1848 2203 1901 Β
2235 1895 2357 1948 qun:
2388 1880 2672 1935 brevitatis
2696 1898 2857 1936 causa
2904 1887 3219 1941 summatim
3268 1900 3480 1943 tantum
3534 1896 3823 1962 proposui,

546 1971 666 2023 cap.
712 1955 802 2019 ‘56,
850 1955 1161 2025 plusculum
1232 1957 1488 2022 asseruit,
1541 1960 1759 2026 quando
1804 1961 2023 2029 scripsit
2062 1961 2128 2013 de

542 2050 807 2102 Pantaenu
838 2090 853 2112 ,
893 2066 909 2098 ι
947 2050 1102 2113 Quod
1153 2050 1438 2106 Hebraicis
1482 2055 1678 2107 litteris
1712 2056 1999 2123 scriptum,
2041 2072 2129 2109 re-

543 2150 764 2191 vertens
811 2137 1222 2203 Alexandriam,
1261 2155 1445 2195 secum
1489 2143 1703 2196 detulit.
1757 2162 1775 2193 ι
1826 2143 1950 2198 Haec
2003 2144 2131 2201 Hie-

546 2233 755 2300 ronymi
800 2232 1073 2301 pigmenta
1125 2233 1363 2287 Eusebio
1398 2234 1669 2305 incognita
1725 2246 1882 2291 vocat
1942 2238 2129 2292 mode-

542 2326 817 2378 stissimus
836 2325 1152 2395 Basnagius.
1179 2328 1249 2379 At
1276 2342 1376 2396 ego
1406 2344 1515 2381 non
1566 2330 1725 2383 video
1756 2346 1854 2384 cur
1886 2332 2129 2400 pluscula

540 2417 609 2470 de
652 2417 735 2472 bis
765 2432 1098 2488 cognoscere
1127 2432 1234 2472 non
1269 2422 1511 2487 potuerit
1553 2419 1938 2492 Hieronymus.
1961 2441 2125 2494 quain

541 2510 744 2578 scripta
773 2519 930 2563 erant
958 2510 1025 2563 ab
1066 2509 1325 2566 Eusebio.
1381 2510 1541 2566 Certe
1592 2514 1883 2569 admodum
1942 2516 2130 2569 verisi-

544 2603 672 2657 mile
709 2612 814 2667 est,
849 2618 956 2657 non
993 2603 1247 2657 relictum
1281 2603 1335 2657 in
1369 2604 1519 2659 India
1572 2622 1599 2659 a
1642 2606 1900 2661 Pantaeno
1952 2606 2129 2663 Evan-

541 2695 747 2765 gelium
816 2694 1169 2761 Hebraicum,
1236 2698 1329 2751 sed
1388 2698 1778 2754 Alexandriam
1841 2701 2127 2765 delatum;

542 2781 709 2851 idque
762 2783 845 2835 vel
910 2798 977 2837 ex
1028 2784 1460 2838 Commentariis
1508 2785 1753 2841 Paula-ni
1796 2789 1989 2857 ipsius,
2046 2794 2129 2844 vel

543 2874 762 2928 aliunde
799 2876 1057 2930 didicisse
1093 2876 1505 2947 Hieronymum.
1548 2878 1919 2950 Undecunque
1944 2892 2125 2937 autem

542 2966 595 3020 id
632 2976 857 3021 sanctus
914 2972 1106 3023 ductor
1136 2970 1491 3035 intellexerit,
1522 2982 1688 3027 tanta:
1744 2973 1847 3028 fuit
1901 2975 2129 3045 integri—

544 3061 694 3123 tatis,
736 3071 792 3113 ut
857 3062 1059 3116 dicenti
1120 3064 1279 3116 (idem
1326 3064 1530 3117 habere
1591 3074 1859 3133 Oporteat,
1924 3076 1977 3120 ct
2015 3083 2125 3120 nun

544 3153 647 3206 nisi
681 3169 774 3222 per
796 3169 1065 3207 summam
1107 3154 1507 3223 impudentiam
1530 3154 1716 3210 dicere
1741 3154 2035 3226 possimus,
2058 3159 2126 3211 ab

545 3244 877 3315 Hieronymo
909 3246 962 3300 id
996 3246 1167 3300 fuisse
1208 3247 1527 3301 conﬁt-tum.
1558 3248 1677 3303 Jam
1721 3265 1851 3304 vero
1914 3251 1957 3303 si
1990 3249 2131 3302 Pau-

547 3347 729 3391 tazntts
781 3340 832 3392 in
873 3338 1024 3393 India
1078 3341 1354 3393 invenerit
1394 3360 1411 3391 ι
1454 3340 1809 3411 Evangelium
1868 3342 2127 3404 Mattltasi.

545 3430 833 3484 Hebraicis
856 3430 1055 3485 litteris
1080 3432 1401 3502 scriptum,»
1436 3433 1489 3485 in
1519 3433 1623 3486 boc
1650 3429 1916 3486 Eusebius
1941 3434 2131 3487 Hiero-

544 3535 849 3593 nymusqne
890 3524 1277 3588 consentiunt;
1336 3523 1517 3577 fuerat
1569 3523 1735 3593 igitur
1788 3524 2051 3579 Hebraice
2100 3540 2129 3578 a

547 3614 807 3668 Μαιώτιεο
836 3613 1127 3684 scriptum,
1188 3625 1249 3671 ut
1293 3616 1574 3670 communi
1625 3632 1899 3672 consensu
1942 3617 2129 3671 Patres

548 3707 840 3761 afﬁrmant.

618 3802 709 3854 55.
752 3821 770 3851 ι
806 3799 993 3854 Multis
1033 3815 1167 3855 vero
1199 3800 1266 3854 de
1316 3801 1518 3866 causis,
1558 3801 1772 3872 reponit
1807 3801 2128 3874 Basnagius,

546 3902 796 3947 veterum
834 3908 896 3946 ea
932 3892 1155 3947 traditio
1182 3891 1342 3947 ﬁdem
1381 3910 1408 3947 a
1436 3893 1595 3949 nobis
1651 3910 1763 3950 non
1788 3896 2063 3965 impetrat.
2103 3915 2121 3947 ι

546 3983 753 4038 Causas
814 3984 979 4053 igitur
1036 3986 1434 4038 examinemus.
1474 4006 1491 4038 ι
1561 3988 1802 4041 Primum
1861 3992 2129 4053 omnium,

552 4077 753 4146 inquit,
786 4074 1012 4129 Patrum
1040 4076 1222 4131 nullus
1256 4088 1359 4143 est,
1386 4080 1479 4147 qui
1519 4088 1672 4134 certe
1728 4086 1989 4151 certoque
2050 4092 2131 4136 te-

551 4177 751 4232 stetur,
780 4183 838 4221 se
882 4169 1139 4223 manibus
1187 4172 1432 4225 oculisve
1486 4171 1700 4226 trivisse
1741 4172 1974 4227 Matthtei
2024 4173 2130 4227 He-

552 4260 800 4314 brai0um
834 4260 967 4314 illud
996 4261 1378 4331 Evangelium,
1412 4265 1559 4333 quod
1596 4276 1775 4319 tamen
1808 4279 1836 4318 a
1863 4264 2134 4321 Christia-

554 4352 641 4405 nis
707 4351 953 4405 Hebrwis
1019 4354 1354 4424 descriptum
1403 4358 1469 4411 ad
1536 4357 1848 4426 legendum,
1931 4359 2134 4428 ubique

557 4444 824 4503 locorum.
860 4446 957 4514 qui
1006 4445 1272 4501 Hebraice
1314 4450 1585 4511 sciebant,
1643 4451 1950 4520 diSpersum
2002 4452 2135 4504 fuis-

2232 1973 2577 2026 discutienda
2615 1976 3015 2045 aggrediamur.

2304 2064 2392 2116 56.
2455 2064 2780 2135 Respondeo
2838 2068 3001 2137 igitur
3068 2071 3307 2139 primum
3360 2073 3611 2147 Basnagii
3665 2095 3826 2151 argn-

2234 2168 2480 2211 mentum
2508 2160 2755 2214 absoluto
2779 2161 3149 2231 l'alsurnesse;
3177 2182 3301 2219 nam
3331 2166 3388 2220 S.
3426 2168 3822 2242 Hieronymus.

2233 2267 2388 2305 num.
2442 2255 2505 2307 51
2564 2254 2841 2319 laudatus,
2924 2266 2977 2310 et
3030 2274 3151 2314 mox
3208 2261 3432 2315 uberius
3491 2260 3821 2330 laudandus,

2238 2356 2472 2400 testatur
2508 2346 2836 2402 Hebraicuzn
2874 2348 2932 2403 S.
2968 2349 3204 2408 Mattbaci
3242 2356 3604 2426 Evangelium
3643 2375 3704 2414 se
3742 2364 3818 2414 vi-

2232 2440 2378 2493 disse
2416 2440 2838 2509 interpretatnm
2894 2458 3038 2509 esse,
3083 2445 3337 2516 idemque
3383 2450 3638 2517 allirmat,
3699 2452 3821 2507 usui

2233 2531 2363 2584 illud
2419 2531 2589 2585 fuisse
2639 2531 2882 2603 Origeni,
2912 2545 2963 2588 et
2999 2536 3173 2593 visum
3221 2554 3247 2590 a
3278 2539 3559 2595 Pantrno.
3593 2544 3821 2613 Accipe,

2232 2623 2480 2677 studiose
2558 2624 2749 2687 lector,
2789 2626 2957 2678 alium
3021 2642 3087 2682 ex
3133 2627 3191 2681 S.
3246 2629 3581 2701 Hieronymo
3638 2635 3821 2690 locum

2230 2730 2295 2770 ex
2337 2716 2577 2784 Epistula
2640 2717 2705 2769 ad
2760 2716 3048 2772 Damasum
3098 2720 3163 2773 tle
3214 2722 3428 2777 duobus
3489 2724 3618 2780 ﬁliis
3679 2730 3822 2797 (qua

2232 2808 2361 2860 olim
2406 2818 2522 2859 erat
2551 2807 2666 2872 149,
2698 2808 2750 2861 in
2775 2809 3015 2862 editione
3045 2809 3344 2866 Veronensi
3384 2815 3581 2883 est2l)
3613 2832 3629 2882 ς
3668 2835 3687 2868 ι
3724 2819 3823 2872 De-

2232 2898 2395 2967 nique
2426 2896 2737 2963 Mattliaus,
2792 2902 2989 2969 inquit,
3031 2904 3120 2971 qui
3174 2902 3530 2975 Evangelium
3590 2910 3821 2967 Hebrreo

2232 3005 2491 3045 sermone
2525 2993 2876 3061 conscripsit,
2906 2998 2976 3047 ita
3003 2997 3190 3063 posuit
3222 3014 3234 3049 :
3281 2996 3536 3053 Hosanna
3571 3002 3820 3067 barama,

2234 3081 2285 3133 id
2323 3091 2427 3141 est,
2470 3081 2728 3135 llusanna
2768 3084 2819 3136 in
2851 3086 3107 3139 excelsis.
3148 3106 3163 3137 ι
3191 3086 3479 3151 Quomodo
3511 3092 3675 3145 verba
3721 3094 3825 3149 He-

2232 3172 2415 3226 braica
2447 3172 2680 3229 Mattbaei
2724 3176 2938 3237 recitat,
2985 3180 3029 3229 si
3081 3178 3436 3248 Evangelium
3502 3181 3679 3251 ipsius
3718 3187 3826 3241 He-

2234 3268 2479 3319 braicum
2530 3282 2639 3321 non
2690 3267 2940 3321 viderit?
2998 3270 3081 3322 Ad
3148 3270 3450 3325 secundum
3513 3278 3827 3345 respondeo

2234 3369 2483 3410 sanctum
2521 3358 2908 3429 Hieronymum
2945 3376 3054 3415 non
3106 3362 3418 3420 correxisse
3455 3375 3667 3422 textum
3717 3370 3824 3424 La—

2236 3453 2407 3501 tinum
2443 3462 2507 3501 ex
2539 3448 2829 3514 llebraico,
2869 3452 2963 3505 sed
2999 3468 3063 3504 ex
3094 3453 3309 3517 Graeco,
3338 3457 3465 3526 quia
3496 3459 3685 3513 minus
3705 3473 3827 3516 erat

2235 3549 2418 3593 certus
2459 3542 2527 3594 de
2577 3541 2893 3612 integritate
2954 3550 3008 3595 et
3043 3545 3283 3610 puritate
3318 3556 3500 3601 textus
3540 3549 3825 3614 Hebraici.

2234 3649 2396 3701 quam
2450 3633 2645 3688 Graeci.
2719 3634 2800 3691 Ad
2847 3635 3069 3690 tertimn
3124 3638 3249 3693 dico
3309 3639 3564 3695 usitatam
3629 3660 3826 3699 revera

2235 3727 2406 3793 magis
2440 3724 2610 3778 fuisse
2668 3724 2904 3779 Mattbaei
2956 3736 3207 3795 tempore
3268 3731 3512 3798 linguam
3550 3731 3826 3795 Graecam,

2235 3829 2400 3882 quam
2444 3813 2791 3879 Hebraicam,
2844 3815 2897 3867 in
2954 3817 3160 3872 mundo
3215 3835 3231 3871 :
3285 3820 3380 3875 sed
3418 3822 3660 3893 linguam
3723 3827 3830 3880 He-

2238 3907 2480 3962 braicam
2520 3907 2691 3960 fuisse
2715 3903 3055 3962 Judzeorum.
3091 3910 3453 3983 Quapropter,
3492 3932 3621 3970 cum
3666 3918 3829 3972 Chri-

2235 4013 2354 4054 Stus
2380 4000 2647 4057 Dominus
2696 4004 2927 4057 voluerit
2981 4012 3039 4060 ut
3095 4006 3327 4074 apostoli
3376 4008 3616 4075 primum
3675 4028 3825 4081 pra:-

2235 4096 2482 4151 dicarent
2518 4096 2677 4150 ﬁdem
2708 4097 2936 4161 Judaeis,
2976 4099 3176 4152 deinde
3210 4100 3488 4170 gentibus,
3521 4106 3597 4157 uti
3632 4120 3827 4160 revera

2236 4183 2489 4237 fecerunt
2518 4203 2531 4239 :
2556 4186 2635 4237 sic
2678 4196 2798 4240 erat
2826 4201 3130 4259 congruum
3182 4197 3243 4243 ut
3304 4190 3544 4259 primum
3576 4192 3829 4266 Evange-

2238 4272 2370 4325 lium
2400 4272 2453 4324 in
2497 4276 2726 4345 gratiam
2758 4275 3075 4331 Judmorum
3115 4281 3477 4343 scriberetur,
3536 4292 3592 4335 et
3628 4299 3829 4341 conse-

2236 4372 2472 4434 quenter
2528 4382 2594 4420 eo
2640 4383 2893 4424 sermone
2939 4384 3100 4438 quem
3163 4385 3358 4425 omnes
3417 4372 3828 4446 intelligebant,

2171 4496 2191 4515 .
2237 4470 2387 4514 certe
2423 4460 2476 4514 in
2513 4459 2717 4515 Judaea.
2755 4462 2909 4531 Quod
2948 4474 3145 4531 quarto
3179 4465 3553 4521 irreverenter
3602 4473 3738 4526 dicit
3773 4474 3826 4527 in

556 4545 663 4591 set.
715 4557 732 4588 ι
773 4538 889 4592 Hoc
918 4539 1153 4608 primum
1185 4540 1435 4612 Basnagii
1488 4553 1897 4614 argumentum.
1937 4544 2133 4613 Objicit
2161 4566 2213 4625 ι)
2242 4551 2453 4617 Patres,
2511 4560 2659 4607 certo
2695 4552 2892 4609 falsum
2925 4568 3010 4610 est
3041 4557 3110 4610 de
3172 4556 3528 4629 Hieronymo,
3587 4563 3831 4633 Epipha-

559 4633 825 4695 secunriu,
857 4642 1047 4686 sancto
1082 4632 1415 4702 Hieronymo
1485 4636 1539 4689 in
1580 4638 1927 4693 emendando
1956 4638 2136 4691 Evan-

559 4722 825 4793 geliurum
864 4734 1012 4778 textu
1040 4725 1237 4779 Latino
1268 4742 1377 4780 non
1432 4730 1746 4797 praeluxisse
1804 4732 2134 4784 Hebraicum

556 4815 792 4870 Mattlitci
822 4820 1119 4887 exemplar,
1145 4821 1237 4874 sed
1266 4819 1534 4876 Graecum.
1572 4820 1757 4876 Tertio
1781 4824 1885 4876 late
1942 4825 2134 4892 proba:

557 4909 1064 4978 linguatnercam
1094 4910 1264 4967 fuisse
1308 4915 1476 4984 magis
1515 4916 1796 4985 vulgarem
1857 4923 1915 4968 et
1974 4915 2136 4986 longe

561 5003 816 5071 pluribus
859 5005 1117 5073 gentibus
1147 5006 1423 5070 usitatam,
1460 5022 1622 5076 quam
1669 5007 2014 5070 Hebraica’m,
2050 5008 2137 5062 in-

559 5098 737 5164 deque
804 5096 1013 5150 inferre
1070 5097 1261 5151 nititur
1304 5098 1617 5154 Mattharum
1666 5101 1919 5155 debuisse
1959 5101 2140 5171 potius

561 5189 755 5243 Graece
805 5205 969 5259 quam
1040 5189 1308 5245 Hebraice
1387 5194 1653 5257 seribere,
1713 5208 1838 5247 cum
1913 5193 2140 5263 apostoli

559 5290 749 5333 essent
774 5282 910 5347 iussi
938 5284 1138 5337 ducere
1167 5300 1357 5338 omnes
1387 5296 1595 5354 gentes.
1624 5287 1830 5350 Quarto
1883 5289 2143 5341 observat

561 5394 721 5431 usum
762 5378 930 5431 videri
982 5378 1298 5435 Mattbaum
1330 5382 1508 5451 lingua
1539 5391 1666 5436 tunc
1692 5381 1897 5436 Judaals
1923 5380 2139 5444 usitata,

560 5484 675 5522 non
712 5471 880 5524 veteri
913 5485 1161 5540 puraque
1218 5474 1418 5545 lingua,
1464 5477 1505 5530 si
1575 5474 1837 5529 Hebraice
1901 5474 2141 5543 scripsit.

563 5562 884 5630 SusPicatur
917 5573 1099 5618 tamen
1135 5561 1321 5617 Patres
1350 5569 1621 5636 cogitasse
1656 5569 1724 5623 de
1783 5568 1965 5638 lingua
2004 5581 2138 5635 pura

564 5652 826 5707 Hebraica
864 5671 876 5705 :
916 5674 931 5705 ι
964 5656 1036 5709 Ex
1071 5671 1178 5725 quo
1208 5657 1547 5727 intelligitur,
1579 5661 1777 5730 inquit,
1811 5661 1863 5713 in
1895 5670 2140 5713 veterum

560 5760 627 5798 ea
657 5747 723 5798 de
751 5761 806 5800 re
840 5747 1149 5802 testimonio
1192 5766 1297 5805 non
1350 5754 1579 5806 multum
1623 5768 1745 5808 esse
1808 5753 2064 5823 praesidii.
2118 5772 2135 5805 ›

569 5838 774 5904 Quinto
837 5842 1149 5909 suspicatur
1212 5843 1502 5915 Evangelia
1546 5844 1926 5902 Nazareorum
1986 5845 2143 5900 dece-

2244 4645 2359 4706 niu,
2386 4643 2642 4711 Origene,
2685 4644 2969 4709 Pantaanu,
3006 4645 3194 4715 Papia,
3265 4646 3526 4712 Eusebio,
3584 4653 3681 4719 qui
3721 4664 3829 4706 non

2243 4737 2589 4805 ignorabant,
2623 4746 2715 4790 aut
2747 4740 2998 4808 ignorare
3037 4750 3312 4810 poterant,
3348 4758 3452 4812 qua
3493 4743 3685 4815 lingua
3709 4756 3828 4801 ute-

2242 4840 2434 4882 rentur
2467 4829 2666 4894 Judtei,
2704 4832 2923 4900 quando
2960 4833 3316 4905 Evangelium
3348 4839 3828 4907 scripsitsanctus

2242 4920 2553 4976 Mattltazus.
2590 4922 2704 4977 lino
2760 4926 2970 4990 nullus,
3000 4927 3215 4995 Opinor,
3259 4925 3483 4982 Patrum
3542 4932 3829 4987 existima-

2242 5010 2342 5073 vit,
2392 5011 2497 5063 alia
2550 5012 2731 5081 lingua
2782 5013 3049 5070 Hebraica
3090 5031 3245 5071 usum
3311 5033 3432 5074 esse
3485 5020 3828 5090 Matthaeum,

2242 5115 2405 5167 quam
2469 5102 2669 5156 usitata
2734 5119 2836 5159 suo
2897 5118 3164 5176 tempore.
3214 5111 3370 5172 Quod
3432 5128 3565 5167 vero
3628 5116 3831 5172 deinde

2244 5189 2440 5258 quinto
2503 5201 2557 5246 et
2610 5204 2766 5251 sexto
2827 5198 3016 5269 objicit
3060 5199 3365 5273 Basnagius
3415 5202 3483 5258 de
3533 5204 3831 5281 Evangelio

2246 5282 2656 5349 Nazaraaorum,
2725 5288 2891 5357 paulo
2941 5287 3209 5359 prolixius
3276 5292 3668 5363 explicandum
3722 5311 3827 5363 est,

2246 5376 2372 5443 quia
2428 5378 2492 5430 ad
2572 5384 2912 5449 propositum
2985 5395 3233 5437 nostrum
3309 5399 3569 5458 spectat,
3642 5403 3698 5447 et
3766 5408 3828 5447 ea

2247 5470 2589 5537 expositione
2622 5473 2687 5525 ad
2720 5475 2856 5528 alias
2899 5489 3117 5545 quoque
3176 5477 3557 5536 dubitationes
3597 5499 3827 5556 respon-

2244 5560 2405 5615 debu.

2318 5653 2406 5709 '57.
2472 5655 2547 5711 De
2619 5656 2914 5728 Evangelio
2985 5659 3387 5729 Nazaraeorum,
3473 5668 3619 5735 quod
3693 5667 3827 5721 alias

2246 5751 2579 5820 vocatjuxta
2624 5750 2898 5817 Hebraeos,
2954 5771 3059 5809 non
3133 5771 3256 5810 raro
3305 5759 3545 5831 loquitur
3603 5771 3826 5820 sanctus

2249 5843 2640 5914 Hieronymus,
2683 5855 2737 5902 et
2768 5849 2913 5903 varia
2948 5864 3009 5904 ex
3047 5846 3136 5904 illo
3189 5851 3415 5909 adducit
3457 5855 3595 5909 locis
3644 5857 3823 5921 variis,
