3956 6456
156 395 261 453 773

1432 386 1606 447 VITA
1652 387 1712 446 S.
1763 385 2149 446 ΜΑΤΤΗΑΞΙ.

3302 385 3411 448 τη

158 516 280 568 qua:
317 513 425 551 non
463 499 714 568 leguntur
777 496 828 549 in
879 494 1170 564 Evangelio
1213 493 1427 564 vulgato
1475 493 1740 547 Matthtei.
1776 497 1815 552 Α
1847 493 1923 546 Ad
1960 493 2074 545 ha‘c
2109 490 2270 544 verba
2310 490 2626 554 notandum,
2655 491 2710 545 S.
2742 491 3098 561 Epiphaniam
3155 507 3263 546 non
3321 511 3409 546 voc

156 591 418 643 Attamen
483 588 694 640 nullum
754 586 968 639 videtur
1017 599 1136 637 esse
1193 585 1441 647 dubium,
1503 585 1631 651 quin
1679 583 1736 636 S.

160 681 529 749 Hieronymus
563 676 982 740 existimaverit,
1029 676 1408 729 Nazarzcorum
1463 677 1577 729 sive
1637 675 1740 729 He-

159 774 434 828 brreorum
503 773 852 842 Evangelium
913 787 942 824 a
1007 781 1198 824 saneto
1258 771 1508 824 Mattha>o
1572 769 1740 824 fuisse

161 865 457 934 scriptum,
516 865 609 917 sed
663 865 730 916 ab
789 864 894 915 illis
952 871 1226 930 utcunque
1283 872 1620 929 corruptum.
1681 861 1739 913 In

162 958 429 1028 Catalogo
495 957 844 1024 scriptorum,
904 969 1024 1022 cap.
1079 970 1139 1017 tt,
1193 953 1322 1005 illud
1411 953 1591 1005 laudat
1657 953 1740 1004 his

157 1051 394 1104 verbis:
459 1067 476 1098 ι
533 1048 886 1117 Evangelium
942 1060 1180 1114 quoque,
1237 1045 1378 1114 quod
1438 1045 1740 1113 appellatur

155 1146 468 1199 secundum
502 1143 776 1203 Hebraeos,
840 1150 893 1194 et
929 1155 956 1192 a
1017 1155 1102 1192 me
1162 1155 1336 1206 nuper
1389 1139 1441 1190 in
1493 1138 1736 1191 Gnaeum

161 1233 532 1303 Latinumque
579 1247 887 1285 sermonem
955 1232 1284 1283 translatum
1356 1239 1463 1290 est,
1529 1245 1634 1297 quo
1685 1240 1740 1283 et

157 1342 303 1394 sarpe
341 1328 534 1385 utitur,
567 1337 675 1378 etc.
721 1343 738 1373 ›
774 1323 890 1376 Non
918 1332 1129 1392 poterat
1165 1339 1276 1376 non
1345 1323 1550 1391 Optime
1604 1321 1736 1374 illud

161 1435 329 1478 nosse
400 1420 784 1489 Hieronymus,
855 1417 898 1470 si
967 1418 1017 1469 in
1070 1416 1319 1470 Grmcuni
1379 1415 1739 1484 Latinumque

158 1525 497 1572 sermonem,
541 1519 598 1561 ut
637 1509 892 1569 aﬂirmat,
966 1508 1094 1560 illtid
1151 1517 1515 1562 converterat.
1575 1508 1735 1574 Atqui

159 1615 284 1652 mox
323 1614 443 1668 cap.
474 1600 526 1661 5,
561 1600 614 1651 in
647 1600 897 1652 Matthreo
934 1616 1040 1652 non
1074 1601 1313 1668 loquitur
1343 1599 1408 1651 de
1432 1599 1536 1654 alio
1564 1597 1738 1650 Evan-

160 1693 328 1757 gelio,
395 1693 608 1760 quando
661 1693 792 1746 dicit
841 1711 853 1746 :
897 1713 914 1742 α
956 1693 1122 1746 Porro
1177 1693 1352 1759 ipsum
1416 1689 1734 1744 Hebraicum

159 1783 452 1855 (Matthzei)
489 1787 715 1838 habetur
752 1799 921 1853 usque
985 1785 1144 1837 hodie
1202 1784 1255 1836 in
1303 1782 1622 1837 Carsariensi
1658 1783 1736 1836 bi-

164 1876 511 1929 bliotheca...
541 1874 666 1928 Mihi
702 1890 919 1942 quoque
945 1889 974 1926 a
1028 1873 1320 1936 Nazarmis,
1353 1873 1442 1942 qui
1472 1874 1522 1924 in
1551 1873 1734 1926 Berma

161 1968 297 2020 urbe
333 1967 499 2035 Syria:
528 1968 627 2020 hoc
662 1967 939 2020 volumine
966 1976 1214 2026 utuntur,
1261 1966 1604 2019 describendi
1659 1966 1738 2017 fa-

159 2059 337 2111 cultas
371 2061 492 2110 fuit.
544 2077 561 2108 ι
595 2058 692 2111 Hic
738 2069 912 2121 vocat,
957 2057 1273 2109 llebraicum
1303 2055 1563 2118 Matt/nvi,
1590 2059 1735 2125 quod

163 2163 332 2215 supra
380 2151 661 2200 secundum
729 2146 994 2209 Hebrtros,
1045 2163 1260 2214 quoque
1327 2149 1400 2200 uti
1456 2147 1735 2202 Nazarmos

161 2237 417 2290 allirmat.
459 2239 650 2305 Liquet
684 2239 785 2291 hoc
817 2255 882 2291 cx
921 2239 1006 2300 iis,
1074 2254 1193 2306 qua:
1243 2239 1404 2293 habet
1433 2241 1551 2292 aliis
1583 2241 1734 2294 locis.

164 2324 327 2383 Nam.
355 2327 447 2379 lib.
479 2343 534 2382 nt
566 2328 822 2380 Adversus
861 2327 1198 2398 Pelagianos,
1231 2329 1375 2384 circa
1409 2331 1621 2383 initium
1661 2331 1738 2384 sic

165 2419 406 2486 loquitur
456 2437 468 2472 :
523 2439 538 2470 ι
579 2419 634 2472 1η
702 2421 992 2489 Evangelia
1054 2423 1205 2488 juxta
1267 2420 1541 2482 Hebreeos,
1595 2421 1735 2488 quod

161 2506 459 2562 Chaldaico
485 2510 704 2576 quidem
736 2509 979 2576 Syroque
1021 2524 1296 2567 set-mone.
1335 2512 1426 2562 sed
1467 2510 1738 2564 Hebraicis

164 2600 370 2652 litteris
402 2605 664 2668 scriptum
686 2610 788 2664 est,
851 2618 958 2669 quo
987 2613 1210 2654 utuntur
1243 2615 1412 2670 usque
1443 2603 1598 2656 hodie
1627 2603 1734 2655 Na-

166 2691 391 2752 zarattti,
424 2693 720 2744 secundum
753 2695 1045 2758 apestolos,
1088 2694 1220 2757 sive,
1282 2706 1338 2746 ut
1371 2696 1609 2763 plerique
1643 2712 1738 2749 au-

165 2792 404 2844 tuuiant,
453 2785 605 2848 juxta
647 2783 990 2848 Mattlnetnn;
1047 2787 1188 2853 quod
1238 2795 1286 2838 et
1331 2787 1382 2838 in
1421 2788 1737 2842 Caesariensi

167 2857 402 2923 habetur
435 2873 782 2935 bibliotheca,
824 2893 840 2923 ι
879 2885 984 2926 etc.
1018 2879 1297 2928 Asserluni
1332 2877 1397 2929 de
1415 2879 1737 2932 Caesariensi

165 2963 497 3017 bibliotheca
533 2966 676 3017 clare
712 2967 968 3027 insinuat,
1011 2967 1136 3020 illud
1194 2971 1366 3038 ipsum
1405 2987 1545 3037 esse,
1595 2973 1739 3041 quod

166 3070 332 3122 supra
376 3065 535 3108 vocat
568 3056 890 3108 chrairnm
931 3061 1186 3112 Matt/tati.

235 3147 326 3198 58.
371 3145 609 3198 Rursum
637 3148 687 3197 in
719 3145 951 3200 Matth-.ei
1002 3166 1123 3217 cap.
1173 3167 1270 3212 ιιι,
1320 3153 1457 3205 idem
1501 3155 1739 3221 Evangc-
1770 3187 1815 3247 Ο

169 3239 297 3292 lium
337 3239 416 3292 sic
447 3239 629 3292 laudat
661 3258 672 3290 z
709 3259 725 3288 t
762 3240 819 3292 In
877 3241 1186 3313 Evangelio,
1220 3260 1326 3310 quo
1383 3255 1608 3296 utuntur
1637 3245 1738 3296 Nao

167 3339 367 3386 zarazni
399 3343 454 3385 et
514 3331 780 3386 Ebiouitte
835 3333 996 3403 (quod
1044 3352 1216 3403 nuper
1267 3339 1320 3388 in
1371 3336 1617 3390 Graecum
1676 3337 1742 3390 de

169 3422 401 3478 Hebraeo
438 3440 693 3478 sermone
728 3427 1125 3488 transtulimus,
1163 3440 1217 3482 et
1271 3431 1414 3496 quod
1464 3441 1685 3484 vocatur
1715 3448 1743 3484 a

169 3515 451 3582 plerisque
491 3514 724 3567 Mattlnci
781 3517 1180 3580 authentientn,
1235 3538 1252 3570 ι
1292 3523 1419 3588 etc).
1481 3523 1614 3574 Cum
1658 3524 1745 3576 hic

171 3606 236 3656 de
282 3605 645 3656 translatione
710 3621 807 3656 sua
866 3617 1113 3667 testetur,
1161 3611 1368 3662 clarum
1419 3621 1519 3674 est,
1569 3615 1742 3680 ipsum

172 3694 372 3748 iterum
433 3695 498 3746 de
551 3696 740 3748 eodem
799 3697 944 3765 loqui
1007 3697 1322 3768 Evangelio,
1376 3701 1504 3754 illud
1570 3705 1742 3774 ipsum

171 3799 228 3838 se
274 3786 625 3840 transtulisse
654 3787 785 3840 dicit
817 3789 870 3841 in
917 3805 1033 3857 cap.
1074 3807 1145 3843 vn
1186 3793 1446 3857 Michtt‘tl‘,
1477 3797 1563 3848 ubi
1592 3807 1746 3850 vocat

175 3876 532 3948 Evangelium
568 3880 850 3931 secundum
889 3882 1136 3933 chrwos
1173 3886 1388 3934 editum.
1432 3885 1652 3938 Uemum
1689 3889 1740 3938 in

177 3989 297 4042 cap.
333 3990 408 4026 vn
441 3975 592 4026 lsaite
612 3976 798 4027 eodem
821 3975 939 4027 loco
963 3976 1106 4028 clare
1135 3977 1371 4030 insinuat
1393 3978 1747 4047 Hieronymus

176 4075 418 4118 mentem
455 4080 629 4128 suam,
667 4067 794 4118 dum
832 4066 904 4119 ita
959 4067 1146 4120 scribit
1178 4084 1190 4119 :
1247 4087 1263 4118 ι
1317 4067 1473 4121 Juxta
1506 4071 1748 4136 Evange-

174 4154 331 4215 lium,
366 4159 511 4224 quod
560 4157 790 4212 Hebraeo
844 4173 1086 4212 seruiunt
1140 4163 1504 4225 conscriptum
1566 4161 1749 4225 legunt

174 4248 410 4302 Nazarzci
447 4266 460 4299 :
499 4269 516 4299 ι
565 4251 824 4302 Descende
873 4267 1028 4317 super
1073 4267 1190 4301 eum
1228 4249 1546 4319 (Christum)
1581 4253 1748 4304 amnis

176 4343 290 4411 fons
321 4342 556 4408 Spiritus
589 4342 776 4393 sancti.
816 4342 879 4393 Et
915 4357 1076 4395 mox:
1121 4360 1139 4392 ι
1184 4343 1240 4393 In
1275 4343 1466 4394 eodem
1507 4342 1745 4396 Matthzei

178 4435 457 4486 volumine
509 4435 736 4501 legimus
774 4434 924 4494 illud,
982 4435 1123 4498 quod
1189 4435 1239 4485 in
1289 4440 1747 4502 consequentibus

176 4526 483 4580 scribitur:
534 4523 664 4577 Ecce
701 4523 838 4578 Puer
887 4540 1049 4588 meus,
1102 4541 1252 4593 quem
1302 4527 1450 4593 elegi.
1490 4537 1592 4584 etc.
1651 4526 1751 4581 Hic
1783 4514 1827 4570 υ

180 4621 322 4673 idem
376 4619 750 4688 Evangelium.
789 4622 930 4689 quod
993 4621 1174 4688 legunt
1222 4619 1477 4682 Nazarzci,
1521 4621 1750 4688 apertis-

181 4714 316 4766 sime
384 4723 542 4764 vocat
573 4713 806 4765 Matthxi
867 4715 1141 4767 volumen.
1191 4714 1372 4780 itaque
1433 4724 1644 4767 constat
1687 4716 1752 4767 de

182 4814 365 4858 mente
403 4805 460 4858 S.
493 4803 834 4874 Hieronymi,
870 4806 961 4872 qui
995 4802 1362 4873 Evangelium,
1396 4823 1502 4874 qtto
1525 4803 1753 4859 uteban-

183 4913 269 4954 tur
333 4897 597 4962 Nazatmi,
667 4908 722 4952 et
794 4899 934 4966 quod
1003 4897 1134 4951 alias
1224 4907 1375 4952 vocat
1453 4900 1750 4950 secundum

185 4993 464 5053 Hebraeos,
536 5007 634 5057 pro
698 4990 816 5058 ipso
878 4989 932 5041 S.
995 4989 1228 5041 Maitthtei
1289 4989 1552 5042 Hebraico
1579 4989 1751 5042 Evan-

184 5085 323 5153 gelio
374 5080 584 5146 habuit,
617 5095 726 5134 non
766 5089 946 5135 autem
981 5097 1078 5149 pro
1119 5098 1274 5148 puro,
1329 5093 1386 5134 ut
1423 5097 1545 5133 mox
1600 5086 1751 5137 νιόο·

190 5183 392 5233 bitnus.

250 5273 340 5328 39.
373 5271 659 5324 Sententia
699 5268 756 5322 S.
798 5267 1088 5339 Epiphanii
1137 5283 1241 5323 non
1278 5269 1384 5322 alia
1437 5279 1542 5331 est.
1588 5286 1751 5338 quam

184 5365 523 5437 Hieronymi.
578 5361 712 5415 Nam
782 5363 973 5416 hmresi
1041 5363 1132 5428 29,
1173 5379 1293 5431 qua:
1347 5376 1428 5416 est
1467 5363 1749 5419 Nazaran-

187 5476 322 5524 rum,
350 5475 472 5528 cap.
522 5458 557 5512 9
588 5456 660 5510 ita
692 5456 852 5510 habet
887 5473 898 5509 :
947 5474 963 5506 ι
1003 5456 1098 5510 Est
1121 5473 1246 5510 vero
1278 5473 1442 5527 penes
1475 5459 1597 5512 illos
1625 5459 1751 5527 (Na-

184 5557 402 5620 zarazos)
433 5549 783 5618 Evangelium
812 5549 1110 5602 secundum
1150 5548 1455 5602 Matthaaum
1493 5550 1751 5604 Hebraiee

184 5649 465 5714 scriptum,
525 5652 582 5695 et
625 5640 839 5710 quidem
896 5640 1378 5696 absolutissimum.
1445 5642 1554 5696 Hoc
1607 5645 1750 5695 enim

181 5738 505 5800 certissime,
549 5743 712 5804 prout
747 5731 1023 5785 Hebraicis
1060 5733 1251 5785 litteris
1299 5732 1454 5786 initio
1489 5734 1748 5804 scriptum

183 5843 282 5898 eat,
340 5831 393 5882 iu
435 5826 764 5883 hodiernum
819 5839 988 5892 usque
1053 5833 1264 5893 tempus
1317 5839 1662 5881 conservant.
1727 5848 1742 5878 υ

1842 599 1965 638 care
2000 585 2347 653 Evangelium
2407 584 2548 637 istud
2603 584 3084 648 absolutissimum,
3148 587 3261 639 sive
3299 587 3413 655 ple-

1841 675 2132 726 nissimum
2185 679 2267 743 (ut
2315 685 2514 729 sonant
2569 677 2729 728 verba
2791 676 2963 743 ipsius
3018 677 3222 744 Graeca)
3285 679 3410 744 quia

1839 765 2211 826 existimabat.
2281 766 2420 818 nihil
2485 767 2643 834 plane
2729 769 3094 834 corruptionis
3166 770 3216 821 iu
3279 770 3410 822 illud

1841 861 2147 931 irrepsisse,
2189 866 2282 914 sed
2341 863 2465 928 quia
2530 864 2807 927 credebat,
2859 866 3185 927 exemplaria
3239 864 3405 918 Nazao

1839 968 2072 1006 ratorum
2121 953 2300 1006 minus
2331 968 2450 1006 esse
2479 964 2760 1022 corrupta,
2825 970 2985 1022 quam
3035 956 3260 1008 aliorum
3297 959 3412 1010 ha:-

1841 1046 2157 1101 rcticorum.
2201 1043 2316 1096 Mox
2342 1046 2486 1098 enim
2529 1047 2808 1114 sulijungit
2858 1051 2971 1099 haec
3009 1048 3166 1100 verba
3207 1065 3219 1100 :
3262 1067 3278 1097 ι
3309 1049 3411 1101 Ve-

1841 1151 1960 1189 rum
1995 1135 2125 1188 illud
2160 1136 2366 1198 nescio,
2401 1151 2529 1188 num
2586 1138 2928 1205 genealogias
2986 1138 3103 1191 illas
3157 1148 3405 1208 amputa-

1843 1228 1972 1289 rint,
1998 1243 2116 1294 quze
2152 1228 2218 1280 ab
2259 1227 2570 1280 Abrahamo
2587 1229 2651 1281 ad
2681 1228 2956 1283 Christum
3009 1247 3178 1299 uSque
3211 1234 3412 1300 perdu-

1841 1330 1938 1372 cta:
1975 1327 2119 1372 sunt.
2160 1337 2178 1369 ›
2219 1317 2364 1370 Talis
2402 1330 2581 1372 autem
2617 1320 2882 1373 dubitatio
2937 1323 3080 1374 clare
3145 1326 3410 1388 insinuat,

1840 1413 2126 1467 Nazaraos
2198 1425 2415 1480 quoque
2487 1423 2768 1481 suspectos
2868 1414 3169 1482 Epiphanio
3247 1416 3415 1473 fuisse

1840 1505 2209 1572 corruptionis
2276 1506 2328 1557 in
2393 1504 2736 1574 Evangelium
2819 1505 3052 1560 Matthxi
3131 1509 3412 1572 inductze;

1840 1600 2022 1652 minus
2051 1602 2253 1658 tamen,
2294 1613 2456 1664 quam
2511 1599 2810 1661 Ebionitas,
2841 1600 3046 1652 aliosve
3097 1602 3410 1663 litereticos,

1840 1692 1929 1759 qui
1961 1691 2102 1744 idem
2137 1691 2307 1759 magis
2365 1701 2742 1757 corruperant.
2776 1691 3048 1744 Laudatus
3077 1691 3414 1760 Epiphanius

1843 1797 1965 1848 cap.
2001 1781 2028 1832 7
2061 1780 2288 1843 dixerat,
2347 1777 2724 1834 Nazareorum
2791 1792 2994 1834 sectam
3039 1785 3089 1833 in
3143 1781 3414 1838 θοι-ωριιεί

1846 1873 2063 1927 civitate
2139 1872 2481 1940 potissimum
2535 1872 2736 1940 vigere.
2801 1872 2955 1929 Unde
3010 1871 3223 1942 colligo,
3287 1875 3415 1927 illud

1849 1964 2022 2030 ipsum
2076 1961 2351 2027 exemplar
2395 1960 2741 2022 Hebraicum.
2793 1963 2859 2014 de
2893 1979 3002 2031 quo
3036 1964 3294 2032 loquitur,
3347 1968 3416 2019 ab

1845 2057 2172 2124 Hieronymo
2199 2055 2364 2108 fuisse
2383 2055 2734 2121 exscriptum,
2783 2056 3080 2126 Graecoque
3139 2067 3189 2112 et
3229 2057 3417 2112 Latino

1845 2159 2094 2198 sermone
2127 2147 2385 2197 donatum
2434 2162 2626 2197 :suum
2658 2149 2801 2198 enim
2843 2147 3043 2200 Hermae
3090 2165 3116 2200 a
3148 2148 3418 2205 Nazaracis

1845 2245 2127 2301 acceperat
2143 2233 2518 2303 Hieronymus.
2540 2235 2770 2288 Rursum
2792 2234 3150 2304 Epiphanius,
3174 2239 3303 2291 Ιιωτ.
3322 2237 3414 2297 50.

1845 2342 1964 2395 quae
1987 2337 2067 2379 est
2089 2325 2485 2384 Ebionitarum.
2520 2341 2639 2394 cap.
2683 2327 2715 2378 ὅ
2777 2327 3026 2388 allirmat,
3072 2329 3234 2382 hosce
3279 2343 3418 2397 quo-

1846 2435 1951 2486 que
1973 2419 2243 2472 Hebraico
2275 2417 2508 2470 Matthaai
2535 2417 2826 2486 Evangelio
2851 2435 2976 2472 usos
3007 2434 3148 2480 esse.
3193 2429 3246 2472 et
3299 2420 3419 2487 qui-

1847 2507 1968 2558 dem
2045 2507 2160 2562 solo
2233 2507 2710 2559 Cerinthianorutn
2775 2507 2859 2560 vel
2931 2508 3417 2563 Merinthianorum

1849 2598 2040 2662 instar,
2093 2608 2254 2666 atque
2305 2600 2435 2651 illud
2507 2614 2730 2652 vocasse
2809 2602 3094 2653 secundum
3149 2603 3418 2662 Hebra'os.

1849 2687 2054 2743 Deinde
2089 2704 2206 2756 cap.
2243 2690 2308 2742 15
2332 2689 2398 2741 de
2435 2689 2640 2756 majore
2696 2691 2836 2757 apud
2893 2691 3038 2758 ipsos
3071 2696 3421 2761 corruptione

1848 2781 1992 2833 illius
2031 2780 2304 2848 Evangelii
2343 2780 2422 2833 sic
2449 2779 2734 2846 loquitur:
2775 2800 2791 2830 ι
2833 2780 3000 2849 igitur
3054 2782 3105 2834 iu
3150 2797 3236 2844 eo,
3272 2785 3415 2852 quod

1849 2889 2012 2942 penes
2054 2873 2169 2926 illos
2220 2882 2320 2926 est.
2354 2871 2585 2924 Matth-xi
2647 2873 2956 2940 Evangelio,
3005 2891 3313 2943 quanquam
3349 2893 3418 2930 ne

1849 2966 2116 3033 integrum
2147 2965 2362 3031 quidem
2398 2964 2524 3015 illud
2548 2962 2768 3027 habent,
2823 2969 2914 3017 sed
2967 2963 3326 3022 adulteratum
3367 2978 3424 3022 et

1848 3057 2117 3117 mutilum,
2146 3056 2304 3123 idque
2334 3055 2506 3123 ipsum
2563 3055 2882 3108 Hebraieum
2919 3068 3131 3119 vocant,
3177 3060 3246 3111 ita
3292 3059 3426 3112 scri-

1852 3160 2002 3216 pturn
2034 3157 2116 3202 est
2154 3166 2171 3196 ι
2211 3159 2314 3199 etc.
2346 3146 2620 3199 Hactenus
2650 3148 3003 3215 Epiphanius,
3048 3167 3077 3202 e
3109 3151 3268 3218 cujus
3303 3166 3424 3203 ver-

1847 3241 1928 3292 bis
1957 3241 2305 3290 manifestum
2341 3249 2444 3299 cst,
2508 3255 2617 3291 non
2671 3241 2968 3300 dubitasse.
3013 3241 3140 3308 quin
3183 3243 3427 3312 Evange-

1846 3330 1976 3381 liutn
2011 3329 2330 3382 Hebraicum
2369 3328 2601 3381 Matthxi
2643 3342 2789 3385 esset
2825 3345 3207 3386 conservatum
3277 3335 3420 3402 apud

1847 3421 2151 3485 Nazarazos,
2200 3422 2290 3476 sed
2353 3435 2662 3491 snSpectum
2729 3424 2983 3478 habuisse
3037 3425 3103 3478 de
3166 3428 3425 3482 nonnulla

1848 3517 2220 3584 corruptione,
2285 3527 2444 3584 prout
2507 3513 2883 3569 Ebionitarout
2946 3517 3420 3585 corruptissimum

1849 3622 1968 3658 CSSC
2009 3617 2156 3659 ρει-ιο
2188 3621 2219 3656 n
2232 3623 2389 3659 overa
2401 3615 2438 3658 ι.

1919 3724 2009 3778 40.
2037 3723 2296 3778 Similiter
2320 3735 2543 3778 sanctus
2572 3724 2955 3795 Hieronymus,
2996 3729 3094 3779 etsi
3137 3727 3421 3783 Nazarteo-

1853 3835 1968 3871 rum
2014 3818 2363 3886 Evangelium
2384 3833 2491 3870 non
2528 3833 2650 3870 raro
2675 3819 2890 3884 alleget,
2928 3834 3203 3887 nunquam
3242 3831 3421 3874 tamen

1851 3917 2052 3959 tantam
2114 3908 2212 3974 ipsi
2264 3908 2640 3959 attetorilatetn
2687 3910 2894 3970 tribuit,
2941 3921 3198 3976 quantam
3253 3911 3421 3964 textui

1849 3999 2034 4054 ϐω»υο
2059 3999 2138 4051 vel
2171 3998 2358 4050 Latino
2389 3999 2454 4051 ab
2496 3999 2728 4052 Ecclesia
2769 4011 3004 4069 recepto.
3063 4004 3116 4054 Id
3169 4005 3284 4068 ipse
3339 4008 3425 4056 ln-

1851 4093 2053 4156 siuuat,
2089 4092 2182 4145 lib.
2215 4109 2292 4155 nt,
2331 4091 2526 4145 Contra
2560 4092 2894 4162 Pelagianos,
2929 4095 3016 4147 ubi
3070 4095 3328 4150 nonnulla
3355 4113 3420 4152 ex

1853 4185 1943 4236 illo
1979 4187 2288 4252 Evangelia,
2350 4195 2404 4236 et
2440 4185 2616 4236 locum
2659 4189 2894 4252 aliquem
2939 4188 2994 4238 S.
3043 4189 3228 4256 lgnatii
3274 4205 3419 4243 mar-

1855 4279 1983 4348 tyris
2024 4278 2238 4348 allegat.
2274 4286 2328 4331 et
2360 4280 2481 4331 niox
2534 4280 2754 4348 Subjicit
2801 4301 2810 4332 :
2863 4298 2879 4329 ‹
2939 4282 3145 4346 Quibus
3180 4284 3428 4337 testimo-

1851 4371 1956 4424 niis
1995 4372 2034 4424 si
2081 4388 2183 4422 non
2225 4371 2391 4424 uteris
2443 4370 2505 4423 ad
2568 4374 2960 4435 auctoritatem,
3019 4378 3172 4427 utere
3231 4377 3422 4427 saltem

1855 4458 1918 4509 ad
1975 4458 2377 4522 antiquitatem,
2461 4459 2591 4523 quid
2657 4474 2849 4510 omnes
2907 4461 3263 4514 ecclesiastici
3324 4461 3425 4516 viri

1856 4551 2150 4602 senserint.
2212 4566 2228 4596 ι
2272 4545 2384 4600 Hac
2439 4548 2505 4601 de
2562 4565 2724 4602 causa
2769 4560 2992 4604 sanctus
3042 4550 3425 4624 Hieronymus,

1855 4639 2074 4706 quando
2100 4638 2326 4704 jubente
2357 4647 2545 4691 sancto
2573 4639 2797 4692 Damaso
2822 4640 2987 4709 Papa.
3029 4654 3232 4696 textum
3283 4643 3378 4697 Lat
3403 4673 3428 4687 -

1855 4747 1981 4783 num
2019 4741 2249 4797 quatuor
2283 4729 2697 4798 Evangeliorutn
2732 4734 3120 4806 cprrigendum
3155 4738 3419 4805 Suscepit,

1857 4837 1962 4874 non
1990 4833 2218 4875 estusus
2247 4821 2538 4890 exemplari
2576 4821 2844 4876 llebraico
2879 4825 3008 4887 ullo,
3041 4827 3184 4893 quod
3211 4828 3419 4880 nullum

1857 4915 2020 4966 sciret
2063 4914 2194 4967 satis
2244 4914 2655 4982 incorruptum;
2717 4917 2810 4970 sed
2873 4921 3096 4971 vetustis
3149 4919 3429 4973 codicibus

1854 5005 2079 5064 Graecis.
2111 5015 2167 5058 ut
2201 5007 2315 5073 ipse
2350 5007 2536 5058 seribit
2566 5008 2631 5058 ad
2665 4990 2972 5064 Damasum.
3010 5009 3065 5061 In
3099 5011 3287 5062 eadem
3347 5018 3428 5063 ta-

1857 5113 1978 5150 men
2015 5097 2079 5149 ad
2115 5097 2399 5150 Damasum
2430 5096 2746 5166 prrefatione
2789 5099 2964 5159 docet,
3015 5099 3295 5153 Hebraicis
3332 5101 3429 5155 lit'

1859 5191 1988 5244 teris
2017 5205 2170 5244 usIIm
2208 5204 2329 5244 esse
2373 5188 2708 5250 Matthmum,
2748 5193 2815 5243 ita
2843 5192 3126 5248 scribens:
3163 5191 3235 5247 De
3276 5193 3427 5247 Novo

1856 5298 2001 5336 nunc
2040 5283 2229 5350 loquor
2265 5281 2612 5335 Testamento
2651 5298 2664 5333 :
2700 5284 2839 5351 quod
2869 5282 3113 5337 Grzecum
3141 5300 3262 5339 esse
3315 5302 3424 5339 non

1857 5373 2077 5426 dubium
2108 5381 2210 5431 est,
2248 5381 2476 5440 excepto
2502 5375 2748 5441 apostolo
2802 5373 3075 5440 Matthaeo,
3103 5376 3193 5444 qui
3218 5377 3424 5444 primus

1860 5466 1910 5517 in
1967 5464 2149 5519 Judzca
2215 5465 2563 5534 Evangelium
2639 5465 2839 5519 Christi
2907 5466 3181 5520 Hebraicis
3232 5468 3427 5524 litteris

1858 5557 2046 5610 edidit.
2089 5576 2104 5606 ι
2137 5557 2290 5610 Nunc
2320 5557 2486 5611 lector
2543 5557 2823 5612 studiosus
2851 5557 3051 5626 iudicet
3097 5559 3162 5612 de
3205 5560 3424 5611 ratioci-

1855 5651 1964 5702 niis
2009 5649 2274 5717 Basnagii.
2351 5651 2576 5718 ejusque
2635 5651 2686 5702 in
2755 5650 3129 5702 ratiocinando
3178 5652 3424 5704 assertis.

1858 5739 1999 5793 Vidit
2032 5752 2250 5793 sanctus
2288 5739 2645 5810 Hieronymus
2700 5741 3024 5795 Hebraicum
3052 5739 3421 5810 Evangelium,

1858 5847 1965 5899 quo
1996 5833 2286 5884 utebantur
2315 5833 2572 5891 Nazartei.
2606 5833 2958 5902 (irarumque
3025 5831 3156 5886 illud
3202 5842 3252 5887 et
3285 5830 3427 5884 Lati-
