  <div class='ocr_page' id='page_1' title='image "/cluster/home/n/w/nwhite01/storage/ocr_20150623/115/ien.35556001659887/397.png"; bbox 0 0 3956 6440; ppageno 0'>
   <div class='ocr_carea' id='block_1_1' title="bbox 571 351 672 416">
    <p class='ocr_par' dir='ltr' id='par_1_1' title="bbox 571 351 672 416">
     <span class='ocr_line' id='line_1_1' title="bbox 571 351 672 416; baseline 0.059 -6"><span class='ocrx_word' id='word_1_1' title='bbox 571 351 672 416; x_wconf 78' lang='grc'><strong>175</strong></span> 
     </span>
    </p>
   </div>
   <div class='ocr_carea' id='block_1_2' title="bbox 1787 352 2586 415">
    <p class='ocr_par' dir='ltr' id='par_1_2' title="bbox 1787 352 2586 415">
     <span class='ocr_line' id='line_1_2' title="bbox 1787 352 2586 415; baseline 0.001 -1"><span class='ocrx_word' id='word_1_2' title='bbox 1787 353 2071 414; x_wconf 80' lang='lat' dir='ltr'><strong>MENSIS</strong></span> <span class='ocrx_word' id='word_1_3' title='bbox 2114 352 2401 414; x_wconf 78' lang='lat' dir='ltr'><strong>SEPTEM</strong></span> <span class='ocrx_word' id='word_1_4' title='bbox 2415 353 2586 415; x_wconf 82' lang='lat' dir='ltr'><strong>BER.</strong></span> 
     </span>
    </p>
   </div>
   <div class='ocr_carea' id='block_1_3' title="bbox 3715 347 3816 411">
    <p class='ocr_par' dir='ltr' id='par_1_3' title="bbox 3715 347 3816 411">
     <span class='ocr_line' id='line_1_3' title="bbox 3715 347 3816 411; baseline -0.02 0"><span class='ocrx_word' id='word_1_5' title='bbox 3715 347 3816 411; x_wconf 77' lang='lat'><strong>776</strong></span> 
     </span>
    </p>
   </div>
   <div class='ocr_carea' id='block_1_4' title="bbox 567 464 3816 539">
    <p class='ocr_par' dir='ltr' id='par_1_4' title="bbox 567 464 3816 539">
     <span class='ocr_line' id='line_1_4' title="bbox 567 464 3816 539; baseline -0.001 -18"><span class='ocrx_word' id='word_1_6' title='bbox 567 482 702 521; x_wconf 90' lang='lat' dir='ltr'><strong>num</strong></span> <span class='ocrx_word' id='word_1_7' title='bbox 760 466 1017 532; x_wconf 89' lang='lat' dir='ltr'><strong>reddidit,</strong></span> <span class='ocrx_word' id='word_1_8' title='bbox 1050 479 1101 527; x_wconf 87' lang='lat' dir='ltr'><strong>et</strong></span> <span class='ocrx_word' id='word_1_9' title='bbox 1140 478 1256 539; x_wconf 89' lang='lat' dir='ltr'><strong>post</strong></span> <span class='ocrx_word' id='word_1_10' title='bbox 1293 485 1525 524; x_wconf 86' lang='lat' dir='ltr'><strong>examen</strong></span> <span class='ocrx_word' id='word_1_11' title='bbox 1561 478 1667 524; x_wconf 88' lang='lat' dir='ltr'><strong>tam</strong></span> <span class='ocrx_word' id='word_1_12' title='bbox 1702 481 1974 529; x_wconf 79' lang='lat' dir='ltr'><strong>exactum.</strong></span> <span class='ocrx_word' id='word_1_13' title='bbox 2002 470 2147 537; x_wconf 88' lang='lat' dir='ltr'><strong>judi-</strong></span> <span class='ocrx_word' id='word_1_14' title='bbox 2172 480 2217 534; x_wconf 80' lang='grc' dir='ltr'><strong>Α</strong></span> <span class='ocrx_word' id='word_1_15' title='bbox 2252 480 2485 533; x_wconf 88' lang='lat' dir='ltr'><strong>tumest,</strong></span> <span class='ocrx_word' id='word_1_16' title='bbox 2521 472 2755 538; x_wconf 87' lang='lat' dir='ltr'><strong>primum</strong></span> <span class='ocrx_word' id='word_1_17' title='bbox 2782 484 2843 521; x_wconf 84' lang='lat' dir='ltr'><strong>ex</strong></span> <span class='ocrx_word' id='word_1_18' title='bbox 2868 468 3122 521; x_wconf 89' lang='lat' dir='ltr'><strong>omnibus</strong></span> <span class='ocrx_word' id='word_1_19' title='bbox 3145 466 3494 535; x_wconf 74' lang='lat' dir='ltr'><strong>evangelistis</strong></span> <span class='ocrx_word' id='word_1_20' title='bbox 3512 464 3816 535; x_wconf 82' lang='lat' dir='ltr'><strong>scripsisse,</strong></span> 
     </span>
    </p>
   </div>
   <div class='ocr_carea' id='block_1_5' title="bbox 564 559 2138 631">
    <p class='ocr_par' dir='ltr' id='par_1_5' title="bbox 564 559 2138 631">
     <span class='ocr_line' id='line_1_5' title="bbox 564 559 2138 631; baseline 0.002 -19"><span class='ocrx_word' id='word_1_21' title='bbox 564 560 704 612; x_wconf 89' lang='lat' dir='ltr'><strong>cavit</strong></span> <span class='ocrx_word' id='word_1_22' title='bbox 764 575 887 614; x_wconf 89' lang='lat' dir='ltr'><strong>cum</strong></span> <span class='ocrx_word' id='word_1_23' title='bbox 951 559 1008 614; x_wconf 91' lang='lat' dir='ltr'><strong>S.</strong></span> <span class='ocrx_word' id='word_1_24' title='bbox 1074 560 1397 631; x_wconf 82' lang='lat' dir='ltr'><strong>Epiphanio.</strong></span> <span class='ocrx_word' id='word_1_25' title='bbox 1474 562 1650 631; x_wconf 88' lang='lat' dir='ltr'><strong>ipsum</strong></span> <span class='ocrx_word' id='word_1_26' title='bbox 1730 579 1852 618; x_wconf 88' lang='lat' dir='ltr'><strong>esse</strong></span> <span class='ocrx_word' id='word_1_27' title='bbox 1904 562 2138 617; x_wconf 54' lang='lat' dir='ltr'><strong>Matthxi</strong></span> 
     </span>
    </p>
   </div>
   <div class='ocr_carea' id='block_1_6' title="bbox 563 648 2139 723">
    <p class='ocr_par' dir='ltr' id='par_1_6' title="bbox 563 648 2139 723">
     <span class='ocr_line' id='line_1_6' title="bbox 563 648 2139 723; baseline 0.003 -21"><span class='ocrx_word' id='word_1_28' title='bbox 563 648 916 714; x_wconf 83' lang='lat' dir='ltr'><strong>Hebraieum,</strong></span> <span class='ocrx_word' id='word_1_29' title='bbox 948 653 1041 706; x_wconf 89' lang='lat' dir='ltr'><strong>sed</strong></span> <span class='ocrx_word' id='word_1_30' title='bbox 1075 654 1282 721; x_wconf 84' lang='lat' dir='ltr'><strong>aliquot</strong></span> <span class='ocrx_word' id='word_1_31' title='bbox 1336 653 1471 707; x_wconf 84' lang='lat' dir='ltr'><strong>locis</strong></span> <span class='ocrx_word' id='word_1_32' title='bbox 1509 663 1848 723; x_wconf 90' lang='lat' dir='ltr'><strong>corruptum,</strong></span> <span class='ocrx_word' id='word_1_33' title='bbox 1908 655 2139 721; x_wconf 82' lang='lat' dir='ltr'><strong>ideoque</strong></span> 
     </span>
    </p>
   </div>
   <div class='ocr_carea' id='block_1_7' title="bbox 560 741 2135 812">
    <p class='ocr_par' dir='ltr' id='par_1_7' title="bbox 560 741 2135 812">
     <span class='ocr_line' id='line_1_7' title="bbox 560 741 2135 812; baseline 0.001 -19"><span class='ocrx_word' id='word_1_34' title='bbox 560 741 739 793; x_wconf 84' lang='lat' dir='ltr'><strong>debita</strong></span> <span class='ocrx_word' id='word_1_35' title='bbox 796 742 1121 796; x_wconf 73' lang='lat' dir='ltr'><strong>auctoritate</strong></span> <span class='ocrx_word' id='word_1_36' title='bbox 1182 757 1425 806; x_wconf 80' lang='lat' dir='ltr'><strong>carens;</strong></span> <span class='ocrx_word' id='word_1_37' title='bbox 1487 743 1785 812; x_wconf 81' lang='lat' dir='ltr'><strong>Basnagins</strong></span> <span class='ocrx_word' id='word_1_38' title='bbox 1836 759 1985 805; x_wconf 84' lang='lat' dir='ltr'><strong>vero,</strong></span> <span class='ocrx_word' id='word_1_39' title='bbox 2046 743 2135 809; x_wconf 87' lang='lat' dir='ltr'><strong>qui</strong></span> 
     </span>
    </p>
   </div>
   <div class='ocr_carea' id='block_1_8' title="bbox 562 834 2138 903">
    <p class='ocr_par' dir='ltr' id='par_1_8' title="bbox 562 834 2138 903">
     <span class='ocr_line' id='line_1_8' title="bbox 562 834 2138 903; baseline 0.002 -19"><span class='ocrx_word' id='word_1_40' title='bbox 562 848 840 903; x_wconf 81' lang='lat' dir='ltr'><strong>nunquam</strong></span> <span class='ocrx_word' id='word_1_41' title='bbox 888 834 1014 887; x_wconf 90' lang='lat' dir='ltr'><strong>illttd</strong></span> <span class='ocrx_word' id='word_1_42' title='bbox 1046 834 1199 895; x_wconf 81' lang='lat' dir='ltr'><strong>vidit,</strong></span> <span class='ocrx_word' id='word_1_43' title='bbox 1257 836 1538 888; x_wconf 73' lang='lat' dir='ltr'><strong>contendit</strong></span> <span class='ocrx_word' id='word_1_44' title='bbox 1597 835 1947 903; x_wconf 80' lang='lat' dir='ltr'><strong>Evangeliutn</strong></span> <span class='ocrx_word' id='word_1_45' title='bbox 2005 834 2138 887; x_wconf 88' lang='lat' dir='ltr'><strong>illud</strong></span> 
     </span>
    </p>
   </div>
   <div class='ocr_carea' id='block_1_9' title="bbox 562 923 2135 987">
    <p class='ocr_par' dir='ltr' id='par_1_9' title="bbox 562 923 2135 987">
     <span class='ocr_line' id='line_1_9' title="bbox 562 923 2135 987; baseline 0.001 -11"><span class='ocrx_word' id='word_1_46' title='bbox 562 938 765 976; x_wconf 89' lang='lat' dir='ltr'><strong>meram</strong></span> <span class='ocrx_word' id='word_1_47' title='bbox 808 923 975 978; x_wconf 80' lang='lat' dir='ltr'><strong>fuisse</strong></span> <span class='ocrx_word' id='word_1_48' title='bbox 1018 928 1325 979; x_wconf 78' lang='lat' dir='ltr'><strong>versionem</strong></span> <span class='ocrx_word' id='word_1_49' title='bbox 1359 942 1422 978; x_wconf 76' lang='lat' dir='ltr'><strong>es</strong></span> <span class='ocrx_word' id='word_1_50' title='bbox 1460 925 1651 981; x_wconf 65' lang='grc' dir='ltr'><strong>(ἓνδιεο</strong></span> <span class='ocrx_word' id='word_1_51' title='bbox 1680 927 1915 980; x_wconf 72' lang='lat' dir='ltr'><strong>Matthaei</strong></span> <span class='ocrx_word' id='word_1_52' title='bbox 1946 935 2135 987; x_wconf 78' lang='lat' dir='ltr'><strong>textu;</strong></span> 
     </span>
    </p>
   </div>
   <div class='ocr_carea' id='block_1_10' title="bbox 562 1007 2135 1082">
    <p class='ocr_par' dir='ltr' id='par_1_10' title="bbox 562 1007 2135 1082">
     <span class='ocr_line' id='line_1_10' title="bbox 562 1007 2135 1082; baseline -0.001 -13"><span class='ocrx_word' id='word_1_53' title='bbox 562 1007 639 1078; x_wconf 75' lang='lat' dir='ltr'><strong>id,</strong></span> <span class='ocrx_word' id='word_1_54' title='bbox 706 1018 947 1082; x_wconf 84' lang='lat' dir='ltr'><strong>inquam,</strong></span> <span class='ocrx_word' id='word_1_55' title='bbox 1006 1018 1286 1069; x_wconf 80' lang='lat' dir='ltr'><strong>contendit</strong></span> <span class='ocrx_word' id='word_1_56' title='bbox 1341 1027 1529 1069; x_wconf 87' lang='lat' dir='ltr'><strong>contra</strong></span> <span class='ocrx_word' id='word_1_57' title='bbox 1605 1030 1849 1070; x_wconf 86' lang='lat' dir='ltr'><strong>omnium</strong></span> <span class='ocrx_word' id='word_1_58' title='bbox 1917 1015 2135 1069; x_wconf 81' lang='lat' dir='ltr'><strong>Patrum</strong></span> 
     </span>
    </p>
   </div>
   <div class='ocr_carea' id='block_1_11' title="bbox 561 1108 2136 1177">
    <p class='ocr_par' dir='ltr' id='par_1_11' title="bbox 561 1108 2136 1177">
     <span class='ocr_line' id='line_1_11' title="bbox 561 1108 2136 1177; baseline 0.001 -20"><span class='ocrx_word' id='word_1_59' title='bbox 561 1109 962 1171; x_wconf 85' lang='lat' dir='ltr'><strong>auctoritatem,</strong></span> <span class='ocrx_word' id='word_1_60' title='bbox 1000 1118 1054 1160; x_wconf 88' lang='lat' dir='ltr'><strong>et</strong></span> <span class='ocrx_word' id='word_1_61' title='bbox 1088 1109 1206 1161; x_wconf 89' lang='lat' dir='ltr'><strong>sine</strong></span> <span class='ocrx_word' id='word_1_62' title='bbox 1232 1109 1341 1162; x_wconf 93' lang='lat' dir='ltr'><strong>ullo</strong></span> <span class='ocrx_word' id='word_1_63' title='bbox 1395 1108 1593 1162; x_wconf 83' lang='lat' dir='ltr'><strong>vetusti</strong></span> <span class='ocrx_word' id='word_1_64' title='bbox 1646 1108 1931 1177; x_wconf 84' lang='lat' dir='ltr'><strong>scriptoris</strong></span> <span class='ocrx_word' id='word_1_65' title='bbox 1987 1108 2136 1160; x_wconf 88' lang='lat' dir='ltr'><strong>testi-</strong></span> 
     </span>
    </p>
   </div>
   <div class='ocr_carea' id='block_1_12' title="bbox 559 1199 2136 1269">
    <p class='ocr_par' dir='ltr' id='par_1_12' title="bbox 559 1199 2136 1269">
     <span class='ocr_line' id='line_1_12' title="bbox 559 1199 2136 1269; baseline 0.001 -20"><span class='ocrx_word' id='word_1_66' title='bbox 559 1199 763 1251; x_wconf 89' lang='lat' dir='ltr'><strong>monio.</strong></span> <span class='ocrx_word' id='word_1_67' title='bbox 801 1200 913 1267; x_wconf 76' lang='lat' dir='ltr'><strong>Ego</strong></span> <span class='ocrx_word' id='word_1_68' title='bbox 948 1214 1077 1251; x_wconf 90' lang='lat' dir='ltr'><strong>sane</strong></span> <span class='ocrx_word' id='word_1_69' title='bbox 1113 1216 1222 1253; x_wconf 89' lang='lat' dir='ltr'><strong>non</strong></span> <span class='ocrx_word' id='word_1_70' title='bbox 1275 1202 1429 1268; x_wconf 77' lang='lat' dir='ltr'><strong>capio</strong></span> <span class='ocrx_word' id='word_1_71' title='bbox 1457 1216 1564 1269; x_wconf 91' lang='lat' dir='ltr'><strong>quo</strong></span> <span class='ocrx_word' id='word_1_72' title='bbox 1611 1200 1742 1253; x_wconf 90' lang='lat' dir='ltr'><strong>illud</strong></span> <span class='ocrx_word' id='word_1_73' title='bbox 1792 1201 2002 1269; x_wconf 85' lang='lat' dir='ltr'><strong>judicio</strong></span> <span class='ocrx_word' id='word_1_74' title='bbox 2041 1215 2136 1252; x_wconf 89' lang='lat' dir='ltr'><strong>co-</strong></span> 
     </span>
    </p>
   </div>
   <div class='ocr_carea' id='block_1_13' title="bbox 559 1286 2133 1356">
    <p class='ocr_par' dir='ltr' id='par_1_13' title="bbox 559 1286 2133 1356">
     <span class='ocr_line' id='line_1_13' title="bbox 559 1286 2133 1356; baseline 0.003 -18"><span class='ocrx_word' id='word_1_75' title='bbox 559 1286 731 1355; x_wconf 75' lang='lat' dir='ltr'><strong>gitare</strong></span> <span class='ocrx_word' id='word_1_76' title='bbox 773 1290 1031 1354; x_wconf 87' lang='lat' dir='ltr'><strong>potuerit,</strong></span> <span class='ocrx_word' id='word_1_77' title='bbox 1062 1304 1168 1356; x_wconf 91' lang='lat' dir='ltr'><strong>qua</strong></span> <span class='ocrx_word' id='word_1_78' title='bbox 1216 1290 1394 1343; x_wconf 79' lang='lat' dir='ltr'><strong>fronte</strong></span> <span class='ocrx_word' id='word_1_79' title='bbox 1429 1304 1595 1343; x_wconf 87' lang='lat' dir='ltr'><strong>ausus</strong></span> <span class='ocrx_word' id='word_1_80' title='bbox 1652 1289 1817 1342; x_wconf 80' lang='lat' dir='ltr'><strong>fuerit</strong></span> <span class='ocrx_word' id='word_1_81' title='bbox 1870 1290 2133 1353; x_wconf 85' lang='lat' dir='ltr'><strong>edicere;</strong></span> 
     </span>
    </p>
   </div>
   <div class='ocr_carea' id='block_1_14' title="bbox 558 1377 2132 1446">
    <p class='ocr_par' dir='ltr' id='par_1_14' title="bbox 558 1377 2132 1446">
     <span class='ocr_line' id='line_1_14' title="bbox 558 1377 2132 1446; baseline 0.001 -20"><span class='ocrx_word' id='word_1_82' title='bbox 558 1378 998 1446; x_wconf 76' lang='lat' dir='ltr'><strong>quanquuidem</strong></span> <span class='ocrx_word' id='word_1_83' title='bbox 1081 1387 1293 1432; x_wconf 86' lang='lat' dir='ltr'><strong>tantum</strong></span> <span class='ocrx_word' id='word_1_84' title='bbox 1366 1393 1475 1431; x_wconf 87' lang='lat' dir='ltr'><strong>non</strong></span> <span class='ocrx_word' id='word_1_85' title='bbox 1549 1387 1737 1445; x_wconf 85' lang='lat' dir='ltr'><strong>aperte</strong></span> <span class='ocrx_word' id='word_1_86' title='bbox 1798 1377 2132 1445; x_wconf 86' lang='lat' dir='ltr'><strong>pronuntiat,</strong></span> 
     </span>
    </p>
   </div>
   <div class='ocr_carea' id='block_1_15' title="bbox 558 1468 2131 1537">
    <p class='ocr_par' dir='ltr' id='par_1_15' title="bbox 558 1468 2131 1537">
     <span class='ocr_line' id='line_1_15' title="bbox 558 1468 2131 1537; baseline -0.001 -14"><span class='ocrx_word' id='word_1_87' title='bbox 558 1470 1025 1537; x_wconf 71' lang='lat' dir='ltr'><strong>reetiusjudicare</strong></span> <span class='ocrx_word' id='word_1_88' title='bbox 1050 1485 1107 1524; x_wconf 91' lang='lat' dir='ltr'><strong>se</strong></span> <span class='ocrx_word' id='word_1_89' title='bbox 1140 1471 1379 1537; x_wconf 83' lang='lat' dir='ltr'><strong>potuisse</strong></span> <span class='ocrx_word' id='word_1_90' title='bbox 1415 1469 1481 1523; x_wconf 87' lang='lat' dir='ltr'><strong>de</strong></span> <span class='ocrx_word' id='word_1_91' title='bbox 1532 1468 1823 1537; x_wconf 75' lang='lat' dir='ltr'><strong>Evangelia</strong></span> <span class='ocrx_word' id='word_1_92' title='bbox 1856 1483 2131 1536; x_wconf 81' lang='lat' dir='ltr'><strong>nunquam</strong></span> 
     </span>
    </p>
   </div>
   <div class='ocr_carea' id='block_1_16' title="bbox 556 1558 2130 1630">
    <p class='ocr_par' dir='ltr' id='par_1_16' title="bbox 556 1558 2130 1630">
     <span class='ocr_line' id='line_1_16' title="bbox 556 1558 2130 1630; baseline 0.004 -23"><span class='ocrx_word' id='word_1_93' title='bbox 556 1560 710 1622; x_wconf 86' lang='lat' dir='ltr'><strong>viso;</strong></span> <span class='ocrx_word' id='word_1_94' title='bbox 738 1576 898 1626; x_wconf 89' lang='lat' dir='ltr'><strong>quam</strong></span> <span class='ocrx_word' id='word_1_95' title='bbox 929 1561 1305 1616; x_wconf 81' lang='lat' dir='ltr'><strong>doctissimum</strong></span> <span class='ocrx_word' id='word_1_96' title='bbox 1348 1558 1735 1630; x_wconf 78' lang='lat' dir='ltr'><strong>Hieronymum</strong></span> <span class='ocrx_word' id='word_1_97' title='bbox 1809 1560 1876 1614; x_wconf 90' lang='lat' dir='ltr'><strong>de</strong></span> <span class='ocrx_word' id='word_1_98' title='bbox 1939 1562 2130 1614; x_wconf 86' lang='lat' dir='ltr'><strong>eodem</strong></span> 
     </span>
    </p>
   </div>
   <div class='ocr_carea' id='block_1_17' title="bbox 559 1652 2132 1726">
    <p class='ocr_par' dir='ltr' id='par_1_17' title="bbox 559 1652 2132 1726">
     <span class='ocr_line' id='line_1_17' title="bbox 559 1652 2132 1726; baseline 0.001 -19"><span class='ocrx_word' id='word_1_99' title='bbox 559 1652 871 1722; x_wconf 81' lang='lat' dir='ltr'><strong>frequenter</strong></span> <span class='ocrx_word' id='word_1_100' title='bbox 888 1658 1129 1724; x_wconf 88' lang='lat' dir='ltr'><strong>perlecta</strong></span> <span class='ocrx_word' id='word_1_101' title='bbox 1149 1657 1457 1726; x_wconf 82' lang='lat' dir='ltr'><strong>collataque</strong></span> <span class='ocrx_word' id='word_1_102' title='bbox 1486 1672 1607 1710; x_wconf 82' lang='lat' dir='ltr'><strong>eum</strong></span> <span class='ocrx_word' id='word_1_103' title='bbox 1627 1654 1829 1711; x_wconf 68' lang='lat' dir='ltr'><strong>Graecis</strong></span> <span class='ocrx_word' id='word_1_104' title='bbox 1858 1666 1911 1708; x_wconf 88' lang='lat' dir='ltr'><strong>et</strong></span> <span class='ocrx_word' id='word_1_105' title='bbox 1927 1654 2132 1709; x_wconf 88' lang='lat' dir='ltr'><strong>Latinis</strong></span> 
     </span>
    </p>
   </div>
   <div class='ocr_carea' id='block_1_18' title="bbox 556 1747 983 1815">
    <p class='ocr_par' dir='ltr' id='par_1_18' title="bbox 556 1747 983 1815">
     <span class='ocr_line' id='line_1_18' title="bbox 556 1747 983 1815; baseline 0 -16"><span class='ocrx_word' id='word_1_106' title='bbox 556 1747 983 1815; x_wconf 74' lang='lat' dir='ltr'><strong>exemplaribus.</strong></span> 
     </span>
    </p>
   </div>
   <div class='ocr_carea' id='block_1_19' title="bbox 2241 558 3815 629">
    <p class='ocr_par' dir='ltr' id='par_1_19' title="bbox 2241 558 3815 629">
     <span class='ocr_line' id='line_1_19' title="bbox 2241 558 3815 629; baseline -0.003 -15"><span class='ocrx_word' id='word_1_107' title='bbox 2241 572 2295 614; x_wconf 87' lang='lat' dir='ltr'><strong>et</strong></span> <span class='ocrx_word' id='word_1_108' title='bbox 2341 561 2691 629; x_wconf 81' lang='lat' dir='ltr'><strong>Evangelium</strong></span> <span class='ocrx_word' id='word_1_109' title='bbox 2717 560 3118 627; x_wconf 84' lang='lat' dir='ltr'><strong>composuisse,</strong></span> <span class='ocrx_word' id='word_1_110' title='bbox 3168 560 3481 625; x_wconf 78' lang='lat' dir='ltr'><strong>priusquam</strong></span> <span class='ocrx_word' id='word_1_111' title='bbox 3532 574 3597 611; x_wconf 79' lang='lat' dir='ltr'><strong>ex</strong></span> <span class='ocrx_word' id='word_1_112' title='bbox 3633 558 3815 611; x_wconf 71' lang='lat' dir='ltr'><strong>Judzea</strong></span> 
     </span>
    </p>
   </div>
   <div class='ocr_carea' id='block_1_20' title="bbox 2240 646 3817 717">
    <p class='ocr_par' dir='ltr' id='par_1_20' title="bbox 2240 646 3817 717">
     <span class='ocr_line' id='line_1_20' title="bbox 2240 646 3817 717; baseline -0.003 -14"><span class='ocrx_word' id='word_1_113' title='bbox 2240 651 2545 704; x_wconf 84' lang='lat' dir='ltr'><strong>discederet</strong></span> <span class='ocrx_word' id='word_1_114' title='bbox 2576 651 2638 703; x_wconf 89' lang='lat' dir='ltr'><strong>ad</strong></span> <span class='ocrx_word' id='word_1_115' title='bbox 2671 649 3075 717; x_wconf 74' lang='lat' dir='ltr'><strong>pra-dicandum</strong></span> <span class='ocrx_word' id='word_1_116' title='bbox 3109 649 3230 700; x_wconf 88' lang='lat' dir='ltr'><strong>aliis</strong></span> <span class='ocrx_word' id='word_1_117' title='bbox 3268 648 3548 717; x_wconf 79' lang='lat' dir='ltr'><strong>gentibus.</strong></span> <span class='ocrx_word' id='word_1_118' title='bbox 3615 646 3673 701; x_wconf 88' lang='lat' dir='ltr'><strong>S.</strong></span> <span class='ocrx_word' id='word_1_119' title='bbox 3709 650 3817 700; x_wconf 72' lang='lat' dir='ltr'><strong>lreo</strong></span> 
     </span>
    </p>
   </div>
   <div class='ocr_carea' id='block_1_21' title="bbox 2241 739 3817 806">
    <p class='ocr_par' dir='ltr' id='par_1_21' title="bbox 2241 739 3817 806">
     <span class='ocr_line' id='line_1_21' title="bbox 2241 739 3817 806; baseline -0.001 -11"><span class='ocrx_word' id='word_1_120' title='bbox 2241 758 2391 795; x_wconf 77' lang='lat' dir='ltr'><strong>meus</strong></span> <span class='ocrx_word' id='word_1_121' title='bbox 2471 742 2562 795; x_wconf 90' lang='lat' dir='ltr'><strong>lib.</strong></span> <span class='ocrx_word' id='word_1_122' title='bbox 2631 757 2685 793; x_wconf 95' lang='grc' dir='ltr'><strong>ιιι</strong></span> <span class='ocrx_word' id='word_1_123' title='bbox 2738 740 2935 795; x_wconf 74' lang='grc' dir='ltr'><strong>(ῖοιιιτη</strong></span> <span class='ocrx_word' id='word_1_124' title='bbox 3012 739 3270 798; x_wconf 70' lang='grc' dir='ltr'><strong>Ηιρηεεε,</strong></span> <span class='ocrx_word' id='word_1_125' title='bbox 3318 754 3442 806; x_wconf 86' lang='lat' dir='ltr'><strong>cap.</strong></span> <span class='ocrx_word' id='word_1_126' title='bbox 3502 740 3555 801; x_wconf 79' lang='lat' dir='ltr'><strong>t,</strong></span> <span class='ocrx_word' id='word_1_127' title='bbox 3607 740 3817 793; x_wconf 81' lang='lat' dir='ltr'><strong>videtur</strong></span> 
     </span>
    </p>
   </div>
   <div class='ocr_carea' id='block_1_22' title="bbox 2240 830 3812 900">
    <p class='ocr_par' dir='ltr' id='par_1_22' title="bbox 2240 830 3812 900">
     <span class='ocr_line' id='line_1_22' title="bbox 2240 830 3812 900; baseline 0 -17"><span class='ocrx_word' id='word_1_128' title='bbox 2240 831 2595 899; x_wconf 88' lang='lat' dir='ltr'><strong>scriptionem</strong></span> <span class='ocrx_word' id='word_1_129' title='bbox 2661 830 3077 900; x_wconf 79' lang='lat' dir='ltr'><strong>Evangeliorum</strong></span> <span class='ocrx_word' id='word_1_130' title='bbox 3154 831 3331 886; x_wconf 88' lang='lat' dir='ltr'><strong>serius</strong></span> <span class='ocrx_word' id='word_1_131' title='bbox 3409 830 3601 900; x_wconf 76' lang='lat' dir='ltr'><strong>figere.</strong></span> <span class='ocrx_word' id='word_1_132' title='bbox 3657 848 3812 898; x_wconf 83' lang='lat' dir='ltr'><strong>quam</strong></span> 
     </span>
    </p>
   </div>
   <div class='ocr_carea' id='block_1_23' title="bbox 2240 924 3811 992">
    <p class='ocr_par' dir='ltr' id='par_1_23' title="bbox 2240 924 3811 992">
     <span class='ocr_line' id='line_1_23' title="bbox 2240 924 3811 992; baseline 0.001 -17"><span class='ocrx_word' id='word_1_133' title='bbox 2240 924 2434 991; x_wconf 87' lang='lat' dir='ltr'><strong>reliqui</strong></span> <span class='ocrx_word' id='word_1_134' title='bbox 2475 925 2686 984; x_wconf 80' lang='lat' dir='ltr'><strong>Patres.</strong></span> <span class='ocrx_word' id='word_1_135' title='bbox 2737 926 2841 979; x_wconf 85' lang='lat' dir='ltr'><strong>nisi</strong></span> <span class='ocrx_word' id='word_1_136' title='bbox 2869 926 3031 977; x_wconf 82' lang='lat' dir='ltr'><strong>verba</strong></span> <span class='ocrx_word' id='word_1_137' title='bbox 3085 924 3259 992; x_wconf 89' lang='lat' dir='ltr'><strong>ipsius</strong></span> <span class='ocrx_word' id='word_1_138' title='bbox 3292 924 3397 976; x_wconf 86' lang='lat' dir='ltr'><strong>alio</strong></span> <span class='ocrx_word' id='word_1_139' title='bbox 3438 939 3608 976; x_wconf 87' lang='lat' dir='ltr'><strong>sensu</strong></span> <span class='ocrx_word' id='word_1_140' title='bbox 3638 924 3811 977; x_wconf 78' lang='lat' dir='ltr'><strong>forsan</strong></span> 
     </span>
    </p>
   </div>
   <div class='ocr_carea' id='block_1_24' title="bbox 2239 1016 3815 1085">
    <p class='ocr_par' dir='ltr' id='par_1_24' title="bbox 2239 1016 3815 1085">
     <span class='ocr_line' id='line_1_24' title="bbox 2239 1016 3815 1085; baseline -0.001 -15"><span class='ocrx_word' id='word_1_141' title='bbox 2239 1017 2441 1085; x_wconf 84' lang='lat' dir='ltr'><strong>exponi</strong></span> <span class='ocrx_word' id='word_1_142' title='bbox 2495 1017 2730 1069; x_wconf 85' lang='lat' dir='ltr'><strong>valeant.</strong></span> <span class='ocrx_word' id='word_1_143' title='bbox 2778 1016 2963 1069; x_wconf 87' lang='lat' dir='ltr'><strong>Latina</strong></span> <span class='ocrx_word' id='word_1_144' title='bbox 3032 1016 3408 1081; x_wconf 72' lang='lat' dir='ltr'><strong>interpretatio</strong></span> <span class='ocrx_word' id='word_1_145' title='bbox 3466 1017 3519 1067; x_wconf 89' lang='lat' dir='ltr'><strong>in</strong></span> <span class='ocrx_word' id='word_1_146' title='bbox 3580 1016 3815 1069; x_wconf 76' lang='lat' dir='ltr'><strong>editione</strong></span> 
     </span>
    </p>
   </div>
   <div class='ocr_carea' id='block_1_25' title="bbox 2236 1107 3813 1161">
    <p class='ocr_par' dir='ltr' id='par_1_25' title="bbox 2236 1107 3813 1161">
     <span class='ocr_line' id='line_1_25' title="bbox 2236 1107 3813 1161; baseline -0.003 0"><span class='ocrx_word' id='word_1_147' title='bbox 2236 1109 2526 1161; x_wconf 86' lang='lat' dir='ltr'><strong>novissima</strong></span> <span class='ocrx_word' id='word_1_148' title='bbox 2558 1110 2635 1161; x_wconf 89' lang='lat' dir='ltr'><strong>sic</strong></span> <span class='ocrx_word' id='word_1_149' title='bbox 2675 1109 2840 1161; x_wconf 75' lang='lat' dir='ltr'><strong>habet</strong></span> <span class='ocrx_word' id='word_1_150' title='bbox 2878 1124 2891 1159; x_wconf 92' lang='lat'><strong>:</strong></span> <span class='ocrx_word' id='word_1_151' title='bbox 2937 1126 2954 1157; x_wconf 78' lang='grc' dir='ltr'><strong>ι</strong></span> <span class='ocrx_word' id='word_1_152' title='bbox 2998 1108 3074 1161; x_wconf 88' lang='lat' dir='ltr'><strong>Ita</strong></span> <span class='ocrx_word' id='word_1_153' title='bbox 3111 1107 3400 1160; x_wconf 75' lang='lat' dir='ltr'><strong>Matthzens</strong></span> <span class='ocrx_word' id='word_1_154' title='bbox 3469 1110 3520 1159; x_wconf 93' lang='lat' dir='ltr'><strong>in</strong></span> <span class='ocrx_word' id='word_1_155' title='bbox 3571 1108 3813 1160; x_wconf 68' lang='lat' dir='ltr'><strong>Hebrmis</strong></span> 
     </span>
    </p>
   </div>
   <div class='ocr_carea' id='block_1_26' title="bbox 2237 1198 3805 1268">
    <p class='ocr_par' dir='ltr' id='par_1_26' title="bbox 2237 1198 3805 1268">
     <span class='ocr_line' id='line_1_26' title="bbox 2237 1198 3805 1268; baseline 0 -17"><span class='ocrx_word' id='word_1_156' title='bbox 2237 1200 2683 1268; x_wconf 78' lang='lat' dir='ltr'><strong>ipsorumlingua</strong></span> <span class='ocrx_word' id='word_1_157' title='bbox 2740 1201 3065 1265; x_wconf 86' lang='lat' dir='ltr'><strong>scripturam</strong></span> <span class='ocrx_word' id='word_1_158' title='bbox 3118 1200 3288 1251; x_wconf 87' lang='lat' dir='ltr'><strong>edidit</strong></span> <span class='ocrx_word' id='word_1_159' title='bbox 3328 1198 3631 1268; x_wconf 66' lang='lat' dir='ltr'><strong>Evangelii.</strong></span> <span class='ocrx_word' id='word_1_160' title='bbox 3687 1216 3805 1258; x_wconf 87' lang='lat' dir='ltr'><strong>cum</strong></span> 
     </span>
    </p>
   </div>
   <div class='ocr_carea' id='block_1_27' title="bbox 2234 1290 3812 1359">
    <p class='ocr_par' dir='ltr' id='par_1_27' title="bbox 2234 1290 3812 1359">
     <span class='ocr_line' id='line_1_27' title="bbox 2234 1290 3812 1359; baseline -0.001 -15"><span class='ocrx_word' id='word_1_161' title='bbox 2234 1292 2427 1345; x_wconf 79' lang='lat' dir='ltr'><strong>Petrus</strong></span> <span class='ocrx_word' id='word_1_162' title='bbox 2461 1301 2514 1345; x_wconf 90' lang='lat' dir='ltr'><strong>et</strong></span> <span class='ocrx_word' id='word_1_163' title='bbox 2562 1291 2760 1346; x_wconf 81' lang='lat' dir='ltr'><strong>l’anlus</strong></span> <span class='ocrx_word' id='word_1_164' title='bbox 2807 1291 2991 1343; x_wconf 77' lang='lat' dir='ltr'><strong>Romae</strong></span> <span class='ocrx_word' id='word_1_165' title='bbox 3028 1290 3492 1359; x_wconf 75' lang='lat' dir='ltr'><strong>evangelizarent,</strong></span> <span class='ocrx_word' id='word_1_166' title='bbox 3532 1302 3588 1343; x_wconf 85' lang='lat' dir='ltr'><strong>et</strong></span> <span class='ocrx_word' id='word_1_167' title='bbox 3620 1290 3812 1343; x_wconf 83' lang='lat' dir='ltr'><strong>funda-</strong></span> 
     </span>
    </p>
   </div>
   <div class='ocr_carea' id='block_1_28' title="bbox 2236 1381 3811 1437">
    <p class='ocr_par' dir='ltr' id='par_1_28' title="bbox 2236 1381 3811 1437">
     <span class='ocr_line' id='line_1_28' title="bbox 2236 1381 3811 1437; baseline -0.001 -1"><span class='ocrx_word' id='word_1_168' title='bbox 2236 1394 2359 1436; x_wconf 91' lang='lat' dir='ltr'><strong>rent</strong></span> <span class='ocrx_word' id='word_1_169' title='bbox 2394 1382 2711 1437; x_wconf 79' lang='lat' dir='ltr'><strong>Ecclesiam.</strong></span> <span class='ocrx_word' id='word_1_170' title='bbox 2758 1401 2776 1433; x_wconf 85' lang='grc'><strong>›</strong></span> <span class='ocrx_word' id='word_1_171' title='bbox 2829 1382 3094 1436; x_wconf 88' lang='lat' dir='ltr'><strong>Omnibus</strong></span> <span class='ocrx_word' id='word_1_172' title='bbox 3125 1390 3272 1435; x_wconf 83' lang='lat' dir='ltr'><strong>certe.</strong></span> <span class='ocrx_word' id='word_1_173' title='bbox 3308 1381 3565 1435; x_wconf 77' lang='lat' dir='ltr'><strong>Pati-ibus</strong></span> <span class='ocrx_word' id='word_1_174' title='bbox 3590 1394 3811 1437; x_wconf 81' lang='lat' dir='ltr'><strong>contra-</strong></span> 
     </span>
    </p>
   </div>
   <div class='ocr_carea' id='block_1_29' title="bbox 2236 1474 3810 1541">
    <p class='ocr_par' dir='ltr' id='par_1_29' title="bbox 2236 1474 3810 1541">
     <span class='ocr_line' id='line_1_29' title="bbox 2236 1474 3810 1541; baseline 0 -14"><span class='ocrx_word' id='word_1_175' title='bbox 2236 1477 2355 1528; x_wconf 89' lang='lat' dir='ltr'><strong>rius</strong></span> <span class='ocrx_word' id='word_1_176' title='bbox 2383 1476 2485 1528; x_wconf 87' lang='lat' dir='ltr'><strong>erit</strong></span> <span class='ocrx_word' id='word_1_177' title='bbox 2512 1475 2767 1537; x_wconf 72' lang='lat' dir='ltr'><strong>Irenaeus,</strong></span> <span class='ocrx_word' id='word_1_178' title='bbox 2798 1474 2839 1525; x_wconf 87' lang='lat' dir='ltr'><strong>si</strong></span> <span class='ocrx_word' id='word_1_179' title='bbox 2897 1474 2965 1526; x_wconf 91' lang='lat' dir='ltr'><strong>ita</strong></span> <span class='ocrx_word' id='word_1_180' title='bbox 3000 1475 3066 1526; x_wconf 88' lang='lat' dir='ltr'><strong>sit</strong></span> <span class='ocrx_word' id='word_1_181' title='bbox 3111 1474 3488 1541; x_wconf 74' lang='lat' dir='ltr'><strong>explicandus,</strong></span> <span class='ocrx_word' id='word_1_182' title='bbox 3534 1483 3591 1527; x_wconf 91' lang='lat' dir='ltr'><strong>ut</strong></span> <span class='ocrx_word' id='word_1_183' title='bbox 3622 1476 3810 1529; x_wconf 87' lang='lat' dir='ltr'><strong>eodem</strong></span> 
     </span>
    </p>
   </div>
   <div class='ocr_carea' id='block_1_30' title="bbox 2235 1566 3807 1641">
    <p class='ocr_par' dir='ltr' id='par_1_30' title="bbox 2235 1566 3807 1641">
     <span class='ocr_line' id='line_1_30' title="bbox 2235 1566 3807 1641; baseline -0.001 -19"><span class='ocrx_word' id='word_1_184' title='bbox 2235 1578 2477 1637; x_wconf 84' lang='lat' dir='ltr'><strong>tempore</strong></span> <span class='ocrx_word' id='word_1_185' title='bbox 2503 1568 2783 1641; x_wconf 68' lang='lat' dir='ltr'><strong>scripserit</strong></span> <span class='ocrx_word' id='word_1_186' title='bbox 2839 1566 3142 1624; x_wconf 65' lang='lat' dir='ltr'><strong>hlatthaeus,</strong></span> <span class='ocrx_word' id='word_1_187' title='bbox 3181 1581 3288 1633; x_wconf 89' lang='lat' dir='ltr'><strong>quo</strong></span> <span class='ocrx_word' id='word_1_188' title='bbox 3333 1566 3517 1620; x_wconf 72' lang='lat' dir='ltr'><strong>Romae</strong></span> <span class='ocrx_word' id='word_1_189' title='bbox 3561 1568 3807 1637; x_wconf 76' lang='lat' dir='ltr'><strong>Evange-</strong></span> 
     </span>
    </p>
   </div>
   <div class='ocr_carea' id='block_1_31' title="bbox 2230 1657 3807 1728">
    <p class='ocr_par' dir='ltr' id='par_1_31' title="bbox 2230 1657 3807 1728">
     <span class='ocr_line' id='line_1_31' title="bbox 2230 1657 3807 1728; baseline 0 -15"><span class='ocrx_word' id='word_1_190' title='bbox 2230 1660 2361 1713; x_wconf 83' lang='lat' dir='ltr'><strong>liuin</strong></span> <span class='ocrx_word' id='word_1_191' title='bbox 2400 1661 2771 1728; x_wconf 73' lang='lat' dir='ltr'><strong>praedicabant</strong></span> <span class='ocrx_word' id='word_1_192' title='bbox 2832 1658 3025 1711; x_wconf 80' lang='lat' dir='ltr'><strong>Petrus</strong></span> <span class='ocrx_word' id='word_1_193' title='bbox 3064 1672 3115 1710; x_wconf 91' lang='lat' dir='ltr'><strong>et</strong></span> <span class='ocrx_word' id='word_1_194' title='bbox 3161 1657 3379 1711; x_wconf 88' lang='lat' dir='ltr'><strong>I‘aulns.</strong></span> <span class='ocrx_word' id='word_1_195' title='bbox 3433 1660 3500 1712; x_wconf 81' lang='lat' dir='ltr'><strong>At</strong></span> <span class='ocrx_word' id='word_1_196' title='bbox 3558 1663 3807 1728; x_wconf 66' lang='lat' dir='ltr'><strong>suspicor</strong></span> 
     </span>
    </p>
   </div>
   <div class='ocr_carea' id='block_1_32' title="bbox 2230 1750 3812 1812">
    <p class='ocr_par' dir='ltr' id='par_1_32' title="bbox 2230 1750 3812 1812">
     <span class='ocr_line' id='line_1_32' title="bbox 2230 1750 3812 1812; baseline 0.002 -8"><span class='ocrx_word' id='word_1_197' title='bbox 2230 1752 2754 1805; x_wconf 79' lang='lat' dir='ltr'><strong>noluisselretneum</strong></span> <span class='ocrx_word' id='word_1_198' title='bbox 2791 1750 2837 1803; x_wconf 90' lang='lat' dir='ltr'><strong>id</strong></span> <span class='ocrx_word' id='word_1_199' title='bbox 2874 1751 3247 1812; x_wconf 77' lang='lat' dir='ltr'><strong>indicare,sed</strong></span> <span class='ocrx_word' id='word_1_200' title='bbox 3280 1751 3456 1802; x_wconf 85' lang='lat' dir='ltr'><strong>solum</strong></span> <span class='ocrx_word' id='word_1_201' title='bbox 3501 1753 3812 1807; x_wconf 78' lang='lat' dir='ltr'><strong>insinuasse</strong></span> 
     </span>
    </p>
   </div>
   <div class='ocr_carea' id='block_1_33' title="bbox 621 1836 3809 1910">
    <p class='ocr_par' dir='ltr' id='par_1_33' title="bbox 621 1836 3809 1910">
     <span class='ocr_line' id='line_1_33' title="bbox 621 1836 3809 1910; baseline 0.002 -23"><span class='ocrx_word' id='word_1_202' title='bbox 621 1836 710 1890; x_wconf 78' lang='grc'><strong>41.</strong></span> <span class='ocrx_word' id='word_1_203' title='bbox 749 1837 827 1891; x_wconf 84' lang='lat' dir='ltr'><strong>Ne</strong></span> <span class='ocrx_word' id='word_1_204' title='bbox 862 1846 1042 1891; x_wconf 85' lang='lat' dir='ltr'><strong>tamen</strong></span> <span class='ocrx_word' id='word_1_205' title='bbox 1094 1839 1229 1892; x_wconf 90' lang='lat' dir='ltr'><strong>nihil</strong></span> <span class='ocrx_word' id='word_1_206' title='bbox 1269 1839 1548 1893; x_wconf 77' lang='lat' dir='ltr'><strong>videretur</strong></span> <span class='ocrx_word' id='word_1_207' title='bbox 1597 1854 1661 1893; x_wconf 82' lang='lat' dir='ltr'><strong>ex</strong></span> <span class='ocrx_word' id='word_1_208' title='bbox 1715 1838 1955 1907; x_wconf 87' lang='lat' dir='ltr'><strong>antiquis</strong></span> <span class='ocrx_word' id='word_1_209' title='bbox 1998 1839 2124 1891; x_wconf 90' lang='lat' dir='ltr'><strong>alle-</strong></span> <span class='ocrx_word' id='word_1_210' title='bbox 2168 1840 2203 1893; x_wconf 87' lang='grc' dir='ltr'><strong><em>Β</em></strong></span> <span class='ocrx_word' id='word_1_211' title='bbox 2234 1847 2456 1908; x_wconf 87' lang='lat' dir='ltr'><strong>quinam</strong></span> <span class='ocrx_word' id='word_1_212' title='bbox 2530 1853 2716 1895; x_wconf 79' lang='lat' dir='ltr'><strong>essent</strong></span> <span class='ocrx_word' id='word_1_213' title='bbox 2773 1854 3024 1895; x_wconf 87' lang='lat' dir='ltr'><strong>auctores</strong></span> <span class='ocrx_word' id='word_1_214' title='bbox 3094 1840 3539 1910; x_wconf 76' lang='lat' dir='ltr'><strong>Evangelioruin.</strong></span> <span class='ocrx_word' id='word_1_215' title='bbox 3590 1848 3809 1910; x_wconf 78' lang='lat' dir='ltr'><strong>quinam</strong></span> 
     </span>
    </p>
   </div>
   <div class='ocr_carea' id='block_1_34' title="bbox 552 1926 2129 1999">
    <p class='ocr_par' dir='ltr' id='par_1_34' title="bbox 552 1926 2129 1999">
     <span class='ocr_line' id='line_1_34' title="bbox 552 1926 2129 1999; baseline 0.004 -21"><span class='ocrx_word' id='word_1_216' title='bbox 552 1940 713 1995; x_wconf 71' lang='lat' dir='ltr'><strong>gasse</strong></span> <span class='ocrx_word' id='word_1_217' title='bbox 784 1926 1103 1999; x_wconf 73' lang='lat' dir='ltr'><strong>Basnagius,</strong></span> <span class='ocrx_word' id='word_1_218' title='bbox 1181 1930 1359 1984; x_wconf 88' lang='lat' dir='ltr'><strong>locum</strong></span> <span class='ocrx_word' id='word_1_219' title='bbox 1428 1930 1644 1985; x_wconf 90' lang='lat' dir='ltr'><strong>adducit</strong></span> <span class='ocrx_word' id='word_1_220' title='bbox 1698 1947 1760 1985; x_wconf 82' lang='lat' dir='ltr'><strong>ex</strong></span> <span class='ocrx_word' id='word_1_221' title='bbox 1826 1930 2129 1999; x_wconf 80' lang='lat' dir='ltr'><strong>Epiphanio</strong></span> 
     </span>
    </p>
   </div>
   <div class='ocr_carea' id='block_1_35' title="bbox 553 2016 2124 2091">
    <p class='ocr_par' dir='ltr' id='par_1_35' title="bbox 553 2016 2124 2091">
     <span class='ocr_line' id='line_1_35' title="bbox 553 2016 2124 2091; baseline 0.003 -20"><span class='ocrx_word' id='word_1_222' title='bbox 553 2016 757 2072; x_wconf 65' lang='lat' dir='ltr'><strong>Haeres.</strong></span> <span class='ocrx_word' id='word_1_223' title='bbox 784 2020 871 2077; x_wconf 79' lang='grc'><strong>50.</strong></span> <span class='ocrx_word' id='word_1_224' title='bbox 907 2038 1026 2089; x_wconf 84' lang='lat' dir='ltr'><strong>cap.</strong></span> <span class='ocrx_word' id='word_1_225' title='bbox 1062 2023 1116 2084; x_wconf 80' lang='grc'><strong>5,</strong></span> <span class='ocrx_word' id='word_1_226' title='bbox 1149 2034 1204 2075; x_wconf 93' lang='lat' dir='ltr'><strong>ut</strong></span> <span class='ocrx_word' id='word_1_227' title='bbox 1236 2023 1426 2091; x_wconf 88' lang='lat' dir='ltr'><strong>probet</strong></span> <span class='ocrx_word' id='word_1_228' title='bbox 1470 2022 1678 2078; x_wconf 85' lang='lat' dir='ltr'><strong>Novum</strong></span> <span class='ocrx_word' id='word_1_229' title='bbox 1712 2022 2124 2075; x_wconf 85' lang='lat' dir='ltr'><strong>Testamentum</strong></span> 
     </span>
    </p>
   </div>
   <div class='ocr_carea' id='block_1_36' title="bbox 552 2114 2124 2185">
    <p class='ocr_par' dir='ltr' id='par_1_36' title="bbox 552 2114 2124 2185">
     <span class='ocr_line' id='line_1_36' title="bbox 552 2114 2124 2185; baseline 0.004 -21"><span class='ocrx_word' id='word_1_230' title='bbox 552 2128 617 2164; x_wconf 78' lang='lat' dir='ltr'><strong>ex</strong></span> <span class='ocrx_word' id='word_1_231' title='bbox 651 2114 839 2168; x_wconf 65' lang='lat' dir='ltr'><strong>Graeco</strong></span> <span class='ocrx_word' id='word_1_232' title='bbox 872 2115 1042 2169; x_wconf 78' lang='lat' dir='ltr'><strong>fuisse</strong></span> <span class='ocrx_word' id='word_1_233' title='bbox 1075 2116 1340 2170; x_wconf 86' lang='lat' dir='ltr'><strong>Hebraice</strong></span> <span class='ocrx_word' id='word_1_234' title='bbox 1392 2118 1687 2170; x_wconf 87' lang='lat' dir='ltr'><strong>redditum.</strong></span> <span class='ocrx_word' id='word_1_235' title='bbox 1748 2116 1986 2169; x_wconf 81' lang='lat' dir='ltr'><strong>All&#39;eram</strong></span> <span class='ocrx_word' id='word_1_236' title='bbox 2023 2131 2124 2185; x_wconf 80' lang='lat' dir='ltr'><strong>ego</strong></span> 
     </span>
    </p>
   </div>
   <div class='ocr_carea' id='block_1_37' title="bbox 550 2204 2128 2279">
    <p class='ocr_par' dir='ltr' id='par_1_37' title="bbox 550 2204 2128 2279">
     <span class='ocr_line' id='line_1_37' title="bbox 550 2204 2128 2279; baseline 0.002 -21"><span class='ocrx_word' id='word_1_237' title='bbox 550 2204 731 2259; x_wconf 85' lang='lat' dir='ltr'><strong>locum</strong></span> <span class='ocrx_word' id='word_1_238' title='bbox 790 2212 1085 2279; x_wconf 75' lang='lat' dir='ltr'><strong>integrum,</strong></span> <span class='ocrx_word' id='word_1_239' title='bbox 1117 2224 1278 2278; x_wconf 86' lang='lat' dir='ltr'><strong>quem</strong></span> <span class='ocrx_word' id='word_1_240' title='bbox 1329 2210 1416 2263; x_wconf 89' lang='lat' dir='ltr'><strong>ille</strong></span> <span class='ocrx_word' id='word_1_241' title='bbox 1467 2213 1703 2263; x_wconf 84' lang='lat' dir='ltr'><strong>medium</strong></span> <span class='ocrx_word' id='word_1_242' title='bbox 1754 2211 2021 2266; x_wconf 80' lang='lat' dir='ltr'><strong>recitavit.</strong></span> <span class='ocrx_word' id='word_1_243' title='bbox 2071 2217 2128 2262; x_wconf 90' lang='lat' dir='ltr'><strong>ut</strong></span> 
     </span>
    </p>
   </div>
   <div class='ocr_carea' id='block_1_38' title="bbox 550 2298 2126 2369">
    <p class='ocr_par' dir='ltr' id='par_1_38' title="bbox 550 2298 2126 2369">
     <span class='ocr_line' id='line_1_38' title="bbox 550 2298 2126 2369; baseline 0.003 -19"><span class='ocrx_word' id='word_1_244' title='bbox 550 2298 733 2350; x_wconf 79' lang='lat' dir='ltr'><strong>videat</strong></span> <span class='ocrx_word' id='word_1_245' title='bbox 780 2299 948 2352; x_wconf 86' lang='lat' dir='ltr'><strong>lector</strong></span> <span class='ocrx_word' id='word_1_246' title='bbox 983 2302 1129 2354; x_wconf 88' lang='lat' dir='ltr'><strong>hunc</strong></span> <span class='ocrx_word' id='word_1_247' title='bbox 1179 2302 1358 2368; x_wconf 88' lang='lat' dir='ltr'><strong>ipsum</strong></span> <span class='ocrx_word' id='word_1_248' title='bbox 1394 2316 1514 2354; x_wconf 81' lang='lat' dir='ltr'><strong>esse</strong></span> <span class='ocrx_word' id='word_1_249' title='bbox 1566 2300 1831 2369; x_wconf 75' lang='lat' dir='ltr'><strong>Basnagio</strong></span> <span class='ocrx_word' id='word_1_250' title='bbox 1894 2303 2126 2354; x_wconf 82' lang='lat' dir='ltr'><strong>maxime</strong></span> 
     </span>
    </p>
   </div>
   <div class='ocr_carea' id='block_1_39' title="bbox 550 2392 2125 2462">
    <p class='ocr_par' dir='ltr' id='par_1_39' title="bbox 550 2392 2125 2462">
     <span class='ocr_line' id='line_1_39' title="bbox 550 2392 2125 2462; baseline 0.001 -18"><span class='ocrx_word' id='word_1_251' title='bbox 550 2394 916 2445; x_wconf 90' lang='lat' dir='ltr'><strong>contrarium.</strong></span> <span class='ocrx_word' id='word_1_252' title='bbox 985 2410 1003 2443; x_wconf 76' lang='grc' dir='ltr'><strong>ι</strong></span> <span class='ocrx_word' id='word_1_253' title='bbox 1068 2393 1303 2453; x_wconf 86' lang='lat' dir='ltr'><strong>Etenim,</strong></span> <span class='ocrx_word' id='word_1_254' title='bbox 1373 2392 1546 2461; x_wconf 83' lang='lat' dir='ltr'><strong>inquit</strong></span> <span class='ocrx_word' id='word_1_255' title='bbox 1599 2392 1956 2462; x_wconf 78' lang='lat' dir='ltr'><strong>Epiphanius,</strong></span> <span class='ocrx_word' id='word_1_256' title='bbox 2000 2408 2125 2446; x_wconf 82' lang='lat' dir='ltr'><strong>vere</strong></span> 
     </span>
    </p>
   </div>
   <div class='ocr_carea' id='block_1_40' title="bbox 548 2480 2121 2551">
    <p class='ocr_par' dir='ltr' id='par_1_40' title="bbox 548 2480 2121 2551">
     <span class='ocr_line' id='line_1_40' title="bbox 548 2480 2121 2551; baseline 0.003 -18"><span class='ocrx_word' id='word_1_257' title='bbox 548 2480 681 2534; x_wconf 91' lang='lat' dir='ltr'><strong>illud</strong></span> <span class='ocrx_word' id='word_1_258' title='bbox 710 2482 979 2536; x_wconf 74' lang='lat' dir='ltr'><strong>allii-mare</strong></span> <span class='ocrx_word' id='word_1_259' title='bbox 1028 2500 1341 2551; x_wconf 84' lang='lat' dir='ltr'><strong>possumus,</strong></span> <span class='ocrx_word' id='word_1_260' title='bbox 1385 2501 1549 2538; x_wconf 91' lang='lat' dir='ltr'><strong>unum</strong></span> <span class='ocrx_word' id='word_1_261' title='bbox 1584 2500 1647 2538; x_wconf 82' lang='lat' dir='ltr'><strong>ex</strong></span> <span class='ocrx_word' id='word_1_262' title='bbox 1694 2485 1955 2538; x_wconf 90' lang='lat' dir='ltr'><strong>omnibus</strong></span> <span class='ocrx_word' id='word_1_263' title='bbox 1989 2484 2121 2537; x_wconf 84' lang='lat' dir='ltr'><strong>Novi</strong></span> 
     </span>
    </p>
   </div>
   <div class='ocr_carea' id='block_1_41' title="bbox 548 2574 2123 2643">
    <p class='ocr_par' dir='ltr' id='par_1_41' title="bbox 548 2574 2123 2643">
     <span class='ocr_line' id='line_1_41' title="bbox 548 2574 2123 2643; baseline 0.002 -16"><span class='ocrx_word' id='word_1_264' title='bbox 548 2574 883 2627; x_wconf 84' lang='lat' dir='ltr'><strong>Testamenti</strong></span> <span class='ocrx_word' id='word_1_265' title='bbox 950 2577 1309 2643; x_wconf 87' lang='lat' dir='ltr'><strong>scriptoribus</strong></span> <span class='ocrx_word' id='word_1_266' title='bbox 1378 2576 1688 2629; x_wconf 69' lang='lat' dir='ltr'><strong>Matthaeum</strong></span> <span class='ocrx_word' id='word_1_267' title='bbox 1742 2576 2005 2630; x_wconf 82' lang='lat' dir='ltr'><strong>Hebraice</strong></span> <span class='ocrx_word' id='word_1_268' title='bbox 2062 2592 2123 2630; x_wconf 89' lang='lat' dir='ltr'><strong>ac</strong></span> 
     </span>
    </p>
   </div>
   <div class='ocr_carea' id='block_1_42' title="bbox 548 2666 2119 2739">
    <p class='ocr_par' dir='ltr' id='par_1_42' title="bbox 548 2666 2119 2739">
     <span class='ocr_line' id='line_1_42' title="bbox 548 2666 2119 2739; baseline 0.003 -20"><span class='ocrx_word' id='word_1_269' title='bbox 548 2666 748 2721; x_wconf 86' lang='lat' dir='ltr'><strong>litteris</strong></span> <span class='ocrx_word' id='word_1_270' title='bbox 803 2667 1086 2724; x_wconf 86' lang='lat' dir='ltr'><strong>Hebraicis</strong></span> <span class='ocrx_word' id='word_1_271' title='bbox 1122 2669 1489 2739; x_wconf 81' lang='lat' dir='ltr'><strong>evangelicam</strong></span> <span class='ocrx_word' id='word_1_272' title='bbox 1528 2669 1811 2724; x_wconf 81' lang='lat' dir='ltr'><strong>historiam</strong></span> <span class='ocrx_word' id='word_1_273' title='bbox 1859 2670 2119 2723; x_wconf 78' lang='lat' dir='ltr'><strong>texuisse.</strong></span> 
     </span>
    </p>
   </div>
   <div class='ocr_carea' id='block_1_43' title="bbox 549 2756 2124 2831">
    <p class='ocr_par' dir='ltr' id='par_1_43' title="bbox 549 2756 2124 2831">
     <span class='ocr_line' id='line_1_43' title="bbox 549 2756 2124 2831; baseline 0.001 -20"><span class='ocrx_word' id='word_1_274' title='bbox 549 2756 660 2812; x_wconf 79' lang='lat' dir='ltr'><strong>Nec</strong></span> <span class='ocrx_word' id='word_1_275' title='bbox 695 2760 919 2814; x_wconf 82' lang='lat' dir='ltr'><strong>deluere</strong></span> <span class='ocrx_word' id='word_1_276' title='bbox 962 2762 1052 2829; x_wconf 85' lang='lat' dir='ltr'><strong>qui</strong></span> <span class='ocrx_word' id='word_1_277' title='bbox 1119 2761 1187 2815; x_wconf 88' lang='lat' dir='ltr'><strong>de</strong></span> <span class='ocrx_word' id='word_1_278' title='bbox 1230 2759 1455 2815; x_wconf 83' lang='lat' dir='ltr'><strong>Joannis</strong></span> <span class='ocrx_word' id='word_1_279' title='bbox 1504 2760 1795 2831; x_wconf 79' lang='lat' dir='ltr'><strong>Evangelia</strong></span> <span class='ocrx_word' id='word_1_280' title='bbox 1834 2760 2124 2815; x_wconf 79' lang='lat' dir='ltr'><strong>conﬁrma-</strong></span> 
     </span>
    </p>
   </div>
   <div class='ocr_carea' id='block_1_44' title="bbox 549 2852 2121 2910">
    <p class='ocr_par' dir='ltr' id='par_1_44' title="bbox 549 2852 2121 2910">
     <span class='ocr_line' id='line_1_44' title="bbox 549 2852 2121 2910; baseline 0.001 -8"><span class='ocrx_word' id='word_1_281' title='bbox 549 2859 694 2910; x_wconf 87' lang='lat' dir='ltr'><strong>rent.</strong></span> <span class='ocrx_word' id='word_1_282' title='bbox 760 2853 891 2905; x_wconf 92' lang='lat' dir='ltr'><strong>illud</strong></span> <span class='ocrx_word' id='word_1_283' title='bbox 962 2852 1221 2906; x_wconf 81' lang='lat' dir='ltr'><strong>Hebraice</strong></span> <span class='ocrx_word' id='word_1_284' title='bbox 1313 2854 1635 2907; x_wconf 80' lang='lat' dir='ltr'><strong>translatum</strong></span> <span class='ocrx_word' id='word_1_285' title='bbox 1712 2852 1999 2905; x_wconf 82' lang='lat' dir='ltr'><strong>Tiberiade</strong></span> <span class='ocrx_word' id='word_1_286' title='bbox 2070 2852 2121 2903; x_wconf 90' lang='lat' dir='ltr'><strong>in</strong></span> 
     </span>
    </p>
   </div>
   <div class='ocr_carea' id='block_1_45' title="bbox 543 2939 2125 3013">
    <p class='ocr_par' dir='ltr' id='par_1_45' title="bbox 543 2939 2125 3013">
     <span class='ocr_line' id='line_1_45' title="bbox 543 2939 2125 3013; baseline 0.001 -20"><span class='ocrx_word' id='word_1_287' title='bbox 543 2939 857 2994; x_wconf 78' lang='lat' dir='ltr'><strong>Judacoram</strong></span> <span class='ocrx_word' id='word_1_288' title='bbox 891 2941 1293 3013; x_wconf 80' lang='lat' dir='ltr'><strong>gazophylaeiis</strong></span> <span class='ocrx_word' id='word_1_289' title='bbox 1326 2943 1612 3002; x_wconf 82' lang='lat' dir='ltr'><strong>asservari,</strong></span> <span class='ocrx_word' id='word_1_290' title='bbox 1653 2950 1708 2995; x_wconf 88' lang='lat' dir='ltr'><strong>et.</strong></span> <span class='ocrx_word' id='word_1_291' title='bbox 1768 2944 1818 2994; x_wconf 91' lang='lat' dir='ltr'><strong>in</strong></span> <span class='ocrx_word' id='word_1_292' title='bbox 1870 2941 2125 2995; x_wconf 84' lang='lat' dir='ltr'><strong>secretio-</strong></span> 
     </span>
    </p>
   </div>
   <div class='ocr_carea' id='block_1_46' title="bbox 546 3032 2121 3104">
    <p class='ocr_par' dir='ltr' id='par_1_46' title="bbox 546 3032 2121 3104">
     <span class='ocr_line' id='line_1_46' title="bbox 546 3032 2121 3104; baseline -0.001 -17"><span class='ocrx_word' id='word_1_293' title='bbox 546 3035 702 3087; x_wconf 87' lang='lat' dir='ltr'><strong>ribus</strong></span> <span class='ocrx_word' id='word_1_294' title='bbox 756 3034 1083 3101; x_wconf 83' lang='lat' dir='ltr'><strong>quibusdam</strong></span> <span class='ocrx_word' id='word_1_295' title='bbox 1136 3035 1511 3104; x_wconf 84' lang='lat' dir='ltr'><strong>penetralibus</strong></span> <span class='ocrx_word' id='word_1_296' title='bbox 1556 3032 1775 3087; x_wconf 88' lang='lat' dir='ltr'><strong>recondi</strong></span> <span class='ocrx_word' id='word_1_297' title='bbox 1838 3034 1938 3087; x_wconf 86' lang='lat' dir='ltr'><strong>:id</strong></span> <span class='ocrx_word' id='word_1_298' title='bbox 1980 3034 2121 3102; x_wconf 87' lang='lat' dir='ltr'><strong>quod</strong></span> 
     </span>
    </p>
   </div>
   <div class='ocr_carea' id='block_1_47' title="bbox 545 3124 2122 3194">
    <p class='ocr_par' dir='ltr' id='par_1_47' title="bbox 545 3124 2122 3194">
     <span class='ocr_line' id='line_1_47' title="bbox 545 3124 2122 3194; baseline -0.002 -14"><span class='ocrx_word' id='word_1_299' title='bbox 545 3126 796 3180; x_wconf 85' lang='lat' dir='ltr'><strong>nonnulli</strong></span> <span class='ocrx_word' id='word_1_300' title='bbox 829 3129 987 3189; x_wconf 89' lang='lat' dir='ltr'><strong>mihi,</strong></span> <span class='ocrx_word' id='word_1_301' title='bbox 1021 3130 1111 3194; x_wconf 91' lang='lat' dir='ltr'><strong>qui</strong></span> <span class='ocrx_word' id='word_1_302' title='bbox 1138 3142 1195 3180; x_wconf 88' lang='lat' dir='ltr'><strong>se</strong></span> <span class='ocrx_word' id='word_1_303' title='bbox 1217 3129 1282 3180; x_wconf 89' lang='lat' dir='ltr'><strong>ad</strong></span> <span class='ocrx_word' id='word_1_304' title='bbox 1318 3125 1525 3179; x_wconf 88' lang='lat' dir='ltr'><strong>Christi</strong></span> <span class='ocrx_word' id='word_1_305' title='bbox 1566 3124 1722 3179; x_wconf 85' lang='lat' dir='ltr'><strong>iidem</strong></span> <span class='ocrx_word' id='word_1_306' title='bbox 1768 3140 1797 3180; x_wconf 91' lang='lat' dir='ltr'><strong>e</strong></span> <span class='ocrx_word' id='word_1_307' title='bbox 1840 3126 2122 3181; x_wconf 82' lang='lat' dir='ltr'><strong>Judaismo</strong></span> 
     </span>
    </p>
   </div>
   <div class='ocr_carea' id='block_1_48' title="bbox 2236 1932 3809 2003">
    <p class='ocr_par' dir='ltr' id='par_1_48' title="bbox 2236 1932 3809 2003">
     <span class='ocr_line' id='line_1_48' title="bbox 2236 1932 3809 2003; baseline 0.004 -20"><span class='ocrx_word' id='word_1_308' title='bbox 2236 1948 2364 1984; x_wconf 74' lang='lat' dir='ltr'><strong>vero</strong></span> <span class='ocrx_word' id='word_1_309' title='bbox 2402 1933 2712 1985; x_wconf 74' lang='lat' dir='ltr'><strong>traditionis</strong></span> <span class='ocrx_word' id='word_1_310' title='bbox 2750 1932 3009 1985; x_wconf 74' lang='lat' dir='ltr'><strong>Ruinana:</strong></span> <span class='ocrx_word' id='word_1_311' title='bbox 3044 1935 3319 1997; x_wconf 58' lang='lat' dir='ltr'><strong>Ecclesiae,</strong></span> <span class='ocrx_word' id='word_1_312' title='bbox 3364 1936 3624 2003; x_wconf 80' lang='lat' dir='ltr'><strong>eaquede</strong></span> <span class='ocrx_word' id='word_1_313' title='bbox 3649 1952 3809 1990; x_wconf 82' lang='lat' dir='ltr'><strong>causa</strong></span> 
     </span>
    </p>
   </div>
   <div class='ocr_carea' id='block_1_49' title="bbox 2233 2022 3813 2081">
    <p class='ocr_par' dir='ltr' id='par_1_49' title="bbox 2233 2022 3813 2081">
     <span class='ocr_line' id='line_1_49' title="bbox 2233 2022 3813 2081; baseline 0.003 -5"><span class='ocrx_word' id='word_1_314' title='bbox 2233 2023 2309 2076; x_wconf 80' lang='lat' dir='ltr'><strong>sie</strong></span> <span class='ocrx_word' id='word_1_315' title='bbox 2345 2023 2585 2077; x_wconf 88' lang='lat' dir='ltr'><strong>locutum</strong></span> <span class='ocrx_word' id='word_1_316' title='bbox 2615 2038 2759 2077; x_wconf 88' lang='lat' dir='ltr'><strong>esse.</strong></span> <span class='ocrx_word' id='word_1_317' title='bbox 2793 2022 2954 2076; x_wconf 80' lang='lat' dir='ltr'><strong>Certe</strong></span> <span class='ocrx_word' id='word_1_318' title='bbox 3006 2024 3294 2077; x_wconf 64' lang='lat' dir='ltr'><strong>hicn-cliens</strong></span> <span class='ocrx_word' id='word_1_319' title='bbox 3324 2027 3375 2078; x_wconf 93' lang='lat' dir='ltr'><strong>in</strong></span> <span class='ocrx_word' id='word_1_320' title='bbox 3415 2027 3511 2079; x_wconf 86' lang='lat' dir='ltr'><strong>illo</strong></span> <span class='ocrx_word' id='word_1_321' title='bbox 3562 2028 3703 2081; x_wconf 90' lang='lat' dir='ltr'><strong>libro</strong></span> <span class='ocrx_word' id='word_1_322' title='bbox 3732 2045 3813 2081; x_wconf 89' lang='lat' dir='ltr'><strong>re-</strong></span> 
     </span>
    </p>
   </div>
   <div class='ocr_carea' id='block_1_50' title="bbox 2232 2112 3810 2182">
    <p class='ocr_par' dir='ltr' id='par_1_50' title="bbox 2232 2112 3810 2182">
     <span class='ocr_line' id='line_1_50' title="bbox 2232 2112 3810 2182; baseline 0.004 -17"><span class='ocrx_word' id='word_1_323' title='bbox 2232 2112 2376 2166; x_wconf 81' lang='lat' dir='ltr'><strong>futat</strong></span> <span class='ocrx_word' id='word_1_324' title='bbox 2444 2129 2509 2167; x_wconf 74' lang='lat' dir='ltr'><strong>ex</strong></span> <span class='ocrx_word' id='word_1_325' title='bbox 2568 2114 2865 2167; x_wconf 85' lang='lat' dir='ltr'><strong>traditione</strong></span> <span class='ocrx_word' id='word_1_326' title='bbox 2931 2116 3166 2182; x_wconf 85' lang='lat' dir='ltr'><strong>primum</strong></span> <span class='ocrx_word' id='word_1_327' title='bbox 3224 2112 3481 2170; x_wconf 71' lang='lat' dir='ltr'><strong>Romanae</strong></span> <span class='ocrx_word' id='word_1_328' title='bbox 3535 2118 3810 2180; x_wconf 60' lang='lat' dir='ltr'><strong>Ecclesiie.</strong></span> 
     </span>
    </p>
   </div>
   <div class='ocr_carea' id='block_1_51' title="bbox 2230 2206 3811 2274">
    <p class='ocr_par' dir='ltr' id='par_1_51' title="bbox 2230 2206 3811 2274">
     <span class='ocr_line' id='line_1_51' title="bbox 2230 2206 3811 2274; baseline 0.003 -16"><span class='ocrx_word' id='word_1_329' title='bbox 2230 2207 2387 2273; x_wconf 78' lang='lat' dir='ltr'><strong>Cujus</strong></span> <span class='ocrx_word' id='word_1_330' title='bbox 2442 2215 2695 2258; x_wconf 84' lang='lat' dir='ltr'><strong>auctores</strong></span> <span class='ocrx_word' id='word_1_331' title='bbox 2726 2206 2947 2258; x_wconf 86' lang='lat' dir='ltr'><strong>Petroni</strong></span> <span class='ocrx_word' id='word_1_332' title='bbox 3000 2206 3189 2258; x_wconf 90' lang='lat' dir='ltr'><strong>statuit</strong></span> <span class='ocrx_word' id='word_1_333' title='bbox 3223 2215 3278 2260; x_wconf 92' lang='lat' dir='ltr'><strong>et</strong></span> <span class='ocrx_word' id='word_1_334' title='bbox 3336 2207 3605 2274; x_wconf 80' lang='lat' dir='ltr'><strong>Paulum;</strong></span> <span class='ocrx_word' id='word_1_335' title='bbox 3664 2224 3717 2265; x_wconf 83' lang='lat' dir='ltr'><strong>et</strong></span> <span class='ocrx_word' id='word_1_336' title='bbox 3749 2229 3811 2269; x_wconf 77' lang='lat' dir='ltr'><strong>ex</strong></span> 
     </span>
    </p>
   </div>
   <div class='ocr_carea' id='block_1_52' title="bbox 2230 2295 3809 2371">
    <p class='ocr_par' dir='ltr' id='par_1_52' title="bbox 2230 2295 3809 2371">
     <span class='ocr_line' id='line_1_52' title="bbox 2230 2295 3809 2371; baseline 0.006 -22"><span class='ocrx_word' id='word_1_337' title='bbox 2230 2295 2528 2364; x_wconf 84' lang='lat' dir='ltr'><strong>Scripturis</strong></span> <span class='ocrx_word' id='word_1_338' title='bbox 2583 2295 2715 2349; x_wconf 71' lang='lat' dir='ltr'><strong>Novi</strong></span> <span class='ocrx_word' id='word_1_339' title='bbox 2763 2295 3120 2359; x_wconf 88' lang='lat' dir='ltr'><strong>Testatnenti,</strong></span> <span class='ocrx_word' id='word_1_340' title='bbox 3179 2314 3241 2351; x_wconf 81' lang='lat' dir='ltr'><strong>ex</strong></span> <span class='ocrx_word' id='word_1_341' title='bbox 3294 2299 3494 2366; x_wconf 90' lang='lat' dir='ltr'><strong>quibus</strong></span> <span class='ocrx_word' id='word_1_342' title='bbox 3574 2304 3809 2371; x_wconf 90' lang='lat' dir='ltr'><strong>primum</strong></span> 
     </span>
    </p>
   </div>
   <div class='ocr_carea' id='block_1_53' title="bbox 2231 2388 3811 2459">
    <p class='ocr_par' dir='ltr' id='par_1_53' title="bbox 2231 2388 3811 2459">
     <span class='ocr_line' id='line_1_53' title="bbox 2231 2388 3811 2459; baseline 0.006 -18"><span class='ocrx_word' id='word_1_343' title='bbox 2231 2388 2361 2442; x_wconf 89' lang='lat' dir='ltr'><strong>dicit</strong></span> <span class='ocrx_word' id='word_1_344' title='bbox 2387 2388 2736 2459; x_wconf 70' lang='lat' dir='ltr'><strong>livangelium</strong></span> <span class='ocrx_word' id='word_1_345' title='bbox 2764 2388 3022 2444; x_wconf 78' lang='lat' dir='ltr'><strong>Matthaci.</strong></span> <span class='ocrx_word' id='word_1_346' title='bbox 3060 2391 3126 2445; x_wconf 85' lang='lat' dir='ltr'><strong>Et</strong></span> <span class='ocrx_word' id='word_1_347' title='bbox 3157 2407 3287 2446; x_wconf 85' lang='lat' dir='ltr'><strong>sane</strong></span> <span class='ocrx_word' id='word_1_348' title='bbox 3352 2403 3531 2449; x_wconf 74' lang='lat' dir='ltr'><strong>textus</strong></span> <span class='ocrx_word' id='word_1_349' title='bbox 3588 2394 3811 2450; x_wconf 60' lang='lat' dir='ltr'><strong>Graecus</strong></span> 
     </span>
    </p>
   </div>
   <div class='ocr_carea' id='block_1_54' title="bbox 2229 2483 3804 2553">
    <p class='ocr_par' dir='ltr' id='par_1_54' title="bbox 2229 2483 3804 2553">
     <span class='ocr_line' id='line_1_54' title="bbox 2229 2483 3804 2553; baseline 0.003 -19"><span class='ocrx_word' id='word_1_350' title='bbox 2229 2496 2335 2534; x_wconf 85' lang='lat' dir='ltr'><strong>non</strong></span> <span class='ocrx_word' id='word_1_351' title='bbox 2367 2492 2449 2535; x_wconf 89' lang='lat' dir='ltr'><strong>est</strong></span> <span class='ocrx_word' id='word_1_352' title='bbox 2475 2483 2783 2536; x_wconf 87' lang='lat' dir='ltr'><strong>necessario</strong></span> <span class='ocrx_word' id='word_1_353' title='bbox 2821 2486 3180 2553; x_wconf 78' lang='lat' dir='ltr'><strong>exponendas</strong></span> <span class='ocrx_word' id='word_1_354' title='bbox 3208 2500 3272 2539; x_wconf 92' lang='lat' dir='ltr'><strong>eo</strong></span> <span class='ocrx_word' id='word_1_355' title='bbox 3306 2501 3492 2547; x_wconf 84' lang='lat' dir='ltr'><strong>sensu,</strong></span> <span class='ocrx_word' id='word_1_356' title='bbox 3536 2500 3595 2540; x_wconf 89' lang='lat' dir='ltr'><strong>ut</strong></span> <span class='ocrx_word' id='word_1_357' title='bbox 3628 2490 3804 2542; x_wconf 71' lang='lat' dir='ltr'><strong>Evan-</strong></span> 
     </span>
    </p>
   </div>
   <div class='ocr_carea' id='block_1_55' title="bbox 2228 2574 3810 2645">
    <p class='ocr_par' dir='ltr' id='par_1_55' title="bbox 2228 2574 3810 2645">
     <span class='ocr_line' id='line_1_55' title="bbox 2228 2574 3810 2645; baseline 0.003 -20"><span class='ocrx_word' id='word_1_358' title='bbox 2228 2575 2426 2639; x_wconf 79' lang='lat' dir='ltr'><strong>gelium</strong></span> <span class='ocrx_word' id='word_1_359' title='bbox 2451 2574 2643 2627; x_wconf 87' lang='lat' dir='ltr'><strong>eodem</strong></span> <span class='ocrx_word' id='word_1_360' title='bbox 2680 2574 2839 2643; x_wconf 82' lang='lat' dir='ltr'><strong>plane</strong></span> <span class='ocrx_word' id='word_1_361' title='bbox 2878 2586 3122 2643; x_wconf 80' lang='lat' dir='ltr'><strong>tempore</strong></span> <span class='ocrx_word' id='word_1_362' title='bbox 3145 2577 3408 2640; x_wconf 74' lang='lat' dir='ltr'><strong>scriptum</strong></span> <span class='ocrx_word' id='word_1_363' title='bbox 3438 2578 3678 2639; x_wconf 69' lang='lat' dir='ltr'><strong>dicatur,</strong></span> <span class='ocrx_word' id='word_1_364' title='bbox 3703 2595 3810 2645; x_wconf 89' lang='lat' dir='ltr'><strong>quo</strong></span> 
     </span>
    </p>
   </div>
   <div class='ocr_carea' id='block_1_56' title="bbox 2229 2662 3807 2731">
    <p class='ocr_par' dir='ltr' id='par_1_56' title="bbox 2229 2662 3807 2731">
     <span class='ocr_line' id='line_1_56' title="bbox 2229 2662 3807 2731; baseline 0.003 -16"><span class='ocrx_word' id='word_1_365' title='bbox 2229 2663 2423 2717; x_wconf 81' lang='lat' dir='ltr'><strong>Petrus</strong></span> <span class='ocrx_word' id='word_1_366' title='bbox 2448 2674 2501 2715; x_wconf 90' lang='lat' dir='ltr'><strong>et</strong></span> <span class='ocrx_word' id='word_1_367' title='bbox 2551 2664 2750 2717; x_wconf 84' lang='lat' dir='ltr'><strong>Paulus</strong></span> <span class='ocrx_word' id='word_1_368' title='bbox 2785 2665 2966 2717; x_wconf 76' lang='lat' dir='ltr'><strong>Itonia:</strong></span> <span class='ocrx_word' id='word_1_369' title='bbox 3027 2666 3410 2731; x_wconf 51' lang='lat' dir='ltr'><strong>praediiarunt.</strong></span> <span class='ocrx_word' id='word_1_370' title='bbox 3474 2662 3651 2718; x_wconf 73' lang='lat' dir='ltr'><strong>Verba</strong></span> <span class='ocrx_word' id='word_1_371' title='bbox 3686 2684 3807 2721; x_wconf 84' lang='lat' dir='ltr'><strong>cum</strong></span> 
     </span>
    </p>
   </div>
   <div class='ocr_carea' id='block_1_57' title="bbox 2228 2750 3808 2827">
    <p class='ocr_par' dir='ltr' id='par_1_57' title="bbox 2228 2750 3808 2827">
     <span class='ocr_line' id='line_1_57' title="bbox 2228 2750 3808 2827; baseline 0.004 -23"><span class='ocrx_word' id='word_1_372' title='bbox 2228 2750 2449 2805; x_wconf 83' lang='lat' dir='ltr'><strong>litterali</strong></span> <span class='ocrx_word' id='word_1_373' title='bbox 2475 2755 2839 2821; x_wconf 77' lang='lat' dir='ltr'><strong>explicatione</strong></span> <span class='ocrx_word' id='word_1_374' title='bbox 2859 2756 3129 2823; x_wconf 73' lang='lat' dir='ltr'><strong>subiungo</strong></span> <span class='ocrx_word' id='word_1_375' title='bbox 3160 2773 3173 2807; x_wconf 94' lang='lat'>:</span> <span class='ocrx_word' id='word_1_376' title='bbox 3213 2756 3271 2806; x_wconf 83' lang='lat'><strong>&#39;0</strong></span> <span class='ocrx_word' id='word_1_377' title='bbox 3303 2756 3401 2822; x_wconf 82' lang='grc' dir='ltr'><strong>μὲν</strong></span> <span class='ocrx_word' id='word_1_378' title='bbox 3436 2756 3499 2827; x_wconf 69' lang='grc' dir='ltr'><strong>δὴ</strong></span> <span class='ocrx_word' id='word_1_379' title='bbox 3529 2759 3808 2819; x_wconf 60' lang='lat' dir='ltr'><strong>Matinio;</strong></span> 
     </span>
    </p>
   </div>
   <div class='ocr_carea' id='block_1_58' title="bbox 2226 2843 3807 2919">
    <p class='ocr_par' dir='ltr' id='par_1_58' title="bbox 2226 2843 3807 2919">
     <span class='ocr_line' id='line_1_58' title="bbox 2226 2843 3807 2919; baseline 0.005 -25"><span class='ocrx_word' id='word_1_380' title='bbox 2226 2843 2281 2894; x_wconf 73' lang='grc' dir='ltr'>ιν</span> <span class='ocrx_word' id='word_1_381' title='bbox 2321 2846 2433 2906; x_wconf 79' lang='grc' dir='ltr'>τοῖς</span> <span class='ocrx_word' id='word_1_382' title='bbox 2483 2843 2756 2911; x_wconf 72' lang='grc' dir='ltr'><strong>Ἑϐραίοις</strong></span> <span class='ocrx_word' id='word_1_383' title='bbox 2792 2848 2855 2913; x_wconf 76' lang='grc' dir='ltr'>τῇ</span> <span class='ocrx_word' id='word_1_384' title='bbox 2890 2844 2997 2913; x_wconf 69' lang='grc' dir='ltr'>ἰδίᾳ</span> <span class='ocrx_word' id='word_1_385' title='bbox 3029 2846 3295 2915; x_wconf 61' lang='grc' dir='ltr'><strong>διαλέκτῳ</strong></span> <span class='ocrx_word' id='word_1_386' title='bbox 3328 2848 3503 2899; x_wconf 70' lang='grc' dir='ltr'><em>αὐτῶν</em></span> <span class='ocrx_word' id='word_1_387' title='bbox 3529 2852 3630 2900; x_wconf 68' lang='grc' dir='ltr'>καὶ</span> <span class='ocrx_word' id='word_1_388' title='bbox 3667 2868 3807 2919; x_wconf 65' lang='grc' dir='ltr'><strong>γρα-</strong></span> 
     </span>
    </p>
   </div>
   <div class='ocr_carea' id='block_1_59' title="bbox 2227 2938 3807 3008">
    <p class='ocr_par' dir='ltr' id='par_1_59' title="bbox 2227 2938 3807 3008">
     <span class='ocr_line' id='line_1_59' title="bbox 2227 2938 3807 3008; baseline 0.006 -21"><span class='ocrx_word' id='word_1_389' title='bbox 2227 2938 2333 3006; x_wconf 74' lang='grc' dir='ltr'><strong>φὴν</strong></span> <span class='ocrx_word' id='word_1_390' title='bbox 2392 2939 2685 3007; x_wconf 71' lang='grc' dir='ltr'><strong>ἐξήνεγκεν</strong></span> <span class='ocrx_word' id='word_1_391' title='bbox 2732 2938 3087 3005; x_wconf 60' lang='grc' dir='ltr'><strong>Εὑαγγεὶλου,</strong></span> <span class='ocrx_word' id='word_1_392' title='bbox 3147 2939 3239 2991; x_wconf 76' lang='grc' dir='ltr'><strong>τοῦ</strong></span> <span class='ocrx_word' id='word_1_393' title='bbox 3302 2942 3509 3008; x_wconf 72' lang='grc' dir='ltr'><strong>Πέτρου</strong></span> <span class='ocrx_word' id='word_1_394' title='bbox 3574 2947 3669 2995; x_wconf 73' lang='grc' dir='ltr'>καὶ</span> <span class='ocrx_word' id='word_1_395' title='bbox 3716 2945 3807 2997; x_wconf 62' lang='grc' dir='ltr'><strong>τοῦ</strong></span> 
     </span>
    </p>
   </div>
   <div class='ocr_carea' id='block_1_60' title="bbox 2228 3029 3807 3100">
    <p class='ocr_par' dir='ltr' id='par_1_60' title="bbox 2228 3029 3807 3100">
     <span class='ocr_line' id='line_1_60' title="bbox 2228 3029 3807 3100; baseline 0.004 -20"><span class='ocrx_word' id='word_1_396' title='bbox 2228 3030 2437 3081; x_wconf 53' lang='lat' dir='ltr'><strong>[Indica</strong></span> <span class='ocrx_word' id='word_1_397' title='bbox 2462 3032 2518 3082; x_wconf 70' lang='grc' dir='ltr'><strong>ἐν</strong></span> <span class='ocrx_word' id='word_1_398' title='bbox 2549 3029 2735 3100; x_wconf 69' lang='grc' dir='ltr'><strong>Ῥώμῃ</strong></span> <span class='ocrx_word' id='word_1_399' title='bbox 2759 3030 3261 3099; x_wconf 65' lang='grc' dir='ltr'><strong>εὐαγγελιζομένων</strong></span> <span class='ocrx_word' id='word_1_400' title='bbox 3293 3034 3385 3083; x_wconf 71' lang='grc' dir='ltr'><strong>καὶ</strong></span> <span class='ocrx_word' id='word_1_401' title='bbox 3404 3032 3807 3099; x_wconf 41' lang='lat' dir='ltr'><strong>Ostiensi/tur:</strong></span> 
     </span>
    </p>
   </div>
   <div class='ocr_carea' id='block_1_61' title="bbox 2224 3120 3810 3191">
    <p class='ocr_par' dir='ltr' id='par_1_61' title="bbox 2224 3120 3810 3191">
     <span class='ocr_line' id='line_1_61' title="bbox 2224 3120 3810 3191; baseline 0.005 -20"><span class='ocrx_word' id='word_1_402' title='bbox 2224 3120 2321 3189; x_wconf 76' lang='grc' dir='ltr'><strong>τὴν</strong></span> <span class='ocrx_word' id='word_1_403' title='bbox 2376 3122 2723 3190; x_wconf 67' lang='grc' dir='ltr'><strong>Ἐκκλησίαν.</strong></span> <span class='ocrx_word' id='word_1_404' title='bbox 2775 3139 2791 3171; x_wconf 77' lang='grc' dir='ltr'><strong>ι</strong></span> <span class='ocrx_word' id='word_1_405' title='bbox 2826 3122 3109 3175; x_wconf 80' lang='lat' dir='ltr'><strong>Matthqu</strong></span> <span class='ocrx_word' id='word_1_406' title='bbox 3154 3124 3373 3191; x_wconf 82' lang='lat' dir='ltr'><strong>quidem</strong></span> <span class='ocrx_word' id='word_1_407' title='bbox 3442 3124 3497 3177; x_wconf 88' lang='lat' dir='ltr'><strong>in</strong></span> <span class='ocrx_word' id='word_1_408' title='bbox 3566 3126 3810 3179; x_wconf 71' lang='lat' dir='ltr'><strong>Hebraeis</strong></span> 
     </span>
    </p>
   </div>
   <div class='ocr_carea' id='block_1_62' title="bbox 546 3198 3812 3283">
    <p class='ocr_par' dir='ltr' id='par_1_62' title="bbox 546 3198 3812 3283">
     <span class='ocr_line' id='line_1_62' title="bbox 546 3198 3812 3283; baseline -0.002 -11"><span class='ocrx_word' id='word_1_409' title='bbox 546 3220 963 3279; x_wconf 86' lang='lat' dir='ltr'><strong>transtulerant,</strong></span> <span class='ocrx_word' id='word_1_410' title='bbox 1011 3220 1424 3272; x_wconf 86' lang='lat' dir='ltr'><strong>accuratissime</strong></span> <span class='ocrx_word' id='word_1_411' title='bbox 1478 3218 1849 3271; x_wconf 88' lang='lat' dir='ltr'><strong>declararunt.</strong></span> <span class='ocrx_word' id='word_1_412' title='bbox 1905 3218 2018 3273; x_wconf 94' lang='lat' dir='ltr'><strong>lmo</strong></span> <span class='ocrx_word' id='word_1_413' title='bbox 2070 3198 2192 3270; x_wconf 75' lang='lat' dir='ltr'><strong>etC</strong></span> <span class='ocrx_word' id='word_1_414' title='bbox 2230 3217 2446 3282; x_wconf 83' lang='lat' dir='ltr'><strong>propria</strong></span> <span class='ocrx_word' id='word_1_415' title='bbox 2509 3213 2749 3281; x_wconf 87' lang='lat' dir='ltr'><strong>ipsorum</strong></span> <span class='ocrx_word' id='word_1_416' title='bbox 2821 3213 3000 3283; x_wconf 70' lang='lat' dir='ltr'><strong>lingua</strong></span> <span class='ocrx_word' id='word_1_417' title='bbox 3061 3225 3114 3267; x_wconf 87' lang='lat' dir='ltr'><strong>et</strong></span> <span class='ocrx_word' id='word_1_418' title='bbox 3194 3216 3522 3282; x_wconf 84' lang='lat' dir='ltr'><strong>scripturam</strong></span> <span class='ocrx_word' id='word_1_419' title='bbox 3585 3220 3812 3281; x_wconf 88' lang='lat' dir='ltr'><strong>protulit</strong></span> 
     </span>
    </p>
   </div>
   <div class='ocr_carea' id='block_1_63' title="bbox 543 3312 2118 3380">
    <p class='ocr_par' dir='ltr' id='par_1_63' title="bbox 543 3312 2118 3380">
     <span class='ocr_line' id='line_1_63' title="bbox 543 3312 2118 3380; baseline -0.001 -15"><span class='ocrx_word' id='word_1_420' title='bbox 543 3312 917 3379; x_wconf 79' lang='lat' dir='ltr'><strong>apostolorum</strong></span> <span class='ocrx_word' id='word_1_421' title='bbox 960 3314 1129 3365; x_wconf 82' lang='lat' dir='ltr'><strong>Actus</strong></span> <span class='ocrx_word' id='word_1_422' title='bbox 1163 3314 1216 3364; x_wconf 93' lang='lat' dir='ltr'><strong>in</strong></span> <span class='ocrx_word' id='word_1_423' title='bbox 1262 3312 1593 3366; x_wconf 86' lang='lat' dir='ltr'><strong>Hebraicum</strong></span> <span class='ocrx_word' id='word_1_424' title='bbox 1630 3326 1939 3366; x_wconf 84' lang='lat' dir='ltr'><strong>sermonem</strong></span> <span class='ocrx_word' id='word_1_425' title='bbox 1993 3328 2118 3380; x_wconf 84' lang='lat' dir='ltr'><strong>per-</strong></span> 
     </span>
    </p>
   </div>
   <div class='ocr_carea' id='block_1_64' title="bbox 545 3403 2121 3459">
    <p class='ocr_par' dir='ltr' id='par_1_64' title="bbox 545 3403 2121 3459">
     <span class='ocr_line' id='line_1_64' title="bbox 545 3403 2121 3459; baseline 0 -2"><span class='ocrx_word' id='word_1_426' title='bbox 545 3403 671 3457; x_wconf 86' lang='lat' dir='ltr'><strong>inde</strong></span> <span class='ocrx_word' id='word_1_427' title='bbox 702 3414 998 3459; x_wconf 79' lang='lat' dir='ltr'><strong>eonvcrsos</strong></span> <span class='ocrx_word' id='word_1_428' title='bbox 1034 3418 1064 3457; x_wconf 90' lang='lat' dir='ltr'><strong>e</strong></span> <span class='ocrx_word' id='word_1_429' title='bbox 1094 3404 1283 3459; x_wconf 67' lang='lat' dir='ltr'><strong>Graeco</strong></span> <span class='ocrx_word' id='word_1_430' title='bbox 1319 3405 1512 3458; x_wconf 80' lang='lat' dir='ltr'><strong>iisdem</strong></span> <span class='ocrx_word' id='word_1_431' title='bbox 1542 3406 1595 3457; x_wconf 91' lang='lat' dir='ltr'><strong>in</strong></span> <span class='ocrx_word' id='word_1_432' title='bbox 1625 3409 1895 3457; x_wconf 84' lang='lat' dir='ltr'><strong>thesauris</strong></span> <span class='ocrx_word' id='word_1_433' title='bbox 1935 3405 2121 3457; x_wconf 82' lang='lat' dir='ltr'><strong>haberi</strong></span> 
     </span>
    </p>
   </div>
   <div class='ocr_carea' id='block_1_65' title="bbox 546 3496 2121 3566">
    <p class='ocr_par' dir='ltr' id='par_1_65' title="bbox 546 3496 2121 3566">
     <span class='ocr_line' id='line_1_65' title="bbox 546 3496 2121 3566; baseline -0.001 -16"><span class='ocrx_word' id='word_1_434' title='bbox 546 3496 842 3550; x_wconf 86' lang='lat' dir='ltr'><strong>multorum</strong></span> <span class='ocrx_word' id='word_1_435' title='bbox 889 3512 1141 3551; x_wconf 88' lang='lat' dir='ltr'><strong>sermone</strong></span> <span class='ocrx_word' id='word_1_436' title='bbox 1179 3498 1520 3566; x_wconf 81' lang='lat' dir='ltr'><strong>percrebruit</strong></span> <span class='ocrx_word' id='word_1_437' title='bbox 1562 3512 1575 3546; x_wconf 91' lang='lat'>:</span> <span class='ocrx_word' id='word_1_438' title='bbox 1613 3507 1667 3549; x_wconf 89' lang='lat' dir='ltr'><strong>et</strong></span> <span class='ocrx_word' id='word_1_439' title='bbox 1696 3498 1786 3563; x_wconf 91' lang='lat' dir='ltr'><strong>qni</strong></span> <span class='ocrx_word' id='word_1_440' title='bbox 1840 3496 1997 3549; x_wconf 88' lang='lat' dir='ltr'><strong>nobis</strong></span> <span class='ocrx_word' id='word_1_441' title='bbox 2024 3498 2121 3548; x_wconf 87' lang='lat' dir='ltr'><strong>ista</strong></span> 
     </span>
    </p>
   </div>
   <div class='ocr_carea' id='block_1_66' title="bbox 543 3587 2120 3655">
    <p class='ocr_par' dir='ltr' id='par_1_66' title="bbox 543 3587 2120 3655">
     <span class='ocr_line' id='line_1_66' title="bbox 543 3587 2120 3655; baseline 0.001 -16"><span class='ocrx_word' id='word_1_442' title='bbox 543 3589 860 3645; x_wconf 82' lang='lat' dir='ltr'><strong>narrabant.</strong></span> <span class='ocrx_word' id='word_1_443' title='bbox 902 3588 1140 3640; x_wconf 85' lang='lat' dir='ltr'><strong>indidem</strong></span> <span class='ocrx_word' id='word_1_444' title='bbox 1178 3589 1508 3644; x_wconf 75' lang='lat' dir='ltr'><strong>Christiana:</strong></span> <span class='ocrx_word' id='word_1_445' title='bbox 1553 3588 1949 3655; x_wconf 64' lang='lat' dir='ltr'><strong>amplectenda:</strong></span> <span class='ocrx_word' id='word_1_446' title='bbox 2000 3587 2120 3640; x_wconf 83' lang='lat' dir='ltr'><strong>lidei</strong></span> 
     </span>
    </p>
   </div>
   <div class='ocr_carea' id='block_1_67' title="bbox 543 3679 2121 3749">
    <p class='ocr_par' dir='ltr' id='par_1_67' title="bbox 543 3679 2121 3749">
     <span class='ocr_line' id='line_1_67' title="bbox 543 3679 2121 3749; baseline 0.002 -18"><span class='ocrx_word' id='word_1_447' title='bbox 543 3682 892 3731; x_wconf 84' lang='lat' dir='ltr'><strong>occasionem</strong></span> <span class='ocrx_word' id='word_1_448' title='bbox 952 3689 1307 3748; x_wconf 80' lang='lat' dir='ltr'><strong>acceperunt.</strong></span> <span class='ocrx_word' id='word_1_449' title='bbox 1356 3699 1376 3731; x_wconf 76' lang='grc' dir='ltr'><strong>ι</strong></span> <span class='ocrx_word' id='word_1_450' title='bbox 1442 3679 1567 3734; x_wconf 58' lang='lat' dir='ltr'><strong>Hice</strong></span> <span class='ocrx_word' id='word_1_451' title='bbox 1622 3679 1980 3749; x_wconf 83' lang='lat' dir='ltr'><strong>Epiphanius.</strong></span> <span class='ocrx_word' id='word_1_452' title='bbox 2047 3681 2121 3733; x_wconf 83' lang='lat' dir='ltr'><strong>Ex</strong></span> 
     </span>
    </p>
   </div>
   <div class='ocr_carea' id='block_1_68' title="bbox 541 3769 2125 3836">
    <p class='ocr_par' dir='ltr' id='par_1_68' title="bbox 541 3769 2125 3836">
     <span class='ocr_line' id='line_1_68' title="bbox 541 3769 2125 3836; baseline 0.002 -18"><span class='ocrx_word' id='word_1_453' title='bbox 541 3781 609 3818; x_wconf 89' lang='lat' dir='ltr'><strong>eo</strong></span> <span class='ocrx_word' id='word_1_454' title='bbox 634 3778 812 3820; x_wconf 83' lang='lat' dir='ltr'><strong>autem</strong></span> <span class='ocrx_word' id='word_1_455' title='bbox 854 3769 973 3822; x_wconf 89' lang='lat' dir='ltr'><strong>loco</strong></span> <span class='ocrx_word' id='word_1_456' title='bbox 1016 3770 1229 3821; x_wconf 88' lang='lat' dir='ltr'><strong>discere</strong></span> <span class='ocrx_word' id='word_1_457' title='bbox 1257 3771 1490 3823; x_wconf 76' lang='lat' dir='ltr'><strong>debebat</strong></span> <span class='ocrx_word' id='word_1_458' title='bbox 1537 3769 1865 3836; x_wconf 76' lang='lat' dir='ltr'><strong>Basnagius,</strong></span> <span class='ocrx_word' id='word_1_459' title='bbox 1934 3770 2125 3821; x_wconf 87' lang='lat' dir='ltr'><strong>Patres</strong></span> 
     </span>
    </p>
   </div>
   <div class='ocr_carea' id='block_1_69' title="bbox 543 3858 2121 3929">
    <p class='ocr_par' dir='ltr' id='par_1_69' title="bbox 543 3858 2121 3929">
     <span class='ocr_line' id='line_1_69' title="bbox 543 3858 2121 3929; baseline -0.003 -16"><span class='ocrx_word' id='word_1_460' title='bbox 543 3861 853 3914; x_wconf 71' lang='lat' dir='ltr'><strong>distinxisse</strong></span> <span class='ocrx_word' id='word_1_461' title='bbox 890 3862 1033 3914; x_wconf 90' lang='lat' dir='ltr'><strong>inter</strong></span> <span class='ocrx_word' id='word_1_462' title='bbox 1063 3861 1225 3913; x_wconf 88' lang='lat' dir='ltr'><strong>libros</strong></span> <span class='ocrx_word' id='word_1_463' title='bbox 1256 3862 1490 3929; x_wconf 88' lang='lat' dir='ltr'><strong>primum</strong></span> <span class='ocrx_word' id='word_1_464' title='bbox 1545 3858 1811 3913; x_wconf 80' lang='lat' dir='ltr'><strong>Hebraiee</strong></span> <span class='ocrx_word' id='word_1_465' title='bbox 1862 3860 2121 3927; x_wconf 85' lang='lat' dir='ltr'><strong>scriptos,</strong></span> 
     </span>
    </p>
   </div>
   <div class='ocr_carea' id='block_1_70' title="bbox 545 3951 2123 4019">
    <p class='ocr_par' dir='ltr' id='par_1_70' title="bbox 545 3951 2123 4019">
     <span class='ocr_line' id='line_1_70' title="bbox 545 3951 2123 4019; baseline -0.001 -13"><span class='ocrx_word' id='word_1_466' title='bbox 545 3962 597 4006; x_wconf 88' lang='lat' dir='ltr'><strong>et</strong></span> <span class='ocrx_word' id='word_1_467' title='bbox 642 3954 778 4014; x_wconf 87' lang='lat' dir='ltr'><strong>illos,</strong></span> <span class='ocrx_word' id='word_1_468' title='bbox 814 3954 902 4019; x_wconf 90' lang='lat' dir='ltr'><strong>qui</strong></span> <span class='ocrx_word' id='word_1_469' title='bbox 952 3968 1015 4005; x_wconf 89' lang='lat' dir='ltr'><strong>ex</strong></span> <span class='ocrx_word' id='word_1_470' title='bbox 1062 3952 1263 4006; x_wconf 70' lang='lat' dir='ltr'><strong>Graecis</strong></span> <span class='ocrx_word' id='word_1_471' title='bbox 1314 3955 1509 4006; x_wconf 84' lang='lat' dir='ltr'><strong>redditi</strong></span> <span class='ocrx_word' id='word_1_472' title='bbox 1556 3964 1681 4005; x_wconf 85' lang='lat' dir='ltr'><strong>sunt</strong></span> <span class='ocrx_word' id='word_1_473' title='bbox 1737 3951 2027 4016; x_wconf 81' lang='lat' dir='ltr'><strong>Hebraici;</strong></span> <span class='ocrx_word' id='word_1_474' title='bbox 2070 3959 2123 4004; x_wconf 91' lang='lat' dir='ltr'><strong>et</strong></span> 
     </span>
    </p>
   </div>
   <div class='ocr_carea' id='block_1_71' title="bbox 545 4042 2122 4113">
    <p class='ocr_par' dir='ltr' id='par_1_71' title="bbox 545 4042 2122 4113">
     <span class='ocr_line' id='line_1_71' title="bbox 545 4042 2122 4113; baseline -0.003 -16"><span class='ocrx_word' id='word_1_475' title='bbox 545 4042 707 4113; x_wconf 66' lang='lat' dir='ltr'><strong>longe</strong></span> <span class='ocrx_word' id='word_1_476' title='bbox 755 4047 1128 4097; x_wconf 88' lang='lat' dir='ltr'><strong>accuratiores</strong></span> <span class='ocrx_word' id='word_1_477' title='bbox 1165 4056 1285 4097; x_wconf 84' lang='lat' dir='ltr'><strong>esse</strong></span> <span class='ocrx_word' id='word_1_478' title='bbox 1323 4046 1374 4096; x_wconf 90' lang='lat' dir='ltr'><strong>in</strong></span> <span class='ocrx_word' id='word_1_479' title='bbox 1410 4046 1564 4097; x_wconf 82' lang='lat' dir='ltr'><strong>lactis</strong></span> <span class='ocrx_word' id='word_1_480' title='bbox 1596 4045 2122 4109; x_wconf 81' lang='lat' dir='ltr'><strong>enarrandis.quam</strong></span> 
     </span>
    </p>
   </div>
   <div class='ocr_carea' id='block_1_72' title="bbox 544 4136 2121 4205">
    <p class='ocr_par' dir='ltr' id='par_1_72' title="bbox 544 4136 2121 4205">
     <span class='ocr_line' id='line_1_72' title="bbox 544 4136 2121 4205; baseline -0.002 -16"><span class='ocrx_word' id='word_1_481' title='bbox 544 4146 605 4189; x_wconf 90' lang='lat' dir='ltr'><strong>ut</strong></span> <span class='ocrx_word' id='word_1_482' title='bbox 647 4138 891 4205; x_wconf 88' lang='lat' dir='ltr'><strong>ipsorum</strong></span> <span class='ocrx_word' id='word_1_483' title='bbox 923 4136 1303 4189; x_wconf 87' lang='lat' dir='ltr'><strong>auctoritatem</strong></span> <span class='ocrx_word' id='word_1_484' title='bbox 1346 4146 1548 4190; x_wconf 83' lang='lat' dir='ltr'><strong>temere</strong></span> <span class='ocrx_word' id='word_1_485' title='bbox 1586 4137 1823 4204; x_wconf 82' lang='lat' dir='ltr'><strong>abjicere</strong></span> <span class='ocrx_word' id='word_1_486' title='bbox 1851 4143 2121 4203; x_wconf 88' lang='lat' dir='ltr'><strong>oporteat.</strong></span> 
     </span>
    </p>
   </div>
   <div class='ocr_carea' id='block_1_73' title="bbox 546 4226 2124 4298">
    <p class='ocr_par' dir='ltr' id='par_1_73' title="bbox 546 4226 2124 4298">
     <span class='ocr_line' id='line_1_73' title="bbox 546 4226 2124 4298; baseline -0.003 -15"><span class='ocrx_word' id='word_1_487' title='bbox 546 4226 680 4283; x_wconf 77' lang='lat' dir='ltr'><strong>Nam</strong></span> <span class='ocrx_word' id='word_1_488' title='bbox 717 4243 780 4281; x_wconf 81' lang='lat' dir='ltr'><strong>ex</strong></span> <span class='ocrx_word' id='word_1_489' title='bbox 814 4228 1042 4298; x_wconf 70' lang='lat' dir='ltr'><strong>allegato</strong></span> <span class='ocrx_word' id='word_1_490' title='bbox 1074 4228 1193 4284; x_wconf 85' lang='lat' dir='ltr'><strong>loco</strong></span> <span class='ocrx_word' id='word_1_491' title='bbox 1236 4229 1461 4292; x_wconf 81' lang='lat' dir='ltr'><strong>inferre,</strong></span> <span class='ocrx_word' id='word_1_492' title='bbox 1503 4234 1667 4282; x_wconf 85' lang='lat' dir='ltr'><strong>etiam</strong></span> <span class='ocrx_word' id='word_1_493' title='bbox 1690 4227 1923 4281; x_wconf 59' lang='lat' dir='ltr'><strong>Matthmi</strong></span> <span class='ocrx_word' id='word_1_494' title='bbox 1946 4228 2124 4280; x_wconf 78' lang='lat' dir='ltr'><strong>Evan-</strong></span> 
     </span>
    </p>
   </div>
   <div class='ocr_carea' id='block_1_74' title="bbox 546 4320 2122 4392">
    <p class='ocr_par' dir='ltr' id='par_1_74' title="bbox 546 4320 2122 4392">
     <span class='ocr_line' id='line_1_74' title="bbox 546 4320 2122 4392; baseline -0.001 -19"><span class='ocrx_word' id='word_1_495' title='bbox 546 4320 745 4392; x_wconf 70' lang='lat' dir='ltr'><strong>gelium</strong></span> <span class='ocrx_word' id='word_1_496' title='bbox 801 4335 863 4372; x_wconf 81' lang='lat' dir='ltr'><strong>ex</strong></span> <span class='ocrx_word' id='word_1_497' title='bbox 927 4320 1116 4373; x_wconf 63' lang='lat' dir='ltr'><strong>Graaeo</strong></span> <span class='ocrx_word' id='word_1_498' title='bbox 1180 4320 1503 4373; x_wconf 86' lang='lat' dir='ltr'><strong>Hebraieum</strong></span> <span class='ocrx_word' id='word_1_499' title='bbox 1560 4337 1680 4373; x_wconf 81' lang='lat' dir='ltr'><strong>esse</strong></span> <span class='ocrx_word' id='word_1_500' title='bbox 1738 4322 2028 4383; x_wconf 85' lang='lat' dir='ltr'><strong>redditum,</strong></span> <span class='ocrx_word' id='word_1_501' title='bbox 2073 4321 2122 4372; x_wconf 92' lang='lat' dir='ltr'><strong>id</strong></span> 
     </span>
    </p>
   </div>
   <div class='ocr_carea' id='block_1_75' title="bbox 545 4408 2122 4481">
    <p class='ocr_par' dir='ltr' id='par_1_75' title="bbox 545 4408 2122 4481">
     <span class='ocr_line' id='line_1_75' title="bbox 545 4408 2122 4481; baseline 0.001 -17"><span class='ocrx_word' id='word_1_502' title='bbox 545 4410 781 4464; x_wconf 79' lang='lat' dir='ltr'><strong>amentis</strong></span> <span class='ocrx_word' id='word_1_503' title='bbox 815 4409 997 4478; x_wconf 89' lang='lat' dir='ltr'><strong>potius</strong></span> <span class='ocrx_word' id='word_1_504' title='bbox 1025 4420 1128 4469; x_wconf 88' lang='lat' dir='ltr'><strong>est.</strong></span> <span class='ocrx_word' id='word_1_505' title='bbox 1151 4426 1312 4481; x_wconf 90' lang='lat' dir='ltr'><strong>quam</strong></span> <span class='ocrx_word' id='word_1_506' title='bbox 1350 4411 1744 4465; x_wconf 84' lang='lat' dir='ltr'><strong>ratiocinantis.</strong></span> <span class='ocrx_word' id='word_1_507' title='bbox 1777 4408 2122 4475; x_wconf 82' lang='lat' dir='ltr'><strong>Qualeetiam</strong></span> 
     </span>
    </p>
   </div>
   <div class='ocr_carea' id='block_1_76' title="bbox 2230 3304 3809 3373">
    <p class='ocr_par' dir='ltr' id='par_1_76' title="bbox 2230 3304 3809 3373">
     <span class='ocr_line' id='line_1_76' title="bbox 2230 3304 3809 3373; baseline 0.002 -14"><span class='ocrx_word' id='word_1_508' title='bbox 2230 3305 2535 3373; x_wconf 74' lang='lat' dir='ltr'><strong>Evangelii,</strong></span> <span class='ocrx_word' id='word_1_509' title='bbox 2574 3304 2732 3357; x_wconf 80' lang='lat' dir='ltr'><strong>Petro</strong></span> <span class='ocrx_word' id='word_1_510' title='bbox 2764 3317 2819 3357; x_wconf 90' lang='lat' dir='ltr'><strong>et</strong></span> <span class='ocrx_word' id='word_1_511' title='bbox 2852 3305 3016 3359; x_wconf 80' lang='lat' dir='ltr'><strong>Paulo</strong></span> <span class='ocrx_word' id='word_1_512' title='bbox 3075 3305 3257 3357; x_wconf 66' lang='lat' dir='ltr'><strong>Romae</strong></span> <span class='ocrx_word' id='word_1_513' title='bbox 3300 3308 3809 3373; x_wconf 74' lang='lat' dir='ltr'><strong>erangehzanttbus</strong></span> 
     </span>
    </p>
   </div>
   <div class='ocr_carea' id='block_1_77' title="bbox 2226 3395 3809 3451">
    <p class='ocr_par' dir='ltr' id='par_1_77' title="bbox 2226 3395 3809 3451">
     <span class='ocr_line' id='line_1_77' title="bbox 2226 3395 3809 3451; baseline 0.001 -2"><span class='ocrx_word' id='word_1_514' title='bbox 2226 3406 2280 3449; x_wconf 90' lang='lat' dir='ltr'><strong>et</strong></span> <span class='ocrx_word' id='word_1_515' title='bbox 2306 3396 2600 3449; x_wconf 66' lang='lat' dir='ltr'><strong>licelesiam</strong></span> <span class='ocrx_word' id='word_1_516' title='bbox 2655 3395 3027 3448; x_wconf 71' lang='lat' dir='ltr'><strong>t‘undantibus.</strong></span> <span class='ocrx_word' id='word_1_517' title='bbox 3069 3413 3087 3445; x_wconf 74' lang='grc' dir='ltr'><strong>ι</strong></span> <span class='ocrx_word' id='word_1_518' title='bbox 3144 3395 3269 3448; x_wconf 73' lang='lat' dir='ltr'><strong>llaec</strong></span> <span class='ocrx_word' id='word_1_519' title='bbox 3308 3398 3470 3448; x_wconf 74' lang='lat' dir='ltr'><strong>verba</strong></span> <span class='ocrx_word' id='word_1_520' title='bbox 3506 3398 3665 3451; x_wconf 80' lang='lat' dir='ltr'><strong>laeile</strong></span> <span class='ocrx_word' id='word_1_521' title='bbox 3728 3400 3809 3451; x_wconf 82' lang='lat' dir='ltr'><strong>sic</strong></span> 
     </span>
    </p>
   </div>
   <div class='ocr_carea' id='block_1_78' title="bbox 2228 3485 3811 3555">
    <p class='ocr_par' dir='ltr' id='par_1_78' title="bbox 2228 3485 3811 3555">
     <span class='ocr_line' id='line_1_78' title="bbox 2228 3485 3811 3555; baseline 0.005 -20"><span class='ocrx_word' id='word_1_522' title='bbox 2228 3499 2458 3553; x_wconf 64' lang='lat' dir='ltr'><strong>possunt</strong></span> <span class='ocrx_word' id='word_1_523' title='bbox 2486 3485 2813 3555; x_wconf 82' lang='lat' dir='ltr'><strong>intelligi,ut</strong></span> <span class='ocrx_word' id='word_1_524' title='bbox 2843 3485 3318 3539; x_wconf 59' lang='lat' dir='ltr'><strong>sanetuslrenmus</strong></span> <span class='ocrx_word' id='word_1_525' title='bbox 3351 3487 3590 3539; x_wconf 87' lang='lat' dir='ltr'><strong>noluerit</strong></span> <span class='ocrx_word' id='word_1_526' title='bbox 3624 3493 3811 3543; x_wconf 83' lang='lat' dir='ltr'><strong>dicere</strong></span> 
     </span>
    </p>
   </div>
   <div class='ocr_carea' id='block_1_79' title="bbox 2230 3571 3811 3647">
    <p class='ocr_par' dir='ltr' id='par_1_79' title="bbox 2230 3571 3811 3647">
     <span class='ocr_line' id='line_1_79' title="bbox 2230 3571 3811 3647; baseline 0.004 -17"><span class='ocrx_word' id='word_1_527' title='bbox 2230 3591 2521 3646; x_wconf 80' lang='lat' dir='ltr'><strong>Utrumque</strong></span> <span class='ocrx_word' id='word_1_528' title='bbox 2548 3580 2739 3633; x_wconf 89' lang='lat' dir='ltr'><strong>eodem</strong></span> <span class='ocrx_word' id='word_1_529' title='bbox 2779 3589 3025 3647; x_wconf 82' lang='lat' dir='ltr'><strong>tempore</strong></span> <span class='ocrx_word' id='word_1_530' title='bbox 3062 3578 3284 3634; x_wconf 70' lang='lat' dir='ltr'><strong>rat&#39;llllll.</strong></span> <span class='ocrx_word' id='word_1_531' title='bbox 3309 3583 3377 3633; x_wconf 77' lang='lat' dir='ltr'><strong>At</strong></span> <span class='ocrx_word' id='word_1_532' title='bbox 3420 3571 3602 3634; x_wconf 86' lang='lat' dir='ltr'><strong>libens</strong></span> <span class='ocrx_word' id='word_1_533' title='bbox 3638 3580 3811 3635; x_wconf 81' lang='lat' dir='ltr'><strong>lateor</strong></span> 
     </span>
    </p>
   </div>
   <div class='ocr_carea' id='block_1_80' title="bbox 2232 3671 3810 3745">
    <p class='ocr_par' dir='ltr' id='par_1_80' title="bbox 2232 3671 3810 3745">
     <span class='ocr_line' id='line_1_80' title="bbox 2232 3671 3810 3745; baseline 0.004 -22"><span class='ocrx_word' id='word_1_534' title='bbox 2232 3672 2400 3741; x_wconf 82' lang='lat' dir='ltr'><strong>magis</strong></span> <span class='ocrx_word' id='word_1_535' title='bbox 2432 3671 2722 3727; x_wconf 84' lang='lat' dir='ltr'><strong>dilliculter</strong></span> <span class='ocrx_word' id='word_1_536' title='bbox 2785 3673 2981 3745; x_wconf 64' lang='lat' dir='ltr'><strong>exponi</strong></span> <span class='ocrx_word' id='word_1_537' title='bbox 3017 3688 3177 3744; x_wconf 84' lang='lat' dir='ltr'><strong>passe</strong></span> <span class='ocrx_word' id='word_1_538' title='bbox 3230 3676 3389 3727; x_wconf 75' lang='lat' dir='ltr'><strong>verba</strong></span> <span class='ocrx_word' id='word_1_539' title='bbox 3436 3674 3623 3728; x_wconf 72' lang='lat' dir='ltr'><strong>Ire-met</strong></span> <span class='ocrx_word' id='word_1_540' title='bbox 3686 3693 3810 3731; x_wconf 79' lang='lat' dir='ltr'><strong>mox</strong></span> 
     </span>
    </p>
   </div>
   <div class='ocr_carea' id='block_1_81' title="bbox 2226 3763 3808 3831">
    <p class='ocr_par' dir='ltr' id='par_1_81' title="bbox 2226 3763 3808 3831">
     <span class='ocr_line' id='line_1_81' title="bbox 2226 3763 3808 3831; baseline 0.007 -18"><span class='ocrx_word' id='word_1_541' title='bbox 2226 3766 2504 3828; x_wconf 77' lang='lat' dir='ltr'><strong>sequentia</strong></span> <span class='ocrx_word' id='word_1_542' title='bbox 2524 3765 2589 3815; x_wconf 86' lang='lat' dir='ltr'><strong>de</strong></span> <span class='ocrx_word' id='word_1_543' title='bbox 2611 3763 2831 3830; x_wconf 82' lang='lat' dir='ltr'><strong>reliquis</strong></span> <span class='ocrx_word' id='word_1_544' title='bbox 2850 3766 3219 3831; x_wconf 75' lang='lat' dir='ltr'><strong>eiangelistis,</strong></span> <span class='ocrx_word' id='word_1_545' title='bbox 3240 3780 3361 3817; x_wconf 85' lang='lat' dir='ltr'><strong>nam</strong></span> <span class='ocrx_word' id='word_1_546' title='bbox 3385 3767 3601 3820; x_wconf 76' lang='lat' dir='ltr'><strong>videtur</strong></span> <span class='ocrx_word' id='word_1_547' title='bbox 3620 3770 3808 3825; x_wconf 84' lang='lat' dir='ltr'><strong>dicere</strong></span> 
     </span>
    </p>
   </div>
   <div class='ocr_carea' id='block_1_82' title="bbox 2231 3851 3810 3923">
    <p class='ocr_par' dir='ltr' id='par_1_82' title="bbox 2231 3851 3810 3923">
     <span class='ocr_line' id='line_1_82' title="bbox 2231 3851 3810 3923; baseline 0.007 -20"><span class='ocrx_word' id='word_1_548' title='bbox 2231 3851 2352 3906; x_wconf 90' lang='lat' dir='ltr'><strong>illos</strong></span> <span class='ocrx_word' id='word_1_549' title='bbox 2393 3869 2585 3906; x_wconf 89' lang='lat' dir='ltr'><strong>omnes</strong></span> <span class='ocrx_word' id='word_1_550' title='bbox 2638 3855 2924 3923; x_wconf 79' lang='lat' dir='ltr'><strong>scripsisse</strong></span> <span class='ocrx_word' id='word_1_551' title='bbox 2974 3862 3094 3922; x_wconf 81' lang='lat' dir='ltr'><strong>post</strong></span> <span class='ocrx_word' id='word_1_552' title='bbox 3133 3866 3362 3907; x_wconf 80' lang='lat' dir='ltr'><strong>mortem</strong></span> <span class='ocrx_word' id='word_1_553' title='bbox 3400 3855 3499 3908; x_wconf 76' lang='lat' dir='ltr'><strong>SS.</strong></span> <span class='ocrx_word' id='word_1_554' title='bbox 3543 3856 3689 3913; x_wconf 84' lang='lat' dir='ltr'><strong>Petri</strong></span> <span class='ocrx_word' id='word_1_555' title='bbox 3758 3872 3810 3917; x_wconf 81' lang='lat' dir='ltr'><strong>et</strong></span> 
     </span>
    </p>
   </div>
   <div class='ocr_carea' id='block_1_83' title="bbox 2226 3945 3809 4018">
    <p class='ocr_par' dir='ltr' id='par_1_83' title="bbox 2226 3945 3809 4018">
     <span class='ocr_line' id='line_1_83' title="bbox 2226 3945 3809 4018; baseline 0.006 -20"><span class='ocrx_word' id='word_1_556' title='bbox 2226 3945 2400 4009; x_wconf 76' lang='lat' dir='ltr'><strong>l’auli,</strong></span> <span class='ocrx_word' id='word_1_557' title='bbox 2438 3949 2540 4001; x_wconf 89' lang='lat' dir='ltr'><strong>nisi</strong></span> <span class='ocrx_word' id='word_1_558' title='bbox 2576 3958 2757 4001; x_wconf 76' lang='lat' dir='ltr'><strong>textus</strong></span> <span class='ocrx_word' id='word_1_559' title='bbox 2784 3952 2853 4001; x_wconf 88' lang='lat' dir='ltr'><strong>sit</strong></span> <span class='ocrx_word' id='word_1_560' title='bbox 2878 3958 3192 4016; x_wconf 88' lang='lat' dir='ltr'><strong>corruptus,</strong></span> <span class='ocrx_word' id='word_1_561' title='bbox 3233 3958 3290 4001; x_wconf 92' lang='lat' dir='ltr'><strong>ut</strong></span> <span class='ocrx_word' id='word_1_562' title='bbox 3324 3954 3640 4018; x_wconf 83' lang='lat' dir='ltr'><strong>suspicatur</strong></span> <span class='ocrx_word' id='word_1_563' title='bbox 3698 3952 3809 4013; x_wconf 81' lang='lat' dir='ltr'><strong>Til-</strong></span> 
     </span>
    </p>
   </div>
   <div class='ocr_carea' id='block_1_84' title="bbox 2226 4038 3805 4100">
    <p class='ocr_par' dir='ltr' id='par_1_84' title="bbox 2226 4038 3805 4100">
     <span class='ocr_line' id='line_1_84' title="bbox 2226 4038 3805 4100; baseline 0.005 -10"><span class='ocrx_word' id='word_1_564' title='bbox 2226 4039 2538 4099; x_wconf 87' lang='lat' dir='ltr'><strong>leniontius,</strong></span> <span class='ocrx_word' id='word_1_565' title='bbox 2580 4050 2711 4093; x_wconf 89' lang='lat' dir='ltr'><strong>tom.</strong></span> <span class='ocrx_word' id='word_1_566' title='bbox 2772 4038 2836 4097; x_wconf 88' lang='lat' dir='ltr'><strong>ll,</strong></span> <span class='ocrx_word' id='word_1_567' title='bbox 2884 4050 3006 4093; x_wconf 88' lang='lat' dir='ltr'><strong>nota</strong></span> <span class='ocrx_word' id='word_1_568' title='bbox 3061 4042 3093 4093; x_wconf 81' lang='lat'><strong>3</strong></span> <span class='ocrx_word' id='word_1_569' title='bbox 3146 4045 3198 4094; x_wconf 87' lang='lat' dir='ltr'><strong>in</strong></span> <span class='ocrx_word' id='word_1_570' title='bbox 3251 4057 3499 4095; x_wconf 69' lang='lat' dir='ltr'><strong>salierunt</strong></span> <span class='ocrx_word' id='word_1_571' title='bbox 3540 4042 3805 4100; x_wconf 77' lang='lat' dir='ltr'><strong>Marcum.</strong></span> 
     </span>
    </p>
   </div>
   <div class='ocr_carea' id='block_1_85' title="bbox 2224 4131 3807 4201">
    <p class='ocr_par' dir='ltr' id='par_1_85' title="bbox 2224 4131 3807 4201">
     <span class='ocr_line' id='line_1_85' title="bbox 2224 4131 3807 4201; baseline 0.006 -19"><span class='ocrx_word' id='word_1_572' title='bbox 2224 4132 2499 4201; x_wconf 83' lang='lat' dir='ltr'><strong>Quidquid</strong></span> <span class='ocrx_word' id='word_1_573' title='bbox 2558 4131 2648 4194; x_wconf 87' lang='lat' dir='ltr'><strong>sit,</strong></span> <span class='ocrx_word' id='word_1_574' title='bbox 2699 4132 2741 4183; x_wconf 88' lang='lat' dir='ltr'><strong>si</strong></span> <span class='ocrx_word' id='word_1_575' title='bbox 2797 4145 2862 4183; x_wconf 82' lang='lat' dir='ltr'><strong>ea</strong></span> <span class='ocrx_word' id='word_1_576' title='bbox 2916 4133 2984 4184; x_wconf 86' lang='lat' dir='ltr'><strong>sit</strong></span> <span class='ocrx_word' id='word_1_577' title='bbox 3043 4134 3215 4185; x_wconf 82' lang='lat' dir='ltr'><strong>sancti</strong></span> <span class='ocrx_word' id='word_1_578' title='bbox 3273 4135 3461 4188; x_wconf 58' lang='lat' dir='ltr'><strong>Irena‘i</strong></span> <span class='ocrx_word' id='word_1_579' title='bbox 3506 4140 3807 4197; x_wconf 73' lang='lat' dir='ltr'><strong>sententia.</strong></span> 
     </span>
    </p>
   </div>
   <div class='ocr_carea' id='block_1_86' title="bbox 2224 4222 3811 4292">
    <p class='ocr_par' dir='ltr' id='par_1_86' title="bbox 2224 4222 3811 4292">
     <span class='ocr_line' id='line_1_86' title="bbox 2224 4222 3811 4292; baseline 0.005 -17"><span class='ocrx_word' id='word_1_580' title='bbox 2224 4225 2403 4291; x_wconf 86' lang='lat' dir='ltr'><strong>qualis</strong></span> <span class='ocrx_word' id='word_1_581' title='bbox 2428 4234 2676 4292; x_wconf 85' lang='lat' dir='ltr'><strong>apparet.</strong></span> <span class='ocrx_word' id='word_1_582' title='bbox 2714 4223 2896 4276; x_wconf 88' lang='lat' dir='ltr'><strong>malim</strong></span> <span class='ocrx_word' id='word_1_583' title='bbox 2937 4222 3184 4288; x_wconf 87' lang='lat' dir='ltr'><strong>credere,</strong></span> <span class='ocrx_word' id='word_1_584' title='bbox 3216 4224 3393 4292; x_wconf 87' lang='lat' dir='ltr'><strong>ipsum</strong></span> <span class='ocrx_word' id='word_1_585' title='bbox 3422 4232 3606 4279; x_wconf 81' lang='lat' dir='ltr'><strong>ntinus</strong></span> <span class='ocrx_word' id='word_1_586' title='bbox 3631 4239 3811 4283; x_wconf 84' lang='lat' dir='ltr'><strong>atten-</strong></span> 
     </span>
    </p>
   </div>
   <div class='ocr_carea' id='block_1_87' title="bbox 2225 4315 3805 4382">
    <p class='ocr_par' dir='ltr' id='par_1_87' title="bbox 2225 4315 3805 4382">
     <span class='ocr_line' id='line_1_87' title="bbox 2225 4315 3805 4382; baseline 0.004 -16"><span class='ocrx_word' id='word_1_587' title='bbox 2225 4315 2371 4366; x_wconf 86' lang='lat' dir='ltr'><strong>disse</strong></span> <span class='ocrx_word' id='word_1_588' title='bbox 2426 4316 2492 4366; x_wconf 91' lang='lat' dir='ltr'><strong>ad</strong></span> <span class='ocrx_word' id='word_1_589' title='bbox 2544 4321 2789 4367; x_wconf 68' lang='lat' dir='ltr'><strong>exactam</strong></span> <span class='ocrx_word' id='word_1_590' title='bbox 2838 4315 3051 4369; x_wconf 91' lang='lat' dir='ltr'><strong>illorum</strong></span> <span class='ocrx_word' id='word_1_591' title='bbox 3112 4316 3360 4369; x_wconf 89' lang='lat' dir='ltr'><strong>omnium</strong></span> <span class='ocrx_word' id='word_1_592' title='bbox 3396 4318 3805 4382; x_wconf 79' lang='lat' dir='ltr'><strong>chron0taxim,</strong></span> 
     </span>
    </p>
   </div>
   <div class='ocr_carea' id='block_1_88' title="bbox 2228 4404 3807 4476">
    <p class='ocr_par' dir='ltr' id='par_1_88' title="bbox 2228 4404 3807 4476">
     <span class='ocr_line' id='line_1_88' title="bbox 2228 4404 3807 4476; baseline 0.004 -19"><span class='ocrx_word' id='word_1_593' title='bbox 2228 4404 2371 4473; x_wconf 91' lang='lat' dir='ltr'><strong>quod</strong></span> <span class='ocrx_word' id='word_1_594' title='bbox 2401 4404 2490 4457; x_wconf 90' lang='lat' dir='ltr'><strong>illa</strong></span> <span class='ocrx_word' id='word_1_595' title='bbox 2523 4408 2586 4456; x_wconf 89' lang='lat' dir='ltr'><strong>ad</strong></span> <span class='ocrx_word' id='word_1_596' title='bbox 2617 4406 2954 4475; x_wconf 90' lang='lat' dir='ltr'><strong>propositum</strong></span> <span class='ocrx_word' id='word_1_597' title='bbox 2994 4407 3166 4476; x_wconf 89' lang='lat' dir='ltr'><strong>ipsius</strong></span> <span class='ocrx_word' id='word_1_598' title='bbox 3204 4423 3395 4474; x_wconf 87' lang='lat' dir='ltr'><strong>parum</strong></span> <span class='ocrx_word' id='word_1_599' title='bbox 3445 4412 3807 4475; x_wconf 83' lang='lat' dir='ltr'><strong>conduceret,</strong></span> 
     </span>
    </p>
   </div>
   <div class='ocr_carea' id='block_1_89' title="bbox 547 4497 3809 4592">
    <p class='ocr_par' dir='ltr' id='par_1_89' title="bbox 547 4497 3809 4592">
     <span class='ocr_line' id='line_1_89' title="bbox 547 4497 3809 4592; baseline 0.001 -37"><span class='ocrx_word' id='word_1_600' title='bbox 547 4508 654 4563; x_wconf 85' lang='lat' dir='ltr'><strong>est,</strong></span> <span class='ocrx_word' id='word_1_601' title='bbox 688 4500 832 4570; x_wconf 85' lang='lat' dir='ltr'><strong>quod</strong></span> <span class='ocrx_word' id='word_1_602' title='bbox 866 4501 1036 4561; x_wconf 88' lang='lat' dir='ltr'><strong>addit.</strong></span> <span class='ocrx_word' id='word_1_603' title='bbox 1079 4517 1140 4555; x_wconf 76' lang='lat' dir='ltr'><strong>ex</strong></span> <span class='ocrx_word' id='word_1_604' title='bbox 1166 4503 1548 4573; x_wconf 79' lang='lat' dir='ltr'><strong>antiquissima</strong></span> <span class='ocrx_word' id='word_1_605' title='bbox 1584 4504 1834 4557; x_wconf 90' lang='lat' dir='ltr'><strong>versione</strong></span> <span class='ocrx_word' id='word_1_606' title='bbox 1862 4504 2119 4557; x_wconf 84' lang='lat' dir='ltr'><strong>Hebraica</strong></span> <span class='ocrx_word' id='word_1_607' title='bbox 2152 4533 2201 4592; x_wconf 74' lang='grc' dir='ltr'><strong>Ι)</strong></span> <span class='ocrx_word' id='word_1_608' title='bbox 2228 4512 2388 4565; x_wconf 83' lang='lat' dir='ltr'><strong>quam</strong></span> <span class='ocrx_word' id='word_1_609' title='bbox 2409 4497 2474 4550; x_wconf 86' lang='lat' dir='ltr'><strong>ad</strong></span> <span class='ocrx_word' id='word_1_610' title='bbox 2504 4512 2591 4549; x_wconf 82' lang='lat' dir='ltr'><strong>res</strong></span> <span class='ocrx_word' id='word_1_611' title='bbox 2615 4497 2760 4565; x_wconf 85' lang='lat' dir='ltr'><strong>ipsas</strong></span> <span class='ocrx_word' id='word_1_612' title='bbox 2783 4512 2919 4566; x_wconf 88' lang='lat' dir='ltr'><strong>quas</strong></span> <span class='ocrx_word' id='word_1_613' title='bbox 2975 4498 3078 4550; x_wconf 89' lang='lat' dir='ltr'><strong>sibi</strong></span> <span class='ocrx_word' id='word_1_614' title='bbox 3118 4498 3350 4553; x_wconf 85' lang='lat' dir='ltr'><strong>habebat</strong></span> <span class='ocrx_word' id='word_1_615' title='bbox 3372 4504 3721 4569; x_wconf 86' lang='lat' dir='ltr'><strong>propositas:</strong></span> <span class='ocrx_word' id='word_1_616' title='bbox 3755 4514 3809 4557; x_wconf 89' lang='lat' dir='ltr'><strong>et</strong></span> 
     </span>
    </p>
   </div>
   <div class='ocr_carea' id='block_1_90' title="bbox 548 4593 2120 4663">
    <p class='ocr_par' dir='ltr' id='par_1_90' title="bbox 548 4593 2120 4663">
     <span class='ocr_line' id='line_1_90' title="bbox 548 4593 2120 4663; baseline 0 -14"><span class='ocrx_word' id='word_1_617' title='bbox 548 4603 727 4649; x_wconf 89' lang='lat' dir='ltr'><strong>ortam</strong></span> <span class='ocrx_word' id='word_1_618' title='bbox 773 4608 895 4647; x_wconf 87' lang='lat' dir='ltr'><strong>esse</strong></span> <span class='ocrx_word' id='word_1_619' title='bbox 923 4593 1270 4647; x_wconf 84' lang='lat' dir='ltr'><strong>traditionem</strong></span> <span class='ocrx_word' id='word_1_620' title='bbox 1307 4594 1373 4647; x_wconf 86' lang='lat' dir='ltr'><strong>de</strong></span> <span class='ocrx_word' id='word_1_621' title='bbox 1422 4598 1624 4663; x_wconf 84' lang='lat' dir='ltr'><strong>scripto</strong></span> <span class='ocrx_word' id='word_1_622' title='bbox 1654 4594 1914 4650; x_wconf 88' lang='lat' dir='ltr'><strong>Hebraice</strong></span> <span class='ocrx_word' id='word_1_623' title='bbox 1946 4597 2120 4649; x_wconf 84' lang='lat' dir='ltr'><strong>Evan-</strong></span> 
     </span>
    </p>
   </div>
   <div class='ocr_carea' id='block_1_91' title="bbox 548 4684 2120 4755">
    <p class='ocr_par' dir='ltr' id='par_1_91' title="bbox 548 4684 2120 4755">
     <span class='ocr_line' id='line_1_91' title="bbox 548 4684 2120 4755; baseline 0 -14"><span class='ocrx_word' id='word_1_624' title='bbox 548 4687 712 4755; x_wconf 74' lang='lat' dir='ltr'><strong>gelia.</strong></span> <span class='ocrx_word' id='word_1_625' title='bbox 753 4684 867 4740; x_wconf 82' lang='lat' dir='ltr'><strong>Nisi</strong></span> <span class='ocrx_word' id='word_1_626' title='bbox 904 4688 1048 4740; x_wconf 91' lang='lat' dir='ltr'><strong>enim</strong></span> <span class='ocrx_word' id='word_1_627' title='bbox 1106 4684 1295 4740; x_wconf 84' lang='lat' dir='ltr'><strong>Patres</strong></span> <span class='ocrx_word' id='word_1_628' title='bbox 1351 4702 1541 4741; x_wconf 83' lang='lat' dir='ltr'><strong>omnes</strong></span> <span class='ocrx_word' id='word_1_629' title='bbox 1588 4687 1916 4741; x_wconf 87' lang='lat' dir='ltr'><strong>intolerabili</strong></span> <span class='ocrx_word' id='word_1_630' title='bbox 1979 4687 2120 4742; x_wconf 77' lang='lat' dir='ltr'><strong>fastu</strong></span> 
     </span>
    </p>
   </div>
   <div class='ocr_carea' id='block_1_92' title="bbox 548 4778 2122 4851">
    <p class='ocr_par' dir='ltr' id='par_1_92' title="bbox 548 4778 2122 4851">
     <span class='ocr_line' id='line_1_92' title="bbox 548 4778 2122 4851; baseline 0.003 -21"><span class='ocrx_word' id='word_1_631' title='bbox 548 4778 781 4832; x_wconf 81' lang='lat' dir='ltr'><strong>velimus</strong></span> <span class='ocrx_word' id='word_1_632' title='bbox 803 4789 1176 4842; x_wconf 85' lang='lat' dir='ltr'><strong>contemnere,</strong></span> <span class='ocrx_word' id='word_1_633' title='bbox 1214 4796 1281 4833; x_wconf 86' lang='lat' dir='ltr'><strong>ne</strong></span> <span class='ocrx_word' id='word_1_634' title='bbox 1315 4780 1580 4849; x_wconf 85' lang='lat' dir='ltr'><strong>suspicari</strong></span> <span class='ocrx_word' id='word_1_635' title='bbox 1640 4782 1859 4851; x_wconf 89' lang='lat' dir='ltr'><strong>quidem</strong></span> <span class='ocrx_word' id='word_1_636' title='bbox 1915 4783 2122 4851; x_wconf 88' lang='lat' dir='ltr'><strong>poterl-</strong></span> 
     </span>
    </p>
   </div>
   <div class='ocr_carea' id='block_1_93' title="bbox 549 4868 2122 4939">
    <p class='ocr_par' dir='ltr' id='par_1_93' title="bbox 549 4868 2122 4939">
     <span class='ocr_line' id='line_1_93' title="bbox 549 4868 2122 4939; baseline 0.003 -20"><span class='ocrx_word' id='word_1_637' title='bbox 549 4881 694 4929; x_wconf 88' lang='lat' dir='ltr'><strong>mus,</strong></span> <span class='ocrx_word' id='word_1_638' title='bbox 734 4868 872 4921; x_wconf 88' lang='lat' dir='ltr'><strong>adeo</strong></span> <span class='ocrx_word' id='word_1_639' title='bbox 910 4884 1104 4922; x_wconf 89' lang='lat' dir='ltr'><strong>omnes</strong></span> <span class='ocrx_word' id='word_1_640' title='bbox 1139 4868 1311 4924; x_wconf 77' lang='lat' dir='ltr'><strong>fuisse</strong></span> <span class='ocrx_word' id='word_1_641' title='bbox 1345 4871 1625 4938; x_wconf 91' lang='lat' dir='ltr'><strong>deceptos,</strong></span> <span class='ocrx_word' id='word_1_642' title='bbox 1666 4879 1723 4922; x_wconf 90' lang='lat' dir='ltr'><strong>ut</strong></span> <span class='ocrx_word' id='word_1_643' title='bbox 1779 4886 1954 4939; x_wconf 89' lang='lat' dir='ltr'><strong>neque</strong></span> <span class='ocrx_word' id='word_1_644' title='bbox 1985 4872 2122 4924; x_wconf 82' lang='lat' dir='ltr'><strong>anti-</strong></span> 
     </span>
    </p>
   </div>
   <div class='ocr_carea' id='block_1_94' title="bbox 546 4961 2122 5037">
    <p class='ocr_par' dir='ltr' id='par_1_94' title="bbox 546 4961 2122 5037">
     <span class='ocr_line' id='line_1_94' title="bbox 546 4961 2122 5037; baseline 0.004 -24"><span class='ocrx_word' id='word_1_645' title='bbox 546 4961 794 5029; x_wconf 87' lang='lat' dir='ltr'><strong>quissimi</strong></span> <span class='ocrx_word' id='word_1_646' title='bbox 821 4971 876 5016; x_wconf 88' lang='lat' dir='ltr'><strong>et</strong></span> <span class='ocrx_word' id='word_1_647' title='bbox 908 4962 1284 5033; x_wconf 86' lang='lat' dir='ltr'><strong>apostolorum</strong></span> <span class='ocrx_word' id='word_1_648' title='bbox 1344 4964 1685 5034; x_wconf 88' lang='lat' dir='ltr'><strong>temporibus</strong></span> <span class='ocrx_word' id='word_1_649' title='bbox 1714 4966 1945 5037; x_wconf 81' lang='lat' dir='ltr'><strong>proximi</strong></span> <span class='ocrx_word' id='word_1_650' title='bbox 1979 4966 2122 5019; x_wconf 89' lang='lat' dir='ltr'><strong>scire</strong></span> 
     </span>
    </p>
   </div>
   <div class='ocr_carea' id='block_1_95' title="bbox 554 5054 2122 5124">
    <p class='ocr_par' dir='ltr' id='par_1_95' title="bbox 554 5054 2122 5124">
     <span class='ocr_line' id='line_1_95' title="bbox 554 5054 2122 5124; baseline 0.001 -18"><span class='ocrx_word' id='word_1_651' title='bbox 554 5054 958 5124; x_wconf 81' lang='lat' dir='ltr'><strong>potuerintqua</strong></span> <span class='ocrx_word' id='word_1_652' title='bbox 1004 5056 1185 5124; x_wconf 74' lang='lat' dir='ltr'><strong>lingua</strong></span> <span class='ocrx_word' id='word_1_653' title='bbox 1216 5056 1267 5110; x_wconf 90' lang='lat' dir='ltr'><strong>in</strong></span> <span class='ocrx_word' id='word_1_654' title='bbox 1305 5058 1593 5111; x_wconf 80' lang='lat' dir='ltr'><strong>scribendo</strong></span> <span class='ocrx_word' id='word_1_655' title='bbox 1629 5073 1759 5113; x_wconf 82' lang='lat' dir='ltr'><strong>usus</strong></span> <span class='ocrx_word' id='word_1_656' title='bbox 1795 5058 1957 5112; x_wconf 83' lang='lat' dir='ltr'><strong>luerit</strong></span> <span class='ocrx_word' id='word_1_657' title='bbox 1985 5058 2122 5110; x_wconf 79' lang='lat' dir='ltr'><strong>Mat-</strong></span> 
     </span>
    </p>
   </div>
   <div class='ocr_carea' id='block_1_96' title="bbox 553 5145 2121 5219">
    <p class='ocr_par' dir='ltr' id='par_1_96' title="bbox 553 5145 2121 5219">
     <span class='ocr_line' id='line_1_96' title="bbox 553 5145 2121 5219; baseline 0.005 -24"><span class='ocrx_word' id='word_1_658' title='bbox 553 5145 749 5210; x_wconf 65' lang='lat' dir='ltr'><strong>thieus,</strong></span> <span class='ocrx_word' id='word_1_659' title='bbox 781 5160 881 5200; x_wconf 91' lang='lat' dir='ltr'><strong>ttec</strong></span> <span class='ocrx_word' id='word_1_660' title='bbox 912 5147 1213 5201; x_wconf 88' lang='lat' dir='ltr'><strong>doctissimi</strong></span> <span class='ocrx_word' id='word_1_661' title='bbox 1256 5148 1493 5211; x_wconf 88' lang='lat' dir='ltr'><strong>illorum,</strong></span> <span class='ocrx_word' id='word_1_662' title='bbox 1523 5148 1825 5219; x_wconf 62' lang='lat' dir='ltr'><strong>linguaque</strong></span> <span class='ocrx_word' id='word_1_663' title='bbox 1844 5150 2121 5206; x_wconf 67' lang='lat' dir='ltr'><strong>Hebraieaa</strong></span> 
     </span>
    </p>
   </div>
   <div class='ocr_carea' id='block_1_97' title="bbox 552 5235 2121 5313">
    <p class='ocr_par' dir='ltr' id='par_1_97' title="bbox 552 5235 2121 5313">
     <span class='ocr_line' id='line_1_97' title="bbox 552 5235 2121 5313; baseline 0.004 -26"><span class='ocrx_word' id='word_1_664' title='bbox 552 5235 889 5303; x_wconf 80' lang='lat' dir='ltr'><strong>peritissimi,</strong></span> <span class='ocrx_word' id='word_1_665' title='bbox 921 5236 1134 5307; x_wconf 84' lang='lat' dir='ltr'><strong>(quales</strong></span> <span class='ocrx_word' id='word_1_666' title='bbox 1176 5239 1401 5296; x_wconf 82' lang='lat' dir='ltr'><strong>luerunt</strong></span> <span class='ocrx_word' id='word_1_667' title='bbox 1451 5249 1600 5295; x_wconf 84' lang='lat' dir='ltr'><strong>certo</strong></span> <span class='ocrx_word' id='word_1_668' title='bbox 1662 5243 2019 5313; x_wconf 80' lang='lat' dir='ltr'><strong>Hieronymus</strong></span> <span class='ocrx_word' id='word_1_669' title='bbox 2068 5251 2121 5295; x_wconf 91' lang='lat' dir='ltr'><strong>et</strong></span> 
     </span>
    </p>
   </div>
   <div class='ocr_carea' id='block_1_98' title="bbox 551 5325 2120 5403">
    <p class='ocr_par' dir='ltr' id='par_1_98' title="bbox 551 5325 2120 5403">
     <span class='ocr_line' id='line_1_98' title="bbox 551 5325 2120 5403; baseline 0.006 -24"><span class='ocrx_word' id='word_1_670' title='bbox 551 5325 837 5394; x_wconf 78' lang='lat' dir='ltr'><strong>Origenes,</strong></span> <span class='ocrx_word' id='word_1_671' title='bbox 881 5329 988 5383; x_wconf 91' lang='lat' dir='ltr'><strong>imo</strong></span> <span class='ocrx_word' id='word_1_672' title='bbox 1019 5340 1074 5381; x_wconf 83' lang='lat' dir='ltr'><strong>et</strong></span> <span class='ocrx_word' id='word_1_673' title='bbox 1103 5330 1460 5401; x_wconf 80' lang='lat' dir='ltr'><strong>Epiphanius)</strong></span> <span class='ocrx_word' id='word_1_674' title='bbox 1497 5334 1910 5403; x_wconf 83' lang='lat' dir='ltr'><strong>deprehendere</strong></span> <span class='ocrx_word' id='word_1_675' title='bbox 1932 5333 2120 5388; x_wconf 87' lang='lat' dir='ltr'><strong>volue-</strong></span> 
     </span>
    </p>
   </div>
   <div class='ocr_carea' id='block_1_99' title="bbox 552 5417 2118 5497">
    <p class='ocr_par' dir='ltr' id='par_1_99' title="bbox 552 5417 2118 5497">
     <span class='ocr_line' id='line_1_99' title="bbox 552 5417 2118 5497; baseline 0.005 -26"><span class='ocrx_word' id='word_1_676' title='bbox 552 5418 687 5479; x_wconf 84' lang='lat' dir='ltr'><strong>rint,</strong></span> <span class='ocrx_word' id='word_1_677' title='bbox 736 5434 798 5471; x_wconf 82' lang='lat' dir='ltr'><strong>ex</strong></span> <span class='ocrx_word' id='word_1_678' title='bbox 856 5417 1045 5475; x_wconf 71' lang='lat' dir='ltr'><strong>Graeco</strong></span> <span class='ocrx_word' id='word_1_679' title='bbox 1092 5421 1327 5476; x_wconf 64' lang='lat' dir='ltr'><strong>Mattbai</strong></span> <span class='ocrx_word' id='word_1_680' title='bbox 1389 5439 1579 5477; x_wconf 88' lang='lat' dir='ltr'><strong>casum</strong></span> <span class='ocrx_word' id='word_1_681' title='bbox 1633 5436 1719 5479; x_wconf 89' lang='lat' dir='ltr'><strong>est</strong></span> <span class='ocrx_word' id='word_1_682' title='bbox 1772 5427 2118 5497; x_wconf 81' lang='lat' dir='ltr'><strong>Evangelinm</strong></span> 
     </span>
    </p>
   </div>
   <div class='ocr_carea' id='block_1_100' title="bbox 556 5508 2119 5586">
    <p class='ocr_par' dir='ltr' id='par_1_100' title="bbox 556 5508 2119 5586">
     <span class='ocr_line' id='line_1_100' title="bbox 556 5508 2119 5586; baseline 0.007 -24"><span class='ocrx_word' id='word_1_683' title='bbox 556 5508 910 5575; x_wconf 83' lang='lat' dir='ltr'><strong>Hebraieutn,</strong></span> <span class='ocrx_word' id='word_1_684' title='bbox 942 5513 1083 5580; x_wconf 84' lang='lat' dir='ltr'><strong>quod</strong></span> <span class='ocrx_word' id='word_1_685' title='bbox 1128 5514 1398 5567; x_wconf 85' lang='lat' dir='ltr'><strong>habebant</strong></span> <span class='ocrx_word' id='word_1_686' title='bbox 1454 5517 1711 5569; x_wconf 70' lang='lat' dir='ltr'><strong>Nazartei.</strong></span> <span class='ocrx_word' id='word_1_687' title='bbox 1753 5513 1949 5570; x_wconf 77' lang='lat' dir='ltr'><strong>Verum</strong></span> <span class='ocrx_word' id='word_1_688' title='bbox 1999 5518 2119 5586; x_wconf 79' lang='lat' dir='ltr'><strong>plus</strong></span> 
     </span>
    </p>
   </div>
   <div class='ocr_carea' id='block_1_101' title="bbox 553 5604 1541 5677">
    <p class='ocr_par' dir='ltr' id='par_1_101' title="bbox 553 5604 1541 5677">
     <span class='ocr_line' id='line_1_101' title="bbox 553 5604 1541 5677; baseline 0.006 -24"><span class='ocrx_word' id='word_1_689' title='bbox 553 5617 716 5671; x_wconf 88' lang='lat' dir='ltr'><strong>quani</strong></span> <span class='ocrx_word' id='word_1_690' title='bbox 754 5604 884 5655; x_wconf 86' lang='lat' dir='ltr'><strong>satis</strong></span> <span class='ocrx_word' id='word_1_691' title='bbox 912 5605 978 5657; x_wconf 79' lang='lat' dir='ltr'><strong>de.</strong></span> <span class='ocrx_word' id='word_1_692' title='bbox 1012 5604 1234 5674; x_wconf 79' lang='lat' dir='ltr'><strong>ineptiis</strong></span> <span class='ocrx_word' id='word_1_693' title='bbox 1272 5605 1541 5677; x_wconf 71' lang='lat' dir='ltr'><strong>Basnagii.</strong></span> 
     </span>
    </p>
   </div>
   <div class='ocr_carea' id='block_1_102' title="bbox 626 5692 2117 5771">
    <p class='ocr_par' dir='ltr' id='par_1_102' title="bbox 626 5692 2117 5771">
     <span class='ocr_line' id='line_1_102' title="bbox 626 5692 2117 5771; baseline 0.006 -27"><span class='ocrx_word' id='word_1_694' title='bbox 626 5692 713 5744; x_wconf 64' lang='grc' dir='ltr'><strong>Η..</strong></span> <span class='ocrx_word' id='word_1_695' title='bbox 759 5693 831 5748; x_wconf 89' lang='lat' dir='ltr'><strong>De</strong></span> <span class='ocrx_word' id='word_1_696' title='bbox 871 5712 1037 5759; x_wconf 89' lang='lat' dir='ltr'><strong>anno,</strong></span> <span class='ocrx_word' id='word_1_697' title='bbox 1067 5715 1171 5766; x_wconf 88' lang='lat' dir='ltr'><strong>quo</strong></span> <span class='ocrx_word' id='word_1_698' title='bbox 1206 5712 1426 5753; x_wconf 79' lang='lat' dir='ltr'><strong>Sanetus</strong></span> <span class='ocrx_word' id='word_1_699' title='bbox 1460 5700 1746 5757; x_wconf 57' lang='lat' dir='ltr'><strong>Mattheus</strong></span> <span class='ocrx_word' id='word_1_700' title='bbox 1772 5702 2117 5771; x_wconf 75' lang='lat' dir='ltr'><strong>Evangelintn</strong></span> 
     </span>
    </p>
   </div>
   <div class='ocr_carea' id='block_1_103' title="bbox 562 5787 2123 5854">
    <p class='ocr_par' dir='ltr' id='par_1_103' title="bbox 562 5787 2123 5854">
     <span class='ocr_line' id='line_1_103' title="bbox 562 5787 2123 5854; baseline 0.004 -15"><span class='ocrx_word' id='word_1_701' title='bbox 562 5787 907 5854; x_wconf 80' lang='lat' dir='ltr'><strong>Conscripsit,</strong></span> <span class='ocrx_word' id='word_1_702' title='bbox 958 5792 1089 5843; x_wconf 86' lang='lat' dir='ltr'><strong>nihil</strong></span> <span class='ocrx_word' id='word_1_703' title='bbox 1130 5795 1264 5845; x_wconf 88' lang='lat' dir='ltr'><strong>certi</strong></span> <span class='ocrx_word' id='word_1_704' title='bbox 1301 5792 1541 5846; x_wconf 65' lang='lat' dir='ltr'><strong>:ill&#39;ertur.</strong></span> <span class='ocrx_word' id='word_1_705' title='bbox 1574 5792 1704 5845; x_wconf 86' lang='lat' dir='ltr'><strong>illud</strong></span> <span class='ocrx_word' id='word_1_706' title='bbox 1770 5805 1943 5848; x_wconf 78' lang='lat' dir='ltr'><strong>tamen</strong></span> <span class='ocrx_word' id='word_1_707' title='bbox 2006 5812 2123 5849; x_wconf 67' lang='lat' dir='ltr'><strong>cer«</strong></span> 
     </span>
    </p>
   </div>
   <div class='ocr_carea' id='block_1_104' title="bbox 2232 4587 3808 4665">
    <p class='ocr_par' dir='ltr' id='par_1_104' title="bbox 2232 4587 3808 4665">
     <span class='ocr_line' id='line_1_104' title="bbox 2232 4587 3808 4665; baseline 0.005 -22"><span class='ocrx_word' id='word_1_708' title='bbox 2232 4590 2310 4643; x_wconf 90' lang='lat' dir='ltr'><strong>sic</strong></span> <span class='ocrx_word' id='word_1_709' title='bbox 2339 4596 2656 4641; x_wconf 72' lang='lat' dir='ltr'><strong>reverenter</strong></span> <span class='ocrx_word' id='word_1_710' title='bbox 2712 4587 2781 4641; x_wconf 87' lang='lat' dir='ltr'><strong>ab</strong></span> <span class='ocrx_word' id='word_1_711' title='bbox 2818 4588 2937 4656; x_wconf 88' lang='lat' dir='ltr'><strong>ipso</strong></span> <span class='ocrx_word' id='word_1_712' title='bbox 2971 4588 3250 4651; x_wconf 88' lang='lat' dir='ltr'><strong>recedere,</strong></span> <span class='ocrx_word' id='word_1_713' title='bbox 3311 4604 3474 4651; x_wconf 87' lang='lat' dir='ltr'><strong>quam</strong></span> <span class='ocrx_word' id='word_1_714' title='bbox 3512 4607 3542 4645; x_wconf 85' lang='lat' dir='ltr'><strong>a</strong></span> <span class='ocrx_word' id='word_1_715' title='bbox 3580 4597 3808 4665; x_wconf 88' lang='lat' dir='ltr'><strong>reliquis</strong></span> 
     </span>
    </p>
   </div>
   <div class='ocr_carea' id='block_1_105' title="bbox 2224 4681 2499 4734">
    <p class='ocr_par' dir='ltr' id='par_1_105' title="bbox 2224 4681 2499 4734">
     <span class='ocr_line' id='line_1_105' title="bbox 2224 4681 2499 4734; baseline 0 0"><span class='ocrx_word' id='word_1_716' title='bbox 2224 4681 2499 4734; x_wconf 85' lang='lat' dir='ltr'><strong>omnibus.</strong></span> 
     </span>
    </p>
   </div>
   <div class='ocr_carea' id='block_1_106' title="bbox 2295 4770 3805 4845">
    <p class='ocr_par' dir='ltr' id='par_1_106' title="bbox 2295 4770 3805 4845">
     <span class='ocr_line' id='line_1_106' title="bbox 2295 4770 3805 4845; baseline 0.005 -20"><span class='ocrx_word' id='word_1_717' title='bbox 2295 4774 2382 4826; x_wconf 74' lang='grc' dir='ltr'><strong>ιδ.</strong></span> <span class='ocrx_word' id='word_1_718' title='bbox 2444 4770 2710 4828; x_wconf 85' lang='lat' dir='ltr'><strong>Baronius</strong></span> <span class='ocrx_word' id='word_1_719' title='bbox 2759 4772 2812 4827; x_wconf 91' lang='lat' dir='ltr'><strong>in</strong></span> <span class='ocrx_word' id='word_1_720' title='bbox 2871 4772 3175 4828; x_wconf 81' lang='lat' dir='ltr'><strong>Annalibus</strong></span> <span class='ocrx_word' id='word_1_721' title='bbox 3241 4774 3505 4845; x_wconf 87' lang='lat' dir='ltr'><strong>scriptum</strong></span> <span class='ocrx_word' id='word_1_722' title='bbox 3562 4775 3805 4833; x_wconf 70' lang='lat' dir='ltr'><strong>Mattliazi</strong></span> 
     </span>
    </p>
   </div>
   <div class='ocr_carea' id='block_1_107' title="bbox 2225 4867 3805 4940">
    <p class='ocr_par' dir='ltr' id='par_1_107' title="bbox 2225 4867 3805 4940">
     <span class='ocr_line' id='line_1_107' title="bbox 2225 4867 3805 4940; baseline 0.004 -17"><span class='ocrx_word' id='word_1_723' title='bbox 2225 4870 2580 4939; x_wconf 78' lang='lat' dir='ltr'><strong>Evangelium</strong></span> <span class='ocrx_word' id='word_1_724' title='bbox 2614 4868 2781 4923; x_wconf 82' lang='lat' dir='ltr'><strong>refert</strong></span> <span class='ocrx_word' id='word_1_725' title='bbox 2808 4867 2874 4923; x_wconf 89' lang='lat' dir='ltr'><strong>ad</strong></span> <span class='ocrx_word' id='word_1_726' title='bbox 2915 4884 3118 4923; x_wconf 87' lang='lat' dir='ltr'><strong>annum</strong></span> <span class='ocrx_word' id='word_1_727' title='bbox 3155 4871 3357 4924; x_wconf 88' lang='lat' dir='ltr'><strong>Christi</strong></span> <span class='ocrx_word' id='word_1_728' title='bbox 3384 4872 3446 4926; x_wconf 74' lang='grc' dir='ltr'><strong><em>Μ</em></strong></span> <span class='ocrx_word' id='word_1_729' title='bbox 3478 4888 3493 4937; x_wconf 84' lang='grc'>;</span> <span class='ocrx_word' id='word_1_730' title='bbox 3533 4874 3653 4940; x_wconf 89' lang='lat' dir='ltr'><strong>sed,</strong></span> <span class='ocrx_word' id='word_1_731' title='bbox 3680 4892 3805 4931; x_wconf 86' lang='lat' dir='ltr'><strong>cum</strong></span> 
     </span>
    </p>
   </div>
   <div class='ocr_carea' id='block_1_108' title="bbox 2226 4960 3807 5037">
    <p class='ocr_par' dir='ltr' id='par_1_108' title="bbox 2226 4960 3807 5037">
     <span class='ocr_line' id='line_1_108' title="bbox 2226 4960 3807 5037; baseline 0.001 -18"><span class='ocrx_word' id='word_1_732' title='bbox 2226 4966 2377 5020; x_wconf 86' lang='lat' dir='ltr'><strong>illum</strong></span> <span class='ocrx_word' id='word_1_733' title='bbox 2415 4972 2666 5016; x_wconf 89' lang='lat' dir='ltr'><strong>numeret</strong></span> <span class='ocrx_word' id='word_1_734' title='bbox 2728 4960 2844 5017; x_wconf 86' lang='lat' dir='ltr'><strong>Caii</strong></span> <span class='ocrx_word' id='word_1_735' title='bbox 2893 4961 3241 5030; x_wconf 82' lang='lat' dir='ltr'><strong>imperatoris</strong></span> <span class='ocrx_word' id='word_1_736' title='bbox 3278 4966 3524 5031; x_wconf 89' lang='lat' dir='ltr'><strong>tertium,</strong></span> <span class='ocrx_word' id='word_1_737' title='bbox 3560 4967 3807 5037; x_wconf 77' lang='lat' dir='ltr'><strong>designa-</strong></span> 
     </span>
    </p>
   </div>
   <div class='ocr_carea' id='block_1_109' title="bbox 2226 5052 3807 5124">
    <p class='ocr_par' dir='ltr' id='par_1_109' title="bbox 2226 5052 3807 5124">
     <span class='ocr_line' id='line_1_109' title="bbox 2226 5052 3807 5124; baseline 0.001 -13"><span class='ocrx_word' id='word_1_738' title='bbox 2226 5066 2313 5111; x_wconf 89' lang='lat' dir='ltr'><strong>tur</strong></span> <span class='ocrx_word' id='word_1_739' title='bbox 2362 5072 2429 5110; x_wconf 81' lang='lat' dir='ltr'><strong>ex</strong></span> <span class='ocrx_word' id='word_1_740' title='bbox 2463 5055 2787 5109; x_wconf 76' lang='lat' dir='ltr'><strong>chronotaxi</strong></span> <span class='ocrx_word' id='word_1_741' title='bbox 2852 5052 2997 5124; x_wconf 76' lang='lat' dir='ltr'><strong>Pagii</strong></span> <span class='ocrx_word' id='word_1_742' title='bbox 3051 5063 3106 5108; x_wconf 87' lang='lat' dir='ltr'><strong>et</strong></span> <span class='ocrx_word' id='word_1_743' title='bbox 3163 5053 3394 5108; x_wconf 90' lang='lat' dir='ltr'><strong>aliorum</strong></span> <span class='ocrx_word' id='word_1_744' title='bbox 3449 5070 3631 5111; x_wconf 82' lang='lat' dir='ltr'><strong>annus</strong></span> <span class='ocrx_word' id='word_1_745' title='bbox 3687 5074 3807 5114; x_wconf 64' lang='lat' dir='ltr'><strong>era</strong></span> 
     </span>
    </p>
   </div>
   <div class='ocr_carea' id='block_1_110' title="bbox 2223 5144 3807 5221">
    <p class='ocr_par' dir='ltr' id='par_1_110' title="bbox 2223 5144 3807 5221">
     <span class='ocr_line' id='line_1_110' title="bbox 2223 5144 3807 5221; baseline 0.001 -18"><span class='ocrx_word' id='word_1_746' title='bbox 2223 5148 2553 5203; x_wconf 73' lang='lat' dir='ltr'><strong>Christiana:</strong></span> <span class='ocrx_word' id='word_1_747' title='bbox 2588 5146 2897 5201; x_wconf 87' lang='lat' dir='ltr'><strong>tricesimus</strong></span> <span class='ocrx_word' id='word_1_748' title='bbox 2940 5162 3138 5200; x_wconf 86' lang='lat' dir='ltr'><strong>nonus.</strong></span> <span class='ocrx_word' id='word_1_749' title='bbox 3181 5144 3684 5203; x_wconf 80' lang='lat' dir='ltr'><strong>LaudatBaronius</strong></span> <span class='ocrx_word' id='word_1_750' title='bbox 3707 5166 3807 5221; x_wconf 87' lang='lat' dir='ltr'><strong>pro</strong></span> 
     </span>
    </p>
   </div>
   <div class='ocr_carea' id='block_1_111' title="bbox 2224 5233 3803 5309">
    <p class='ocr_par' dir='ltr' id='par_1_111' title="bbox 2224 5233 3803 5309">
     <span class='ocr_line' id='line_1_111' title="bbox 2224 5233 3803 5309; baseline -0.001 -16"><span class='ocrx_word' id='word_1_751' title='bbox 2224 5239 2508 5309; x_wconf 70' lang='lat' dir='ltr'><strong>designato</strong></span> <span class='ocrx_word' id='word_1_752' title='bbox 2532 5252 2677 5294; x_wconf 91' lang='lat' dir='ltr'><strong>anno</strong></span> <span class='ocrx_word' id='word_1_753' title='bbox 2702 5237 2816 5291; x_wconf 85' lang='lat' dir='ltr'><strong>Caii</strong></span> <span class='ocrx_word' id='word_1_754' title='bbox 2868 5235 3030 5291; x_wconf 84' lang='lat' dir='ltr'><strong>tertio</strong></span> <span class='ocrx_word' id='word_1_755' title='bbox 3066 5233 3384 5291; x_wconf 88' lang='lat' dir='ltr'><strong>Chronieon</strong></span> <span class='ocrx_word' id='word_1_756' title='bbox 3438 5237 3685 5305; x_wconf 83' lang='lat' dir='ltr'><strong>Eusebii,</strong></span> <span class='ocrx_word' id='word_1_757' title='bbox 3750 5242 3803 5294; x_wconf 90' lang='lat' dir='ltr'><strong>in</strong></span> 
     </span>
    </p>
   </div>
   <div class='ocr_carea' id='block_1_112' title="bbox 2225 5328 3804 5401">
    <p class='ocr_par' dir='ltr' id='par_1_112' title="bbox 2225 5328 3804 5401">
     <span class='ocr_line' id='line_1_112' title="bbox 2225 5328 3804 5401; baseline 0.003 -18"><span class='ocrx_word' id='word_1_758' title='bbox 2225 5347 2335 5399; x_wconf 88' lang='lat' dir='ltr'><strong>quo</strong></span> <span class='ocrx_word' id='word_1_759' title='bbox 2389 5330 2520 5385; x_wconf 88' lang='lat' dir='ltr'><strong>illud</strong></span> <span class='ocrx_word' id='word_1_760' title='bbox 2558 5330 2777 5401; x_wconf 76' lang='lat' dir='ltr'><strong>legitur,</strong></span> <span class='ocrx_word' id='word_1_761' title='bbox 2817 5338 2980 5400; x_wconf 87' lang='lat' dir='ltr'><strong>prout</strong></span> <span class='ocrx_word' id='word_1_762' title='bbox 3026 5329 3232 5386; x_wconf 80' lang='lat' dir='ltr'><strong>editum</strong></span> <span class='ocrx_word' id='word_1_763' title='bbox 3272 5328 3465 5385; x_wconf 85' lang='lat' dir='ltr'><strong>Latine</strong></span> <span class='ocrx_word' id='word_1_764' title='bbox 3524 5343 3647 5387; x_wconf 88' lang='lat' dir='ltr'><strong>erat</strong></span> <span class='ocrx_word' id='word_1_765' title='bbox 3681 5344 3804 5387; x_wconf 84' lang='lat' dir='ltr'><strong>ante</strong></span> 
     </span>
    </p>
   </div>
   <div class='ocr_carea' id='block_1_113' title="bbox 2226 5420 3801 5490">
    <p class='ocr_par' dir='ltr' id='par_1_113' title="bbox 2226 5420 3801 5490">
     <span class='ocr_line' id='line_1_113' title="bbox 2226 5420 3801 5490; baseline 0.003 -15"><span class='ocrx_word' id='word_1_766' title='bbox 2226 5422 2541 5476; x_wconf 82' lang='lat' dir='ltr'><strong>Baronium.</strong></span> <span class='ocrx_word' id='word_1_767' title='bbox 2612 5424 2701 5485; x_wconf 78' lang='lat' dir='ltr'><strong>At,</strong></span> <span class='ocrx_word' id='word_1_768' title='bbox 2744 5420 3203 5490; x_wconf 84' lang='lat' dir='ltr'><strong>quemadmodum</strong></span> <span class='ocrx_word' id='word_1_769' title='bbox 3265 5422 3585 5476; x_wconf 78' lang='lat' dir='ltr'><strong>observavit</strong></span> <span class='ocrx_word' id='word_1_770' title='bbox 3632 5422 3801 5480; x_wconf 85' lang='lat' dir='ltr'><strong>Tille-</strong></span> 
     </span>
    </p>
   </div>
   <div class='ocr_carea' id='block_1_114' title="bbox 2226 5511 3801 5581">
    <p class='ocr_par' dir='ltr' id='par_1_114' title="bbox 2226 5511 3801 5581">
     <span class='ocr_line' id='line_1_114' title="bbox 2226 5511 3801 5581; baseline 0.003 -14"><span class='ocrx_word' id='word_1_771' title='bbox 2226 5513 2485 5575; x_wconf 87' lang='lat' dir='ltr'><strong>niontius,</strong></span> <span class='ocrx_word' id='word_1_772' title='bbox 2535 5529 2642 5567; x_wconf 92' lang='lat' dir='ltr'><strong>non</strong></span> <span class='ocrx_word' id='word_1_773' title='bbox 2668 5514 2922 5581; x_wconf 78' lang='lat' dir='ltr'><strong>leguntur</strong></span> <span class='ocrx_word' id='word_1_774' title='bbox 2962 5525 3025 5565; x_wconf 86' lang='lat' dir='ltr'><strong>ea</strong></span> <span class='ocrx_word' id='word_1_775' title='bbox 3056 5511 3109 5564; x_wconf 92' lang='lat' dir='ltr'><strong>in</strong></span> <span class='ocrx_word' id='word_1_776' title='bbox 3144 5511 3386 5567; x_wconf 85' lang='lat' dir='ltr'><strong>editione</strong></span> <span class='ocrx_word' id='word_1_777' title='bbox 3438 5514 3651 5576; x_wconf 70' lang='lat' dir='ltr'><strong>Gi&#39;zeca.</strong></span> <span class='ocrx_word' id='word_1_778' title='bbox 3703 5532 3801 5572; x_wconf 78' lang='lat' dir='ltr'><strong>nec</strong></span> 
     </span>
    </p>
   </div>
   <div class='ocr_carea' id='block_1_115' title="bbox 2227 5605 3798 5672">
    <p class='ocr_par' dir='ltr' id='par_1_115' title="bbox 2227 5605 3798 5672">
     <span class='ocr_line' id='line_1_115' title="bbox 2227 5605 3798 5672; baseline 0.003 -14"><span class='ocrx_word' id='word_1_779' title='bbox 2227 5607 2279 5658; x_wconf 93' lang='lat' dir='ltr'><strong>in</strong></span> <span class='ocrx_word' id='word_1_780' title='bbox 2324 5606 2509 5659; x_wconf 82' lang='lat' dir='ltr'><strong>Latina</strong></span> <span class='ocrx_word' id='word_1_781' title='bbox 2541 5605 2823 5671; x_wconf 66' lang='lat' dir='ltr'><strong>Scaligeri.</strong></span> <span class='ocrx_word' id='word_1_782' title='bbox 2883 5618 3060 5672; x_wconf 86' lang='lat' dir='ltr'><strong>neque</strong></span> <span class='ocrx_word' id='word_1_783' title='bbox 3088 5606 3250 5659; x_wconf 87' lang='lat' dir='ltr'><strong>etiam</strong></span> <span class='ocrx_word' id='word_1_784' title='bbox 3285 5606 3336 5659; x_wconf 90' lang='lat' dir='ltr'><strong>in</strong></span> <span class='ocrx_word' id='word_1_785' title='bbox 3370 5608 3655 5663; x_wconf 75' lang='lat' dir='ltr'><strong>Chroaico</strong></span> <span class='ocrx_word' id='word_1_786' title='bbox 3704 5610 3798 5663; x_wconf 80' lang='lat' dir='ltr'><strong>La-</strong></span> 
     </span>
    </p>
   </div>
   <div class='ocr_carea' id='block_1_116' title="bbox 2230 5699 3797 5765">
    <p class='ocr_par' dir='ltr' id='par_1_116' title="bbox 2230 5699 3797 5765">
     <span class='ocr_line' id='line_1_116' title="bbox 2230 5699 3797 5765; baseline 0.003 -16"><span class='ocrx_word' id='word_1_787' title='bbox 2230 5700 2341 5751; x_wconf 85' lang='lat' dir='ltr'><strong>tino</strong></span> <span class='ocrx_word' id='word_1_788' title='bbox 2373 5716 2472 5752; x_wconf 88' lang='lat' dir='ltr'><strong>ins.</strong></span> <span class='ocrx_word' id='word_1_789' title='bbox 2504 5699 2743 5759; x_wconf 83' lang='lat' dir='ltr'><strong>Eusebii,</strong></span> <span class='ocrx_word' id='word_1_790' title='bbox 2785 5700 2925 5765; x_wconf 86' lang='lat' dir='ltr'><strong>quod</strong></span> <span class='ocrx_word' id='word_1_791' title='bbox 2954 5708 3199 5751; x_wconf 80' lang='lat' dir='ltr'><strong>servatur</strong></span> <span class='ocrx_word' id='word_1_792' title='bbox 3254 5700 3306 5750; x_wconf 92' lang='lat' dir='ltr'><strong>in</strong></span> <span class='ocrx_word' id='word_1_793' title='bbox 3359 5700 3545 5753; x_wconf 78' lang='lat' dir='ltr'><strong>Mosen</strong></span> <span class='ocrx_word' id='word_1_794' title='bbox 3594 5716 3797 5753; x_wconf 85' lang='lat' dir='ltr'><strong>nostro.</strong></span> 
     </span>
    </p>
   </div>
   <div class='ocr_carea' id='block_1_117' title="bbox 2228 5792 3797 5862">
    <p class='ocr_par' dir='ltr' id='par_1_117' title="bbox 2228 5792 3797 5862">
     <span class='ocr_line' id='line_1_117' title="bbox 2228 5792 3797 5862; baseline -0.001 -17"><span class='ocrx_word' id='word_1_795' title='bbox 2228 5796 2403 5859; x_wconf 81' lang='lat' dir='ltr'><strong>Quare</strong></span> <span class='ocrx_word' id='word_1_796' title='bbox 2430 5795 2619 5847; x_wconf 79' lang='lat' dir='ltr'><strong>saltem</strong></span> <span class='ocrx_word' id='word_1_797' title='bbox 2655 5792 2887 5844; x_wconf 77' lang='lat' dir='ltr'><strong>dubitari</strong></span> <span class='ocrx_word' id='word_1_798' title='bbox 2942 5802 3118 5856; x_wconf 83' lang='lat' dir='ltr'><strong>potest</strong></span> <span class='ocrx_word' id='word_1_799' title='bbox 3183 5808 3249 5845; x_wconf 89' lang='lat' dir='ltr'><strong>an</strong></span> <span class='ocrx_word' id='word_1_800' title='bbox 3310 5794 3358 5846; x_wconf 90' lang='lat' dir='ltr'><strong>id</strong></span> <span class='ocrx_word' id='word_1_801' title='bbox 3419 5810 3698 5862; x_wconf 78' lang='lat' dir='ltr'><strong>nunquam</strong></span> <span class='ocrx_word' id='word_1_802' title='bbox 3738 5799 3797 5847; x_wconf 75' lang='lat' dir='ltr'><strong>de</strong></span> 
     </span>
    </p>
   </div>
  </div>
