3956 6452
147 390 240 452 777

1439 378 1610 436 VITA
1653 376 1713 444 S.
1763 373 2145 434 ΜΑΤΤΗΕῙ.

3315 366 3422 431 Τῖ8

143 510 382 564 Matthxi
437 502 730 575 Evangelio
764 501 1048 570 scripserit
1084 495 1369 553 Eusebius.
1429 500 1512 547 vel
1555 493 1717 546 etiam
1759 500 1793 552 Α
1833 492 2085 560 rum,qui
2129 500 2221 544 aut
2284 497 2473 544 sancto
2509 487 2706 543 Joauni
2759 486 3030 558 apostolo.
3093 494 3187 540 aut
3235 495 3428 540 sancto

144 602 421 667 interpres
439 597 837 666 Hieronymus;
869 604 921 646 et
953 599 1360 658 consequenter
1388 587 1738 641 multoeliam

146 692 416 745 incertius
467 699 571 749 est,
631 703 700 740 an
755 687 848 739 illo
909 699 1055 736 anno
1128 682 1293 736 fuerit
1343 680 1739 744 conscriptum.

149 783 562 842 Tillemoutius.
611 778 799 834 toin.l
857 777 908 830 in
963 775 1143 828 Indice
1204 772 1592 842 chronologieo
1635 781 1741 823 tam

149 876 564 942 dispersionem
600 871 972 941 apostolorum
1001 883 1160 936 quam
1213 866 1568 936 livangelium
1608 861 1743 916 Mat-

156 969 280 1020 tha-i
346 966 458 1034 figit
516 966 660 1017 circa
734 979 936 1017 annum
1005 961 1094 1014 3t}.
1149 958 1249 1010 Alii
1313 959 1524 1011 malunt
1565 956 1743 1023 fateri,

154 1074 365 1111 annum
439 1072 565 1110 esse
627 1057 920 1114 incertum,
999 1059 1161 1120 prout
1229 1065 1408 1102 auuus
1457 1049 1746 1102 divisionis

155 1153 536 1219 apostolorum
591 1147 780 1217 nequit
837 1146 1001 1198 certis
1067 1143 1329 1213 assignari
1383 1141 1741 1211 argumentis.

156 1247 313 1314 Apud
361 1259 459 1296 nos
489 1243 553 1296 ad
607 1242 671 1294 l5
730 1239 857 1292 Julii
923 1238 990 1291 de
1040 1237 1304 1290 divisione
1371 1234 1742 1304 apostolorum

157 1346 343 1388 actum
376 1345 482 1395 est,
525 1333 707 1400 ibique
736 1347 796 1383 ea
841 1330 944 1382 lixa
993 1344 1139 1382 anno
1175 1343 1298 1381 terte
1333 1327 1576 1395 vulgaris
1609 1342 1744 1394 qua-

157 1427 475 1497 tlragesimo
559 1423 860 1477 secundum
952 1422 1333 1476 cbrouotaxim
1417 1418 1746 1472 llenscbenii

157 1519 356 1578 nostri,
395 1533 500 1584 qua
537 1515 740 1570 Christi
775 1514 989 1567 Domini
1021 1513 1204 1567 obitus
1242 1512 1424 1582 {igitur
1465 1516 1568 1564 sub
1610 1527 1748 1563 con-

155 1613 341 1660 sulatu
391 1609 622 1660 duorum
683 1605 1065 1666 Geminorum,
1139 1604 1254 1658 sive
1306 1620 1450 1659 anno
1501 1603 1570 1656 ‘29
1628 1618 1749 1656 tera:

157 1699 420 1769 vulgaris,
443 1699 514 1752 ita
543 1709 598 1752 ut
626 1700 954 1752 duodecimo
971 1709 1093 1767 post
1110 1696 1210 1751 Clit
1230 1697 1316 1749 isti
1341 1697 1443 1750 Asc
1456 1697 1744 1756 ensionem

159 1807 308 1845 anno
349 1799 583 1859 ponatur
607 1791 980 1860 apostolorum
1019 1788 1240 1842 divisio.
1280 1785 1459 1839 Videt‘i
1490 1796 1748 1854 poterunt

1849 583 2036 647 Paulo,
2079 591 2172 636 aut
2199 592 2392 637 sancto
2429 581 2710 643 Barnaba’,
2752 589 2847 634 aut
2898 589 3088 634 sancto
3119 579 3302 643 Luem,
3336 585 3431 632 aut

1848 676 1949 749 ipsi
1980 675 2232 729 Mattha’o
2255 677 2567 728 versionem
2599 673 2843 728 Graecam
2871 672 3266 733 attribuerunt,
3292 681 3431 725 teste

1847 767 2092 820 (ialmcto
2144 766 2195 818 in
2268 764 2587 834 praefatione
2639 765 2703 817 ad
2765 763 3101 826 Matthamm,
3167 779 3285 834 pag.
3338 764 3430 816 26.

1850 859 1980 912 Nam
2027 869 2218 913 auctor
2253 857 2545 928 Synopsis,
2599 858 2700 911 etsi
2750 857 2887 910 forte
2919 873 3028 910 non
3097 859 3166 910 sit
3199 857 3438 910 Athana-

1851 950 1988 1011 sius.
2029 949 2218 1002 saltem
2286 949 2532 1002 eruditus
2591 949 2886 1001 admodum
2924 946 3044 1009 fuit,
3071 959 3124 1000 et
3158 947 3438 1016 antiquior

1853 1039 2071 1093 videtur
2129 1039 2356 1092 aliarum
2415 1039 2813 1092 sententiarum
2889 1038 3159 1106 patronis.
3215 1037 3438 1100 Verum,

1850 1132 2100 1200 quisquis
2133 1129 2298 1182 fuerit
2349 1129 2638 1198 interpres.
2689 1138 2898 1181 certum
2968 1129 3207 1192 videtur,
3265 1129 3439 1182 inter-

1852 1223 2216 1291 pretationem
2264 1221 2506 1277 Gra'cam
2567 1223 2939 1291 apostolorum
3007 1232 3254 1291 tempore
3318 1237 3441 1277 esse

1851 1315 2070 1370 factam.

1922 1406 2010 1464 45⁵.
2047 1407 2374 1463 Theodorus
2415 1410 2610 1478 lector,
2637 1413 2733 1467 lib.
2775 1429 2833 1476 ιι,
2882 1427 2999 1482 pag.
3046 1410 3148 1466 557
3182 1408 3441 1465 editionis

1857 1501 2054 1555 Valesii
2092 1505 2141 1556 iu
2172 1502 2393 1558 Zenone
2424 1505 2536 1559 haec
2583 1507 2773 1560 scribit
2804 1524 2815 1560 :
2843 1525 2858 1557 ι
2897 1506 3158 1560 Barnaba:
3202 1503 3435 1574 apostoli

1855 1597 2100 1666 reliquae
2130 1597 2181 1650 in
2209 1597 2385 1668 Cypro
2415 1601 2516 1651 sub
2539 1599 2734 1653 arbore
2769 1601 2965 1668 siliqua
3031 1610 3260 1667 reperta:
3288 1606 3438 1650 sunt.

1860 1689 2037 1758 Super
2106 1689 2265 1758 cujus
2325 1700 2546 1760 pectore
2597 1700 2714 1746 erat
2773 1689 3127 1760 Evangelium
3181 1690 3440 1754 Matthtei,

1859 1783 2030 1852 ipsius
2060 1781 2502 1838 Barnabamanu
2532 1783 2938 1855 descriptum...
2975 1782 3032 1838 ld
3091 1783 3441 1855 Evangelium

161 1885 312 1937 dicta
349 1843 422 1936 ile
463 1843 734 1936 divisione
766 1881 1168 1951 apostolorum,
1223 1889 1277 1933 et
1314 1878 1552 1932 Diatriba
1612 1877 1753 1931 llen-
1789 1843 1826 1898 Β
1863 1875 2013 1929 Zeno
2045 1876 2301 1945 deposuit
2342 1877 2394 1929 in
2432 1877 2656 1946 palatio,
2717 1843 2771 1931 in
2823 1880 2939 1934 aede
2978 1876 3035 1932 S.
3083 1843 3369 1946 Stepb‘ani.
3419 1895 3438 1927 ι

161 1975 378 2028 schenii
412 1984 538 2028 ante
571 1973 820 2026 tomuml
857 1971 1088 2042 Aprilis;
1123 1985 1300 2039 neque
1325 1971 1468 2023 enim
1497 1969 1581 2021 hic
1603 1971 1755 2022 locus

157 2069 353 2134 exigit,
397 2077 454 2121 ut
480 2077 724 2137 repetam
753 2066 879 2118 alibi
911 2066 1207 2132 disputata.
1238 2061 1448 2114 Dixisse
1493 2059 1752 2122 sufﬁciat,

159 2163 313 2214 circa
387 2161 529 2214 idem
594 2170 809 2225 tempus
861 2173 890 2209 a
943 2155 1194 2209 Matthceo
1255 2153 1520 2222 seriptum
1586 2150 1757 2204 fuisse

167 2250 552 2320 Evangelium.
605 2257 702 2300 aut
757 2249 918 2318 paulo
947 2258 1094 2310 ante,
1147 2244 1467 2316 priusquam
1524 2241 1756 2310 separati

160 2355 325 2399 erant
367 2343 620 2412 apostoli.

235 2437 328 2490 44.
371 2436 542 2489 Porro
574 2435 838 2488 incertum
869 2449 1021 2502 :equc
1052 2440 1156 2493 est,
1202 2431 1324 2498 quis
1357 2429 1565 2498 primus
1598 2426 1762 2480 fuerit

165 2532 446 2598 interpres
479 2530 700 2583 Grmcus
743 2529 1020 2596 Evangelii
1056 2525 1364 2577 secundum
1413 2520 1756 2574 Alatthzeum.

168 2623 226 2676 lu
255 2622 489 2693 Synapsi
527 2618 1201 2688 sancloAthanasiorulgo
1233 2616 1519 2679 attributa,
1557 2625 1690 2669 tom.
1717 2613 1761 2666 ll

169 2715 415 2784 Operam
477 2713 651 2766 sancti
708 2711 992 2768 Athanasii
1059 2710 1316 2766 editionis
1366 2707 1762 2769 Montfauconi,

172 2824 298 2878 pag.
362 2804 469 2858 ἓῦῖ
497 2804 612 2859 bzee
672 2804 970 2872 leguntur:
1012 2823 1028 2852 ι
1071 2801 1426 2871 Evangeliun’t
1464 2803 1764 2856 secundum

170 2899 490 2953 Matthazum
519 2899 586 2952 ab
619 2898 736 2967 ipso
775 2897 1026 2950 Manliano
1059 2893 1329 2948 Hebraico
1369 2893 1601 2947 dialecto
1633 2909 1759 2946 con-

169 2995 564 3061 scriptumest,
603 3000 656 3043 et
697 2989 902 3042 editum
967 2986 1383 3058 Hierosolymis,
1441 2985 1767 3055 interpreta-

173 3098 406 3153 tumquc
478 3095 563 3137 est
623 3098 671 3138 a.
713 3082 920 3136 Jacobo
976 3082 1142 3134 fratre
1197 3080 1408 3133 Domini
1465 3081 1763 3132 secundum

1862 1965 2022 2017 Plura
2054 1964 2122 2018 de
2172 1964 2256 2017 his
2283 1965 2475 2018 scribit
2521 1966 2832 2021 Alexander
2871 1965 3175 2018 monachus
3216 1964 3448 2034 Cyprius

1861 2059 1914 2111 in
1952 2057 2104 2112 Actis
2140 2059 2314 2112 sancti
2373 2057 2655 2121 Barnabte,
2707 2058 2849 2130 apud
2889 2073 2992 2113 nos
3040 2059 3203 2113 editis
3254 2059 3322 2112 ad
3383 2056 3441 2110 11

1862 2149 2036 2206 .lunii.
2089 2150 2223 2205 Nam
2281 2167 2403 2223 pag.
2472 2152 2594 2214 ιευ,
2638 2163 2861 2207 sanctus
2915 2151 3196 2206 Barnabas
3249 2152 3454 2208 dicitur

1866 2246 2189 2316 apparuisse
2241 2247 2538 2300 Anthemio
2602 2246 2891 2301 Salamina:
2943 2246 3222 2316 episcopo,
3293 2246 3454 2314 eique

1869 2339 2144 2392 iudicasse
2185 2337 2276 2392 ubi
2329 2339 2634 2408 depositum
2672 2348 2818 2392 esset
2860 2353 3060 2408 corpus
3121 2351 3281 2391 suum
3327 2351 3454 2392 cum

1868 2429 2161 2500 Evangelio
2221 2428 2396 2484 sancti
2444 2427 2705 2483 lllatthzei.
2770 2429 2949 2483 Verba
2999 2429 3283 2495 nonnulla,
3331 2443 3459 2499 qua:

1867 2532 2097 2576 sanctus
2125 2521 2404 2576 Barnabas
2437 2522 2735 2576 Anthemio
2761 2523 2963 2576 dixisse
3011 2522 3293 2587 scribitur,
3353 2523 3460 2575 huc

1869 2611 2140 2667 transfero
2176 2627 2235 2662 ει
2279 2613 2392 2666 Sub
2421 2613 2616 2666 arbore
2635 2612 2830 2681 siliqua
2851 2611 3078 2667 elTodias
3105 2613 3456 2682 :spcluncam

1869 2705 2013 2759 enim
2061 2715 2224 2774 atque
2261 2720 2445 2758 arcam
2475 2705 2749 2767 invenies,
2797 2703 3054 2774 quoaiam
3105 2704 3216 2759 illic
3285 2715 3458 2760 totum

1870 2812 2069 2868 corpus
2100 2814 2284 2853 meum
2317 2798 2598 2855 conditum
2631 2807 2735 2863 est,
2785 2807 2839 2852 et
2897 2798 3252 2870 Evangelium
3294 2816 3459 2854 manu

1873 2895 2092 2962 propria
2135 2892 2426 2960 scriptum,
2462 2892 2605 2959 quod
2651 2907 2680 2944 a
2718 2901 2908 2946 sancto
2932 2893 3184 2962 apostolo
3212 2901 3268 2948 et
3291 2910 3460 2948 evan-

1873 2985 2060 3048 gelista
2085 2983 2340 3037 Matthtco
2378 2982 2588 3052 excepi.
2631 3001 2647 3032 ι
2680 2981 2741 3036 Ει
2777 2998 2900 3037 mox
2944 2987 3458 3054 corporisinrentio

1875 3077 2134 3138 refertur.
2191 3087 2248 3132 et
2295 3076 2362 3132 de
2399 3076 2697 3147 Evangelio
2740 3077 3010 3132 additur:
3067 3097 3085 3129 ι
3127 3078 3460 3134 Invenerunt

169 3191 421 3237 carnem,
465 3177 558 3244 qui
591 3183 644 3228 et
682 3175 888 3243 primus
939 3171 1440 3242 Hierosolymorum
1473 3172 1765 3240 episcopus
1797 3185 1834 3238 ε
1871 3171 2033 3224 etiam
2084 3171 2440 3240 Evangelium
2478 3187 2645 3240 supra
2705 3169 2971 3228 Barnaba:
3031 3186 3224 3244 pectus
3285 3175 3463 3246 impo-

168 3271 511 3324 coustitutus
541 3278 624 3322 est
662 3287 687 3320 ιι
713 3267 918 3322 sanctis
948 3265 1232 3336 apostolis.
1272 3264 1387 3320 Non
1441 3263 1618 3332 placet
1648 3263 1763 3315 haec

170 3363 450 3418 sententia
486 3359 838 3414 Tillemoutio
861 3368 987 3414 nota
1027 3359 1062 3410 2
1097 3357 1154 3411 in
1198 3355 1542 3410 Matthaaum.
1579 3353 1765 3408 Primo

168 3459 263 3520 ait,
291 3457 410 3510 haec
443 3453 739 3523 solumlegi
777 3455 826 3505 in
853 3452 1134 3504 additione
1169 3449 1402 3521 Synopsi
1429 3451 1664 3520 adjecta.
1698 3451 1767 3503 At

171 3554 384 3606 nullam
406 3548 604 3616 allegat
633 3548 925 3604 rationein,
949 3559 1048 3597 cur
1064 3543 1357 3603 existimet,
1382 3542 1466 3594 illa
1503 3558 1612 3595 nou
1647 3558 1766 3595 esse

170 3636 756 3708 ejusdemSynopseos
776 3643 1021 3705 partem:
1067 3647 1170 3686 nec
1206 3646 1306 3702 ego
1340 3631 1503 3686 ullam
1545 3631 1768 3685 invenio

172 3732 319 3796 apud
357 3728 835 3785 Alontfauconum.
861 3726 1112 3792 Secundo
1156 3724 1251 3791 ait,
1303 3740 1489 3779 vocem
1523 3723 1766 3780 Graecam

173 3823 510 3898 ἡρμηνεύοη
569 3838 731 3892 posse
767 3821 971 3892 exponi
1025 3835 1180 3891 a-que
1239 3819 1488 3873 denuda
1535 3820 1768 3888 explica-

174 3921 349 3975 tione.
386 3933 550 3984 quam
587 3916 655 3968 de
679 3915 1112 3967 translationeiu
1151 3913 1314 3965 aliam
1343 3913 1607 3981 linguam.
1634 3909 1771 3966 Vere

173 4011 279 4064 hoc
309 4009 422 4062 dici
453 4007 521 4060 de
562 4022 693 4061 voce
722 4005 909 4060 Grmca
967 4005 1146 4061 libens
1191 4019 1464 4076 agnosco;
1521 4006 1615 4060 sed
1646 4019 1770 4058 cum

171 4106 440 4171 adjuiu:ta
477 4101 664 4154 omnia
712 4111 766 4156 et
794 4103 955 4172 paulo
992 4111 1115 4172 post
1146 4099 1428 4171 sequentia
1457 4099 1769 4158 ostendant.

173 4201 254 4269 agi
283 4202 353 4252 de
408 4197 767 4251 translatione
838 4197 889 4249 in
950 4196 1190 4264 linguam
1235 4194 1502 4256 Grtecam,
1543 4208 1650 4246 non
1693 4200 1772 4243 est

175 4294 314 4347 satis
340 4290 569 4342 fundata
597 4287 682 4339 illa
709 4286 966 4356 obiectio,
998 4294 1092 4338 aut
1119 4286 1264 4354 iusta
1296 4285 1563 4355 suspicio,
1583 4275 1770 4337 vocem

180 4387 268 4439 hic
315 4385 390 4436 ita
429 4381 881 4450 intelligendam:
917 4396 1039 4432 nam
1066 4379 1258 4433 eadem
1307 4395 1412 4434 vox
1459 4379 1774 4446 frequenter

177 4479 414 4531 recurrit
442 4474 509 4528 de
535 4473 892 4528 translatione
920 4476 970 4528 in
1010 4475 1170 4527 aliain
1207 4476 1471 4544 linguam,
1493 4473 1560 4528 de.
1601 4488 1776 4542 eaque

194 4571 264 4620 ibi
298 4568 467 4620 unice
493 4566 694 4635 agitur.
738 4565 927 4620 Tertio
975 4568 1052 4618 ait
1095 4565 1483 4619 Tillemomius
1519 4585 1532 4619 :
1575 4583 1592 4615 ι
1637 4566 1777 4619 San-

183 4670 304 4714 ctus
333 4656 604 4720 Jacobus,
639 4657 724 4710 cui
762 4672 891 4710 cura
931 4658 997 4710 de
1027 4655 1230 4710 ludatis
1263 4656 1776 4725 Hicrosolymitauis

183 4764 301 4807 erat
350 4751 670 4814 commissa,
709 4751 756 4804 is
787 4759 904 4803 erat
943 4751 1088 4803 inter
1120 4764 1314 4802 omnes
1356 4749 1654 4818 apostolos,
1689 4749 1774 4801 cui

186 4846 368 4898 minor
406 4853 529 4896 crat
563 4844 954 4914 Opportunitas
978 4854 1031 4896 et
1062 4842 1363 4894 necessitas
1406 4839 1773 4893 transferendi

184 4937 542 5004 Evangelium
596 4935 772 4988 sancti
825 4934 1061 4988 Matthxi
1109 4937 1163 4986 in
1216 4935 1378 4986 aliam
1442 4934 1701 5001 linguam.
1755 4952 1772 4982 ι

182 5031 249 5083 At
283 5044 388 5100 ego
444 5044 555 5082 non
601 5029 781 5093 video,
842 5029 966 5096 quis
1017 5027 1388 5096 apostolorum
1444 5025 1494 5079 id
1541 5025 1777 5081 ofﬁcium

187 5124 357 5194 magis
383 5130 697 5192 opportune
735 5132 791 5174 et
821 5121 1108 5174 commode
1145 5120 1298 5173 obire
1345 5119 1602 5188 potuerit.
1645 5117 1776 5171 Nam

185 5218 424 5271 Jacobus
490 5215 750 5268 manebat
815 5213 1255 5283 Hierosolymis;
1305 5212 1538 5281 apostoli
1589 5226 1780 5264 omnes

187 5310 248 5362 ad
279 5313 417 5364 alias
447 5307 944 5378 proﬁciscebantur
975 5307 1308 5375 provincias,
1349 5320 1452 5360 nec
1506 5307 1648 5368 scire
1679 5321 1778 5375 po-

191 5413 391 5468 terant,
425 5402 670 5472 quandiu
712 5404 765 5453 in
806 5401 1037 5472 singulis
1088 5403 1406 5454 civitatibus
1467 5411 1561 5454 aut
1614 5403 1778 5454 etiam

190 5496 491 5562 provinciis
515 5502 824 5547 manerent.
878 5493 1153 5546 llabitanti
1189 5502 1370 5546 autem
1401 5492 1453 5544 in
1487 5504 1590 5545 una
1644 5507 1780 5547 coo-

189 5595 394 5640 stantcr
424 5588 651 5639 civitate
675 5589 1020 5640 commodius
1047 5599 1129 5639 est
1181 5587 1378 5639 librum
1414 5587 1656 5640 scribere
1688 5595 1781 5638 aut

191 5679 566 5746 interpretari,
603 5681 860 5748 quamde
895 5680 1115 5734 civitate
1159 5681 1212 5731 in
1261 5679 1539 5734 civitatem
1597 5689 1782 5731 trans-

191 5776 336 5830 eunti
373 5781 431 5826 et
470 5784 742 5840 perpetuo
795 5775 1194 5842 peregrinanti.
1225 5773 1408 5843 Itaque
1437 5773 1525 5826 illa
1555 5784 1780 5828 senten-

192 5870 255 5922 tia
285 5870 485 5924 saltem
519 5880 630 5917 non
671 5865 853 5920 minus
911 5867 1224 5920 verisimilis
1291 5879 1396 5932 est,
1435 5883 1594 5935 quam
1647 5868 1780 5920 alio-

519 5958 790 6018 Pn'uot.
848 5961 968 6020 Gtt.
1006 5961 1181 6022 CXV.

1875 3266 2060 3319 situm.
2104 3285 2120 3317 ι
2167 3266 2372 3320 Deinde
2406 3282 2555 3330 vero,
2584 3281 2707 3320 cum
2741 3267 3074 3322 Anthemius
3114 3285 3226 3322 rem
3250 3283 3460 3340 gestam

1875 3359 2220 3427 exposuisset
2252 3357 2461 3414 Zenoni
2505 3360 2846 3429 imperatori,
2908 3370 2964 3416 et
3015 3362 3366 3426 obtinuisset.
3406 3374 3466 3418 ut

1876 3453 2088 3524 Cyprus
2123 3468 2231 3506 non
2263 3453 2513 3508 subesset
2547 3453 2874 3523 patriarcha:
2923 3455 3270 3509 Antiocheno
3293 3497 3307 3519 .
3367 3473 3467 3527 pe-

1879 3546 1964 3595 tiit
2000 3545 2238 3597 vicissim
2284 3545 2451 3607 Zeno,
2491 3555 2547 3596 ut
2586 3546 2653 3598 ad
2708 3559 2768 3598 se
2812 3547 3130 3601 mitteretur
3180 3548 3466 3603 inretitum

1881 3637 2115 3691 Matthxi
2147 3637 2517 3707 Evangelium.
2562 3657 2577 3687 ι
2613 3639 2888 3692 Assemus
2923 3650 3006 3694 est
3060 3643 3182 3710 ejus
3213 3645 3468 3712 petitioni

1879 3733 2194 3801 episcopus,
2247 3733 2322 3786 ait
2368 3734 2700 3795 Alexander,
2757 3747 2908 3788 num.
2955 3734 3044 3794 Η.
3089 3744 3143 3790 et
3176 3737 3468 3806 quemdam

1879 3838 1943 3876 ex
1977 3823 2063 3884 iis,
2097 3837 2236 3888 quos
2281 3838 2468 3874 secum
2503 3823 2736 3875 habebat
2769 3823 3315 3896 (Constantinopoli),
3363 3843 3470 3886 una

1880 3928 2002 3967 Cum
2050 3912 2369 3965 fidelissimo
2425 3911 2778 3980 imperatoris
2835 3916 3086 3969 ministro
3148 3917 3469 3987 epiScOpum

1885 4005 2056 4066 misit.
2098 4006 2188 4074 qui
2223 4003 2579 4076 Evangelium
2641 4006 2775 4061 illitd
2813 4008 2865 4060 in
2912 4009 3104 4062 urbem
3155 4009 3473 4066 Constanti-

1884 4098 2132 4168 nopolim
2200 4099 2528 4154 attulerunt.
2603 4097 2773 4153 Erant
2841 4113 3026 4158 autem
3087 4105 3206 4158 libri
3265 4106 3474 4159 tabella:

1888 4193 2091 4260 lhyinis
2123 4193 2280 4262 lignis
2321 4194 2661 4263 compositam
2709 4195 3066 4266 Evattgelaum
3119 4200 3251 4252 illttd
3301 4202 3473 4272 impe-

1887 4295 2034 4340 rator
2069 4286 2122 4338 in
2147 4299 2368 4341 manum
2397 4287 2653 4357 sumpsit,
2682 4300 2737 4342 et
2773 4289 3121 4344 deosculatus
3167 4300 3274 4356 est,
3309 4307 3476 4348 auro.

1889 4395 1995 4450 que
2019 4380 2193 4434 multo
2228 4391 2556 4436 exornatum
2589 4383 2642 4436 in
2689 4383 2894 4453 palatio
2945 4400 3043 4440 suo
3081 4385 3348 4455 reposuit,
3385 4387 3473 4441 ubi

1889 4473 1955 4525 ad
1992 4472 2319 4526 hodiernum
2366 4474 2706 4540 usqitcdicm
2767 4487 3037 4536 servatur.
3088 4485 3139 4528 et
3190 4475 3241 4529 in
3281 4491 3476 4546 magna

1819 4559 1856 4609 υ
1891 4565 2078 4631 quinta
2115 4564 2334 4619 l‘aschac
2370 4565 2503 4620 feria
2545 4568 2840 4637 quotannis
2886 4569 2939 4620 in
3000 4567 3186 4637 palatii
3232 4571 3476 4624 oratorio

1889 4659 2241 4728 Evangelium
2291 4675 2354 4712 ex
2398 4675 2464 4714 eo
2535 4662 2670 4712 libro
2730 4661 3014 4715 recitatur.
3061 4679 3078 4712 ι
3137 4661 3261 4718 Hac
3316 4663 3478 4718 lectio

1884 4751 2248 4813 demonstrat.
2281 4751 2468 4810 Cere
2490 4755 2754 4823 scriptum
2783 4755 2951 4810 fuisse
2989 4756 3132 4810 istud
3172 4759 3476 4826 exemplar,

1883 4861 2008 4897 cum
2061 4844 2173 4898 sola
2201 4846 2381 4916 lingua
2411 4848 2598 4902 (ira-ca
2642 4847 3116 4917 Constantinopoli
3174 4863 3315 4904 cs~et
3361 4853 3474 4903 vul-

1885 4939 2068 5007 garis;
2129 4942 2362 5007 indeque
2430 4942 2810 5001 conﬁrmatur,
2875 4945 3182 4997 versionem
3232 4944 3473 4998 (ira-rain

1883 5031 2262 5100 apostolorum
2299 5041 2544 5102 tempore
2579 5036 2776 5087 lactant
2799 5049 2943 5088 esse.

1959 5123 2049 5180 46.
2086 5124 2495 5195 Papebrochius
2529 5138 2712 5183 noster
2778 5128 2829 5181 in
2869 5129 3159 5184 Adnotatis
3189 5129 3255 5184 ad
3311 5131 3474 5184 verba

1881 5217 1993 5284 jam
2044 5218 2166 5270 data
2204 5220 2520 5288 apparentis
2562 5219 2818 5274 Barnabze
2851 5221 3106 5276 observat
3137 5227 3421 5290 sequentia
3459 5241 3471 5275 :

1894 5332 1908 5359 ι
1943 5310 2168 5366 Nativus
2192 5313 2484 5365 verborum
2521 5327 2719 5367 sensus
2760 5314 2974 5366 videtur
3013 5316 3322 5383 essc,quod
3347 5314 3474 5367 Bar-

1889 5406 2056 5457 nabas
2111 5404 2494 5475 Evangt-lium,
2569 5405 2823 5476 primitus
2883 5404 3147 5459 chraice
3234 5408 3472 5468 editum.

1890 5497 2104 5563 propria
2149 5514 2312 5549 manu
2349 5501 2631 5567 exceperit
2693 5514 2762 5552 ex
2811 5514 2905 5552 ore
2964 5498 3252 5567 ipsiusmet
3300 5502 3472 5553 sancti

1887 5589 2148 5653 Matrhzi,
2191 5590 2319 5642 illud
2371 5589 2556 5644 Gratce
2610 5592 2892 5653 dictantis,
2927 5601 2981 5644 et
3021 5607 3206 5644 secum
3263 5593 3471 5654 tulerit,

1886 5682 2223 5735 sicuti-tiam
2264 5682 2463 5738 let-isse
2493 5683 2697 5738 dicitur
2744 5695 2970 5738 sanctus
3040 5684 3474 5739 Baitholomaeus

1887 5773 1975 5841 (de
2011 5773 2278 5829 Hebraico
2311 5779 2624 5839 nimirum),
2667 5777 2851 5846 plures
2903 5779 3129 5833 forsrtan
3184 5780 3296 5842 alii,
3364 5794 3472 5832 uno

1887 5870 2187 5938 eodemque
2227 5882 2416 5926 tenore
2447 5884 2500 5927 ct
2528 5885 2794 5944 tempore,
2829 5875 2964 5928 citra
3017 5877 3175 5930 ullam
3209 5874 3475 5927 dttl‘eren-

3077 5969 3150 6026 ἃ.)
