3956 6448
522 376 619 438 779

1738 371 2021 432 MENSIS
2062 369 2537 432 SEPTEMBER.

3667 365 3779 429 780

521 495 645 549 tiam
674 508 688 557 ;
722 504 841 558 qua:
875 489 1107 545 inveniri
1144 488 1391 555 deberet,
1420 489 1465 543 si
1500 487 1733 559 quisque
1755 502 1858 541 suo
1911 498 2087 541 marte
2120 490 2162 545 Α
2193 486 2290 550 dit,
2336 503 2526 556 parum
2566 493 2658 539 aut
2723 483 2858 539 nihil
2918 484 2987 538 de
3065 484 3460 554 praedicatione
3532 481 3782 539 Matthzei

515 582 791 654 propriam
826 561 929 637 sibi
960 580 1277 636 versionem
1309 578 1551 643 fecisset,
1580 579 1737 647 cujus
1764 578 2089 632 differentia:

515 670 719 724 nullum
745 670 955 739 uspiam
979 678 1156 723 exstat
1191 667 1478 722 indicium.
1512 670 1689 736 Atque
1721 667 1849 721 hinc
1883 668 2089 721 factum

516 762 601 826 sit,
634 770 693 815 ut
714 762 801 817 alii
834 760 1123 827 Jacobum,
1152 760 1239 814 alii
1263 760 1553 823 Joannem,
1576 761 1664 815 alii
1691 762 1853 814 etiam
1883 762 2087 816 Lucam

520 856 599 909 vel
652 853 879 908 Paulum
946 855 1305 923 interpretem
1367 855 1619 920 fecerint,
1672 865 1835 924 prout
1883 854 2091 909 scilicet

516 958 740 1013 quasque
773 944 1017 998 Ecclesia
1053 942 1406 1014 Evangelium
1436 945 1647 1013 legebat
1693 959 1759 997 ex
1809 944 1972 1011 hujus
2003 946 2089 999 vel

516 1037 659 1089 illius
712 1037 943 1105 apostoli
1009 1037 1367 1106 autographa.
1427 1055 1443 1087 ι
1504 1036 1824 1089 Verisimilis
1869 1036 2087 1105 quidem

516 1139 738 1197 apparet
777 1129 891 1183 haec
919 1130 1269 1197 conjectura;
1322 1129 1626 1187 nrzesertim
1685 1143 1807 1182 cum
1858 1128 2087 1197 apostoli

516 1238 623 1274 non
654 1221 937 1275 videantur
992 1223 1219 1291 profecti
1264 1223 1328 1275 ad
1394 1221 1719 1291 longinquas
1781 1220 2090 1290 provincias

516 1322 642 1368 ante
692 1316 954 1383 scripturn
1001 1315 1240 1369 Mattluei
1293 1315 1673 1385 Evangelium,
1740 1323 1798 1369 ut
1850 1312 2087 1368 dubitari

515 1408 602 1462 vix
650 1408 842 1479 possit,
914 1408 1044 1476 quin
1080 1408 1275 1478 singuli
1329 1407 1607 1477 exemplar
1662 1406 1879 1476 aliquod
1944 1406 2089 1460 illius

516 1500 787 1569 Evangelii
841 1514 1027 1553 secum
1068 1500 1316 1553 tulerint.
1351 1498 1487 1553 Cum
1537 1508 1718 1553 autem
1773 1514 1881 1551 non
1930 1497 2086 1567 pauci

515 1608 579 1646 ex
612 1593 716 1646 illis
759 1592 1234 1661 proficiscerentur
1290 1591 1355 1645 ad
1408 1590 1737 1661 provincias,
1791 1590 1842 1644 in
1892 1590 2088 1657 quibus

515 1687 625 1741 fere
650 1686 760 1739 sola
796 1686 995 1739 usitata
1026 1695 1142 1739 erat
1183 1685 1361 1755 lingua
1395 1683 1601 1748 Graeca,
1639 1684 2085 1737 verisimillinnim

514 1789 617 1841 est,
652 1780 771 1833 illos
793 1778 1043 1833 (Srtceum
1076 1779 1255 1847 potius
1288 1779 1588 1847 exemplar,
1642 1787 1701 1829 ut
1753 1786 1965 1829 constat
2023 1778 2089 1829 de

2193 588 2532 647 compertum
2574 577 2677 632 sibi
2743 578 2935 631 fuisse.
2998 576 3214 630 Etenim
3271 575 3477 629 nullam
3529 576 3785 629 nominat

2193 670 2531 739 provinciam
2562 677 2657 723 aut
2685 669 2901 731 urbem,
2936 668 2990 722 in
3027 683 3132 737 qua
3168 667 3330 721 fidem
3388 667 3780 736 praedicat-erit

2191 761 2501 825 Matthreus,
2534 771 2729 831 praeter
2778 760 3112 831 Hierapolim
3170 759 3361 831 Syriae,
3392 760 3445 813 in
3473 777 3585 831 qua
3617 778 3781 816 mar-

2194 853 2330 923 tyrio
2366 862 2685 907 coronatum
2744 854 2993 908 credidit.
3038 851 3150 907 llac
3202 854 3269 907 de
3315 867 3505 917 causa,
3562 855 3778 922 opinor,

2190 961 2314 1016 pag.
2352 944 2458 999 404
2513 959 2577 998 ex
2645 945 2760 999 sola
2823 945 3197 999 verisimiliter
3252 946 3575 1013 conjectura
3630 944 3777 1009 dicit,

2192 1040 2370 1109 ipsum
2410 1054 2640 1109 corpore
2671 1039 2839 1094 fuisse
2872 1039 3251 1105 imbecilliore,
3303 1038 3777 1108 Evangeliumque

2189 1133 2498 1201 scripsisse,
2527 1133 2655 1187 dum
2679 1133 2767 1187 alii
2792 1133 2934 1201 apud
2962 1134 3138 1187 varias
3164 1140 3353 1204 gentes
3378 1131 3777 1202 prredicabant.

2190 1225 2445 1280 Pluribus
2470 1240 2603 1279 sane
2646 1226 2827 1279 verbis
2874 1226 2923 1280 id
2983 1226 3179 1279 Orator
3237 1226 3616 1295 prosequitur,
3685 1224 3778 1277 sed

2192 1334 2359 1389 pauca
2383 1318 2672 1381 sufficient,
2703 1333 2831 1371 cum
2870 1327 3083 1372 constet
3116 1319 3182 1373 de
3202 1320 3407 1388 scripto
3443 1320 3775 1392 Evangelio:

2197 1428 2215 1460 ι
2249 1406 2490 1478 Quaeque
2520 1410 2656 1462 adeo
2693 1409 2886 1478 reliqui
2937 1410 3212 1479 (apostoli)
3268 1411 3529 1481 gentibus
3579 1414 3780 1482 lingua:

2193 1516 2422 1556 munere
2456 1516 2563 1553 non
2596 1500 2800 1568 scripta
2836 1502 3196 1565 tradiderant,
3226 1503 3342 1557 haec
3376 1519 3617 1574 magnus
3651 1506 3784 1560 Mat-

2194 1598 2365 1648 thazus
2423 1593 2627 1661 scripta
2700 1593 3163 1647 commentatione
3248 1608 3459 1649 summa
3520 1598 3782 1665 colligens

2194 1696 2364 1739 totum
2425 1683 2584 1737 Verbi
2647 1682 2969 1753 mysterium
3041 1682 3213 1737 sacris
3289 1686 3780 1751 praadieatiouibus

2195 1778 2448 1831 intexuit.
2489 1795 2508 1828 ι
2553 1777 2626 1829 ita
2680 1776 2820 1845 ipse,
2877 1775 3177 1845 interprete
3232 1774 3591 1839 Combefisio,
3644 1777 3781 1831 blat-

515 1870 782 1934 Barnaba,
809 1869 1130 1937 sumpsisse,
1162 1884 1321 1937 quam
1385 1867 1733 1932 Hebraicum,
1773 1878 1829 1922 ut
1863 1868 1989 1919 illud
2035 1869 2086 1919 in
2119 1848 2164 1907 Β
2198 1871 2400 1923 thteum
2462 1868 2669 1922 inducit
2702 1868 3059 1931 scribentem,
3114 1867 3240 1920 dum
3277 1866 3364 1920 alii
3412 1871 3654 1938 apostoli
3690 1887 3784 1939 per

513 1962 757 2017 ccclesiis
773 1960 1043 2029 erigendis
1073 1959 1355 2029 legendum
1386 1957 1518 2011 dare
1555 1971 1777 2027 possent
1805 1967 1857 2011 et
1888 1958 2089 2011 exscri-

516 2052 773 2107 bendum.
802 2052 1189 2107 Verumtamen
1222 2052 1548 2120 conjectum
1574 2060 1781 2105 tantum
1814 2061 1941 2105 sunt
1973 2050 2085 2115 hx;

515 2157 696 2210 neque
734 2141 868 2196 certi
903 2140 1107 2210 aliquid
1153 2139 1383 2209 proferri
1445 2148 1623 2210 potest
1670 2140 1737 2194 de
1784 2140 1948 2193 rebus
2004 2140 2090 2193 in-

516 2236 701 2289 certis.

586 2328 674 2381 47.
707 2325 848 2391 Quin
880 2334 935 2379 et
960 2326 1120 2380 verba
1156 2324 1357 2393 Papiae,
1378 2323 1500 2378 data
1526 2340 1677 2377 nutu.
1707 2326 2091 2388 50,contraria

515 2415 771 2470 videntur
806 2414 964 2469 dictis
994 2414 1343 2485 conjecturis,
1380 2413 1423 2466 si
1476 2412 1821 2482 intelligenda
1873 2414 1983 2467 sint
2027 2429 2092 2467 eo

519 2523 705 2571 sensu,
734 2521 842 2573 quo
864 2506 1066 2575 passim
1093 2513 1461 2575 exponuntur.
1500 2522 1516 2555 ι
1546 2505 1830 2560 Matthaeus
1846 2506 2089 2578 quidem,

520 2598 715 2666 inquit,
744 2597 1011 2651 llehraico
1044 2612 1295 2653 sermone
1326 2598 1505 2651 divina
1569 2600 1787 2669 scripsit
1822 2600 2041 2654 oracula
2076 2618 2087 2652 :

520 2690 913 2759 interpretatus
943 2698 1026 2743 est
1084 2703 1267 2745 autem
1310 2690 1686 2761 unusquisque
1745 2692 1857 2755 illa,
1931 2703 2092 2761 prout

520 2783 715 2851 potuit.
749 2801 767 2833 ι
808 2781 931 2836 llaec
963 2781 1127 2836 verba
1153 2799 1181 2835 a
1208 2782 1369 2836 variis
1397 2782 1469 2835 ita
1501 2783 1742 2853 exposita
1776 2785 1958 2848 video,
1982 2784 2089 2837 acsi

518 2877 712 2946 Papias
771 2877 1016 2941 dixisset,
1070 2892 1512 2945 unumquemque
1562 2891 1660 2945 pro
1716 2892 1814 2931 suo
1872 2876 2092 2948 ingenio

516 2982 829 3038 aggressum
865 2982 984 3021 esse
1025 2967 1527 3037 interpretationem
1586 2968 1850 3024 Grzecam.
1918 2970 1986 3023 At
2028 2986 2091 3025 ea

518 3063 695 3129 Papiae
727 3061 1014 3114 verborum
1042 3062 1311 3130 expositio
1342 3078 1688 3133 nequaquam
1722 3064 1856 3117 mihi
1892 3080 2090 3117 neces-

523 3155 665 3205 saria
715 3151 949 3214 videtur,
998 3152 1108 3205 imo
1143 3168 1210 3205 ne
1259 3154 1391 3205 satis
1441 3154 1658 3221 quidem
1719 3156 2015 3223 probabilis
2074 3173 2086 3208 :

522 3258 646 3297 nam
678 3259 781 3298 vox
836 3242 1192 3313 unusquisque
1257 3252 1467 3298 tantum
1510 3247 1748 3301 insinuat
1800 3264 2088 3303 numerum

519 3336 898 3402 interpretum,
936 3345 992 3388 ut
1024 3350 1133 3389 non
1189 3334 1281 3389 fiat
1319 3336 1633 3402 verisimile,
1673 3337 1895 3408 Papiam
1937 3341 2091 3394 locu-

518 3435 634 3477 tum
667 3438 787 3477 esse
837 3423 902 3477 de
932 3424 1387 3494 interpretatione
1442 3428 1610 3481 totius
1662 3430 1937 3496 Evangelii
1977 3430 2093 3482 sive

518 3516 871 3572 translatione
924 3518 979 3571 in
1038 3519 1276 3588 linguam
1357 3519 1621 3571 Graecam.
1682 3519 1861 3583 Quare
1919 3520 2092 3574 solum

517 3609 673 3671 dicit,
712 3609 897 3661 divina
944 3608 1173 3663 Oracula
1230 3626 1259 3663 a
1317 3608 1571 3663 Matthmu
1607 3612 1807 3680 scripto
1856 3613 2091 3677 tradita;

517 3699 587 3752 ab
609 3698 729 3753 aliis
754 3715 881 3753 vero
909 3716 1006 3769 pro
1031 3702 1458 3771 uniuscujusque
1488 3704 1791 3770 capacitate
1819 3707 1984 3759 verbo
2002 3716 2094 3759 aut

519 3793 725 3860 scripto
751 3794 1017 3861 exposita.
1070 3793 1255 3858 Itaque
1282 3794 1433 3844 nullo
1487 3794 1648 3845 modo
1686 3795 1896 3846 videtur
1943 3798 2092 3863 loqui

522 3886 588 3937 de
614 3884 971 3937 translatione
1008 3883 1282 3952 Evangelii
1326 3883 1375 3935 in
1424 3883 1661 3955 linguant
1702 3884 1965 3950 Grretatn,
2000 3890 2093 3943 sed

521 3976 601 4029 vel
635 3974 809 4029 solum
836 3974 902 4029 de
938 3975 1327 4045 praedicatione
1362 3976 1664 4046 Evangelii,
1708 3980 1791 4033 vel
1815 3982 1881 4032 de
1912 3997 2088 4050 expo-

522 4068 721 4123 sitione
757 4085 971 4133 eorum,
996 4084 1116 4135 quae
1153 4069 1207 4119 in
1236 4068 1530 4138 Evangelio
1568 4069 1805 4123 Mattha-i
1836 4088 2094 4126 occurre-

524 4162 657 4214 bant
685 4161 1018 4214 difliciliora.
1060 4159 1174 4215 lloc
1218 4158 1413 4214 fecisse
1443 4177 1890 4235 unumquemque
1915 4169 2095 4221 docto-

525 4270 646 4308 rum
700 4253 856 4308 facile
889 4253 1209 4307 credimus:
1249 4263 1303 4307 at
1352 4269 1797 4325 unumquemque
1848 4274 1944 4326 pro
1996 4274 2096 4314 suo

520 4348 739 4417 ingenio
781 4345 1132 4415 Evangelium
1194 4343 1431 4397 Matthxi
1473 4344 1720 4399 Graecum
1756 4348 1939 4402 facere
2001 4366 2088 4403 vo-

520 4441 709 4503 luisse,
750 4453 851 4492 nec
883 4435 1175 4492 verisimile
1224 4444 1332 4503 est,
1374 4452 1477 4492 nec
1516 4437 1648 4493 dicit
1702 4438 1912 4509 Papias.
1968 4442 2093 4498 Sola

2200 1962 2463 2016 mundum
2498 1961 2902 2025 discurrebant,
2931 1971 2985 2014 et
3018 1961 3259 2029 undique
3287 1977 3439 2014 sacra
3493 1960 3781 2033 Evangelii

2195 2057 2403 2109 semina
2433 2054 2730 2123 jaciebant.
2766 2053 2966 2106 Verum
3002 2070 3102 2107 nec
3168 2054 3607 2109 imbecillitatem
3662 2071 3783 2109 cor-

2195 2151 2365 2219 poris,
2401 2150 2468 2203 de
2497 2164 2600 2218 qua
2635 2148 2771 2201 nihil
2800 2148 2943 2217 apud
2968 2146 3596 2209 \'€lllSll0l‘€S,Mallh1‘0
3613 2148 3783 2204 fuisse

2197 2240 2594 2310 impedimento
2622 2239 2841 2307 Opinor,
2875 2253 2983 2306 quo
3017 2237 3197 2291 minus
3240 2237 3602 2309 Evangelium
3638 2257 3783 2309 prae-

2197 2331 2451 2392 dicaret;
2517 2344 2620 2382 nec
2665 2330 2943 2382 assentior
2976 2326 3200 2392 Nicetzc,
3252 2338 3379 2382 tunc
3438 2345 3468 2382 a
3526 2329 3785 2385 Matthao

2196 2421 2464 2491 scripturn
2522 2419 2694 2474 fuisse
2734 2418 3111 2491 Evangelium,
3159 2421 3378 2490 quando
3408 2422 3499 2475 alii
3544 2424 3784 2491 apostoli

2195 2517 2259 2568 ad
2290 2516 2611 2585 longinquas
2645 2513 2876 2584 profecti
2912 2524 3069 2568 crant
3099 2514 3441 2584 provincias;
3496 2516 3613 2577 sed,
3649 2531 3774 2569 cum

2196 2608 2310 2677 ipse
2339 2606 2557 2661 Nicetas
2592 2622 2713 2677 pag.
2760 2606 2864 2661 406
2910 2607 3077 2671 dicat,
3114 2605 3366 2659 omittere
3405 2622 3463 2659 se
3513 2609 3782 2675 praeclara

2196 2710 2369 2769 gesta,
2438 2698 2844 2766 prtedicationis
2909 2698 3167 2751 nimirum
3246 2705 3301 2750 ct
3366 2697 3782 2763 miraculorum,

2196 2792 2379 2846 malim
2409 2791 2657 2854 credere,
2690 2800 2963 2843 oratorem
3018 2789 3159 2843 nihil
3190 2790 3326 2843 certi
3371 2789 3437 2844 de
3471 2790 3579 2843 illis
3632 2790 3785 2845 inve-

2197 2887 2363 2948 nisse,
2423 2898 2584 2954 quam
2628 2882 2941 2938 Matthaeum
3014 2898 3123 2937 non
3178 2883 3502 2952 praedicasse
3553 2898 3786 2953 :neque

2196 2978 2342 3031 enim
2438 2978 2659 3047 scriptio
2736 2976 3007 3049 Evangelii
3093 2988 3245 3032 tanto
3341 2989 3587 3046 tempore
3660 2994 3784 3031 san-

2196 3082 2346 3126 ctum
2397 3071 2649 3150 détipere
2687 3070 2898 3139 debuit,
2924 3080 2980 3124 ut
3034 3085 3140 3124 non
3168 3072 3407 3139 potuerit
3431 3070 3624 3123 eodem
3656 3085 3783 3122 cum

2197 3165 2315 3218 aliis
2356 3165 2602 3233 tempore
2657 3163 2933 3232 proﬁcisci
2992 3163 3059 3216 ad
3117 3162 3455 3232 provinciam
3498 3162 3599 3215 sibi
3639 3162 3784 3215 assi-

2195 3264 2431 3325 gnatam.

2266 3345 2350 3399 49.
2392 3346 2676 3401 Provincia
2709 3358 2913 3410 autem,
2952 3360 3073 3413 qua:
3106 3345 3159 3397 in
3220 3344 3371 3397 Actis
3423 3344 3655 3399 edendis
3727 3355 3785 3399 et

2194 3438 2425 3490 aliorum
2464 3438 2780 3490 testimonio
2811 3437 3087 3506 assignata
3141 3436 3243 3489 fuit
3288 3445 3477 3489 saneto
3502 3435 3784 3501 blatthmo,

2196 3544 2278 3587 est
2329 3530 2599 3600 EthiOpia
2624 3572 2640 3598 ,
2671 3531 2993 3585 latissimum
3057 3528 3256 3584 Africa:
3293 3546 3543 3601 regnum,
3597 3532 3641 3584 si
3680 3546 3786 3585 vox

2200 3623 2480 3695 tEthiopia
2515 3623 2586 3679 sit
2617 3622 2971 3693 intelligenda
2992 3636 3157 3677 sensu
3192 3623 3428 3677 maxime
3458 3623 3641 3677 obvio.
3672 3622 3788 3675 llu-

2197 3719 2361 3784 t'inus,
2398 3720 2490 3775 lib.
2526 3736 2580 3785 χ,
2606 3734 2730 3789 cap.
2765 3720 2820 3785 9,
2860 3719 2974 3772 hinc
3007 3718 3241 3774 scribit:
3292 3719 3382 3772 «in
3418 3734 3481 3773 ea
3506 3717 3784 3771 divisione

2197 3811 2347 3864 orbis
2406 3820 2585 3873 terra},
2631 3825 2753 3877 quae
2808 3810 2876 3862 ad
2937 3810 3347 3878 praedicandum
3408 3813 3636 3865 verbum
3686 3811 3785 3865 Dei

2198 3912 2345 3958 sorte
2372 3917 2470 3972 per
2501 3902 2778 3972 apostolos
2810 3900 3089 3955 celebrata
3130 3909 3250 3965 est;
3306 3916 3430 3954 cum
3484 3899 3604 3953 alia:
3660 3902 3786 3956 aliis

2199 3997 2496 4067 provinciae
2520 3998 2900 4061 obvenissent,
2933 3994 3158 4049 Thomzc
3180 3995 3420 4061 Parthia,
3447 4003 3502 4048 et
3526 3993 3782 4049 Matthaeo

2200 4087 2504 4154 Aithiopia,
2546 4087 2705 4153 eique
2733 4086 3020 4139 adlnerens
3052 4088 3278 4141 citerior
3304 4087 3457 4140 India
3492 4086 3785 4141 Bartholo-

2201 4188 2336 4227 maco
2367 4173 2569 4227 dicitur
2605 4182 2755 4226 sorte
2780 4172 3023 4226 decreta.
3053 4192 3071 4225 ›
3107 4175 3308 4229 Eodem
3344 4178 3459 4231 fere
3501 4180 3666 4234 modo
3692 4178 3785 4233 So-

2199 4277 2403 4329 crates,
2440 4266 2534 4319 lib.
2559 4279 2597 4327 ι,
2632 4278 2753 4334 cap.
2806 4264 2871 4319 l9
2905 4279 2918 4316 :
2963 4282 2977 4313 ς
3008 4261 3143 4317 Cum
3177 4268 3407 4336 apostoli
3437 4271 3784 4335 pradieatio-

2200 4358 2286 4409 nis
2306 4373 2472 4409 causa
2500 4356 2566 4409 ad
2609 4365 2800 4427 gentes
2832 4352 3151 4424 profecturi,
3205 4372 3297 4407 eas
3326 4355 3472 4410 inter
3496 4374 3557 4412 se
3583 4364 3781 4415 sortito

2200 4447 2520 4510 dividerint,
2567 4446 2806 4500 Thomas
2880 4448 3100 4516 quidem
3168 4447 3427 4513 Parthiae,
3487 4450 3780 4509 Mattheus

520 4531 929 4584 neotericorum
1003 4529 1271 4596 expositio
1334 4530 1663 4584 sententiam
1716 4531 1860 4585 illam
1917 4532 2092 4603 Papizr
2121 4547 2171 4606 ι)
2204 4554 2334 4593 vero
2359 4537 2654 4608 .Ethiopia:
2678 4539 3045 4608 apostolatum
3077 4540 3309 4595 sonitus
3334 4555 3440 4596 cst.
3485 4542 3781 4601 Bartholo-

522 4624 792 4687 attribuit,
829 4620 956 4675 licet
984 4636 1086 4675 vox
1117 4618 1301 4675 Graeca
1347 4621 1685 4691 ἡρμήνευσε,
1716 4625 2092 4693 interpretatus

523 4729 628 4783 est,
670 4717 814 4771 illam
842 4714 1242 4783 expositionem
1270 4714 1500 4769 minime
1546 4718 1810 4785 requirat,
1843 4719 1935 4773 sed
1963 4736 2093 4789 pro-

525 4818 647 4877 pter
709 4806 960 4875 adjuncta
1012 4806 1193 4875 potius
1241 4816 1457 4861 renuat.
1486 4808 1708 4862 Certum
1759 4811 1924 4879 igitur
1974 4829 2094 4867 esse

524 4901 707 4964 debet,
754 4900 1125 4970 apostolorum
1163 4911 1408 4970 tempore
1448 4903 1643 4956 factam
1710 4921 1833 4958 esse
1892 4909 2097 4961 versio-

525 5006 649 5045 nem
675 4991 947 5057 Grrecam,
982 4992 1308 5061 unicamque
1337 4992 1505 5048 fuisse
1559 4997 1939 5064 approbatam,
1968 5014 2092 5052 cum

528 5083 593 5139 de
617 5084 866 5151 pluribus
896 5085 1080 5137 nullus
1098 5084 1432 5138 meminerit.
1469 5085 1696 5154 Reliqua
1728 5089 1793 5141 ad
1848 5087 2097 5158 Evange-

452 5208 463 5217 .
526 5170 659 5223 lium
696 5170 931 5225 Matthazi
968 5173 1273 5240 spectantia
1320 5172 1711 5242 interpretibus
1754 5191 1919 5231 sacra:
1950 5179 2098 5231 Scri-

529 5274 698 5330 ptura:
730 5265 1087 5319 examinanda
1118 5266 1392 5335 relinquo.

527 5400 553 5469 ᾗ
606 5398 696 5453 lV.
739 5398 1051 5453 l’ra’dicatio
1099 5402 1272 5453 sancti
1329 5401 1569 5456 Matt/nvi
1629 5414 1676 5457 ct
1752 5403 2093 5473 Martyrium.

598 5537 689 5589 48.
708 5537 780 5588 De
803 5536 1187 5605 prtcdicatione
1211 5538 1480 5608 Evangelii
1504 5541 1557 5591 in
1577 5539 1783 5601 Juda’a,
1805 5549 2095 5607 antequam

527 5628 760 5694 apostoli
802 5628 855 5680 in
883 5628 1193 5696 designatas
1220 5629 1324 5681 sibi
1365 5631 1673 5698 provincias
1701 5633 2095 5698 discesserunt,

529 5720 739 5771 nullum
769 5729 850 5773 est
880 5720 1129 5773 dubium.
1186 5721 1402 5775 Nicetas
1433 5724 1705 5792 Paphlago
1745 5728 1795 5776 in
1838 5725 2097 5780 Oratione

528 5812 938 5879 encomiastica,
967 5816 1105 5883 apud
1136 5813 1553 5879 Combefisium,
1594 5835 1712 5887 pag.
1738 5820 1861 5885 404,
1898 5834 2096 5875 osten-

2204 4649 2337 4687 ιι)ωο
2373 4634 2543 4694 India,
2582 4647 2702 4699 quae
2730 4630 3024 4699 EthiOpi-a:
3060 4636 3293 4686 confinis
3355 4643 3463 4700 est,
3502 4637 3719 4709 obtigit.
3762 4659 3779 4691 ι

2202 4724 2431 4778 Accedit
2454 4722 2793 4776 Fortunatus
2815 4722 2957 4776 infra
2982 4723 3295 4779 laudandus
3327 4741 3452 4781 cum
3503 4728 3636 4785 aliis
3667 4735 3787 4801 plu-

2203 4817 2379 4879 ribus,
2414 4816 2557 4867 inter
2587 4827 2728 4883 quos
2784 4812 2912 4868 Milo
2963 4817 3265 4871 monachus
3303 4816 3357 4871 in
3406 4818 3526 4872 \‘ita
3557 4821 3787 4876 metrica

2204 4911 2261 4963 ὃ.
2295 4907 2550 4971 Amandi,
2582 4917 2712 4960 tum.
2760 4907 2777 4959 l
2828 4907 3117 4962 Februarii
3180 4909 3328 4976 data,
3384 4926 3505 4981 pag.
3557 4911 3667 4969 87L
3715 4915 3788 4969 ita

2205 5004 2352 5056 canit
2377 5019 2390 5052 :

2206 5110 2487 5165 Matthatus
2522 5108 2800 5177 ﬁthiopas
2835 5119 3061 5163 torrente
3085 5114 3273 5166 ardore
3306 5127 3569 5171 crematos

2210 5182 2269 5235 Ut
2304 5180 2445 5235 Geon
2475 5181 2699 5232 nimius
2727 5196 2937 5232 sacrato
2968 5184 3126 5234 diluit
3160 5198 3337 5247 amne,

2208 5252 2281 5305 Et
2309 5254 2437 5320 facit
2476 5254 2528 5301 in
2563 5252 2783 5317 speciem
2812 5252 2944 5303 lotos
2982 5256 3206 5307 candere
3243 5256 3494 5310 nivalem.

2278 5365 2367 5418 50.
2403 5362 2776 5416 Florentinius
2817 5364 2871 5417 in
2907 5362 3058 5418 Notis
3093 5367 3157 5419 ad
3206 5366 3513 5423 lndiculum
3561 5382 3782 5440 aposto-

2205 5457 2383 5509 lorum
2440 5455 2493 5507 in
2547 5454 2802 5508 Matthzno
2832 5472 2953 5526 pag.
3023 5457 3125 5511 158
3191 5461 3317 5514 ait:
3365 5479 3382 5511 ι
3422 5460 3784 5520 Communior

2207 5556 2389 5599 autem
2416 5547 2636 5598 videtur
2665 5548 2961 5611 sententia,
3000 5548 3314 5605 Matthteum
3366 5556 3698 5621 prmdicasse
3729 5561 3779 5612 in

2206 5639 2445 5690 citeriori
2472 5636 2771 5707 :Ethiopia,
2802 5656 2922 5707 quae
2950 5644 3181 5696 vicinior
3211 5655 3295 5699 est
3325 5644 3561 5716 {Egypto
3594 5662 3783 5718 etquae

2210 5726 2423 5778 Sonnar
2494 5729 2655 5781 hodie
2706 5730 2925 5791 dicitur,
2992 5748 3056 5786 ac
3124 5745 3402 5790 mortuum
3453 5739 3507 5790 in
3565 5744 3781 5794 civitate

2210 5819 2358 5872 Luch
2398 5821 2558 5888 (apud
2588 5837 2617 5872 a
2662 5821 2859 5892 Lapide
2894 5823 3099 5897 Luacb)
3134 5826 3222 5881 ubi
3255 5829 3557 5885 etiamnum
3589 5833 3780 5901 templa
