3956 6464
122 452 221 515 781

1393 449 1567 509 VlTA
1612 448 1671 508 S.
1714 446 2101 507 MATTIIJZI.

127 574 179 626 itt
209 573 479 625 honorem
509 568 684 624 sancti
714 565 951 622 Matthzei
983 577 1198 621 exstare
1231 563 1397 619 habet
1430 578 1494 619 ex
1528 564 1699 618 tradi-
1734 569 1781 625 Α
1808 562 2091 619 Candaces
2120 567 2316 636 regina:
2348 566 2512 622 fuisse
2548 568 2782 640 .Egy-pto
2815 572 3119 641 proximum
3159 583 3211 627 ct
3246 589 3377 628 con-

130 662 381 717 tionibus
449 660 775 730 Ethiopum
845 664 922 727 (et
974 660 1171 713 litteris
1231 657 1703 714 missionariorum

127 754 383 824 quamvis
411 768 507 807 eas
530 768 640 806 non
676 753 877 806 laudctl
914 751 1202 805 Cornelius
1228 765 1257 803 ιι
1289 749 1496 818 Lapide
1522 763 1645 818 cap.
1671 750 1705 803 3

127 845 397 900 Promittii
436 845 488 897 in
528 844 862 899 Matthaetttn.
915 844 1160 914 Regnutn
1198 844 1330 898 illud
1389 843 1703 913 1Ethiopia2,

126 936 272 1005 quod
308 936 381 989 illi
422 934 657 997 Sonnar,
703 936 791 988 alii
832 935 1043 989 Sennar
1082 937 1388 999 nominant,
1419 938 1581 991 situm
1615 944 1701 991 est

128 1030 273 1082 inter
313 1026 607 1098 Egyptum
633 1038 687 1082 et
729 1042 953 1096 regnum
981 1028 1305 1082 hodiernum
1343 1029 1702 1083 Habessinim.

125 1120 299 1176 Jobtts
368 1119 651 1184 Ludolfus,
718 1120 770 1173 in
830 1119 1070 1174 Ilislort‘a
1138 1120 1460 1189 Ethiopica,
1522 1122 1616 1177 lib.
1667 1139 1705 1185 ι,

128 1230 252 1284 cap.
285 1214 345 1277 2,
395 1214 471 1267 ait
523 1228 747 1283 regnum
799 1212 1012 1267 Sennar
1058 1229 1179 1268 esse
1228 1223 1436 1283 partem
1505 1215 1705 1269 veteris

130 1305 346 1359 Nabim.
386 1304 697 1359 Martiniere
735 1304 788 1357 itt
818 1304 1152 1359 Dictionario
1180 1304 1543 1375 geographico
1570 1306 1707 1359 Sen-

131 1413 233 1451 nar
257 1411 485 1467 regnum
526 1411 649 1450 cum
692 1411 860 1467 regno
894 1394 1083 1451 Nubize
1128 1398 1268 1451 idem
1304 1397 1449 1451 facit.
1504 1396 1704 1451 Verum

133 1502 362 1541 necesse
397 1500 503 1539 non
554 1493 637 1539 est
670 1485 735 1538 ad
788 1486 1129 1555 propositum
1168 1496 1416 1539 nostrum
1466 1486 1628 1539 latius
1657 1485 1706 1538 id

134 1579 420 1645 indagare.
465 1574 610 1629 Satis
662 1586 749 1629 est
790 1576 1057 1629 indicasse
1086 1558 1309 1646 regnum
1344 1576 1554 1629 Scnnar
1591 1590 1713 1630 esse

133 1669 185 1721 iu
257 1676 413 1736 parte
488 1668 902 1736 septentrionali
978 1665 1270 1736 EthiOpia:
1337 1678 1390 1722 ct
1469 1669 1711 1737 proxima

135 1756 394 1827 Egypto.
437 1756 492 1810 In
532 1758 722 1811 eadem
744 1772 960 1826 quoque
986 1756 1282 1827 AithiOpia:
1316 1770 1468 1827 parte
1496 1769 1714 1827 aposto-

135 1849 314 1901 lorum
345 1849 684 1917 temporibus
714 1864 973 1919 regnasse
1002 1847 1291 1903 Candacen
1321 1850 1581 1919 reginam,
1616 1864 1710 1901 cu-

132 1940 222 2007 jus
248 1940 539 1993 eunuchus
570 1955 599 1992 a
626 1950 815 1993 saneto
844 1938 1099 2008 Philippo
1134 1940 1367 1993 diacono
1405 1942 1710 2007 baptizatus
1750 1923 1786 1974 ⁸

134 2042 241 2093 est,
271 2032 489 2084 abunde
512 2030 782 2099 colligitur
821 2046 883 2083 ex
918 2030 1128 2101 dictis§
1160 2033 1207 2094 l;
1254 2042 1307 2083 at
1347 2046 1560 2083 rursum
1606 2048 1711 2083 non

137 2122 360 2191 inquiro
403 2137 470 2174 an
525 2121 613 2175 illa
664 2121 827 2176 latius
877 2132 971 2176 aut
1040 2126 1220 2176 minus
1274 2125 1378 2177 late
1443 2134 1713 2193 regnaret.

136 2212 427 2267 Sententia
479 2225 662 2268 autem
714 2214 951 2278 illorum,
1004 2215 1094 2285 qtti
1144 2215 1463 2269 existimant
1512 2216 1563 2268 in
1631 2215 1715 2268 illa

139 2314 301 2375 parte
349 2303 645 2374 Ethiopia:
696 2305 1023 2373 praedicasse
1082 2319 1329 2361 sanctum
1384 2307 1717 2371 Mattltaium,

142 2397 278 2453 mihi
328 2398 621 2451 admodum
675 2398 969 2465 probabilis
1001 2408 1224 2467 apparet
1269 2409 1325 2453 et
1358 2400 1716 2453 verisimilis:

140 2506 266 2545 cum
303 2489 429 2557 quia
461 2488 705 2557 proxima
755 2498 873 2541 erat
907 2489 1149 2543 Romano
1185 2492 1414 2561 imperio
1442 2508 1505 2545 ex
1558 2503 1713 2563 parte

140 2578 387 2649 Egypti,
422 2586 532 2631 tum
565 2579 692 2645 quia
726 2579 1018 2631 eunuchus
1072 2579 1270 2649 regina:
1302 2578 1581 2634 Candaces
1607 2590 1722 2633 erat

142 2687 474 2738 conversus,
506 2680 561 2727 et
592 2671 660 2726 de
688 2671 836 2725 illius
875 2672 1235 2726 conversione
1266 2681 1417 2725 certo
1439 2669 1721 2725 constabat

143 2764 433 2837 apostolis,
466 2773 576 2816 tum
612 2762 736 2832 quia
767 2762 1011 2817 ecclesiae
1043 2764 1213 2818 sancti
1243 2762 1500 2827 Matthxi,
1524 2762 1721 2816 ibidem

146 2858 406 2917 inventze,
442 2854 721 2906 insinuant
755 2852 941 2922 populi
964 2852 1239 2922 antiquam
1272 2854 1640 2915 traditionem.
1666 2872 1726 2910 ac

144 2949 368 3002 demum
399 2947 524 3015 quia
553 2944 853 3015 scriptorcs
906 2955 1178 2999 testantur
1203 2945 1531 3017 Ethiopiam
1563 2949 1728 3003 fuisse

151 3040 409 3094 Matthan
439 3038 811 3107 assignatam;
850 3053 950 3091 nec
986 3038 1089 3091 ulla
1122 3041 1269 3107 regio
1314 3042 1484 3111 magis
1515 3042 1729 3111 proprie

151 3128 433 3199 Aitltiopia
465 3127 565 3181 iuit
597 3140 808 3193 vocata,
840 3144 1001 3197 quam
1036 3130 1149 3188 illa.
1174 3131 1260 3184 cui
1294 3146 1491 3187 nomen
1516 3132 1733 3189 AStbio-

153 3224 257 3295 pia:
289 3222 561 3276 dederunt
592 3235 783 3275 omnes
814 3220 1106 3292 geographi
1143 3222 1375 3290 antiqui.

1809 655 2123 719 terminum,
2176 672 2301 712 cum
2349 659 2601 715 Candace
2647 662 2936 731 aliquando
2980 665 3097 718 sine
3146 666 3376 719 transitu

1808 747 2033 801 alterius
2070 747 2298 803 ditionis
2327 751 2378 803 in
2405 749 2702 823 1Egyptum
2736 770 2800 808 ex
2839 770 3004 824 regno
3040 771 3137 809 suo
3165 757 3379 810 exerci-

1811 846 1920 891 tum
1950 837 2191 904 duxerit,
2226 850 2280 894 et
2310 857 2522 895 rursum
2572 843 2795 897 Romani
2834 847 3086 901 similiter
3116 848 3379 904 ditionem

1810 930 1981 989 ipsius
2034 930 2335 986 invaserint
2382 949 2449 987 ex
2498 934 2747 1005 Aigypto.
2786 937 2900 1001 Qua
2949 939 3116 1008 igitur
3165 954 3375 995 ratione

1810 1036 2007 1091 negare
2068 1024 2243 1091 potuit
2312 1024 2467 1078 ﬁdetn
2522 1028 2573 1079 in
2625 1028 2898 1097 lElthpla
2954 1032 3381 1100 septemtrionali

1811 1108 2155 1177 pmdicatam
2193 1111 2358 1166 fuisse
2390 1126 2514 1167 ante
2542 1117 2794 1169 sarculum
2824 1119 2915 1171 tv?

1883 1199 1973 1255 52.
2032 1202 2331 1257 Audiamus
2375 1206 2554 1269 modo,
2607 1222 2709 1275 qua
2760 1210 2967 1264 ratione
3010 1210 3381 1267 Tillemontius

1814 1292 2005 1361 probet
2046 1292 2098 1346 in
2144 1294 2481 1359 Frumentio.
2534 1307 2667 1352 tom.
2702 1299 2811 1365 Vll,
2844 1314 2968 1355 nota
2999 1304 3235 1369 2,ﬁdem
3270 1320 3380 1360 non

1812 1382 1982 1436 fuisse
2018 1385 2361 1451 praedicatam
2390 1388 2443 1440 in
2482 1386 2761 1459 Ᾱὶιὴὶυρίει
2800 1394 3229 1460 septemtrionali
3256 1405 3383 1450 ante

1813 1476 2071 1528 sasculum
2097 1492 2169 1529 tv.
2209 1475 2442 1533 Sanetus
2463 1480 2810 1537 Frumentius
2833 1486 3028 1539 szeculo
3058 1502 3127 1548 tv,
3155 1488 3385 1541 testibus

1817 1566 2014 1620 Ruﬁno
2037 1568 2128 1622 lib.
2154 1584 2207 1633 ι,
2232 1585 2348 1638 cap.
2371 1572 2426 1637 9,
2461 1573 2684 1629 Socrate
2708 1576 2956 1645 aliisque,
2990 1578 3149 1631 ﬁdem
3174 1593 3387 1631 annun-

1818 1659 1969 1713 tiavit
2005 1661 2272 1736 gentibus,
2296 1677 2433 1731 quos
2473 1663 2544 1717 illi
2583 1677 2775 1719 vocant
2806 1667 2964 1721 ludos
2996 1669 3305 1734 ulteriores,
3331 1679 3387 1724 et

1818 1752 2018 1819 quibus
2084 1754 2239 1807 ﬁdem
2307 1765 2431 1808 ante
2488 1772 2763 1827 nunquam
2818 1761 3161 1829 pra-dicatam
3216 1762 3387 1815 fuisse

1824 1853 2117 1898 testantur.
2167 1847 2238 1899 Ex
2295 1848 2488 1903 litteris
2525 1865 2653 1903 vero
2702 1850 3006 1907 Constantii
3043 1854 3388 1923 imperatoris

1818 1938 1957 2004 apud
1988 1948 2236 1991 sanctum
2268 1940 2625 1996 Athanasium
2658 1944 2710 1997 itt
2746 1948 3001 2015 Apologia
3026 1948 3091 1999 ad
3118 1948 3383 2002 Constan-

1821 2031 1975 2093 tiuut,
2028 2041 2157 2083 tom.
2211 2031 2250 2093 l,
2304 2050 2421 2102 pag.
2481 2035 2607 2100 5l5,
2662 2036 2964 2091 ostenditur
3015 2038 3373 2093 Frumetttiun

1820 2119 1987 2173 fuisse
2016 2122 2327 2191 episeottum
2372 2126 2797 2180 Attxumitanum
2849 2128 2961 2180 sive
3000 2130 3387 2185 Axutnitanum

1822 2212 1874 2264 itt
1930 2212 2228 2283 AithiOpia.
2280 2216 2384 2269 Per
2444 2218 2604 2272 indos
2659 2220 2820 2291 igitur
2870 2221 3199 2293 intelligendi
3265 2236 3393 2280 sunt

1822 2301 2130 2371 Elltiottcs,
2169 2315 2224 2358 et
2253 2311 2627 2376 consequitur,
2677 2322 2733 2365 ιιι
2766 2312 2851 2366 his
2907 2316 3064 2367 Iidem
3113 2332 3389 2384 nunquam

1824 2407 1950 2450 ante
2001 2400 2258 2452 sarculum
2289 2415 2339 2453 tv
2392 2402 2738 2469 praedicatam
2786 2403 2955 2458 fuisse
2984 2405 3251 2460 dicamus.
3286 2406 3401 2461 Re-

1826 2490 2073 2560 spondeo
2129 2500 2297 2544 totum
2325 2492 2423 2545 hoc
2450 2493 2795 2547 ratiotriniutn
2823 2495 3099 2550 tolerabile
3127 2499 3393 2559 futurum,

1827 2584 1869 2635 si
1896 2585 2101 2636 Axuma
2153 2593 2295 2637 esset
2332 2585 2382 2637 itt
2411 2584 2688 2656 .£thiopia
2716 2592 3165 2657 septemtrionali.
3196 2592 3391 2644 \‘crum

1827 2679 2031 2729 Anima
2092 2688 2172 2730 est
2229 2679 2279 2729 itt
2319 2676 2663 2744 Habcssittia,
2702 2684 2857 2749 cujus
2900 2684 3026 2735 olim
3068 2684 3167 2739 fuit
3194 2694 3394 2736 metro-

1827 2767 1988 2836 polis,
2018 2782 2118 2821 nec
2147 2775 2233 2821 est
2262 2768 2313 2820 in
2349 2778 2501 2837 parte
2534 2774 2961 2836 septemtrionali
2994 2773 3307 2844 .‘Ethiopiae,
3333 2776 3400 2831 de

1828 2875 1932 2929 qua
1962 2858 2322 2929 disputamus.
2376 2859 2570 2915 Totum
2610 2878 2830 2931 regnum
2869 2864 3098 2927 Senuar,
3142 2877 3199 2920 ιιι
3241 2868 3402 2921 hodie

1835 2959 2082 3013 vocatur,
2135 2952 2251 3009 sive
2300 2949 2575 3006 Nnbiense
2611 2968 2857 3023 regnum,
2890 2965 2981 3012 aut
3034 2971 3255 3023 regnum
3289 2957 3401 3011 Me-

1834 3058 1977 3105 roes,
2012 3044 2101 3097 ubi
2137 3043 2265 3096 olim
2297 3044 2477 3113 regina
2500 3045 2750 3097 Candace
2776 3045 2880 3097 late
2910 3046 3226 3113 imperabat,
3264 3050 3405 3102 inter

1835 3134 2125 3205 Algyptum
2183 3143 2233 3189 et
2284 3137 2627 3188 Auxttmettse
2672 3134 2752 3187 vel
2810 3134 3119 3188 Axuntense
3178 3152 3401 3207 regnum

1758 3261 1801 3317 C
1836 3234 1919 3278 est
1958 3225 2364 3289 intermedium,
2403 3227 2541 3278 sicut
2583 3225 2743 3283 modo
2792 3242 3013 3295 regnum
3047 3230 3256 3281 δυηητιι·
3303 3230 3407 3283 lia-

225 3316 319 3370 51.
361 3314 749 3369 Verumtamen
793 3330 855 3369 ea
898 3314 1081 3383 Opinio
1124 3314 1401 3383 displicuit
1431 3314 1727 3369 Tillemon-
1759 3300 1801 3319 υ
1838 3316 2132 3371 bessiniant
2167 3321 2310 3371 inter
2340 3330 2391 3370 et
2428 3318 2717 3386 .igyptum
2743 3318 2907 3385 jacet.
2933 3317 3273 3390 Quapropter
3303 3325 3406 3373 tato

155 3410 232 3462 tio
257 3429 267 3459 :
299 3423 425 3461 nam
450 3408 559 3469 hic,
587 3417 713 3460 nota
740 3405 773 3460 ‘2
799 3409 849 3460 in
873 3406 1203 3473 Matthaaum,
1231 3407 1455 3478 allegata
1478 3408 1734 3477 opinione

155 3501 398 3554 Cornelii
434 3516 461 3551 a
500 3499 718 3567 Lapide.
746 3516 908 3570 quam
939 3498 1304 3554 Florentinitts
1326 3502 1509 3555 retulit
1534 3503 1733 3571 potius,

155 3609 323 3662 quam
360 3600 583 3644 secutus
612 3601 718 3649 est.
763 3592 994 3645 rotunde
1039 3592 1204 3645 edicit
1257 3608 1360 3645 non
1417 3596 1737 3661 praedicasse

158 3693 411 3736 sanctum
463 3680 770 3735 Mattltteum
842 3683 894 3736 in
950 3681 1228 3753 Ethiopia
1282 3683 1736 3753 septemtrionali.

160 3776 424 3832 Bailletus
454 3776 684 3831 ﬁdeliter
720 3786 940 3832 sccnlus
974 3788 1057 3832 est
1107 3776 1536 3831 Tillemontinm.
1574 3776 1739 3831 Unica

164 3872 455 3939 utriusque
510 3870 670 3936 ratio,
727 3885 897 3937 eaque
946 3886 1009 3924 ex
1069 3886 1253 3924 errore
1296 3879 1444 3935 nata,
1495 3872 1606 3924 haec
1640 3882 1740 3931 est,

162 3965 309 4039 quod
335 3962 615 4031 Aithiottia
640 3962 1118 4030 septemtrionalis,
1147 3970 1197 4015 et
1222 3961 1451 4031 .{ngpto
1479 3962 1741 4028 proxima,

164 4071 274 4109 non
308 4053 586 4122 exceperit
624 4052 781 4106 lidcu)
807 4053 1196 4115 Christianam,
1224 4053 1324 4105 nisi
1358 4053 1624 4107 saveuloxv
1651 4070 1745 4123 per

169 4149 229 4201 ὃ.
286 4146 687 4200 Frtttnentiutn.
740 4145 1012 4200 Promittit
1066 4155 1245 4199 autem
1304 4157 1528 4217 uterque
1581 4148 1632 4201 id
1690 4164 1746 4201 se

169 4252 521 4295 ostensurum
570 4241 624 4293 in
677 4238 798 4294 Vita
848 4238 1019 4293 sancti
1055 4237 1358 4293 Frumenti.
1407 4239 1602 4293 Verum
1638 4255 1743 4293 non

168 4333 362 4389 dubito
416 4332 604 4386 eadem
646 4331 907 4386 brevitate
952 4335 1304 4399 respondere,
1344 4348 1411 4386 ex
1447 4335 1560 4386 sola
1596 4333 1746 4402 igno-

174 4432 347 4484 rantia
385 4438 439 4483 et
465 4440 650 4482 errore
682 4426 981 4497 profectam
1018 4439 1137 4479 esse
1173 4424 1456 4495 utriusque
1486 4423 1747 4491 obiectio.

174 4540 323 4587 nem,
373 4522 518 4592 quod
575 4535 802 4591 regnum
860 4518 1194 4573 Habessinite
1244 4516 1586 4572 conluderint
1624 4532 1747 4570 cum

1837 3416 1920 3460 est
1947 3408 2167 3459 omnino
2192 3417 2567 3475 argumentum
2594 3406 2947 3471 Tillentontii,
2976 3428 3033 3462 ac
3070 3414 3110 3463 si
3138 3412 3256 3479 quis
3286 3428 3407 3479 pro-

1839 3500 2019 3555 basset
2059 3499 2216 3553 Iidem
2255 3516 2360 3552 ttott
2396 3498 2561 3553 fuisse
2596 3501 2938 3569 praedii-alam
2994 3503 3044 3553 itt
3079 3502 3246 3555 Frisia
3283 3509 3407 3557 ante

1843 3592 2096 3645 smculum
2125 3609 2234 3653 vtt,
2282 3591 2512 3661 indeque
2570 3592 2772 3647 inferre
2823 3594 2982 3650 vellet
3026 3596 3267 3647 eamdem
3300 3613 3406 3648 non

1846 3680 2011 3733 fniSse
2048 3689 2172 3733 ante
2207 3682 2409 3733 dictum
2460 3682 2719 3735 saeculum
2750 3682 2800 3735 in
2839 3682 3004 3736 Gallia
3039 3685 3405 3753 prmdicatam.

1843 3771 2107 3841 Princeps
2138 3772 2419 3837 Auxuma,
2456 3769 2596 3842 apud
2644 3788 2805 3839 quem
2838 3783 3077 3842 tempore
3108 3777 3409 3833 Constantii

1846 3877 1899 3919 et
1940 3866 2221 3919 Athanasii
2257 3864 2413 3917 ﬁdem
2448 3865 2759 3933 praedicavit
2788 3878 3007 3921 sanctus
3039 3867 3410 3937 Frumentius,

1847 3967 2058 4026 poterat
2084 3958 2302 4026 quidem
2331 3974 2515 4027 parem
2539 3975 2661 4013 cum
2700 3960 2954 4014 Romanis
2982 3974 3073 4015 aut
3103 3964 3414 4020 inimicitias

1848 4064 2124 4113 exercere,
2173 4050 2297 4120 quia
2334 4052 2715 4106 dominabatur
2764 4053 2828 4107 ad
2869 4054 3047 4107 sinum
3084 4056 3413 4122 Arabicttm;

1850 4144 1941 4197 sed
1995 4142 2126 4195 alias
2172 4143 2325 4213 longe
2358 4144 2545 4197 aberat
2576 4161 2603 4197 :t
2651 4146 2845 4198 ﬁnibus
2893 4146 3105 4215 imperii
3152 4147 3412 4208 Romani:

1851 4235 1943 4287 sed
1980 4234 2097 4288 hare
2145 4234 2308 4289 latius
2338 4236 2699 4290 examinanda
2729 4239 2947 4291 venient
2975 4239 3027 4291 in
3068 4251 3255 4294 sancto
3286 4240 3419 4295 Fru-

1852 4324 2056 4379 mentio
2105 4326 2172 4379 ad
2218 4326 2285 4379 27
2318 4326 2585 4391 Octobris,
2636 4328 2726 4381 ubi
2768 4327 2930 4382 simul
2975 4332 3299 4401 inquiretur,
3348 4350 3416 4389 an

1856 4425 2000 4471 recte
2058 4416 2207 4472 India
2255 4427 2445 4474 vocata
2483 4418 2649 4473 fuerit
2683 4420 2830 4489 regio
2873 4435 2968 4490 per
3005 4435 3249 4477 sanctum
3280 4423 3417 4477 Fru-

1856 4512 2114 4563 mentium
2151 4527 2429 4567 conversa.

175 4616 450 4683 Ethiopia
525 4614 993 4683 septemtrionali;
1062 4612 1345 4667 historiam
1404 4626 1530 4666 veto
1575 4612 1829 4670 sattctiD
1928 4602 2015 4655 55-
2059 4603 2213 4668 Ωιιοά
2280 4614 2656 4673 argumentum
2723 4604 3049 4661 Tillemontii
3132 4621 3423 4678 utcumque

180 4703 481 4759 Frumentii
510 4704 648 4757 adeo
678 4716 785 4756 non
818 4704 1036 4756 obstare
1066 4702 1240 4756 sancti
1276 4701 1507 4755 Matthtei
1554 4703 1748 4771 praedi-

179 4797 381 4853 cationi
414 4797 465 4850 itt
501 4794 785 4865 A‘lthiopia
835 4793 1290 4865 septemtrionali.
1335 4803 1393 4848 ut
1426 4795 1605 4864 potius
1641 4794 1752 4847 haec

181 4889 498 4961 prmdicatio
546 4886 897 4942 verisimilior
929 4890 1022 4941 liat
1052 4902 1115 4943 ex
1151 4886 1235 4940 illa
1284 4885 1531 4941 historia.
1568 4885 1753 4938 Prius-

181 4999 342 5051 quam
384 4991 563 5036 tamen
614 4989 995 5051 argumentum
1030 4980 1201 5049 ipsius
1240 4979 1553 5040 discutiam,
1604 4979 1756 5031 lubet

184 5074 370 5142 paucis
400 5073 691 5127 ostendere
739 5087 899 5143 quam
932 5071 1069 5126 belle
1096 5086 1279 5126 secum
1312 5072 1427 5141 ipse
1462 5070 1753 5124 coltmreat.

185 5163 587 5227 ’l'illemontius,
620 5174 747 5219 tom.
777 5162 821 5218 ll
848 5164 902 5217 in
937 5162 993 5218 S.
1030 5161 1280 5233 Philippo
1308 5164 1559 5225 diacono,
1591 5176 1758 5230 espo-

188 5255 264 5308 nit
294 5264 443 5324 gesta
467 5252 708 5307 eunuchi
747 5255 946 5322 regina:
966 5255 1262 5319 Candaccs,
1294 5268 1453 5322 quem
1479 5252 1760 5321 Philippus

190 5347 451 5399 diaconus
487 5345 646 5399 ﬁdem
693 5341 1058 5399 Christianam
1106 5344 1289 5398 docuit
1346 5353 1398 5397 et
1447 5344 1759 5411 baptizavit.

191 5438 310 5490 Att.
337 5438 390 5491 8.
415 5436 625 5490 Laudat
648 5436 720 5489 ibi
746 5446 994 5490 sanctum
1030 5436 1412 5500 lrenatumdib.
1446 5452 1651 5503 nt.cap.
1682 5434 1763 5497 1'2,

194 5537 441 5584 sanctum
477 5527 741 5600 Cyrillum
777 5528 1329 5597 llierosolytnitanum
1366 5528 1485 5581 Cat.
1521 5528 1607 5591 Π,
1639 5527 1764 5581 Hie-

199 5634 503 5689 ronymum,
530 5620 826 5675 Eusebium
848 5620 1113 5689 aliosque,
1145 5620 1423 5683 docentes,
1453 5619 1767 5674 eunuchum

201 5710 342 5764 illum
384 5712 437 5765 in
460 5710 800 5781 Ethiopiam
827 5712 997 5767 fuisse
1021 5714 1245 5769 missum
1269 5715 1333 5767 ad
1367 5712 1769 5782 praedicandum

204 5800 587 5877 Evangelium;
626 5806 803 5874 iisque
838 5806 1157 5869 assentitur,
1199 5815 1292 5863 aut
1318 5815 1467 5861 certe
1498 5822 1604 5859 non
1639 5821 1775 5859 con-

209 5897 408 5952 tradicit
459 5893 871 5950 Tillemontius.
918 5895 1078 5967 Atqui
1137 5906 1343 5950 certum
1398 5906 1500 5963 est,
1547 5910 1773 5964 regnum

1855 4693 2079 4756 evincit,
2113 4704 2165 4747 et
2196 4695 2355 4748 latius
2386 4696 2576 4763 prohat
2603 4696 2769 4749 Jobus
2798 4695 3061 4751 Ludolius
3094 4700 3143 4751 itt
3186 4699 3419 4754 Historia

1856 4785 2163 4855 EthiOpica
2189 4787 2301 4843 sive
2336 4788 2484 4860 regni
2510 4789 2949 4856 Habessinorum,
2982 4792 3075 4845 lib.
3105 4808 3184 4856 ιιι,
3217 4808 3334 4863 cap.
3366 4794 3421 4859 2,

1859 4876 2014 4931 ﬁdem
2048 4878 2431 4948 Apostolorum
2464 4889 2706 4948 tempore
2736 4882 3084 4950 praadicatam
3116 4898 3223 4937 non
3256 4884 3423 4940 fuisse

1860 4970 1911 5023 in
1944 4986 2108 5039 regno
2154 4972 2567 5026 Auxutnitarum
2603 4973 2717 5029 sive
2759 4974 3207 5037 Hahessinorum,
3255 4977 3426 5046 magis

1861 5065 2207 5120 verisimilem
2225 5065 2357 5121 facit
2372 5068 2810 5137 praedicationem
2828 5067 2886 5123 S.
2904 5068 3136 5125 Matthxi
3152 5071 3202 5124 in
3219 5070 3430 5125 Ethioa

1863 5160 1947 5225 pia
1973 5157 2206 5228 Egypto
2250 5161 2612 5215 contermina.
2645 5160 2781 5215 llinc
2812 5162 3061 5217 laudatus
3087 5160 3345 5217 Lttdoll‘us
3375 5165 3428 5217 itt

1865 5249 2151 5303 Annotatis
2183 5250 2247 5305 ad
2302 5252 2395 5305 lib.
2433 5268 2515 5315 ttt,
2548 5268 2670 5321 cap.
2702 5255 2754 5305 9..
2794 5269 2915 5321 pag.
2951 5253 3057 5307 280
3091 5268 3155 5307 ex
3197 5252 3427 5310 HiStoria

1866 5341 2173 5411 .Ethiopica
2225 5341 2556 5397 Balthasaris
2606 5342 2851 5408 Tellezii,
2900 5360 3059 5413 quam
3101 5344 3430 5413 frequentis—

1869 5436 2001 5490 sintc
2036 5437 2241 5499 laudat,
2274 5436 2389 5492 haec
2413 5436 2628 5491 adducit
2660 5448 2712 5491 et
2743 5438 2986 5506 sequitur
3008 5437 3165 5490 verba
3198 5455 3210 5489 :
3253 5432 3433 5500 (Quod

1872 5530 2117 5583 nonnulli
2178 5529 2367 5583 dicunt
2416 5541 2659 5583 sanctum
2726 5529 3033 5583 Mattharnm
3084 5528 3435 5599 Evangelium

1872 5621 2193 5688 praedicasse
2220 5620 2271 5673 in
2302 5620 2601 5691 EtbiOpia,
2638 5637 2723 5675 res
2753 5621 2893 5673 inter
2939 5620 3270 5674 Habessinus
3299 5633 3439 5672 nova

1873 5719 1977 5776 est,
2014 5722 2067 5767 et
2099 5712 2453 5769 fundamento
2480 5724 2648 5768 caret.
2680 5712 2815 5767 Cum
2852 5711 3082 5782 religiosi
3122 5710 3289 5764 nostri
3333 5708 3439 5764 illis

1875 5817 1940 5855 ex
1988 5804 2226 5859 historiis
2262 5807 2464 5859 nostris
2498 5807 2547 5859 id
2579 5814 2886 5868 narrarent,
2932 5800 3330 5872 responderunt
3364 5806 3443 5864 (et

1878 5898 2095 5967 quidem
2140 5908 2304 5965 recte,
2341 5900 2413 5955 ai:
2444 5897 2721 5970 Ludollus)
2754 5899 2855 5952 hoc
2888 5892 3296 5964 intelligendum
3322 5906 3441 5945 esse
