  <div class='ocr_page' id='page_1' title='image "/cluster/home/n/w/nwhite01/storage/ocr_20150623/115/ien.35556001659887/401.png"; bbox 0 0 3956 6452; ppageno 0'>
   <div class='ocr_carea' id='block_1_1' title="bbox 537 396 647 460">
    <p class='ocr_par' dir='ltr' id='par_1_1' title="bbox 537 396 647 460">
     <span class='ocr_line' id='line_1_1' title="bbox 537 396 647 460; baseline 0 -1"><span class='ocrx_word' id='word_1_1' title='bbox 537 396 647 460; x_wconf 71' lang='grc'><strong>’183</strong></span> 
     </span>
    </p>
   </div>
   <div class='ocr_carea' id='block_1_2' title="bbox 1785 398 2554 460">
    <p class='ocr_par' dir='ltr' id='par_1_2' title="bbox 1785 398 2554 460">
     <span class='ocr_line' id='line_1_2' title="bbox 1785 398 2554 460; baseline -0.001 -1"><span class='ocrx_word' id='word_1_2' title='bbox 1785 398 2068 460; x_wconf 80' lang='lat' dir='ltr'><strong>MENSIS</strong></span> <span class='ocrx_word' id='word_1_3' title='bbox 2107 399 2554 460; x_wconf 80' lang='lat' dir='ltr'><strong>SEPTEMBER</strong></span> 
     </span>
    </p>
   </div>
   <div class='ocr_carea' id='block_1_3' title="bbox 3718 407 3826 467">
    <p class='ocr_par' dir='ltr' id='par_1_3' title="bbox 3718 407 3826 467">
     <span class='ocr_line' id='line_1_3' title="bbox 3718 407 3826 467; baseline -0.019 0"><span class='ocrx_word' id='word_1_4' title='bbox 3718 407 3826 467; x_wconf 69' lang='lat'><strong>7&#39;81</strong></span> 
     </span>
    </p>
   </div>
   <div class='ocr_carea' id='block_1_4' title="bbox 545 504 3824 578">
    <p class='ocr_par' dir='ltr' id='par_1_4' title="bbox 545 504 3824 578">
     <span class='ocr_line' id='line_1_4' title="bbox 545 504 3824 578; baseline 0.002 -18"><span class='ocrx_word' id='word_1_5' title='bbox 545 507 612 560; x_wconf 91' lang='lat' dir='ltr'><strong>de</strong></span> <span class='ocrx_word' id='word_1_6' title='bbox 658 504 938 575; x_wconf 61' lang='lat' dir='ltr'><strong>Ethiopia</strong></span> <span class='ocrx_word' id='word_1_7' title='bbox 973 506 1217 561; x_wconf 90' lang='lat' dir='ltr'><strong>inferiori</strong></span> <span class='ocrx_word' id='word_1_8' title='bbox 1256 506 1492 574; x_wconf 82' lang='lat' dir='ltr'><strong>(scilicet</strong></span> <span class='ocrx_word' id='word_1_9' title='bbox 1521 508 1736 578; x_wconf 83' lang='lat' dir='ltr'><strong>prOprie</strong></span> <span class='ocrx_word' id='word_1_10' title='bbox 1772 510 1938 572; x_wconf 81' lang='lat' dir='ltr'><strong>dicta.</strong></span> <span class='ocrx_word' id='word_1_11' title='bbox 1976 511 2126 563; x_wconf 78' lang='lat' dir='ltr'><strong>addit</strong></span> <span class='ocrx_word' id='word_1_12' title='bbox 2156 515 2202 572; x_wconf 75' lang='grc' dir='ltr'><strong>Α</strong></span> <span class='ocrx_word' id='word_1_13' title='bbox 2235 509 2584 574; x_wconf 80' lang='lat' dir='ltr'><strong>Fortunatus,</strong></span> <span class='ocrx_word' id='word_1_14' title='bbox 2617 509 2940 570; x_wconf 83' lang='lat' dir='ltr'><strong>Eucherius,</strong></span> <span class='ocrx_word' id='word_1_15' title='bbox 2979 510 3113 570; x_wconf 83' lang='lat' dir='ltr'><strong>Ado.</strong></span> <span class='ocrx_word' id='word_1_16' title='bbox 3149 509 3428 564; x_wconf 77' lang='lat' dir='ltr'><strong>Usuardus</strong></span> <span class='ocrx_word' id='word_1_17' title='bbox 3453 522 3508 565; x_wconf 86' lang='lat' dir='ltr'><strong>et</strong></span> <span class='ocrx_word' id='word_1_18' title='bbox 3543 509 3824 573; x_wconf 83' lang='lat' dir='ltr'><strong>Rabanus.</strong></span> 
     </span>
    </p>
   </div>
   <div class='ocr_carea' id='block_1_5' title="bbox 546 595 2128 671">
    <p class='ocr_par' dir='ltr' id='par_1_5' title="bbox 546 595 2128 671">
     <span class='ocr_line' id='line_1_5' title="bbox 546 595 2128 671; baseline 0.002 -22"><span class='ocrx_word' id='word_1_19' title='bbox 546 595 827 668; x_wconf 90' lang='lat' dir='ltr'><strong>Ludolfns)</strong></span> <span class='ocrx_word' id='word_1_20' title='bbox 879 613 1000 665; x_wconf 67' lang='lat' dir='ltr'><strong>quae</strong></span> <span class='ocrx_word' id='word_1_21' title='bbox 1043 597 1355 653; x_wconf 72' lang='lat' dir='ltr'><strong>extenditur</strong></span> <span class='ocrx_word' id='word_1_22' title='bbox 1406 615 1436 652; x_wconf 92' lang='lat' dir='ltr'><strong>a</strong></span> <span class='ocrx_word' id='word_1_23' title='bbox 1489 596 1778 668; x_wconf 86' lang='lat' dir='ltr'><strong>Suaqueua</strong></span> <span class='ocrx_word' id='word_1_24' title='bbox 1837 617 2009 671; x_wconf 86' lang='lat' dir='ltr'><strong>usque.</strong></span> <span class='ocrx_word' id='word_1_25' title='bbox 2070 603 2128 653; x_wconf 88' lang='lat' dir='ltr'><strong>in</strong></span> 
     </span>
    </p>
   </div>
   <div class='ocr_carea' id='block_1_6' title="bbox 542 690 2125 762">
    <p class='ocr_par' dir='ltr' id='par_1_6' title="bbox 542 690 2125 762">
     <span class='ocr_line' id='line_1_6' title="bbox 542 690 2125 762; baseline -0.001 -16"><span class='ocrx_word' id='word_1_26' title='bbox 542 692 854 762; x_wconf 60' lang='lat' dir='ltr'><strong>ZEgyptum.</strong></span> <span class='ocrx_word' id='word_1_27' title='bbox 881 690 1332 759; x_wconf 82' lang='lat' dir='ltr'><strong>Quandoquidem</strong></span> <span class='ocrx_word' id='word_1_28' title='bbox 1358 690 1559 744; x_wconf 88' lang='lat' dir='ltr'><strong>nullam</strong></span> <span class='ocrx_word' id='word_1_29' title='bbox 1589 707 1826 759; x_wconf 85' lang='lat' dir='ltr'><strong>unquam</strong></span> <span class='ocrx_word' id='word_1_30' title='bbox 1873 691 2125 746; x_wconf 83' lang='lat' dir='ltr'><strong>notitiam</strong></span> 
     </span>
    </p>
   </div>
   <div class='ocr_carea' id='block_1_7' title="bbox 543 783 2126 853">
    <p class='ocr_par' dir='ltr' id='par_1_7' title="bbox 543 783 2126 853">
     <span class='ocr_line' id='line_1_7' title="bbox 543 783 2126 853; baseline -0.001 -15"><span class='ocrx_word' id='word_1_31' title='bbox 543 785 770 848; x_wconf 87' lang='lat' dir='ltr'><strong>habent,</strong></span> <span class='ocrx_word' id='word_1_32' title='bbox 798 785 944 853; x_wconf 90' lang='lat' dir='ltr'><strong>quod</strong></span> <span class='ocrx_word' id='word_1_33' title='bbox 974 793 1196 838; x_wconf 82' lang='lat' dir='ltr'><strong>sanctus</strong></span> <span class='ocrx_word' id='word_1_34' title='bbox 1229 783 1518 838; x_wconf 69' lang='lat' dir='ltr'><strong>Matthazus</strong></span> <span class='ocrx_word' id='word_1_35' title='bbox 1552 793 1648 838; x_wconf 88' lang='lat' dir='ltr'><strong>aut</strong></span> <span class='ocrx_word' id='word_1_36' title='bbox 1679 785 1957 853; x_wconf 77' lang='lat' dir='ltr'><strong>apostolus</strong></span> <span class='ocrx_word' id='word_1_37' title='bbox 1988 785 2126 841; x_wconf 89' lang='lat' dir='ltr'><strong>alius</strong></span> 
     </span>
    </p>
   </div>
   <div class='ocr_carea' id='block_1_8' title="bbox 544 874 2123 941">
    <p class='ocr_par' dir='ltr' id='par_1_8' title="bbox 544 874 2123 941">
     <span class='ocr_line' id='line_1_8' title="bbox 544 874 2123 941; baseline -0.001 -11"><span class='ocrx_word' id='word_1_38' title='bbox 544 877 916 932; x_wconf 84' lang='lat' dir='ltr'><strong>Habessiniam</strong></span> <span class='ocrx_word' id='word_1_39' title='bbox 945 877 1231 928; x_wconf 75' lang='lat' dir='ltr'><strong>intraverit</strong></span> <span class='ocrx_word' id='word_1_40' title='bbox 1274 883 1420 941; x_wconf 85' lang='lat' dir='ltr'><strong>(ante</strong></span> <span class='ocrx_word' id='word_1_41' title='bbox 1440 884 1691 929; x_wconf 88' lang='lat' dir='ltr'><strong>sanctum</strong></span> <span class='ocrx_word' id='word_1_42' title='bbox 1724 874 2123 939; x_wconf 81' lang='lat' dir='ltr'><strong>Frumentiutn,</strong></span> 
     </span>
    </p>
   </div>
   <div class='ocr_carea' id='block_1_9' title="bbox 542 967 2123 1037">
    <p class='ocr_par' dir='ltr' id='par_1_9' title="bbox 542 967 2123 1037">
     <span class='ocr_line' id='line_1_9' title="bbox 542 967 2123 1037; baseline -0.002 -12"><span class='ocrx_word' id='word_1_43' title='bbox 542 984 602 1025; x_wconf 84' lang='lat' dir='ltr'><strong>ut</strong></span> <span class='ocrx_word' id='word_1_44' title='bbox 635 986 849 1024; x_wconf 86' lang='lat' dir='ltr'>rursum</span> <span class='ocrx_word' id='word_1_45' title='bbox 904 969 1058 1022; x_wconf 82' lang='lat' dir='ltr'><strong>addit</strong></span> <span class='ocrx_word' id='word_1_46' title='bbox 1106 967 1391 1037; x_wconf 65' lang='lat' dir='ltr'><strong>Ludolfus)</strong></span> <span class='ocrx_word' id='word_1_47' title='bbox 1428 968 1500 1021; x_wconf 93' lang='lat' dir='ltr'><strong>uti</strong></span> <span class='ocrx_word' id='word_1_48' title='bbox 1555 976 1706 1022; x_wconf 89' lang='lat' dir='ltr'><strong>certo</strong></span> <span class='ocrx_word' id='word_1_49' title='bbox 1751 967 1950 1022; x_wconf 92' lang='lat' dir='ltr'><strong>docent</strong></span> <span class='ocrx_word' id='word_1_50' title='bbox 1999 968 2123 1022; x_wconf 86' lang='lat' dir='ltr'><strong>libri</strong></span> 
     </span>
    </p>
   </div>
   <div class='ocr_carea' id='block_1_10' title="bbox 552 1055 2124 1128">
    <p class='ocr_par' dir='ltr' id='par_1_10' title="bbox 552 1055 2124 1128">
     <span class='ocr_line' id='line_1_10' title="bbox 552 1055 2124 1128; baseline -0.001 -14"><span class='ocrx_word' id='word_1_51' title='bbox 552 1062 766 1116; x_wconf 88' lang='lat' dir='ltr'><strong>illorum</strong></span> <span class='ocrx_word' id='word_1_52' title='bbox 801 1071 963 1128; x_wconf 89' lang='lat' dir='ltr'><strong>atque</strong></span> <span class='ocrx_word' id='word_1_53' title='bbox 996 1059 1092 1111; x_wconf 71' lang='lat' dir='ltr'><strong>tiri</strong></span> <span class='ocrx_word' id='word_1_54' title='bbox 1137 1059 1350 1112; x_wconf 90' lang='lat' dir='ltr'><strong>illorum</strong></span> <span class='ocrx_word' id='word_1_55' title='bbox 1381 1055 1549 1122; x_wconf 90' lang='lat' dir='ltr'><strong>docti,</strong></span> <span class='ocrx_word' id='word_1_56' title='bbox 1583 1059 1674 1128; x_wconf 86' lang='lat' dir='ltr'><strong>qui</strong></span> <span class='ocrx_word' id='word_1_57' title='bbox 1709 1060 1944 1112; x_wconf 78' lang='lat' dir='ltr'><strong>maxime</strong></span> <span class='ocrx_word' id='word_1_58' title='bbox 1971 1059 2124 1128; x_wconf 90' lang='lat' dir='ltr'><strong>gnari</strong></span> 
     </span>
    </p>
   </div>
   <div class='ocr_carea' id='block_1_11' title="bbox 540 1150 2122 1219">
    <p class='ocr_par' dir='ltr' id='par_1_11' title="bbox 540 1150 2122 1219">
     <span class='ocr_line' id='line_1_11' title="bbox 540 1150 2122 1219; baseline -0.003 -11"><span class='ocrx_word' id='word_1_59' title='bbox 540 1153 641 1208; x_wconf 87' lang='lat' dir='ltr'><strong>sibi</strong></span> <span class='ocrx_word' id='word_1_60' title='bbox 680 1152 934 1207; x_wconf 92' lang='lat' dir='ltr'><strong>videntur</strong></span> <span class='ocrx_word' id='word_1_61' title='bbox 965 1165 1088 1206; x_wconf 88' lang='lat' dir='ltr'><strong>esse</strong></span> <span class='ocrx_word' id='word_1_62' title='bbox 1118 1150 1481 1219; x_wconf 78' lang='lat' dir='ltr'><strong>antiquitatis.</strong></span> <span class='ocrx_word' id='word_1_63' title='bbox 1517 1169 1536 1201; x_wconf 74' lang='grc' dir='ltr'><strong><em>ι</em></strong></span> <span class='ocrx_word' id='word_1_64' title='bbox 1585 1151 1780 1208; x_wconf 83' lang='lat' dir='ltr'><strong>Subdit</strong></span> <span class='ocrx_word' id='word_1_65' title='bbox 1812 1150 2074 1205; x_wconf 88' lang='lat' dir='ltr'><strong>Lndoifus</strong></span> <span class='ocrx_word' id='word_1_66' title='bbox 2109 1168 2122 1204; x_wconf 87' lang='lat'>:</span> 
     </span>
    </p>
   </div>
   <div class='ocr_carea' id='block_1_12' title="bbox 550 1243 2125 1315">
    <p class='ocr_par' dir='ltr' id='par_1_12' title="bbox 550 1243 2125 1315">
     <span class='ocr_line' id='line_1_12' title="bbox 550 1243 2125 1315; baseline -0.001 -17"><span class='ocrx_word' id='word_1_67' title='bbox 550 1247 571 1286; x_wconf 76' lang='grc'><strong><em>⁸</em></strong></span> <span class='ocrx_word' id='word_1_68' title='bbox 603 1246 858 1315; x_wconf 75' lang='lat' dir='ltr'><strong>Proxime</strong></span> <span class='ocrx_word' id='word_1_69' title='bbox 906 1244 1069 1314; x_wconf 78' lang='lat' dir='ltr'><strong>igitur</strong></span> <span class='ocrx_word' id='word_1_70' title='bbox 1114 1243 1183 1296; x_wconf 89' lang='lat' dir='ltr'><strong>ad</strong></span> <span class='ocrx_word' id='word_1_71' title='bbox 1223 1243 1512 1298; x_wconf 87' lang='lat' dir='ltr'><strong>veritatem</strong></span> <span class='ocrx_word' id='word_1_72' title='bbox 1550 1245 1815 1298; x_wconf 85' lang='lat' dir='ltr'><strong>accedere</strong></span> <span class='ocrx_word' id='word_1_73' title='bbox 1868 1243 2125 1298; x_wconf 85' lang='lat' dir='ltr'><strong>videntur</strong></span> 
     </span>
    </p>
   </div>
   <div class='ocr_carea' id='block_1_13' title="bbox 537 1336 2124 1408">
    <p class='ocr_par' dir='ltr' id='par_1_13' title="bbox 537 1336 2124 1408">
     <span class='ocr_line' id='line_1_13' title="bbox 537 1336 2124 1408; baseline -0.001 -15"><span class='ocrx_word' id='word_1_74' title='bbox 537 1339 597 1401; x_wconf 87' lang='lat' dir='ltr'><strong>ii,</strong></span> <span class='ocrx_word' id='word_1_75' title='bbox 638 1338 729 1408; x_wconf 88' lang='lat' dir='ltr'><strong>qui</strong></span> <span class='ocrx_word' id='word_1_76' title='bbox 753 1336 939 1391; x_wconf 70' lang='lat' dir='ltr'><strong>Nubite</strong></span> <span class='ocrx_word' id='word_1_77' title='bbox 961 1336 1380 1392; x_wconf 88' lang='lat' dir='ltr'><strong>conversionem</strong></span> <span class='ocrx_word' id='word_1_78' title='bbox 1417 1336 1680 1390; x_wconf 62' lang='lat' dir='ltr'><strong>Matthaao</strong></span> <span class='ocrx_word' id='word_1_79' title='bbox 1712 1338 1959 1406; x_wconf 82' lang='lat' dir='ltr'><strong>apostolo</strong></span> <span class='ocrx_word' id='word_1_80' title='bbox 1984 1339 2124 1392; x_wconf 86' lang='lat' dir='ltr'><strong>assi-</strong></span> 
     </span>
    </p>
   </div>
   <div class='ocr_carea' id='block_1_14' title="bbox 537 1427 2118 1499">
    <p class='ocr_par' dir='ltr' id='par_1_14' title="bbox 537 1427 2118 1499">
     <span class='ocr_line' id='line_1_14' title="bbox 537 1427 2118 1499; baseline 0 -17"><span class='ocrx_word' id='word_1_81' title='bbox 537 1439 863 1499; x_wconf 87' lang='lat' dir='ltr'><strong>gnaverunt,</strong></span> <span class='ocrx_word' id='word_1_82' title='bbox 893 1443 1011 1498; x_wconf 73' lang='lat' dir='ltr'><strong>qua:</strong></span> <span class='ocrx_word' id='word_1_83' title='bbox 1039 1427 1264 1482; x_wconf 90' lang='lat' dir='ltr'><strong>indubie</strong></span> <span class='ocrx_word' id='word_1_84' title='bbox 1299 1428 1596 1498; x_wconf 60' lang='lat' dir='ltr'><strong>{Ethiopian</strong></span> <span class='ocrx_word' id='word_1_85' title='bbox 1623 1429 1861 1498; x_wconf 65' lang='lat' dir='ltr'><strong>antiqua!</strong></span> <span class='ocrx_word' id='word_1_86' title='bbox 1895 1439 1954 1484; x_wconf 92' lang='lat' dir='ltr'><strong>et</strong></span> <span class='ocrx_word' id='word_1_87' title='bbox 1989 1444 2118 1498; x_wconf 87' lang='lat' dir='ltr'><strong>pro-</strong></span> 
     </span>
    </p>
   </div>
   <div class='ocr_carea' id='block_1_15' title="bbox 539 1521 2124 1592">
    <p class='ocr_par' dir='ltr' id='par_1_15' title="bbox 539 1521 2124 1592">
     <span class='ocr_line' id='line_1_15' title="bbox 539 1521 2124 1592; baseline 0.003 -19"><span class='ocrx_word' id='word_1_88' title='bbox 539 1522 655 1592; x_wconf 88' lang='lat' dir='ltr'><strong>prie</strong></span> <span class='ocrx_word' id='word_1_89' title='bbox 679 1521 838 1576; x_wconf 74' lang='lat' dir='ltr'><strong>dicta:</strong></span> <span class='ocrx_word' id='word_1_90' title='bbox 863 1537 984 1590; x_wconf 88' lang='lat' dir='ltr'><strong>pars</strong></span> <span class='ocrx_word' id='word_1_91' title='bbox 1007 1531 1111 1575; x_wconf 87' lang='lat' dir='ltr'><strong>est.</strong></span> <span class='ocrx_word' id='word_1_92' title='bbox 1142 1540 1159 1572; x_wconf 72' lang='grc' dir='ltr'><strong><em>ι</em></strong></span> <span class='ocrx_word' id='word_1_93' title='bbox 1199 1522 1276 1576; x_wconf 77' lang='lat' dir='ltr'><strong>Ex</strong></span> <span class='ocrx_word' id='word_1_94' title='bbox 1305 1522 1456 1575; x_wconf 75' lang='lat' dir='ltr'><strong>hisce</strong></span> <span class='ocrx_word' id='word_1_95' title='bbox 1492 1521 1654 1591; x_wconf 80' lang='lat' dir='ltr'><strong>igitur</strong></span> <span class='ocrx_word' id='word_1_96' title='bbox 1683 1522 1871 1591; x_wconf 89' lang='lat' dir='ltr'><strong>liquet,</strong></span> <span class='ocrx_word' id='word_1_97' title='bbox 1906 1521 2124 1577; x_wconf 63' lang='lat' dir='ltr'><strong>Ethio-</strong></span> 
     </span>
    </p>
   </div>
   <div class='ocr_carea' id='block_1_16' title="bbox 539 1611 2122 1684">
    <p class='ocr_par' dir='ltr' id='par_1_16' title="bbox 539 1611 2122 1684">
     <span class='ocr_line' id='line_1_16' title="bbox 539 1611 2122 1684; baseline 0.002 -18"><span class='ocrx_word' id='word_1_98' title='bbox 539 1614 683 1684; x_wconf 86' lang='lat' dir='ltr'><strong>piam</strong></span> <span class='ocrx_word' id='word_1_99' title='bbox 739 1611 974 1682; x_wconf 68' lang='lat' dir='ltr'><strong>Aﬁgypto</strong></span> <span class='ocrx_word' id='word_1_100' title='bbox 1036 1611 1363 1682; x_wconf 74' lang='lat' dir='ltr'><strong>proximam,</strong></span> <span class='ocrx_word' id='word_1_101' title='bbox 1423 1627 1542 1682; x_wconf 69' lang='lat' dir='ltr'><strong>quze</strong></span> <span class='ocrx_word' id='word_1_102' title='bbox 1604 1613 1828 1667; x_wconf 88' lang='lat' dir='ltr'><strong>nomine</strong></span> <span class='ocrx_word' id='word_1_103' title='bbox 1885 1628 2122 1669; x_wconf 67' lang='lat' dir='ltr'><strong>maxume</strong></span> 
     </span>
    </p>
   </div>
   <div class='ocr_carea' id='block_1_17' title="bbox 540 1702 2120 1774">
    <p class='ocr_par' dir='ltr' id='par_1_17' title="bbox 540 1702 2120 1774">
     <span class='ocr_line' id='line_1_17' title="bbox 540 1702 2120 1774; baseline 0 -16"><span class='ocrx_word' id='word_1_104' title='bbox 540 1703 764 1774; x_wconf 90' lang='lat' dir='ltr'><strong>proprio</strong></span> <span class='ocrx_word' id='word_1_105' title='bbox 795 1703 1075 1774; x_wconf 59' lang='lat' dir='ltr'><strong>Ethiopia</strong></span> <span class='ocrx_word' id='word_1_106' title='bbox 1125 1702 1231 1756; x_wconf 92' lang='lat' dir='ltr'><strong>fuit</strong></span> <span class='ocrx_word' id='word_1_107' title='bbox 1266 1703 1408 1758; x_wconf 85' lang='lat' dir='ltr'><strong>dicta</strong></span> <span class='ocrx_word' id='word_1_108' title='bbox 1465 1713 1711 1773; x_wconf 87' lang='lat' dir='ltr'><strong>tempore</strong></span> <span class='ocrx_word' id='word_1_109' title='bbox 1765 1705 1942 1758; x_wconf 86' lang='lat' dir='ltr'><strong>sancti</strong></span> <span class='ocrx_word' id='word_1_110' title='bbox 1986 1703 2120 1758; x_wconf 81' lang='lat' dir='ltr'><strong>Mat-</strong></span> 
     </span>
    </p>
   </div>
   <div class='ocr_carea' id='block_1_18' title="bbox 541 1795 2114 1864">
    <p class='ocr_par' dir='ltr' id='par_1_18' title="bbox 541 1795 2114 1864">
     <span class='ocr_line' id='line_1_18' title="bbox 541 1795 2114 1864; baseline 0 -16"><span class='ocrx_word' id='word_1_111' title='bbox 541 1796 690 1857; x_wconf 79' lang='lat' dir='ltr'><strong>tlnei,</strong></span> <span class='ocrx_word' id='word_1_112' title='bbox 716 1805 770 1848; x_wconf 92' lang='lat' dir='ltr'><strong>et</strong></span> <span class='ocrx_word' id='word_1_113' title='bbox 800 1795 889 1848; x_wconf 92' lang='lat' dir='ltr'><strong>ubi</strong></span> <span class='ocrx_word' id='word_1_114' title='bbox 932 1795 1126 1848; x_wconf 79' lang='lat' dir='ltr'><strong>incola:</strong></span> <span class='ocrx_word' id='word_1_115' title='bbox 1159 1795 1312 1864; x_wconf 84' lang='lat' dir='ltr'><strong>nigro</strong></span> <span class='ocrx_word' id='word_1_116' title='bbox 1357 1804 1488 1848; x_wconf 89' lang='lat' dir='ltr'><strong>sunt</strong></span> <span class='ocrx_word' id='word_1_117' title='bbox 1531 1797 1716 1848; x_wconf 90' lang='lat' dir='ltr'><strong>colore</strong></span> <span class='ocrx_word' id='word_1_118' title='bbox 1751 1795 1923 1864; x_wconf 87' lang='lat' dir='ltr'><strong>magis</strong></span> <span class='ocrx_word' id='word_1_119' title='bbox 1955 1813 2114 1864; x_wconf 87' lang='lat' dir='ltr'><strong>quam</strong></span> 
     </span>
    </p>
   </div>
   <div class='ocr_carea' id='block_1_19' title="bbox 2236 599 3827 672">
    <p class='ocr_par' dir='ltr' id='par_1_19' title="bbox 2236 599 3827 672">
     <span class='ocr_line' id='line_1_19' title="bbox 2236 599 3827 672; baseline 0.003 -17"><span class='ocrx_word' id='word_1_120' title='bbox 2236 599 2548 655; x_wconf 70' lang='lat' dir='ltr'><strong>Matthaaum</strong></span> <span class='ocrx_word' id='word_1_121' title='bbox 2594 604 2646 654; x_wconf 93' lang='lat' dir='ltr'><strong>in</strong></span> <span class='ocrx_word' id='word_1_122' title='bbox 2683 599 2958 670; x_wconf 67' lang='lat' dir='ltr'><strong>Aitliiopia</strong></span> <span class='ocrx_word' id='word_1_123' title='bbox 3001 601 3327 671; x_wconf 59' lang='lat' dir='ltr'><strong>praedicasse</strong></span> <span class='ocrx_word' id='word_1_124' title='bbox 3372 603 3618 665; x_wconf 85' lang='lat' dir='ltr'><strong>tradunt,</strong></span> <span class='ocrx_word' id='word_1_125' title='bbox 3664 604 3827 672; x_wconf 82' lang='lat' dir='ltr'><strong>idque</strong></span> 
     </span>
    </p>
   </div>
   <div class='ocr_carea' id='block_1_20' title="bbox 2237 691 3826 761">
    <p class='ocr_par' dir='ltr' id='par_1_20' title="bbox 2237 691 3826 761">
     <span class='ocr_line' id='line_1_20' title="bbox 2237 691 3826 761; baseline 0.004 -21"><span class='ocrx_word' id='word_1_126' title='bbox 2237 691 2735 758; x_wconf 84' lang='lat' dir='ltr'><strong>probabilissimum</strong></span> <span class='ocrx_word' id='word_1_127' title='bbox 2774 703 2925 761; x_wconf 90' lang='lat' dir='ltr'><strong>puto,</strong></span> <span class='ocrx_word' id='word_1_128' title='bbox 2960 693 3002 744; x_wconf 91' lang='lat' dir='ltr'><strong>si</strong></span> <span class='ocrx_word' id='word_1_129' title='bbox 3047 707 3155 743; x_wconf 92' lang='lat' dir='ltr'><strong>non</strong></span> <span class='ocrx_word' id='word_1_130' title='bbox 3193 691 3354 744; x_wconf 85' lang='lat' dir='ltr'><strong>etiam</strong></span> <span class='ocrx_word' id='word_1_131' title='bbox 3397 693 3666 747; x_wconf 78' lang='lat' dir='ltr'><strong>historice</strong></span> <span class='ocrx_word' id='word_1_132' title='bbox 3707 709 3826 749; x_wconf 84' lang='lat' dir='ltr'><strong>cer-</strong></span> 
     </span>
    </p>
   </div>
   <div class='ocr_carea' id='block_1_21' title="bbox 2233 781 2860 852">
    <p class='ocr_par' dir='ltr' id='par_1_21' title="bbox 2233 781 2860 852">
     <span class='ocr_line' id='line_1_21' title="bbox 2233 781 2860 852; baseline 0.013 -22"><span class='ocrx_word' id='word_1_133' title='bbox 2233 787 2349 833; x_wconf 91' lang='lat' dir='ltr'><strong>tum</strong></span> <span class='ocrx_word' id='word_1_134' title='bbox 2382 781 2563 835; x_wconf 80' lang='lat' dir='ltr'><strong>dicere</strong></span> <span class='ocrx_word' id='word_1_135' title='bbox 2594 793 2860 852; x_wconf 76' lang='lat' dir='ltr'><strong>oporteat.</strong></span> 
     </span>
    </p>
   </div>
   <div class='ocr_carea' id='block_1_22' title="bbox 2306 875 3819 950">
    <p class='ocr_par' dir='ltr' id='par_1_22' title="bbox 2306 875 3819 950">
     <span class='ocr_line' id='line_1_22' title="bbox 2306 875 3819 950; baseline 0.007 -22"><span class='ocrx_word' id='word_1_136' title='bbox 2306 875 2395 928; x_wconf 83' lang='grc'><strong>55.</strong></span> <span class='ocrx_word' id='word_1_137' title='bbox 2438 875 2828 931; x_wconf 78' lang='lat' dir='ltr'><strong>Verumtamen</strong></span> <span class='ocrx_word' id='word_1_138' title='bbox 2866 879 3218 934; x_wconf 83' lang='lat' dir='ltr'><strong>nominantur</strong></span> <span class='ocrx_word' id='word_1_139' title='bbox 3265 890 3320 934; x_wconf 91' lang='lat' dir='ltr'><strong>et</strong></span> <span class='ocrx_word' id='word_1_140' title='bbox 3348 881 3467 938; x_wconf 72' lang='lat' dir='ltr'><strong>alia:</strong></span> <span class='ocrx_word' id='word_1_141' title='bbox 3503 883 3819 950; x_wconf 71' lang='lat' dir='ltr'><strong>provinciae.</strong></span> 
     </span>
    </p>
   </div>
   <div class='ocr_carea' id='block_1_23' title="bbox 2232 967 3821 1036">
    <p class='ocr_par' dir='ltr' id='par_1_23' title="bbox 2232 967 3821 1036">
     <span class='ocr_line' id='line_1_23' title="bbox 2232 967 3821 1036; baseline 0.006 -18"><span class='ocrx_word' id='word_1_142' title='bbox 2232 971 2286 1019; x_wconf 90' lang='lat' dir='ltr'><strong>in</strong></span> <span class='ocrx_word' id='word_1_143' title='bbox 2313 967 2512 1034; x_wconf 88' lang='lat' dir='ltr'><strong>quibus</strong></span> <span class='ocrx_word' id='word_1_144' title='bbox 2554 969 2948 1036; x_wconf 71' lang='lat' dir='ltr'><strong>przrdicaverit,</strong></span> <span class='ocrx_word' id='word_1_145' title='bbox 2974 985 3066 1026; x_wconf 91' lang='lat' dir='ltr'><strong>aut</strong></span> <span class='ocrx_word' id='word_1_146' title='bbox 3100 983 3331 1028; x_wconf 92' lang='lat' dir='ltr'><strong>mortem</strong></span> <span class='ocrx_word' id='word_1_147' title='bbox 3363 974 3568 1028; x_wconf 91' lang='lat' dir='ltr'><strong>obierit</strong></span> <span class='ocrx_word' id='word_1_148' title='bbox 3593 984 3821 1029; x_wconf 86' lang='lat' dir='ltr'><strong>sanctus</strong></span> 
     </span>
    </p>
   </div>
   <div class='ocr_carea' id='block_1_24' title="bbox 2231 1056 3812 1125">
    <p class='ocr_par' dir='ltr' id='par_1_24' title="bbox 2231 1056 3812 1125">
     <span class='ocr_line' id='line_1_24' title="bbox 2231 1056 3812 1125; baseline 0.006 -15"><span class='ocrx_word' id='word_1_149' title='bbox 2231 1056 2538 1112; x_wconf 51' lang='lat' dir='ltr'><strong>Hattha‘us.</strong></span> <span class='ocrx_word' id='word_1_150' title='bbox 2572 1058 2631 1113; x_wconf 93' lang='lat' dir='ltr'><strong>S.</strong></span> <span class='ocrx_word' id='word_1_151' title='bbox 2662 1059 2986 1116; x_wconf 74' lang='lat' dir='ltr'><strong>Ambrosius</strong></span> <span class='ocrx_word' id='word_1_152' title='bbox 3017 1065 3070 1116; x_wconf 86' lang='lat' dir='ltr'><strong>in</strong></span> <span class='ocrx_word' id='word_1_153' title='bbox 3097 1064 3371 1117; x_wconf 76' lang='lat' dir='ltr'><strong>Psalmum</strong></span> <span class='ocrx_word' id='word_1_154' title='bbox 3400 1080 3525 1124; x_wconf 73' lang='grc' dir='ltr'><strong>ην.</strong></span> <span class='ocrx_word' id='word_1_155' title='bbox 3551 1082 3710 1119; x_wconf 91' lang='lat' dir='ltr'><strong>num.</strong></span> <span class='ocrx_word' id='word_1_156' title='bbox 3733 1065 3812 1125; x_wconf 71' lang='lat'><strong>90.</strong></span> 
     </span>
    </p>
   </div>
   <div class='ocr_carea' id='block_1_25' title="bbox 2227 1149 3814 1224">
    <p class='ocr_par' dir='ltr' id='par_1_25' title="bbox 2227 1149 3814 1224">
     <span class='ocr_line' id='line_1_25' title="bbox 2227 1149 3814 1224; baseline 0.003 -20"><span class='ocrx_word' id='word_1_157' title='bbox 2227 1151 2323 1210; x_wconf 88' lang='lat' dir='ltr'><strong>ait,</strong></span> <span class='ocrx_word' id='word_1_158' title='bbox 2368 1149 2622 1206; x_wconf 69' lang='lat' dir='ltr'><strong>Marthaeo</strong></span> <span class='ocrx_word' id='word_1_159' title='bbox 2654 1153 2893 1208; x_wconf 87' lang='lat' dir='ltr'><strong>Persiam</strong></span> <span class='ocrx_word' id='word_1_160' title='bbox 2937 1157 3196 1224; x_wconf 85' lang='lat' dir='ltr'><strong>patuisse,</strong></span> <span class='ocrx_word' id='word_1_161' title='bbox 3236 1166 3290 1210; x_wconf 91' lang='lat' dir='ltr'><strong>et</strong></span> <span class='ocrx_word' id='word_1_162' title='bbox 3319 1157 3550 1210; x_wconf 73' lang='lat' dir='ltr'><strong>Thema:</strong></span> <span class='ocrx_word' id='word_1_163' title='bbox 3586 1156 3814 1221; x_wconf 83' lang='lat' dir='ltr'><strong>Indiam,</strong></span> 
     </span>
    </p>
   </div>
   <div class='ocr_carea' id='block_1_26' title="bbox 2226 1241 3814 1320">
    <p class='ocr_par' dir='ltr' id='par_1_26' title="bbox 2226 1241 3814 1320">
     <span class='ocr_line' id='line_1_26' title="bbox 2226 1241 3814 1320; baseline 0.006 -25"><span class='ocrx_word' id='word_1_164' title='bbox 2226 1241 2513 1297; x_wconf 89' lang='lat' dir='ltr'><strong>insinuans</strong></span> <span class='ocrx_word' id='word_1_165' title='bbox 2569 1243 2728 1299; x_wconf 90' lang='lat' dir='ltr'><strong>fidem</strong></span> <span class='ocrx_word' id='word_1_166' title='bbox 2762 1262 2790 1298; x_wconf 90' lang='lat' dir='ltr'><strong>a</strong></span> <span class='ocrx_word' id='word_1_167' title='bbox 2821 1258 3009 1302; x_wconf 89' lang='lat' dir='ltr'><strong>sancto</strong></span> <span class='ocrx_word' id='word_1_168' title='bbox 3036 1247 3291 1304; x_wconf 73' lang='lat' dir='ltr'><strong>Matthzeo</strong></span> <span class='ocrx_word' id='word_1_169' title='bbox 3321 1253 3374 1304; x_wconf 94' lang='lat' dir='ltr'><strong>in</strong></span> <span class='ocrx_word' id='word_1_170' title='bbox 3409 1249 3644 1306; x_wconf 82' lang='lat' dir='ltr'><strong>Perside</strong></span> <span class='ocrx_word' id='word_1_171' title='bbox 3684 1268 3814 1320; x_wconf 60' lang='lat' dir='ltr'><strong>prte-</strong></span> 
     </span>
    </p>
   </div>
   <div class='ocr_carea' id='block_1_27' title="bbox 2226 1333 3816 1401">
    <p class='ocr_par' dir='ltr' id='par_1_27' title="bbox 2226 1333 3816 1401">
     <span class='ocr_line' id='line_1_27' title="bbox 2226 1333 3816 1401; baseline 0.008 -14"><span class='ocrx_word' id='word_1_172' title='bbox 2226 1333 2479 1388; x_wconf 84' lang='lat' dir='ltr'><strong>dicatam.</strong></span> <span class='ocrx_word' id='word_1_173' title='bbox 2513 1334 2748 1391; x_wconf 80' lang='lat' dir='ltr'><strong>Sanctus</strong></span> <span class='ocrx_word' id='word_1_174' title='bbox 2781 1337 3038 1394; x_wconf 88' lang='lat' dir='ltr'><strong>Paulinus</strong></span> <span class='ocrx_word' id='word_1_175' title='bbox 3079 1341 3318 1397; x_wconf 86' lang='lat' dir='ltr'><strong>Nolanus</strong></span> <span class='ocrx_word' id='word_1_176' title='bbox 3368 1344 3423 1397; x_wconf 91' lang='lat' dir='ltr'><strong>in</strong></span> <span class='ocrx_word' id='word_1_177' title='bbox 3459 1343 3723 1400; x_wconf 90' lang='lat' dir='ltr'><strong>Poemate</strong></span> <span class='ocrx_word' id='word_1_178' title='bbox 3761 1346 3816 1401; x_wconf 82' lang='lat' dir='ltr'><strong>f9</strong></span> 
     </span>
    </p>
   </div>
   <div class='ocr_carea' id='block_1_28' title="bbox 2225 1425 3817 1504">
    <p class='ocr_par' dir='ltr' id='par_1_28' title="bbox 2225 1425 3817 1504">
     <span class='ocr_line' id='line_1_28' title="bbox 2225 1425 3817 1504; baseline 0.008 -26"><span class='ocrx_word' id='word_1_179' title='bbox 2225 1425 2336 1478; x_wconf 88' lang='lat' dir='ltr'><strong>ait:</strong></span> <span class='ocrx_word' id='word_1_180' title='bbox 2388 1444 2405 1476; x_wconf 76' lang='grc' dir='ltr'>ι</span> <span class='ocrx_word' id='word_1_181' title='bbox 2444 1427 2664 1482; x_wconf 88' lang='lat' dir='ltr'><strong>Parthia</strong></span> <span class='ocrx_word' id='word_1_182' title='bbox 2701 1429 3015 1485; x_wconf 69' lang='lat' dir='ltr'><strong>Matthaaum</strong></span> <span class='ocrx_word' id='word_1_183' title='bbox 3053 1435 3461 1504; x_wconf 88' lang='lat' dir='ltr'><strong>complectitur.</strong></span> <span class='ocrx_word' id='word_1_184' title='bbox 3502 1455 3520 1486; x_wconf 78' lang='grc' dir='ltr'><strong><em>ι</em></strong></span> <span class='ocrx_word' id='word_1_185' title='bbox 3564 1437 3817 1490; x_wconf 87' lang='lat' dir='ltr'><strong>Consen-</strong></span> 
     </span>
    </p>
   </div>
   <div class='ocr_carea' id='block_1_29' title="bbox 2226 1518 3817 1593">
    <p class='ocr_par' dir='ltr' id='par_1_29' title="bbox 2226 1518 3817 1593">
     <span class='ocr_line' id='line_1_29' title="bbox 2226 1518 3817 1593; baseline 0.007 -22"><span class='ocrx_word' id='word_1_186' title='bbox 2226 1518 2371 1571; x_wconf 89' lang='lat' dir='ltr'><strong>tiunt</strong></span> <span class='ocrx_word' id='word_1_187' title='bbox 2399 1518 2774 1593; x_wconf 84' lang='lat' dir='ltr'><strong>Martyrologia</strong></span> <span class='ocrx_word' id='word_1_188' title='bbox 2804 1523 3229 1593; x_wconf 86' lang='lat' dir='ltr'><strong>Hieronymiana</strong></span> <span class='ocrx_word' id='word_1_189' title='bbox 3264 1527 3497 1581; x_wconf 87' lang='lat' dir='ltr'><strong>inferius</strong></span> <span class='ocrx_word' id='word_1_190' title='bbox 3519 1528 3817 1592; x_wconf 89' lang='lat' dir='ltr'><strong>laudanda,</strong></span> 
     </span>
    </p>
   </div>
   <div class='ocr_carea' id='block_1_30' title="bbox 2225 1607 3820 1686">
    <p class='ocr_par' dir='ltr' id='par_1_30' title="bbox 2225 1607 3820 1686">
     <span class='ocr_line' id='line_1_30' title="bbox 2225 1607 3820 1686; baseline 0.006 -26"><span class='ocrx_word' id='word_1_191' title='bbox 2225 1607 2279 1661; x_wconf 88' lang='lat' dir='ltr'><strong>iit</strong></span> <span class='ocrx_word' id='word_1_192' title='bbox 2312 1608 2511 1676; x_wconf 87' lang='lat' dir='ltr'><strong>quibus</strong></span> <span class='ocrx_word' id='word_1_193' title='bbox 2549 1626 2696 1665; x_wconf 88' lang='lat' dir='ltr'><strong>m0rs</strong></span> <span class='ocrx_word' id='word_1_194' title='bbox 2727 1614 2900 1666; x_wconf 85' lang='lat' dir='ltr'><strong>sancti</strong></span> <span class='ocrx_word' id='word_1_195' title='bbox 2937 1613 2989 1666; x_wconf 92' lang='lat' dir='ltr'><strong>in</strong></span> <span class='ocrx_word' id='word_1_196' title='bbox 3018 1614 3238 1668; x_wconf 89' lang='lat' dir='ltr'><strong>Perside</strong></span> <span class='ocrx_word' id='word_1_197' title='bbox 3275 1615 3472 1686; x_wconf 86' lang='lat' dir='ltr'><strong>figitur.</strong></span> <span class='ocrx_word' id='word_1_198' title='bbox 3499 1617 3609 1670; x_wconf 80' lang='lat' dir='ltr'><strong>Alii</strong></span> <span class='ocrx_word' id='word_1_199' title='bbox 3637 1618 3820 1671; x_wconf 84' lang='lat' dir='ltr'><strong>viden-</strong></span> 
     </span>
    </p>
   </div>
   <div class='ocr_carea' id='block_1_31' title="bbox 2223 1701 3817 1771">
    <p class='ocr_par' dir='ltr' id='par_1_31' title="bbox 2223 1701 3817 1771">
     <span class='ocr_line' id='line_1_31' title="bbox 2223 1701 3817 1771; baseline 0.006 -18"><span class='ocrx_word' id='word_1_200' title='bbox 2223 1709 2311 1753; x_wconf 90' lang='lat' dir='ltr'><strong>tur</strong></span> <span class='ocrx_word' id='word_1_201' title='bbox 2349 1701 2532 1754; x_wconf 87' lang='lat' dir='ltr'><strong>dicere</strong></span> <span class='ocrx_word' id='word_1_202' title='bbox 2573 1703 2625 1755; x_wconf 93' lang='lat' dir='ltr'><strong>in</strong></span> <span class='ocrx_word' id='word_1_203' title='bbox 2668 1704 2888 1758; x_wconf 86' lang='lat' dir='ltr'><strong>Parthia</strong></span> <span class='ocrx_word' id='word_1_204' title='bbox 2923 1715 3172 1760; x_wconf 88' lang='lat' dir='ltr'><strong>sanctum</strong></span> <span class='ocrx_word' id='word_1_205' title='bbox 3220 1721 3342 1760; x_wconf 85' lang='lat' dir='ltr'><strong>esse</strong></span> <span class='ocrx_word' id='word_1_206' title='bbox 3373 1718 3695 1771; x_wconf 88' lang='lat' dir='ltr'><strong>mortuum;</strong></span> <span class='ocrx_word' id='word_1_207' title='bbox 3729 1709 3817 1763; x_wconf 81' lang='lat' dir='ltr'><strong>sed</strong></span> 
     </span>
    </p>
   </div>
   <div class='ocr_carea' id='block_1_32' title="bbox 2222 1793 3816 1853">
    <p class='ocr_par' dir='ltr' id='par_1_32' title="bbox 2222 1793 3816 1853">
     <span class='ocr_line' id='line_1_32' title="bbox 2222 1793 3816 1853; baseline 0.004 -7"><span class='ocrx_word' id='word_1_208' title='bbox 2222 1793 2482 1846; x_wconf 88' lang='lat' dir='ltr'><strong>censendi</strong></span> <span class='ocrx_word' id='word_1_209' title='bbox 2515 1805 2642 1847; x_wconf 89' lang='lat' dir='ltr'><strong>sunt</strong></span> <span class='ocrx_word' id='word_1_210' title='bbox 2673 1795 2949 1849; x_wconf 89' lang='lat' dir='ltr'><strong>Parthiam</strong></span> <span class='ocrx_word' id='word_1_211' title='bbox 2984 1813 3090 1850; x_wconf 93' lang='lat' dir='ltr'><strong>non</strong></span> <span class='ocrx_word' id='word_1_212' title='bbox 3120 1797 3434 1851; x_wconf 83' lang='lat' dir='ltr'><strong>distinxisse</strong></span> <span class='ocrx_word' id='word_1_213' title='bbox 3461 1813 3490 1851; x_wconf 92' lang='lat' dir='ltr'><strong>a</strong></span> <span class='ocrx_word' id='word_1_214' title='bbox 3521 1799 3816 1853; x_wconf 82' lang='lat' dir='ltr'><strong>Persarum</strong></span> 
     </span>
    </p>
   </div>
   <div class='ocr_carea' id='block_1_33' title="bbox 539 1868 3818 1957">
    <p class='ocr_par' dir='ltr' id='par_1_33' title="bbox 539 1868 3818 1957">
     <span class='ocr_line' id='line_1_33' title="bbox 539 1868 3818 1957; baseline 0.001 -18"><span class='ocrx_word' id='word_1_215' title='bbox 539 1887 592 1939; x_wconf 92' lang='lat' dir='ltr'><strong>in</strong></span> <span class='ocrx_word' id='word_1_216' title='bbox 634 1885 980 1949; x_wconf 87' lang='lat' dir='ltr'><strong>Habessinia,</strong></span> <span class='ocrx_word' id='word_1_217' title='bbox 1016 1885 1167 1938; x_wconf 89' lang='lat' dir='ltr'><strong>nullo</strong></span> <span class='ocrx_word' id='word_1_218' title='bbox 1215 1894 1539 1956; x_wconf 90' lang='lat' dir='ltr'><strong>argumento</strong></span> <span class='ocrx_word' id='word_1_219' title='bbox 1576 1885 1854 1942; x_wconf 80' lang='lat' dir='ltr'><strong>exclusam</strong></span> <span class='ocrx_word' id='word_1_220' title='bbox 1887 1885 2054 1942; x_wconf 76' lang='lat' dir='ltr'><strong>fttiSsc</strong></span> <span class='ocrx_word' id='word_1_221' title='bbox 2086 1905 2115 1942; x_wconf 89' lang='lat' dir='ltr'><strong>a</strong></span> <span class='ocrx_word' id='word_1_222' title='bbox 2155 1868 2194 1920; x_wconf 73' lang='grc' dir='ltr'><strong>Β</strong></span> <span class='ocrx_word' id='word_1_223' title='bbox 2232 1883 2483 1953; x_wconf 87' lang='lat' dir='ltr'><strong>imperio,</strong></span> <span class='ocrx_word' id='word_1_224' title='bbox 2536 1886 2682 1953; x_wconf 92' lang='lat' dir='ltr'><strong>quod</strong></span> <span class='ocrx_word' id='word_1_225' title='bbox 2737 1886 2924 1940; x_wconf 76' lang='lat' dir='ltr'><strong>Partiri</strong></span> <span class='ocrx_word' id='word_1_226' title='bbox 2987 1896 3231 1957; x_wconf 90' lang='lat' dir='ltr'><strong>tempore</strong></span> <span class='ocrx_word' id='word_1_227' title='bbox 3277 1887 3513 1941; x_wconf 54' lang='lat' dir='ltr'><strong>Matthxi</strong></span> <span class='ocrx_word' id='word_1_228' title='bbox 3567 1889 3818 1942; x_wconf 77' lang='lat' dir='ltr'><strong>domina-</strong></span> 
     </span>
    </p>
   </div>
   <div class='ocr_carea' id='block_1_34' title="bbox 540 1977 1444 2048">
    <p class='ocr_par' dir='ltr' id='par_1_34' title="bbox 540 1977 1444 2048">
     <span class='ocr_line' id='line_1_34' title="bbox 540 1977 1444 2048; baseline 0 -19"><span class='ocrx_word' id='word_1_229' title='bbox 540 1979 928 2048; x_wconf 53' lang='lat' dir='ltr'><strong>praedicatione</strong></span> <span class='ocrx_word' id='word_1_230' title='bbox 975 1979 1146 2032; x_wconf 83' lang='lat' dir='ltr'><strong>sancti</strong></span> <span class='ocrx_word' id='word_1_231' title='bbox 1183 1977 1444 2032; x_wconf 66' lang='lat' dir='ltr'><strong>Matthaei.</strong></span> 
     </span>
    </p>
   </div>
   <div class='ocr_carea' id='block_1_35' title="bbox 610 2071 2130 2153">
    <p class='ocr_par' dir='ltr' id='par_1_35' title="bbox 610 2071 2130 2153">
     <span class='ocr_line' id='line_1_35' title="bbox 610 2071 2130 2153; baseline 0.003 -27"><span class='ocrx_word' id='word_1_232' title='bbox 610 2072 698 2126; x_wconf 72' lang='lat'><strong>54.</strong></span> <span class='ocrx_word' id='word_1_233' title='bbox 742 2071 912 2126; x_wconf 90' lang='lat' dir='ltr'><strong>Porro</strong></span> <span class='ocrx_word' id='word_1_234' title='bbox 949 2071 1286 2140; x_wconf 65' lang='lat' dir='ltr'><strong>EthiOpiam</strong></span> <span class='ocrx_word' id='word_1_235' title='bbox 1320 2071 1490 2126; x_wconf 87' lang='lat' dir='ltr'><strong>fuisse</strong></span> <span class='ocrx_word' id='word_1_236' title='bbox 1532 2088 1854 2129; x_wconf 80' lang='lat' dir='ltr'><strong>conversam</strong></span> <span class='ocrx_word' id='word_1_237' title='bbox 1877 2074 1967 2130; x_wconf 91' lang='lat' dir='ltr'><strong>diu</strong></span> <span class='ocrx_word' id='word_1_238' title='bbox 1994 2084 2130 2153; x_wconf 80' lang='lat' dir='ltr'><strong>ante</strong></span> 
     </span>
    </p>
   </div>
   <div class='ocr_carea' id='block_1_36' title="bbox 537 2164 2121 2237">
    <p class='ocr_par' dir='ltr' id='par_1_36' title="bbox 537 2164 2121 2237">
     <span class='ocr_line' id='line_1_36' title="bbox 537 2164 2121 2237; baseline 0.003 -19"><span class='ocrx_word' id='word_1_239' title='bbox 537 2165 833 2218; x_wconf 87' lang='lat' dir='ltr'><strong>concilium</strong></span> <span class='ocrx_word' id='word_1_240' title='bbox 866 2165 1175 2226; x_wconf 71' lang='lat' dir='ltr'><strong>Nicmnum,</strong></span> <span class='ocrx_word' id='word_1_241' title='bbox 1213 2164 1427 2219; x_wconf 87' lang='lat' dir='ltr'><strong>videtur</strong></span> <span class='ocrx_word' id='word_1_242' title='bbox 1458 2166 1678 2237; x_wconf 83' lang='lat' dir='ltr'><strong>probari</strong></span> <span class='ocrx_word' id='word_1_243' title='bbox 1721 2183 1782 2220; x_wconf 80' lang='lat' dir='ltr'><strong>ex</strong></span> <span class='ocrx_word' id='word_1_244' title='bbox 1819 2169 2121 2222; x_wconf 84' lang='lat' dir='ltr'><strong>canonibus</strong></span> 
     </span>
    </p>
   </div>
   <div class='ocr_carea' id='block_1_37' title="bbox 543 2255 2124 2328">
    <p class='ocr_par' dir='ltr' id='par_1_37' title="bbox 543 2255 2124 2328">
     <span class='ocr_line' id='line_1_37' title="bbox 543 2255 2124 2328; baseline 0.003 -17"><span class='ocrx_word' id='word_1_245' title='bbox 543 2257 789 2311; x_wconf 81' lang='lat' dir='ltr'><strong>Arabicis</strong></span> <span class='ocrx_word' id='word_1_246' title='bbox 824 2257 1045 2310; x_wconf 89' lang='lat' dir='ltr'><strong>concilii</strong></span> <span class='ocrx_word' id='word_1_247' title='bbox 1072 2255 1303 2321; x_wconf 67' lang='lat' dir='ltr'><strong>Niczeni,</strong></span> <span class='ocrx_word' id='word_1_248' title='bbox 1338 2272 1479 2326; x_wconf 87' lang='lat' dir='ltr'><strong>quos</strong></span> <span class='ocrx_word' id='word_1_249' title='bbox 1515 2257 1784 2313; x_wconf 85' lang='lat' dir='ltr'><strong>habemus</strong></span> <span class='ocrx_word' id='word_1_250' title='bbox 1816 2260 1960 2328; x_wconf 82' lang='lat' dir='ltr'><strong>apud</strong></span> <span class='ocrx_word' id='word_1_251' title='bbox 1986 2259 2124 2315; x_wconf 75' lang='lat' dir='ltr'><strong>Lab-</strong></span> 
     </span>
    </p>
   </div>
   <div class='ocr_carea' id='block_1_38' title="bbox 540 2346 2118 2419">
    <p class='ocr_par' dir='ltr' id='par_1_38' title="bbox 540 2346 2118 2419">
     <span class='ocr_line' id='line_1_38' title="bbox 540 2346 2118 2419; baseline -0.001 -15"><span class='ocrx_word' id='word_1_252' title='bbox 540 2350 703 2404; x_wconf 85' lang='lat' dir='ltr'><strong>beum</strong></span> <span class='ocrx_word' id='word_1_253' title='bbox 761 2356 894 2400; x_wconf 90' lang='lat' dir='ltr'><strong>tom.</strong></span> <span class='ocrx_word' id='word_1_254' title='bbox 935 2347 974 2400; x_wconf 95' lang='lat' dir='ltr'><strong>ll</strong></span> <span class='ocrx_word' id='word_1_255' title='bbox 1007 2346 1415 2413; x_wconf 88' lang='lat' dir='ltr'><strong>Conciliorum;</strong></span> <span class='ocrx_word' id='word_1_256' title='bbox 1461 2363 1586 2401; x_wconf 90' lang='lat' dir='ltr'><strong>nam</strong></span> <span class='ocrx_word' id='word_1_257' title='bbox 1645 2347 1699 2402; x_wconf 90' lang='lat' dir='ltr'><strong>in</strong></span> <span class='ocrx_word' id='word_1_258' title='bbox 1747 2350 1830 2403; x_wconf 92' lang='lat' dir='ltr'><strong>his</strong></span> <span class='ocrx_word' id='word_1_259' title='bbox 1867 2367 1987 2419; x_wconf 82' lang='lat' dir='ltr'><strong>cap.</strong></span> <span class='ocrx_word' id='word_1_260' title='bbox 2031 2350 2118 2415; x_wconf 74' lang='lat'><strong>56,</strong></span> 
     </span>
    </p>
   </div>
   <div class='ocr_carea' id='block_1_39' title="bbox 541 2437 2124 2510">
    <p class='ocr_par' dir='ltr' id='par_1_39' title="bbox 541 2437 2124 2510">
     <span class='ocr_line' id='line_1_39' title="bbox 541 2437 2124 2510; baseline 0.001 -18"><span class='ocrx_word' id='word_1_261' title='bbox 541 2438 646 2492; x_wconf 93' lang='lat' dir='ltr'><strong>col.</strong></span> <span class='ocrx_word' id='word_1_262' title='bbox 696 2437 823 2500; x_wconf 73' lang='lat'><strong>502,</strong></span> <span class='ocrx_word' id='word_1_263' title='bbox 862 2439 934 2489; x_wconf 83' lang='lat' dir='ltr'><strong>ita</strong></span> <span class='ocrx_word' id='word_1_264' title='bbox 978 2437 1216 2507; x_wconf 82' lang='lat' dir='ltr'><strong>legitur:</strong></span> <span class='ocrx_word' id='word_1_265' title='bbox 1261 2455 1279 2486; x_wconf 79' lang='grc' dir='ltr'>ι</span> <span class='ocrx_word' id='word_1_266' title='bbox 1312 2437 1381 2491; x_wconf 92' lang='lat' dir='ltr'><strong>Ut</strong></span> <span class='ocrx_word' id='word_1_267' title='bbox 1411 2452 1522 2490; x_wconf 90' lang='lat' dir='ltr'><strong>non</strong></span> <span class='ocrx_word' id='word_1_268' title='bbox 1571 2439 1786 2506; x_wconf 91' lang='lat' dir='ltr'><strong>possint</strong></span> <span class='ocrx_word' id='word_1_269' title='bbox 1833 2440 2124 2510; x_wconf 71' lang='lat' dir='ltr'><strong>Aithiopes</strong></span> 
     </span>
    </p>
   </div>
   <div class='ocr_carea' id='block_1_40' title="bbox 536 2527 2119 2600">
    <p class='ocr_par' dir='ltr' id='par_1_40' title="bbox 536 2527 2119 2600">
     <span class='ocr_line' id='line_1_40' title="bbox 536 2527 2119 2600; baseline -0.001 -14"><span class='ocrx_word' id='word_1_270' title='bbox 536 2546 725 2586; x_wconf 88' lang='lat' dir='ltr'><strong>creare</strong></span> <span class='ocrx_word' id='word_1_271' title='bbox 757 2545 857 2584; x_wconf 89' lang='lat' dir='ltr'><strong>nec</strong></span> <span class='ocrx_word' id='word_1_272' title='bbox 891 2527 1094 2598; x_wconf 90' lang='lat' dir='ltr'><strong>eligere</strong></span> <span class='ocrx_word' id='word_1_273' title='bbox 1120 2528 1524 2598; x_wconf 80' lang='lat' dir='ltr'><strong>patriarcham,</strong></span> <span class='ocrx_word' id='word_1_274' title='bbox 1553 2531 1685 2599; x_wconf 91' lang='lat' dir='ltr'><strong>quin</strong></span> <span class='ocrx_word' id='word_1_275' title='bbox 1719 2530 1899 2600; x_wconf 88' lang='lat' dir='ltr'><strong>potius</strong></span> <span class='ocrx_word' id='word_1_276' title='bbox 1929 2546 2119 2585; x_wconf 89' lang='lat' dir='ltr'><strong>eorum</strong></span> 
     </span>
    </p>
   </div>
   <div class='ocr_carea' id='block_1_41' title="bbox 537 2619 2119 2692">
    <p class='ocr_par' dir='ltr' id='par_1_41' title="bbox 537 2619 2119 2692">
     <span class='ocr_line' id='line_1_41' title="bbox 537 2619 2119 2692; baseline 0.004 -20"><span class='ocrx_word' id='word_1_277' title='bbox 537 2622 796 2692; x_wconf 67' lang='lat' dir='ltr'><strong>praelatus</strong></span> <span class='ocrx_word' id='word_1_278' title='bbox 847 2621 951 2674; x_wconf 90' lang='lat' dir='ltr'><strong>sub</strong></span> <span class='ocrx_word' id='word_1_279' title='bbox 998 2626 1272 2690; x_wconf 86' lang='lat' dir='ltr'><strong>potestate</strong></span> <span class='ocrx_word' id='word_1_280' title='bbox 1317 2621 1436 2689; x_wconf 89' lang='lat' dir='ltr'><strong>ejus</strong></span> <span class='ocrx_word' id='word_1_281' title='bbox 1472 2619 1565 2684; x_wconf 80' lang='lat' dir='ltr'><strong>sit,</strong></span> <span class='ocrx_word' id='word_1_282' title='bbox 1608 2621 1697 2690; x_wconf 89' lang='lat' dir='ltr'><strong>qui</strong></span> <span class='ocrx_word' id='word_1_283' title='bbox 1737 2631 1885 2676; x_wconf 88' lang='lat' dir='ltr'><strong>tenet</strong></span> <span class='ocrx_word' id='word_1_284' title='bbox 1933 2623 2119 2678; x_wconf 89' lang='lat' dir='ltr'><strong>sedem</strong></span> 
     </span>
    </p>
   </div>
   <div class='ocr_carea' id='block_1_42' title="bbox 533 2713 2117 2785">
    <p class='ocr_par' dir='ltr' id='par_1_42' title="bbox 533 2713 2117 2785">
     <span class='ocr_line' id='line_1_42' title="bbox 533 2713 2117 2785; baseline 0 -15"><span class='ocrx_word' id='word_1_285' title='bbox 533 2714 903 2770; x_wconf 69' lang='lat' dir='ltr'><strong>Alexandriae.</strong></span> <span class='ocrx_word' id='word_1_286' title='bbox 948 2713 1030 2767; x_wconf 89' lang='lat' dir='ltr'><strong>Sit</strong></span> <span class='ocrx_word' id='word_1_287' title='bbox 1082 2722 1261 2767; x_wconf 90' lang='lat' dir='ltr'><strong>tamen</strong></span> <span class='ocrx_word' id='word_1_288' title='bbox 1299 2715 1440 2782; x_wconf 87' lang='lat' dir='ltr'><strong>apud</strong></span> <span class='ocrx_word' id='word_1_289' title='bbox 1479 2729 1573 2768; x_wconf 91' lang='lat' dir='ltr'><strong>eos</strong></span> <span class='ocrx_word' id='word_1_290' title='bbox 1621 2715 1742 2770; x_wconf 89' lang='lat' dir='ltr'><strong>loco</strong></span> <span class='ocrx_word' id='word_1_291' title='bbox 1770 2715 2117 2785; x_wconf 66' lang='lat' dir='ltr'><strong>patriarchae,</strong></span> 
     </span>
    </p>
   </div>
   <div class='ocr_carea' id='block_1_43' title="bbox 536 2806 2122 2880">
    <p class='ocr_par' dir='ltr' id='par_1_43' title="bbox 536 2806 2122 2880">
     <span class='ocr_line' id='line_1_43' title="bbox 536 2806 2122 2880; baseline -0.002 -17"><span class='ocrx_word' id='word_1_292' title='bbox 536 2820 591 2864; x_wconf 92' lang='lat' dir='ltr'><strong>et</strong></span> <span class='ocrx_word' id='word_1_293' title='bbox 635 2808 941 2880; x_wconf 90' lang='lat' dir='ltr'><strong>appelletur</strong></span> <span class='ocrx_word' id='word_1_294' title='bbox 991 2806 1316 2859; x_wconf 86' lang='lat' dir='ltr'><strong>catholicus.</strong></span> <span class='ocrx_word' id='word_1_295' title='bbox 1375 2806 1493 2859; x_wconf 76' lang='lat' dir='ltr'><strong>Non</strong></span> <span class='ocrx_word' id='word_1_296' title='bbox 1556 2819 1736 2861; x_wconf 82' lang='lat' dir='ltr'><strong>tamen</strong></span> <span class='ocrx_word' id='word_1_297' title='bbox 1780 2807 1871 2876; x_wconf 85' lang='lat' dir='ltr'><strong>jus</strong></span> <span class='ocrx_word' id='word_1_298' title='bbox 1925 2807 2122 2863; x_wconf 80' lang='lat' dir='ltr'><strong>habeat</strong></span> 
     </span>
    </p>
   </div>
   <div class='ocr_carea' id='block_1_44' title="bbox 536 2897 2116 2970">
    <p class='ocr_par' dir='ltr' id='par_1_44' title="bbox 536 2897 2116 2970">
     <span class='ocr_line' id='line_1_44' title="bbox 536 2897 2116 2970; baseline -0.006 -10"><span class='ocrx_word' id='word_1_299' title='bbox 536 2904 914 2960; x_wconf 81' lang='lat' dir='ltr'><strong>constituendi</strong></span> <span class='ocrx_word' id='word_1_300' title='bbox 946 2900 1412 2970; x_wconf 86' lang='lat' dir='ltr'><strong>archiepiscopos,</strong></span> <span class='ocrx_word' id='word_1_301' title='bbox 1455 2909 1510 2951; x_wconf 90' lang='lat' dir='ltr'><strong>ut</strong></span> <span class='ocrx_word' id='word_1_302' title='bbox 1545 2897 1714 2951; x_wconf 82' lang='lat' dir='ltr'><strong>habet</strong></span> <span class='ocrx_word' id='word_1_303' title='bbox 1753 2897 2067 2967; x_wconf 85' lang='lat' dir='ltr'><strong>patriarcha</strong></span> <span class='ocrx_word' id='word_1_304' title='bbox 2104 2915 2116 2951; x_wconf 92' lang='lat'><strong>:</strong></span> 
     </span>
    </p>
   </div>
   <div class='ocr_carea' id='block_1_45' title="bbox 533 2990 2118 3068">
    <p class='ocr_par' dir='ltr' id='par_1_45' title="bbox 533 2990 2118 3068">
     <span class='ocr_line' id='line_1_45' title="bbox 533 2990 2118 3068; baseline -0.008 -14"><span class='ocrx_word' id='word_1_305' title='bbox 533 2997 804 3068; x_wconf 83' lang='lat' dir='ltr'><strong>siquidem</strong></span> <span class='ocrx_word' id='word_1_306' title='bbox 840 3009 948 3048; x_wconf 92' lang='lat' dir='ltr'><strong>non</strong></span> <span class='ocrx_word' id='word_1_307' title='bbox 988 2993 1153 3048; x_wconf 86' lang='lat' dir='ltr'><strong>habet</strong></span> <span class='ocrx_word' id='word_1_308' title='bbox 1201 2990 1526 3063; x_wconf 76' lang='lat' dir='ltr'><strong>patriarcha:</strong></span> <span class='ocrx_word' id='word_1_309' title='bbox 1568 2991 1833 3043; x_wconf 86' lang='lat' dir='ltr'><strong>honorem</strong></span> <span class='ocrx_word' id='word_1_310' title='bbox 1885 3003 1988 3043; x_wconf 91' lang='lat' dir='ltr'><strong>nec</strong></span> <span class='ocrx_word' id='word_1_311' title='bbox 2020 3004 2118 3059; x_wconf 84' lang='lat' dir='ltr'><strong>po-</strong></span> 
     </span>
    </p>
   </div>
   <div class='ocr_carea' id='block_1_46' title="bbox 534 3081 2119 3156">
    <p class='ocr_par' dir='ltr' id='par_1_46' title="bbox 534 3081 2119 3156">
     <span class='ocr_line' id='line_1_46' title="bbox 534 3081 2119 3156; baseline -0.008 -9"><span class='ocrx_word' id='word_1_312' title='bbox 534 3101 810 3148; x_wconf 83' lang='lat' dir='ltr'><strong>testatem.</strong></span> <span class='ocrx_word' id='word_1_313' title='bbox 853 3089 1007 3156; x_wconf 86' lang='lat' dir='ltr'><strong>Quod</strong></span> <span class='ocrx_word' id='word_1_314' title='bbox 1040 3089 1085 3143; x_wconf 92' lang='lat' dir='ltr'><strong>si</strong></span> <span class='ocrx_word' id='word_1_315' title='bbox 1146 3085 1408 3140; x_wconf 89' lang='lat' dir='ltr'><strong>acciderit</strong></span> <span class='ocrx_word' id='word_1_316' title='bbox 1453 3093 1511 3135; x_wconf 93' lang='lat' dir='ltr'><strong>ut</strong></span> <span class='ocrx_word' id='word_1_317' title='bbox 1551 3082 1842 3134; x_wconf 78' lang='lat' dir='ltr'><strong>coni-ilium</strong></span> <span class='ocrx_word' id='word_1_318' title='bbox 1881 3081 1934 3133; x_wconf 94' lang='lat' dir='ltr'><strong>in</strong></span> <span class='ocrx_word' id='word_1_319' title='bbox 1965 3082 2119 3135; x_wconf 79' lang='lat' dir='ltr'><strong>Grae-</strong></span> 
     </span>
    </p>
   </div>
   <div class='ocr_carea' id='block_1_47' title="bbox 534 3175 2184 3263">
    <p class='ocr_par' dir='ltr' id='par_1_47' title="bbox 534 3175 2184 3263">
     <span class='ocr_line' id='line_1_47' title="bbox 534 3175 2184 3263; baseline -0.008 -22"><span class='ocrx_word' id='word_1_320' title='bbox 534 3188 617 3242; x_wconf 90' lang='lat' dir='ltr'><strong>cia</strong></span> <span class='ocrx_word' id='word_1_321' title='bbox 681 3186 971 3245; x_wconf 80' lang='lat' dir='ltr'><strong>habeatur,</strong></span> <span class='ocrx_word' id='word_1_322' title='bbox 1041 3183 1315 3247; x_wconf 76' lang='lat' dir='ltr'><strong>fueritque</strong></span> <span class='ocrx_word' id='word_1_323' title='bbox 1383 3191 1624 3247; x_wconf 68' lang='lat' dir='ltr'><strong>prazsens</strong></span> <span class='ocrx_word' id='word_1_324' title='bbox 1697 3175 1788 3229; x_wconf 90' lang='lat' dir='ltr'><strong>hic</strong></span> <span class='ocrx_word' id='word_1_325' title='bbox 1861 3176 2184 3263; x_wconf 71' lang='lat' dir='ltr'><strong>praelatusc</strong></span> 
     </span>
    </p>
   </div>
   <div class='ocr_carea' id='block_1_48' title="bbox 534 3269 2116 3350">
    <p class='ocr_par' dir='ltr' id='par_1_48' title="bbox 534 3269 2116 3350">
     <span class='ocr_line' id='line_1_48' title="bbox 534 3269 2116 3350; baseline -0.009 -14"><span class='ocrx_word' id='word_1_326' title='bbox 534 3280 879 3350; x_wconf 60' lang='lat' dir='ltr'><strong>Aﬁthiopum,</strong></span> <span class='ocrx_word' id='word_1_327' title='bbox 907 3276 1106 3330; x_wconf 90' lang='lat' dir='ltr'><strong>habeat</strong></span> <span class='ocrx_word' id='word_1_328' title='bbox 1139 3272 1430 3342; x_wconf 91' lang='lat' dir='ltr'><strong>septimum</strong></span> <span class='ocrx_word' id='word_1_329' title='bbox 1465 3271 1644 3325; x_wconf 89' lang='lat' dir='ltr'><strong>locum</strong></span> <span class='ocrx_word' id='word_1_330' title='bbox 1674 3277 1799 3340; x_wconf 84' lang='lat' dir='ltr'><strong>post</strong></span> <span class='ocrx_word' id='word_1_331' title='bbox 1833 3269 2116 3339; x_wconf 73' lang='lat' dir='ltr'><strong>prazlatum</strong></span> 
     </span>
    </p>
   </div>
   <div class='ocr_carea' id='block_1_49' title="bbox 535 3362 2116 3438">
    <p class='ocr_par' dir='ltr' id='par_1_49' title="bbox 535 3362 2116 3438">
     <span class='ocr_line' id='line_1_49' title="bbox 535 3362 2116 3438; baseline -0.009 -9"><span class='ocrx_word' id='word_1_332' title='bbox 535 3374 828 3429; x_wconf 75' lang='lat' dir='ltr'><strong>Seleuciae.</strong></span> <span class='ocrx_word' id='word_1_333' title='bbox 867 3369 930 3424; x_wconf 82' lang='lat' dir='ltr'><strong>Et</strong></span> <span class='ocrx_word' id='word_1_334' title='bbox 971 3367 1197 3438; x_wconf 89' lang='lat' dir='ltr'><strong>quando</strong></span> <span class='ocrx_word' id='word_1_335' title='bbox 1230 3365 1367 3419; x_wconf 87' lang='lat' dir='ltr'><strong>facta</strong></span> <span class='ocrx_word' id='word_1_336' title='bbox 1400 3363 1562 3418; x_wconf 85' lang='lat' dir='ltr'><strong>fuerit</strong></span> <span class='ocrx_word' id='word_1_337' title='bbox 1601 3362 1652 3416; x_wconf 91' lang='lat' dir='ltr'><strong>ei</strong></span> <span class='ocrx_word' id='word_1_338' title='bbox 1703 3369 1945 3431; x_wconf 89' lang='lat' dir='ltr'><strong>potestas</strong></span> <span class='ocrx_word' id='word_1_339' title='bbox 1982 3377 2116 3416; x_wconf 83' lang='lat' dir='ltr'><strong>con-</strong></span> 
     </span>
    </p>
   </div>
   <div class='ocr_carea' id='block_1_50' title="bbox 536 3457 2120 3534">
    <p class='ocr_par' dir='ltr' id='par_1_50' title="bbox 536 3457 2120 3534">
     <span class='ocr_line' id='line_1_50' title="bbox 536 3457 2120 3534; baseline -0.009 -9"><span class='ocrx_word' id='word_1_340' title='bbox 536 3467 801 3525; x_wconf 88' lang='lat' dir='ltr'><strong>stituendi</strong></span> <span class='ocrx_word' id='word_1_341' title='bbox 833 3463 1274 3534; x_wconf 80' lang='lat' dir='ltr'><strong>archiepiscopus</strong></span> <span class='ocrx_word' id='word_1_342' title='bbox 1309 3460 1363 3514; x_wconf 92' lang='lat' dir='ltr'><strong>in</strong></span> <span class='ocrx_word' id='word_1_343' title='bbox 1391 3458 1675 3529; x_wconf 81' lang='lat' dir='ltr'><strong>provincia</strong></span> <span class='ocrx_word' id='word_1_344' title='bbox 1707 3471 1827 3519; x_wconf 87' lang='lat' dir='ltr'><strong>sua,</strong></span> <span class='ocrx_word' id='word_1_345' title='bbox 1853 3472 1962 3509; x_wconf 90' lang='lat' dir='ltr'><strong>non</strong></span> <span class='ocrx_word' id='word_1_346' title='bbox 1995 3457 2120 3510; x_wconf 83' lang='lat' dir='ltr'><strong>lice-</strong></span> 
     </span>
    </p>
   </div>
   <div class='ocr_carea' id='block_1_51' title="bbox 535 3548 2118 3620">
    <p class='ocr_par' dir='ltr' id='par_1_51' title="bbox 535 3548 2118 3620">
     <span class='ocr_line' id='line_1_51' title="bbox 535 3548 2118 3620; baseline -0.008 -4"><span class='ocrx_word' id='word_1_347' title='bbox 535 3563 615 3618; x_wconf 92' lang='lat' dir='ltr'><strong>bit</strong></span> <span class='ocrx_word' id='word_1_348' title='bbox 646 3561 721 3613; x_wconf 88' lang='lat' dir='ltr'><strong>illi</strong></span> <span class='ocrx_word' id='word_1_349' title='bbox 765 3557 1106 3610; x_wconf 87' lang='lat' dir='ltr'><strong>constituere</strong></span> <span class='ocrx_word' id='word_1_350' title='bbox 1137 3555 1376 3620; x_wconf 83' lang='lat' dir='ltr'><strong>aliquem</strong></span> <span class='ocrx_word' id='word_1_351' title='bbox 1421 3565 1486 3603; x_wconf 80' lang='lat' dir='ltr'><strong>ex</strong></span> <span class='ocrx_word' id='word_1_352' title='bbox 1517 3548 1622 3602; x_wconf 88' lang='lat' dir='ltr'><strong>illis</strong></span> <span class='ocrx_word' id='word_1_353' title='bbox 1651 3565 1664 3601; x_wconf 87' lang='lat'><strong>:</strong></span> <span class='ocrx_word' id='word_1_354' title='bbox 1703 3558 1757 3602; x_wconf 85' lang='lat' dir='ltr'><strong>et</strong></span> <span class='ocrx_word' id='word_1_355' title='bbox 1785 3548 2118 3620; x_wconf 88' lang='lat' dir='ltr'><strong>quicumque</strong></span> 
     </span>
    </p>
   </div>
   <div class='ocr_carea' id='block_1_52' title="bbox 535 3641 2116 3718">
    <p class='ocr_par' dir='ltr' id='par_1_52' title="bbox 535 3641 2116 3718">
     <span class='ocr_line' id='line_1_52' title="bbox 535 3641 2116 3718; baseline -0.009 -9"><span class='ocrx_word' id='word_1_356' title='bbox 535 3669 647 3709; x_wconf 93' lang='lat' dir='ltr'><strong>non</strong></span> <span class='ocrx_word' id='word_1_357' title='bbox 697 3649 959 3718; x_wconf 86' lang='lat' dir='ltr'><strong>paruerit,</strong></span> <span class='ocrx_word' id='word_1_358' title='bbox 999 3644 1238 3716; x_wconf 84' lang='lat' dir='ltr'><strong>synodus</strong></span> <span class='ocrx_word' id='word_1_359' title='bbox 1269 3656 1392 3697; x_wconf 89' lang='lat' dir='ltr'><strong>eum</strong></span> <span class='ocrx_word' id='word_1_360' title='bbox 1443 3641 1902 3697; x_wconf 67' lang='lat' dir='ltr'><strong>excommunicat.</strong></span> <span class='ocrx_word' id='word_1_361' title='bbox 1946 3662 1962 3693; x_wconf 85' lang='grc'><strong>›</strong></span> <span class='ocrx_word' id='word_1_362' title='bbox 2006 3641 2116 3696; x_wconf 78' lang='lat' dir='ltr'><strong>No-</strong></span> 
     </span>
    </p>
   </div>
   <div class='ocr_carea' id='block_1_53' title="bbox 532 3735 2115 3801">
    <p class='ocr_par' dir='ltr' id='par_1_53' title="bbox 532 3735 2115 3801">
     <span class='ocr_line' id='line_1_53' title="bbox 532 3735 2115 3801; baseline -0.008 -1"><span class='ocrx_word' id='word_1_363' title='bbox 532 3745 627 3800; x_wconf 88' lang='lat' dir='ltr'><strong>lim</strong></span> <span class='ocrx_word' id='word_1_364' title='bbox 661 3753 840 3798; x_wconf 83' lang='lat' dir='ltr'><strong>tamen</strong></span> <span class='ocrx_word' id='word_1_365' title='bbox 872 3738 1228 3801; x_wconf 83' lang='lat' dir='ltr'><strong>contendere,</strong></span> <span class='ocrx_word' id='word_1_366' title='bbox 1257 3735 1404 3790; x_wconf 92' lang='lat' dir='ltr'><strong>hunc</strong></span> <span class='ocrx_word' id='word_1_367' title='bbox 1423 3750 1691 3789; x_wconf 88' lang='lat' dir='ltr'><strong>canonem</strong></span> <span class='ocrx_word' id='word_1_368' title='bbox 1719 3735 1888 3788; x_wconf 91' lang='lat' dir='ltr'><strong>fuisse</strong></span> <span class='ocrx_word' id='word_1_369' title='bbox 1913 3735 2115 3788; x_wconf 85' lang='lat' dir='ltr'><strong>factum</strong></span> 
     </span>
    </p>
   </div>
   <div class='ocr_carea' id='block_1_54' title="bbox 535 3827 2117 3897">
    <p class='ocr_par' dir='ltr' id='par_1_54' title="bbox 535 3827 2117 3897">
     <span class='ocr_line' id='line_1_54' title="bbox 535 3827 2117 3897; baseline -0.007 -4"><span class='ocrx_word' id='word_1_370' title='bbox 535 3853 565 3892; x_wconf 85' lang='lat' dir='ltr'><strong>a</strong></span> <span class='ocrx_word' id='word_1_371' title='bbox 596 3835 831 3892; x_wconf 90' lang='lat' dir='ltr'><strong>concilio</strong></span> <span class='ocrx_word' id='word_1_372' title='bbox 851 3832 1107 3897; x_wconf 61' lang='lat' dir='ltr'><strong>Niceno;</strong></span> <span class='ocrx_word' id='word_1_373' title='bbox 1135 3845 1259 3882; x_wconf 89' lang='lat' dir='ltr'><strong>cum</strong></span> <span class='ocrx_word' id='word_1_374' title='bbox 1288 3843 1399 3880; x_wconf 89' lang='lat' dir='ltr'><strong>non</strong></span> <span class='ocrx_word' id='word_1_375' title='bbox 1430 3828 1695 3897; x_wconf 83' lang='lat' dir='ltr'><strong>ignorent,</strong></span> <span class='ocrx_word' id='word_1_376' title='bbox 1720 3841 1960 3882; x_wconf 87' lang='lat' dir='ltr'><strong>canones</strong></span> <span class='ocrx_word' id='word_1_377' title='bbox 1981 3827 2117 3882; x_wconf 84' lang='lat' dir='ltr'><strong>Ara-</strong></span> 
     </span>
    </p>
   </div>
   <div class='ocr_carea' id='block_1_55' title="bbox 536 3919 2112 3993">
    <p class='ocr_par' dir='ltr' id='par_1_55' title="bbox 536 3919 2112 3993">
     <span class='ocr_line' id='line_1_55' title="bbox 536 3919 2112 3993; baseline -0.008 -7"><span class='ocrx_word' id='word_1_378' title='bbox 536 3931 689 3986; x_wconf 89' lang='lat' dir='ltr'><strong>bicos</strong></span> <span class='ocrx_word' id='word_1_379' title='bbox 723 3929 790 3983; x_wconf 92' lang='lat' dir='ltr'><strong>ab</strong></span> <span class='ocrx_word' id='word_1_380' title='bbox 834 3923 1067 3981; x_wconf 87' lang='lat' dir='ltr'><strong>eruditis</strong></span> <span class='ocrx_word' id='word_1_381' title='bbox 1097 3922 1299 3993; x_wconf 88' lang='lat' dir='ltr'><strong>passim</strong></span> <span class='ocrx_word' id='word_1_382' title='bbox 1345 3919 1521 3990; x_wconf 83' lang='lat' dir='ltr'><strong>rejici.</strong></span> <span class='ocrx_word' id='word_1_383' title='bbox 1560 3919 1613 3973; x_wconf 93' lang='lat' dir='ltr'><strong>Id</strong></span> <span class='ocrx_word' id='word_1_384' title='bbox 1648 3935 1814 3973; x_wconf 91' lang='lat' dir='ltr'><strong>unum</strong></span> <span class='ocrx_word' id='word_1_385' title='bbox 1858 3923 2112 3986; x_wconf 89' lang='lat' dir='ltr'><strong>observo,</strong></span> 
     </span>
    </p>
   </div>
   <div class='ocr_carea' id='block_1_56' title="bbox 537 4009 2114 4085">
    <p class='ocr_par' dir='ltr' id='par_1_56' title="bbox 537 4009 2114 4085">
     <span class='ocr_line' id='line_1_56' title="bbox 537 4009 2114 4085; baseline -0.01 -8"><span class='ocrx_word' id='word_1_386' title='bbox 537 4035 826 4085; x_wconf 87' lang='lat' dir='ltr'><strong>canonem,</strong></span> <span class='ocrx_word' id='word_1_387' title='bbox 865 4018 908 4071; x_wconf 88' lang='lat' dir='ltr'><strong>si</strong></span> <span class='ocrx_word' id='word_1_388' title='bbox 961 4014 1090 4085; x_wconf 90' lang='lat' dir='ltr'><strong>quid</strong></span> <span class='ocrx_word' id='word_1_389' title='bbox 1128 4013 1295 4077; x_wconf 86' lang='lat' dir='ltr'><strong>valet,</strong></span> <span class='ocrx_word' id='word_1_390' title='bbox 1339 4012 1501 4065; x_wconf 89' lang='lat' dir='ltr'><strong>unice</strong></span> <span class='ocrx_word' id='word_1_391' title='bbox 1550 4011 1730 4065; x_wconf 89' lang='lat' dir='ltr'><strong>valere</strong></span> <span class='ocrx_word' id='word_1_392' title='bbox 1776 4025 1874 4081; x_wconf 90' lang='lat' dir='ltr'><strong>pro</strong></span> <span class='ocrx_word' id='word_1_393' title='bbox 1919 4009 2114 4074; x_wconf 83' lang='lat' dir='ltr'><strong>Nubia,</strong></span> 
     </span>
    </p>
   </div>
   <div class='ocr_carea' id='block_1_57' title="bbox 537 4100 2113 4183">
    <p class='ocr_par' dir='ltr' id='par_1_57' title="bbox 537 4100 2113 4183">
     <span class='ocr_line' id='line_1_57' title="bbox 537 4100 2113 4183; baseline -0.01 -13"><span class='ocrx_word' id='word_1_394' title='bbox 537 4116 652 4170; x_wconf 84' lang='lat' dir='ltr'><strong>sive</strong></span> <span class='ocrx_word' id='word_1_395' title='bbox 686 4127 786 4183; x_wconf 89' lang='lat' dir='ltr'><strong>pro</strong></span> <span class='ocrx_word' id='word_1_396' title='bbox 821 4107 1099 4175; x_wconf 62' lang='lat' dir='ltr'><strong>EthiOpia</strong></span> <span class='ocrx_word' id='word_1_397' title='bbox 1147 4106 1291 4158; x_wconf 86' lang='lat' dir='ltr'><strong>inter</strong></span> <span class='ocrx_word' id='word_1_398' title='bbox 1323 4101 1703 4156; x_wconf 88' lang='lat' dir='ltr'><strong>Habcssiniam</strong></span> <span class='ocrx_word' id='word_1_399' title='bbox 1738 4110 1791 4153; x_wconf 92' lang='lat' dir='ltr'><strong>et</strong></span> <span class='ocrx_word' id='word_1_400' title='bbox 1820 4100 2113 4171; x_wconf 63' lang='lat' dir='ltr'><strong>Algyptum</strong></span> 
     </span>
    </p>
   </div>
   <div class='ocr_carea' id='block_1_58' title="bbox 535 4191 2112 4264">
    <p class='ocr_par' dir='ltr' id='par_1_58' title="bbox 535 4191 2112 4264">
     <span class='ocr_line' id='line_1_58' title="bbox 535 4191 2112 4264; baseline -0.009 -2"><span class='ocrx_word' id='word_1_401' title='bbox 535 4207 736 4264; x_wconf 87' lang='lat' dir='ltr'><strong>media.</strong></span> <span class='ocrx_word' id='word_1_402' title='bbox 769 4201 1039 4256; x_wconf 78' lang='lat' dir='ltr'><strong>Attulerat</strong></span> <span class='ocrx_word' id='word_1_403' title='bbox 1069 4197 1322 4252; x_wconf 87' lang='lat' dir='ltr'><strong>eumdem</strong></span> <span class='ocrx_word' id='word_1_404' title='bbox 1353 4192 1622 4248; x_wconf 86' lang='lat' dir='ltr'><strong>Ludolfus</strong></span> <span class='ocrx_word' id='word_1_405' title='bbox 1659 4193 1716 4247; x_wconf 89' lang='lat' dir='ltr'><strong>in</strong></span> <span class='ocrx_word' id='word_1_406' title='bbox 1747 4191 1982 4247; x_wconf 85' lang='lat' dir='ltr'><strong>Historia</strong></span> <span class='ocrx_word' id='word_1_407' title='bbox 2015 4211 2112 4250; x_wconf 88' lang='lat' dir='ltr'><strong>sua</strong></span> 
     </span>
    </p>
   </div>
   <div class='ocr_carea' id='block_1_59' title="bbox 532 4285 2113 4356">
    <p class='ocr_par' dir='ltr' id='par_1_59' title="bbox 532 4285 2113 4356">
     <span class='ocr_line' id='line_1_59' title="bbox 532 4285 2113 4356; baseline -0.009 -2"><span class='ocrx_word' id='word_1_408' title='bbox 532 4301 602 4354; x_wconf 85' lang='lat' dir='ltr'><strong>ad</strong></span> <span class='ocrx_word' id='word_1_409' title='bbox 638 4293 1052 4351; x_wconf 86' lang='lat' dir='ltr'><strong>conversionem</strong></span> <span class='ocrx_word' id='word_1_410' title='bbox 1086 4287 1429 4343; x_wconf 75' lang='lat' dir='ltr'><strong>Habcssinize</strong></span> <span class='ocrx_word' id='word_1_411' title='bbox 1475 4285 1856 4356; x_wconf 84' lang='lat' dir='ltr'><strong>probandam;</strong></span> <span class='ocrx_word' id='word_1_412' title='bbox 1891 4287 1986 4341; x_wconf 89' lang='lat' dir='ltr'><strong>sed</strong></span> <span class='ocrx_word' id='word_1_413' title='bbox 2014 4303 2113 4356; x_wconf 89' lang='lat' dir='ltr'><strong>po-</strong></span> 
     </span>
    </p>
   </div>
   <div class='ocr_carea' id='block_1_60' title="bbox 536 4379 2114 4453">
    <p class='ocr_par' dir='ltr' id='par_1_60' title="bbox 536 4379 2114 4453">
     <span class='ocr_line' id='line_1_60' title="bbox 536 4379 2114 4453; baseline -0.011 -5"><span class='ocrx_word' id='word_1_414' title='bbox 536 4403 653 4448; x_wconf 88' lang='lat' dir='ltr'><strong>stea</strong></span> <span class='ocrx_word' id='word_1_415' title='bbox 690 4391 745 4444; x_wconf 92' lang='lat' dir='ltr'><strong>in</strong></span> <span class='ocrx_word' id='word_1_416' title='bbox 791 4383 1080 4442; x_wconf 80' lang='lat' dir='ltr'><strong>Adnotatis</strong></span> <span class='ocrx_word' id='word_1_417' title='bbox 1122 4397 1244 4453; x_wconf 84' lang='lat' dir='ltr'><strong>pag.</strong></span> <span class='ocrx_word' id='word_1_418' title='bbox 1276 4381 1384 4435; x_wconf 69' lang='lat'><strong>282</strong></span> <span class='ocrx_word' id='word_1_419' title='bbox 1416 4380 1553 4434; x_wconf 78' lang='lat' dir='ltr'><strong>vidit</strong></span> <span class='ocrx_word' id='word_1_420' title='bbox 1585 4388 1642 4432; x_wconf 90' lang='lat' dir='ltr'><strong>et</strong></span> <span class='ocrx_word' id='word_1_421' title='bbox 1684 4379 1942 4432; x_wconf 91' lang='lat' dir='ltr'><strong>indicavit</strong></span> <span class='ocrx_word' id='word_1_422' title='bbox 1982 4395 2114 4432; x_wconf 85' lang='lat' dir='ltr'><strong>ana-</strong></span> 
     </span>
    </p>
   </div>
   <div class='ocr_carea' id='block_1_61' title="bbox 535 4468 2113 4539">
    <p class='ocr_par' dir='ltr' id='par_1_61' title="bbox 535 4468 2113 4539">
     <span class='ocr_line' id='line_1_61' title="bbox 535 4468 2113 4539; baseline -0.01 -1"><span class='ocrx_word' id='word_1_423' title='bbox 535 4482 940 4538; x_wconf 85' lang='lat' dir='ltr'><strong>ehronismurn,</strong></span> <span class='ocrx_word' id='word_1_424' title='bbox 966 4491 1089 4530; x_wconf 92' lang='lat' dir='ltr'><strong>eum</strong></span> <span class='ocrx_word' id='word_1_425' title='bbox 1122 4472 1440 4526; x_wconf 81' lang='lat' dir='ltr'><strong>Habessinia</strong></span> <span class='ocrx_word' id='word_1_426' title='bbox 1488 4468 1654 4524; x_wconf 89' lang='lat' dir='ltr'><strong>fuerit</strong></span> <span class='ocrx_word' id='word_1_427' title='bbox 1697 4484 1963 4524; x_wconf 71' lang='lat' dir='ltr'><strong>conversa</strong></span> <span class='ocrx_word' id='word_1_428' title='bbox 1993 4481 2113 4539; x_wconf 88' lang='lat' dir='ltr'><strong>post</strong></span> 
     </span>
    </p>
   </div>
   <div class='ocr_carea' id='block_1_62' title="bbox 535 4547 2190 4634">
    <p class='ocr_par' dir='ltr' id='par_1_62' title="bbox 535 4547 2190 4634">
     <span class='ocr_line' id='line_1_62' title="bbox 535 4547 2190 4634; baseline -0.01 -1"><span class='ocrx_word' id='word_1_429' title='bbox 535 4573 832 4633; x_wconf 84' lang='lat' dir='ltr'><strong>concilium</strong></span> <span class='ocrx_word' id='word_1_430' title='bbox 874 4569 1175 4632; x_wconf 66' lang='lat' dir='ltr'><strong>Nicaenum,</strong></span> <span class='ocrx_word' id='word_1_431' title='bbox 1214 4573 1272 4620; x_wconf 89' lang='lat' dir='ltr'><strong>ut</strong></span> <span class='ocrx_word' id='word_1_432' title='bbox 1315 4564 1430 4634; x_wconf 90' lang='lat' dir='ltr'><strong>ipse</strong></span> <span class='ocrx_word' id='word_1_433' title='bbox 1475 4564 1741 4633; x_wconf 82' lang='lat' dir='ltr'><strong>agnoscit.</strong></span> <span class='ocrx_word' id='word_1_434' title='bbox 1776 4563 2110 4631; x_wconf 84' lang='lat' dir='ltr'><strong>Lequienus.</strong></span> <span class='ocrx_word' id='word_1_435' title='bbox 2151 4547 2190 4600; x_wconf 72' lang='grc'><strong>[³</strong></span> 
     </span>
    </p>
   </div>
   <div class='ocr_carea' id='block_1_63' title="bbox 536 4655 2112 4728">
    <p class='ocr_par' dir='ltr' id='par_1_63' title="bbox 536 4655 2112 4728">
     <span class='ocr_line' id='line_1_63' title="bbox 536 4655 2112 4728; baseline -0.011 -3"><span class='ocrx_word' id='word_1_436' title='bbox 536 4682 670 4725; x_wconf 87' lang='lat' dir='ltr'><strong>toro.</strong></span> <span class='ocrx_word' id='word_1_437' title='bbox 699 4668 742 4722; x_wconf 88' lang='lat' dir='ltr'><strong>ll</strong></span> <span class='ocrx_word' id='word_1_438' title='bbox 774 4662 1014 4720; x_wconf 82' lang='lat' dir='ltr'><strong>Orientis</strong></span> <span class='ocrx_word' id='word_1_439' title='bbox 1050 4659 1369 4724; x_wconf 90' lang='lat' dir='ltr'><strong>Christiani,</strong></span> <span class='ocrx_word' id='word_1_440' title='bbox 1407 4672 1532 4728; x_wconf 88' lang='lat' dir='ltr'><strong>pag.</strong></span> <span class='ocrx_word' id='word_1_441' title='bbox 1568 4655 1664 4710; x_wconf 74' lang='lat' dir='ltr'><strong>6M</strong></span> <span class='ocrx_word' id='word_1_442' title='bbox 1700 4655 1952 4709; x_wconf 89' lang='lat' dir='ltr'><strong>eumdem</strong></span> <span class='ocrx_word' id='word_1_443' title='bbox 1987 4672 2112 4725; x_wconf 82' lang='lat' dir='ltr'><strong>pro-</strong></span> 
     </span>
    </p>
   </div>
   <div class='ocr_carea' id='block_1_64' title="bbox 536 4749 2115 4826">
    <p class='ocr_par' dir='ltr' id='par_1_64' title="bbox 536 4749 2115 4826">
     <span class='ocr_line' id='line_1_64' title="bbox 536 4749 2115 4826; baseline -0.009 -6"><span class='ocrx_word' id='word_1_444' title='bbox 536 4765 687 4820; x_wconf 82' lang='lat' dir='ltr'><strong>ducit</strong></span> <span class='ocrx_word' id='word_1_445' title='bbox 734 4773 1001 4816; x_wconf 89' lang='lat' dir='ltr'><strong>canonem</strong></span> <span class='ocrx_word' id='word_1_446' title='bbox 1048 4771 1145 4826; x_wconf 92' lang='lat' dir='ltr'><strong>pro</strong></span> <span class='ocrx_word' id='word_1_447' title='bbox 1181 4753 1545 4808; x_wconf 70' lang='lat' dir='ltr'><strong>conversione</strong></span> <span class='ocrx_word' id='word_1_448' title='bbox 1581 4749 2027 4810; x_wconf 88' lang='lat' dir='ltr'><strong>Habessinorum.</strong></span> <span class='ocrx_word' id='word_1_449' title='bbox 2061 4761 2115 4805; x_wconf 92' lang='lat' dir='ltr'><strong>et</strong></span> 
     </span>
    </p>
   </div>
   <div class='ocr_carea' id='block_1_65' title="bbox 535 4841 2114 4908">
    <p class='ocr_par' dir='ltr' id='par_1_65' title="bbox 535 4841 2114 4908">
     <span class='ocr_line' id='line_1_65' title="bbox 535 4841 2114 4908; baseline -0.009 0"><span class='ocrx_word' id='word_1_450' title='bbox 535 4855 620 4908; x_wconf 85' lang='lat' dir='ltr'><strong>vel</strong></span> <span class='ocrx_word' id='word_1_451' title='bbox 672 4853 752 4906; x_wconf 93' lang='lat' dir='ltr'><strong>sic</strong></span> <span class='ocrx_word' id='word_1_452' title='bbox 787 4863 980 4905; x_wconf 92' lang='lat' dir='ltr'><strong>eorum</strong></span> <span class='ocrx_word' id='word_1_453' title='bbox 1019 4844 1436 4900; x_wconf 83' lang='lat' dir='ltr'><strong>conversionem</strong></span> <span class='ocrx_word' id='word_1_454' title='bbox 1493 4842 1746 4895; x_wconf 90' lang='lat' dir='ltr'><strong>attribuit</strong></span> <span class='ocrx_word' id='word_1_455' title='bbox 1795 4841 2114 4894; x_wconf 81' lang='lat' dir='ltr'><strong>Frumentio</strong></span> 
     </span>
    </p>
   </div>
   <div class='ocr_carea' id='block_1_66' title="bbox 535 4931 2116 5016">
    <p class='ocr_par' dir='ltr' id='par_1_66' title="bbox 535 4931 2116 5016">
     <span class='ocr_line' id='line_1_66' title="bbox 535 4931 2116 5016; baseline -0.008 -20"><span class='ocrx_word' id='word_1_456' title='bbox 535 4953 659 5016; x_wconf 86' lang='lat' dir='ltr'><strong>post</strong></span> <span class='ocrx_word' id='word_1_457' title='bbox 688 4940 978 4997; x_wconf 89' lang='lat' dir='ltr'><strong>concilium</strong></span> <span class='ocrx_word' id='word_1_458' title='bbox 1031 4937 1310 4992; x_wconf 64' lang='lat' dir='ltr'><strong>Nicznum</strong></span> <span class='ocrx_word' id='word_1_459' title='bbox 1346 4933 1616 4990; x_wconf 86' lang='lat' dir='ltr'><strong>ordinato.</strong></span> <span class='ocrx_word' id='word_1_460' title='bbox 1676 4931 1872 4986; x_wconf 77' lang='lat' dir='ltr'><strong>Verum</strong></span> <span class='ocrx_word' id='word_1_461' title='bbox 1924 4934 2116 5001; x_wconf 86' lang='lat' dir='ltr'><strong>nequit</strong></span> 
     </span>
    </p>
   </div>
   <div class='ocr_carea' id='block_1_67' title="bbox 537 5023 2111 5109">
    <p class='ocr_par' dir='ltr' id='par_1_67' title="bbox 537 5023 2111 5109">
     <span class='ocr_line' id='line_1_67' title="bbox 537 5023 2111 5109; baseline -0.008 -20"><span class='ocrx_word' id='word_1_462' title='bbox 537 5055 633 5109; x_wconf 80' lang='lat' dir='ltr'><strong>pro</strong></span> <span class='ocrx_word' id='word_1_463' title='bbox 666 5037 896 5091; x_wconf 88' lang='lat' dir='ltr'><strong>aliorum</strong></span> <span class='ocrx_word' id='word_1_464' title='bbox 945 5029 1265 5098; x_wconf 63' lang='lat' dir='ltr'><strong>EthiOpum</strong></span> <span class='ocrx_word' id='word_1_465' title='bbox 1311 5025 1415 5080; x_wconf 82' lang='lat' dir='ltr'><strong>fide</strong></span> <span class='ocrx_word' id='word_1_466' title='bbox 1449 5039 1627 5079; x_wconf 85' lang='lat' dir='ltr'><strong>canon</strong></span> <span class='ocrx_word' id='word_1_467' title='bbox 1681 5024 1770 5077; x_wconf 88' lang='lat' dir='ltr'><strong>ille</strong></span> <span class='ocrx_word' id='word_1_468' title='bbox 1814 5023 2030 5087; x_wconf 86' lang='lat' dir='ltr'><strong>adduci,</strong></span> <span class='ocrx_word' id='word_1_469' title='bbox 2067 5025 2111 5078; x_wconf 89' lang='lat' dir='ltr'><strong>si</strong></span> 
     </span>
    </p>
   </div>
   <div class='ocr_carea' id='block_1_68' title="bbox 533 5115 2114 5189">
    <p class='ocr_par' dir='ltr' id='par_1_68' title="bbox 533 5115 2114 5189">
     <span class='ocr_line' id='line_1_68' title="bbox 533 5115 2114 5189; baseline -0.011 -4"><span class='ocrx_word' id='word_1_470' title='bbox 533 5131 790 5185; x_wconf 72' lang='lat' dir='ltr'><strong>Nicaenus</strong></span> <span class='ocrx_word' id='word_1_471' title='bbox 841 5124 1116 5185; x_wconf 84' lang='lat' dir='ltr'><strong>credatur,</strong></span> <span class='ocrx_word' id='word_1_472' title='bbox 1148 5134 1310 5189; x_wconf 89' lang='lat' dir='ltr'><strong>quam</strong></span> <span class='ocrx_word' id='word_1_473' title='bbox 1341 5131 1437 5188; x_wconf 92' lang='lat' dir='ltr'><strong>pro</strong></span> <span class='ocrx_word' id='word_1_474' title='bbox 1481 5115 1833 5185; x_wconf 61' lang='lat' dir='ltr'><strong>Ethiopibus</strong></span> <span class='ocrx_word' id='word_1_475' title='bbox 1879 5115 2114 5186; x_wconf 63' lang='lat' dir='ltr'><strong>Egypto</strong></span> 
     </span>
    </p>
   </div>
   <div class='ocr_carea' id='block_1_69' title="bbox 539 5197 2114 5296">
    <p class='ocr_par' dir='ltr' id='par_1_69' title="bbox 539 5197 2114 5296">
     <span class='ocr_line' id='line_1_69' title="bbox 539 5197 2114 5296; baseline -0.011 -19"><span class='ocrx_word' id='word_1_476' title='bbox 539 5222 820 5294; x_wconf 75' lang='lat' dir='ltr'><strong>proximis,</strong></span> <span class='ocrx_word' id='word_1_477' title='bbox 855 5227 908 5272; x_wconf 89' lang='lat' dir='ltr'><strong>et</strong></span> <span class='ocrx_word' id='word_1_478' title='bbox 939 5230 1005 5271; x_wconf 90' lang='lat' dir='ltr'><strong>eo</strong></span> <span class='ocrx_word' id='word_1_479' title='bbox 1034 5213 1258 5267; x_wconf 87' lang='lat' dir='ltr'><strong>nomine</strong></span> <span class='ocrx_word' id='word_1_480' title='bbox 1304 5210 1539 5296; x_wconf 77' lang='lat' dir='ltr'><strong>maxime</strong></span> <span class='ocrx_word' id='word_1_481' title='bbox 1586 5211 1729 5262; x_wconf 83' lang='lat' dir='ltr'><strong>notis</strong></span> <span class='ocrx_word' id='word_1_482' title='bbox 1782 5210 1922 5278; x_wconf 90' lang='lat' dir='ltr'><strong>apud</strong></span> <span class='ocrx_word' id='word_1_483' title='bbox 1973 5197 2114 5260; x_wconf 86' lang='lat' dir='ltr'><strong>anti-</strong></span> 
     </span>
    </p>
   </div>
   <div class='ocr_carea' id='block_1_70' title="bbox 533 5301 2106 5387">
    <p class='ocr_par' dir='ltr' id='par_1_70' title="bbox 533 5301 2106 5387">
     <span class='ocr_line' id='line_1_70' title="bbox 533 5301 2106 5387; baseline -0.01 -17"><span class='ocrx_word' id='word_1_484' title='bbox 533 5331 696 5387; x_wconf 84' lang='lat' dir='ltr'><strong>quos.</strong></span> <span class='ocrx_word' id='word_1_485' title='bbox 726 5313 834 5365; x_wconf 82' lang='lat' dir='ltr'><strong>Hos</strong></span> <span class='ocrx_word' id='word_1_486' title='bbox 866 5319 1050 5364; x_wconf 86' lang='lat' dir='ltr'><strong>autem</strong></span> <span class='ocrx_word' id='word_1_487' title='bbox 1099 5306 1228 5360; x_wconf 88' lang='lat' dir='ltr'><strong>olim</strong></span> <span class='ocrx_word' id='word_1_488' title='bbox 1279 5304 1445 5358; x_wconf 86' lang='lat' dir='ltr'><strong>fuisse</strong></span> <span class='ocrx_word' id='word_1_489' title='bbox 1488 5301 1832 5358; x_wconf 83' lang='lat' dir='ltr'><strong>Christ&#39;anos</strong></span> <span class='ocrx_word' id='word_1_490' title='bbox 1873 5312 2106 5370; x_wconf 88' lang='lat' dir='ltr'><strong>constat,</strong></span> 
     </span>
    </p>
   </div>
   <div class='ocr_carea' id='block_1_71' title="bbox 535 5395 2109 5467">
    <p class='ocr_par' dir='ltr' id='par_1_71' title="bbox 535 5395 2109 5467">
     <span class='ocr_line' id='line_1_71' title="bbox 535 5395 2109 5467; baseline -0.009 -4"><span class='ocrx_word' id='word_1_491' title='bbox 535 5423 638 5462; x_wconf 89' lang='lat' dir='ltr'><strong>nec</strong></span> <span class='ocrx_word' id='word_1_492' title='bbox 667 5405 797 5459; x_wconf 85' lang='lat' dir='ltr'><strong>satis</strong></span> <span class='ocrx_word' id='word_1_493' title='bbox 829 5402 1090 5463; x_wconf 89' lang='lat' dir='ltr'><strong>innotuit,</strong></span> <span class='ocrx_word' id='word_1_494' title='bbox 1129 5413 1158 5452; x_wconf 85' lang='lat' dir='ltr'><strong>a</strong></span> <span class='ocrx_word' id='word_1_495' title='bbox 1205 5413 1315 5467; x_wconf 90' lang='lat' dir='ltr'><strong>quo</strong></span> <span class='ocrx_word' id='word_1_496' title='bbox 1362 5397 1565 5449; x_wconf 91' lang='lat' dir='ltr'><strong>fuerint</strong></span> <span class='ocrx_word' id='word_1_497' title='bbox 1613 5395 1882 5449; x_wconf 88' lang='lat' dir='ltr'><strong>conversi.</strong></span> <span class='ocrx_word' id='word_1_498' title='bbox 1920 5396 2109 5449; x_wconf 80' lang='lat' dir='ltr'><strong>Eunu-</strong></span> 
     </span>
    </p>
   </div>
   <div class='ocr_carea' id='block_1_72' title="bbox 533 5489 2110 5566">
    <p class='ocr_par' dir='ltr' id='par_1_72' title="bbox 533 5489 2110 5566">
     <span class='ocr_line' id='line_1_72' title="bbox 533 5489 2110 5566; baseline -0.01 -9"><span class='ocrx_word' id='word_1_499' title='bbox 533 5502 701 5556; x_wconf 81' lang='lat' dir='ltr'><strong>chum</strong></span> <span class='ocrx_word' id='word_1_500' title='bbox 742 5498 942 5566; x_wconf 67' lang='lat' dir='ltr'><strong>regium</strong></span> <span class='ocrx_word' id='word_1_501' title='bbox 981 5493 1283 5551; x_wconf 85' lang='lat' dir='ltr'><strong>Candaccs,</strong></span> <span class='ocrx_word' id='word_1_502' title='bbox 1338 5505 1460 5558; x_wconf 73' lang='lat' dir='ltr'><strong>quae</strong></span> <span class='ocrx_word' id='word_1_503' title='bbox 1515 5497 1666 5542; x_wconf 81' lang='lat' dir='ltr'><strong>certo</strong></span> <span class='ocrx_word' id='word_1_504' title='bbox 1725 5489 1778 5540; x_wconf 89' lang='lat' dir='ltr'><strong>in</strong></span> <span class='ocrx_word' id='word_1_505' title='bbox 1836 5489 1919 5540; x_wconf 87' lang='lat' dir='ltr'><strong>illa</strong></span> <span class='ocrx_word' id='word_1_506' title='bbox 1960 5498 2110 5556; x_wconf 83' lang='lat' dir='ltr'><strong>parte</strong></span> 
     </span>
    </p>
   </div>
   <div class='ocr_carea' id='block_1_73' title="bbox 535 5577 2110 5658">
    <p class='ocr_par' dir='ltr' id='par_1_73' title="bbox 535 5577 2110 5658">
     <span class='ocr_line' id='line_1_73' title="bbox 535 5577 2110 5658; baseline -0.008 -12"><span class='ocrx_word' id='word_1_507' title='bbox 535 5588 827 5658; x_wconf 58' lang='lat' dir='ltr'><strong>Ethiopian</strong></span> <span class='ocrx_word' id='word_1_508' title='bbox 866 5586 1135 5657; x_wconf 85' lang='lat' dir='ltr'><strong>regnavit,</strong></span> <span class='ocrx_word' id='word_1_509' title='bbox 1197 5584 1386 5637; x_wconf 83' lang='lat' dir='ltr'><strong>Patres</strong></span> <span class='ocrx_word' id='word_1_510' title='bbox 1435 5581 1588 5634; x_wconf 86' lang='lat' dir='ltr'><strong>multi</strong></span> <span class='ocrx_word' id='word_1_511' title='bbox 1645 5577 1844 5634; x_wconf 82' lang='lat' dir='ltr'><strong>ibidem</strong></span> <span class='ocrx_word' id='word_1_512' title='bbox 1902 5581 2110 5638; x_wconf 80' lang='lat' dir='ltr'><strong>faciunt</strong></span> 
     </span>
    </p>
   </div>
   <div class='ocr_carea' id='block_1_74' title="bbox 532 5672 2110 5753">
    <p class='ocr_par' dir='ltr' id='par_1_74' title="bbox 532 5672 2110 5753">
     <span class='ocr_line' id='line_1_74' title="bbox 532 5672 2110 5753; baseline -0.008 -16"><span class='ocrx_word' id='word_1_513' title='bbox 532 5682 838 5753; x_wconf 85' lang='lat' dir='ltr'><strong>apostolum</strong></span> <span class='ocrx_word' id='word_1_514' title='bbox 873 5698 886 5732; x_wconf 87' lang='lat'><strong>:</strong></span> <span class='ocrx_word' id='word_1_515' title='bbox 925 5686 980 5731; x_wconf 90' lang='lat' dir='ltr'><strong>at</strong></span> <span class='ocrx_word' id='word_1_516' title='bbox 1030 5685 1182 5730; x_wconf 88' lang='lat' dir='ltr'><strong>certo</strong></span> <span class='ocrx_word' id='word_1_517' title='bbox 1207 5673 1496 5729; x_wconf 85' lang='lat' dir='ltr'><strong>eunuchus</strong></span> <span class='ocrx_word' id='word_1_518' title='bbox 1533 5672 1620 5726; x_wconf 89' lang='lat' dir='ltr'><strong>ille</strong></span> <span class='ocrx_word' id='word_1_519' title='bbox 1652 5673 1821 5738; x_wconf 88' lang='lat' dir='ltr'><strong>solus,</strong></span> <span class='ocrx_word' id='word_1_520' title='bbox 1858 5688 1979 5726; x_wconf 90' lang='lat' dir='ltr'><strong>cum</strong></span> <span class='ocrx_word' id='word_1_521' title='bbox 2013 5675 2110 5727; x_wconf 88' lang='lat' dir='ltr'><strong>lai-</strong></span> 
     </span>
    </p>
   </div>
   <div class='ocr_carea' id='block_1_75' title="bbox 532 5763 2109 5834">
    <p class='ocr_par' dir='ltr' id='par_1_75' title="bbox 532 5763 2109 5834">
     <span class='ocr_line' id='line_1_75' title="bbox 532 5763 2109 5834; baseline -0.009 -4"><span class='ocrx_word' id='word_1_522' title='bbox 532 5790 630 5830; x_wconf 89' lang='lat' dir='ltr'><strong>cus</strong></span> <span class='ocrx_word' id='word_1_523' title='bbox 659 5780 824 5834; x_wconf 88' lang='lat' dir='ltr'><strong>esset,</strong></span> <span class='ocrx_word' id='word_1_524' title='bbox 853 5768 1116 5824; x_wconf 86' lang='lat' dir='ltr'><strong>ecclesias</strong></span> <span class='ocrx_word' id='word_1_525' title='bbox 1145 5765 1217 5820; x_wconf 89' lang='lat' dir='ltr'><strong>ibi</strong></span> <span class='ocrx_word' id='word_1_526' title='bbox 1246 5765 1537 5819; x_wconf 83' lang='lat' dir='ltr'><strong>instituere</strong></span> <span class='ocrx_word' id='word_1_527' title='bbox 1579 5779 1686 5817; x_wconf 91' lang='lat' dir='ltr'><strong>non</strong></span> <span class='ocrx_word' id='word_1_528' title='bbox 1719 5763 1915 5831; x_wconf 85' lang='lat' dir='ltr'><strong>potuit.</strong></span> <span class='ocrx_word' id='word_1_529' title='bbox 1956 5763 2109 5817; x_wconf 81' lang='lat' dir='ltr'><strong>Ruti-</strong></span> 
     </span>
    </p>
   </div>
   <div class='ocr_carea' id='block_1_76' title="bbox 538 5855 2098 5929">
    <p class='ocr_par' dir='ltr' id='par_1_76' title="bbox 538 5855 2098 5929">
     <span class='ocr_line' id='line_1_76' title="bbox 538 5855 2098 5929; baseline -0.006 -9"><span class='ocrx_word' id='word_1_530' title='bbox 538 5877 644 5928; x_wconf 70' lang='lat' dir='ltr'><strong>nas</strong></span> <span class='ocrx_word' id='word_1_531' title='bbox 679 5875 733 5921; x_wconf 86' lang='lat' dir='ltr'><strong>et</strong></span> <span class='ocrx_word' id='word_1_532' title='bbox 785 5863 1061 5926; x_wconf 85' lang='lat' dir='ltr'><strong>Socrates,</strong></span> <span class='ocrx_word' id='word_1_533' title='bbox 1087 5859 1284 5929; x_wconf 86' lang='lat' dir='ltr'><strong>quibus</strong></span> <span class='ocrx_word' id='word_1_534' title='bbox 1329 5855 1678 5912; x_wconf 70' lang='lat' dir='ltr'><strong>eopsentiunt</strong></span> <span class='ocrx_word' id='word_1_535' title='bbox 1720 5855 1774 5909; x_wconf 89' lang='lat' dir='ltr'><strong>S.</strong></span> <span class='ocrx_word' id='word_1_536' title='bbox 1807 5855 2098 5925; x_wconf 77' lang='lat' dir='ltr'><strong>Gregorius</strong></span> 
     </span>
    </p>
   </div>
   <div class='ocr_carea' id='block_1_77' title="bbox 2227 1980 3814 2052">
    <p class='ocr_par' dir='ltr' id='par_1_77' title="bbox 2227 1980 3814 2052">
     <span class='ocr_line' id='line_1_77' title="bbox 2227 1980 3814 2052; baseline 0.002 -20"><span class='ocrx_word' id='word_1_537' title='bbox 2227 1990 2434 2033; x_wconf 80' lang='lat' dir='ltr'><strong>rentur.</strong></span> <span class='ocrx_word' id='word_1_538' title='bbox 2468 1980 2745 2035; x_wconf 84' lang='lat' dir='ltr'><strong>lndiculus</strong></span> <span class='ocrx_word' id='word_1_539' title='bbox 2775 1981 3046 2052; x_wconf 79' lang='lat' dir='ltr'><strong>Hippolyti</strong></span> <span class='ocrx_word' id='word_1_540' title='bbox 3085 1983 3225 2051; x_wconf 86' lang='lat' dir='ltr'><strong>apud</strong></span> <span class='ocrx_word' id='word_1_541' title='bbox 3257 1982 3651 2037; x_wconf 85' lang='lat' dir='ltr'><strong>Combefisium</strong></span> <span class='ocrx_word' id='word_1_542' title='bbox 3689 1993 3814 2035; x_wconf 93' lang='lat' dir='ltr'><strong>tom.</strong></span> 
     </span>
    </p>
   </div>
   <div class='ocr_carea' id='block_1_78' title="bbox 2226 2073 3817 2145">
    <p class='ocr_par' dir='ltr' id='par_1_78' title="bbox 2226 2073 3817 2145">
     <span class='ocr_line' id='line_1_78' title="bbox 2226 2073 3817 2145; baseline 0.001 -19"><span class='ocrx_word' id='word_1_543' title='bbox 2226 2073 2420 2130; x_wconf 88' lang='lat' dir='ltr'><strong>lll.col.</strong></span> <span class='ocrx_word' id='word_1_544' title='bbox 2453 2073 2666 2135; x_wconf 75' lang='lat' dir='ltr'><strong>851,ita</strong></span> <span class='ocrx_word' id='word_1_545' title='bbox 2692 2073 2852 2128; x_wconf 89' lang='lat' dir='ltr'><strong>habet</strong></span> <span class='ocrx_word' id='word_1_546' title='bbox 2882 2092 2893 2128; x_wconf 89' lang='lat'><strong>:</strong></span> <span class='ocrx_word' id='word_1_547' title='bbox 2930 2093 2947 2125; x_wconf 77' lang='grc' dir='ltr'>ι</span> <span class='ocrx_word' id='word_1_548' title='bbox 2979 2074 3426 2138; x_wconf 74' lang='lat' dir='ltr'><strong>.‘tlatthzcns,eum</strong></span> <span class='ocrx_word' id='word_1_549' title='bbox 3458 2075 3817 2145; x_wconf 83' lang='lat' dir='ltr'><strong>Evangelium</strong></span> 
     </span>
    </p>
   </div>
   <div class='ocr_carea' id='block_1_79' title="bbox 2226 2161 3821 2236">
    <p class='ocr_par' dir='ltr' id='par_1_79' title="bbox 2226 2161 3821 2236">
     <span class='ocr_line' id='line_1_79' title="bbox 2226 2161 3821 2236; baseline 0.002 -21"><span class='ocrx_word' id='word_1_550' title='bbox 2226 2161 2490 2216; x_wconf 83' lang='lat' dir='ltr'><strong>Hebraice</strong></span> <span class='ocrx_word' id='word_1_551' title='bbox 2525 2163 2855 2232; x_wconf 84' lang='lat' dir='ltr'><strong>scripsisset,</strong></span> <span class='ocrx_word' id='word_1_552' title='bbox 2891 2163 3284 2236; x_wconf 81' lang='lat' dir='ltr'><strong>Hierosolymis</strong></span> <span class='ocrx_word' id='word_1_553' title='bbox 3314 2167 3506 2231; x_wconf 89' lang='lat' dir='ltr'><strong>edidit,</strong></span> <span class='ocrx_word' id='word_1_554' title='bbox 3542 2165 3821 2221; x_wconf 87' lang='lat' dir='ltr'><strong>obdormi-</strong></span> 
     </span>
    </p>
   </div>
   <div class='ocr_carea' id='block_1_80' title="bbox 2225 2253 3815 2329">
    <p class='ocr_par' dir='ltr' id='par_1_80' title="bbox 2225 2253 3815 2329">
     <span class='ocr_line' id='line_1_80' title="bbox 2225 2253 3815 2329; baseline 0.004 -23"><span class='ocrx_word' id='word_1_555' title='bbox 2225 2254 2410 2324; x_wconf 78' lang='lat' dir='ltr'><strong>vitque</strong></span> <span class='ocrx_word' id='word_1_556' title='bbox 2440 2253 2645 2308; x_wconf 76' lang='lat' dir='ltr'><strong>Hierea:</strong></span> <span class='ocrx_word' id='word_1_557' title='bbox 2685 2255 3008 2310; x_wconf 86' lang='lat' dir='ltr'><strong>Parthorum</strong></span> <span class='ocrx_word' id='word_1_558' title='bbox 3040 2259 3282 2312; x_wconf 81' lang='lat' dir='ltr'><strong>civitate.</strong></span> <span class='ocrx_word' id='word_1_559' title='bbox 3319 2277 3338 2310; x_wconf 74' lang='grc' dir='ltr'><strong><em>ι</em></strong></span> <span class='ocrx_word' id='word_1_560' title='bbox 3375 2259 3582 2313; x_wconf 81' lang='lat' dir='ltr'><strong>Verum</strong></span> <span class='ocrx_word' id='word_1_561' title='bbox 3617 2260 3815 2329; x_wconf 76' lang='lat' dir='ltr'><strong>exigua</strong></span> 
     </span>
    </p>
   </div>
   <div class='ocr_carea' id='block_1_81' title="bbox 2226 2345 3818 2417">
    <p class='ocr_par' dir='ltr' id='par_1_81' title="bbox 2226 2345 3818 2417">
     <span class='ocr_line' id='line_1_81' title="bbox 2226 2345 3818 2417; baseline 0.005 -23"><span class='ocrx_word' id='word_1_562' title='bbox 2226 2353 2403 2412; x_wconf 87' lang='lat' dir='ltr'><strong>potest</strong></span> <span class='ocrx_word' id='word_1_563' title='bbox 2434 2357 2554 2396; x_wconf 82' lang='lat' dir='ltr'><strong>esse</strong></span> <span class='ocrx_word' id='word_1_564' title='bbox 2587 2346 2886 2398; x_wconf 88' lang='lat' dir='ltr'><strong>auctoritas</strong></span> <span class='ocrx_word' id='word_1_565' title='bbox 2915 2345 3059 2397; x_wconf 89' lang='lat' dir='ltr'><strong>illius</strong></span> <span class='ocrx_word' id='word_1_566' title='bbox 3091 2345 3339 2406; x_wconf 90' lang='lat' dir='ltr'><strong>lndiculi.</strong></span> <span class='ocrx_word' id='word_1_567' title='bbox 3373 2348 3583 2414; x_wconf 90' lang='lat' dir='ltr'><strong>apertis</strong></span> <span class='ocrx_word' id='word_1_568' title='bbox 3608 2349 3818 2417; x_wconf 87' lang='lat' dir='ltr'><strong>aliquot</strong></span> 
     </span>
    </p>
   </div>
   <div class='ocr_carea' id='block_1_82' title="bbox 2225 2433 3817 2504">
    <p class='ocr_par' dir='ltr' id='par_1_82' title="bbox 2225 2433 3817 2504">
     <span class='ocr_line' id='line_1_82' title="bbox 2225 2433 3817 2504; baseline 0.006 -17"><span class='ocrx_word' id='word_1_569' title='bbox 2225 2433 2511 2487; x_wconf 89' lang='lat' dir='ltr'><strong>erroribus</strong></span> <span class='ocrx_word' id='word_1_570' title='bbox 2555 2434 2761 2501; x_wconf 64' lang='lat' dir='ltr'><strong>foedati,</strong></span> <span class='ocrx_word' id='word_1_571' title='bbox 2810 2436 2965 2504; x_wconf 84' lang='lat' dir='ltr'><strong>cujus</strong></span> <span class='ocrx_word' id='word_1_572' title='bbox 2996 2445 3185 2490; x_wconf 84' lang='lat' dir='ltr'><strong>auctor</strong></span> <span class='ocrx_word' id='word_1_573' title='bbox 3217 2447 3301 2492; x_wconf 88' lang='lat' dir='ltr'><strong>est</strong></span> <span class='ocrx_word' id='word_1_574' title='bbox 3334 2438 3599 2494; x_wconf 87' lang='lat' dir='ltr'><strong>incertus.</strong></span> <span class='ocrx_word' id='word_1_575' title='bbox 3648 2443 3817 2497; x_wconf 79' lang='lat' dir='ltr'><strong>Addit</strong></span> 
     </span>
    </p>
   </div>
   <div class='ocr_carea' id='block_1_83' title="bbox 2224 2512 3818 2598">
    <p class='ocr_par' dir='ltr' id='par_1_83' title="bbox 2224 2512 3818 2598">
     <span class='ocr_line' id='line_1_83' title="bbox 2224 2512 3818 2598; baseline 0.006 -20"><span class='ocrx_word' id='word_1_576' title='bbox 2224 2523 2582 2598; x_wconf 79' lang='lat' dir='ltr'><strong>Combclisius</strong></span> <span class='ocrx_word' id='word_1_577' title='bbox 2614 2525 2669 2579; x_wconf 93' lang='lat' dir='ltr'><strong>in</strong></span> <span class='ocrx_word' id='word_1_578' title='bbox 2696 2528 2988 2581; x_wconf 80' lang='lat' dir='ltr'><strong>Annotatis</strong></span> <span class='ocrx_word' id='word_1_579' title='bbox 3025 2546 3036 2580; x_wconf 93' lang='lat'><strong>:</strong></span> <span class='ocrx_word' id='word_1_580' title='bbox 3079 2512 3309 2582; x_wconf 48' lang='lat' dir='ltr'><strong>{Etiam</strong></span> <span class='ocrx_word' id='word_1_581' title='bbox 3341 2529 3658 2587; x_wconf 90' lang='lat' dir='ltr'><strong>Dorotheus</strong></span> <span class='ocrx_word' id='word_1_582' title='bbox 3689 2531 3818 2587; x_wconf 78' lang='lat' dir='ltr'><strong>Hie-</strong></span> 
     </span>
    </p>
   </div>
   <div class='ocr_carea' id='block_1_84' title="bbox 2224 2619 3815 2690">
    <p class='ocr_par' dir='ltr' id='par_1_84' title="bbox 2224 2619 3815 2690">
     <span class='ocr_line' id='line_1_84' title="bbox 2224 2619 3815 2690; baseline 0.003 -16"><span class='ocrx_word' id='word_1_583' title='bbox 2224 2619 2397 2690; x_wconf 89' lang='lat' dir='ltr'><strong>ropoli</strong></span> <span class='ocrx_word' id='word_1_584' title='bbox 2423 2619 2657 2674; x_wconf 67' lang='lat' dir='ltr'><strong>Parthia:</strong></span> <span class='ocrx_word' id='word_1_585' title='bbox 2675 2620 2876 2674; x_wconf 86' lang='lat' dir='ltr'><strong>obiisse</strong></span> <span class='ocrx_word' id='word_1_586' title='bbox 2910 2621 3092 2674; x_wconf 86' lang='lat' dir='ltr'><strong>tradit.</strong></span> <span class='ocrx_word' id='word_1_587' title='bbox 3121 2640 3138 2671; x_wconf 71' lang='grc' dir='ltr'>ι</span> <span class='ocrx_word' id='word_1_588' title='bbox 3176 2621 3238 2674; x_wconf 85' lang='lat' dir='ltr'><strong>At</strong></span> <span class='ocrx_word' id='word_1_589' title='bbox 3268 2622 3815 2688; x_wconf 76' lang='lat' dir='ltr'><strong>pseudo-Dorotheus</strong></span> 
     </span>
    </p>
   </div>
   <div class='ocr_carea' id='block_1_85' title="bbox 2222 2710 3815 2780">
    <p class='ocr_par' dir='ltr' id='par_1_85' title="bbox 2222 2710 3815 2780">
     <span class='ocr_line' id='line_1_85' title="bbox 2222 2710 3815 2780; baseline 0.001 -16"><span class='ocrx_word' id='word_1_590' title='bbox 2222 2711 2398 2764; x_wconf 86' lang='lat' dir='ltr'><strong>nihilo</strong></span> <span class='ocrx_word' id='word_1_591' title='bbox 2427 2711 2619 2763; x_wconf 90' lang='lat' dir='ltr'><strong>melior</strong></span> <span class='ocrx_word' id='word_1_592' title='bbox 2651 2721 2734 2765; x_wconf 88' lang='lat' dir='ltr'><strong>est</strong></span> <span class='ocrx_word' id='word_1_593' title='bbox 2783 2711 3095 2780; x_wconf 75' lang='lat' dir='ltr'><strong>Hippolyto.</strong></span> <span class='ocrx_word' id='word_1_594' title='bbox 3146 2710 3503 2778; x_wconf 81' lang='lat' dir='ltr'><strong>Freculphus.</strong></span> <span class='ocrx_word' id='word_1_595' title='bbox 3537 2712 3592 2764; x_wconf 91' lang='lat' dir='ltr'><strong>in</strong></span> <span class='ocrx_word' id='word_1_596' title='bbox 3634 2712 3815 2766; x_wconf 87' lang='lat' dir='ltr'><strong>Chro-</strong></span> 
     </span>
    </p>
   </div>
   <div class='ocr_carea' id='block_1_86' title="bbox 2224 2797 3815 2871">
    <p class='ocr_par' dir='ltr' id='par_1_86' title="bbox 2224 2797 3815 2871">
     <span class='ocr_line' id='line_1_86' title="bbox 2224 2797 3815 2871; baseline 0.004 -19"><span class='ocrx_word' id='word_1_597' title='bbox 2224 2799 2370 2860; x_wconf 90' lang='lat' dir='ltr'><strong>nico.</strong></span> <span class='ocrx_word' id='word_1_598' title='bbox 2401 2797 2494 2853; x_wconf 91' lang='lat' dir='ltr'><strong>lib.</strong></span> <span class='ocrx_word' id='word_1_599' title='bbox 2531 2813 2593 2864; x_wconf 88' lang='lat' dir='ltr'><strong>tt,</strong></span> <span class='ocrx_word' id='word_1_600' title='bbox 2615 2813 2736 2867; x_wconf 90' lang='lat' dir='ltr'><strong>cap.</strong></span> <span class='ocrx_word' id='word_1_601' title='bbox 2762 2797 2814 2871; x_wconf 67' lang='grc' dir='ltr'><strong>ὁ,</strong></span> <span class='ocrx_word' id='word_1_602' title='bbox 2845 2805 2965 2866; x_wconf 91' lang='lat' dir='ltr'><strong>post</strong></span> <span class='ocrx_word' id='word_1_603' title='bbox 2992 2797 3226 2867; x_wconf 84' lang='lat' dir='ltr'><strong>elogium</strong></span> <span class='ocrx_word' id='word_1_604' title='bbox 3259 2797 3493 2854; x_wconf 69' lang='lat' dir='ltr'><strong>Matthaai</strong></span> <span class='ocrx_word' id='word_1_605' title='bbox 3523 2817 3590 2854; x_wconf 82' lang='lat' dir='ltr'><strong>ex</strong></span> <span class='ocrx_word' id='word_1_606' title='bbox 3618 2815 3815 2858; x_wconf 89' lang='lat' dir='ltr'><strong>sancto</strong></span> 
     </span>
    </p>
   </div>
   <div class='ocr_carea' id='block_1_87' title="bbox 2224 2888 3812 2962">
    <p class='ocr_par' dir='ltr' id='par_1_87' title="bbox 2224 2888 3812 2962">
     <span class='ocr_line' id='line_1_87' title="bbox 2224 2888 3812 2962; baseline 0.004 -18"><span class='ocrx_word' id='word_1_607' title='bbox 2224 2890 2557 2962; x_wconf 89' lang='lat' dir='ltr'><strong>Hieronymo</strong></span> <span class='ocrx_word' id='word_1_608' title='bbox 2585 2890 2770 2944; x_wconf 90' lang='lat' dir='ltr'><strong>datum</strong></span> <span class='ocrx_word' id='word_1_609' title='bbox 2811 2888 2928 2943; x_wconf 75' lang='lat' dir='ltr'><strong>haec</strong></span> <span class='ocrx_word' id='word_1_610' title='bbox 2962 2889 3115 2945; x_wconf 87' lang='lat' dir='ltr'><strong>addit</strong></span> <span class='ocrx_word' id='word_1_611' title='bbox 3147 2907 3159 2943; x_wconf 94' lang='lat'>:</span> <span class='ocrx_word' id='word_1_612' title='bbox 3215 2909 3233 2942; x_wconf 76' lang='grc' dir='ltr'>ι</span> <span class='ocrx_word' id='word_1_613' title='bbox 3268 2890 3318 2946; x_wconf 93' lang='lat' dir='ltr'><strong>ls</strong></span> <span class='ocrx_word' id='word_1_614' title='bbox 3359 2893 3594 2962; x_wconf 91' lang='lat' dir='ltr'><strong>primum</strong></span> <span class='ocrx_word' id='word_1_615' title='bbox 3633 2895 3690 2950; x_wconf 91' lang='lat' dir='ltr'><strong>in</strong></span> <span class='ocrx_word' id='word_1_616' title='bbox 3719 2897 3812 2950; x_wconf 84' lang='lat' dir='ltr'><strong>Ju—</strong></span> 
     </span>
    </p>
   </div>
   <div class='ocr_carea' id='block_1_88' title="bbox 2222 2983 3812 3061">
    <p class='ocr_par' dir='ltr' id='par_1_88' title="bbox 2222 2983 3812 3061">
     <span class='ocr_line' id='line_1_88' title="bbox 2222 2983 3812 3061; baseline 0.004 -23"><span class='ocrx_word' id='word_1_617' title='bbox 2222 2984 2338 3038; x_wconf 68' lang='lat' dir='ltr'><strong>dara</strong></span> <span class='ocrx_word' id='word_1_618' title='bbox 2370 2983 2786 3054; x_wconf 86' lang='lat' dir='ltr'><strong>evangelizavit,</strong></span> <span class='ocrx_word' id='word_1_619' title='bbox 2831 2984 3178 3053; x_wconf 90' lang='lat' dir='ltr'><strong>postmodum</strong></span> <span class='ocrx_word' id='word_1_620' title='bbox 3217 2986 3269 3038; x_wconf 92' lang='lat' dir='ltr'><strong>in</strong></span> <span class='ocrx_word' id='word_1_621' title='bbox 3302 2986 3627 3043; x_wconf 86' lang='lat' dir='ltr'><strong>Macedonia</strong></span> <span class='ocrx_word' id='word_1_622' title='bbox 3665 3007 3812 3061; x_wconf 75' lang='lat' dir='ltr'><strong>prze-</strong></span> 
     </span>
    </p>
   </div>
   <div class='ocr_carea' id='block_1_89' title="bbox 2223 3076 3810 3151">
    <p class='ocr_par' dir='ltr' id='par_1_89' title="bbox 2223 3076 3810 3151">
     <span class='ocr_line' id='line_1_89' title="bbox 2223 3076 3810 3151; baseline 0.006 -22"><span class='ocrx_word' id='word_1_623' title='bbox 2223 3077 2458 3140; x_wconf 87' lang='lat' dir='ltr'><strong>dicavit;</strong></span> <span class='ocrx_word' id='word_1_624' title='bbox 2499 3076 2790 3146; x_wconf 89' lang='lat' dir='ltr'><strong>requiescit</strong></span> <span class='ocrx_word' id='word_1_625' title='bbox 2825 3078 2876 3131; x_wconf 79' lang='lat' dir='ltr'><strong>ir.</strong></span> <span class='ocrx_word' id='word_1_626' title='bbox 2904 3078 3184 3132; x_wconf 74' lang='lat' dir='ltr'><strong>montibus</strong></span> <span class='ocrx_word' id='word_1_627' title='bbox 3219 3079 3566 3135; x_wconf 83' lang='lat' dir='ltr'><strong>Parthorum.</strong></span> <span class='ocrx_word' id='word_1_628' title='bbox 3600 3103 3616 3135; x_wconf 80' lang='grc' dir='ltr'>ι</span> <span class='ocrx_word' id='word_1_629' title='bbox 3652 3084 3810 3151; x_wconf 82' lang='lat' dir='ltr'><strong>Quod</strong></span> 
     </span>
    </p>
   </div>
   <div class='ocr_carea' id='block_1_90' title="bbox 2223 3166 3809 3241">
    <p class='ocr_par' dir='ltr' id='par_1_90' title="bbox 2223 3166 3809 3241">
     <span class='ocr_line' id='line_1_90' title="bbox 2223 3166 3809 3241; baseline 0.005 -18"><span class='ocrx_word' id='word_1_630' title='bbox 2223 3169 2289 3223; x_wconf 91' lang='lat' dir='ltr'><strong>de</strong></span> <span class='ocrx_word' id='word_1_631' title='bbox 2313 3166 2629 3227; x_wconf 82' lang='lat' dir='ltr'><strong>Macedonia</strong></span> <span class='ocrx_word' id='word_1_632' title='bbox 2659 3169 2880 3234; x_wconf 90' lang='lat' dir='ltr'><strong>dicitur,</strong></span> <span class='ocrx_word' id='word_1_633' title='bbox 2912 3171 3048 3226; x_wconf 88' lang='lat' dir='ltr'><strong>mihi</strong></span> <span class='ocrx_word' id='word_1_634' title='bbox 3083 3186 3192 3225; x_wconf 91' lang='lat' dir='ltr'><strong>non</strong></span> <span class='ocrx_word' id='word_1_635' title='bbox 3226 3172 3360 3225; x_wconf 87' lang='lat' dir='ltr'><strong>satis</strong></span> <span class='ocrx_word' id='word_1_636' title='bbox 3397 3171 3455 3226; x_wconf 85' lang='lat' dir='ltr'><strong>fit</strong></span> <span class='ocrx_word' id='word_1_637' title='bbox 3487 3175 3809 3241; x_wconf 83' lang='lat' dir='ltr'><strong>verisimile,</strong></span> 
     </span>
    </p>
   </div>
   <div class='ocr_carea' id='block_1_91' title="bbox 2221 3262 3811 3332">
    <p class='ocr_par' dir='ltr' id='par_1_91' title="bbox 2221 3262 3811 3332">
     <span class='ocr_line' id='line_1_91' title="bbox 2221 3262 3811 3332; baseline 0.005 -16"><span class='ocrx_word' id='word_1_638' title='bbox 2221 3263 2351 3332; x_wconf 90' lang='lat' dir='ltr'><strong>quia</strong></span> <span class='ocrx_word' id='word_1_639' title='bbox 2388 3263 2572 3318; x_wconf 87' lang='lat' dir='ltr'><strong>notius</strong></span> <span class='ocrx_word' id='word_1_640' title='bbox 2601 3263 2656 3318; x_wconf 90' lang='lat' dir='ltr'><strong>id</strong></span> <span class='ocrx_word' id='word_1_641' title='bbox 2689 3262 2881 3318; x_wconf 82' lang='lat' dir='ltr'><strong>fuisset</strong></span> <span class='ocrx_word' id='word_1_642' title='bbox 2911 3262 3138 3328; x_wconf 71' lang='lat' dir='ltr'><strong>Grrecis,</strong></span> <span class='ocrx_word' id='word_1_643' title='bbox 3182 3264 3222 3318; x_wconf 90' lang='lat' dir='ltr'><strong>si</strong></span> <span class='ocrx_word' id='word_1_644' title='bbox 3258 3264 3458 3318; x_wconf 88' lang='lat' dir='ltr'><strong>factum</strong></span> <span class='ocrx_word' id='word_1_645' title='bbox 3488 3279 3659 3322; x_wconf 87' lang='lat' dir='ltr'><strong>esset.</strong></span> <span class='ocrx_word' id='word_1_646' title='bbox 3707 3272 3811 3324; x_wconf 85' lang='lat' dir='ltr'><strong>Ea-</strong></span> 
     </span>
    </p>
   </div>
   <div class='ocr_carea' id='block_1_92' title="bbox 2219 3353 3814 3424">
    <p class='ocr_par' dir='ltr' id='par_1_92' title="bbox 2219 3353 3814 3424">
     <span class='ocr_line' id='line_1_92' title="bbox 2219 3353 3814 3424; baseline 0.004 -16"><span class='ocrx_word' id='word_1_647' title='bbox 2219 3354 2344 3408; x_wconf 85' lang='lat' dir='ltr'><strong>dem</strong></span> <span class='ocrx_word' id='word_1_648' title='bbox 2384 3353 2452 3408; x_wconf 90' lang='lat' dir='ltr'><strong>de</strong></span> <span class='ocrx_word' id='word_1_649' title='bbox 2482 3369 2644 3408; x_wconf 88' lang='lat' dir='ltr'><strong>causa</strong></span> <span class='ocrx_word' id='word_1_650' title='bbox 2686 3355 2894 3418; x_wconf 90' lang='lat' dir='ltr'><strong>dubito,</strong></span> <span class='ocrx_word' id='word_1_651' title='bbox 2929 3369 2995 3405; x_wconf 88' lang='lat' dir='ltr'><strong>an</strong></span> <span class='ocrx_word' id='word_1_652' title='bbox 3047 3356 3177 3406; x_wconf 87' lang='lat' dir='ltr'><strong>satis</strong></span> <span class='ocrx_word' id='word_1_653' title='bbox 3225 3357 3521 3424; x_wconf 88' lang='lat' dir='ltr'><strong>probabilis</strong></span> <span class='ocrx_word' id='word_1_654' title='bbox 3570 3361 3643 3413; x_wconf 92' lang='lat' dir='ltr'><strong>sit</strong></span> <span class='ocrx_word' id='word_1_655' title='bbox 3673 3360 3814 3415; x_wconf 79' lang='lat' dir='ltr'><strong>Mat-</strong></span> 
     </span>
    </p>
   </div>
   <div class='ocr_carea' id='block_1_93' title="bbox 2223 3443 3812 3518">
    <p class='ocr_par' dir='ltr' id='par_1_93' title="bbox 2223 3443 3812 3518">
     <span class='ocr_line' id='line_1_93' title="bbox 2223 3443 3812 3518; baseline 0.006 -21"><span class='ocrx_word' id='word_1_656' title='bbox 2223 3445 2347 3498; x_wconf 69' lang='lat' dir='ltr'><strong>thari</strong></span> <span class='ocrx_word' id='word_1_657' title='bbox 2385 3445 2698 3513; x_wconf 77' lang='lat' dir='ltr'><strong>przedicatio</strong></span> <span class='ocrx_word' id='word_1_658' title='bbox 2728 3443 3002 3518; x_wconf 80' lang='lat' dir='ltr'><strong>Hierapoli</strong></span> <span class='ocrx_word' id='word_1_659' title='bbox 3039 3443 3092 3497; x_wconf 92' lang='lat' dir='ltr'><strong>in</strong></span> <span class='ocrx_word' id='word_1_660' title='bbox 3143 3445 3320 3516; x_wconf 84' lang='lat' dir='ltr'><strong>Syria,</strong></span> <span class='ocrx_word' id='word_1_661' title='bbox 3358 3465 3519 3518; x_wconf 89' lang='lat' dir='ltr'><strong>quam</strong></span> <span class='ocrx_word' id='word_1_662' title='bbox 3571 3453 3812 3508; x_wconf 89' lang='lat' dir='ltr'><strong>adstruit</strong></span> 
     </span>
    </p>
   </div>
   <div class='ocr_carea' id='block_1_94' title="bbox 2220 3509 3810 3607">
    <p class='ocr_par' dir='ltr' id='par_1_94' title="bbox 2220 3509 3810 3607">
     <span class='ocr_line' id='line_1_94' title="bbox 2220 3509 3810 3607; baseline 0.008 -19"><span class='ocrx_word' id='word_1_663' title='bbox 2220 3509 2438 3589; x_wconf 78' lang='lat' dir='ltr'><strong>Nicetas</strong></span> <span class='ocrx_word' id='word_1_664' title='bbox 2477 3534 2769 3607; x_wconf 83' lang='lat' dir='ltr'><strong>Paphlago,</strong></span> <span class='ocrx_word' id='word_1_665' title='bbox 2808 3509 2868 3588; x_wconf 79' lang='lat' dir='ltr'><strong>in</strong></span> <span class='ocrx_word' id='word_1_666' title='bbox 2896 3509 3091 3590; x_wconf 79' lang='lat' dir='ltr'><strong>eadem</strong></span> <span class='ocrx_word' id='word_1_667' title='bbox 3125 3509 3287 3591; x_wconf 81' lang='lat' dir='ltr'><strong>etiam</strong></span> <span class='ocrx_word' id='word_1_668' title='bbox 3325 3509 3456 3595; x_wconf 75' lang='lat' dir='ltr'><strong>urbe</strong></span> <span class='ocrx_word' id='word_1_669' title='bbox 3483 3544 3810 3601; x_wconf 85' lang='lat' dir='ltr'><strong>defunctum</strong></span> 
     </span>
    </p>
   </div>
   <div class='ocr_carea' id='block_1_95' title="bbox 2218 3629 2482 3683">
    <p class='ocr_par' dir='ltr' id='par_1_95' title="bbox 2218 3629 2482 3683">
     <span class='ocr_line' id='line_1_95' title="bbox 2218 3629 2482 3683; baseline -0.011 0"><span class='ocrx_word' id='word_1_670' title='bbox 2218 3629 2482 3683; x_wconf 85' lang='lat' dir='ltr'><strong>scribens.</strong></span> 
     </span>
    </p>
   </div>
   <div class='ocr_carea' id='block_1_96' title="bbox 2294 3744 3810 3825">
    <p class='ocr_par' dir='ltr' id='par_1_96' title="bbox 2294 3744 3810 3825">
     <span class='ocr_line' id='line_1_96' title="bbox 2294 3744 3810 3825; baseline 0.007 -26"><span class='ocrx_word' id='word_1_671' title='bbox 2294 3745 2379 3799; x_wconf 85' lang='lat'><strong>56.</strong></span> <span class='ocrx_word' id='word_1_672' title='bbox 2426 3744 2822 3816; x_wconf 83' lang='lat' dir='ltr'><strong>Metaphrastes</strong></span> <span class='ocrx_word' id='word_1_673' title='bbox 2881 3747 3113 3803; x_wconf 88' lang='lat' dir='ltr'><strong>Parthos</strong></span> <span class='ocrx_word' id='word_1_674' title='bbox 3183 3750 3556 3820; x_wconf 71' lang='lat' dir='ltr'><strong>prmdicationi</strong></span> <span class='ocrx_word' id='word_1_675' title='bbox 3637 3753 3810 3825; x_wconf 87' lang='lat' dir='ltr'><strong>ipsius</strong></span> 
     </span>
    </p>
   </div>
   <div class='ocr_carea' id='block_1_97' title="bbox 2217 3837 3811 3916">
    <p class='ocr_par' dir='ltr' id='par_1_97' title="bbox 2217 3837 3811 3916">
     <span class='ocr_line' id='line_1_97' title="bbox 2217 3837 3811 3916; baseline 0.009 -26"><span class='ocrx_word' id='word_1_676' title='bbox 2217 3837 2492 3900; x_wconf 83' lang='lat' dir='ltr'><strong>attribuit,</strong></span> <span class='ocrx_word' id='word_1_677' title='bbox 2546 3839 2641 3891; x_wconf 86' lang='lat' dir='ltr'><strong>sed</strong></span> <span class='ocrx_word' id='word_1_678' title='bbox 2689 3838 3021 3907; x_wconf 55' lang='lat' dir='ltr'><strong>[Ethiopian]</strong></span> <span class='ocrx_word' id='word_1_679' title='bbox 3075 3841 3317 3895; x_wconf 90' lang='lat' dir='ltr'><strong>ultimam</strong></span> <span class='ocrx_word' id='word_1_680' title='bbox 3367 3843 3494 3899; x_wconf 84' lang='lat' dir='ltr'><strong>facit</strong></span> <span class='ocrx_word' id='word_1_681' title='bbox 3542 3850 3811 3916; x_wconf 54' lang='lat' dir='ltr'><strong>pradica-</strong></span> 
     </span>
    </p>
   </div>
   <div class='ocr_carea' id='block_1_98' title="bbox 2220 3925 3810 4003">
    <p class='ocr_par' dir='ltr' id='par_1_98' title="bbox 2220 3925 3810 4003">
     <span class='ocr_line' id='line_1_98' title="bbox 2220 3925 3810 4003; baseline 0.009 -23"><span class='ocrx_word' id='word_1_682' title='bbox 2220 3927 2388 3981; x_wconf 85' lang='lat' dir='ltr'><strong>tionis</strong></span> <span class='ocrx_word' id='word_1_683' title='bbox 2419 3925 2656 3981; x_wconf 75' lang='lat' dir='ltr'><strong>Matthtei</strong></span> <span class='ocrx_word' id='word_1_684' title='bbox 2695 3936 2752 3981; x_wconf 90' lang='lat' dir='ltr'><strong>et</strong></span> <span class='ocrx_word' id='word_1_685' title='bbox 2804 3928 3047 4000; x_wconf 80' lang='lat' dir='ltr'><strong>martyrii</strong></span> <span class='ocrx_word' id='word_1_686' title='bbox 3084 3930 3412 3998; x_wconf 70' lang='lat' dir='ltr'><strong>palzestram.</strong></span> <span class='ocrx_word' id='word_1_687' title='bbox 3445 3934 3606 4003; x_wconf 76' lang='lat' dir='ltr'><strong>Apud</strong></span> <span class='ocrx_word' id='word_1_688' title='bbox 3638 3939 3810 3994; x_wconf 81' lang='lat' dir='ltr'><strong>Asse-</strong></span> 
     </span>
    </p>
   </div>
   <div class='ocr_carea' id='block_1_99' title="bbox 2221 4019 3807 4096">
    <p class='ocr_par' dir='ltr' id='par_1_99' title="bbox 2221 4019 3807 4096">
     <span class='ocr_line' id='line_1_99' title="bbox 2221 4019 3807 4096; baseline 0.008 -26"><span class='ocrx_word' id='word_1_689' title='bbox 2221 4033 2442 4071; x_wconf 90' lang='lat' dir='ltr'><strong>mannm</strong></span> <span class='ocrx_word' id='word_1_690' title='bbox 2496 4019 2553 4073; x_wconf 86' lang='lat' dir='ltr'><strong>in</strong></span> <span class='ocrx_word' id='word_1_691' title='bbox 2605 4019 2931 4074; x_wconf 74' lang='lat' dir='ltr'><strong>Bibliotheca</strong></span> <span class='ocrx_word' id='word_1_692' title='bbox 2965 4019 3244 4086; x_wconf 82' lang='lat' dir='ltr'><strong>Oriettlali,</strong></span> <span class='ocrx_word' id='word_1_693' title='bbox 3279 4030 3408 4079; x_wconf 91' lang='lat' dir='ltr'><strong>tom.</strong></span> <span class='ocrx_word' id='word_1_694' title='bbox 3441 4024 3533 4090; x_wconf 91' lang='lat' dir='ltr'><strong>lll,</strong></span> <span class='ocrx_word' id='word_1_695' title='bbox 3563 4039 3704 4094; x_wconf 80' lang='lat' dir='ltr'><strong>part.</strong></span> <span class='ocrx_word' id='word_1_696' title='bbox 3748 4049 3807 4096; x_wconf 82' lang='grc' dir='ltr'><strong>ιι,</strong></span> 
     </span>
    </p>
   </div>
   <div class='ocr_carea' id='block_1_100' title="bbox 2222 4110 3802 4181">
    <p class='ocr_par' dir='ltr' id='par_1_100' title="bbox 2222 4110 3802 4181">
     <span class='ocr_line' id='line_1_100' title="bbox 2222 4110 3802 4181; baseline 0.009 -21"><span class='ocrx_word' id='word_1_697' title='bbox 2222 4125 2340 4180; x_wconf 87' lang='lat' dir='ltr'><strong>pag.</strong></span> <span class='ocrx_word' id='word_1_698' title='bbox 2368 4110 2419 4172; x_wconf 84' lang='lat'><strong>5,</strong></span> <span class='ocrx_word' id='word_1_699' title='bbox 2446 4110 2666 4172; x_wconf 81' lang='lat' dir='ltr'><strong>Amrus,</strong></span> <span class='ocrx_word' id='word_1_700' title='bbox 2687 4115 2921 4181; x_wconf 81' lang='lat' dir='ltr'><strong>scriptor</strong></span> <span class='ocrx_word' id='word_1_701' title='bbox 2945 4114 3124 4167; x_wconf 68' lang='lat' dir='ltr'><strong>saeculi</strong></span> <span class='ocrx_word' id='word_1_702' title='bbox 3149 4131 3261 4180; x_wconf 75' lang='lat' dir='ltr'><strong>xlv,</strong></span> <span class='ocrx_word' id='word_1_703' title='bbox 3284 4117 3348 4171; x_wconf 90' lang='lat' dir='ltr'><strong>de</strong></span> <span class='ocrx_word' id='word_1_704' title='bbox 3373 4116 3629 4175; x_wconf 69' lang='lat' dir='ltr'><strong>Mattltaeo</strong></span> <span class='ocrx_word' id='word_1_705' title='bbox 3647 4124 3755 4176; x_wconf 91' lang='lat' dir='ltr'><strong>ait:</strong></span> <span class='ocrx_word' id='word_1_706' title='bbox 3785 4143 3802 4174; x_wconf 69' lang='grc' dir='ltr'><strong><em>ι</em></strong></span> 
     </span>
    </p>
   </div>
   <div class='ocr_carea' id='block_1_101' title="bbox 2229 4201 3803 4280">
    <p class='ocr_par' dir='ltr' id='par_1_101' title="bbox 2229 4201 3803 4280">
     <span class='ocr_line' id='line_1_101' title="bbox 2229 4201 3803 4280; baseline 0.01 -25"><span class='ocrx_word' id='word_1_707' title='bbox 2229 4223 2244 4255; x_wconf 74' lang='grc' dir='ltr'>ι</span> <span class='ocrx_word' id='word_1_708' title='bbox 2279 4201 2485 4257; x_wconf 86' lang='lat' dir='ltr'><strong>Ferunt</strong></span> <span class='ocrx_word' id='word_1_709' title='bbox 2518 4202 2828 4257; x_wconf 61' lang='lat' dir='ltr'><strong>Matthaum</strong></span> <span class='ocrx_word' id='word_1_710' title='bbox 2863 4207 3253 4274; x_wconf 82' lang='lat' dir='ltr'><strong>evangelistam</strong></span> <span class='ocrx_word' id='word_1_711' title='bbox 3302 4207 3508 4262; x_wconf 88' lang='lat' dir='ltr'><strong>Indiam</strong></span> <span class='ocrx_word' id='word_1_712' title='bbox 3553 4216 3803 4280; x_wconf 87' lang='lat' dir='ltr'><strong>petiisse,</strong></span> 
     </span>
    </p>
   </div>
   <div class='ocr_carea' id='block_1_102' title="bbox 2220 4295 3798 4368">
    <p class='ocr_par' dir='ltr' id='par_1_102' title="bbox 2220 4295 3798 4368">
     <span class='ocr_line' id='line_1_102' title="bbox 2220 4295 3798 4368; baseline 0.005 -16"><span class='ocrx_word' id='word_1_713' title='bbox 2220 4299 2405 4368; x_wconf 87' lang='lat' dir='ltr'><strong>ibique</strong></span> <span class='ocrx_word' id='word_1_714' title='bbox 2441 4296 2787 4368; x_wconf 62' lang='lat' dir='ltr'><strong>praedicasse.</strong></span> <span class='ocrx_word' id='word_1_715' title='bbox 2832 4315 2848 4348; x_wconf 77' lang='grc' dir='ltr'><strong><em>ι</em></strong></span> <span class='ocrx_word' id='word_1_716' title='bbox 2888 4295 3089 4351; x_wconf 85' lang='lat' dir='ltr'><strong>Verum</strong></span> <span class='ocrx_word' id='word_1_717' title='bbox 3122 4314 3224 4354; x_wconf 92' lang='lat' dir='ltr'><strong>nec</strong></span> <span class='ocrx_word' id='word_1_718' title='bbox 3252 4299 3399 4353; x_wconf 75' lang='lat' dir='ltr'><strong>Aturi</strong></span> <span class='ocrx_word' id='word_1_719' title='bbox 3432 4301 3580 4358; x_wconf 84' lang='lat' dir='ltr'><strong>illius</strong></span> <span class='ocrx_word' id='word_1_720' title='bbox 3605 4319 3798 4359; x_wconf 81' lang='lat' dir='ltr'><strong>auem-</strong></span> 
     </span>
    </p>
   </div>
   <div class='ocr_carea' id='block_1_103' title="bbox 2223 4392 3803 4468">
    <p class='ocr_par' dir='ltr' id='par_1_103' title="bbox 2223 4392 3803 4468">
     <span class='ocr_line' id='line_1_103' title="bbox 2223 4392 3803 4468; baseline 0.008 -26"><span class='ocrx_word' id='word_1_721' title='bbox 2223 4393 2355 4443; x_wconf 86' lang='lat' dir='ltr'><strong>ritas</strong></span> <span class='ocrx_word' id='word_1_722' title='bbox 2387 4400 2532 4444; x_wconf 86' lang='lat' dir='ltr'><strong>tanta</strong></span> <span class='ocrx_word' id='word_1_723' title='bbox 2565 4399 2669 4452; x_wconf 92' lang='lat' dir='ltr'><strong>est,</strong></span> <span class='ocrx_word' id='word_1_724' title='bbox 2701 4399 2758 4444; x_wconf 91' lang='lat' dir='ltr'><strong>ut</strong></span> <span class='ocrx_word' id='word_1_725' title='bbox 2788 4392 3116 4460; x_wconf 87' lang='lat' dir='ltr'><strong>persuadere</strong></span> <span class='ocrx_word' id='word_1_726' title='bbox 3146 4393 3306 4449; x_wconf 86' lang='lat' dir='ltr'><strong>nobis</strong></span> <span class='ocrx_word' id='word_1_727' title='bbox 3339 4395 3514 4464; x_wconf 89' lang='lat' dir='ltr'><strong>possit</strong></span> <span class='ocrx_word' id='word_1_728' title='bbox 3548 4413 3724 4468; x_wconf 83' lang='lat' dir='ltr'><strong>usque</strong></span> <span class='ocrx_word' id='word_1_729' title='bbox 3751 4403 3803 4454; x_wconf 93' lang='lat' dir='ltr'><strong>in</strong></span> 
     </span>
    </p>
   </div>
   <div class='ocr_carea' id='block_1_104' title="bbox 2223 4481 3804 4562">
    <p class='ocr_par' dir='ltr' id='par_1_104' title="bbox 2223 4481 3804 4562">
     <span class='ocr_line' id='line_1_104' title="bbox 2223 4481 3804 4562; baseline 0.009 -30"><span class='ocrx_word' id='word_1_730' title='bbox 2223 4481 2426 4535; x_wconf 88' lang='lat' dir='ltr'><strong>lndiam</strong></span> <span class='ocrx_word' id='word_1_731' title='bbox 2446 4482 2659 4535; x_wconf 84' lang='lat' dir='ltr'><strong>venisse</strong></span> <span class='ocrx_word' id='word_1_732' title='bbox 2679 4491 2926 4535; x_wconf 85' lang='lat' dir='ltr'><strong>sanctum</strong></span> <span class='ocrx_word' id='word_1_733' title='bbox 2953 4482 3284 4538; x_wconf 73' lang='lat' dir='ltr'><strong>M&#39;attltazum.</strong></span> <span class='ocrx_word' id='word_1_734' title='bbox 3305 4487 3565 4542; x_wconf 72' lang='lat' dir='ltr'><strong>Asseman</strong></span> <span class='ocrx_word' id='word_1_735' title='bbox 3577 4507 3641 4544; x_wconf 87' lang='lat' dir='ltr'><strong>us</strong></span> <span class='ocrx_word' id='word_1_736' title='bbox 3667 4495 3804 4562; x_wconf 88' lang='lat' dir='ltr'><strong>ipse,</strong></span> 
     </span>
    </p>
   </div>
   <div class='ocr_carea' id='block_1_105' title="bbox 2224 4571 3801 4645">
    <p class='ocr_par' dir='ltr' id='par_1_105' title="bbox 2224 4571 3801 4645">
     <span class='ocr_line' id='line_1_105' title="bbox 2224 4571 3801 4645; baseline 0.009 -20"><span class='ocrx_word' id='word_1_737' title='bbox 2224 4590 2344 4645; x_wconf 87' lang='lat' dir='ltr'><strong>pag.</strong></span> <span class='ocrx_word' id='word_1_738' title='bbox 2384 4574 2437 4638; x_wconf 86' lang='grc'><strong>’5,</strong></span> <span class='ocrx_word' id='word_1_739' title='bbox 2471 4573 2724 4626; x_wconf 84' lang='lat' dir='ltr'><strong>observat</strong></span> <span class='ocrx_word' id='word_1_740' title='bbox 2759 4590 2787 4626; x_wconf 87' lang='lat' dir='ltr'><strong>a</strong></span> <span class='ocrx_word' id='word_1_741' title='bbox 2820 4571 2969 4644; x_wconf 86' lang='lat' dir='ltr'><strong>Syris</strong></span> <span class='ocrx_word' id='word_1_742' title='bbox 3004 4584 3057 4628; x_wconf 92' lang='lat' dir='ltr'><strong>et</strong></span> <span class='ocrx_word' id='word_1_743' title='bbox 3100 4575 3365 4631; x_wconf 69' lang='lat' dir='ltr'><strong>Chaldaeis</strong></span> <span class='ocrx_word' id='word_1_744' title='bbox 3397 4579 3561 4634; x_wconf 88' lang='lat' dir='ltr'><strong>etiam</strong></span> <span class='ocrx_word' id='word_1_745' title='bbox 3607 4598 3801 4639; x_wconf 82' lang='lat' dir='ltr'><strong>nume-</strong></span> 
     </span>
    </p>
   </div>
   <div class='ocr_carea' id='block_1_106' title="bbox 2222 4665 3803 4740">
    <p class='ocr_par' dir='ltr' id='par_1_106' title="bbox 2222 4665 3803 4740">
     <span class='ocr_line' id='line_1_106' title="bbox 2222 4665 3803 4740; baseline 0.007 -20"><span class='ocrx_word' id='word_1_746' title='bbox 2222 4667 2327 4720; x_wconf 91' lang='lat' dir='ltr'><strong>rari</strong></span> <span class='ocrx_word' id='word_1_747' title='bbox 2357 4665 2667 4720; x_wconf 69' lang='lat' dir='ltr'><strong>Matthteum</strong></span> <span class='ocrx_word' id='word_1_748' title='bbox 2712 4667 2856 4720; x_wconf 88' lang='lat' dir='ltr'><strong>inter</strong></span> <span class='ocrx_word' id='word_1_749' title='bbox 2909 4668 3188 4737; x_wconf 90' lang='lat' dir='ltr'><strong>apostolos</strong></span> <span class='ocrx_word' id='word_1_750' title='bbox 3235 4670 3325 4739; x_wconf 91' lang='lat' dir='ltr'><strong>qui</strong></span> <span class='ocrx_word' id='word_1_751' title='bbox 3355 4673 3724 4740; x_wconf 82' lang='lat' dir='ltr'><strong>pra-dicarunt</strong></span> <span class='ocrx_word' id='word_1_752' title='bbox 3752 4676 3803 4730; x_wconf 93' lang='lat' dir='ltr'><strong>in</strong></span> 
     </span>
    </p>
   </div>
   <div class='ocr_carea' id='block_1_107' title="bbox 2221 4757 3807 4839">
    <p class='ocr_par' dir='ltr' id='par_1_107' title="bbox 2221 4757 3807 4839">
     <span class='ocr_line' id='line_1_107' title="bbox 2221 4757 3807 4839; baseline 0.007 -27"><span class='ocrx_word' id='word_1_753' title='bbox 2221 4757 2369 4828; x_wconf 84' lang='lat' dir='ltr'><strong>Syria</strong></span> <span class='ocrx_word' id='word_1_754' title='bbox 2396 4768 2447 4812; x_wconf 90' lang='lat' dir='ltr'><strong>et</strong></span> <span class='ocrx_word' id='word_1_755' title='bbox 2476 4757 2760 4824; x_wconf 67' lang='lat' dir='ltr'><strong>Cliaidma;</strong></span> <span class='ocrx_word' id='word_1_756' title='bbox 2791 4774 2899 4812; x_wconf 92' lang='lat' dir='ltr'><strong>non</strong></span> <span class='ocrx_word' id='word_1_757' title='bbox 2925 4767 3103 4814; x_wconf 87' lang='lat' dir='ltr'><strong>tamen</strong></span> <span class='ocrx_word' id='word_1_758' title='bbox 3133 4766 3483 4818; x_wconf 86' lang='lat' dir='ltr'><strong>annumerari</strong></span> <span class='ocrx_word' id='word_1_759' title='bbox 3512 4772 3807 4839; x_wconf 68' lang='lat' dir='ltr'><strong>prazcipm&#39;s</strong></span> 
     </span>
    </p>
   </div>
   <div class='ocr_carea' id='block_1_108' title="bbox 2220 4851 3807 4930">
    <p class='ocr_par' dir='ltr' id='par_1_108' title="bbox 2220 4851 3807 4930">
     <span class='ocr_line' id='line_1_108' title="bbox 2220 4851 3807 4930; baseline 0.007 -26"><span class='ocrx_word' id='word_1_760' title='bbox 2220 4852 2433 4906; x_wconf 85' lang='lat' dir='ltr'><strong>illarum</strong></span> <span class='ocrx_word' id='word_1_761' title='bbox 2492 4851 2896 4920; x_wconf 86' lang='lat' dir='ltr'><strong>provinciarum</strong></span> <span class='ocrx_word' id='word_1_762' title='bbox 2931 4853 3210 4921; x_wconf 90' lang='lat' dir='ltr'><strong>apostolis.</strong></span> <span class='ocrx_word' id='word_1_763' title='bbox 3259 4853 3416 4920; x_wconf 84' lang='lat' dir='ltr'><strong>Quod</strong></span> <span class='ocrx_word' id='word_1_764' title='bbox 3452 4858 3807 4930; x_wconf 74' lang='lat' dir='ltr'><strong>Nicephorius</strong></span> 
     </span>
    </p>
   </div>
   <div class='ocr_carea' id='block_1_109' title="bbox 2219 4940 3805 5021">
    <p class='ocr_par' dir='ltr' id='par_1_109' title="bbox 2219 4940 3805 5021">
     <span class='ocr_line' id='line_1_109' title="bbox 2219 4940 3805 5021; baseline 0.003 -25"><span class='ocrx_word' id='word_1_765' title='bbox 2219 4957 2344 4996; x_wconf 91' lang='lat' dir='ltr'><strong>cum</strong></span> <span class='ocrx_word' id='word_1_766' title='bbox 2376 4940 2595 4994; x_wconf 68' lang='lat' dir='ltr'><strong>Menaeis</strong></span> <span class='ocrx_word' id='word_1_767' title='bbox 2639 4940 2951 4995; x_wconf 73' lang='lat' dir='ltr'><strong>Matthazum</strong></span> <span class='ocrx_word' id='word_1_768' title='bbox 2984 4940 3257 4996; x_wconf 74' lang='lat' dir='ltr'><strong>Mirinenze</strong></span> <span class='ocrx_word' id='word_1_769' title='bbox 3289 4946 3434 5013; x_wconf 91' lang='lat' dir='ltr'><strong>apud</strong></span> <span class='ocrx_word' id='word_1_770' title='bbox 3480 4948 3805 5021; x_wconf 78' lang='lat' dir='ltr'><strong>Anthmpo-</strong></span> 
     </span>
    </p>
   </div>
   <div class='ocr_carea' id='block_1_110' title="bbox 2221 5033 3806 5106">
    <p class='ocr_par' dir='ltr' id='par_1_110' title="bbox 2221 5033 3806 5106">
     <span class='ocr_line' id='line_1_110' title="bbox 2221 5033 3806 5106; baseline 0.008 -20"><span class='ocrx_word' id='word_1_771' title='bbox 2221 5036 2424 5106; x_wconf 88' lang='lat' dir='ltr'><strong>phagos</strong></span> <span class='ocrx_word' id='word_1_772' title='bbox 2445 5035 2519 5088; x_wconf 90' lang='lat' dir='ltr'><strong>ait</strong></span> <span class='ocrx_word' id='word_1_773' title='bbox 2548 5033 2869 5102; x_wconf 72' lang='lat' dir='ltr'><strong>pra&#39;dicasse</strong></span> <span class='ocrx_word' id='word_1_774' title='bbox 2894 5041 2948 5087; x_wconf 90' lang='lat' dir='ltr'><strong>et</strong></span> <span class='ocrx_word' id='word_1_775' title='bbox 2975 5035 3323 5101; x_wconf 86' lang='lat' dir='ltr'><strong>occubuisse,</strong></span> <span class='ocrx_word' id='word_1_776' title='bbox 3353 5038 3440 5091; x_wconf 76' lang='lat' dir='ltr'><strong>vix</strong></span> <span class='ocrx_word' id='word_1_777' title='bbox 3463 5040 3660 5096; x_wconf 90' lang='lat' dir='ltr'><strong>referri</strong></span> <span class='ocrx_word' id='word_1_778' title='bbox 3691 5062 3806 5098; x_wconf 78' lang='lat' dir='ltr'><strong>me-</strong></span> 
     </span>
    </p>
   </div>
   <div class='ocr_carea' id='block_1_111' title="bbox 2219 5125 3778 5200">
    <p class='ocr_par' dir='ltr' id='par_1_111' title="bbox 2219 5125 3778 5200">
     <span class='ocr_line' id='line_1_111' title="bbox 2219 5125 3778 5200; baseline 0.008 -24"><span class='ocrx_word' id='word_1_779' title='bbox 2219 5136 2389 5188; x_wconf 85' lang='lat' dir='ltr'><strong>retur,</strong></span> <span class='ocrx_word' id='word_1_780' title='bbox 2432 5140 2556 5179; x_wconf 89' lang='lat' dir='ltr'><strong>cum</strong></span> <span class='ocrx_word' id='word_1_781' title='bbox 2588 5125 2796 5177; x_wconf 88' lang='lat' dir='ltr'><strong>oriatur</strong></span> <span class='ocrx_word' id='word_1_782' title='bbox 2817 5140 2883 5178; x_wconf 81' lang='lat' dir='ltr'><strong>ex</strong></span> <span class='ocrx_word' id='word_1_783' title='bbox 2913 5126 3139 5179; x_wconf 88' lang='lat' dir='ltr'><strong>historia</strong></span> <span class='ocrx_word' id='word_1_784' title='bbox 3176 5126 3422 5181; x_wconf 85' lang='lat' dir='ltr'><strong>fabulosa</strong></span> <span class='ocrx_word' id='word_1_785' title='bbox 3456 5139 3512 5184; x_wconf 90' lang='lat' dir='ltr'><strong>et</strong></span> <span class='ocrx_word' id='word_1_786' title='bbox 3540 5133 3706 5200; x_wconf 79' lang='lat' dir='ltr'><strong>plane</strong></span> <span class='ocrx_word' id='word_1_787' title='bbox 3737 5137 3778 5188; x_wconf 92' lang='lat' dir='ltr'><strong>ri</strong></span> 
     </span>
    </p>
   </div>
   <div class='ocr_carea' id='block_1_112' title="bbox 2215 5217 3798 5289">
    <p class='ocr_par' dir='ltr' id='par_1_112' title="bbox 2215 5217 3798 5289">
     <span class='ocr_line' id='line_1_112' title="bbox 2215 5217 3798 5289; baseline 0.008 -19"><span class='ocrx_word' id='word_1_788' title='bbox 2215 5217 2414 5270; x_wconf 88' lang='lat' dir='ltr'><strong>dicula.</strong></span> <span class='ocrx_word' id='word_1_789' title='bbox 2459 5217 2617 5270; x_wconf 79' lang='lat' dir='ltr'><strong>Videt</strong></span> <span class='ocrx_word' id='word_1_790' title='bbox 2659 5217 2938 5271; x_wconf 89' lang='lat' dir='ltr'><strong>studiosus</strong></span> <span class='ocrx_word' id='word_1_791' title='bbox 2987 5219 3180 5283; x_wconf 86' lang='lat' dir='ltr'><strong>lector,</strong></span> <span class='ocrx_word' id='word_1_792' title='bbox 3215 5224 3480 5289; x_wconf 89' lang='lat' dir='ltr'><strong>quantum</strong></span> <span class='ocrx_word' id='word_1_793' title='bbox 3521 5227 3798 5288; x_wconf 78' lang='lat' dir='ltr'><strong>existimo.</strong></span> 
     </span>
    </p>
   </div>
   <div class='ocr_carea' id='block_1_113' title="bbox 2216 5309 3801 5384">
    <p class='ocr_par' dir='ltr' id='par_1_113' title="bbox 2216 5309 3801 5384">
     <span class='ocr_line' id='line_1_113' title="bbox 2216 5309 3801 5384; baseline 0.009 -23"><span class='ocrx_word' id='word_1_794' title='bbox 2216 5310 2397 5362; x_wconf 88' lang='lat' dir='ltr'><strong>omnia</strong></span> <span class='ocrx_word' id='word_1_795' title='bbox 2429 5310 2518 5364; x_wconf 86' lang='lat' dir='ltr'><strong>illa</strong></span> <span class='ocrx_word' id='word_1_796' title='bbox 2551 5310 2617 5362; x_wconf 90' lang='lat' dir='ltr'><strong>de</strong></span> <span class='ocrx_word' id='word_1_797' title='bbox 2655 5309 2888 5364; x_wconf 55' lang='lat' dir='ltr'><strong>Matthxi</strong></span> <span class='ocrx_word' id='word_1_798' title='bbox 2937 5313 3324 5378; x_wconf 59' lang='lat' dir='ltr'><strong>praedicatione</strong></span> <span class='ocrx_word' id='word_1_799' title='bbox 3360 5315 3530 5384; x_wconf 85' lang='lat' dir='ltr'><strong>magis</strong></span> <span class='ocrx_word' id='word_1_800' title='bbox 3588 5319 3801 5375; x_wconf 81' lang='lat' dir='ltr'><strong>incerta</strong></span> 
     </span>
    </p>
   </div>
   <div class='ocr_carea' id='block_1_114' title="bbox 2215 5403 3801 5479">
    <p class='ocr_par' dir='ltr' id='par_1_114' title="bbox 2215 5403 3801 5479">
     <span class='ocr_line' id='line_1_114' title="bbox 2215 5403 3801 5479; baseline 0.007 -25"><span class='ocrx_word' id='word_1_801' title='bbox 2215 5417 2355 5464; x_wconf 89' lang='lat' dir='ltr'><strong>esse,</strong></span> <span class='ocrx_word' id='word_1_802' title='bbox 2396 5416 2557 5468; x_wconf 90' lang='lat' dir='ltr'><strong>quam</strong></span> <span class='ocrx_word' id='word_1_803' title='bbox 2594 5410 2650 5455; x_wconf 93' lang='lat' dir='ltr'><strong>ut</strong></span> <span class='ocrx_word' id='word_1_804' title='bbox 2682 5403 2885 5471; x_wconf 88' lang='lat' dir='ltr'><strong>aliquid</strong></span> <span class='ocrx_word' id='word_1_805' title='bbox 2920 5412 3036 5458; x_wconf 89' lang='lat' dir='ltr'><strong>tuto</strong></span> <span class='ocrx_word' id='word_1_806' title='bbox 3072 5404 3326 5459; x_wconf 87' lang='lat' dir='ltr'><strong>atlirmari</strong></span> <span class='ocrx_word' id='word_1_807' title='bbox 3366 5409 3578 5475; x_wconf 89' lang='lat' dir='ltr'><strong>possit;</strong></span> <span class='ocrx_word' id='word_1_808' title='bbox 3620 5413 3801 5479; x_wconf 85' lang='lat' dir='ltr'><strong>plures</strong></span> 
     </span>
    </p>
   </div>
   <div class='ocr_carea' id='block_1_115' title="bbox 2216 5495 3799 5574">
    <p class='ocr_par' dir='ltr' id='par_1_115' title="bbox 2216 5495 3799 5574">
     <span class='ocr_line' id='line_1_115' title="bbox 2216 5495 3799 5574; baseline 0.007 -26"><span class='ocrx_word' id='word_1_809' title='bbox 2216 5505 2396 5548; x_wconf 85' lang='lat' dir='ltr'><strong>tamen</strong></span> <span class='ocrx_word' id='word_1_810' title='bbox 2444 5497 2754 5549; x_wconf 82' lang='lat' dir='ltr'><strong>consentire</strong></span> <span class='ocrx_word' id='word_1_811' title='bbox 2796 5495 2850 5549; x_wconf 87' lang='lat' dir='ltr'><strong>in</strong></span> <span class='ocrx_word' id='word_1_812' title='bbox 2899 5495 3182 5551; x_wconf 87' lang='lat' dir='ltr'><strong>Persidem</strong></span> <span class='ocrx_word' id='word_1_813' title='bbox 3220 5507 3315 5550; x_wconf 80' lang='lat' dir='ltr'><strong>aut</strong></span> <span class='ocrx_word' id='word_1_814' title='bbox 3345 5498 3649 5570; x_wconf 86' lang='lat' dir='ltr'><strong>Parthiam,</strong></span> <span class='ocrx_word' id='word_1_815' title='bbox 3680 5521 3799 5574; x_wconf 76' lang='lat' dir='ltr'><strong>qme</strong></span> 
     </span>
    </p>
   </div>
   <div class='ocr_carea' id='block_1_116' title="bbox 2214 5580 3798 5663">
    <p class='ocr_par' dir='ltr' id='par_1_116' title="bbox 2214 5580 3798 5663">
     <span class='ocr_line' id='line_1_116' title="bbox 2214 5580 3798 5663; baseline 0.008 -27"><span class='ocrx_word' id='word_1_816' title='bbox 2214 5585 2527 5652; x_wconf 65' lang='lat' dir='ltr'><strong>provincias,</strong></span> <span class='ocrx_word' id='word_1_817' title='bbox 2571 5580 2696 5640; x_wconf 87' lang='lat' dir='ltr'><strong>licet</strong></span> <span class='ocrx_word' id='word_1_818' title='bbox 2728 5587 2999 5640; x_wconf 68' lang='lat' dir='ltr'><strong>distincta:</strong></span> <span class='ocrx_word' id='word_1_819' title='bbox 3045 5589 3175 5650; x_wconf 91' lang='lat' dir='ltr'><strong>sint,</strong></span> <span class='ocrx_word' id='word_1_820' title='bbox 3209 5586 3363 5644; x_wconf 85' lang='lat' dir='ltr'><strong>facile</strong></span> <span class='ocrx_word' id='word_1_821' title='bbox 3391 5591 3660 5646; x_wconf 89' lang='lat' dir='ltr'><strong>confundi</strong></span> <span class='ocrx_word' id='word_1_822' title='bbox 3701 5612 3798 5663; x_wconf 76' lang='lat' dir='ltr'><strong>po-</strong></span> 
     </span>
    </p>
   </div>
   <div class='ocr_carea' id='block_1_117' title="bbox 2214 5678 3796 5754">
    <p class='ocr_par' dir='ltr' id='par_1_117' title="bbox 2214 5678 3796 5754">
     <span class='ocr_line' id='line_1_117' title="bbox 2214 5678 3796 5754; baseline 0.008 -26"><span class='ocrx_word' id='word_1_823' title='bbox 2214 5688 2456 5740; x_wconf 90' lang='lat' dir='ltr'><strong>tuerunt,</strong></span> <span class='ocrx_word' id='word_1_824' title='bbox 2490 5694 2613 5731; x_wconf 89' lang='lat' dir='ltr'><strong>cum</strong></span> <span class='ocrx_word' id='word_1_825' title='bbox 2641 5678 2783 5746; x_wconf 84' lang='lat' dir='ltr'><strong>quod</strong></span> <span class='ocrx_word' id='word_1_826' title='bbox 2835 5679 3064 5731; x_wconf 86' lang='lat' dir='ltr'><strong>invicem</strong></span> <span class='ocrx_word' id='word_1_827' title='bbox 3102 5679 3291 5732; x_wconf 70' lang='lat' dir='ltr'><strong>vicinae</strong></span> <span class='ocrx_word' id='word_1_828' title='bbox 3336 5681 3467 5742; x_wconf 83' lang='lat' dir='ltr'><strong>sint,</strong></span> <span class='ocrx_word' id='word_1_829' title='bbox 3503 5691 3618 5736; x_wconf 87' lang='lat' dir='ltr'><strong>t~um</strong></span> <span class='ocrx_word' id='word_1_830' title='bbox 3653 5688 3796 5754; x_wconf 89' lang='lat' dir='ltr'><strong>quod</strong></span> 
     </span>
    </p>
   </div>
   <div class='ocr_carea' id='block_1_118' title="bbox 2219 5769 3796 5844">
    <p class='ocr_par' dir='ltr' id='par_1_118' title="bbox 2219 5769 3796 5844">
     <span class='ocr_line' id='line_1_118' title="bbox 2219 5769 3796 5844; baseline 0.005 -22"><span class='ocrx_word' id='word_1_831' title='bbox 2219 5779 2462 5836; x_wconf 82' lang='lat' dir='ltr'><strong>tempore</strong></span> <span class='ocrx_word' id='word_1_832' title='bbox 2496 5769 2670 5823; x_wconf 71' lang='lat' dir='ltr'><strong>sancti</strong></span> <span class='ocrx_word' id='word_1_833' title='bbox 2717 5769 2953 5821; x_wconf 70' lang='lat' dir='ltr'><strong>Matthaei</strong></span> <span class='ocrx_word' id='word_1_834' title='bbox 2989 5769 3278 5838; x_wconf 91' lang='lat' dir='ltr'><strong>imperium</strong></span> <span class='ocrx_word' id='word_1_835' title='bbox 3314 5779 3458 5826; x_wconf 78' lang='lat' dir='ltr'><strong>esset</strong></span> <span class='ocrx_word' id='word_1_836' title='bbox 3490 5781 3634 5844; x_wconf 85' lang='lat' dir='ltr'><strong>apud</strong></span> <span class='ocrx_word' id='word_1_837' title='bbox 3671 5777 3796 5831; x_wconf 77' lang='lat' dir='ltr'><strong>Par-</strong></span> 
     </span>
    </p>
   </div>
   <div class='ocr_carea' id='block_1_119' title="bbox 2213 5860 3324 5929">
    <p class='ocr_par' dir='ltr' id='par_1_119' title="bbox 2213 5860 3324 5929">
     <span class='ocr_line' id='line_1_119' title="bbox 2213 5860 3324 5929; baseline 0.002 -17"><span class='ocrx_word' id='word_1_838' title='bbox 2213 5865 2353 5924; x_wconf 91' lang='lat' dir='ltr'><strong>thos,</strong></span> <span class='ocrx_word' id='word_1_839' title='bbox 2387 5861 2528 5928; x_wconf 87' lang='lat' dir='ltr'><strong>quod</strong></span> <span class='ocrx_word' id='word_1_840' title='bbox 2565 5870 2746 5929; x_wconf 84' lang='lat' dir='ltr'><strong>postea</strong></span> <span class='ocrx_word' id='word_1_841' title='bbox 2777 5860 2953 5915; x_wconf 78' lang='lat' dir='ltr'><strong>Persae</strong></span> <span class='ocrx_word' id='word_1_842' title='bbox 2979 5871 3324 5928; x_wconf 84' lang='lat' dir='ltr'><strong>receperunt.</strong></span> 
     </span>
    </p>
   </div>
  </div>
