3956 6492
146 444 246 506 785

1425 447 1597 506 VlTA
1639 447 1699 504 S.
1745 441 2134 501 MA'I‘THJ‘IL

2744 0 3440 21 ᾖ

3295 427 3400 490 786

212 560 300 612 57.
348 558 422 612 De
454 560 574 613 loco
603 561 794 614 mortis
824 569 915 613 aut
943 559 1184 629 martyrii
1219 575 1325 613 non
1365 561 1544 613 minus
1575 559 1720 613 varia
1752 558 1801 616 A
1828 551 2056 623 Ιὶιδςιιιιι,
2091 554 2183 606 lib.
2208 569 2279 611 IV.
2308 565 2428 618 υεψ.
2455 550 2676 610 ξοηιιηι-
2702 547 2785 610 l5.
2815 551 3059 598 εθηεῑυηι
3088 539 3398 593 Μεδηὶηευῑη

153 660 199 702 et
237 647 474 701 invicem
511 647 786 701 contraria
817 647 1189 715 reperiuntur.
1234 647 1292 700 In
1330 644 1722 717 Martyrologiis

149 738 577 808 Hieronymianis
607 749 836 808 quatuor
865 739 1069 793 diebus
1104 740 1365 792 memoria
1398 737 1455 792 S.
1484 737 1721 792 Matth-ci

148 830 536 895 mnuntiatur;
567 831 660 884 sed
694 831 908 884 duobus
936 832 1087 885 locus
1119 826 1410 894 omittitur,
1445 831 1564 884 aliis
1595 844 1723 883 vero

144 923 362 980 duobus
382 923 716 992 adiungitur.
746 923 826 978 Ad
854 928 997 980 hunc
1021 926 1162 980 diem
1199 934 1376 980 textus
1403 925 1722 979 Florentittii

145 1018 222 1072 sic
273 1019 484 1073 habet:
533 1039 549 1069 ε
593 1019 651 1072 1η
698 1018 921 1074 Persida
960 1021 1184 1075 civitate
1216 1021 1476 1075 Tarseum
1527 1020 1723 1074 natalis

147 1108 320 1161 sancti
370 1107 608 1162 Matthwi
663 1110 892 1178 apostoli
945 1120 998 1166 et
1029 1111 1390 1180 evangelista.
1429 1129 1447 1161 ι
1500 1111 1557 1164 ltt
1593 1110 1726 1164 Cor-

149 1199 394 1252 beiensi;
435 1217 453 1248 t
489 1199 544 1252 ltt
583 1197 801 1254 Persida
831 1200 1049 1256 civitate
1080 1201 1350 1255 Tarrium.
1385 1220 1403 1252 ι
1441 1203 1498 1254 in
1536 1201 1727 1268 Epter-

151 1289 376 1342 nacensi
432 1289 552 1344 aliis
607 1288 915 1358 antiquiore
964 1291 1134 1344 solum
1176 1291 1393 1360 legitur,
1447 1310 1464 1340 ι
1507 1290 1560 1343 ιη
1597 1290 1724 1344 Per-

150 1379 288 1446 sida,
332 1401 349 1432 ι
390 1381 587 1434 omissa
620 1381 874 1447 civitate;
909 1382 983 1436 uti
1006 1383 1167 1436 etiam
1201 1383 1256 1436 fit
1284 1383 1335 1436 in
1370 1381 1727 1437 Rhinovieusi

151 1473 292 1542 apud
324 1487 446 1526 nos.
472 1470 902 1528 Hichenoviense
931 1489 1059 1528 vero
1086 1484 1352 1528 consonat
1381 1473 1724 1539 Corbeiensi,

156 1563 432 1632 habetque
464 1563 683 1618 civitate
722 1563 990 1627 Tarrium,
1025 1566 1480 1634 quemadmodum
1514 1577 1567 1620 et
1593 1565 1728 1620 Cor-

155 1649 380 1704 heiense
421 1649 685 1706 brevius.-
715 1652 937 1722 Reliqua
970 1653 1389 1727 Hicrouymiana
1439 1667 1532 1711 aut
1560 1657 1728 1711 solam

155 1737 431 1792 Persidem
465 1739 725 1807 indicant,
758 1753 850 1796 aut
890 1743 1066 1798 locum
1094 1760 1316 1812 prorsus
1340 1748 1616 1801 omittunt.
1644 1746 1732 1801 Sic

155 1831 220 1885 ad
260 1847 306 1884 vt
341 1831 489 1896 Maii,
543 1832 610 1885 In
652 1833 869 1889 Persida
921 1838 1280 1890 annuntiatur
1322 1849 1548 1895 sanctus
1598 1842 1732 1895 Mat-

155 1923 358 1983 tbceus.
396 1937 502 1976 non
545 1921 828 1993 designato
883 1926 1104 1994 propius
1155 1929 1398 1998 martyrii
1431 1929 1568 1984 loco.
1608 1931 1730 1985 Flo—

155 2013 431 2069 rentinius
459 2015 514 2068 in
548 2015 835 2071 Annotatis
865 2017 930 2071 ad
970 2017 1115 2074 hunc
1151 2020 1294 2072 diem
1332 2021 1732 2090 datconjcctu-

158 2123 273 2160 ram
330 2117 698 2174 sequentem:
742 2127 758 2160 ι
793 2108 1049 2166 Tarsiana
1109 2111 1248 2166 urbs
1287 2110 1589 2169 Carmania:
1638 2129 1732 2169 seu

158 2199 361 2255 Pet-site
410 2198 702 2255 Ptolemao
753 2211 853 2267 est,
911 2210 967 2256 et
1010 2201 1258 2258 Tarsium
1304 2204 1606 2260 Carmaniae
1640 2222 1734 2261 seu

161 2292 362 2346 Pcrsir
383 2294 834 2362 promontorium,
857 2295 923 2352 de
945 2311 1053 2365 quo
1084 2297 1349 2351 Arrianus
1380 2298 1436 2352 in
1462 2298 1680 2354 Indicis.
1714 2318 1728 2350 ι

159 2383 254 2435 list
283 2381 567 2434 Carmania
603 2381 807 2436 Persidi
858 2385 1076 2453 preprie
1112 2385 1271 2441 dictte
1306 2390 1643 2442 contermina
1671 2391 1736 2446 ad

156 2473 336 2524 sinam
374 2469 650 2526 Persicum
687 2490 876 2529 versus
921 2476 1150 2553 Indiam,
1197 2468 1422 2549 eratque
1460 2483 1738 2551 provincia

158 2563 374 2631 imperii
411 2561 639 2633 Persici,
667 2565 872 2622 habens
897 2569 961 2622 ad
987 2569 1126 2624 latus
1147 2572 1586 2640 septemtrionale
1616 2572 1742 2628 Par-

159 2654 359 2719 thiam,
395 2655 466 2708 ita
521 2665 579 2708 ut
611 2656 767 2710 facile
817 2657 896 2712 sic
936 2659 1191 2728 explicari
1228 2673 1446 2730 possent
1479 2663 1740 2737 Martyro-

158 2747 327 2817 logia,
359 2763 481 2816 qua
516 2758 742 2804 mortem
774 2749 955 2804 Sancti
989 2763 1198 2820 ponunt
1226 2753 1536 2810 in'Perside
1565 2769 1657 2814 aut
1691 2759 1742 2812 itt

158 2840 446 2894 montibus
474 2840 823 2906 Parthorum,
875 2859 1107 2911 quorum
1156 2855 1284 2900 tunc
1315 2859 1430 2904 erat
1460 2847 1740 2905 Persicum

161 2928 475 2995 imperium.
510 2931 699 2986 Posset
723 2933 918 2988 similis
946 2935 1060 2988 fieri
1084 2937 1397 3005 conjectura
1423 2941 1486 2994 de
1513 2939 1741 2994 Tariaua

162 3028 258 3072 aut
287 3016 548 3072 Tarsiana
579 3022 824 3086 civitate,
857 3039 1016 3092 quam
1049 3029 1102 3078 in
1135 3026 1387 3093 Susiana,
1417 3032 1584 3086 altera
1619 3034 1742 3088 Per-

161 3110 257 3163 sici
286 3111 499 3180 imperii
527 3113 823 3182 provincia,
858 3128 1101 3172 recenset
1123 3115 1386 3176 Cellarius
1419 3122 1472 3176 in
1505 3121 1743 3193 Geogra-

1829 656 1984 701 vocat
2013 643 2303 712 Ethiopian
2339 639 2775 711 praedicatorem.
2839 635 2895 689 S.
2942 631 3237 687 V'enantius
3266 629 3399 684 For-

1829 747 2050 792 tunatus
2072 737 2331 807 Gregorio
2365 742 2878 801 contemporanens.
2902 728 2995 782 lib.
3025 743 3078 788 v,
3100 722 3291 793 cap.‘2,
3329 723 3402 777 ita

1829 832 1976 886 canit
2017 848 2027 882 :

1831 921 2116 976 Matt/item
2155 920 2421 986 {Et/tiopes
2456 926 2773 984 attentperat
2811 928 2899 968 ore
2931 927 3164 978 vapores,

1911 992 2138 1058 Vivaque
2165 994 2217 1045 t'tt
2245 1001 2422 1043 crusta
2445 991 2668 1057 ﬂumina
2703 987 2834 1053 fudit
2867 1001 3015 1053 agro.

1901 1109 2048 1163 Idem
2090 1121 2330 1170 rursum,
2358 1105 2452 1158 lib.
2491 1105 2524 1156 8
2565 1101 2789 1157 carm.‘
2824 1119 2837 1154 :

1832 1198 1967 1253 Inde
2001 1197 2408 1264 triumphantem
2443 1193 2723 1264 fert-gladia
2762 1191 3228 1264 But-tholomwutn,

1902 1262 2211 1322 Mtttthtcttiu
2242 1267 2490 1319 exitttitun
2521 1263 2808 1316 Nuddaver
2836 1262 2947 1314 ulla
2981 1263 3167 1314 t't'runt.

1833 1381 1891 1432 ltt
1929 1376 2180 1448 sequenti
2213 1374 2458 1430 carmine
2493 1373 2562 1427 de
2595 1371 2877 1426 Naddaver
2908 1385 3125 1423 rursum
3160 1367 3407 1422 meminit

1832 1469 2192 1529 Fortunatus.
2231 1467 2517 1521 insinuans
2563 1463 2875 1517 Mattharnm
2921 1461 2991 1515 ibi
3030 1470 3306 1514 tnortuum
3355 1469 3410 1512 et

1835 1561 2137 1630 sepultum.
2166 1556 2629 1628 quemadmodum
2659 1555 2907 1607 Andreas
2935 1553 3128 1614 Patris.
3169 1552 3409 1606 Joannes

1833 1652 2034 1721 Ephesi
2107 1651 2325 1706 fuerunt
2381 1647 2623 1704 defuncti
2684 1655 2738 1700 et
2796 1646 3014 1716 sepulti.
3080 1643 3394 1698 Versiculos

1837 1742 1925 1798 hic
1960 1753 2040 1796 cst
2075 1760 2089 1795 :

1909 1834 2050 1899 Quos
2085 1834 2274 1894 Putra,
2308 1850 2434 1904 quas
2479 1833 2732 1903 Ephesus,
2771 1831 3194 1885 Naddauerarre
3249 1836 3411 1880 tenet.

1837 1925 1961 1982 Haec
1989 1925 2337 1983 Fortunatus.
2372 1926 2464 1994 qui
2503 1924 2689 1992 procol
2722 1923 2885 1976 dubio
2919 1921 3150 1975 credidit
3195 1918 3414 1972 Nadda-

1837 2035 1933 2073 ver
1959 2034 2077 2073 esse
2098 2062 2100 2065 .
2121 2018 2306 2072 urbem
2360 2007 2673 2084 Ethiopius,
2717 2029 2836 2069 cum
2871 2013 2987 2066 loco
3019 2013 3251 2081 primum
3283 2009 3413 2062 alle-

1837 2121 1962 2181 gato
2001 2125 2105 2163 non
2136 2110 2294 2174 alios,
2329 2107 2795 2180 quam/Ethiopcs
2849 2104 3135 2159 docentem
3195 2100 3421 2155 inducat

1845 2203 2184 2257 Mattbacutn.

1911 2288 1997 2348 59.
2031 2294 2284 2347 Attamen
2313 2292 2597 2348 centraria:
2647 2288 2922 2359 opinionis
2950 2296 3032 2340 est
3083 2285 3413 2342 Mttt'atorius

1842 2391 1892 2443 in
1921 2390 1998 2441 An
2014 2389 2214 2441 notatis
2244 2388 2307 2440 ad
2339 2386 2396 2441 S.
2432 2385 2714 2440 Paulinum
2748 2381 2856 2438 col.
2923 2381 3050 2442 451,
3091 2380 3178 2434 ubi
3228 2379 3410 2433 dicit..:

1848 2498 1864 2529 ι
1906 2479 2103 2534 llrbcnt
2137 2477 2512 2532 Naddaveretn
2560 2478 2612 2529 in
2648 2474 2864 2528 Parthia
2907 2472 3139 2542 positam
3185 2470 3408 2525 arbitra.-

1847 2589 1953 2634 rer,
1987 2586 2093 2640 quo
2142 2570 2316 2624 sancti
2354 2564 2590 2623 Matthaei
2620 2580 2742 2622 ossa
2801 2574 2922 2635 post
2949 2571 3177 2618 mortem
3214 2561 3416 2615 fuerint

1847 2663 2128 2717 translata.
2171 2680 2188 2712 ι
2237 2659 2346 2716 Hoc
2382 2660 2496 2725 ille,
2527 2669 2584 2712 ut
2619 2668 2870 2712 sanctum
2905 2655 3192 2709 Paulinum
3236 2651 3420 2706 conci-

1846 2754 1941 2809 liet
1980 2770 2102 2808 cum
2161 2761 2349 2812 sancto
2384 2751 2652 2808 Venantio
2707 2749 3026 2813 Fortunato,
3083 2745 3314 2801 credens
3367 2743 3419 2794 itt

1850 2858 2082 2916 utroque
2115 2862 2279 2916 regno
2315 2843 2634 2915 pradicasse
2655 2841 2988 2904 Manlianum,
3017 2837 3110 2892 sed
3136 2838 3186 2890 in
3213 2834 3423 2889 A'Lthio-

1848 2937 1932 3008 pia
1970 2937 2308 3000 defunctum,
2341 2949 2649 3004 corpusque
2676 2947 2740 2987 ex
2763 2930 3042 2999 Ethiopia
3068 2929 3119 2981 in
3143 2926 3420 2980 Parthiam

1849 3037 1942 3083 aut
1977 3029 2252 3084 Persidem
2292 3044 2319 3082 a
2358 3027 2644 3096 discipulis
2678 3024 3020 3079 translatum.
3061 3021 3258 3074 Verum
3298 3033 3422 3072 cum

1848 3120 2008 3175 venia
2040 3121 2137 3174 viri
2171 3119 2557 3180 eruditissimi,
2615 3133 2644 3172 a
2684 3117 2874 3188 paucis
2931 3112 3090 3168 annis
3155 3110 3422 3171 defuncti.

164 3204 292 3271 phia
319 3203 542 3273 antiqua
573 3219 675 3276 pag
721 3205 843 3260 488.
874 3207 1060 3262 Neutri
1088 3211 1422 3280 conjectura:
1450 3216 1745 3271 obstabunt
1777 3225 1816 3288 ε
1851 3215 2174 3284 coniectura
2209 3215 2300 3268 illa
2345 3213 2477 3267 mihi
2510 3212 2657 3266 omni
2699 3206 3194 3264 verisimilitudinis
3243 3205 3425 3275 specie

165 3295 265 3359 illi,
298 3295 394 3364 qui
432 3295 689 3351 dixerunt
731 3297 1042 3353 Mattbmum
1089 3301 1415 3358 occubuisse
1450 3304 1501 3356 in
1539 3307 1738 3358 monti-

165 3391 268 3442 hus
301 3387 648 3444 Parthorum.
685 3399 743 3443 ut
775 3390 1116 3464 Freculphos
1148 3394 1424 3464 superius,
1464 3407 1518 3452 ct
1551 3396 1744 3454 Petrus

165 3483 236 3535 de
288 3481 570 3536 Natalihus
623 3484 716 3538 lib.
747 3501 864 3548 vttt,
903 3502 1025 3555 cap.
1073 3487 1188 3543 100.
1241 3489 1558 3561 Anonymns
1599 3494 1740 3564 apud

166 3571 597 3635 (Ecumenium,
658 3578 747 3642 qui
812 3575 1123 3632 Matthazum
1181 3580 1371 3633 scribit
1433 3582 1632 3640 obiisse
1691 3586 1742 3638 in

169 3661 335 3712 Hiera
362 3660 579 3714 civitate
612 3663 868 3723 Parthize.
902 3673 1038 3719 teste
1073 3664 1432 3730 Florentinio,
1463 3687 1581 3742 pag.
1623 3675 1742 3736 159.

170 3753 249 3807 uti
299 3760 357 3806 et
396 3767 560 3822 supra
621 3753 960 3826 Hippolytus,
1002 3767 1055 3811 et
1115 3756 1417 3816 Dorothetts
1470 3763 1742 3835 llicropuli

171 3845 430 3910 Parthiae,
465 3853 750 3903 nominant
796 3850 976 3904 locum
1033 3851 1191 3922 plane
1243 3853 1485 3923 ignotum
1527 3859 1579 3910 itt
1617 3858 1738 3910 Par.

175 3939 396 3988 thorutn
458 3938 703 4005 imperio.
762 3939 870 3995 Nec
906 3959 1232 4012 magnopere
1275 3947 1574 4000 audiendos
1615 3960 1746 4017 puto

172 4028 313 4091 illos,
383 4027 474 4096 qui
529 4027 799 4098 Hierapoli
853 4031 906 4084 in
969 4033 1119 4102 Syria
1188 4051 1356 4103 prope
1415 4035 1744 4104 Euphratem

171 4119 377 4174 abiisse
430 4121 681 4177 scribunt
717 4121 1048 4187 Mattbaeum,
1100 4135 1157 4178 ut
1205 4125 1417 4181 Nicctas
1458 4130 1745 4204 Paphlago,

170 4221 224 4264 et
254 4222 450 4266 auctor
481 4212 762 4284 Menologii
792 4214 1069 4270 Bssiliani.
1103 4219 1315 4273 Etenim
1359 4236 1466 4274 non
1497 4224 1748 4280 videntur

172 4302 466 4368 Eusebius,
517 4304 899 4374 Hieronymus,
947 4294 1385 4377 Chrysostomtts,
1434 4309 1747 4368 Theodore-

173 4405 282 4458 tus,
314 4396 520 4465 aliique
562 4395 767 4461 Patres,
819 4398 908 4466 qui
940 4398 990 4452 in
1022 4399 1173 4472 Syria
1207 4411 1299 4455 aut
1330 4403 1612 4459 Palzestina
1646 4407 1746 4462 tio-

170 4495 424 4552 ruerunt,
463 4504 654 4544 omnes
691 4489 984 4560 ignoraturi
1014 4501 1108 4546 aut
1132 4493 1343 4547 tacituri
1373 4495 1541 4548 fuisse
1568 4497 1744 4551 locum

173 4579 506 4635 tnortualetn
567 4582 736 4635 sancti
779 4581 1036 4648 Matthtci,
1093 4586 1138 4638 si
1188 4584 1453 4657 Hierapoli
1497 4588 1548 4642 itt
1604 4588 1754 4661 Syria
1793 4583 1834 4636 ι)

173 4673 430 4728 obiisset.

244 4765 336 4820 58.
405 4766 539 4820 Acta
588 4767 798 4821 edenda
869 4767 1066 4822 habent
1146 4781 1389 4824 sanctum
1445 4773 1753 4830 illatthzenm

177 4859 446 4930 martyrio
478 4872 799 4913 coronatum
833 4876 955 4916 esse
1023 4863 1076 4916 in
1114 4862 1413 4934 lEtliiopia.
1454 4865 1509 4919 in
1536 4869 1757 4922 civitate

175 4954 345 5022 regia,
381 4969 504 5021 quae
533 4953 731 5008 ibidem
781 4952 1074 5018 Naldaber,
1109 4956 1241 5008 alias
1295 4957 1577 5012 Naddubcr
1618 4961 1753 5015 seti-

176 5045 346 5098 bitur.
407 5042 692 5106 Sententia
746 5055 927 5100 autem
971 5048 1084 5100 haec
1145 5049 1213 5101 de
1267 5049 1652 5117 prredicatione
1706 5062 1759 5106 ct

177 5143 361 5190 morte
397 5135 578 5188 sancti
615 5133 849 5190 Matthaei
893 5139 946 5192 in
992 5139 1266 5209 Aithiopia
1315 5141 1496 5210 plures
1547 5142 1760 5197 videtur

179 5227 387 5283 habere
420 5235 680 5296 patronos
715 5240 771 5281 et
799 5231 1073 5292 meliores,
1117 5248 1280 5301 quam
1321 5235 1422 5287 ulla
1471 5235 1595 5288 alia.
1624 5235 1756 5288 Nam

179 5329 382 5388 praeter
423 5319 684 5374 Rufinum
753 5330 810 5374 et
867 5322 1168 5384 Socratem,
1203 5335 1426 5379 sanctus
1460 5327 1760 5383 Eucherius

181 5412 599 5482 Lugdunensis,
635 5414 873 5482 scriptor
906 5415 1086 5468 surculi
1135 5434 1181 5476 v.
1217 5416 1269 5468 in
1312 5432 1479 5484 opere
1515 5419 1585 5471 De
1615 5437 1758 5489 qure-

181 5505 437 5560 sttont'btu
462 5506 577 5557 ttovt'
617 5509 934 5562 Testuntctttt'
959 5549 972 5571 ,
1004 5516 1135 5560 tom.
1185 5509 1242 5563 Vl
1279 5509 1608 5565 Bibliotheca:
1655 5513 1761 5565 Ρα-

183 5607 320 5651 trum
360 5597 501 5653 edit.
537 5597 781 5668 Lugdun.
821 5614 943 5669 pag.
972 5603 1098 5665 852,
1139 5603 1206 5655 ita
1248 5604 1528 5671 loquitur:
1566 5623 1582 5655 ι
1634 5605 1758 5657 Uar-

185 5689 514 5745 tholomzens
553 5689 603 5742 in
635 5690 816 5754 ludos,
848 5691 1088 5746 Thomas
1142 5695 1371 5761 tetendit
1409 5695 1461 5747 itt
1499 5697 1756 5750 Parthos:

186 5778 476 5835 Mattheus
500 5780 808 5850 Ethiopcs,
841 5783 1082 5837 Andreas
1107 5783 1340 5854 Scythas
1375 5787 1762 5854 praedicatione

188 5873 442 5937 mollivit,
485 5891 504 5922 s
549 5883 654 5929 etc.
693 5871 749 5928 S.
809 5873 1106 5945 Gregorius
1149 5877 1200 5929 in
1265 5877 1464 5932 librum
1527 5879 1760 5947 primum

1851 3308 2112 3361 destituta
2145 3307 2378 3370 videtur,
2420 3305 2680 3374 omnique
2714 3317 2906 3356 carere
2956 3299 3333 3354 fundamento.

1855 3400 2193 3454 Fortunatus
2216 3399 2410 3455 urbem
2469 3397 2755 3452 Naddaver
2810 3396 2864 3448 in
2917 3393 3134 3448 Parthia
3194 3392 3425 3461 positam

1854 3491 2197 3552 credidisset,
2245 3501 2529 3560 postquam
2590 3487 2887 3543 docentem
2934 3483 3225 3556 JEtbiopes
3274 3483 3427 3535 exhi-

1855 3585 2048 3638 buerat
2075 3582 2410 3647 Mattbzeum,
2446 3581 2690 3638 translati
2726 3578 2976 3648 corporis
3012 3578 3174 3632 etiam
3242 3577 3431 3628 memi-

1857 3675 2048 3739 nisset,
2082 3689 2150 3728 ne
2182 3673 2413 3728 lecturos
2450 3687 2578 3728 suos
2616 3673 2667 3724 in
2698 3684 2943 3725 errorem
2983 3669 3290 3723 induceret.
3329 3666 3428 3720 Fa—

1856 3767 2013 3820 cilius
2047 3767 2230 3836 itaque
2269 3777 2322 3821 et
2380 3766 2731 3820 verisimilius
2779 3765 2882 3819 dici
2923 3774 3122 3834 potest,
3177 3773 3426 3816 sanctum

1859 3862 2142 3916 Paulinum
2177 3871 2270 3914 aut
2312 3861 2486 3915 solum
2525 3859 2665 3928 loqui
2697 3859 2761 3911 de
2793 3856 3174 3927 praedicatione
3196 3853 3428 3908 Matth-ci

1858 3959 1998 4022 apud
2030 3953 2282 4016 Parthos,
2339 3951 2426 4003 tibi
2470 3951 2714 4017 ejusdem
2757 3947 2898 4016 apud
2937 3946 3129 3999 Persas
3168 3946 3429 4012 pradica-

1857 4046 2058 4099 tionern
2092 4040 2430 4098 solummodo
2457 4039 2929 4093 atlirmatsanctns
2962 4036 3429 4098 Ambrosiusnut

1860 4139 2076 4208 utrique
2125 4139 2303 4190 minus
2359 4144 2666 4204 perspectas
2735 4131 2901 4185 fuisse
2951 4129 3200 4200 regiones
3273 4140 3430 4184 extra

1861 4230 2165 4284 Romanum
2217 4227 2504 4295 imperium
2559 4226 2790 4293 positas,
2833 4223 3068 4290 ideoque
3138 4230 3431 4288 utrumque

1859 4321 2085 4376 credere
2136 4318 2397 4389 potuisse,
2449 4315 2758 4369 Matthtrum
2809 4313 2862 4366 itt
2917 4312 3197 4382 provincia
3254 4312 3432 4379 aliqua

1861 4412 2216 4470 fatuosissimi
2283 4407 2495 4477 imperii
2571 4406 2772 4461 Persici
2816 4414 2908 4459 aut
2967 4403 3203 4457 Parthici
3267 4417 3432 4456 occu-

1860 4506 2061 4560 buisse.
2096 4503 2206 4557 Hoc
2237 4509 2442 4555 ccrtmn
2485 4510 2588 4561 est,
2655 4507 2912 4551 neutrum
2957 4496 3194 4560 coicere,
3238 4494 3290 4548 in
3326 4509 3434 4563 qua

1861 4607 2015 4668 parte
2056 4594 2309 4650 latissimi
2377 4593 2523 4647 illius
2568 4590 2784 4659 imperii
2834 4588 2994 4642 fuerit
3019 4597 3240 4641 sanctus
3303 4586 3436 4641 Mat-

1862 4691 2034 4746 thaus
2066 4706 2080 4742 :
2113 4687 2342 4756 ideoque
2377 4685 2589 4738 illorum
2614 4679 2996 4734 auctoritatem
3042 4694 3147 4731 non
3189 4692 3311 4732 esse
3346 4678 3433 4732 hic

1862 4781 1994 4835 tanti
2023 4779 2355 4842 faciendam,
2378 4775 2569 4846 quanti
2597 4775 2758 4837 foret,
2791 4775 2833 4827 si
2873 4773 3054 4826 minus
3081 4787 3212 4843 vage
3241 4772 3430 4841 loque-

1862 4879 2072 4922 rentur.

1935 4964 2002 5017 60
2046 4960 2161 5014 Ado
2198 4961 2250 5014 in
2295 4959 2480 5013 libello
2516 4957 2587 5010 Dc
2635 4959 3019 5028 festivitatibus.
3054 4956 3432 5024 apostolorum.

1864 5067 1983 5122 pag.
2015 5050 2083 5104 δι
2113 5048 2430 5118 martyrium
2460 5049 2632 5101 sancti
2659 5047 2890 5100 Matth-tri
2931 5047 3182 5100 similiter
3208 5045 3435 5099 collocat

1863 5143 1916 5195 in
1949 5139 2251 5210 Ethiopia,
2283 5139 2471 5196 dicens
2505 5159 2516 5194 :
2554 5158 2571 5190 ι
2605 5138 2705 5203 Qui
2743 5139 2950 5207 primus
2979 5139 3032 5190 in
3058 5137 3236 5190 Iudaea
3259 5136 3436 5188 Esau-—

1863 5233 2064 5305 gelium
2102 5234 2304 5301 Christi
2335 5233 2564 5288 Hebrmo
2594 5245 2848 5286 sermone
2915 5228 3264 5298 conscripsit.
3310 5226 3438 5281 Post

1863 5342 1991 5380 vero
2026 5327 2166 5395 apud
2193 5325 2526 5396 Aithiopiam
2554 5324 2874 5394 praedicans,
2904 5321 3219 5391 martyrium
3245 5325 3436 5388 passos

1865 5429 1963 5473 est.
1998 5437 2014 5470 ι
2059 5419 2426 5474 Consentiunt
2458 5419 2712 5472 ltabanus
2741 5427 2794 5471 et
2826 5415 3108 5469 Usuardus
3135 5413 3201 5466 de
3236 5411 3434 5480 pradi-

1866 5512 2082 5564 catione
2147 5522 2199 5564 et
2241 5513 2498 5581 martyrio
2542 5512 2594 5563 itt
2645 5508 2946 5577 .lithiOpia,
2995 5507 3440 5571 recentioresth

1867 5603 2106 5671 plurimi.
2138 5604 2401 5658 Omnibus
2430 5613 2609 5656 autem
2639 5601 3000 5655 consideratis
3058 5607 3111 5654 et
3155 5595 3428 5664 expensis.

1867 5695 1978 5749 haec
2005 5696 2135 5748 mihi
2163 5683 2429 5749 sententia
2479 5691 2808 5764 probabilior
2837 5693 3067 5749 videtur.
3104 5703 3262 5756 quam
3301 5702 3438 5755 qua

1870 5789 1920 5839 in
1975 5789 2195 5841 Perside
2241 5797 2332 5842 aut
2386 5788 2600 5840 Parthia
2659 5788 2971 5843 defunctum
3048 5781 3226 5834 tradit.
3277 5778 3433 5834 [latio

1868 5882 2039 5953 prima
2095 5891 2196 5941 est,
2246 5880 2702 5952 quodbhiopia
2747 5891 2880 5932 esset
2938 5872 3166 5945 ΛΞςγρίυ
3224 5880 3443 5926 center.—
