3956 6440
545 400 645 462 78Ὶ

1776 384 2057 448 ΜΕΝΞΙΒ
2095 378 2387 439 SEPTEM
2401 379 2568 439 BER.

3696 374 3803 438 788

542 514 708 574 mina,
746 508 978 577 ideoque
1010 522 1119 561 non
1155 504 1405 559 videatur
1446 498 1911 573 praetermittenda
1948 494 2117 549 fuisse
2150 493 2195 546 A
2231 506 2249 540 ι
2282 491 2452 554 Quem
2477 486 2801 558 (Christum)
2827 486 3101 540 imitantes
3134 483 3386 554 apostoli,
3421 482 3591 551 utqui
3612 496 3802 535 revera

543 604 608 655 ab
632 601 914 671 apostolis,
942 598 1243 668 praesertim
1279 612 1404 651 cum
1441 593 1676 648 eunuchi
1720 593 1919 661 regina:
1971 589 2115 644 Can-

543 698 709 750 daces
765 693 1056 749 conversio
1106 706 1258 761 spem
1324 702 1573 759 magnam
1624 684 1867 756 praebere
1931 692 2116 753 posset

547 788 845 858 xiithiOpia:
877 784 1283 841 convertendae.
1316 783 1525 853 Itaque.
1576 796 1699 835 enm
1741 793 1853 833 non
1904 787 2118 831 constet

545 884 613 937 de
643 882 1033 952 praedicatione
1066 880 1231 933 ullius
1258 876 1484 931 alterius
1518 890 1580 929 ex
1610 870 1894 941 discipulis
1912 868 2114 925 Christi

543 977 598 1031 in
623 976 926 1046 EthiOpia,
945 975 1132 1029 Patres
1153 988 1279 1027 vero
1297 973 1477 1042 plures
1514 970 1825 1023 eunuchum
1849 968 2026 1036 ipsum
2047 963 2117 1017 ibi

545 1070 665 1123 fidei
710 1083 1018 1138 praeconem
1086 1066 1305 1129 faciant,
1361 1063 1581 1117 videtur
1635 1061 1864 1114 omnino
1928 1072 2119 1111 assen-

546 1162 791 1215 tiendum
829 1161 954 1224 illis,
998 1160 1092 1229 qui
1124 1160 1440 1213 Matthzeum
1466 1172 1533 1211 eo
1569 1154 1795 1210 missum
1827 1158 2116 1206 asserunt:

548 1251 719 1305 solius
743 1252 890 1305 enirn
922 1251 1185 1315 eunuchi,
1244 1258 1436 1321 utpote
1476 1247 1624 1309 laici,
1654 1246 1783 1300 dum
1818 1259 1885 1299 eo
1934 1258 2122 1298 rever—

550 1357 645 1395 sus
685 1350 788 1404 est,
809 1353 1036 1397 conatus
1066 1359 1173 1396 non
1205 1350 1419 1410 poterat
1450 1339 1699 1393 suflicere
1742 1335 1807 1390 ad
1860 1335 2122 1391 ecclesias

544 1434 853 1503 erigendas,
917 1434 1021 1490 nisi
1074 1436 1361 1489 accederet
1413 1435 1729 1504 apostolus,
1783 1439 1879 1485 aut
1932 1429 2120 1485 saltem

546 1527 804 1581 sacerdos
834 1527 1053 1596 aliquis.
1104 1525 1260 1582 llunc
1292 1542 1420 1581 vero
1451 1526 1619 1581 fuisse
1664 1524 1981 1579 Matthaeum
2015 1530 2124 1573 tra-

547 1616 687 1670 dunt
737 1616 1036 1686 scriptores
1075 1618 1206 1673 satis
1258 1618 1465 1687 antiqui
1509 1627 1563 1672 et
1600 1631 1794 1688 graves
1847 1615 1912 1669 ad
1965 1612 2122 1666 ﬁdem

550 1707 651 1758 hac
680 1705 736 1758 in
760 1720 817 1760 re
840 1706 1218 1761 obtinendam.
1236 1706 1415 1761 Altera
1443 1710 1581 1761 ratio
1604 1717 1707 1768 est,
1731 1704 1873 1775 quod
1910 1703 2123 1759 Persica

2219 585 2404 631 essent
2426 576 2736 645 cognitione
2765 574 2976 645 praediti
3007 583 3061 628 et
3096 574 3347 641 perfecti,
3383 589 3487 641 pro
3524 571 3803 633 ecclesiis,

2220 654 2356 739 quas
2399 670 2721 732 fundarunt,
2785 668 2927 737 passi
2979 677 3125 722 sunt.
3184 685 3201 719 ι
3271 666 3626 735 Quapropter
3670 664 3804 716 mihi

2221 766 2376 836 longe
2410 763 2744 833 probabilior
2774 770 3000 830 apparet
3033 764 3305 814 sententia
3339 758 3801 824 communis.qua

2224 864 2424 926 martyr
2474 854 2716 909 creditur
2766 852 3094 905 Mattheus:
3143 866 3267 903 nam
3302 865 3403 903 nec
3439 848 3805 915 Menel0gium

2222 948 2553 1002 Basilianum
2592 946 2735 999 clare
2770 945 3107 999 contrarium
3163 942 3348 1005 habet,
3376 956 3479 993 nec
3504 940 3809 993 Heracleon

2222 1042 2362 1110 apud
2394 1038 2736 1095 Clementem
2773 1055 2785 1089 :
2833 1050 2935 1089 nec
2967 1035 3162 1088 horum
3200 1031 3505 1086 auctoritas
3534 1045 3635 1097 par
3662 1038 3811 1082 esset

2226 1133 2451 1201 reliquis
2475 1131 2755 1193 omnibus,
2786 1129 2829 1182 si
2864 1127 3093 1181 omnino
3121 1126 3463 1180 contrarium
3512 1122 3808 1175 haberent.

2226 1229 2299 1282 De
2332 1238 2577 1296 tempore
2628 1223 2873 1294 martyrii
2916 1237 3025 1275 non
3084 1227 3321 1274 constat.
3380 1217 3812 1286 Chrysostomus

2226 1332 2407 1376 tamen
2487 1320 2633 1374 hom.
2713 1316 2779 1370 76
2844 1314 2937 1385 (al.
3021 1312 3112 1381 77)
3181 1311 3239 1364 in
3302 1310 3619 1363 Matthamm
3675 1304 3810 1360 insi-

2227 1424 2384 1477 nuat,
2438 1412 2716 1467 Sanctum-
2755 1409 2929 1463 fuisse
2980 1405 3299 1459 defunctum
3358 1411 3488 1456 ante
3534 1400 3811 1454 excidium

2228 1508 2805 1582 Hierosolymitanum,
2840 1500 2983 1573 quod
3010 1500 3190 1571 figitur
3216 1512 3360 1553 anno
3385 1494 3456 1549 70
3486 1508 3616 1550 εει-ω
3649 1490 3810 1547 Chri—

2227 1604 2439 1658 stianre.

2300 1697 2388 1751 69..
2432 1695 2700 1750 Caeterum
2768 1692 2835 1746 de
2908 1689 3072 1745 modo
3127 1684 3346 1740 vivendi
3407 1691 3464 1737 et
3510 1678 3816 1733 virtutibus

549 1811 643 1853 aut
678 1796 935 1853 Parthica
968 1800 1144 1855 sancti
1192 1799 1506 1869 praedicatio
1564 1771 1760 1853 solum
1786 1798 2025 1853 breviter
2072 1807 2125 1849 et
2156 1830 2202 1889 Β
2232 1790 2289 1845 S.
2320 1787 2558 1843 Matthxi
2609 1800 2777 1856 pauca
2824 1782 3178 1852 reperiuntur
3229 1778 3369 1849 apud
3410 1786 3655 1830 veteres.
3692 1771 3817 1823 Cle-

549 1907 684 1961 vage
720 1892 793 1944 sit
818 1904 1028 1947 asserta
1056 1895 1122 1948 ab
1143 1894 1433 1949 Ambrosio
1469 1904 1521 1948 et
1546 1893 1792 1958 Paulino,
1828 1908 1891 1947 ex
1925 1893 2124 1962 quibus

552 1984 607 2038 in
650 1982 842 2039 Fastos
903 1986 1359 2057 llieronymianos
1412 1986 1645 2041 transire
1708 1987 1906 2055 petuit.
1944 1984 2127 2038 Potuit

555 2088 736 2133 tamen
778 2079 845 2134 ibi
879 2096 1097 2149 quoque
1122 2082 1439 2147 praedicare,
1479 2090 1533 2133 et
1572 2089 1760 2150 postea
1796 2079 1848 2131 in
1908 2076 2126 2130 Aithio-

552 2170 696 2237 piam
729 2170 1006 2239 proficisci
1040 2189 1052 2224 :
1089 2186 1215 2224 nam
1254 2172 1321 2225 de
1355 2182 1531 2225 morte
1580 2182 1673 2225 aut
1705 2172 1960 2241 martyrio
2007 2173 2125 2225 lau-

552 2261 664 2315 dati
697 2262 884 2319 Patres
914 2265 1050 2319 nihil
1104 2265 1395 2319 aﬂirmaut.
1430 2264 1585 2330 Quod
1622 2281 1749 2319 vero
1802 2272 2013 2334 spectat
2062 2264 2126 2317 ad

552 2355 857 2423 civitatem,
892 2373 1013 2427 quae
1042 2357 1327 2412 Naddaver
1358 2358 1412 2411 in
1470 2358 1617 2410 Actis
1661 2366 1713 2409 et
1762 2357 1903 2425 apud
1938 2355 2131 2409 Fortu-

554 2459 746 2503 natum
772 2461 1020 2513 vocatur,
1061 2451 1208 2503 nulla
1245 2451 1390 2505 illius
1432 2450 1862 2521 plane-nominis
1890 2461 2015 2506 nota
2050 2459 2131 2505 est

554 2536 611 2590 in
642 2538 943 2608 IEthiopia.
1003 2540 1134 2594 Erat
1181 2550 1360 2595 tamen
1429 2542 1657 2612 Augusti
1707 2550 1947 2611 tempore
2002 2542 2130 2594 urbs

552 2629 759 2698 Napata
827 2630 970 2697 apud
1032 2630 1354 2685 Strabonem
1422 2649 1545 2703 pag.
1598 2633 1701 2685 820
1747 2633 1909 2694 dicta,
1970 2648 2127 2701 quam

555 2722 845 2777 Petronius
906 2722 1152 2779 Romano
1205 2724 1471 2779 exercitui
1528 2726 1817 2794 przefectus
1867 2727 2015 2793 cepit
2069 2741 2133 2777 ac

554 2814 722 2869 diruit
752 2817 806 2868 in
844 2816 985 2870 bello
1014 2828 1203 2871 contra
1255 2820 1495 2888 reginam
1531 2820 1848 2873 Candacen.
1885 2818 2130 2888 Napatis,

556 2916 697 2962 teste
740 2907 1031 2973 Strabone,
1062 2908 1345 2964 Candaces
1378 2911 1523 2982 regia
1555 2920 1695 2966 erat.
1720 2911 1838 2967 Jam
1870 2928 2000 2966 vero
2042 2913 2129 2965 alii

556 3000 933 3065 considerent,
968 3016 1033 3054 an
1063 3002 1193 3056 urbs
1221 3001 1560 3073 Althiopica,
1595 3020 1754 3073 quam
1802 3002 2005 3073 Napata
2034 3020 2132 3057 vo—

558 3101 755 3145 carunt
791 3092 988 3158 Graeci,
1038 3107 1150 3146 non
1187 3096 1427 3161 potuerit
1475 3095 1577 3147 alia
1611 3095 1954 3162 expositione
1986 3094 2133 3148 vocis

2232 1898 2385 1937 mens
2418 1879 2843 1941 Alexandrinus,
2874 1877 2971 1931 lib.
3001 1891 3035 1929 ιι
3064 1871 3371 1942 Pwdagogi,
3397 1885 3523 1938 cap.
3554 1870 3604 1927 l,
3640 1865 3816 1918 victus

2228 1976 2579 2031 sobrietatem
2606 1971 2811 2033 laudat,
2854 1969 2923 2023 ita
2978 1967 3227 2022 scribens
3266 1979 3282 2020 :
3323 1982 3341 2015 ε
3383 1962 3680 2015 Matthaeus
3712 1959 3815 2010 ita-

2228 2085 2332 2141 quc
2364 2065 2641 2137 apoStolus
2676 2062 2999 2120 seminibus,
3032 2058 3219 2113 baccis
3242 2067 3296 2112 et
3325 2055 3573 2111 oleribus
3606 2053 3816 2119 absque

2231 2163 2490 2218 carnibus
2533 2158 2808 2212 utebatur.
2851 2175 2868 2205 ι
2927 2153 3374 2221 Chrysostomus,
3432 2149 3584 2200 hom.
3618 2146 3690 2198 ΓΙ
3722 2146 3814 2213 (al.

2231 2255 2319 2324 t8)
2355 2257 2404 2305 iu
2448 2250 2640 2305 Matth.
2676 2264 2739 2301 ex
2785 2246 2954 2301 sacris
2985 2244 3206 2298 Litteris
3236 2241 3471 2310 elogium
3521 2238 3821 2292 collectum

2234 2350 2305 2403 ita
2352 2344 2669 2401 contexuit:
2711 2363 2727 2395 ι
2760 2341 2947 2411 Cogita
2984 2338 3118 2393 mihi
3170 2336 3390 2406 (inquit)
3434 2334 3583 2387 litmc
3638 2332 3818 2400 ipsum

2233 2439 2647 2509 evangelistam,
2703 2432 2913 2489 etiamsi
2966 2446 3073 2483 non
3131 2438 3295 2482 totam
3345 2428 3463 2496 ejus
3512 2426 3684 2478 vitam
3722 2424 3818 2476 de-

2234 2533 2490 2601 scriptam
2530 2528 2873 2582 habeamus:
2910 2532 3150 2575 attamen
3195 2533 3259 2573 ex
3298 2516 3510 2587 paucis.
3562 2530 3689 2583 qua:
3736 2528 3819 2566 rc-

2233 2634 2398 2685 stant,
2427 2624 2551 2676 licet
2572 2620 2862 2688 imaginem
2884 2619 3001 2685 ejus
3022 2614 3399 2683 splendentem
3426 2611 3631 2662 videre.
3662 2606 3817 2672 Quod

2237 2715 2456 2769 humilis
2506 2722 2561 2765 ct
2592 2710 2861 2765 contritus
2911 2716 3078 2771 esset,
3112 2704 3235 2757 audi
3271 2702 3445 2771 ipsum
3477 2700 3533 2753 in
3567 2698 3821 2761 Evangeo

2236 2810 2307 2863 lio
2336 2824 2453 2862 sese
2478 2804 2828 2877 publicanum
2855 2812 3138 2855 vocantem
3164 2815 3178 2864 ;
3217 2795 3361 2867 quod
3387 2806 3572 2847 autem
3607 2792 3820 2846 miseri-

2235 2918 2357 2957 cors
2399 2909 2565 2963 esset,
2601 2897 2722 2951 vide
2763 2896 2914 2950 illum
2944 2892 3202 2947 oumibus
3229 2899 3455 2944 exutum
3485 2885 3679 2940 Jesum
3733 2900 3821 2939 se-

2236 3005 2517 3067 quentem.
2569 2990 2723 3056 Quod
2760 2989 2882 3058 pius
2914 2994 3081 3050 esset,
3119 2985 3295 3054 palam
3321 2990 3500 3034 estex
3541 2977 3820 3049 dogmati-

2239 3088 2358 3141 bus.
2395 3081 2811 3155 lutelligcntiam
2847 3091 2901 3132 et
2934 3075 3258 3132 charitatem
3305 3072 3425 3142 ejus
3451 3086 3518 3124 ex
3551 3084 3640 3131 eo,
3676 3068 3822 3139 quod

558 3182 910 3253 Ethiopian,
946 3193 1035 3238 aut
1085 3185 1275 3239 saltem
1307 3186 1662 3256 corruptione
1714 3186 1999 3240 Narldaver
2043 3203 2134 3239 ex-
2164 3188 2203 3244 (ζ
2238 3179 2587 3250 conscripsit,
2642 3174 2937 3245 Evangelia
2992 3170 3176 3225 videre
3206 3170 3288 3222 est
3320 3184 3332 3221 :
3384 3164 3631 3219 universi
3670 3164 3823 3217 enim

558 3275 746 3346 primi.
781 3274 1039 3329 Eamdem
1076 3275 1268 3329 urbem
1298 3276 1431 3330 alibi
1472 3275 1705 3347 Naggata
1750 3278 1914 3332 scribi
1948 3278 2135 3332 obser-

558 3377 652 3425 vat
682 3367 971 3433 Cellarius,
1007 3368 1058 3422 in
1092 3367 1689 3441 Geographia‘autiqua,
1725 3370 1819 3423 lib.
1843 3385 1915 3435 tv,
1936 3386 2055 3441 cap.
2081 3371 2133 3435 8,

560 3475 685 3532 pag.
722 3461 823 3513 156

634 3553 724 3609 61.
760 3552 914 3619 Quod
956 3564 1165 3625 spectat
1200 3555 1266 3609 ad
1300 3558 1618 3628 martyrium
1661 3556 1834 3612 sancti
1872 3557 2136 3625 Matth-xi,

560 3649 668 3703 hoc
700 3649 877 3718 ipsum
912 3648 1127 3703 videtur
1164 3650 1411 3703 dubium.
1445 3650 1821 3721 Martyrologia
1870 3650 2136 3722 Hierony-

565 3740 747 3794 miana
778 3751 833 3794 et
901 3745 1032 3793 Acta
1064 3740 1257 3793 Latina
1308 3755 1430 3792 cum
1482 3742 1858 3810 martvrologis
1885 3743 2139 3797 omnibus

564 3831 728 3885 medii
767 3831 868 3885 azvi
906 3831 1204 3896 insinuant,
1241 3830 1548 3887 Matthmum
1570 3834 1775 3890 ohiisse
1814 3847 2137 3908 martyrem.

564 3926 634 3978 At
676 3923 1037 3996 menologium
1059 3924 1391 3979 Basilianum
1410 3927 1475 3980 ad
1498 3928 1561 3981 16
1585 3926 1903 3983 Novembris
1919 3931 1983 3985 de
2000 3946 2140 3985 mar-

566 4018 705 4088 tyrio
727 4019 876 4072 clare
908 4020 1098 4073 saltem
1135 4035 1242 4074 non
1274 4021 1538 4089 loquitur,
1571 4023 1664 4076 sed
1701 4026 1872 4077 utitur
1892 4041 2024 4079 voce
2044 4044 2136 4078 τε-

561 4109 829 4175 λειοῦται,
851 4121 1399 4183 consummatumin
1420 4124 1599 4169 tamen
1631 4116 1797 4169 verbo
1822 4120 2138 4189 martyrium

566 4204 719 4258 innui
784 4214 987 4273 potest,
1042 4206 1279 4258 maxime
1334 4222 1456 4260 cum
1526 4210 1687 4277 paulo
1754 4219 1879 4264 ante
1927 4213 2142 4267 dicatur

568 4296 735 4350 multa
783 4306 1050 4351 tormenta
1110 4311 1402 4366 perpessus
1463 4297 1608 4366 apud
1664 4301 2138 4371 Antropophagos.

562 4389 626 4443 in
659 4386 851 4443 eodem
876 4386 1180 4459 Menologio
1212 4389 1279 4443 ad
1306 4390 1374 4443 '50
1420 4387 1571 4444 Junii
1631 4391 1831 4446 dicitur
1871 4390 2141 4461 lapidibus

568 4482 821 4538 obrutus.
853 4482 1259 4555 Metapbrastes
1318 4493 1373 4535 et
1422 4484 1637 4538 Nicetas
1686 4485 1959 4555 Paphlago
1999 4502 2141 4539 mar—
2177 4543 2184 4551 ,

569 4577 764 4647 tyrium
802 4580 1099 4646 generatim
1152 4585 1424 4630 asserunt.
1475 4576 1527 4629 lu
1563 4578 1785 4631 Menaeis
1836 4581 1901 4633 ad
1941 4580 2001 4633 16
2033 4582 2143 4633 Νο-

569 4670 805 4724 vembris
824 4672 1057 4737 primqu
1091 4670 1355 4722 asset-itur
1378 4686 1471 4739 per
1502 4674 1678 4741 ignem
1713 4683 2142 4738 consummatus,

572 4762 767 4815 deinde
799 4762 960 4816 datur
986 4762 1221 4832 elogium
1286 4761 1622 4825 fabulosum,
1682 4764 1735 4817 in
1775 4781 1884 4833 quo
1948 4764 2148 4817 iliaesus

572 4856 639 4908 ab
673 4854 795 4924 igne
827 4871 949 4909 mox
993 4855 1047 4908 iu
1105 4857 1350 4910 oratione
1380 4857 1584 4911 abiisse
1635 4858 1855 4923 dicitur,
1895 4867 1951 4912 ut
1985 4858 2145 4912 etiam

572 4950 737 5004 habet
768 4947 1138 5019 Nic-ephorus.
1197 4949 1519 5016 Heracleou,
1566 4953 1861 5007 haereticus
1909 4951 2149 5005 Valenti-

572 5043 805 5106 nianus,
856 5043 997 5114 apud
1033 5042 1373 5099 Clementem
1419 5045 1889 5110 Alexandrinum,
1953 5046 2045 5099 lib.
2098 5059 2148 5099 tv

573 5134 929 5196 Stromatum,
956 5136 1170 5189 videtur
1199 5152 1395 5207 negare
1439 5138 1755 5205 martyrium
1806 5153 1914 5191 non
1971 5139 2145 5192 solum

573 5227 835 5292 Matthazi,
860 5227 955 5281 sed
991 5228 1153 5279 etiam
1191 5228 1449 5299 Philippi,
1470 5228 1693 5283 Thomte
1711 5239 1765 5283 et
1795 5229 2146 5299 Levis,quem

578 5335 863 5389 perperam
894 5335 920 5372 a
944 5319 1198 5373 Matthaeo
1220 5321 1521 5391 distinguit,
1549 5322 1652 5375 nisi
1686 5322 1823 5376 forte
1859 5322 2146 5379 Lebbaeum

577 5412 693 5465 sive
712 5408 1045 5464 Thaddzeum
1076 5426 1143 5466 eo
1184 5410 1403 5465 nomine
1431 5411 1715 5483 designare
1757 5414 1945 5467 voluit.
1996 5414 2143 5468 Atta-

580 5516 701 5555 men
733 5499 945 5571 pbrasis
972 5510 1055 5554 est
1078 5502 1378 5563 obscurior,
1422 5500 1666 5570 mihique
1717 5503 2033 5574 ambiguum
2070 5512 2152 5557 est

580 5608 649 5647 an
704 5608 893 5647 revera
961 5594 1252 5648 lleracleon
1320 5609 1520 5663 negare
1583 5594 1834 5654 voluerit,
1888 5608 2151 5667 martyres

581 5686 753 5741 fuisse
786 5685 1031 5739 laudatos
1070 5687 1366 5755 apostolos.
1403 5687 1555 5752 Quod
1592 5686 1635 5739 si
1667 5702 1851 5740 revera
1883 5689 1933 5741 id
1964 5692 2149 5744 volue—

582 5776 674 5837 rit,
733 5776 937 5841 exiguae
988 5777 1130 5845 apud
1176 5790 1369 5829 omnes
1422 5779 1580 5831 debet
1628 5792 1747 5832 esse
1808 5782 2145 5835 auctoritatis

582 5867 783 5923 dictum
823 5867 1115 5934 illud,cum
1155 5868 1408 5925 Clemens
1442 5869 1552 5939 ipse
1594 5872 1753 5941 paulo
1786 5883 1903 5941 post
1931 5872 2068 5929 dicat
2117 5893 2128 5929 :

2239 3278 2385 3333 orbis
2417 3289 2600 3330 curam
2638 3270 2821 3343 gessit.
2859 3268 3133 3321 Bonorum
3163 3277 3392 3333 operum
3426 3267 3825 3328 argumentum

2240 3370 2407 3424 habes
2442 3383 2506 3420 cx
2541 3366 2759 3425 throno,
2798 3361 2852 3413 in
2900 3373 3009 3428 quo
3053 3370 3310 3410 sessurus
3362 3360 3490 3405 est:
3543 3349 3828 3403 fortitudi-

2240 3476 2386 3523 nem,
2419 3456 2561 3530 quod
2591 3454 2835 3528 gaudens
2878 3465 3131 3505 reversus
3163 3448 3231 3501 sit
3262 3462 3291 3500 a
3334 3445 3472 3499 facie
3516 3443 3761 3496 concilii.
3800 3462 3819 3492 ι

2242 3555 2511 3608 Hactenus
2537 3550 2977 3619 Chrysostomus.
3006 3538 3481 3598 Eminentissimus
3509 3535 3657 3589 Bona
3682 3535 3775 3588 lib.
3806 3550 3821 3587 t

2241 3649 2441 3701 Rerum
2470 3643 2863 3714 liturgicarum,
2891 3654 3011 3707 cap.
3047 3637 3099 3698 8,
3140 3650 3289 3687 num.
3323 3632 3377 3696 ἓ,
3411 3629 3578 3683 refert
3602 3638 3823 3683 exstare

2242 3742 2403 3796 etiam
2446 3737 2668 3791 nomine
2720 3732 2897 3784 sancti
2938 3726 3175 3781 Matthmi
3213 3724 3510 3791 Liturgiam
3558 3722 3825 3788 aliquam,

2240 3850 2359 3903 qua:
2385 3830 2703 3898 .Ethiopum
2730 3838 2850 3879 esse
2885 3822 3103 3877 dicitur.
3131 3816 3427 3890 [.iturgiam
3447 3813 3770 3885 Aithiopum
3796 3833 3823 3864 a

2242 3929 2406 3983 variis
2452 3926 2649 3979 editam
2704 3918 2961 3979 invenio;
3000 3915 3095 3970 sed
3138 3928 3248 3967 non
3295 3912 3449 3967 video
3503 3911 3825 3963 attributam

2243 4030 2431 4076 saneto
2456 4018 2730 4071 lilatthteo.
2762 4013 2919 4067 Certe
2947 4007 3316 4080 Raynodotius
3348 4006 3399 4059 in
3423 4002 3605 4073 Opere
3638 4003 3707 4058 de
3740 4001 3828 4055 Li-

2246 4112 2434 4182 turgiis
2478 4108 2849 4165 Orientalibus
2902 4103 3065 4156 etiam
3112 4096 3457 4166 EthiOpicas
3508 4095 3726 4150 edidit:
3775 4104 3827 4147 at

2244 4204 2448 4259 nullam
2481 4201 2550 4255 ibi
2586 4198 2808 4252 nomine
2845 4191 3082 4251 Matthxi
3117 4190 3431 4262 insignitam
3472 4188 3606 4240 vidi.
3646 4186 3826 4251 Quare

2244 4298 2496 4356 existimo
2552 4295 2696 4349 illam
2756 4306 2860 4347 non
2913 4289 3005 4343 diu
3079 4284 3135 4341 S.
3188 4282 3447 4338 Matthreo
3506 4281 3823 4336 attributam

2245 4395 2432 4449 fuisse.

2248 4509 2273 4578 ᾗ
2315 4509 2377 4562 V.
2430 4506 2501 4559 De
2530 4501 2961 4578 translationibus
2998 4494 3230 4578 corporis
3263 4489 3426 4559 quod,
3461 4490 3738 4578 int-eruum
3772 4488 3827 4538 in

2324 4559 2581 4632 Lucania.
2654 4574 2973 4640 transfertur
3042 4559 3342 4622 solertiam,
3416 4576 3479 4612 ac
3558 4559 3829 4614 brachium

2319 4648 2503 4702 deinde
2539 4647 2907 4699 Beneventum.

2321 4764 2414 4819 65.
2434 4757 2883 4828 Quandoquidem
2901 4770 3005 4808 non
3021 4752 3285 4807 habemus
3300 4750 3430 4803 Acta
3451 4745 3830 4801 translationis

2251 4856 2424 4913 sancti
2460 4852 2723 4918 Matthzei,
2764 4864 2885 4919 quae
2922 4847 3078 4901 fidem
3126 4851 3406 4899 merentur
3442 4841 3549 4894 viri
3593 4839 3822 4898 eruditi,

2251 4958 2343 5005 aut
2374 4964 2495 5003 eam
2536 4948 2782 5000 obtinere
2819 4950 3047 5013 possunt
3072 4940 3174 4992 hoc
3202 4947 3472 5005 tempore,
3507 4943 3563 4989 et
3591 4935 3831 5001 scripto-

2252 5058 2337 5098 res
2370 5038 2705 5107 antiquiores
2735 5050 2842 5087 non
2875 5032 2979 5085 nisi
3004 5043 3192 5100 vagam
3224 5025 3461 5097 aliquam
3489 5036 3545 5078 et
3566 5025 3831 5079 incertam

2252 5138 2520 5191 dederunt
2567 5128 2814 5184 notitiam
2867 5126 2933 5180 de
2973 5124 3114 5188 loco,
3168 5122 3220 5175 iu
3263 5136 3372 5189 quo
3402 5132 3607 5187 corpus
3649 5132 3827 5170 serva-

2254 5229 2411 5283 batur
2456 5234 2581 5279 ante
2627 5222 3032 5276 translatiouem
3080 5217 3132 5268 in
3188 5212 3494 5279 EurOpam,
3542 5206 3828 5263 diﬂiculter

2254 5320 2455 5388 aliquid
2502 5314 2637 5371 certi
2681 5312 2985 5381 reperietur
3026 5307 3094 5361 de
3137 5302 3427 5357 occasione
3467 5308 3523 5353 et
3557 5311 3826 5368 tempore,

2256 5428 2362 5481 quo
2398 5410 2632 5480 primunt
2688 5403 2739 5457 in
2785 5402 2995 5457 italiam
3034 5399 3133 5451 fuit
3166 5396 3534 5465 deportatum.
3571 5389 3824 5445 illustris-

2254 5506 2427 5559 simus
2465 5500 2731 5557 Columna
2765 5497 2875 5566 jam
2908 5492 3179 5553 laudatus,
3222 5489 3313 5559 qui
3364 5486 3628 5552 majorem
3667 5484 3821 5537 ﬁdem

2256 5612 2415 5669 quam
2443 5594 2625 5649 crisim
2657 5587 2903 5644 adhibuit
2937 5585 2991 5638 in
3033 5582 3309 5653 sequendo
3335 5576 3651 5633 Relationes
3675 5576 3820 5638 Mss,

2258 5682 2797 5760 quasimprobabiles
2819 5693 2937 5732 esse
2954 5674 3210 5744 ostendi§
3244 5675 3290 5738 l,
3324 5670 3615 5725 Historiam
3650 5680 3821 5722 trans-

2262 5780 2483 5837 lationis
2517 5778 2666 5834 dedit
2706 5772 2930 5828 minime
2977 5767 3344 5825 verisimilem.
3382 5764 3598 5819 Etenim
3644 5779 3761 5829 cap.
3794 5762 3826 5814 5

2252 5882 2435 5933 narrat
2472 5870 2642 5927 sancti
2688 5882 2887 5937 corpus
2941 5878 3005 5919 ex
3054 5860 3326 5929 Ethiopia
3368 5858 3611 5913 delatum
3644 5853 3699 5910 in
3730 5852 3829 5909 Bri-
