  <div class='ocr_page' id='page_1' title='image "/cluster/home/n/w/nwhite01/storage/ocr_20150623/115/ien.35556001659887/404.png"; bbox 0 0 3956 6458; ppageno 0'>
   <div class='ocr_carea' id='block_1_1' title="bbox 162 400 269 462">
    <p class='ocr_par' dir='ltr' id='par_1_1' title="bbox 162 400 269 462">
     <span class='ocr_line' id='line_1_1' title="bbox 162 400 269 462; baseline 0 0"><span class='ocrx_word' id='word_1_1' title='bbox 162 400 269 462; x_wconf 85' lang='lat'><strong>789</strong></span> 
     </span>
    </p>
   </div>
   <div class='ocr_carea' id='block_1_2' title="bbox 1454 400 2164 469">
    <p class='ocr_par' dir='ltr' id='par_1_2' title="bbox 1454 400 2164 469">
     <span class='ocr_line' id='line_1_2' title="bbox 1454 400 2164 469; baseline 0.013 -10"><span class='ocrx_word' id='word_1_2' title='bbox 1454 402 1629 463; x_wconf 79' lang='lat' dir='ltr'><strong>VlTA</strong></span> <span class='ocrx_word' id='word_1_3' title='bbox 1674 402 1735 460; x_wconf 87' lang='lat' dir='ltr'><strong>S.</strong></span> <span class='ocrx_word' id='word_1_4' title='bbox 1779 400 2164 469; x_wconf 70' lang='lat' dir='ltr'><strong>MATTH£L</strong></span> 
     </span>
    </p>
   </div>
   <div class='ocr_carea' id='block_1_3' title="bbox 3310 403 3418 466">
    <p class='ocr_par' dir='ltr' id='par_1_3' title="bbox 3310 403 3418 466">
     <span class='ocr_line' id='line_1_3' title="bbox 3310 403 3418 466; baseline 0.009 -1"><span class='ocrx_word' id='word_1_5' title='bbox 3310 403 3418 466; x_wconf 81' lang='lat'><strong>790</strong></span> 
     </span>
    </p>
   </div>
   <div class='ocr_carea' id='block_1_4' title="bbox 165 512 3416 589">
    <p class='ocr_par' dir='ltr' id='par_1_4' title="bbox 165 512 3416 589">
     <span class='ocr_line' id='line_1_4' title="bbox 165 512 3416 589; baseline 0 -21"><span class='ocrx_word' id='word_1_6' title='bbox 165 515 415 568; x_wconf 88' lang='lat' dir='ltr'><strong>tanniam</strong></span> <span class='ocrx_word' id='word_1_7' title='bbox 455 516 791 568; x_wconf 82' lang='lat' dir='ltr'><strong>Armoricam</strong></span> <span class='ocrx_word' id='word_1_8' title='bbox 820 529 913 583; x_wconf 83' lang='lat' dir='ltr'><strong>per</strong></span> <span class='ocrx_word' id='word_1_9' title='bbox 946 523 1273 569; x_wconf 69' lang='lat' dir='ltr'><strong>mercatores</strong></span> <span class='ocrx_word' id='word_1_10' title='bbox 1299 512 1589 566; x_wconf 81' lang='lat' dir='ltr'><strong>Britannos</strong></span> <span class='ocrx_word' id='word_1_11' title='bbox 1618 520 1743 564; x_wconf 86' lang='lat' dir='ltr'><strong>tem-</strong></span> <span class='ocrx_word' id='word_1_12' title='bbox 1774 513 1820 568; x_wconf 84' lang='grc' dir='ltr'><strong>Α</strong></span> <span class='ocrx_word' id='word_1_13' title='bbox 1851 512 2067 581; x_wconf 89' lang='lat' dir='ltr'><strong>bentur,</strong></span> <span class='ocrx_word' id='word_1_14' title='bbox 2110 519 2240 570; x_wconf 80' lang='lat' dir='ltr'><strong>tom.</strong></span> <span class='ocrx_word' id='word_1_15' title='bbox 2287 520 2323 572; x_wconf 86' lang='lat' dir='ltr'><strong>V</strong></span> <span class='ocrx_word' id='word_1_16' title='bbox 2353 520 2677 589; x_wconf 77' lang='lat' dir='ltr'><strong>Scriptorum</strong></span> <span class='ocrx_word' id='word_1_17' title='bbox 2717 521 2915 583; x_wconf 66' lang='lat' dir='ltr'><strong>Italae,</strong></span> <span class='ocrx_word' id='word_1_18' title='bbox 2947 535 3067 589; x_wconf 83' lang='lat' dir='ltr'><strong>pag.</strong></span> <span class='ocrx_word' id='word_1_19' title='bbox 3103 518 3193 577; x_wconf 67' lang='lat'><strong>32.</strong></span> <span class='ocrx_word' id='word_1_20' title='bbox 3227 517 3416 570; x_wconf 78' lang='lat' dir='ltr'><strong>eadem</strong></span> 
     </span>
    </p>
   </div>
   <div class='ocr_carea' id='block_1_5' title="bbox 165 602 1738 675">
    <p class='ocr_par' dir='ltr' id='par_1_5' title="bbox 165 602 1738 675">
     <span class='ocr_line' id='line_1_5' title="bbox 165 602 1738 675; baseline -0.002 -20"><span class='ocrx_word' id='word_1_21' title='bbox 165 620 294 673; x_wconf 89' lang='lat' dir='ltr'><strong>pore</strong></span> <span class='ocrx_word' id='word_1_22' title='bbox 348 604 490 672; x_wconf 77' lang='lat' dir='ltr'><strong>regis</strong></span> <span class='ocrx_word' id='word_1_23' title='bbox 538 604 866 667; x_wconf 71' lang='lat' dir='ltr'><strong>Salomonis,</strong></span> <span class='ocrx_word' id='word_1_24' title='bbox 915 606 1006 673; x_wconf 90' lang='lat' dir='ltr'><strong>qui</strong></span> <span class='ocrx_word' id='word_1_25' title='bbox 1057 606 1303 675; x_wconf 72' lang='lat' dir='ltr'><strong>regnavit</strong></span> <span class='ocrx_word' id='word_1_26' title='bbox 1345 614 1468 670; x_wconf 89' lang='lat' dir='ltr'><strong>post</strong></span> <span class='ocrx_word' id='word_1_27' title='bbox 1498 602 1738 655; x_wconf 80' lang='lat' dir='ltr'><strong>medium</strong></span> 
     </span>
    </p>
   </div>
   <div class='ocr_carea' id='block_1_6' title="bbox 165 694 1741 764">
    <p class='ocr_par' dir='ltr' id='par_1_6' title="bbox 165 694 1741 764">
     <span class='ocr_line' id='line_1_6' title="bbox 165 694 1741 764; baseline -0.001 -19"><span class='ocrx_word' id='word_1_28' title='bbox 165 694 351 748; x_wconf 65' lang='grc' dir='ltr'><strong>δεκουιί</strong></span> <span class='ocrx_word' id='word_1_29' title='bbox 381 710 465 758; x_wconf 78' lang='lat' dir='ltr'><strong>ix;</strong></span> <span class='ocrx_word' id='word_1_30' title='bbox 497 695 643 761; x_wconf 87' lang='lat' dir='ltr'><strong>(nam</strong></span> <span class='ocrx_word' id='word_1_31' title='bbox 678 710 775 764; x_wconf 90' lang='lat' dir='ltr'><strong>pro</strong></span> <span class='ocrx_word' id='word_1_32' title='bbox 805 695 992 748; x_wconf 91' lang='lat' dir='ltr'><strong>ﬁctitio</strong></span> <span class='ocrx_word' id='word_1_33' title='bbox 1027 710 1174 747; x_wconf 91' lang='lat' dir='ltr'><strong>nunc</strong></span> <span class='ocrx_word' id='word_1_34' title='bbox 1206 695 1440 748; x_wconf 89' lang='lat' dir='ltr'><strong>habetur</strong></span> <span class='ocrx_word' id='word_1_35' title='bbox 1467 694 1607 748; x_wconf 88' lang='lat' dir='ltr'><strong>alius</strong></span> <span class='ocrx_word' id='word_1_36' title='bbox 1641 694 1741 745; x_wconf 79' lang='lat' dir='ltr'><strong>Sa-</strong></span> 
     </span>
    </p>
   </div>
   <div class='ocr_carea' id='block_1_7' title="bbox 167 785 1741 857">
    <p class='ocr_par' dir='ltr' id='par_1_7' title="bbox 167 785 1741 857">
     <span class='ocr_line' id='line_1_7' title="bbox 167 785 1741 857; baseline 0.001 -19"><span class='ocrx_word' id='word_1_37' title='bbox 167 785 375 847; x_wconf 85' lang='lat' dir='ltr'><strong>lomon,</strong></span> <span class='ocrx_word' id='word_1_38' title='bbox 414 803 576 856; x_wconf 89' lang='lat' dir='ltr'><strong>quem</strong></span> <span class='ocrx_word' id='word_1_39' title='bbox 631 787 837 857; x_wconf 91' lang='lat' dir='ltr'><strong>aliquot</strong></span> <span class='ocrx_word' id='word_1_40' title='bbox 882 788 1095 841; x_wconf 81' lang='lat' dir='ltr'><strong>sa:culis</strong></span> <span class='ocrx_word' id='word_1_41' title='bbox 1148 788 1312 842; x_wconf 88' lang='lat' dir='ltr'><strong>citius</strong></span> <span class='ocrx_word' id='word_1_42' title='bbox 1366 789 1421 842; x_wconf 92' lang='lat' dir='ltr'><strong>in</strong></span> <span class='ocrx_word' id='word_1_43' title='bbox 1462 787 1741 840; x_wconf 77' lang='lat' dir='ltr'><strong>Armorica</strong></span> 
     </span>
    </p>
   </div>
   <div class='ocr_carea' id='block_1_8' title="bbox 166 876 1741 949">
    <p class='ocr_par' dir='ltr' id='par_1_8' title="bbox 166 876 1741 949">
     <span class='ocr_line' id='line_1_8' title="bbox 166 876 1741 949; baseline 0.001 -21"><span class='ocrx_word' id='word_1_44' title='bbox 166 892 427 946; x_wconf 79' lang='lat' dir='ltr'><strong>regnasse</strong></span> <span class='ocrx_word' id='word_1_45' title='bbox 466 878 631 947; x_wconf 79' lang='lat' dir='ltr'><strong>aliqui</strong></span> <span class='ocrx_word' id='word_1_46' title='bbox 670 880 801 932; x_wconf 91' lang='lat' dir='ltr'><strong>olim</strong></span> <span class='ocrx_word' id='word_1_47' title='bbox 832 878 1205 948; x_wconf 87' lang='lat' dir='ltr'><strong>crediderunt)</strong></span> <span class='ocrx_word' id='word_1_48' title='bbox 1238 878 1657 949; x_wconf 78' lang='lat' dir='ltr'><strong>depositumque</strong></span> <span class='ocrx_word' id='word_1_49' title='bbox 1690 876 1741 929; x_wconf 89' lang='lat' dir='ltr'><strong>in</strong></span> 
     </span>
    </p>
   </div>
   <div class='ocr_carea' id='block_1_9' title="bbox 166 968 1742 1040">
    <p class='ocr_par' dir='ltr' id='par_1_9' title="bbox 166 968 1742 1040">
     <span class='ocr_line' id='line_1_9' title="bbox 166 968 1742 1040; baseline 0.001 -20"><span class='ocrx_word' id='word_1_50' title='bbox 166 968 391 1022; x_wconf 91' lang='lat' dir='ltr'><strong>civitate</strong></span> <span class='ocrx_word' id='word_1_51' title='bbox 426 968 774 1040; x_wconf 84' lang='lat' dir='ltr'><strong>Legionensi.</strong></span> <span class='ocrx_word' id='word_1_52' title='bbox 805 970 873 1022; x_wconf 85' lang='lat' dir='ltr'><strong>At</strong></span> <span class='ocrx_word' id='word_1_53' title='bbox 904 985 1009 1022; x_wconf 90' lang='lat' dir='ltr'><strong>non</strong></span> <span class='ocrx_word' id='word_1_54' title='bbox 1044 970 1385 1039; x_wconf 86' lang='lat' dir='ltr'><strong>ignorassent</strong></span> <span class='ocrx_word' id='word_1_55' title='bbox 1410 968 1531 1031; x_wconf 87' lang='lat' dir='ltr'><strong>hoc,</strong></span> <span class='ocrx_word' id='word_1_56' title='bbox 1569 984 1742 1036; x_wconf 89' lang='lat' dir='ltr'><strong>neque</strong></span> 
     </span>
    </p>
   </div>
   <div class='ocr_carea' id='block_1_10' title="bbox 167 1061 1741 1131">
    <p class='ocr_par' dir='ltr' id='par_1_10' title="bbox 167 1061 1741 1131">
     <span class='ocr_line' id='line_1_10' title="bbox 167 1061 1741 1131; baseline 0 -20"><span class='ocrx_word' id='word_1_57' title='bbox 167 1061 471 1114; x_wconf 81' lang='lat' dir='ltr'><strong>tacuissent</strong></span> <span class='ocrx_word' id='word_1_58' title='bbox 492 1076 681 1115; x_wconf 89' lang='lat' dir='ltr'><strong>omnes</strong></span> <span class='ocrx_word' id='word_1_59' title='bbox 704 1062 994 1129; x_wconf 90' lang='lat' dir='ltr'><strong>scriptores</strong></span> <span class='ocrx_word' id='word_1_60' title='bbox 1014 1061 1152 1115; x_wconf 83' lang='lat' dir='ltr'><strong>Galli</strong></span> <span class='ocrx_word' id='word_1_61' title='bbox 1180 1062 1390 1115; x_wconf 90' lang='lat' dir='ltr'><strong>illorum</strong></span> <span class='ocrx_word' id='word_1_62' title='bbox 1418 1071 1741 1131; x_wconf 82' lang='lat' dir='ltr'><strong>temporum,</strong></span> 
     </span>
    </p>
   </div>
   <div class='ocr_carea' id='block_1_11' title="bbox 164 1152 1742 1222">
    <p class='ocr_par' dir='ltr' id='par_1_11' title="bbox 164 1152 1742 1222">
     <span class='ocr_line' id='line_1_11' title="bbox 164 1152 1742 1222; baseline 0.003 -18"><span class='ocrx_word' id='word_1_63' title='bbox 164 1161 258 1205; x_wconf 89' lang='lat' dir='ltr'><strong>aut</strong></span> <span class='ocrx_word' id='word_1_64' title='bbox 317 1152 482 1220; x_wconf 86' lang='lat' dir='ltr'><strong>paulo</strong></span> <span class='ocrx_word' id='word_1_65' title='bbox 532 1152 917 1222; x_wconf 79' lang='lat' dir='ltr'><strong>posteriorum,</strong></span> <span class='ocrx_word' id='word_1_66' title='bbox 977 1154 1019 1206; x_wconf 92' lang='lat' dir='ltr'><strong>si</strong></span> <span class='ocrx_word' id='word_1_67' title='bbox 1068 1152 1268 1207; x_wconf 80' lang='lat' dir='ltr'><strong>factum</strong></span> <span class='ocrx_word' id='word_1_68' title='bbox 1327 1164 1489 1208; x_wconf 81' lang='lat' dir='ltr'><strong>esset.</strong></span> <span class='ocrx_word' id='word_1_69' title='bbox 1543 1153 1742 1207; x_wconf 78' lang='lat' dir='ltr'><strong>Deinde</strong></span> 
     </span>
    </p>
   </div>
   <div class='ocr_carea' id='block_1_12' title="bbox 165 1244 1741 1315">
    <p class='ocr_par' dir='ltr' id='par_1_12' title="bbox 165 1244 1741 1315">
     <span class='ocr_line' id='line_1_12' title="bbox 165 1244 1741 1315; baseline -0.001 -16"><span class='ocrx_word' id='word_1_70' title='bbox 165 1258 292 1313; x_wconf 85' lang='lat' dir='ltr'><strong>cap.</strong></span> <span class='ocrx_word' id='word_1_71' title='bbox 324 1244 358 1298; x_wconf 90' lang='lat'><strong>6</strong></span> <span class='ocrx_word' id='word_1_72' title='bbox 394 1244 558 1299; x_wconf 83' lang='lat' dir='ltr'><strong>refert</strong></span> <span class='ocrx_word' id='word_1_73' title='bbox 615 1244 963 1299; x_wconf 87' lang='lat' dir='ltr'><strong>Salomonem</strong></span> <span class='ocrx_word' id='word_1_74' title='bbox 994 1260 1175 1315; x_wconf 83' lang='lat' dir='ltr'><strong>regem</strong></span> <span class='ocrx_word' id='word_1_75' title='bbox 1215 1261 1360 1299; x_wconf 89' lang='lat' dir='ltr'><strong>anno</strong></span> <span class='ocrx_word' id='word_1_76' title='bbox 1402 1247 1741 1315; x_wconf 83' lang='lat' dir='ltr'><strong>quinquage-</strong></span> 
     </span>
    </p>
   </div>
   <div class='ocr_carea' id='block_1_13' title="bbox 165 1333 1740 1403">
    <p class='ocr_par' dir='ltr' id='par_1_13' title="bbox 165 1333 1740 1403">
     <span class='ocr_line' id='line_1_13' title="bbox 165 1333 1740 1403; baseline 0.001 -18"><span class='ocrx_word' id='word_1_77' title='bbox 165 1333 309 1388; x_wconf 86' lang='lat' dir='ltr'><strong>simo</strong></span> <span class='ocrx_word' id='word_1_78' title='bbox 343 1350 373 1387; x_wconf 89' lang='lat' dir='ltr'><strong>a</strong></span> <span class='ocrx_word' id='word_1_79' title='bbox 405 1335 759 1388; x_wconf 82' lang='lat' dir='ltr'><strong>translatione</strong></span> <span class='ocrx_word' id='word_1_80' title='bbox 795 1335 1042 1403; x_wconf 87' lang='lat' dir='ltr'><strong>corporis</strong></span> <span class='ocrx_word' id='word_1_81' title='bbox 1074 1351 1103 1388; x_wconf 90' lang='lat' dir='ltr'><strong>a</strong></span> <span class='ocrx_word' id='word_1_82' title='bbox 1149 1334 1422 1389; x_wconf 85' lang='lat' dir='ltr'><strong>Britannis</strong></span> <span class='ocrx_word' id='word_1_83' title='bbox 1455 1336 1565 1389; x_wconf 87' lang='lat' dir='ltr'><strong>suis</strong></span> <span class='ocrx_word' id='word_1_84' title='bbox 1598 1334 1740 1389; x_wconf 85' lang='lat' dir='ltr'><strong>occi-</strong></span> 
     </span>
    </p>
   </div>
   <div class='ocr_carea' id='block_1_14' title="bbox 164 1422 1739 1495">
    <p class='ocr_par' dir='ltr' id='par_1_14' title="bbox 164 1422 1739 1495">
     <span class='ocr_line' id='line_1_14' title="bbox 164 1422 1739 1495; baseline 0.001 -18"><span class='ocrx_word' id='word_1_85' title='bbox 164 1438 330 1487; x_wconf 85' lang='lat' dir='ltr'><strong>sum;</strong></span> <span class='ocrx_word' id='word_1_86' title='bbox 372 1438 544 1491; x_wconf 90' lang='lat' dir='ltr'><strong>eaque</strong></span> <span class='ocrx_word' id='word_1_87' title='bbox 574 1423 641 1478; x_wconf 89' lang='lat' dir='ltr'><strong>de</strong></span> <span class='ocrx_word' id='word_1_88' title='bbox 668 1439 830 1479; x_wconf 90' lang='lat' dir='ltr'><strong>causa</strong></span> <span class='ocrx_word' id='word_1_89' title='bbox 865 1422 1303 1479; x_wconf 83' lang='lat' dir='ltr'><strong>Valentinianum</strong></span> <span class='ocrx_word' id='word_1_90' title='bbox 1334 1425 1739 1495; x_wconf 85' lang='lat' dir='ltr'><strong>imperatorem.</strong></span> 
     </span>
    </p>
   </div>
   <div class='ocr_carea' id='block_1_15' title="bbox 164 1512 1742 1581">
    <p class='ocr_par' dir='ltr' id='par_1_15' title="bbox 164 1512 1742 1581">
     <span class='ocr_line' id='line_1_15' title="bbox 164 1512 1742 1581; baseline 0.003 -17"><span class='ocrx_word' id='word_1_91' title='bbox 164 1512 258 1581; x_wconf 85' lang='lat' dir='ltr'><strong>qui</strong></span> <span class='ocrx_word' id='word_1_92' title='bbox 294 1512 500 1581; x_wconf 81' lang='lat' dir='ltr'><strong>aliquot</strong></span> <span class='ocrx_word' id='word_1_93' title='bbox 544 1513 755 1569; x_wconf 68' lang='lat' dir='ltr'><strong>saaculis</strong></span> <span class='ocrx_word' id='word_1_94' title='bbox 807 1523 933 1569; x_wconf 91' lang='lat' dir='ltr'><strong>aute</strong></span> <span class='ocrx_word' id='word_1_95' title='bbox 968 1513 1309 1569; x_wconf 87' lang='lat' dir='ltr'><strong>Salomonem</strong></span> <span class='ocrx_word' id='word_1_96' title='bbox 1343 1515 1441 1569; x_wconf 79' lang='lat' dir='ltr'><strong>fuit</strong></span> <span class='ocrx_word' id='word_1_97' title='bbox 1475 1526 1742 1579; x_wconf 89' lang='lat' dir='ltr'><strong>mortuus,</strong></span> 
     </span>
    </p>
   </div>
   <div class='ocr_carea' id='block_1_16' title="bbox 166 1603 1744 1679">
    <p class='ocr_par' dir='ltr' id='par_1_16' title="bbox 166 1603 1744 1679">
     <span class='ocr_line' id='line_1_16' title="bbox 166 1603 1744 1679; baseline 0.002 -20"><span class='ocrx_word' id='word_1_98' title='bbox 166 1622 231 1659; x_wconf 74' lang='lat' dir='ltr'><strong>ex</strong></span> <span class='ocrx_word' id='word_1_99' title='bbox 269 1603 419 1659; x_wconf 88' lang='lat' dir='ltr'><strong>Italia</strong></span> <span class='ocrx_word' id='word_1_100' title='bbox 447 1607 724 1677; x_wconf 79' lang='lat' dir='ltr'><strong>ingentem</strong></span> <span class='ocrx_word' id='word_1_101' title='bbox 747 1607 960 1662; x_wconf 83' lang='lat' dir='ltr'><strong>misisse</strong></span> <span class='ocrx_word' id='word_1_102' title='bbox 984 1609 1211 1663; x_wconf 88' lang='lat' dir='ltr'><strong>classem</strong></span> <span class='ocrx_word' id='word_1_103' title='bbox 1238 1609 1303 1663; x_wconf 89' lang='lat' dir='ltr'><strong>ad</strong></span> <span class='ocrx_word' id='word_1_104' title='bbox 1330 1609 1744 1679; x_wconf 78' lang='lat' dir='ltr'><strong>expugnandam</strong></span> 
     </span>
    </p>
   </div>
   <div class='ocr_carea' id='block_1_17' title="bbox 168 1698 1741 1769">
    <p class='ocr_par' dir='ltr' id='par_1_17' title="bbox 168 1698 1741 1769">
     <span class='ocr_line' id='line_1_17' title="bbox 168 1698 1741 1769; baseline 0.002 -18"><span class='ocrx_word' id='word_1_105' title='bbox 168 1699 534 1763; x_wconf 80' lang='lat' dir='ltr'><strong>Britanniam,</strong></span> <span class='ocrx_word' id='word_1_106' title='bbox 562 1710 614 1754; x_wconf 92' lang='lat' dir='ltr'><strong>ct</strong></span> <span class='ocrx_word' id='word_1_107' title='bbox 658 1700 756 1765; x_wconf 86' lang='lat' dir='ltr'><strong>sic,</strong></span> <span class='ocrx_word' id='word_1_108' title='bbox 788 1710 943 1768; x_wconf 87' lang='lat' dir='ltr'><strong>capta</strong></span> <span class='ocrx_word' id='word_1_109' title='bbox 984 1700 1201 1753; x_wconf 78' lang='lat' dir='ltr'><strong>civitate</strong></span> <span class='ocrx_word' id='word_1_110' title='bbox 1236 1698 1584 1769; x_wconf 89' lang='lat' dir='ltr'><strong>Legionensi,</strong></span> <span class='ocrx_word' id='word_1_111' title='bbox 1617 1717 1741 1755; x_wconf 90' lang='lat' dir='ltr'><strong>cor-</strong></span> 
     </span>
    </p>
   </div>
   <div class='ocr_carea' id='block_1_18' title="bbox 167 1787 1743 1860">
    <p class='ocr_par' dir='ltr' id='par_1_18' title="bbox 167 1787 1743 1860">
     <span class='ocr_line' id='line_1_18' title="bbox 167 1787 1743 1860; baseline 0.002 -17"><span class='ocrx_word' id='word_1_112' title='bbox 167 1806 275 1860; x_wconf 86' lang='lat' dir='ltr'><strong>pus</strong></span> <span class='ocrx_word' id='word_1_113' title='bbox 312 1790 485 1843; x_wconf 88' lang='lat' dir='ltr'><strong>sancti</strong></span> <span class='ocrx_word' id='word_1_114' title='bbox 516 1788 749 1842; x_wconf 69' lang='lat' dir='ltr'><strong>Matthari</strong></span> <span class='ocrx_word' id='word_1_115' title='bbox 788 1789 839 1841; x_wconf 91' lang='lat' dir='ltr'><strong>in</strong></span> <span class='ocrx_word' id='word_1_116' title='bbox 890 1787 1180 1843; x_wconf 86' lang='lat' dir='ltr'><strong>Lucaniam</strong></span> <span class='ocrx_word' id='word_1_117' title='bbox 1221 1791 1562 1845; x_wconf 87' lang='lat' dir='ltr'><strong>translatum.</strong></span> <span class='ocrx_word' id='word_1_118' title='bbox 1619 1792 1743 1846; x_wconf 67' lang='lat' dir='ltr'><strong>Haec</strong></span> 
     </span>
    </p>
   </div>
   <div class='ocr_carea' id='block_1_19' title="bbox 1844 605 3421 681">
    <p class='ocr_par' dir='ltr' id='par_1_19' title="bbox 1844 605 3421 681">
     <span class='ocr_line' id='line_1_19' title="bbox 1844 605 3421 681; baseline 0.002 -25"><span class='ocrx_word' id='word_1_119' title='bbox 1844 605 2044 660; x_wconf 82' lang='lat' dir='ltr'><strong>clarius</strong></span> <span class='ocrx_word' id='word_1_120' title='bbox 2072 619 2125 661; x_wconf 90' lang='lat' dir='ltr'><strong>et</strong></span> <span class='ocrx_word' id='word_1_121' title='bbox 2162 611 2355 665; x_wconf 88' lang='lat' dir='ltr'><strong>melius</strong></span> <span class='ocrx_word' id='word_1_122' title='bbox 2390 612 2669 681; x_wconf 84' lang='lat' dir='ltr'><strong>leguntur.</strong></span> <span class='ocrx_word' id='word_1_123' title='bbox 2707 612 2876 666; x_wconf 79' lang='lat' dir='ltr'><strong>Verba</strong></span> <span class='ocrx_word' id='word_1_124' title='bbox 2914 614 3142 681; x_wconf 86' lang='lat' dir='ltr'><strong>accipe:</strong></span> <span class='ocrx_word' id='word_1_125' title='bbox 3181 629 3197 660; x_wconf 74' lang='grc' dir='ltr'>ι</span> <span class='ocrx_word' id='word_1_126' title='bbox 3240 610 3293 663; x_wconf 86' lang='lat' dir='ltr'><strong>In</strong></span> <span class='ocrx_word' id='word_1_127' title='bbox 3341 612 3421 679; x_wconf 80' lang='lat' dir='ltr'><strong>ip-</strong></span> 
     </span>
    </p>
   </div>
   <div class='ocr_carea' id='block_1_20' title="bbox 1844 698 3419 774">
    <p class='ocr_par' dir='ltr' id='par_1_20' title="bbox 1844 698 3419 774">
     <span class='ocr_line' id='line_1_20' title="bbox 1844 698 3419 774; baseline 0.003 -23"><span class='ocrx_word' id='word_1_128' title='bbox 1844 698 1961 751; x_wconf 88' lang='lat' dir='ltr'><strong>sius</strong></span> <span class='ocrx_word' id='word_1_129' title='bbox 2008 700 2269 767; x_wconf 88' lang='lat' dir='ltr'><strong>principis</strong></span> <span class='ocrx_word' id='word_1_130' title='bbox 2317 704 2565 773; x_wconf 82' lang='lat' dir='ltr'><strong>Gisulplti</strong></span> <span class='ocrx_word' id='word_1_131' title='bbox 2616 706 2951 774; x_wconf 79' lang='lat' dir='ltr'><strong>temporibus</strong></span> <span class='ocrx_word' id='word_1_132' title='bbox 3004 704 3287 758; x_wconf 89' lang='lat' dir='ltr'><strong>inventum</strong></span> <span class='ocrx_word' id='word_1_133' title='bbox 3336 710 3419 755; x_wconf 74' lang='lat' dir='ltr'><strong>est</strong></span> 
     </span>
    </p>
   </div>
   <div class='ocr_carea' id='block_1_21' title="bbox 1846 790 3416 861">
    <p class='ocr_par' dir='ltr' id='par_1_21' title="bbox 1846 790 3416 861">
     <span class='ocr_line' id='line_1_21' title="bbox 1846 790 3416 861; baseline 0.001 -21"><span class='ocrx_word' id='word_1_134' title='bbox 1846 790 2274 844; x_wconf 84' lang='lat' dir='ltr'><strong>sacratissimum</strong></span> <span class='ocrx_word' id='word_1_135' title='bbox 2316 808 2515 861; x_wconf 90' lang='lat' dir='ltr'><strong>corpus</strong></span> <span class='ocrx_word' id='word_1_136' title='bbox 2548 793 2609 846; x_wconf 90' lang='grc' dir='ltr'><strong>Β.</strong></span> <span class='ocrx_word' id='word_1_137' title='bbox 2648 793 2873 848; x_wconf 60' lang='grc' dir='ltr'><strong>Μελίηιωί</strong></span> <span class='ocrx_word' id='word_1_138' title='bbox 2908 794 2960 845; x_wconf 92' lang='lat' dir='ltr'><strong>in</strong></span> <span class='ocrx_word' id='word_1_139' title='bbox 3003 791 3255 845; x_wconf 74' lang='lat' dir='ltr'><strong>Lucaniae</strong></span> <span class='ocrx_word' id='word_1_140' title='bbox 3292 790 3416 843; x_wconf 86' lang='lat' dir='ltr'><strong>ﬁni-</strong></span> 
     </span>
    </p>
   </div>
   <div class='ocr_carea' id='block_1_22' title="bbox 1846 878 3416 952">
    <p class='ocr_par' dir='ltr' id='par_1_22' title="bbox 1846 878 3416 952">
     <span class='ocr_line' id='line_1_22' title="bbox 1846 878 3416 952; baseline 0 -21"><span class='ocrx_word' id='word_1_141' title='bbox 1846 878 1968 939; x_wconf 87' lang='lat' dir='ltr'><strong>bus,</strong></span> <span class='ocrx_word' id='word_1_142' title='bbox 2005 889 2167 949; x_wconf 85' lang='lat' dir='ltr'><strong>atque</strong></span> <span class='ocrx_word' id='word_1_143' title='bbox 2215 895 2338 935; x_wconf 90' lang='lat' dir='ltr'><strong>cum</strong></span> <span class='ocrx_word' id='word_1_144' title='bbox 2369 883 2554 937; x_wconf 90' lang='lat' dir='ltr'><strong>debito</strong></span> <span class='ocrx_word' id='word_1_145' title='bbox 2593 885 2799 937; x_wconf 81' lang='lat' dir='ltr'><strong>honore</strong></span> <span class='ocrx_word' id='word_1_146' title='bbox 2843 883 3263 952; x_wconf 68' lang='lat' dir='ltr'><strong>periussionem</strong></span> <span class='ocrx_word' id='word_1_147' title='bbox 3305 880 3416 946; x_wconf 84' lang='lat' dir='ltr'><strong>jam</strong></span> 
     </span>
    </p>
   </div>
   <div class='ocr_carea' id='block_1_23' title="bbox 1846 969 3415 1043">
    <p class='ocr_par' dir='ltr' id='par_1_23' title="bbox 1846 969 3415 1043">
     <span class='ocr_line' id='line_1_23' title="bbox 1846 969 3415 1043; baseline 0 -20"><span class='ocrx_word' id='word_1_148' title='bbox 1846 969 1936 1025; x_wconf 74' lang='lat' dir='ltr'><strong>lati</strong></span> <span class='ocrx_word' id='word_1_149' title='bbox 1987 971 2240 1042; x_wconf 80' lang='lat' dir='ltr'><strong>Gisulplii</strong></span> <span class='ocrx_word' id='word_1_150' title='bbox 2288 976 2552 1043; x_wconf 85' lang='lat' dir='ltr'><strong>principis</strong></span> <span class='ocrx_word' id='word_1_151' title='bbox 2606 976 2891 1030; x_wconf 83' lang='lat' dir='ltr'><strong>Salernum</strong></span> <span class='ocrx_word' id='word_1_152' title='bbox 2952 974 3256 1029; x_wconf 84' lang='lat' dir='ltr'><strong>deducitur.</strong></span> <span class='ocrx_word' id='word_1_153' title='bbox 3311 971 3415 1025; x_wconf 81' lang='lat' dir='ltr'><strong>Sed</strong></span> 
     </span>
    </p>
   </div>
   <div class='ocr_carea' id='block_1_24' title="bbox 1845 1066 3417 1139">
    <p class='ocr_par' dir='ltr' id='par_1_24' title="bbox 1845 1066 3417 1139">
     <span class='ocr_line' id='line_1_24' title="bbox 1845 1066 3417 1139; baseline -0.001 -20"><span class='ocrx_word' id='word_1_154' title='bbox 1845 1079 1978 1133; x_wconf 90' lang='lat' dir='ltr'><strong>quot</strong></span> <span class='ocrx_word' id='word_1_155' title='bbox 2010 1069 2293 1123; x_wconf 72' lang='lat' dir='ltr'><strong>evenerint</strong></span> <span class='ocrx_word' id='word_1_156' title='bbox 2322 1071 2471 1139; x_wconf 89' lang='lat' dir='ltr'><strong>signa</strong></span> <span class='ocrx_word' id='word_1_157' title='bbox 2495 1082 2547 1125; x_wconf 88' lang='lat' dir='ltr'><strong>et</strong></span> <span class='ocrx_word' id='word_1_158' title='bbox 2586 1070 2842 1124; x_wconf 86' lang='lat' dir='ltr'><strong>miracula</strong></span> <span class='ocrx_word' id='word_1_159' title='bbox 2871 1081 2927 1124; x_wconf 91' lang='lat' dir='ltr'><strong>et</strong></span> <span class='ocrx_word' id='word_1_160' title='bbox 2952 1069 3224 1138; x_wconf 90' lang='lat' dir='ltr'><strong>quomodo</strong></span> <span class='ocrx_word' id='word_1_161' title='bbox 3251 1066 3417 1120; x_wconf 79' lang='lat' dir='ltr'><strong>fuerit</strong></span> 
     </span>
    </p>
   </div>
   <div class='ocr_carea' id='block_1_25' title="bbox 1845 1160 3414 1231">
    <p class='ocr_par' dir='ltr' id='par_1_25' title="bbox 1845 1160 3414 1231">
     <span class='ocr_line' id='line_1_25' title="bbox 1845 1160 3414 1231; baseline -0.001 -19"><span class='ocrx_word' id='word_1_162' title='bbox 1845 1169 2164 1228; x_wconf 86' lang='lat' dir='ltr'><strong>repertum,</strong></span> <span class='ocrx_word' id='word_1_163' title='bbox 2220 1163 2537 1217; x_wconf 85' lang='lat' dir='ltr'><strong>omnimodo</strong></span> <span class='ocrx_word' id='word_1_164' title='bbox 2580 1178 2724 1217; x_wconf 92' lang='lat' dir='ltr'><strong>nunc</strong></span> <span class='ocrx_word' id='word_1_165' title='bbox 2773 1162 3013 1231; x_wconf 86' lang='lat' dir='ltr'><strong>pandere</strong></span> <span class='ocrx_word' id='word_1_166' title='bbox 3065 1160 3414 1215; x_wconf 87' lang='lat' dir='ltr'><strong>omittimus:</strong></span> 
     </span>
    </p>
   </div>
   <div class='ocr_carea' id='block_1_26' title="bbox 1845 1253 3417 1321">
    <p class='ocr_par' dir='ltr' id='par_1_26' title="bbox 1845 1253 3417 1321">
     <span class='ocr_line' id='line_1_26' title="bbox 1845 1253 3417 1321; baseline -0.003 -16"><span class='ocrx_word' id='word_1_167' title='bbox 1845 1254 2213 1321; x_wconf 82' lang='lat' dir='ltr'><strong>postmodum,</strong></span> <span class='ocrx_word' id='word_1_168' title='bbox 2278 1255 2385 1308; x_wconf 86' lang='lat' dir='ltr'><strong>Deo</strong></span> <span class='ocrx_word' id='word_1_169' title='bbox 2439 1264 2734 1317; x_wconf 87' lang='lat' dir='ltr'><strong>annuente,</strong></span> <span class='ocrx_word' id='word_1_170' title='bbox 2798 1253 3206 1306; x_wconf 81' lang='lat' dir='ltr'><strong>iunotescemus</strong></span> <span class='ocrx_word' id='word_1_171' title='bbox 3256 1258 3417 1316; x_wconf 82' lang='lat' dir='ltr'><strong>atque</strong></span> 
     </span>
    </p>
   </div>
   <div class='ocr_carea' id='block_1_27' title="bbox 1848 1337 3420 1396">
    <p class='ocr_par' dir='ltr' id='par_1_27' title="bbox 1848 1337 3420 1396">
     <span class='ocr_line' id='line_1_27' title="bbox 1848 1337 3420 1396; baseline 0.001 -8"><span class='ocrx_word' id='word_1_172' title='bbox 1848 1337 1975 1391; x_wconf 89' lang='lat' dir='ltr'><strong>huic</strong></span> <span class='ocrx_word' id='word_1_173' title='bbox 2047 1339 2297 1395; x_wconf 74' lang='lat' dir='ltr'><strong>Historia:</strong></span> <span class='ocrx_word' id='word_1_174' title='bbox 2378 1340 2670 1395; x_wconf 84' lang='lat' dir='ltr'><strong>adnectere</strong></span> <span class='ocrx_word' id='word_1_175' title='bbox 2728 1342 3007 1396; x_wconf 79' lang='lat' dir='ltr'><strong>faciemus.</strong></span> <span class='ocrx_word' id='word_1_176' title='bbox 3058 1357 3077 1390; x_wconf 73' lang='grc' dir='ltr'><strong><em>ι</em></strong></span> <span class='ocrx_word' id='word_1_177' title='bbox 3145 1337 3420 1392; x_wconf 78' lang='lat' dir='ltr'><strong>Hactenus</strong></span> 
     </span>
    </p>
   </div>
   <div class='ocr_carea' id='block_1_28' title="bbox 1844 1427 3131 1500">
    <p class='ocr_par' dir='ltr' id='par_1_28' title="bbox 1844 1427 3131 1500">
     <span class='ocr_line' id='line_1_28' title="bbox 1844 1427 3131 1500; baseline -0.001 -20"><span class='ocrx_word' id='word_1_178' title='bbox 1844 1438 2055 1490; x_wconf 88' lang='lat' dir='ltr'><strong>auctor,</strong></span> <span class='ocrx_word' id='word_1_179' title='bbox 2086 1431 2414 1500; x_wconf 85' lang='lat' dir='ltr'><strong>quicumque</strong></span> <span class='ocrx_word' id='word_1_180' title='bbox 2446 1431 2536 1491; x_wconf 91' lang='lat' dir='ltr'><strong>sit,</strong></span> <span class='ocrx_word' id='word_1_181' title='bbox 2569 1430 2711 1499; x_wconf 87' lang='lat' dir='ltr'><strong>quod</strong></span> <span class='ocrx_word' id='word_1_182' title='bbox 2753 1444 2860 1482; x_wconf 92' lang='lat' dir='ltr'><strong>non</strong></span> <span class='ocrx_word' id='word_1_183' title='bbox 2896 1427 3131 1497; x_wconf 89' lang='lat' dir='ltr'><strong>inquiro.</strong></span> 
     </span>
    </p>
   </div>
   <div class='ocr_carea' id='block_1_29' title="bbox 1922 1517 3419 1594">
    <p class='ocr_par' dir='ltr' id='par_1_29' title="bbox 1922 1517 3419 1594">
     <span class='ocr_line' id='line_1_29' title="bbox 1922 1517 3419 1594; baseline -0.004 -17"><span class='ocrx_word' id='word_1_184' title='bbox 1922 1522 2011 1577; x_wconf 86' lang='grc'><strong>66.</strong></span> <span class='ocrx_word' id='word_1_185' title='bbox 2052 1523 2127 1577; x_wconf 90' lang='lat' dir='ltr'><strong>De</strong></span> <span class='ocrx_word' id='word_1_186' title='bbox 2192 1540 2339 1579; x_wconf 90' lang='lat' dir='ltr'><strong>anno</strong></span> <span class='ocrx_word' id='word_1_187' title='bbox 2379 1525 2735 1586; x_wconf 84' lang='lat' dir='ltr'><strong>inventionis,</strong></span> <span class='ocrx_word' id='word_1_188' title='bbox 2768 1538 2929 1594; x_wconf 83' lang='lat' dir='ltr'><strong>quem</strong></span> <span class='ocrx_word' id='word_1_189' title='bbox 2984 1522 3089 1577; x_wconf 64' lang='grc'><strong>954</strong></span> <span class='ocrx_word' id='word_1_190' title='bbox 3133 1519 3267 1575; x_wconf 75' lang='lat' dir='ltr'><strong>dixit</strong></span> <span class='ocrx_word' id='word_1_191' title='bbox 3309 1517 3419 1571; x_wconf 90' lang='lat' dir='ltr'><strong>Leo</strong></span> 
     </span>
    </p>
   </div>
   <div class='ocr_carea' id='block_1_30' title="bbox 1846 1611 3418 1680">
    <p class='ocr_par' dir='ltr' id='par_1_30' title="bbox 1846 1611 3418 1680">
     <span class='ocr_line' id='line_1_30' title="bbox 1846 1611 3418 1680; baseline -0.005 -9"><span class='ocrx_word' id='word_1_192' title='bbox 1846 1614 2135 1680; x_wconf 86' lang='lat' dir='ltr'><strong>Ostiensis,</strong></span> <span class='ocrx_word' id='word_1_193' title='bbox 2168 1617 2379 1671; x_wconf 89' lang='lat' dir='ltr'><strong>etiamsi</strong></span> <span class='ocrx_word' id='word_1_194' title='bbox 2403 1616 2540 1672; x_wconf 82' lang='lat' dir='ltr'><strong>forte</strong></span> <span class='ocrx_word' id='word_1_195' title='bbox 2565 1632 2673 1672; x_wconf 90' lang='lat' dir='ltr'><strong>non</strong></span> <span class='ocrx_word' id='word_1_196' title='bbox 2697 1627 2925 1670; x_wconf 79' lang='lat' dir='ltr'><strong>omnino</strong></span> <span class='ocrx_word' id='word_1_197' title='bbox 2946 1614 3015 1669; x_wconf 90' lang='lat' dir='ltr'><strong>sit</strong></span> <span class='ocrx_word' id='word_1_198' title='bbox 3040 1622 3246 1676; x_wconf 88' lang='lat' dir='ltr'><strong>certus,</strong></span> <span class='ocrx_word' id='word_1_199' title='bbox 3268 1611 3418 1664; x_wconf 86' lang='lat' dir='ltr'><strong>litem</strong></span> 
     </span>
    </p>
   </div>
   <div class='ocr_carea' id='block_1_31' title="bbox 1848 1702 3419 1773">
    <p class='ocr_par' dir='ltr' id='par_1_31' title="bbox 1848 1702 3419 1773">
     <span class='ocr_line' id='line_1_31' title="bbox 1848 1702 3419 1773; baseline -0.004 -13"><span class='ocrx_word' id='word_1_200' title='bbox 1848 1707 2176 1761; x_wconf 81' lang='lat' dir='ltr'><strong>movendam</strong></span> <span class='ocrx_word' id='word_1_201' title='bbox 2204 1723 2314 1761; x_wconf 93' lang='lat' dir='ltr'><strong>non</strong></span> <span class='ocrx_word' id='word_1_202' title='bbox 2354 1722 2586 1773; x_wconf 88' lang='lat' dir='ltr'><strong>censeo;</strong></span> <span class='ocrx_word' id='word_1_203' title='bbox 2612 1722 2736 1761; x_wconf 91' lang='lat' dir='ltr'><strong>cum</strong></span> <span class='ocrx_word' id='word_1_204' title='bbox 2776 1715 2925 1760; x_wconf 87' lang='lat' dir='ltr'><strong>certe</strong></span> <span class='ocrx_word' id='word_1_205' title='bbox 2963 1706 3053 1758; x_wconf 91' lang='lat' dir='ltr'><strong>illo</strong></span> <span class='ocrx_word' id='word_1_206' title='bbox 3093 1718 3240 1757; x_wconf 90' lang='lat' dir='ltr'><strong>anno</strong></span> <span class='ocrx_word' id='word_1_207' title='bbox 3267 1702 3419 1771; x_wconf 87' lang='lat' dir='ltr'><strong>prin-</strong></span> 
     </span>
    </p>
   </div>
   <div class='ocr_carea' id='block_1_32' title="bbox 1851 1793 3423 1869">
    <p class='ocr_par' dir='ltr' id='par_1_32' title="bbox 1851 1793 3423 1869">
     <span class='ocr_line' id='line_1_32' title="bbox 1851 1793 3423 1869; baseline -0.005 -15"><span class='ocrx_word' id='word_1_208' title='bbox 1851 1800 2091 1869; x_wconf 85' lang='lat' dir='ltr'><strong>ciparum</strong></span> <span class='ocrx_word' id='word_1_209' title='bbox 2135 1800 2541 1855; x_wconf 89' lang='lat' dir='ltr'><strong>Salernitauum</strong></span> <span class='ocrx_word' id='word_1_210' title='bbox 2578 1800 2854 1854; x_wconf 84' lang='lat' dir='ltr'><strong>obtineret</strong></span> <span class='ocrx_word' id='word_1_211' title='bbox 2900 1796 3199 1867; x_wconf 84' lang='lat' dir='ltr'><strong>Gisulphus</strong></span> <span class='ocrx_word' id='word_1_212' title='bbox 3256 1793 3423 1851; x_wconf 79' lang='lat' dir='ltr'><strong>Guai-</strong></span> 
     </span>
    </p>
   </div>
   <div class='ocr_carea' id='block_1_33' title="bbox 168 1863 3423 1960">
    <p class='ocr_par' dir='ltr' id='par_1_33' title="bbox 168 1863 3423 1960">
     <span class='ocr_line' id='line_1_33' title="bbox 168 1863 3423 1960; baseline 0.001 -26"><span class='ocrx_word' id='word_1_213' title='bbox 168 1882 446 1942; x_wconf 87' lang='lat' dir='ltr'><strong>retulisse,</strong></span> <span class='ocrx_word' id='word_1_214' title='bbox 472 1880 690 1933; x_wconf 88' lang='lat' dir='ltr'><strong>omissis</strong></span> <span class='ocrx_word' id='word_1_215' title='bbox 721 1880 882 1934; x_wconf 89' lang='lat' dir='ltr'><strong>etiam</strong></span> <span class='ocrx_word' id='word_1_216' title='bbox 914 1880 1748 1959; x_wconf 87' lang='lat' dir='ltr'><strong>improbabilibustranslationis</strong></span> <span class='ocrx_word' id='word_1_217' title='bbox 1784 1863 1821 1917; x_wconf 72' lang='grc' dir='ltr'><strong><em>Β</em></strong></span> <span class='ocrx_word' id='word_1_218' title='bbox 1855 1890 2007 1943; x_wconf 87' lang='lat' dir='ltr'><strong>marii</strong></span> <span class='ocrx_word' id='word_1_219' title='bbox 2063 1891 2227 1953; x_wconf 91' lang='lat' dir='ltr'><strong>ﬁlius,</strong></span> <span class='ocrx_word' id='word_1_220' title='bbox 2293 1892 2395 1946; x_wconf 90' lang='lat' dir='ltr'><strong>sub</strong></span> <span class='ocrx_word' id='word_1_221' title='bbox 2440 1907 2546 1960; x_wconf 91' lang='lat' dir='ltr'><strong>quo</strong></span> <span class='ocrx_word' id='word_1_222' title='bbox 2596 1890 2966 1945; x_wconf 79' lang='lat' dir='ltr'><strong>inventionem</strong></span> <span class='ocrx_word' id='word_1_223' title='bbox 3008 1886 3299 1957; x_wconf 75' lang='lat' dir='ltr'><strong>contigisse</strong></span> <span class='ocrx_word' id='word_1_224' title='bbox 3348 1884 3423 1937; x_wconf 88' lang='lat' dir='ltr'><strong>ait</strong></span> 
     </span>
    </p>
   </div>
   <div class='ocr_carea' id='block_1_34' title="bbox 165 1971 904 2041">
    <p class='ocr_par' dir='ltr' id='par_1_34' title="bbox 165 1971 904 2041">
     <span class='ocr_line' id='line_1_34' title="bbox 165 1971 904 2041; baseline 0 -15"><span class='ocrx_word' id='word_1_225' title='bbox 165 1972 465 2041; x_wconf 73' lang='lat' dir='ltr'><strong>adiunctis,</strong></span> <span class='ocrx_word' id='word_1_226' title='bbox 507 1971 771 2026; x_wconf 82' lang='lat' dir='ltr'><strong>refutasse</strong></span> <span class='ocrx_word' id='word_1_227' title='bbox 800 1982 904 2027; x_wconf 89' lang='lat' dir='ltr'><strong>est.</strong></span> 
     </span>
    </p>
   </div>
   <div class='ocr_carea' id='block_1_35' title="bbox 241 2066 1747 2135">
    <p class='ocr_par' dir='ltr' id='par_1_35' title="bbox 241 2066 1747 2135">
     <span class='ocr_line' id='line_1_35' title="bbox 241 2066 1747 2135; baseline 0.001 -16"><span class='ocrx_word' id='word_1_228' title='bbox 241 2066 334 2120; x_wconf 69' lang='grc'><strong>64.</strong></span> <span class='ocrx_word' id='word_1_229' title='bbox 377 2066 516 2131; x_wconf 72' lang='lat' dir='ltr'><strong>Mox,</strong></span> <span class='ocrx_word' id='word_1_230' title='bbox 553 2082 673 2135; x_wconf 87' lang='lat' dir='ltr'><strong>cap.</strong></span> <span class='ocrx_word' id='word_1_231' title='bbox 712 2068 759 2128; x_wconf 83' lang='lat'><strong>7,</strong></span> <span class='ocrx_word' id='word_1_232' title='bbox 792 2067 997 2122; x_wconf 80' lang='lat' dir='ltr'><strong>fatetur</strong></span> <span class='ocrx_word' id='word_1_233' title='bbox 1042 2080 1251 2133; x_wconf 86' lang='lat' dir='ltr'><strong>auctor,</strong></span> <span class='ocrx_word' id='word_1_234' title='bbox 1286 2084 1505 2123; x_wconf 90' lang='lat' dir='ltr'><strong>omnem</strong></span> <span class='ocrx_word' id='word_1_235' title='bbox 1540 2086 1747 2123; x_wconf 82' lang='lat' dir='ltr'><strong>memo-</strong></span> 
     </span>
    </p>
   </div>
   <div class='ocr_carea' id='block_1_36' title="bbox 174 2156 1747 2227">
    <p class='ocr_par' dir='ltr' id='par_1_36' title="bbox 174 2156 1747 2227">
     <span class='ocr_line' id='line_1_36' title="bbox 174 2156 1747 2227; baseline 0.004 -20"><span class='ocrx_word' id='word_1_236' title='bbox 174 2156 314 2209; x_wconf 85' lang='lat' dir='ltr'><strong>riam</strong></span> <span class='ocrx_word' id='word_1_237' title='bbox 368 2156 434 2210; x_wconf 90' lang='lat' dir='ltr'><strong>de</strong></span> <span class='ocrx_word' id='word_1_238' title='bbox 471 2168 687 2210; x_wconf 86' lang='lat' dir='ltr'><strong>servato</strong></span> <span class='ocrx_word' id='word_1_239' title='bbox 743 2157 793 2209; x_wconf 91' lang='lat' dir='ltr'><strong>iu</strong></span> <span class='ocrx_word' id='word_1_240' title='bbox 854 2158 998 2211; x_wconf 89' lang='lat' dir='ltr'><strong>Italia</strong></span> <span class='ocrx_word' id='word_1_241' title='bbox 1036 2174 1264 2227; x_wconf 87' lang='lat' dir='ltr'><strong>corpore</strong></span> <span class='ocrx_word' id='word_1_242' title='bbox 1299 2161 1473 2213; x_wconf 84' lang='lat' dir='ltr'><strong>sancti</strong></span> <span class='ocrx_word' id='word_1_243' title='bbox 1513 2158 1747 2214; x_wconf 83' lang='lat' dir='ltr'><strong>Mattha-i</strong></span> 
     </span>
    </p>
   </div>
   <div class='ocr_carea' id='block_1_37' title="bbox 165 2247 1748 2319">
    <p class='ocr_par' dir='ltr' id='par_1_37' title="bbox 165 2247 1748 2319">
     <span class='ocr_line' id='line_1_37' title="bbox 165 2247 1748 2319; baseline 0.003 -20"><span class='ocrx_word' id='word_1_244' title='bbox 165 2247 431 2316; x_wconf 87' lang='lat' dir='ltr'><strong>paulatim</strong></span> <span class='ocrx_word' id='word_1_245' title='bbox 476 2247 867 2312; x_wconf 84' lang='lat' dir='ltr'><strong>intercedisse;</strong></span> <span class='ocrx_word' id='word_1_246' title='bbox 907 2249 1391 2319; x_wconf 87' lang='lat' dir='ltr'><strong>inventionemque</strong></span> <span class='ocrx_word' id='word_1_247' title='bbox 1445 2252 1520 2305; x_wconf 90' lang='lat' dir='ltr'><strong>ait</strong></span> <span class='ocrx_word' id='word_1_248' title='bbox 1570 2253 1748 2306; x_wconf 87' lang='lat' dir='ltr'><strong>couti-</strong></span> 
     </span>
    </p>
   </div>
   <div class='ocr_carea' id='block_1_38' title="bbox 164 2338 1749 2412">
    <p class='ocr_par' dir='ltr' id='par_1_38' title="bbox 164 2338 1749 2412">
     <span class='ocr_line' id='line_1_38' title="bbox 164 2338 1749 2412; baseline 0.004 -23"><span class='ocrx_word' id='word_1_249' title='bbox 164 2341 316 2409; x_wconf 87' lang='lat' dir='ltr'><strong>gisse</strong></span> <span class='ocrx_word' id='word_1_250' title='bbox 348 2338 490 2390; x_wconf 89' lang='lat' dir='ltr'><strong>circa</strong></span> <span class='ocrx_word' id='word_1_251' title='bbox 519 2340 865 2393; x_wconf 86' lang='lat' dir='ltr'><strong>millesimum</strong></span> <span class='ocrx_word' id='word_1_252' title='bbox 902 2350 959 2394; x_wconf 88' lang='lat' dir='ltr'><strong>et</strong></span> <span class='ocrx_word' id='word_1_253' title='bbox 1002 2342 1514 2412; x_wconf 78' lang='lat' dir='ltr'><strong>quinquagesimum</strong></span> <span class='ocrx_word' id='word_1_254' title='bbox 1547 2358 1749 2396; x_wconf 88' lang='lat' dir='ltr'><strong>anuum</strong></span> 
     </span>
    </p>
   </div>
   <div class='ocr_carea' id='block_1_39' title="bbox 163 2426 1752 2500">
    <p class='ocr_par' dir='ltr' id='par_1_39' title="bbox 163 2426 1752 2500">
     <span class='ocr_line' id='line_1_39' title="bbox 163 2426 1752 2500; baseline 0.004 -20"><span class='ocrx_word' id='word_1_255' title='bbox 163 2442 195 2480; x_wconf 91' lang='lat' dir='ltr'><strong>a</strong></span> <span class='ocrx_word' id='word_1_256' title='bbox 228 2426 455 2481; x_wconf 83' lang='lat' dir='ltr'><strong>Christo</strong></span> <span class='ocrx_word' id='word_1_257' title='bbox 491 2439 640 2485; x_wconf 90' lang='lat' dir='ltr'><strong>nato.</strong></span> <span class='ocrx_word' id='word_1_258' title='bbox 673 2429 829 2484; x_wconf 87' lang='lat' dir='ltr'><strong>Hisce</strong></span> <span class='ocrx_word' id='word_1_259' title='bbox 863 2430 928 2484; x_wconf 89' lang='lat' dir='ltr'><strong>de</strong></span> <span class='ocrx_word' id='word_1_260' title='bbox 962 2446 1194 2500; x_wconf 90' lang='lat' dir='ltr'><strong>corpore</strong></span> <span class='ocrx_word' id='word_1_261' title='bbox 1224 2432 1317 2485; x_wconf 92' lang='lat' dir='ltr'><strong>diu</strong></span> <span class='ocrx_word' id='word_1_262' title='bbox 1349 2433 1666 2487; x_wconf 82' lang='lat' dir='ltr'><strong>abscondito</strong></span> <span class='ocrx_word' id='word_1_263' title='bbox 1698 2445 1752 2487; x_wconf 90' lang='lat' dir='ltr'><strong>et</strong></span> 
     </span>
    </p>
   </div>
   <div class='ocr_carea' id='block_1_40' title="bbox 164 2518 1748 2595">
    <p class='ocr_par' dir='ltr' id='par_1_40' title="bbox 164 2518 1748 2595">
     <span class='ocr_line' id='line_1_40' title="bbox 164 2518 1748 2595; baseline 0.003 -22"><span class='ocrx_word' id='word_1_264' title='bbox 164 2518 392 2573; x_wconf 88' lang='lat' dir='ltr'><strong>demum</strong></span> <span class='ocrx_word' id='word_1_265' title='bbox 438 2520 663 2575; x_wconf 89' lang='lat' dir='ltr'><strong>invento</strong></span> <span class='ocrx_word' id='word_1_266' title='bbox 716 2523 1069 2578; x_wconf 91' lang='lat' dir='ltr'><strong>consentiunt</strong></span> <span class='ocrx_word' id='word_1_267' title='bbox 1114 2524 1413 2593; x_wconf 88' lang='lat' dir='ltr'><strong>scriptores</strong></span> <span class='ocrx_word' id='word_1_268' title='bbox 1447 2524 1551 2579; x_wconf 91' lang='lat' dir='ltr'><strong>ﬁde</strong></span> <span class='ocrx_word' id='word_1_269' title='bbox 1582 2526 1748 2595; x_wconf 80' lang='lat' dir='ltr'><strong>digni,</strong></span> 
     </span>
    </p>
   </div>
   <div class='ocr_carea' id='block_1_41' title="bbox 163 2610 1751 2687">
    <p class='ocr_par' dir='ltr' id='par_1_41' title="bbox 163 2610 1751 2687">
     <span class='ocr_line' id='line_1_41' title="bbox 163 2610 1751 2687; baseline 0.004 -21"><span class='ocrx_word' id='word_1_270' title='bbox 163 2612 265 2667; x_wconf 85' lang='lat' dir='ltr'><strong>sed</strong></span> <span class='ocrx_word' id='word_1_271' title='bbox 305 2610 507 2667; x_wconf 83' lang='lat' dir='ltr'><strong>factum</strong></span> <span class='ocrx_word' id='word_1_272' title='bbox 549 2615 687 2669; x_wconf 91' lang='lat' dir='ltr'><strong>illud</strong></span> <span class='ocrx_word' id='word_1_273' title='bbox 723 2615 894 2687; x_wconf 91' lang='lat' dir='ltr'><strong>ﬁgunt</strong></span> <span class='ocrx_word' id='word_1_274' title='bbox 941 2626 1055 2671; x_wconf 91' lang='lat' dir='ltr'><strong>toto</strong></span> <span class='ocrx_word' id='word_1_275' title='bbox 1090 2615 1203 2671; x_wconf 82' lang='lat' dir='ltr'><strong>lere</strong></span> <span class='ocrx_word' id='word_1_276' title='bbox 1236 2618 1432 2673; x_wconf 60' lang='lat' dir='ltr'><strong>saeculo</strong></span> <span class='ocrx_word' id='word_1_277' title='bbox 1466 2618 1650 2681; x_wconf 83' lang='lat' dir='ltr'><strong>citius,</strong></span> <span class='ocrx_word' id='word_1_278' title='bbox 1694 2627 1751 2673; x_wconf 87' lang='lat' dir='ltr'><strong>ut</strong></span> 
     </span>
    </p>
   </div>
   <div class='ocr_carea' id='block_1_42' title="bbox 163 2705 1750 2778">
    <p class='ocr_par' dir='ltr' id='par_1_42' title="bbox 163 2705 1750 2778">
     <span class='ocr_line' id='line_1_42' title="bbox 163 2705 1750 2778; baseline 0.004 -21"><span class='ocrx_word' id='word_1_279' title='bbox 163 2720 294 2757; x_wconf 78' lang='lat' dir='ltr'><strong>mox</strong></span> <span class='ocrx_word' id='word_1_280' title='bbox 316 2705 625 2759; x_wconf 90' lang='lat' dir='ltr'><strong>ostendam.</strong></span> <span class='ocrx_word' id='word_1_281' title='bbox 656 2705 867 2761; x_wconf 85' lang='lat' dir='ltr'><strong>Interea</strong></span> <span class='ocrx_word' id='word_1_282' title='bbox 898 2708 1151 2773; x_wconf 89' lang='lat' dir='ltr'><strong>observo,</strong></span> <span class='ocrx_word' id='word_1_283' title='bbox 1187 2710 1367 2777; x_wconf 91' lang='lat' dir='ltr'><strong>priora</strong></span> <span class='ocrx_word' id='word_1_284' title='bbox 1396 2710 1599 2775; x_wconf 90' lang='lat' dir='ltr'><strong>omnia,</strong></span> <span class='ocrx_word' id='word_1_285' title='bbox 1632 2726 1750 2778; x_wconf 62' lang='lat' dir='ltr'><strong>quin</strong></span> 
     </span>
    </p>
   </div>
   <div class='ocr_carea' id='block_1_43' title="bbox 161 2795 1748 2868">
    <p class='ocr_par' dir='ltr' id='par_1_43' title="bbox 161 2795 1748 2868">
     <span class='ocr_line' id='line_1_43' title="bbox 161 2795 1748 2868; baseline 0.005 -19"><span class='ocrx_word' id='word_1_286' title='bbox 161 2795 484 2849; x_wconf 84' lang='lat' dir='ltr'><strong>referuntur</strong></span> <span class='ocrx_word' id='word_1_287' title='bbox 536 2797 603 2852; x_wconf 93' lang='lat' dir='ltr'><strong>de</strong></span> <span class='ocrx_word' id='word_1_288' title='bbox 667 2800 879 2868; x_wconf 87' lang='lat' dir='ltr'><strong>gemina</strong></span> <span class='ocrx_word' id='word_1_289' title='bbox 936 2801 1311 2863; x_wconf 85' lang='lat' dir='ltr'><strong>translatione,</strong></span> <span class='ocrx_word' id='word_1_290' title='bbox 1371 2802 1628 2855; x_wconf 90' lang='lat' dir='ltr'><strong>nimirum</strong></span> <span class='ocrx_word' id='word_1_291' title='bbox 1683 2819 1748 2857; x_wconf 78' lang='lat' dir='ltr'><strong>ex</strong></span> 
     </span>
    </p>
   </div>
   <div class='ocr_carea' id='block_1_44' title="bbox 161 2884 1749 2955">
    <p class='ocr_par' dir='ltr' id='par_1_44' title="bbox 161 2884 1749 2955">
     <span class='ocr_line' id='line_1_44' title="bbox 161 2884 1749 2955; baseline 0.003 -14"><span class='ocrx_word' id='word_1_292' title='bbox 161 2884 445 2954; x_wconf 62' lang='lat' dir='ltr'><strong>Ethiopia</strong></span> <span class='ocrx_word' id='word_1_293' title='bbox 480 2886 531 2939; x_wconf 90' lang='lat' dir='ltr'><strong>in</strong></span> <span class='ocrx_word' id='word_1_294' title='bbox 562 2887 921 2955; x_wconf 87' lang='lat' dir='ltr'><strong>Britanniam,</strong></span> <span class='ocrx_word' id='word_1_295' title='bbox 974 2899 1027 2944; x_wconf 88' lang='lat' dir='ltr'><strong>et</strong></span> <span class='ocrx_word' id='word_1_296' title='bbox 1057 2906 1120 2943; x_wconf 83' lang='lat' dir='ltr'><strong>ex</strong></span> <span class='ocrx_word' id='word_1_297' title='bbox 1177 2888 1451 2944; x_wconf 87' lang='lat' dir='ltr'><strong>Britannia</strong></span> <span class='ocrx_word' id='word_1_298' title='bbox 1489 2891 1541 2945; x_wconf 93' lang='lat' dir='ltr'><strong>in</strong></span> <span class='ocrx_word' id='word_1_299' title='bbox 1574 2891 1749 2945; x_wconf 87' lang='lat' dir='ltr'><strong>Luca-</strong></span> 
     </span>
    </p>
   </div>
   <div class='ocr_carea' id='block_1_45' title="bbox 163 2978 1747 3056">
    <p class='ocr_par' dir='ltr' id='par_1_45' title="bbox 163 2978 1747 3056">
     <span class='ocr_line' id='line_1_45' title="bbox 163 2978 1747 3056; baseline 0.005 -25"><span class='ocrx_word' id='word_1_300' title='bbox 163 2978 338 3041; x_wconf 87' lang='lat' dir='ltr'><strong>niam,</strong></span> <span class='ocrx_word' id='word_1_301' title='bbox 369 2995 433 3032; x_wconf 79' lang='lat' dir='ltr'><strong>ex</strong></span> <span class='ocrx_word' id='word_1_302' title='bbox 459 2978 795 3048; x_wconf 86' lang='lat' dir='ltr'><strong>conjecturis</strong></span> <span class='ocrx_word' id='word_1_303' title='bbox 828 2983 1051 3037; x_wconf 88' lang='lat' dir='ltr'><strong>incertis</strong></span> <span class='ocrx_word' id='word_1_304' title='bbox 1080 2984 1323 3052; x_wconf 89' lang='lat' dir='ltr'><strong>potuisse</strong></span> <span class='ocrx_word' id='word_1_305' title='bbox 1353 2984 1624 3056; x_wconf 88' lang='lat' dir='ltr'><strong>conﬁngi;</strong></span> <span class='ocrx_word' id='word_1_306' title='bbox 1656 2987 1747 3039; x_wconf 91' lang='lat' dir='ltr'><strong>sed</strong></span> 
     </span>
    </p>
   </div>
   <div class='ocr_carea' id='block_1_46' title="bbox 163 3069 1748 3146">
    <p class='ocr_par' dir='ltr' id='par_1_46' title="bbox 163 3069 1748 3146">
     <span class='ocr_line' id='line_1_46' title="bbox 163 3069 1748 3146; baseline 0.005 -25"><span class='ocrx_word' id='word_1_307' title='bbox 163 3077 276 3121; x_wconf 86' lang='lat' dir='ltr'><strong>tam</strong></span> <span class='ocrx_word' id='word_1_308' title='bbox 314 3069 744 3136; x_wconf 86' lang='lat' dir='ltr'><strong>improbabiliter</strong></span> <span class='ocrx_word' id='word_1_309' title='bbox 772 3071 942 3126; x_wconf 80' lang='lat' dir='ltr'><strong>fuisse</strong></span> <span class='ocrx_word' id='word_1_310' title='bbox 974 3076 1245 3141; x_wconf 84' lang='lat' dir='ltr'><strong>exposita,</strong></span> <span class='ocrx_word' id='word_1_311' title='bbox 1285 3085 1345 3128; x_wconf 90' lang='lat' dir='ltr'><strong>ut</strong></span> <span class='ocrx_word' id='word_1_312' title='bbox 1378 3075 1560 3129; x_wconf 84' lang='lat' dir='ltr'><strong>malim</strong></span> <span class='ocrx_word' id='word_1_313' title='bbox 1595 3077 1748 3146; x_wconf 83' lang='lat' dir='ltr'><strong>igno-</strong></span> 
     </span>
    </p>
   </div>
   <div class='ocr_carea' id='block_1_47' title="bbox 1848 1973 3419 2049">
    <p class='ocr_par' dir='ltr' id='par_1_47' title="bbox 1848 1973 3419 2049">
     <span class='ocr_line' id='line_1_47' title="bbox 1848 1973 3419 2049; baseline -0.004 -17"><span class='ocrx_word' id='word_1_314' title='bbox 1848 1994 2153 2049; x_wconf 77' lang='lat' dir='ltr'><strong>anonynius</strong></span> <span class='ocrx_word' id='word_1_315' title='bbox 2200 1979 2596 2033; x_wconf 83' lang='lat' dir='ltr'><strong>Salernitanus.</strong></span> <span class='ocrx_word' id='word_1_316' title='bbox 2632 1974 3281 2047; x_wconf 78' lang='lat' dir='ltr'><strong>Ughellus,tom.X.col.</strong></span> <span class='ocrx_word' id='word_1_317' title='bbox 3326 1973 3419 2027; x_wconf 76' lang='grc'><strong>157</strong></span> 
     </span>
    </p>
   </div>
   <div class='ocr_carea' id='block_1_48' title="bbox 1851 2064 3426 2141">
    <p class='ocr_par' dir='ltr' id='par_1_48' title="bbox 1851 2064 3426 2141">
     <span class='ocr_line' id='line_1_48' title="bbox 1851 2064 3426 2141; baseline -0.003 -17"><span class='ocrx_word' id='word_1_318' title='bbox 1851 2071 1902 2124; x_wconf 86' lang='lat' dir='ltr'><strong>in</strong></span> <span class='ocrx_word' id='word_1_319' title='bbox 1927 2072 2199 2141; x_wconf 85' lang='lat' dir='ltr'><strong>episcopis</strong></span> <span class='ocrx_word' id='word_1_320' title='bbox 2232 2071 2515 2134; x_wconf 66' lang='lat' dir='ltr'><strong>Paestanis,</strong></span> <span class='ocrx_word' id='word_1_321' title='bbox 2558 2078 2612 2125; x_wconf 89' lang='lat' dir='ltr'><strong>et</strong></span> <span class='ocrx_word' id='word_1_322' title='bbox 2635 2070 2909 2124; x_wconf 80' lang='lat' dir='ltr'><strong>Antonius</strong></span> <span class='ocrx_word' id='word_1_323' title='bbox 2941 2067 3117 2122; x_wconf 79' lang='lat' dir='ltr'><strong>Mazza</strong></span> <span class='ocrx_word' id='word_1_324' title='bbox 3141 2066 3208 2119; x_wconf 65' lang='lat' dir='ltr'><strong>~in</strong></span> <span class='ocrx_word' id='word_1_325' title='bbox 3244 2064 3426 2119; x_wconf 85' lang='lat' dir='ltr'><strong>Histo-</strong></span> 
     </span>
    </p>
   </div>
   <div class='ocr_carea' id='block_1_49' title="bbox 1853 2159 3422 2229">
    <p class='ocr_par' dir='ltr' id='par_1_49' title="bbox 1853 2159 3422 2229">
     <span class='ocr_line' id='line_1_49' title="bbox 1853 2159 3422 2229; baseline -0.003 -14"><span class='ocrx_word' id='word_1_326' title='bbox 1853 2164 1931 2215; x_wconf 87' lang='lat' dir='ltr'><strong>ria</strong></span> <span class='ocrx_word' id='word_1_327' title='bbox 1974 2164 2123 2216; x_wconf 89' lang='lat' dir='ltr'><strong>urbis</strong></span> <span class='ocrx_word' id='word_1_328' title='bbox 2169 2164 2548 2221; x_wconf 61' lang='lat' dir='ltr'><strong>Saleruitaum.</strong></span> <span class='ocrx_word' id='word_1_329' title='bbox 2587 2176 2705 2229; x_wconf 88' lang='lat' dir='ltr'><strong>cap.</strong></span> <span class='ocrx_word' id='word_1_330' title='bbox 2745 2161 2800 2221; x_wconf 89' lang='lat'><strong>5,</strong></span> <span class='ocrx_word' id='word_1_331' title='bbox 2840 2175 2993 2213; x_wconf 90' lang='lat' dir='ltr'><strong>num.</strong></span> <span class='ocrx_word' id='word_1_332' title='bbox 3048 2160 3133 2221; x_wconf 75' lang='grc'><strong>15,</strong></span> <span class='ocrx_word' id='word_1_333' title='bbox 3162 2159 3231 2214; x_wconf 87' lang='lat' dir='ltr'><strong>de</strong></span> <span class='ocrx_word' id='word_1_334' title='bbox 3280 2173 3422 2213; x_wconf 89' lang='lat' dir='ltr'><strong>anno</strong></span> 
     </span>
    </p>
   </div>
   <div class='ocr_carea' id='block_1_50' title="bbox 1850 2250 3423 2321">
    <p class='ocr_par' dir='ltr' id='par_1_50' title="bbox 1850 2250 3423 2321">
     <span class='ocr_line' id='line_1_50' title="bbox 1850 2250 3423 2321; baseline -0.002 -15"><span class='ocrx_word' id='word_1_335' title='bbox 1850 2254 2015 2307; x_wconf 90' lang='lat' dir='ltr'><strong>etiam</strong></span> <span class='ocrx_word' id='word_1_336' title='bbox 2063 2254 2439 2309; x_wconf 87' lang='lat' dir='ltr'><strong>consentiunt.</strong></span> <span class='ocrx_word' id='word_1_337' title='bbox 2489 2252 2561 2307; x_wconf 88' lang='lat' dir='ltr'><strong>De</strong></span> <span class='ocrx_word' id='word_1_338' title='bbox 2615 2254 2734 2306; x_wconf 92' lang='lat' dir='ltr'><strong>loco</strong></span> <span class='ocrx_word' id='word_1_339' title='bbox 2770 2252 2848 2305; x_wconf 91' lang='lat' dir='ltr'><strong>ait</strong></span> <span class='ocrx_word' id='word_1_340' title='bbox 2893 2250 3169 2321; x_wconf 79' lang='lat' dir='ltr'><strong>Ughellus,</strong></span> <span class='ocrx_word' id='word_1_341' title='bbox 3223 2265 3423 2319; x_wconf 87' lang='lat' dir='ltr'><strong>corpus</strong></span> 
     </span>
    </p>
   </div>
   <div class='ocr_carea' id='block_1_51' title="bbox 1851 2338 3420 2410">
    <p class='ocr_par' dir='ltr' id='par_1_51' title="bbox 1851 2338 3420 2410">
     <span class='ocr_line' id='line_1_51' title="bbox 1851 2338 3420 2410; baseline -0.002 -15"><span class='ocrx_word' id='word_1_342' title='bbox 1851 2341 2132 2395; x_wconf 87' lang='lat' dir='ltr'><strong>inventum</strong></span> <span class='ocrx_word' id='word_1_343' title='bbox 2157 2356 2276 2396; x_wconf 88' lang='lat' dir='ltr'><strong>esse</strong></span> <span class='ocrx_word' id='word_1_344' title='bbox 2298 2342 2351 2395; x_wconf 92' lang='lat' dir='ltr'><strong>in</strong></span> <span class='ocrx_word' id='word_1_345' title='bbox 2376 2357 2575 2395; x_wconf 69' lang='lat' dir='ltr'><strong>eversae</strong></span> <span class='ocrx_word' id='word_1_346' title='bbox 2604 2341 2755 2396; x_wconf 90' lang='lat' dir='ltr'><strong>urbis</strong></span> <span class='ocrx_word' id='word_1_347' title='bbox 2782 2338 3081 2410; x_wconf 65' lang='lat' dir='ltr'><strong>(Pzestanae)</strong></span> <span class='ocrx_word' id='word_1_348' title='bbox 3110 2338 3420 2393; x_wconf 87' lang='lat' dir='ltr'><strong>ruderibus.</strong></span> 
     </span>
    </p>
   </div>
   <div class='ocr_carea' id='block_1_52' title="bbox 1850 2431 3421 2497">
    <p class='ocr_par' dir='ltr' id='par_1_52' title="bbox 1850 2431 3421 2497">
     <span class='ocr_line' id='line_1_52' title="bbox 1850 2431 3421 2497; baseline -0.001 -12"><span class='ocrx_word' id='word_1_349' title='bbox 1850 2432 2029 2488; x_wconf 79' lang='lat' dir='ltr'><strong>Manu</strong></span> <span class='ocrx_word' id='word_1_350' title='bbox 2063 2433 2237 2487; x_wconf 88' lang='lat' dir='ltr'><strong>solum</strong></span> <span class='ocrx_word' id='word_1_351' title='bbox 2294 2432 2449 2497; x_wconf 90' lang='lat' dir='ltr'><strong>dicit,</strong></span> <span class='ocrx_word' id='word_1_352' title='bbox 2480 2433 2533 2487; x_wconf 92' lang='lat' dir='ltr'><strong>in</strong></span> <span class='ocrx_word' id='word_1_353' title='bbox 2588 2432 2842 2487; x_wconf 63' lang='lat' dir='ltr'><strong>Lucaniae</strong></span> <span class='ocrx_word' id='word_1_354' title='bbox 2872 2432 3070 2486; x_wconf 90' lang='lat' dir='ltr'><strong>ﬁnibus</strong></span> <span class='ocrx_word' id='word_1_355' title='bbox 3116 2431 3421 2485; x_wconf 85' lang='lat' dir='ltr'><strong>inventum.</strong></span> 
     </span>
    </p>
   </div>
   <div class='ocr_carea' id='block_1_53' title="bbox 1853 2519 3423 2589">
    <p class='ocr_par' dir='ltr' id='par_1_53' title="bbox 1853 2519 3423 2589">
     <span class='ocr_line' id='line_1_53' title="bbox 1853 2519 3423 2589; baseline -0.001 -14"><span class='ocrx_word' id='word_1_356' title='bbox 1853 2522 2294 2576; x_wconf 85' lang='lat' dir='ltr'><strong>Translationem</strong></span> <span class='ocrx_word' id='word_1_357' title='bbox 2320 2539 2448 2578; x_wconf 91' lang='lat' dir='ltr'><strong>vero</strong></span> <span class='ocrx_word' id='word_1_358' title='bbox 2478 2522 2992 2578; x_wconf 88' lang='lat' dir='ltr'><strong>enarrathisverbis</strong></span> <span class='ocrx_word' id='word_1_359' title='bbox 3026 2537 3038 2573; x_wconf 90' lang='lat'><strong>:</strong></span> <span class='ocrx_word' id='word_1_360' title='bbox 3073 2540 3091 2573; x_wconf 73' lang='grc' dir='ltr'>ι</span> <span class='ocrx_word' id='word_1_361' title='bbox 3126 2519 3423 2589; x_wconf 81' lang='lat' dir='ltr'><strong>Gisulplius</strong></span> 
     </span>
    </p>
   </div>
   <div class='ocr_carea' id='block_1_54' title="bbox 1851 2610 3423 2683">
    <p class='ocr_par' dir='ltr' id='par_1_54' title="bbox 1851 2610 3423 2683">
     <span class='ocr_line' id='line_1_54' title="bbox 1851 2610 3423 2683; baseline 0 -18"><span class='ocrx_word' id='word_1_362' title='bbox 1851 2610 2153 2667; x_wconf 87' lang='lat' dir='ltr'><strong>Guaimarii</strong></span> <span class='ocrx_word' id='word_1_363' title='bbox 2213 2612 2354 2667; x_wconf 90' lang='lat' dir='ltr'><strong>ﬁlius</strong></span> <span class='ocrx_word' id='word_1_364' title='bbox 2380 2614 2544 2667; x_wconf 88' lang='lat' dir='ltr'><strong>etiam</strong></span> <span class='ocrx_word' id='word_1_365' title='bbox 2599 2612 2861 2682; x_wconf 89' lang='lat' dir='ltr'><strong>parvulus</strong></span> <span class='ocrx_word' id='word_1_366' title='bbox 2894 2612 3031 2683; x_wconf 84' lang='lat' dir='ltr'><strong>patri</strong></span> <span class='ocrx_word' id='word_1_367' title='bbox 3080 2610 3423 2666; x_wconf 84' lang='lat' dir='ltr'><strong>succedendo</strong></span> 
     </span>
    </p>
   </div>
   <div class='ocr_carea' id='block_1_55' title="bbox 1851 2701 3421 2772">
    <p class='ocr_par' dir='ltr' id='par_1_55' title="bbox 1851 2701 3421 2772">
     <span class='ocr_line' id='line_1_55' title="bbox 1851 2701 3421 2772; baseline -0.001 -18"><span class='ocrx_word' id='word_1_368' title='bbox 1851 2702 2119 2771; x_wconf 79' lang='lat' dir='ltr'><strong>regnavit.</strong></span> <span class='ocrx_word' id='word_1_369' title='bbox 2188 2701 2336 2757; x_wconf 88' lang='lat' dir='ltr'><strong>Beati</strong></span> <span class='ocrx_word' id='word_1_370' title='bbox 2362 2702 2617 2772; x_wconf 82' lang='lat' dir='ltr'><strong>apostoli,</strong></span> <span class='ocrx_word' id='word_1_371' title='bbox 2648 2701 2999 2772; x_wconf 70' lang='lat' dir='ltr'><strong>evangelista:</strong></span> <span class='ocrx_word' id='word_1_372' title='bbox 3051 2715 3114 2754; x_wconf 88' lang='lat' dir='ltr'><strong>ac</strong></span> <span class='ocrx_word' id='word_1_373' title='bbox 3166 2701 3421 2770; x_wconf 78' lang='lat' dir='ltr'><strong>martyris</strong></span> 
     </span>
    </p>
   </div>
   <div class='ocr_carea' id='block_1_56' title="bbox 1854 2792 3423 2864">
    <p class='ocr_par' dir='ltr' id='par_1_56' title="bbox 1854 2792 3423 2864">
     <span class='ocr_line' id='line_1_56' title="bbox 1854 2792 3423 2864; baseline -0.003 -16"><span class='ocrx_word' id='word_1_374' title='bbox 1854 2793 2090 2849; x_wconf 75' lang='lat' dir='ltr'><strong>Mattlnei</strong></span> <span class='ocrx_word' id='word_1_375' title='bbox 2134 2810 2353 2864; x_wconf 90' lang='lat' dir='ltr'><strong>corpus,</strong></span> <span class='ocrx_word' id='word_1_376' title='bbox 2403 2794 2654 2849; x_wconf 68' lang='lat' dir='ltr'><strong>Lucaniae</strong></span> <span class='ocrx_word' id='word_1_377' title='bbox 2699 2793 2899 2847; x_wconf 83' lang='lat' dir='ltr'><strong>ﬁnibus</strong></span> <span class='ocrx_word' id='word_1_378' title='bbox 2962 2792 3343 2853; x_wconf 85' lang='lat' dir='ltr'><strong>inventum,...</strong></span> <span class='ocrx_word' id='word_1_379' title='bbox 3390 2803 3423 2844; x_wconf 75' lang='grc' dir='ltr'>θ</span> 
     </span>
    </p>
   </div>
   <div class='ocr_carea' id='block_1_57' title="bbox 1850 2881 3423 2953">
    <p class='ocr_par' dir='ltr' id='par_1_57' title="bbox 1850 2881 3423 2953">
     <span class='ocr_line' id='line_1_57' title="bbox 1850 2881 3423 2953; baseline -0.004 -12"><span class='ocrx_word' id='word_1_380' title='bbox 1850 2887 2094 2941; x_wconf 71' lang='lat' dir='ltr'><strong>Pzestana</strong></span> <span class='ocrx_word' id='word_1_381' title='bbox 2142 2887 2363 2941; x_wconf 84' lang='lat' dir='ltr'><strong>civitate</strong></span> <span class='ocrx_word' id='word_1_382' title='bbox 2420 2901 2564 2939; x_wconf 88' lang='lat' dir='ltr'><strong>anno</strong></span> <span class='ocrx_word' id='word_1_383' title='bbox 2596 2884 2698 2939; x_wconf 63' lang='lat'><strong>9-31</strong></span> <span class='ocrx_word' id='word_1_384' title='bbox 2728 2924 2743 2949; x_wconf 95' lang='lat'><strong>,</strong></span> <span class='ocrx_word' id='word_1_385' title='bbox 2798 2894 3040 2953; x_wconf 83' lang='lat' dir='ltr'><strong>tempore</strong></span> <span class='ocrx_word' id='word_1_386' title='bbox 3101 2881 3423 2953; x_wconf 54' lang='lat' dir='ltr'><strong>praesulatus</strong></span> 
     </span>
    </p>
   </div>
   <div class='ocr_carea' id='block_1_58' title="bbox 1848 2975 3421 3041">
    <p class='ocr_par' dir='ltr' id='par_1_58' title="bbox 1848 2975 3421 3041">
     <span class='ocr_line' id='line_1_58' title="bbox 1848 2975 3421 3041; baseline -0.003 -8"><span class='ocrx_word' id='word_1_387' title='bbox 1848 2978 2110 3033; x_wconf 87' lang='lat' dir='ltr'><strong>Bernardi</strong></span> <span class='ocrx_word' id='word_1_388' title='bbox 2172 2980 2236 3041; x_wconf 88' lang='lat' dir='ltr'><strong>ll,</strong></span> <span class='ocrx_word' id='word_1_389' title='bbox 2294 2994 2502 3034; x_wconf 86' lang='lat' dir='ltr'><strong>summa</strong></span> <span class='ocrx_word' id='word_1_390' title='bbox 2542 2994 2666 3033; x_wconf 89' lang='lat' dir='ltr'><strong>cum</strong></span> <span class='ocrx_word' id='word_1_391' title='bbox 2726 2976 3074 3031; x_wconf 85' lang='lat' dir='ltr'><strong>veneratione</strong></span> <span class='ocrx_word' id='word_1_392' title='bbox 3125 2975 3179 3029; x_wconf 91' lang='lat' dir='ltr'><strong>in</strong></span> <span class='ocrx_word' id='word_1_393' title='bbox 3232 2975 3421 3029; x_wconf 80' lang='lat' dir='ltr'><strong>urbem</strong></span> 
     </span>
    </p>
   </div>
   <div class='ocr_carea' id='block_1_59' title="bbox 1853 3070 3426 3140">
    <p class='ocr_par' dir='ltr' id='par_1_59' title="bbox 1853 3070 3426 3140">
     <span class='ocr_line' id='line_1_59' title="bbox 1853 3070 3426 3140; baseline -0.003 -15"><span class='ocrx_word' id='word_1_394' title='bbox 1853 3072 2257 3126; x_wconf 87' lang='lat' dir='ltr'><strong>Salernitauam</strong></span> <span class='ocrx_word' id='word_1_395' title='bbox 2304 3071 2607 3135; x_wconf 87' lang='lat' dir='ltr'><strong>transtulit,</strong></span> <span class='ocrx_word' id='word_1_396' title='bbox 2649 3071 2808 3140; x_wconf 87' lang='lat' dir='ltr'><strong>eujus</strong></span> <span class='ocrx_word' id='word_1_397' title='bbox 2859 3070 3158 3123; x_wconf 87' lang='lat' dir='ltr'><strong>adventum</strong></span> <span class='ocrx_word' id='word_1_398' title='bbox 3202 3075 3426 3121; x_wconf 86' lang='lat' dir='ltr'><strong>sanctus</strong></span> 
     </span>
    </p>
   </div>
   <div class='ocr_carea' id='block_1_60' title="bbox 166 3159 3426 3253">
    <p class='ocr_par' dir='ltr' id='par_1_60' title="bbox 166 3159 3426 3253">
     <span class='ocr_line' id='line_1_60' title="bbox 166 3159 3426 3253; baseline -0.001 -38"><span class='ocrx_word' id='word_1_399' title='bbox 166 3175 293 3215; x_wconf 84' lang='lat' dir='ltr'><strong>rare</strong></span> <span class='ocrx_word' id='word_1_400' title='bbox 342 3176 455 3228; x_wconf 83' lang='lat' dir='ltr'><strong>quo</strong></span> <span class='ocrx_word' id='word_1_401' title='bbox 503 3162 667 3216; x_wconf 90' lang='lat' dir='ltr'><strong>modo</strong></span> <span class='ocrx_word' id='word_1_402' title='bbox 692 3172 745 3217; x_wconf 89' lang='lat' dir='ltr'><strong>et</strong></span> <span class='ocrx_word' id='word_1_403' title='bbox 785 3179 893 3232; x_wconf 91' lang='lat' dir='ltr'><strong>quo</strong></span> <span class='ocrx_word' id='word_1_404' title='bbox 926 3173 1169 3233; x_wconf 88' lang='lat' dir='ltr'><strong>tempore</strong></span> <span class='ocrx_word' id='word_1_405' title='bbox 1200 3180 1411 3219; x_wconf 90' lang='lat' dir='ltr'><strong>sacrum</strong></span> <span class='ocrx_word' id='word_1_406' title='bbox 1445 3167 1575 3220; x_wconf 91' lang='lat' dir='ltr'><strong>illud</strong></span> <span class='ocrx_word' id='word_1_407' title='bbox 1623 3187 1748 3222; x_wconf 90' lang='lat' dir='ltr'><strong>cor-</strong></span> <span class='ocrx_word' id='word_1_408' title='bbox 1778 3199 1817 3253; x_wconf 65' lang='grc' dir='ltr'>ε</span> <span class='ocrx_word' id='word_1_409' title='bbox 1852 3162 2223 3216; x_wconf 87' lang='lat' dir='ltr'><strong>Grammatius</strong></span> <span class='ocrx_word' id='word_1_410' title='bbox 2286 3162 2327 3215; x_wconf 93' lang='lat' dir='ltr'><strong>Il</strong></span> <span class='ocrx_word' id='word_1_411' title='bbox 2386 3162 2762 3215; x_wconf 85' lang='lat' dir='ltr'><strong>Salernitanus</strong></span> <span class='ocrx_word' id='word_1_412' title='bbox 2844 3160 3155 3229; x_wconf 89' lang='lat' dir='ltr'><strong>episcopus,</strong></span> <span class='ocrx_word' id='word_1_413' title='bbox 3218 3159 3426 3214; x_wconf 85' lang='lat' dir='ltr'><strong>ultimis</strong></span> 
     </span>
    </p>
   </div>
   <div class='ocr_carea' id='block_1_61' title="bbox 161 3250 1739 3325">
    <p class='ocr_par' dir='ltr' id='par_1_61' title="bbox 161 3250 1739 3325">
     <span class='ocr_line' id='line_1_61' title="bbox 161 3250 1739 3325; baseline 0.003 -20"><span class='ocrx_word' id='word_1_414' title='bbox 161 3267 271 3321; x_wconf 90' lang='lat' dir='ltr'><strong>pus</strong></span> <span class='ocrx_word' id='word_1_415' title='bbox 306 3251 361 3305; x_wconf 92' lang='lat' dir='ltr'><strong>in</strong></span> <span class='ocrx_word' id='word_1_416' title='bbox 412 3250 706 3308; x_wconf 89' lang='lat' dir='ltr'><strong>Lucaniam</strong></span> <span class='ocrx_word' id='word_1_417' title='bbox 759 3254 1089 3325; x_wconf 88' lang='lat' dir='ltr'><strong>pervenerit,</strong></span> <span class='ocrx_word' id='word_1_418' title='bbox 1140 3272 1301 3323; x_wconf 90' lang='lat' dir='ltr'><strong>quam</strong></span> <span class='ocrx_word' id='word_1_419' title='bbox 1337 3258 1421 3311; x_wconf 89' lang='lat' dir='ltr'><strong>vel</strong></span> <span class='ocrx_word' id='word_1_420' title='bbox 1456 3258 1739 3310; x_wconf 87' lang='lat' dir='ltr'><strong>minimum</strong></span> 
     </span>
    </p>
   </div>
   <div class='ocr_carea' id='block_1_62' title="bbox 161 3342 1742 3417">
    <p class='ocr_par' dir='ltr' id='par_1_62' title="bbox 161 3342 1742 3417">
     <span class='ocr_line' id='line_1_62' title="bbox 161 3342 1742 3417; baseline 0.002 -19"><span class='ocrx_word' id='word_1_421' title='bbox 161 3358 233 3398; x_wconf 80' lang='lat' dir='ltr'><strong>ex</strong></span> <span class='ocrx_word' id='word_1_422' title='bbox 275 3342 541 3399; x_wconf 84' lang='lat' dir='ltr'><strong>relatione</strong></span> <span class='ocrx_word' id='word_1_423' title='bbox 583 3345 668 3399; x_wconf 89' lang='lat' dir='ltr'><strong>illa</strong></span> <span class='ocrx_word' id='word_1_424' title='bbox 713 3345 995 3415; x_wconf 85' lang='lat' dir='ltr'><strong>adoptare.</strong></span> <span class='ocrx_word' id='word_1_425' title='bbox 1028 3344 1101 3399; x_wconf 90' lang='lat' dir='ltr'><strong>De</strong></span> <span class='ocrx_word' id='word_1_426' title='bbox 1132 3347 1307 3415; x_wconf 87' lang='lat' dir='ltr'><strong>capite</strong></span> <span class='ocrx_word' id='word_1_427' title='bbox 1341 3346 1543 3411; x_wconf 82' lang='lat' dir='ltr'><strong>sancti,</strong></span> <span class='ocrx_word' id='word_1_428' title='bbox 1599 3348 1742 3417; x_wconf 90' lang='lat' dir='ltr'><strong>quod</strong></span> 
     </span>
    </p>
   </div>
   <div class='ocr_carea' id='block_1_63' title="bbox 165 3434 1743 3506">
    <p class='ocr_par' dir='ltr' id='par_1_63' title="bbox 165 3434 1743 3506">
     <span class='ocr_line' id='line_1_63' title="bbox 165 3434 1743 3506; baseline 0.002 -16"><span class='ocrx_word' id='word_1_429' title='bbox 165 3434 272 3490; x_wconf 84' lang='lat' dir='ltr'><strong>sibi</strong></span> <span class='ocrx_word' id='word_1_430' title='bbox 332 3436 640 3491; x_wconf 91' lang='lat' dir='ltr'><strong>attribuunt</strong></span> <span class='ocrx_word' id='word_1_431' title='bbox 683 3437 973 3502; x_wconf 82' lang='lat' dir='ltr'><strong>Armorici,</strong></span> <span class='ocrx_word' id='word_1_432' title='bbox 1010 3449 1196 3505; x_wconf 90' lang='lat' dir='ltr'><strong>postea</strong></span> <span class='ocrx_word' id='word_1_433' title='bbox 1242 3448 1431 3506; x_wconf 88' lang='lat' dir='ltr'><strong>agetur</strong></span> <span class='ocrx_word' id='word_1_434' title='bbox 1470 3454 1571 3493; x_wconf 90' lang='lat' dir='ltr'><strong>suo</strong></span> <span class='ocrx_word' id='word_1_435' title='bbox 1604 3440 1743 3494; x_wconf 88' lang='lat' dir='ltr'><strong>loco.</strong></span> 
     </span>
    </p>
   </div>
   <div class='ocr_carea' id='block_1_64' title="bbox 166 3528 1745 3600">
    <p class='ocr_par' dir='ltr' id='par_1_64' title="bbox 166 3528 1745 3600">
     <span class='ocr_line' id='line_1_64' title="bbox 166 3528 1745 3600; baseline 0.003 -18"><span class='ocrx_word' id='word_1_436' title='bbox 166 3529 277 3583; x_wconf 87' lang='lat' dir='ltr'><strong>Leo</strong></span> <span class='ocrx_word' id='word_1_437' title='bbox 299 3528 569 3581; x_wconf 79' lang='lat' dir='ltr'><strong>Ostiensis</strong></span> <span class='ocrx_word' id='word_1_438' title='bbox 602 3530 655 3581; x_wconf 92' lang='lat' dir='ltr'><strong>in</strong></span> <span class='ocrx_word' id='word_1_439' title='bbox 694 3530 945 3582; x_wconf 81' lang='lat' dir='ltr'><strong>Chronico</strong></span> <span class='ocrx_word' id='word_1_440' title='bbox 980 3528 1279 3591; x_wconf 77' lang='lat' dir='ltr'><strong>Casinensi,</strong></span> <span class='ocrx_word' id='word_1_441' title='bbox 1316 3530 1408 3583; x_wconf 92' lang='lat' dir='ltr'><strong>lib.</strong></span> <span class='ocrx_word' id='word_1_442' title='bbox 1452 3547 1513 3590; x_wconf 85' lang='lat' dir='ltr'><strong>tt.</strong></span> <span class='ocrx_word' id='word_1_443' title='bbox 1545 3548 1664 3600; x_wconf 89' lang='lat' dir='ltr'><strong>cap.</strong></span> <span class='ocrx_word' id='word_1_444' title='bbox 1691 3535 1745 3598; x_wconf 79' lang='lat'><strong>5,</strong></span> 
     </span>
    </p>
   </div>
   <div class='ocr_carea' id='block_1_65' title="bbox 166 3620 1745 3693">
    <p class='ocr_par' dir='ltr' id='par_1_65' title="bbox 166 3620 1745 3693">
     <span class='ocr_line' id='line_1_65' title="bbox 166 3620 1745 3693; baseline 0.003 -20"><span class='ocrx_word' id='word_1_445' title='bbox 166 3621 233 3673; x_wconf 87' lang='lat' dir='ltr'><strong>ad</strong></span> <span class='ocrx_word' id='word_1_446' title='bbox 272 3620 608 3689; x_wconf 90' lang='lat' dir='ltr'><strong>propositum</strong></span> <span class='ocrx_word' id='word_1_447' title='bbox 652 3630 898 3674; x_wconf 87' lang='lat' dir='ltr'><strong>nostrmu</strong></span> <span class='ocrx_word' id='word_1_448' title='bbox 931 3621 1043 3675; x_wconf 65' lang='lat' dir='ltr'><strong>haec</strong></span> <span class='ocrx_word' id='word_1_449' title='bbox 1074 3621 1297 3676; x_wconf 88' lang='lat' dir='ltr'><strong>scribit:</strong></span> <span class='ocrx_word' id='word_1_450' title='bbox 1341 3621 1541 3688; x_wconf 85' lang='lat' dir='ltr'><strong>Quinto</strong></span> <span class='ocrx_word' id='word_1_451' title='bbox 1582 3624 1745 3693; x_wconf 66' lang='lat' dir='ltr'><strong>huius</strong></span> 
     </span>
    </p>
   </div>
   <div class='ocr_carea' id='block_1_66' title="bbox 164 3710 1744 3786">
    <p class='ocr_par' dir='ltr' id='par_1_66' title="bbox 164 3710 1744 3786">
     <span class='ocr_line' id='line_1_66' title="bbox 164 3710 1744 3786; baseline 0.001 -20"><span class='ocrx_word' id='word_1_452' title='bbox 164 3710 382 3766; x_wconf 86' lang='lat' dir='ltr'><strong>abbatis</strong></span> <span class='ocrx_word' id='word_1_453' title='bbox 412 3711 695 3783; x_wconf 79' lang='lat' dir='ltr'><strong>(Aligerni)</strong></span> <span class='ocrx_word' id='word_1_454' title='bbox 721 3727 886 3774; x_wconf 89' lang='lat' dir='ltr'><strong>anno,</strong></span> <span class='ocrx_word' id='word_1_455' title='bbox 915 3713 1008 3786; x_wconf 87' lang='lat' dir='ltr'><strong>qui</strong></span> <span class='ocrx_word' id='word_1_456' title='bbox 1043 3723 1124 3767; x_wconf 89' lang='lat' dir='ltr'><strong>est</strong></span> <span class='ocrx_word' id='word_1_457' title='bbox 1154 3728 1181 3765; x_wconf 93' lang='lat' dir='ltr'><strong>a</strong></span> <span class='ocrx_word' id='word_1_458' title='bbox 1218 3712 1507 3769; x_wconf 84' lang='lat' dir='ltr'><strong>Nativitatc</strong></span> <span class='ocrx_word' id='word_1_459' title='bbox 1536 3714 1744 3768; x_wconf 90' lang='lat' dir='ltr'><strong>Domini</strong></span> 
     </span>
    </p>
   </div>
   <div class='ocr_carea' id='block_1_67' title="bbox 166 3805 1745 3875">
    <p class='ocr_par' dir='ltr' id='par_1_67' title="bbox 166 3805 1745 3875">
     <span class='ocr_line' id='line_1_67' title="bbox 166 3805 1745 3875; baseline 0.002 -17"><span class='ocrx_word' id='word_1_460' title='bbox 166 3806 622 3875; x_wconf 85' lang='lat' dir='ltr'><strong>nongentesimus</strong></span> <span class='ocrx_word' id='word_1_461' title='bbox 650 3805 1135 3874; x_wconf 86' lang='lat' dir='ltr'><strong>quinquagesimus</strong></span> <span class='ocrx_word' id='word_1_462' title='bbox 1166 3816 1414 3875; x_wconf 90' lang='lat' dir='ltr'><strong>quartus,</strong></span> <span class='ocrx_word' id='word_1_463' title='bbox 1444 3807 1745 3868; x_wconf 85' lang='lat' dir='ltr'><strong>beatissimi</strong></span> 
     </span>
    </p>
   </div>
   <div class='ocr_carea' id='block_1_68' title="bbox 163 3888 1747 3969">
    <p class='ocr_par' dir='ltr' id='par_1_68' title="bbox 163 3888 1747 3969">
     <span class='ocr_line' id='line_1_68' title="bbox 163 3888 1747 3969; baseline 0.003 -20"><span class='ocrx_word' id='word_1_464' title='bbox 163 3896 402 3964; x_wconf 83' lang='lat' dir='ltr'><strong>apostoli</strong></span> <span class='ocrx_word' id='word_1_465' title='bbox 428 3904 477 3946; x_wconf 89' lang='lat' dir='ltr'><strong>et</strong></span> <span class='ocrx_word' id='word_1_466' title='bbox 509 3888 853 3964; x_wconf 78' lang='lat' dir='ltr'><strong>evangelista:</strong></span> <span class='ocrx_word' id='word_1_467' title='bbox 878 3895 1109 3949; x_wconf 65' lang='lat' dir='ltr'><strong>Mattbaai</strong></span> <span class='ocrx_word' id='word_1_468' title='bbox 1149 3913 1366 3965; x_wconf 89' lang='lat' dir='ltr'><strong>corpus,</strong></span> <span class='ocrx_word' id='word_1_469' title='bbox 1405 3901 1545 3968; x_wconf 90' lang='lat' dir='ltr'><strong>quod</strong></span> <span class='ocrx_word' id='word_1_470' title='bbox 1571 3902 1747 3969; x_wconf 85' lang='lat' dir='ltr'><strong>primo</strong></span> 
     </span>
    </p>
   </div>
   <div class='ocr_carea' id='block_1_69' title="bbox 164 3984 1745 4061">
    <p class='ocr_par' dir='ltr' id='par_1_69' title="bbox 164 3984 1745 4061">
     <span class='ocr_line' id='line_1_69' title="bbox 164 3984 1745 4061; baseline 0.004 -21"><span class='ocrx_word' id='word_1_471' title='bbox 164 3987 313 4055; x_wconf 89' lang='lat' dir='ltr'><strong>apud</strong></span> <span class='ocrx_word' id='word_1_472' title='bbox 348 3984 707 4053; x_wconf 60' lang='lat' dir='ltr'><strong>Etliiopiam,</strong></span> <span class='ocrx_word' id='word_1_473' title='bbox 740 3985 829 4039; x_wconf 90' lang='lat' dir='ltr'><strong>ubi</strong></span> <span class='ocrx_word' id='word_1_474' title='bbox 863 3995 917 4039; x_wconf 88' lang='lat' dir='ltr'><strong>et</strong></span> <span class='ocrx_word' id='word_1_475' title='bbox 950 4003 1143 4055; x_wconf 91' lang='lat' dir='ltr'><strong>passus</strong></span> <span class='ocrx_word' id='word_1_476' title='bbox 1168 3987 1367 4051; x_wconf 81' lang='lat' dir='ltr'><strong>fuerat.</strong></span> <span class='ocrx_word' id='word_1_477' title='bbox 1402 3993 1745 4061; x_wconf 89' lang='lat' dir='ltr'><strong>postmodum</strong></span> 
     </span>
    </p>
   </div>
   <div class='ocr_carea' id='block_1_70' title="bbox 165 4076 1749 4154">
    <p class='ocr_par' dir='ltr' id='par_1_70' title="bbox 165 4076 1749 4154">
     <span class='ocr_line' id='line_1_70' title="bbox 165 4076 1749 4154; baseline 0.004 -20"><span class='ocrx_word' id='word_1_478' title='bbox 165 4092 353 4134; x_wconf 89' lang='lat' dir='ltr'><strong>autem</strong></span> <span class='ocrx_word' id='word_1_479' title='bbox 386 4079 529 4148; x_wconf 90' lang='lat' dir='ltr'><strong>apud</strong></span> <span class='ocrx_word' id='word_1_480' title='bbox 560 4076 899 4132; x_wconf 89' lang='lat' dir='ltr'><strong>Britanniam</strong></span> <span class='ocrx_word' id='word_1_481' title='bbox 934 4096 1030 4149; x_wconf 88' lang='lat' dir='ltr'><strong>per</strong></span> <span class='ocrx_word' id='word_1_482' title='bbox 1065 4090 1311 4151; x_wconf 87' lang='lat' dir='ltr'><strong>tempora</strong></span> <span class='ocrx_word' id='word_1_483' title='bbox 1350 4084 1565 4139; x_wconf 87' lang='lat' dir='ltr'><strong>diversa</strong></span> <span class='ocrx_word' id='word_1_484' title='bbox 1594 4088 1749 4154; x_wconf 85' lang='lat' dir='ltr'><strong>quie-</strong></span> 
     </span>
    </p>
   </div>
   <div class='ocr_carea' id='block_1_71' title="bbox 168 4173 1748 4246">
    <p class='ocr_par' dir='ltr' id='par_1_71' title="bbox 168 4173 1748 4246">
     <span class='ocr_line' id='line_1_71' title="bbox 168 4173 1748 4246; baseline 0.003 -19"><span class='ocrx_word' id='word_1_485' title='bbox 168 4183 351 4237; x_wconf 82' lang='lat' dir='ltr'><strong>verat,</strong></span> <span class='ocrx_word' id='word_1_486' title='bbox 391 4173 610 4227; x_wconf 89' lang='lat' dir='ltr'><strong>tandem</strong></span> <span class='ocrx_word' id='word_1_487' title='bbox 658 4174 907 4244; x_wconf 79' lang='lat' dir='ltr'><strong>ejusdem</strong></span> <span class='ocrx_word' id='word_1_488' title='bbox 943 4175 1111 4229; x_wconf 86' lang='lat' dir='ltr'><strong>sancti</strong></span> <span class='ocrx_word' id='word_1_489' title='bbox 1142 4177 1489 4246; x_wconf 70' lang='lat' dir='ltr'><strong>evangelista:</strong></span> <span class='ocrx_word' id='word_1_490' title='bbox 1536 4181 1748 4232; x_wconf 81' lang='lat' dir='ltr'><strong>revela-</strong></span> 
     </span>
    </p>
   </div>
   <div class='ocr_carea' id='block_1_72' title="bbox 167 4266 1742 4336">
    <p class='ocr_par' dir='ltr' id='par_1_72' title="bbox 167 4266 1742 4336">
     <span class='ocr_line' id='line_1_72' title="bbox 167 4266 1742 4336; baseline 0.001 -14"><span class='ocrx_word' id='word_1_491' title='bbox 167 4269 320 4323; x_wconf 89' lang='lat' dir='ltr'><strong>tione</strong></span> <span class='ocrx_word' id='word_1_492' title='bbox 350 4276 647 4336; x_wconf 90' lang='lat' dir='ltr'><strong>repertum,</strong></span> <span class='ocrx_word' id='word_1_493' title='bbox 687 4277 849 4336; x_wconf 90' lang='lat' dir='ltr'><strong>atque</strong></span> <span class='ocrx_word' id='word_1_494' title='bbox 884 4267 936 4319; x_wconf 94' lang='lat' dir='ltr'><strong>in</strong></span> <span class='ocrx_word' id='word_1_495' title='bbox 968 4266 1253 4321; x_wconf 88' lang='lat' dir='ltr'><strong>Salernum</strong></span> <span class='ocrx_word' id='word_1_496' title='bbox 1291 4271 1611 4323; x_wconf 84' lang='lat' dir='ltr'><strong>translatum</strong></span> <span class='ocrx_word' id='word_1_497' title='bbox 1641 4282 1742 4327; x_wconf 87' lang='lat' dir='ltr'><strong>est.</strong></span> 
     </span>
    </p>
   </div>
   <div class='ocr_carea' id='block_1_73' title="bbox 167 4357 1748 4431">
    <p class='ocr_par' dir='ltr' id='par_1_73' title="bbox 167 4357 1748 4431">
     <span class='ocr_line' id='line_1_73' title="bbox 167 4357 1748 4431; baseline 0.003 -16"><span class='ocrx_word' id='word_1_498' title='bbox 167 4362 463 4427; x_wconf 86' lang='lat' dir='ltr'><strong>Baronius,</strong></span> <span class='ocrx_word' id='word_1_499' title='bbox 512 4360 605 4429; x_wconf 91' lang='lat' dir='ltr'><strong>qui</strong></span> <span class='ocrx_word' id='word_1_500' title='bbox 658 4360 781 4414; x_wconf 87' lang='lat' dir='ltr'><strong>data</strong></span> <span class='ocrx_word' id='word_1_501' title='bbox 815 4357 1015 4415; x_wconf 87' lang='lat' dir='ltr'><strong>Leonis</strong></span> <span class='ocrx_word' id='word_1_502' title='bbox 1048 4361 1211 4415; x_wconf 86' lang='lat' dir='ltr'><strong>verba</strong></span> <span class='ocrx_word' id='word_1_503' title='bbox 1264 4361 1515 4431; x_wconf 86' lang='lat' dir='ltr'><strong>allegavit</strong></span> <span class='ocrx_word' id='word_1_504' title='bbox 1550 4364 1615 4418; x_wconf 90' lang='lat' dir='ltr'><strong>ad</strong></span> <span class='ocrx_word' id='word_1_505' title='bbox 1650 4381 1748 4419; x_wconf 90' lang='lat' dir='ltr'><strong>an-</strong></span> 
     </span>
    </p>
   </div>
   <div class='ocr_carea' id='block_1_74' title="bbox 166 4452 1745 4523">
    <p class='ocr_par' dir='ltr' id='par_1_74' title="bbox 166 4452 1745 4523">
     <span class='ocr_line' id='line_1_74' title="bbox 166 4452 1745 4523; baseline 0.003 -16"><span class='ocrx_word' id='word_1_506' title='bbox 166 4469 299 4508; x_wconf 89' lang='lat' dir='ltr'><strong>num</strong></span> <span class='ocrx_word' id='word_1_507' title='bbox 332 4452 457 4514; x_wconf 65' lang='lat'><strong>954,</strong></span> <span class='ocrx_word' id='word_1_508' title='bbox 480 4466 632 4504; x_wconf 89' lang='lat' dir='ltr'><strong>num.</strong></span> <span class='ocrx_word' id='word_1_509' title='bbox 664 4453 718 4512; x_wconf 75' lang='lat'><strong>9...</strong></span> <span class='ocrx_word' id='word_1_510' title='bbox 744 4452 796 4504; x_wconf 92' lang='lat' dir='ltr'><strong>in</strong></span> <span class='ocrx_word' id='word_1_511' title='bbox 822 4454 1062 4522; x_wconf 83' lang='lat' dir='ltr'><strong>margine</strong></span> <span class='ocrx_word' id='word_1_512' title='bbox 1099 4455 1327 4516; x_wconf 90' lang='lat' dir='ltr'><strong>notavit,</strong></span> <span class='ocrx_word' id='word_1_513' title='bbox 1363 4471 1461 4523; x_wconf 88' lang='lat' dir='ltr'><strong>pro</strong></span> <span class='ocrx_word' id='word_1_514' title='bbox 1496 4458 1745 4523; x_wconf 89' lang='lat' dir='ltr'><strong>vocibus,</strong></span> 
     </span>
    </p>
   </div>
   <div class='ocr_carea' id='block_1_75' title="bbox 167 4541 1563 4615">
    <p class='ocr_par' dir='ltr' id='par_1_75' title="bbox 167 4541 1563 4615">
     <span class='ocr_line' id='line_1_75' title="bbox 167 4541 1563 4615; baseline -0.002 -16"><span class='ocrx_word' id='word_1_515' title='bbox 167 4545 313 4615; x_wconf 84' lang='lat' dir='ltr'><strong>apud</strong></span> <span class='ocrx_word' id='word_1_516' title='bbox 344 4542 705 4603; x_wconf 84' lang='lat' dir='ltr'><strong>Britanniam,</strong></span> <span class='ocrx_word' id='word_1_517' title='bbox 738 4542 873 4593; x_wconf 85' lang='lat' dir='ltr'><strong>alias</strong></span> <span class='ocrx_word' id='word_1_518' title='bbox 899 4541 1025 4611; x_wconf 87' lang='lat' dir='ltr'><strong>legi,</strong></span> <span class='ocrx_word' id='word_1_519' title='bbox 1059 4544 1201 4609; x_wconf 89' lang='lat' dir='ltr'><strong>apud</strong></span> <span class='ocrx_word' id='word_1_520' title='bbox 1237 4542 1563 4613; x_wconf 75' lang='lat' dir='ltr'><strong>Bithyniam.</strong></span> 
     </span>
    </p>
   </div>
   <div class='ocr_carea' id='block_1_76' title="bbox 240 4631 1742 4705">
    <p class='ocr_par' dir='ltr' id='par_1_76' title="bbox 240 4631 1742 4705">
     <span class='ocr_line' id='line_1_76' title="bbox 240 4631 1742 4705; baseline 0.003 -18"><span class='ocrx_word' id='word_1_521' title='bbox 240 4636 331 4691; x_wconf 75' lang='lat'><strong>65.</strong></span> <span class='ocrx_word' id='word_1_522' title='bbox 368 4638 688 4702; x_wconf 81' lang='lat' dir='ltr'><strong>Anonymus</strong></span> <span class='ocrx_word' id='word_1_523' title='bbox 713 4631 1085 4687; x_wconf 88' lang='lat' dir='ltr'><strong>Salernitanus</strong></span> <span class='ocrx_word' id='word_1_524' title='bbox 1106 4632 1158 4686; x_wconf 94' lang='lat' dir='ltr'><strong>in</strong></span> <span class='ocrx_word' id='word_1_525' title='bbox 1180 4632 1451 4691; x_wconf 89' lang='lat' dir='ltr'><strong>Chronico</strong></span> <span class='ocrx_word' id='word_1_526' title='bbox 1475 4651 1595 4705; x_wconf 87' lang='lat' dir='ltr'><strong>cap.</strong></span> <span class='ocrx_word' id='word_1_527' title='bbox 1621 4636 1742 4699; x_wconf 65' lang='lat'><strong>1-53.</strong></span> 
     </span>
    </p>
   </div>
   <div class='ocr_carea' id='block_1_77' title="bbox 168 4721 1742 4793">
    <p class='ocr_par' dir='ltr' id='par_1_77' title="bbox 168 4721 1742 4793">
     <span class='ocr_line' id='line_1_77' title="bbox 168 4721 1742 4793; baseline -0.001 -9"><span class='ocrx_word' id='word_1_528' title='bbox 168 4729 285 4785; x_wconf 76' lang='lat' dir='ltr'><strong>sive</strong></span> <span class='ocrx_word' id='word_1_529' title='bbox 320 4737 452 4781; x_wconf 86' lang='lat' dir='ltr'><strong>tom.</strong></span> <span class='ocrx_word' id='word_1_530' title='bbox 486 4721 527 4779; x_wconf 92' lang='lat' dir='ltr'><strong>ll</strong></span> <span class='ocrx_word' id='word_1_531' title='bbox 581 4722 911 4791; x_wconf 80' lang='lat' dir='ltr'><strong>Scriptorum</strong></span> <span class='ocrx_word' id='word_1_532' title='bbox 954 4721 1149 4788; x_wconf 74' lang='lat' dir='ltr'><strong>Italiw,</strong></span> <span class='ocrx_word' id='word_1_533' title='bbox 1200 4735 1340 4793; x_wconf 90' lang='lat' dir='ltr'><strong>part.</strong></span> <span class='ocrx_word' id='word_1_534' title='bbox 1376 4742 1435 4788; x_wconf 85' lang='lat' dir='ltr'><strong>ll,</strong></span> <span class='ocrx_word' id='word_1_535' title='bbox 1470 4727 1571 4780; x_wconf 90' lang='lat' dir='ltr'><strong>col.</strong></span> <span class='ocrx_word' id='word_1_536' title='bbox 1617 4728 1742 4793; x_wconf 75' lang='lat'><strong>280,</strong></span> 
     </span>
    </p>
   </div>
   <div class='ocr_carea' id='block_1_78' title="bbox 169 4815 1744 4886">
    <p class='ocr_par' dir='ltr' id='par_1_78' title="bbox 169 4815 1744 4886">
     <span class='ocr_line' id='line_1_78' title="bbox 169 4815 1744 4886; baseline -0.004 -8"><span class='ocrx_word' id='word_1_537' title='bbox 169 4824 237 4878; x_wconf 90' lang='lat' dir='ltr'><strong>dc</strong></span> <span class='ocrx_word' id='word_1_538' title='bbox 271 4821 589 4874; x_wconf 82' lang='lat' dir='ltr'><strong>inventione</strong></span> <span class='ocrx_word' id='word_1_539' title='bbox 619 4818 687 4870; x_wconf 89' lang='lat' dir='ltr'><strong>ita</strong></span> <span class='ocrx_word' id='word_1_540' title='bbox 736 4816 1011 4885; x_wconf 86' lang='lat' dir='ltr'><strong>loquitur:</strong></span> <span class='ocrx_word' id='word_1_541' title='bbox 1052 4834 1069 4866; x_wconf 76' lang='grc' dir='ltr'>ι</span> <span class='ocrx_word' id='word_1_542' title='bbox 1114 4815 1171 4868; x_wconf 86' lang='lat' dir='ltr'><strong>In</strong></span> <span class='ocrx_word' id='word_1_543' title='bbox 1206 4815 1375 4884; x_wconf 73' lang='lat' dir='ltr'><strong>ipsius</strong></span> <span class='ocrx_word' id='word_1_544' title='bbox 1406 4818 1744 4886; x_wconf 90' lang='lat' dir='ltr'><strong>temporibus</strong></span> 
     </span>
    </p>
   </div>
   <div class='ocr_carea' id='block_1_79' title="bbox 172 4907 1743 4976">
    <p class='ocr_par' dir='ltr' id='par_1_79' title="bbox 172 4907 1743 4976">
     <span class='ocr_line' id='line_1_79' title="bbox 172 4907 1743 4976; baseline -0.003 -8"><span class='ocrx_word' id='word_1_545' title='bbox 172 4916 456 4969; x_wconf 80' lang='lat' dir='ltr'><strong>inventum</strong></span> <span class='ocrx_word' id='word_1_546' title='bbox 487 4922 569 4964; x_wconf 86' lang='lat' dir='ltr'><strong>est</strong></span> <span class='ocrx_word' id='word_1_547' title='bbox 600 4908 1029 4963; x_wconf 80' lang='lat' dir='ltr'><strong>sacratissimum</strong></span> <span class='ocrx_word' id='word_1_548' title='bbox 1079 4924 1280 4976; x_wconf 89' lang='lat' dir='ltr'><strong>corpus</strong></span> <span class='ocrx_word' id='word_1_549' title='bbox 1316 4908 1372 4960; x_wconf 85' lang='grc' dir='ltr'><strong>Β.</strong></span> <span class='ocrx_word' id='word_1_550' title='bbox 1412 4907 1647 4963; x_wconf 71' lang='lat' dir='ltr'><strong>Matth-.ei</strong></span> <span class='ocrx_word' id='word_1_551' title='bbox 1690 4911 1743 4964; x_wconf 90' lang='lat' dir='ltr'><strong>in</strong></span> 
     </span>
    </p>
   </div>
   <div class='ocr_carea' id='block_1_80' title="bbox 171 5000 1745 5074">
    <p class='ocr_par' dir='ltr' id='par_1_80' title="bbox 171 5000 1745 5074">
     <span class='ocr_line' id='line_1_80' title="bbox 171 5000 1745 5074; baseline -0.001 -16"><span class='ocrx_word' id='word_1_552' title='bbox 171 5005 428 5059; x_wconf 77' lang='lat' dir='ltr'><strong>Lucania:</strong></span> <span class='ocrx_word' id='word_1_553' title='bbox 459 5002 678 5063; x_wconf 84' lang='lat' dir='ltr'><strong>ﬁnibus,</strong></span> <span class='ocrx_word' id='word_1_554' title='bbox 708 5007 871 5068; x_wconf 90' lang='lat' dir='ltr'><strong>atque</strong></span> <span class='ocrx_word' id='word_1_555' title='bbox 893 5015 1015 5053; x_wconf 88' lang='lat' dir='ltr'><strong>cum</strong></span> <span class='ocrx_word' id='word_1_556' title='bbox 1047 5000 1231 5054; x_wconf 89' lang='lat' dir='ltr'><strong>debito</strong></span> <span class='ocrx_word' id='word_1_557' title='bbox 1260 5000 1469 5056; x_wconf 88' lang='lat' dir='ltr'><strong>honore</strong></span> <span class='ocrx_word' id='word_1_558' title='bbox 1502 5020 1598 5071; x_wconf 90' lang='lat' dir='ltr'><strong>per</strong></span> <span class='ocrx_word' id='word_1_559' title='bbox 1628 5005 1745 5074; x_wconf 82' lang='lat' dir='ltr'><strong>jus—</strong></span> 
     </span>
    </p>
   </div>
   <div class='ocr_carea' id='block_1_81' title="bbox 173 5090 1741 5165">
    <p class='ocr_par' dir='ltr' id='par_1_81' title="bbox 173 5090 1741 5165">
     <span class='ocr_line' id='line_1_81' title="bbox 173 5090 1741 5165; baseline -0.003 -12"><span class='ocrx_word' id='word_1_560' title='bbox 173 5098 387 5155; x_wconf 87' lang='lat' dir='ltr'><strong>sionem</strong></span> <span class='ocrx_word' id='word_1_561' title='bbox 423 5094 532 5165; x_wconf 76' lang='lat' dir='ltr'><strong>iam</strong></span> <span class='ocrx_word' id='word_1_562' title='bbox 557 5094 651 5148; x_wconf 86' lang='lat' dir='ltr'><strong>l&#39;ati</strong></span> <span class='ocrx_word' id='word_1_563' title='bbox 690 5090 953 5162; x_wconf 80' lang='lat' dir='ltr'><strong>principis</strong></span> <span class='ocrx_word' id='word_1_564' title='bbox 984 5090 1271 5146; x_wconf 82' lang='lat' dir='ltr'><strong>Salernum</strong></span> <span class='ocrx_word' id='word_1_565' title='bbox 1300 5094 1609 5149; x_wconf 71' lang='lat' dir='ltr'><strong>deducitur.</strong></span> <span class='ocrx_word' id='word_1_566' title='bbox 1637 5096 1741 5149; x_wconf 81' lang='lat' dir='ltr'><strong>Sed</strong></span> 
     </span>
    </p>
   </div>
   <div class='ocr_carea' id='block_1_82' title="bbox 172 5184 1746 5262">
    <p class='ocr_par' dir='ltr' id='par_1_82' title="bbox 172 5184 1746 5262">
     <span class='ocr_line' id='line_1_82' title="bbox 172 5184 1746 5262; baseline -0.003 -17"><span class='ocrx_word' id='word_1_567' title='bbox 172 5200 305 5262; x_wconf 88' lang='lat' dir='ltr'><strong>quot</strong></span> <span class='ocrx_word' id='word_1_568' title='bbox 335 5189 491 5258; x_wconf 86' lang='lat' dir='ltr'><strong>signa</strong></span> <span class='ocrx_word' id='word_1_569' title='bbox 541 5197 597 5241; x_wconf 91' lang='lat' dir='ltr'><strong>et</strong></span> <span class='ocrx_word' id='word_1_570' title='bbox 630 5185 907 5250; x_wconf 88' lang='lat' dir='ltr'><strong>miracula,</strong></span> <span class='ocrx_word' id='word_1_571' title='bbox 948 5193 1001 5237; x_wconf 88' lang='lat' dir='ltr'><strong>et</strong></span> <span class='ocrx_word' id='word_1_572' title='bbox 1047 5186 1320 5255; x_wconf 89' lang='lat' dir='ltr'><strong>quomodo</strong></span> <span class='ocrx_word' id='word_1_573' title='bbox 1364 5184 1528 5240; x_wconf 78' lang='lat' dir='ltr'><strong>fuerit</strong></span> <span class='ocrx_word' id='word_1_574' title='bbox 1560 5204 1746 5257; x_wconf 87' lang='lat' dir='ltr'><strong>reper-</strong></span> 
     </span>
    </p>
   </div>
   <div class='ocr_carea' id='block_1_83' title="bbox 174 5278 1742 5349">
    <p class='ocr_par' dir='ltr' id='par_1_83' title="bbox 174 5278 1742 5349">
     <span class='ocr_line' id='line_1_83' title="bbox 174 5278 1742 5349; baseline -0.001 -12"><span class='ocrx_word' id='word_1_575' title='bbox 174 5296 310 5347; x_wconf 88' lang='lat' dir='ltr'><strong>tum,</strong></span> <span class='ocrx_word' id='word_1_576' title='bbox 337 5280 652 5335; x_wconf 85' lang='lat' dir='ltr'><strong>omnimodo</strong></span> <span class='ocrx_word' id='word_1_577' title='bbox 676 5294 821 5333; x_wconf 92' lang='lat' dir='ltr'><strong>nunc</strong></span> <span class='ocrx_word' id='word_1_578' title='bbox 871 5279 1107 5349; x_wconf 89' lang='lat' dir='ltr'><strong>pandere</strong></span> <span class='ocrx_word' id='word_1_579' title='bbox 1139 5280 1458 5334; x_wconf 90' lang='lat' dir='ltr'><strong>omittimus.</strong></span> <span class='ocrx_word' id='word_1_580' title='bbox 1495 5278 1742 5335; x_wconf 85' lang='lat' dir='ltr'><strong>Postmo-</strong></span> 
     </span>
    </p>
   </div>
   <div class='ocr_carea' id='block_1_84' title="bbox 179 5370 1744 5442">
    <p class='ocr_par' dir='ltr' id='par_1_84' title="bbox 179 5370 1744 5442">
     <span class='ocr_line' id='line_1_84' title="bbox 179 5370 1744 5442; baseline -0.001 -14"><span class='ocrx_word' id='word_1_581' title='bbox 179 5378 331 5440; x_wconf 84' lang='lat' dir='ltr'><strong>dutn,</strong></span> <span class='ocrx_word' id='word_1_582' title='bbox 370 5373 481 5425; x_wconf 89' lang='lat' dir='ltr'><strong>Deo</strong></span> <span class='ocrx_word' id='word_1_583' title='bbox 516 5380 816 5433; x_wconf 89' lang='lat' dir='ltr'><strong>annuente,</strong></span> <span class='ocrx_word' id='word_1_584' title='bbox 859 5370 1090 5425; x_wconf 88' lang='lat' dir='ltr'><strong>ﬁdeliter</strong></span> <span class='ocrx_word' id='word_1_585' title='bbox 1125 5370 1554 5433; x_wconf 89' lang='lat' dir='ltr'><strong>innotescamus,</strong></span> <span class='ocrx_word' id='word_1_586' title='bbox 1585 5383 1744 5442; x_wconf 87' lang='lat' dir='ltr'><strong>atque</strong></span> 
     </span>
    </p>
   </div>
   <div class='ocr_carea' id='block_1_85' title="bbox 176 5463 1748 5535">
    <p class='ocr_par' dir='ltr' id='par_1_85' title="bbox 176 5463 1748 5535">
     <span class='ocr_line' id='line_1_85' title="bbox 176 5463 1748 5535; baseline 0 -16"><span class='ocrx_word' id='word_1_587' title='bbox 176 5467 301 5522; x_wconf 87' lang='lat' dir='ltr'><strong>huic</strong></span> <span class='ocrx_word' id='word_1_588' title='bbox 328 5464 581 5519; x_wconf 74' lang='lat' dir='ltr'><strong>Historia:</strong></span> <span class='ocrx_word' id='word_1_589' title='bbox 612 5474 903 5518; x_wconf 86' lang='lat' dir='ltr'><strong>aunectere</strong></span> <span class='ocrx_word' id='word_1_590' title='bbox 940 5463 1200 5518; x_wconf 79' lang='lat' dir='ltr'><strong>faciamus</strong></span> <span class='ocrx_word' id='word_1_591' title='bbox 1228 5482 1239 5517; x_wconf 90' lang='lat'><strong>:</strong></span> <span class='ocrx_word' id='word_1_592' title='bbox 1273 5464 1397 5519; x_wconf 63' lang='lat' dir='ltr'><strong>llaec</strong></span> <span class='ocrx_word' id='word_1_593' title='bbox 1421 5481 1748 5535; x_wconf 75' lang='lat' dir='ltr'><strong>anonymus,</strong></span> 
     </span>
    </p>
   </div>
   <div class='ocr_carea' id='block_1_86' title="bbox 178 5555 1743 5627">
    <p class='ocr_par' dir='ltr' id='par_1_86' title="bbox 178 5555 1743 5627">
     <span class='ocr_line' id='line_1_86' title="bbox 178 5555 1743 5627; baseline -0.001 -15"><span class='ocrx_word' id='word_1_594' title='bbox 178 5559 273 5613; x_wconf 79' lang='lat' dir='ltr'><strong>sub</strong></span> <span class='ocrx_word' id='word_1_595' title='bbox 304 5557 575 5627; x_wconf 83' lang='lat' dir='ltr'><strong>Gisulplio</strong></span> <span class='ocrx_word' id='word_1_596' title='bbox 625 5555 872 5625; x_wconf 88' lang='lat' dir='ltr'><strong>priucipe</strong></span> <span class='ocrx_word' id='word_1_597' title='bbox 921 5555 1271 5609; x_wconf 86' lang='lat' dir='ltr'><strong>Salernitano</strong></span> <span class='ocrx_word' id='word_1_598' title='bbox 1310 5571 1620 5610; x_wconf 89' lang='lat' dir='ltr'><strong>memorans</strong></span> <span class='ocrx_word' id='word_1_599' title='bbox 1658 5557 1743 5611; x_wconf 92' lang='lat' dir='ltr'><strong>in-</strong></span> 
     </span>
    </p>
   </div>
   <div class='ocr_carea' id='block_1_87' title="bbox 181 5644 1743 5715">
    <p class='ocr_par' dir='ltr' id='par_1_87' title="bbox 181 5644 1743 5715">
     <span class='ocr_line' id='line_1_87' title="bbox 181 5644 1743 5715; baseline 0.002 -16"><span class='ocrx_word' id='word_1_600' title='bbox 181 5649 506 5708; x_wconf 66' lang='lat' dir='ltr'><strong>ventiouem,</strong></span> <span class='ocrx_word' id='word_1_601' title='bbox 541 5645 667 5698; x_wconf 83' lang='lat' dir='ltr'><strong>licet</strong></span> <span class='ocrx_word' id='word_1_602' title='bbox 700 5644 748 5697; x_wconf 90' lang='lat' dir='ltr'><strong>id</strong></span> <span class='ocrx_word' id='word_1_603' title='bbox 784 5661 890 5699; x_wconf 91' lang='lat' dir='ltr'><strong>non</strong></span> <span class='ocrx_word' id='word_1_604' title='bbox 915 5655 1173 5715; x_wconf 84' lang='lat' dir='ltr'><strong>appareat</strong></span> <span class='ocrx_word' id='word_1_605' title='bbox 1197 5646 1314 5699; x_wconf 87' lang='lat' dir='ltr'><strong>loco</strong></span> <span class='ocrx_word' id='word_1_606' title='bbox 1338 5646 1590 5715; x_wconf 83' lang='lat' dir='ltr'><strong>allegato,</strong></span> <span class='ocrx_word' id='word_1_607' title='bbox 1619 5651 1743 5715; x_wconf 91' lang='lat' dir='ltr'><strong>quia</strong></span> 
     </span>
    </p>
   </div>
   <div class='ocr_carea' id='block_1_88' title="bbox 183 5736 1742 5809">
    <p class='ocr_par' dir='ltr' id='par_1_88' title="bbox 183 5736 1742 5809">
     <span class='ocr_line' id='line_1_88' title="bbox 183 5736 1742 5809; baseline -0.003 -14"><span class='ocrx_word' id='word_1_608' title='bbox 183 5749 346 5796; x_wconf 85' lang='lat' dir='ltr'><strong>totum</strong></span> <span class='ocrx_word' id='word_1_609' title='bbox 379 5748 566 5808; x_wconf 87' lang='lat' dir='ltr'><strong>caput,</strong></span> <span class='ocrx_word' id='word_1_610' title='bbox 593 5737 645 5789; x_wconf 89' lang='lat' dir='ltr'><strong>iu</strong></span> <span class='ocrx_word' id='word_1_611' title='bbox 680 5750 786 5803; x_wconf 93' lang='lat' dir='ltr'><strong>quo</strong></span> <span class='ocrx_word' id='word_1_612' title='bbox 818 5736 883 5791; x_wconf 91' lang='lat' dir='ltr'><strong>de</strong></span> <span class='ocrx_word' id='word_1_613' title='bbox 908 5737 1173 5807; x_wconf 81' lang='lat' dir='ltr'><strong>Gisulplio</strong></span> <span class='ocrx_word' id='word_1_614' title='bbox 1199 5738 1397 5809; x_wconf 90' lang='lat' dir='ltr'><strong>agitur,</strong></span> <span class='ocrx_word' id='word_1_615' title='bbox 1426 5751 1507 5791; x_wconf 73' lang='grc' dir='ltr'><strong>ρει</strong></span> <span class='ocrx_word' id='word_1_616' title='bbox 1538 5754 1601 5793; x_wconf 89' lang='lat' dir='ltr'><strong>eo</strong></span> <span class='ocrx_word' id='word_1_617' title='bbox 1626 5739 1742 5792; x_wconf 88' lang='lat' dir='ltr'><strong>loco</strong></span> 
     </span>
    </p>
   </div>
   <div class='ocr_carea' id='block_1_89' title="bbox 180 5828 1742 5900">
    <p class='ocr_par' dir='ltr' id='par_1_89' title="bbox 180 5828 1742 5900">
     <span class='ocr_line' id='line_1_89' title="bbox 180 5828 1742 5900; baseline 0 -14"><span class='ocrx_word' id='word_1_618' title='bbox 180 5832 458 5889; x_wconf 87' lang='lat' dir='ltr'><strong>omissum.</strong></span> <span class='ocrx_word' id='word_1_619' title='bbox 494 5829 555 5885; x_wconf 84' lang='lat' dir='ltr'><strong>In</strong></span> <span class='ocrx_word' id='word_1_620' title='bbox 586 5828 871 5899; x_wconf 76' lang='lat' dir='ltr'><strong>Escerptis</strong></span> <span class='ocrx_word' id='word_1_621' title='bbox 898 5843 1014 5899; x_wconf 78' lang='lat' dir='ltr'><strong>qua:</strong></span> <span class='ocrx_word' id='word_1_622' title='bbox 1042 5828 1379 5900; x_wconf 88' lang='lat' dir='ltr'><strong>Heremperti</strong></span> <span class='ocrx_word' id='word_1_623' title='bbox 1406 5830 1625 5886; x_wconf 81' lang='lat' dir='ltr'><strong>potuine</strong></span> <span class='ocrx_word' id='word_1_624' title='bbox 1652 5830 1742 5886; x_wconf 86' lang='lat' dir='ltr'><strong>ba-</strong></span> 
     </span>
    </p>
   </div>
   <div class='ocr_carea' id='block_1_90' title="bbox 1851 3252 3423 3322">
    <p class='ocr_par' dir='ltr' id='par_1_90' title="bbox 1851 3252 3423 3322">
     <span class='ocr_line' id='line_1_90' title="bbox 1851 3252 3423 3322; baseline -0.001 -17"><span class='ocrx_word' id='word_1_625' title='bbox 1851 3254 1970 3320; x_wconf 84' lang='lat' dir='ltr'><strong>cjus</strong></span> <span class='ocrx_word' id='word_1_626' title='bbox 2002 3255 2123 3307; x_wconf 80' lang='lat' dir='ltr'><strong>vita:</strong></span> <span class='ocrx_word' id='word_1_627' title='bbox 2161 3254 2311 3307; x_wconf 88' lang='lat' dir='ltr'><strong>boris</strong></span> <span class='ocrx_word' id='word_1_628' title='bbox 2354 3253 2439 3308; x_wconf 91' lang='lat' dir='ltr'><strong>bis</strong></span> <span class='ocrx_word' id='word_1_629' title='bbox 2486 3252 2737 3322; x_wconf 74' lang='lat' dir='ltr'><strong>pra:dixit</strong></span> <span class='ocrx_word' id='word_1_630' title='bbox 2772 3253 2955 3307; x_wconf 89' lang='lat' dir='ltr'><strong>verbis</strong></span> <span class='ocrx_word' id='word_1_631' title='bbox 3008 3270 3024 3308; x_wconf 86' lang='lat'><strong>:</strong></span> <span class='ocrx_word' id='word_1_632' title='bbox 3092 3270 3111 3303; x_wconf 69' lang='grc' dir='ltr'><em>ς</em></span> <span class='ocrx_word' id='word_1_633' title='bbox 3151 3253 3269 3307; x_wconf 81' lang='lat' dir='ltr'><strong>Non</strong></span> <span class='ocrx_word' id='word_1_634' title='bbox 3302 3260 3423 3320; x_wconf 90' lang='lat' dir='ltr'><strong>post</strong></span> 
     </span>
    </p>
   </div>
   <div class='ocr_carea' id='block_1_91' title="bbox 1849 3341 3426 3411">
    <p class='ocr_par' dir='ltr' id='par_1_91' title="bbox 1849 3341 3426 3411">
     <span class='ocr_line' id='line_1_91' title="bbox 1849 3341 3426 3411; baseline 0.001 -17"><span class='ocrx_word' id='word_1_635' title='bbox 1849 3342 2018 3396; x_wconf 89' lang='lat' dir='ltr'><strong>multa</strong></span> <span class='ocrx_word' id='word_1_636' title='bbox 2055 3353 2297 3411; x_wconf 89' lang='lat' dir='ltr'><strong>tempora</strong></span> <span class='ocrx_word' id='word_1_637' title='bbox 2346 3344 2573 3397; x_wconf 88' lang='lat' dir='ltr'><strong>ecclesia</strong></span> <span class='ocrx_word' id='word_1_638' title='bbox 2632 3342 2973 3397; x_wconf 84' lang='lat' dir='ltr'><strong>Salernitana</strong></span> <span class='ocrx_word' id='word_1_639' title='bbox 3038 3343 3247 3397; x_wconf 73' lang='lat' dir='ltr'><strong>(-(elesli</strong></span> <span class='ocrx_word' id='word_1_640' title='bbox 3306 3341 3426 3396; x_wconf 84' lang='lat' dir='ltr'><strong>the-</strong></span> 
     </span>
    </p>
   </div>
   <div class='ocr_carea' id='block_1_92' title="bbox 1848 3436 3424 3505">
    <p class='ocr_par' dir='ltr' id='par_1_92' title="bbox 1848 3436 3424 3505">
     <span class='ocr_line' id='line_1_92' title="bbox 1848 3436 3424 3505; baseline 0 -15"><span class='ocrx_word' id='word_1_641' title='bbox 1848 3452 2009 3490; x_wconf 91' lang='lat' dir='ltr'><strong>sauro</strong></span> <span class='ocrx_word' id='word_1_642' title='bbox 2083 3436 2452 3500; x_wconf 80' lang='lat' dir='ltr'><strong>tlecorabitur,</strong></span> <span class='ocrx_word' id='word_1_643' title='bbox 2517 3444 2679 3505; x_wconf 90' lang='lat' dir='ltr'><strong>atque</strong></span> <span class='ocrx_word' id='word_1_644' title='bbox 2739 3437 2805 3490; x_wconf 88' lang='lat' dir='ltr'><strong>ad</strong></span> <span class='ocrx_word' id='word_1_645' title='bbox 2878 3452 3149 3490; x_wconf 86' lang='lat' dir='ltr'><strong>summum</strong></span> <span class='ocrx_word' id='word_1_646' title='bbox 3205 3437 3424 3490; x_wconf 82' lang='lat' dir='ltr'><strong>honoris</strong></span> 
     </span>
    </p>
   </div>
   <div class='ocr_carea' id='block_1_93' title="bbox 1848 3528 3426 3597">
    <p class='ocr_par' dir='ltr' id='par_1_93' title="bbox 1848 3528 3426 3597">
     <span class='ocr_line' id='line_1_93' title="bbox 1848 3528 3426 3597; baseline 0.001 -16"><span class='ocrx_word' id='word_1_647' title='bbox 1848 3528 2062 3597; x_wconf 85' lang='lat' dir='ltr'><strong>apicem</strong></span> <span class='ocrx_word' id='word_1_648' title='bbox 2096 3529 2351 3584; x_wconf 87' lang='lat' dir='ltr'><strong>ducetur.</strong></span> <span class='ocrx_word' id='word_1_649' title='bbox 2406 3528 2626 3584; x_wconf 86' lang='lat' dir='ltr'><strong>Festum</strong></span> <span class='ocrx_word' id='word_1_650' title='bbox 2687 3546 2817 3583; x_wconf 78' lang='lat' dir='ltr'><strong>vero</strong></span> <span class='ocrx_word' id='word_1_651' title='bbox 2855 3528 3012 3584; x_wconf 73' lang='lat' dir='ltr'><strong>dictae</strong></span> <span class='ocrx_word' id='word_1_652' title='bbox 3054 3529 3426 3585; x_wconf 86' lang='lat' dir='ltr'><strong>translationis</strong></span> 
     </span>
    </p>
   </div>
   <div class='ocr_carea' id='block_1_94' title="bbox 1848 3618 3420 3691">
    <p class='ocr_par' dir='ltr' id='par_1_94' title="bbox 1848 3618 3420 3691">
     <span class='ocr_line' id='line_1_94' title="bbox 1848 3618 3420 3691; baseline 0.002 -19"><span class='ocrx_word' id='word_1_653' title='bbox 1848 3618 2075 3689; x_wconf 88' lang='lat' dir='ltr'><strong>singulis</strong></span> <span class='ocrx_word' id='word_1_654' title='bbox 2105 3621 2411 3689; x_wconf 87' lang='lat' dir='ltr'><strong>quibusque</strong></span> <span class='ocrx_word' id='word_1_655' title='bbox 2455 3622 2618 3675; x_wconf 84' lang='lat' dir='ltr'><strong>annis</strong></span> <span class='ocrx_word' id='word_1_656' title='bbox 2640 3623 2819 3691; x_wconf 89' lang='lat' dir='ltr'><strong>pridie</strong></span> <span class='ocrx_word' id='word_1_657' title='bbox 2851 3619 3034 3675; x_wconf 84' lang='lat' dir='ltr'><strong>Nonas</strong></span> <span class='ocrx_word' id='word_1_658' title='bbox 3065 3622 3186 3676; x_wconf 82' lang='lat' dir='ltr'><strong>Maii</strong></span> <span class='ocrx_word' id='word_1_659' title='bbox 3221 3622 3420 3677; x_wconf 86' lang='lat' dir='ltr'><strong>solem-</strong></span> 
     </span>
    </p>
   </div>
   <div class='ocr_carea' id='block_1_95' title="bbox 1850 3711 3425 3785">
    <p class='ocr_par' dir='ltr' id='par_1_95' title="bbox 1850 3711 3425 3785">
     <span class='ocr_line' id='line_1_95' title="bbox 1850 3711 3425 3785; baseline 0.001 -20"><span class='ocrx_word' id='word_1_660' title='bbox 1850 3713 1991 3767; x_wconf 90' lang='lat' dir='ltr'><strong>niter</strong></span> <span class='ocrx_word' id='word_1_661' title='bbox 2028 3728 2122 3782; x_wconf 90' lang='lat' dir='ltr'><strong>per</strong></span> <span class='ocrx_word' id='word_1_662' title='bbox 2142 3714 2400 3767; x_wconf 88' lang='lat' dir='ltr'><strong>octodies</strong></span> <span class='ocrx_word' id='word_1_663' title='bbox 2428 3711 2672 3785; x_wconf 82' lang='lat' dir='ltr'><strong>hymnis,</strong></span> <span class='ocrx_word' id='word_1_664' title='bbox 2736 3713 2875 3767; x_wconf 85' lang='lat' dir='ltr'><strong>rosis</strong></span> <span class='ocrx_word' id='word_1_665' title='bbox 2916 3722 2971 3767; x_wconf 90' lang='lat' dir='ltr'><strong>et</strong></span> <span class='ocrx_word' id='word_1_666' title='bbox 3005 3711 3254 3778; x_wconf 81' lang='lat' dir='ltr'><strong>ﬁoribus,</strong></span> <span class='ocrx_word' id='word_1_667' title='bbox 3311 3728 3425 3767; x_wconf 85' lang='lat' dir='ltr'><strong>ma-</strong></span> 
     </span>
    </p>
   </div>
   <div class='ocr_carea' id='block_1_96' title="bbox 1852 3804 3425 3875">
    <p class='ocr_par' dir='ltr' id='par_1_96' title="bbox 1852 3804 3425 3875">
     <span class='ocr_line' id='line_1_96' title="bbox 1852 3804 3425 3875; baseline 0.001 -18"><span class='ocrx_word' id='word_1_668' title='bbox 1852 3806 1996 3857; x_wconf 78' lang='lat' dir='ltr'><strong>ximo</strong></span> <span class='ocrx_word' id='word_1_669' title='bbox 2034 3805 2216 3875; x_wconf 90' lang='lat' dir='ltr'><strong>populi</strong></span> <span class='ocrx_word' id='word_1_670' title='bbox 2269 3820 2539 3859; x_wconf 89' lang='lat' dir='ltr'><strong>concursu</strong></span> <span class='ocrx_word' id='word_1_671' title='bbox 2594 3804 2905 3860; x_wconf 85' lang='lat' dir='ltr'><strong>celebratur</strong></span> <span class='ocrx_word' id='word_1_672' title='bbox 2960 3822 2974 3859; x_wconf 88' lang='lat'><strong>:</strong></span> <span class='ocrx_word' id='word_1_673' title='bbox 3026 3806 3425 3874; x_wconf 83' lang='lat' dir='ltr'><strong>universusque</strong></span> 
     </span>
    </p>
   </div>
   <div class='ocr_carea' id='block_1_97' title="bbox 1851 3896 3421 3967">
    <p class='ocr_par' dir='ltr' id='par_1_97' title="bbox 1851 3896 3421 3967">
     <span class='ocr_line' id='line_1_97' title="bbox 1851 3896 3421 3967; baseline 0.001 -18"><span class='ocrx_word' id='word_1_674' title='bbox 1851 3896 2052 3961; x_wconf 87' lang='lat' dir='ltr'><strong>clerus,</strong></span> <span class='ocrx_word' id='word_1_675' title='bbox 2090 3897 2334 3961; x_wconf 88' lang='lat' dir='ltr'><strong>abbates,</strong></span> <span class='ocrx_word' id='word_1_676' title='bbox 2357 3913 2421 3951; x_wconf 84' lang='lat' dir='ltr'><strong>ac</strong></span> <span class='ocrx_word' id='word_1_677' title='bbox 2451 3899 2945 3966; x_wconf 83' lang='lat' dir='ltr'><strong>comprovinciales</strong></span> <span class='ocrx_word' id='word_1_678' title='bbox 2976 3898 3157 3952; x_wconf 85' lang='lat' dir='ltr'><strong>cuncti</strong></span> <span class='ocrx_word' id='word_1_679' title='bbox 3178 3897 3421 3967; x_wconf 87' lang='lat' dir='ltr'><strong>episcopi</strong></span> 
     </span>
    </p>
   </div>
   <div class='ocr_carea' id='block_1_98' title="bbox 1852 3986 3425 4056">
    <p class='ocr_par' dir='ltr' id='par_1_98' title="bbox 1852 3986 3425 4056">
     <span class='ocr_line' id='line_1_98' title="bbox 1852 3986 3425 4056; baseline 0.006 -20"><span class='ocrx_word' id='word_1_680' title='bbox 1852 3986 2041 4055; x_wconf 86' lang='lat' dir='ltr'><strong>primis</strong></span> <span class='ocrx_word' id='word_1_681' title='bbox 2073 3989 2336 4056; x_wconf 88' lang='lat' dir='ltr'><strong>vesperis,</strong></span> <span class='ocrx_word' id='word_1_682' title='bbox 2364 4003 2467 4041; x_wconf 88' lang='lat' dir='ltr'><strong>nec</strong></span> <span class='ocrx_word' id='word_1_683' title='bbox 2505 4002 2614 4040; x_wconf 91' lang='lat' dir='ltr'><strong>non</strong></span> <span class='ocrx_word' id='word_1_684' title='bbox 2661 3987 2836 4042; x_wconf 75' lang='lat' dir='ltr'><strong>missa:</strong></span> <span class='ocrx_word' id='word_1_685' title='bbox 2874 3988 3106 4042; x_wconf 87' lang='lat' dir='ltr'><strong>solemni</strong></span> <span class='ocrx_word' id='word_1_686' title='bbox 3154 3990 3425 4045; x_wconf 82' lang='lat' dir='ltr'><strong>interesse</strong></span> 
     </span>
    </p>
   </div>
   <div class='ocr_carea' id='block_1_99' title="bbox 1852 4078 3426 4152">
    <p class='ocr_par' dir='ltr' id='par_1_99' title="bbox 1852 4078 3426 4152">
     <span class='ocr_line' id='line_1_99' title="bbox 1852 4078 3426 4152; baseline 0.002 -19"><span class='ocrx_word' id='word_1_687' title='bbox 1852 4079 2277 4148; x_wconf 87' lang='lat' dir='ltr'><strong>compelluntur.</strong></span> <span class='ocrx_word' id='word_1_688' title='bbox 2313 4099 2329 4131; x_wconf 79' lang='grc' dir='ltr'><strong>ι</strong></span> <span class='ocrx_word' id='word_1_689' title='bbox 2370 4080 2497 4135; x_wconf 69' lang='lat' dir='ltr'><strong>llaec</strong></span> <span class='ocrx_word' id='word_1_690' title='bbox 2544 4079 2747 4135; x_wconf 78' lang='lat' dir='ltr'><strong>Mazza.</strong></span> <span class='ocrx_word' id='word_1_691' title='bbox 2800 4078 2953 4147; x_wconf 88' lang='lat' dir='ltr'><strong>Quod</strong></span> <span class='ocrx_word' id='word_1_692' title='bbox 2983 4091 3165 4136; x_wconf 89' lang='lat' dir='ltr'><strong>autem</strong></span> <span class='ocrx_word' id='word_1_693' title='bbox 3216 4092 3426 4152; x_wconf 84' lang='lat' dir='ltr'><strong>spectat</strong></span> 
     </span>
    </p>
   </div>
   <div class='ocr_carea' id='block_1_100' title="bbox 1853 4174 3424 4248">
    <p class='ocr_par' dir='ltr' id='par_1_100' title="bbox 1853 4174 3424 4248">
     <span class='ocr_line' id='line_1_100' title="bbox 1853 4174 3424 4248; baseline -0.002 -17"><span class='ocrx_word' id='word_1_694' title='bbox 1853 4176 1919 4231; x_wconf 88' lang='lat' dir='ltr'><strong>ad</strong></span> <span class='ocrx_word' id='word_1_695' title='bbox 1978 4174 2387 4248; x_wconf 69' lang='lat' dir='ltr'><strong>priedictiouem</strong></span> <span class='ocrx_word' id='word_1_696' title='bbox 2441 4174 2615 4227; x_wconf 87' lang='lat' dir='ltr'><strong>sancti</strong></span> <span class='ocrx_word' id='word_1_697' title='bbox 2684 4176 3029 4236; x_wconf 81' lang='lat' dir='ltr'><strong>Crammatii,</strong></span> <span class='ocrx_word' id='word_1_698' title='bbox 3096 4189 3213 4228; x_wconf 89' lang='lat' dir='ltr'><strong>eam</strong></span> <span class='ocrx_word' id='word_1_699' title='bbox 3260 4175 3424 4228; x_wconf 85' lang='lat' dir='ltr'><strong>etiam</strong></span> 
     </span>
    </p>
   </div>
   <div class='ocr_carea' id='block_1_101' title="bbox 1854 4264 3424 4337">
    <p class='ocr_par' dir='ltr' id='par_1_101' title="bbox 1854 4264 3424 4337">
     <span class='ocr_line' id='line_1_101' title="bbox 1854 4264 3424 4337; baseline -0.001 -14"><span class='ocrx_word' id='word_1_700' title='bbox 1854 4268 2017 4324; x_wconf 75' lang='lat' dir='ltr'><strong>refert</strong></span> <span class='ocrx_word' id='word_1_701' title='bbox 2060 4266 2338 4337; x_wconf 79' lang='lat' dir='ltr'><strong>Ughellus,</strong></span> <span class='ocrx_word' id='word_1_702' title='bbox 2385 4265 2869 4333; x_wconf 78' lang='lat' dir='ltr'><strong>inArchiepiscopis</strong></span> <span class='ocrx_word' id='word_1_703' title='bbox 2907 4264 3283 4329; x_wconf 79' lang='lat' dir='ltr'><strong>Salernitanis,</strong></span> <span class='ocrx_word' id='word_1_704' title='bbox 3310 4268 3424 4322; x_wconf 67' lang='lat' dir='ltr'><strong>sive</strong></span> 
     </span>
    </p>
   </div>
   <div class='ocr_carea' id='block_1_102' title="bbox 1855 4356 3422 4427">
    <p class='ocr_par' dir='ltr' id='par_1_102' title="bbox 1855 4356 3422 4427">
     <span class='ocr_line' id='line_1_102' title="bbox 1855 4356 3422 4427; baseline -0.003 -12"><span class='ocrx_word' id='word_1_705' title='bbox 1855 4372 1985 4415; x_wconf 90' lang='lat' dir='ltr'><strong>tom.</strong></span> <span class='ocrx_word' id='word_1_706' title='bbox 2013 4358 2119 4421; x_wconf 73' lang='lat' dir='ltr'><strong>\‘ll,</strong></span> <span class='ocrx_word' id='word_1_707' title='bbox 2148 4358 2251 4413; x_wconf 90' lang='lat' dir='ltr'><strong>col.</strong></span> <span class='ocrx_word' id='word_1_708' title='bbox 2283 4356 2388 4411; x_wconf 68' lang='lat'><strong>532</strong></span> <span class='ocrx_word' id='word_1_709' title='bbox 2412 4357 2464 4412; x_wconf 88' lang='lat' dir='ltr'><strong>in</strong></span> <span class='ocrx_word' id='word_1_710' title='bbox 2499 4368 2686 4411; x_wconf 87' lang='lat' dir='ltr'><strong>sancto</strong></span> <span class='ocrx_word' id='word_1_711' title='bbox 2722 4357 3074 4417; x_wconf 78' lang='lat' dir='ltr'><strong>Grammatio,</strong></span> <span class='ocrx_word' id='word_1_712' title='bbox 3110 4358 3201 4427; x_wconf 92' lang='lat' dir='ltr'><strong>qui</strong></span> <span class='ocrx_word' id='word_1_713' title='bbox 3223 4357 3422 4411; x_wconf 86' lang='lat' dir='ltr'><strong>ibidem</strong></span> 
     </span>
    </p>
   </div>
   <div class='ocr_carea' id='block_1_103' title="bbox 1854 4447 3423 4516">
    <p class='ocr_par' dir='ltr' id='par_1_103' title="bbox 1854 4447 3423 4516">
     <span class='ocr_line' id='line_1_103' title="bbox 1854 4447 3423 4516; baseline -0.001 -11"><span class='ocrx_word' id='word_1_714' title='bbox 1854 4452 2053 4507; x_wconf 86' lang='lat' dir='ltr'><strong>dicitur</strong></span> <span class='ocrx_word' id='word_1_715' title='bbox 2079 4452 2289 4505; x_wconf 85' lang='lat' dir='ltr'><strong>colidie</strong></span> <span class='ocrx_word' id='word_1_716' title='bbox 2318 4450 2369 4502; x_wconf 86' lang='lat' dir='ltr'><strong>ll</strong></span> <span class='ocrx_word' id='word_1_717' title='bbox 2410 4448 2700 4511; x_wconf 81' lang='lat' dir='ltr'><strong>Octobris;</strong></span> <span class='ocrx_word' id='word_1_718' title='bbox 2738 4449 2802 4499; x_wconf 88' lang='lat' dir='ltr'><strong>ad</strong></span> <span class='ocrx_word' id='word_1_719' title='bbox 2872 4464 3032 4516; x_wconf 79' lang='lat' dir='ltr'><strong>quem</strong></span> <span class='ocrx_word' id='word_1_720' title='bbox 3070 4447 3213 4501; x_wconf 87' lang='lat' dir='ltr'><strong>diem</strong></span> <span class='ocrx_word' id='word_1_721' title='bbox 3265 4449 3423 4503; x_wconf 83' lang='lat' dir='ltr'><strong>latius</strong></span> 
     </span>
    </p>
   </div>
   <div class='ocr_carea' id='block_1_104' title="bbox 1779 4538 3424 4612">
    <p class='ocr_par' dir='ltr' id='par_1_104' title="bbox 1779 4538 3424 4612">
     <span class='ocr_line' id='line_1_104' title="bbox 1779 4538 3424 4612; baseline -0.002 -14"><span class='ocrx_word' id='word_1_722' title='bbox 1779 4552 1821 4607; x_wconf 76' lang='grc' dir='ltr'>υ</span> <span class='ocrx_word' id='word_1_723' title='bbox 1852 4542 1993 4612; x_wconf 88' lang='lat' dir='ltr'><strong>apud</strong></span> <span class='ocrx_word' id='word_1_724' title='bbox 2038 4558 2142 4596; x_wconf 90' lang='lat' dir='ltr'><strong>nos</strong></span> <span class='ocrx_word' id='word_1_725' title='bbox 2173 4540 2473 4595; x_wconf 79' lang='lat' dir='ltr'><strong>examinari</strong></span> <span class='ocrx_word' id='word_1_726' title='bbox 2505 4538 2728 4607; x_wconf 87' lang='lat' dir='ltr'><strong>poterit.</strong></span> <span class='ocrx_word' id='word_1_727' title='bbox 2787 4538 2859 4591; x_wconf 91' lang='lat' dir='ltr'><strong>De</strong></span> <span class='ocrx_word' id='word_1_728' title='bbox 2911 4539 3133 4608; x_wconf 90' lang='lat' dir='ltr'><strong>reliquis</strong></span> <span class='ocrx_word' id='word_1_729' title='bbox 3172 4540 3424 4594; x_wconf 88' lang='lat' dir='ltr'><strong>similiter</strong></span> 
     </span>
    </p>
   </div>
   <div class='ocr_carea' id='block_1_105' title="bbox 1857 4628 3417 4698">
    <p class='ocr_par' dir='ltr' id='par_1_105' title="bbox 1857 4628 3417 4698">
     <span class='ocr_line' id='line_1_105' title="bbox 1857 4628 3417 4698; baseline -0.003 -10"><span class='ocrx_word' id='word_1_730' title='bbox 1857 4635 2049 4689; x_wconf 72' lang='lat' dir='ltr'><strong>Masz</strong></span> <span class='ocrx_word' id='word_1_731' title='bbox 2074 4634 2371 4687; x_wconf 81' lang='lat' dir='ltr'><strong>assentitur</strong></span> <span class='ocrx_word' id='word_1_732' title='bbox 2406 4628 2670 4698; x_wconf 78' lang='lat' dir='ltr'><strong>Ugliellus</strong></span> <span class='ocrx_word' id='word_1_733' title='bbox 2698 4629 2751 4683; x_wconf 91' lang='lat' dir='ltr'><strong>in</strong></span> <span class='ocrx_word' id='word_1_734' title='bbox 2780 4630 3060 4685; x_wconf 84' lang='lat' dir='ltr'><strong>Bernarth</strong></span> <span class='ocrx_word' id='word_1_735' title='bbox 3096 4629 3159 4695; x_wconf 91' lang='lat' dir='ltr'><strong>ll,</strong></span> <span class='ocrx_word' id='word_1_736' title='bbox 3184 4632 3417 4691; x_wconf 75' lang='lat' dir='ltr'><strong>col.562.</strong></span> 
     </span>
    </p>
   </div>
   <div class='ocr_carea' id='block_1_106' title="bbox 1855 4721 3423 4792">
    <p class='ocr_par' dir='ltr' id='par_1_106' title="bbox 1855 4721 3423 4792">
     <span class='ocr_line' id='line_1_106' title="bbox 1855 4721 3423 4792; baseline -0.003 -13"><span class='ocrx_word' id='word_1_737' title='bbox 1855 4726 2110 4792; x_wconf 86' lang='lat' dir='ltr'><strong>additque</strong></span> <span class='ocrx_word' id='word_1_738' title='bbox 2141 4737 2341 4791; x_wconf 90' lang='lat' dir='ltr'><strong>corpus</strong></span> <span class='ocrx_word' id='word_1_739' title='bbox 2383 4721 2623 4776; x_wconf 88' lang='lat' dir='ltr'><strong>delatum</strong></span> <span class='ocrx_word' id='word_1_740' title='bbox 2658 4737 2777 4776; x_wconf 83' lang='lat' dir='ltr'><strong>esse</strong></span> <span class='ocrx_word' id='word_1_741' title='bbox 2814 4723 2866 4775; x_wconf 90' lang='lat' dir='ltr'><strong>in</strong></span> <span class='ocrx_word' id='word_1_742' title='bbox 2897 4721 3188 4776; x_wconf 89' lang='lat' dir='ltr'><strong>ecclesiam</strong></span> <span class='ocrx_word' id='word_1_743' title='bbox 3249 4724 3423 4792; x_wconf 87' lang='lat' dir='ltr'><strong>majo-</strong></span> 
     </span>
    </p>
   </div>
   <div class='ocr_carea' id='block_1_107' title="bbox 1854 4811 3421 4882">
    <p class='ocr_par' dir='ltr' id='par_1_107' title="bbox 1854 4811 3421 4882">
     <span class='ocr_line' id='line_1_107' title="bbox 1854 4811 3421 4882; baseline -0.002 -12"><span class='ocrx_word' id='word_1_744' title='bbox 1854 4832 1966 4870; x_wconf 79' lang='lat' dir='ltr'><strong>rem</strong></span> <span class='ocrx_word' id='word_1_745' title='bbox 2009 4826 2211 4871; x_wconf 76' lang='lat' dir='ltr'><strong>sancta:</strong></span> <span class='ocrx_word' id='word_1_746' title='bbox 2240 4814 2439 4868; x_wconf 77' lang='lat' dir='ltr'><strong>Mariae.</strong></span> <span class='ocrx_word' id='word_1_747' title='bbox 2500 4813 2705 4882; x_wconf 80' lang='lat' dir='ltr'><strong>Gaspar</strong></span> <span class='ocrx_word' id='word_1_748' title='bbox 2752 4811 2930 4866; x_wconf 80' lang='lat' dir='ltr'><strong>Musca</strong></span> <span class='ocrx_word' id='word_1_749' title='bbox 2974 4811 3029 4865; x_wconf 90' lang='lat' dir='ltr'><strong>in</strong></span> <span class='ocrx_word' id='word_1_750' title='bbox 3079 4811 3421 4881; x_wconf 82' lang='lat' dir='ltr'><strong>Compendio</strong></span> 
     </span>
    </p>
   </div>
   <div class='ocr_carea' id='block_1_108' title="bbox 1855 4906 3415 4966">
    <p class='ocr_par' dir='ltr' id='par_1_108' title="bbox 1855 4906 3415 4966">
     <span class='ocr_line' id='line_1_108' title="bbox 1855 4906 3415 4966; baseline -0.002 -2"><span class='ocrx_word' id='word_1_751' title='bbox 1855 4911 1989 4965; x_wconf 81' lang='lat' dir='ltr'><strong>Vit-.e</strong></span> <span class='ocrx_word' id='word_1_752' title='bbox 2020 4911 2191 4966; x_wconf 84' lang='lat' dir='ltr'><strong>sancti</strong></span> <span class='ocrx_word' id='word_1_753' title='bbox 2237 4908 2475 4963; x_wconf 63' lang='lat' dir='ltr'><strong>Mattltati</strong></span> <span class='ocrx_word' id='word_1_754' title='bbox 2508 4908 2572 4961; x_wconf 86' lang='lat' dir='ltr'><strong>de</strong></span> <span class='ocrx_word' id='word_1_755' title='bbox 2618 4907 2701 4960; x_wconf 89' lang='lat' dir='ltr'><strong>bis</strong></span> <span class='ocrx_word' id='word_1_756' title='bbox 2734 4906 2808 4958; x_wconf 89' lang='lat' dir='ltr'><strong>ait</strong></span> <span class='ocrx_word' id='word_1_757' title='bbox 2849 4924 2863 4960; x_wconf 86' lang='lat'><strong>;</strong></span> <span class='ocrx_word' id='word_1_758' title='bbox 2898 4925 2916 4958; x_wconf 78' lang='grc' dir='ltr'>ι</span> <span class='ocrx_word' id='word_1_759' title='bbox 2964 4906 3124 4961; x_wconf 75' lang='lat' dir='ltr'><strong>Anno</strong></span> <span class='ocrx_word' id='word_1_760' title='bbox 3162 4922 3287 4961; x_wconf 87' lang='lat' dir='ltr'><strong>vero</strong></span> <span class='ocrx_word' id='word_1_761' title='bbox 3318 4907 3415 4961; x_wconf 61' lang='lat'><strong>95‘</strong></span> 
     </span>
    </p>
   </div>
   <div class='ocr_carea' id='block_1_109' title="bbox 1856 4996 3424 5072">
    <p class='ocr_par' dir='ltr' id='par_1_109' title="bbox 1856 4996 3424 5072">
     <span class='ocr_line' id='line_1_109' title="bbox 1856 4996 3424 5072; baseline -0.003 -16"><span class='ocrx_word' id='word_1_762' title='bbox 1856 5004 1957 5056; x_wconf 86' lang='lat' dir='ltr'><strong>sub</strong></span> <span class='ocrx_word' id='word_1_763' title='bbox 1992 5002 2214 5072; x_wconf 77' lang='lat' dir='ltr'><strong>Agapito</strong></span> <span class='ocrx_word' id='word_1_764' title='bbox 2250 4999 2489 5054; x_wconf 85' lang='lat' dir='ltr'><strong>secundo</strong></span> <span class='ocrx_word' id='word_1_765' title='bbox 2517 5003 2723 5067; x_wconf 57' lang='lat' dir='ltr'><strong>tpapa),</strong></span> <span class='ocrx_word' id='word_1_766' title='bbox 2783 4996 3096 5052; x_wconf 82' lang='lat' dir='ltr'><strong>Bernardus</strong></span> <span class='ocrx_word' id='word_1_767' title='bbox 3148 5001 3424 5052; x_wconf 84' lang='lat' dir='ltr'><strong>secundus</strong></span> 
     </span>
    </p>
   </div>
   <div class='ocr_carea' id='block_1_110' title="bbox 1857 5089 3423 5165">
    <p class='ocr_par' dir='ltr' id='par_1_110' title="bbox 1857 5089 3423 5165">
     <span class='ocr_line' id='line_1_110' title="bbox 1857 5089 3423 5165; baseline -0.004 -16"><span class='ocrx_word' id='word_1_768' title='bbox 1857 5096 2019 5165; x_wconf 75' lang='lat' dir='ltr'><strong>huius</strong></span> <span class='ocrx_word' id='word_1_769' title='bbox 2052 5092 2288 5148; x_wconf 85' lang='lat' dir='ltr'><strong>nominis</strong></span> <span class='ocrx_word' id='word_1_770' title='bbox 2320 5091 2627 5160; x_wconf 77' lang='lat' dir='ltr'><strong>episcopus,</strong></span> <span class='ocrx_word' id='word_1_771' title='bbox 2677 5106 2738 5143; x_wconf 89' lang='lat' dir='ltr'><strong>ac</strong></span> <span class='ocrx_word' id='word_1_772' title='bbox 2801 5089 3098 5159; x_wconf 79' lang='lat' dir='ltr'><strong>Cisulpltus</strong></span> <span class='ocrx_word' id='word_1_773' title='bbox 3166 5090 3423 5158; x_wconf 87' lang='lat' dir='ltr'><strong>princeps</strong></span> 
     </span>
    </p>
   </div>
   <div class='ocr_carea' id='block_1_111' title="bbox 1856 5179 3417 5250">
    <p class='ocr_par' dir='ltr' id='par_1_111' title="bbox 1856 5179 3417 5250">
     <span class='ocr_line' id='line_1_111' title="bbox 1856 5179 3417 5250; baseline -0.004 -10"><span class='ocrx_word' id='word_1_774' title='bbox 1856 5186 2323 5240; x_wconf 87' lang='lat' dir='ltr'><strong>Salernitanorum</strong></span> <span class='ocrx_word' id='word_1_775' title='bbox 2358 5182 2442 5237; x_wconf 89' lang='lat' dir='ltr'><strong>die</strong></span> <span class='ocrx_word' id='word_1_776' title='bbox 2473 5191 2624 5236; x_wconf 71' lang='lat' dir='ltr'><strong>sexta</strong></span> <span class='ocrx_word' id='word_1_777' title='bbox 2651 5179 2799 5244; x_wconf 74' lang='lat' dir='ltr'><strong>Maii,</strong></span> <span class='ocrx_word' id='word_1_778' title='bbox 2829 5195 3035 5250; x_wconf 87' lang='lat' dir='ltr'><strong>corpus</strong></span> <span class='ocrx_word' id='word_1_779' title='bbox 3090 5181 3325 5249; x_wconf 88' lang='lat' dir='ltr'><strong>apostoli</strong></span> <span class='ocrx_word' id='word_1_780' title='bbox 3353 5198 3417 5236; x_wconf 75' lang='lat' dir='ltr'><strong>ex</strong></span> 
     </span>
    </p>
   </div>
   <div class='ocr_carea' id='block_1_112' title="bbox 1857 5268 3420 5333">
    <p class='ocr_par' dir='ltr' id='par_1_112' title="bbox 1857 5268 3420 5333">
     <span class='ocr_line' id='line_1_112' title="bbox 1857 5268 3420 5333; baseline -0.005 0"><span class='ocrx_word' id='word_1_781' title='bbox 1857 5281 2101 5333; x_wconf 66' lang='lat' dir='ltr'><strong>Pmstana</strong></span> <span class='ocrx_word' id='word_1_782' title='bbox 2142 5274 2364 5328; x_wconf 85' lang='lat' dir='ltr'><strong>civitate</strong></span> <span class='ocrx_word' id='word_1_783' title='bbox 2410 5270 2721 5333; x_wconf 83' lang='lat' dir='ltr'><strong>Salernum,</strong></span> <span class='ocrx_word' id='word_1_784' title='bbox 2756 5270 2809 5324; x_wconf 89' lang='lat' dir='ltr'><strong>in</strong></span> <span class='ocrx_word' id='word_1_785' title='bbox 2839 5268 3206 5323; x_wconf 82' lang='lat' dir='ltr'><strong>catlicdralem</strong></span> <span class='ocrx_word' id='word_1_786' title='bbox 3246 5270 3420 5326; x_wconf 45' lang='lat' dir='ltr'><strong>ecclc‘</strong></span> 
     </span>
    </p>
   </div>
   <div class='ocr_carea' id='block_1_113' title="bbox 1856 5359 3418 5429">
    <p class='ocr_par' dir='ltr' id='par_1_113' title="bbox 1856 5359 3418 5429">
     <span class='ocr_line' id='line_1_113' title="bbox 1856 5359 3418 5429; baseline -0.008 -4"><span class='ocrx_word' id='word_1_787' title='bbox 1856 5372 1991 5426; x_wconf 89' lang='lat' dir='ltr'><strong>siam</strong></span> <span class='ocrx_word' id='word_1_788' title='bbox 2041 5366 2142 5421; x_wconf 91' lang='lat' dir='ltr'><strong>sub</strong></span> <span class='ocrx_word' id='word_1_789' title='bbox 2205 5364 2467 5419; x_wconf 80' lang='lat' dir='ltr'><strong>vocabulo</strong></span> <span class='ocrx_word' id='word_1_790' title='bbox 2550 5363 2764 5416; x_wconf 75' lang='lat' dir='ltr'><strong>Sancta:</strong></span> <span class='ocrx_word' id='word_1_791' title='bbox 2832 5359 3009 5413; x_wconf 74' lang='lat' dir='ltr'><strong>Maria:</strong></span> <span class='ocrx_word' id='word_1_792' title='bbox 3090 5361 3418 5429; x_wconf 85' lang='lat' dir='ltr'><strong>Angelorum</strong></span> 
     </span>
    </p>
   </div>
   <div class='ocr_carea' id='block_1_114' title="bbox 1860 5451 3413 5523">
    <p class='ocr_par' dir='ltr' id='par_1_114' title="bbox 1860 5451 3413 5523">
     <span class='ocr_line' id='line_1_114' title="bbox 1860 5451 3413 5523; baseline -0.011 -7"><span class='ocrx_word' id='word_1_793' title='bbox 1860 5458 2141 5517; x_wconf 76' lang='lat' dir='ltr'><strong>transferri</strong></span> <span class='ocrx_word' id='word_1_794' title='bbox 2175 5466 2459 5521; x_wconf 86' lang='lat' dir='ltr'><strong>curarunt,</strong></span> <span class='ocrx_word' id='word_1_795' title='bbox 2487 5455 2541 5507; x_wconf 92' lang='lat' dir='ltr'><strong>in</strong></span> <span class='ocrx_word' id='word_1_796' title='bbox 2574 5471 2679 5523; x_wconf 87' lang='lat' dir='ltr'><strong>qua</strong></span> <span class='ocrx_word' id='word_1_797' title='bbox 2711 5452 2979 5520; x_wconf 76' lang='lat' dir='ltr'><strong>requievit</strong></span> <span class='ocrx_word' id='word_1_798' title='bbox 3034 5468 3205 5506; x_wconf 78' lang='lat' dir='ltr'><strong>attuos</strong></span> <span class='ocrx_word' id='word_1_799' title='bbox 3238 5451 3355 5503; x_wconf 74' lang='lat' dir='ltr'><strong>l‘2l.</strong></span> <span class='ocrx_word' id='word_1_800' title='bbox 3399 5471 3413 5491; x_wconf 82' lang='grc' dir='ltr'>ι</span> 
     </span>
    </p>
   </div>
   <div class='ocr_carea' id='block_1_115' title="bbox 1854 5542 3417 5617">
    <p class='ocr_par' dir='ltr' id='par_1_115' title="bbox 1854 5542 3417 5617">
     <span class='ocr_line' id='line_1_115' title="bbox 1854 5542 3417 5617; baseline -0.008 -8"><span class='ocrx_word' id='word_1_801' title='bbox 1854 5556 1933 5609; x_wconf 87' lang='lat' dir='ltr'><strong>De</strong></span> <span class='ocrx_word' id='word_1_802' title='bbox 1977 5555 2074 5609; x_wconf 89' lang='lat' dir='ltr'><strong>hac</strong></span> <span class='ocrx_word' id='word_1_803' title='bbox 2126 5548 2479 5603; x_wconf 87' lang='lat' dir='ltr'><strong>translatione</strong></span> <span class='ocrx_word' id='word_1_804' title='bbox 2516 5549 2699 5617; x_wconf 76' lang='lat' dir='ltr'><strong>itaque</strong></span> <span class='ocrx_word' id='word_1_805' title='bbox 2756 5562 2864 5601; x_wconf 87' lang='lat' dir='ltr'><strong>non</strong></span> <span class='ocrx_word' id='word_1_806' title='bbox 2916 5544 3130 5600; x_wconf 82' lang='lat' dir='ltr'><strong>videtur</strong></span> <span class='ocrx_word' id='word_1_807' title='bbox 3162 5542 3417 5597; x_wconf 81' lang='lat' dir='ltr'><strong>dubitan-</strong></span> 
     </span>
    </p>
   </div>
   <div class='ocr_carea' id='block_1_116' title="bbox 1855 5648 2003 5703">
    <p class='ocr_par' dir='ltr' id='par_1_116' title="bbox 1855 5648 2003 5703">
     <span class='ocr_line' id='line_1_116' title="bbox 1855 5648 2003 5703; baseline -0.027 0"><span class='ocrx_word' id='word_1_808' title='bbox 1855 5648 2003 5703; x_wconf 85' lang='lat' dir='ltr'><strong>dum.</strong></span> 
     </span>
    </p>
   </div>
   <div class='ocr_carea' id='block_1_117' title="bbox 1927 5726 3418 5790">
    <p class='ocr_par' dir='ltr' id='par_1_117' title="bbox 1927 5726 3418 5790">
     <span class='ocr_line' id='line_1_117' title="bbox 1927 5726 3418 5790; baseline -0.007 -1"><span class='ocrx_word' id='word_1_809' title='bbox 1927 5738 2016 5789; x_wconf 81' lang='lat' dir='ltr'><strong>G7.</strong></span> <span class='ocrx_word' id='word_1_810' title='bbox 2054 5738 2301 5789; x_wconf 72' lang='lat' dir='ltr'><strong>Attamen</strong></span> <span class='ocrx_word' id='word_1_811' title='bbox 2351 5734 2454 5787; x_wconf 89' lang='lat' dir='ltr'><strong>alia</strong></span> <span class='ocrx_word' id='word_1_812' title='bbox 2500 5731 2761 5785; x_wconf 88' lang='lat' dir='ltr'><strong>nonnulla</strong></span> <span class='ocrx_word' id='word_1_813' title='bbox 2786 5732 3011 5783; x_wconf 85' lang='lat' dir='ltr'><strong>veniunt</strong></span> <span class='ocrx_word' id='word_1_814' title='bbox 3037 5726 3418 5790; x_wconf 75' lang='lat' dir='ltr'><strong>examinanda,</strong></span> 
     </span>
    </p>
   </div>
   <div class='ocr_carea' id='block_1_118' title="bbox 1858 5817 3419 5899">
    <p class='ocr_par' dir='ltr' id='par_1_118' title="bbox 1858 5817 3419 5899">
     <span class='ocr_line' id='line_1_118' title="bbox 1858 5817 3419 5899; baseline -0.006 -18"><span class='ocrx_word' id='word_1_815' title='bbox 1858 5846 1974 5899; x_wconf 65' lang='lat' dir='ltr'><strong>qtlil‘</strong></span> <span class='ocrx_word' id='word_1_816' title='bbox 2016 5832 2067 5883; x_wconf 92' lang='lat' dir='ltr'><strong>in</strong></span> <span class='ocrx_word' id='word_1_817' title='bbox 2109 5826 2353 5897; x_wconf 87' lang='lat' dir='ltr'><strong>corporis</strong></span> <span class='ocrx_word' id='word_1_818' title='bbox 2420 5823 2741 5879; x_wconf 84' lang='lat' dir='ltr'><strong>inventione</strong></span> <span class='ocrx_word' id='word_1_819' title='bbox 2774 5832 2833 5878; x_wconf 84' lang='lat' dir='ltr'><strong>er</strong></span> <span class='ocrx_word' id='word_1_820' title='bbox 2860 5830 2982 5875; x_wconf 78' lang='lat' dir='ltr'><strong>ante</strong></span> <span class='ocrx_word' id='word_1_821' title='bbox 3007 5817 3419 5872; x_wconf 80' lang='lat' dir='ltr'><strong>rranslarionam</strong></span> 
     </span>
    </p>
   </div>
  </div>
