3956 6440
518 383 613 445 791

1775 384 2057 444 MENSIS
2095 383 2563 444 SEPTEMBER.

3672 382 3781 444 792

519 499 927 555 Salernitanam
959 513 1143 556 narrat
1175 503 1467 565 Marsilius,
1500 513 1554 558 et
1581 504 1817 558 breviter
1846 504 2165 558 laudatusA
2200 500 2433 566 aliquot,
2470 502 2673 569 quibus
2724 502 2863 554 facta
2922 503 2973 553 in
3034 518 3135 553 ms.
3196 502 3361 553 relata
3422 500 3598 569 magis
3644 500 3782 553 fiunt

517 594 697 648 Musca
725 596 1043 663 perstringit
1094 598 1176 651 his
1201 598 1378 651 verbis
1416 615 1427 649 :
1467 617 1484 648 ι
1529 598 1648 663 Quo
1678 607 1923 666 tempore
1958 597 2087 649 hea-

2192 592 2593 661 improbabilia,
2617 602 2672 645 et
2696 595 2891 663 magis,
2913 606 3072 663 quam
3104 607 3328 647 necesse
3346 602 3430 645 est
3484 603 3781 646 accusatur

517 684 762 739 tissimus
809 686 1086 755 apostolus
1126 686 1351 758 Pelagia?
1383 690 1600 744 cuidam
1642 688 1860 743 moniali
1894 688 2087 745 vetula
2191 686 2553 738 Athanasius.

518 777 572 830 in
621 780 833 831 somnis
905 793 1101 848 corpus
1151 794 1310 833 suum
1376 780 1765 842 manifestans,
1807 781 1922 848 ipsa
1981 780 2090 833 [ilio

516 870 811 923 Athanasio
839 872 1129 935 monacho,
1162 872 1256 941 qui
1284 874 1333 924 in
1359 873 1516 926 altari
1563 874 1797 941 quodam
1824 888 1854 926 a
1899 873 2092 928 barba-

520 964 594 1015 ris
616 963 817 1025 diruto,
837 973 888 1017 et
907 965 1163 1032 vepribus
1186 966 1547 1035 undequaque
1580 977 1850 1031 contecto,
1873 981 2089 1021 sacrum

520 1070 726 1120 corpus
783 1055 1085 1123 reperiens,
1137 1056 1337 1111 exinde
1390 1057 1456 1111 ad
1524 1073 1745 1127 parvam
1804 1057 2092 1112 ecclesiam

524 1158 696 1213 prope
730 1145 1034 1200 Paestanam
1065 1147 1344 1203 civitatem
1375 1150 1596 1205 locavit.
1624 1150 1763 1204 l-linc
1782 1165 1908 1205 vero
1926 1149 2090 1204 Joan-

522 1251 621 1289 nes
649 1234 928 1291 Ptestanus
954 1238 1241 1309 episcopus
1280 1241 1346 1295 ad
1410 1240 1781 1295 cathedralem
1833 1241 2094 1294 vocabulo

520 1326 735 1383 Sanctae
777 1329 955 1384 Mariae
1005 1332 1205 1385 eximia
1262 1349 1459 1403 pompa
1517 1334 1843 1403 deportavit.
1887 1352 1904 1383 ι
1955 1333 2093 1385 Mar-

526 1420 684 1474 silius
738 1437 859 1491 cap.
909 1422 940 1475 7
985 1439 1092 1477 una
1125 1440 1251 1478 cum
1295 1426 1561 1480 relatione
1606 1443 1711 1481 ms.
1757 1427 1942 1487 habet.
1995 1425 2093 1480 Pe-

523 1512 682 1581 lagia:
707 1514 1031 1583 apparuisse
1056 1524 1305 1570 sanctum
1341 1516 1654 1571 Matina-um
1692 1518 1873 1570 tribus
1904 1534 2097 1569 conse-

522 1613 758 1672 quenter
836 1606 1115 1669 noctibus,
1168 1607 1330 1677 eique
1393 1610 1541 1663 varia
1601 1610 1874 1663 indicasse
1924 1611 2096 1680 signa,

524 1697 726 1767 quibus
745 1713 961 1754 sacrum
983 1716 1185 1770 corpus
1218 1703 1573 1771 reperiretur,
1599 1704 1938 1773 jussisseque
1982 1720 2098 1755 om-

2263 797 2350 850 69.
2400 795 2579 863 Quare
2650 798 2749 851 ista
2794 812 3007 865 quoque
3072 814 3135 851 ex
3176 813 3276 849 ms.
3321 798 3427 849 huc
3483 795 3719 848 traduco
3768 812 3781 847 :

2199 906 2215 936 ι
2260 888 2469 939 Interea
2501 887 2634 939 clam
2669 886 3076 939 sanctissimum
3127 900 3331 953 corpus
3380 885 3784 937 ConSIantEno-

2195 979 2385 1047 polcos
2418 978 2634 1031 deferre
2664 977 3033 1032 meditabatur
3065 978 3130 1030 ad
3160 978 3375 1035 urbem.
3412 992 3611 1029 revera
3675 990 3781 1027 non

2197 1067 2474 1137 religionis
2542 1069 2740 1139 gratia,
2799 1067 2893 1121 sed
2956 1067 3091 1119 lucri
3167 1066 3469 1136 cupiditate
3541 1065 3781 1118 illectus.

2198 1157 2490 1227 lgnorante
2528 1158 2708 1226 itaque
2745 1167 2945 1219 matre,
3004 1157 3203 1210 tollens
3245 1156 3480 1223 apostoli
3551 1168 3780 1223 corpus,

2197 1249 2542 1317 Amalphiam
2610 1248 2761 1301 adire
2796 1247 3047 1311 tentavit,
3098 1264 3325 1317 sperans
3354 1263 3412 1301 se
3448 1244 3522 1300 ibi
3563 1245 3781 1315 aliquod

2202 1343 2555 1394 inventurum
2590 1353 2713 1392 esse
2743 1340 3046 1408 navigium,
3095 1354 3205 1406 quo
3238 1338 3781 1404 Constantinopolim

2201 1442 2541 1503 properaret.
2602 1430 2849 1499 Cumque
2903 1429 3134 1483 festinus
3180 1430 3423 1483 lembum
3498 1430 3781 1487 intrasset,

2201 1525 2323 1579 velo
2370 1538 2633 1593 remoque
2691 1524 2995 1578 nitentibus
3033 1523 3235 1581 nautis.
3291 1523 3358 1576 ad
3414 1523 3625 1585 locum,
3679 1538 3784 1591 quo

2202 1615 2570 1685 disposuerat,
2604 1615 2779 1684 pergit
2836 1616 2932 1667 ire.
2982 1614 3086 1672 Sed
3130 1622 3189 1666 ut
3228 1613 3378 1665 navis
3424 1612 3710 1681 paululum
3758 1626 3785 1663 a

2203 1716 2348 1761 terra
2388 1707 2755 1767 discessisset,
2793 1715 2960 1759 ruunt
3009 1704 3222 1774 agmina
3257 1713 3567 1765 ventorum,
3603 1700 3785 1771 pluvia

528 1790 621 1844 nia
662 1806 781 1845 eam
810 1792 1051 1847 iudicare
1072 1796 1370 1850 Athanasio
1393 1796 1523 1860 ﬁlio,
1557 1810 1613 1852 et
1641 1812 1763 1850 cum
1798 1812 1863 1851 eo
1893 1814 2097 1866 corpus
2132 1836 2176 1894 Β
2204 1808 2258 1851 et
2291 1804 2590 1866 tempestas
2618 1805 2804 1850 exorta
2837 1804 2942 1859 est,
2980 1795 3034 1847 in
3094 1803 3306 1847 tantum
3372 1792 3665 1862 equidem,
3732 1803 3791 1845 ut

525 1896 794 1952 quaerere.
831 1880 1015 1936 Tertia
1044 1894 1225 1938 autem
1255 1895 1436 1946 nocte,
1464 1887 1508 1938 si
1530 1900 1641 1939 rem
1694 1897 1839 1939 recte
1874 1900 2100 1938 enarra-

526 1975 605 2029 vit
641 1985 855 2040 auctor,
884 1976 1079 2031 eadem
1134 1976 1276 2031 visio
1311 1978 1559 2046 apparuit
1598 1978 1760 2031 etiam
1805 1978 2103 2031 Athanasio

530 2067 821 2129 monacho,
852 2075 907 2120 et
940 2068 1159 2136 utrique
1178 2083 1393 2138 poenam
1424 2069 1706 2122 minitatus
1729 2076 1811 2121 cst
1835 2083 2104 2136 apparens

530 2156 837 2224 apostolus,
872 2157 975 2209 nisi
1008 2156 1073 2209 ad
1112 2172 1328 2211 sacrum
1368 2173 1571 2226 corpus
1627 2158 1975 2224 quaerendum
2044 2174 2102 2211 se

531 2247 901 2315 acciugerent.
953 2246 1298 2319 Quapropter
1336 2264 1498 2304 mane
1537 2251 1697 2305 simul
1749 2250 2106 2320 egrediuntur

530 2354 629 2408 per
662 2341 805 2393 viam
839 2340 1159 2401 indicatam.
1189 2354 1441 2410 quaerunt
1493 2344 1616 2396 data
1652 2343 1874 2417 indicia,
1915 2349 1969 2395 et
1994 2342 2105 2393 cito

533 2432 839 2499 reperiunt.
875 2431 1153 2486 Fodiendo
1194 2433 1356 2500 igitur
1387 2433 1558 2487 altare
1582 2435 1863 2501 detegunt,
1891 2441 2105 2485 amota-

532 2540 637 2593 que
696 2540 884 2579 mensa
920 2539 1248 2590 marmorea,
1296 2541 1508 2581 sacrum
1555 2541 1755 2596 corpus
1793 2524 2101 2580 inveniunt.

538 2614 652 2671 l'loo
687 2628 816 2671 Vero
846 2617 1377 2673 defertAthanasius
1400 2619 1466 2672 ad
1499 2620 1687 2673 matris
1717 2619 1958 2681 domum,
1996 2616 2105 2672 ibi—

538 2726 645 2779 que
691 2712 959 2766 asservari
994 2711 1171 2783 jubet,
1229 2713 1407 2783 inquit
1464 2712 1756 2781 Marsilius,
1809 2733 1827 2766 ‹
1866 2720 2105 2786 quandiu

537 2802 721 2857 divina
750 2803 1004 2873 quapiam
1049 2804 1386 2859 revelatione
1428 2815 1737 2868 moneatur,
1765 2808 1894 2876 quid
1919 2807 1984 2863 de
2041 2827 2107 2865 eo

535 2892 609 2945 sit
668 2892 928 2962 deinceps
981 2892 1050 2948 ab
1092 2894 1225 2964 ipsis
1280 2896 1575 2965 agendum.
1626 2916 1647 2950 ι
1690 2896 1834 2953 Nihil
1894 2901 1948 2955 in
2004 2917 2106 2957 ms.

535 2982 733 3054 legitur
756 2983 824 3038 de
852 2993 1171 3054 exspectata
1199 2985 1300 3040 hac
1340 2988 1692 3053 revelatione,
1728 2992 1863 3046 nihil
1892 3010 2107 3064 quoque

535 3074 604 3129 de
635 3075 896 3129 mandato
925 3077 1339 3148 apostoli,quod
1374 3079 1647 3137 Marsilius
1673 3086 1886 3152 astruit,
1911 3102 2027 3157 cap.
2052 3087 2104 3143 8.

541 3174 599 3220 ut
623 3179 824 3234 corpus
848 3166 1238 3224 transferretur
1267 3172 1579 3232 Salernum.

607 3256 697 3312 68.
729 3256 1247 3329 Postapparitiones
1275 3263 1503 3336 Pelagiae
1528 3270 1896 3327 etAthanasio
1916 3274 2105 3338 factas,

537 3347 595 3401 in
625 3362 859 3418 quarum
885 3349 1072 3404 ultima
1106 3354 1264 3408 mina:
1285 3366 1444 3410 erant
1482 3358 1771 3428 adjunctre,
1804 3362 1858 3417 in
1880 3380 1980 3419 ms.
2028 3366 2110 3419 in-

539 3439 724 3495 ventio
779 3440 861 3495 sic
892 3444 1129 3497 refertur
1177 3462 1190 3497 :
1240 3464 1258 3496 ‹
1316 3446 1430 3513 Qua
1489 3453 1915 3509 comminatione
1964 3472 2113 3510 com-

537 3531 731 3602 pulsus
809 3534 1162 3599 Athanasius,
1258 3538 1571 3596 falcastrum
1666 3544 2110 3614 (instrumentum

540 3625 701 3680 falcis
760 3626 936 3682 instar
957 3628 1024 3683 ad
1076 3632 1501 3690 reseimlendum
1542 3640 1758 3710 vepres)
1820 3643 2111 3714 arripiens.

539 3720 862 3789 praedictum
912 3723 1013 3777 sibi
1064 3724 1242 3779 locum
1308 3728 1518 3784 curiosa
1562 3731 1908 3800 indagatione
1951 3736 2117 3802 carpit

541 3812 841 3882 inquirere.
878 3812 986 3868 Sed
1027 3816 1073 3872 is
1125 3818 1276 3870 locus
1333 3830 1482 3876 tanta
1522 3833 1639 3877 erat
1688 3825 1931 3895 veprium
1984 3829 2116 3883 den-

540 3905 707 3960 sitate
752 3918 1060 3971 contectus,
1114 3918 1173 3965 ut
1225 3910 1427 3981 nullus,
1476 3926 1582 3983 qua
1626 3916 1837 3986 ingredi
1908 3932 2111 3989 posset,

543 4006 759 4066 pateret
788 3998 989 4054 aditus.
1012 4000 1080 4054 Et
1136 4016 1259 4055 cum
1321 4006 1569 4073 veprium
1617 4006 1943 4063 densitatem
2005 4020 2116 4065 toto

545 4086 671 4142 nisu
702 4086 1032 4154 succideret,
1076 4092 1291 4146 tandem
1338 4106 1531 4147 eversa
1595 4099 1853 4165 ecclesia,
1918 4111 1977 4156 ut
2014 4103 2113 4158 sibi

550 4196 649 4251 per
696 4182 1089 4238 revelationem
1131 4201 1357 4240 osmasa
1382 4186 1579 4254 fuerat,
1616 4191 1787 4246 oculis
1820 4193 1963 4249 illius
2020 4213 2115 4267 ap-

546 4281 697 4341 paret
744 4274 887 4327 :sed
921 4273 1113 4337 altare,
1140 4276 1263 4342 quia
1310 4278 1562 4347 congerie
1616 4281 1896 4349 spinarum
1952 4286 2117 4353 atque

545 4364 847 4420 urticarum
891 4366 1185 4421 admodum
1219 4378 1329 4421 erat
1366 4380 1702 4437 contectum,
1760 4375 1985 4428 minime
2020 4392 2118 4447 po-

547 4466 687 4511 terat
718 4456 940 4511 intueri.
978 4456 1134 4511 Tune
1183 4461 1357 4523 caesis,
1394 4477 1513 4530 quae
1557 4476 1902 4532 supererant,
1945 4469 2117 4536 spinis

546 4567 609 4604 ac
642 4551 914 4616 sentibus,
942 4549 1007 4604 ad
1034 4551 1178 4619 quod
1201 4552 1308 4620 jam
1332 4554 1593 4623 tlagrandi
1626 4529 1902 4611 desiderio
1934 4529 2114 4615 inten-
2150 4529 2194 4586 θ

545 4644 730 4706 debat,
757 4645 933 4714 ipsum
976 4646 1138 4698 etiam
1170 4645 1339 4699 altare
1370 4645 1576 4701 invenit
1612 4664 1630 4699 :
1675 4650 1957 4709 inventum
1993 4671 2113 4707 cum

548 4752 739 4809 magna
769 4735 984 4791 cautela
1022 4752 1266 4791 reserare
1305 4741 1576 4794 tentavit:
1631 4752 1685 4797 et
1738 4754 1797 4796 ut
1855 4759 2115 4811 marmor,

546 4844 654 4897 quo
689 4830 830 4883 idem
860 4830 1029 4883 altare
1066 4840 1184 4883 erat
1213 4842 1487 4899 opertum,
1525 4849 1588 4888 ex
1621 4849 1720 4889 suo
1769 4837 1890 4891 loco
1918 4840 2118 4893 movis-

547 4926 651 4986 set,
711 4923 855 4978 illico
903 4922 1053 4977 locus
1105 4926 1330 4993 quadris
1386 4935 1677 4983 contextus
1729 4930 2015 4988 lateribus.
2066 4934 2117 4983 in

547 5028 660 5083 quo
714 5029 919 5083 corpus
980 5015 1312 5099 sanctissimi
1360 5019 1588 5087 apostoli
1657 5030 1707 5074 et
1780 5023 2142 5093 evangelistae'

548 5104 887 5175 quiescebat,
914 5107 1183 5175 apparuit.
1216 5109 1345 5163 Inde.
1371 5111 1706 5165 Athanasius
1731 5116 2123 5169 tremebundus

550 5213 752 5268 corpus
782 5198 1013 5269 apostoli
1042 5199 1325 5269 detegens,
1359 5217 1483 5257 cum
1533 5204 1699 5258 multa
1732 5205 2009 5277 diligentia
2068 5209 2119 5261 in

478 5306 481 5307 '
552 5293 783 5348 sindon:
812 5294 1013 5346 munda
1039 5294 1284 5358 involvit,
1310 5292 1534 5363 suisque
1564 5298 1849 5365 imponens
1881 5300 2123 5353 humeris

552 5384 619 5437 ad
677 5383 961 5454 proprium
992 5384 1362 5440 habitaculum
1396 5388 1680 5447 remeavit,
1713 5398 1765 5441 et
1820 5392 2120 5458 pretiosum

550 5476 872 5531 thesaurum
911 5478 1065 5530 matri
1112 5478 1528 5532 custodiendum
1589 5479 1756 5533 dedit.
1801 5501 1818 5531 ι
1878 5480 1995 5535 Mox
2068 5486 2121 5535 in

554 5582 655 5620 ms.
679 5566 949 5637 sequitur,
978 5569 1218 5623 voluisse
1244 5570 1606 5625 Athanasium
1651 5572 1826 5641 primo
1851 5573 2122 5627 Constan-

552 5660 857 5729 tinOpolim,
930 5660 1131 5716 deinde
1195 5662 1442 5727 Romam,
1494 5680 1615 5718 cum
1677 5680 1832 5721 sacro
1895 5683 2123 5736 corpore

553 5752 843 5819 navigare;
878 5753 971 5808 sed
992 5752 1060 5809 ab
1080 5763 1314 5825 utroque
1343 5754 1537 5811 itinere
1560 5757 1897 5826 impeditum.
1923 5755 2121 5813 Eadem

554 5854 764 5908 narrat,
795 5860 913 5915 cap.
941 5845 994 5913 8,
1031 5845 1323 5914 Marsilius,
1382 5848 1477 5904 sed
1528 5863 1639 5904 non
1674 5848 1793 5905 sine
1845 5851 2113 5923 adiunctis

2208 1888 2294 1941 vix
2320 1888 2385 1941 ad
2410 1897 2650 1956 portum,
2717 1901 2879 1954 quem
2945 1884 3271 1953 reliquerat,
3328 1893 3621 1937 remearet.
3678 1884 3791 1938 Hoc

2208 1979 2298 2035 ille
2352 1978 2649 2034 frustratus
2696 1976 2949 2038 consilio,
2999 1975 3198 2029 iterum
3254 1989 3441 2029 secum
3486 1976 3787 2044 cogitabat.

2205 2070 2446 2141 qualiter
2469 2084 2591 2122 cum
2622 2065 2973 2121 sanctissimo
3027 2078 3261 2133 corpore
3318 2061 3551 2116 Romam
3590 2079 3791 2131 prope-

2208 2171 2354 2217 rarct
2388 2179 2399 2213 :
2434 2160 2530 2215 sed
2575 2173 2918 2228 nequaquam
2955 2155 3044 2209 Dei
3082 2154 3251 2210 valuit
3296 2154 3569 2209 obsistere
3597 2154 3792 2207 volun-

2210 2255 2326 2318 tati,
2358 2253 2447 2323 qui
2477 2252 2589 2307 tale
2615 2253 2668 2305 in
2685 2251 2782 2305 has
2822 2257 3003 2319 partes
3028 2247 3283 2318 dignatus
3307 2254 3390 2301 est
3412 2246 3793 2299 transmittere

2208 2346 2435 2401 donum.
2474 2343 2608 2398 Nam
2643 2343 2828 2397 denuo
2852 2341 3069 2409 navigio
3101 2348 3431 2409 praeparato,
3486 2340 3793 2408 assumptis

2211 2438 2403 2492 validis
2468 2437 2524 2490 in
2576 2433 2893 2505 remigando
2954 2431 3109 2494 viris,
3169 2430 3381 2500 placida
3435 2444 3663 2497 aequora
3717 2437 3794 2481 est

2212 2531 2515 2603 ingressus.
2548 2525 2655 2580 Sed
2691 2533 2984 2594 antequam
3022 2523 3177 2576 littus
3203 2522 3287 2575 vix
3323 2520 3503 2574 oculis
3541 2520 3795 2589 reliquis-

2209 2635 2315 2688 set,
2350 2622 2545 2691 ingens
2570 2618 2807 2687 procella
2841 2616 3023 2669 subito
3054 2615 3256 2682 erupit,
3278 2614 3353 2666 ita
3394 2622 3455 2667 ut
3519 2613 3609 2665 vix
3640 2627 3794 2666 vora-

2210 2717 2389 2788 ginem
2423 2710 2722 2767 evaderent
2791 2707 2986 2778 pelagi.
3044 2704 3309 2768 Tandem,
3362 2704 3616 2774 quamvis
3674 2718 3793 2757 eum

2210 2821 2404 2878 magna
2446 2801 2730 2864 maestitia,
2782 2799 3082 2854 semivivus
3115 2814 3242 2853 suos
3289 2795 3431 2851 redit
3467 2796 3533 2850 ad
3609 2796 3791 2849 fines:

2210 2910 2442 2965 cumque
2473 2892 2819 2964 cognovisset
2848 2890 3137 2953 veraciter,
3162 2887 3262 2941 sibi
3295 2885 3467 2940 Deum
3496 2886 3793 2949 obsistere,

2211 2996 2266 3040 et
2296 2985 2433 3038 adeo
2484 2990 2677 3037 contra
2727 2995 2785 3033 se
2816 2976 3156 3031 insensibilia
3192 2975 3470 3030 elementa
3521 2988 3794 3043 pugnare,

2212 3077 2266 3131 in
2293 3073 2547 3135 ecclesia,
2587 3088 2706 3140 quae
2763 3084 2872 3124 non
2905 3069 3066 3139 longe
3103 3082 3134 3121 a
3160 3066 3297 3121 cella
3337 3066 3485 3119 illius
3525 3065 3795 3128 sitaerat,

2138 3192 2184 3255 ε
2215 3167 2645 3225 sacratissimum
2681 3163 2970 3219 abscondit
3000 3163 3339 3217 thesaurum.
3374 3178 3393 3210 ι
3432 3159 3560 3212 Haec
3597 3158 3651 3211 in
3672 3173 3794 3219 ms.,

2216 3278 2279 3317 ex
2312 3276 2420 3331 quo
2459 3260 2648 3328 nequit
2688 3264 2840 3315 certo
2872 3254 3082 3323 colligi,
3129 3251 3484 3306 Athanasium
3518 3250 3798 3303 Constan-

2216 3353 2446 3423 tinopoli
2504 3363 2598 3405 aut
2634 3350 2817 3404 Roma
2878 3361 3091 3400 sacrum
3152 3359 3354 3415 corpus
3406 3343 3652 3397 vendere
3705 3356 3799 3394 vo-

2216 3449 2405 3510 luisse,
2442 3454 2501 3498 ut
2528 3443 2718 3498 scribit
2753 3440 3042 3495 Marsilius.
3095 3438 3332 3493 Lucrum
3386 3438 3532 3491 enim
3574 3450 3799 3506 sperare

2218 3547 2450 3612 poterat,
2476 3537 2686 3592 etiamsi
2718 3551 2915 3605 corpus
2951 3549 3058 3587 non
3102 3532 3398 3588 venderet,
3452 3545 3517 3582 ex
3557 3528 3801 3583 benevo—

2216 3634 2463 3703 lentiaet
2496 3630 2821 3684 liberalitate
2849 3643 3064 3689 eorum,
3108 3627 3309 3696 quibus
3346 3623 3477 3676 illud
3536 3624 3794 3677 donaret.

2223 3726 2337 3778 Alia
2383 3723 2603 3778 Marsilii
2638 3718 2899 3789 adiuncta
2923 3722 3100 3773 mitto.

2290 3839 2356 3893 70
2423 3835 2547 3891 Post
2589 3834 2712 3889 data
2754 3832 2916 3887 verba
2962 3835 3153 3885 auctor
3209 3845 3310 3884 ms.
3368 3838 3582 3895 narrat,
3634 3829 3794 3884 inno-

2221 3933 2387 3986 tuisse
2418 3929 2610 3985 Joanui
2660 3926 2918 3996 episcOpo
2946 3924 3192 3978 Paestano
3261 3922 3641 3977 inventionem
3670 3938 3797 3977 cor-

2220 4021 2367 4092 poris
2395 4020 2567 4074 sancti
2602 4015 2870 4079 Mattlnei;
2903 4029 3140 4080 eumque
3176 4027 3300 4065 eum
3330 4012 3547 4064 clericis
3589 4012 3799 4078 aliquot

2220 4111 2527 4183 porrexisse
2556 4125 2650 4178 per
2679 4122 2864 4161 auram
2928 4104 3161 4175 pluviam
3215 4109 3267 4155 et
3301 4112 3584 4153 ventosant
3612 4102 3678 4153 ad
3718 4101 3797 4153 los

2218 4218 2366 4266 cmn,
2424 4199 2511 4254 ubi
2559 4197 2863 4265 depositum
2919 4202 3069 4257 erat;
3115 4206 3290 4261 eoque
3340 4190 3520 4245 vocari
3568 4190 3800 4260 jussisse

2222 4290 2596 4348 Athanasium.
2630 4285 2806 4349 Hunc,
2838 4284 2926 4337 ubi
2962 4283 3281 4343 advenerat,
3311 4282 3376 4334 de
3410 4282 3641 4334 invento
3674 4295 3795 4333 cor-

2221 4401 2351 4455 pore
2397 4385 2715 4448 intcrrogat.
2751 4393 2811 4431 ac
2851 4375 3295 4445 tergiversantem
3350 4372 3512 4426 minis
3543 4382 3719 4443 urget,
3749 4381 3802 4425 et

2225 4479 2302 4533 sic
2331 4476 2558 4534 obtinet,
2608 4483 2665 4525 ut
2698 4472 2765 4525 ad
2798 4468 3092 4523 videndum
3130 4482 3343 4520 sacrum
3397 4480 3604 4533 corpus
3631 4465 3802 4518 duca—

2228 4580 2335 4633 tur,
2369 4567 2605 4635 illudque
2631 4579 2753 4619 cum
2786 4562 3000 4617 clericis
3025 4560 3226 4613 videat.
3264 4576 3282 4608 ι
3317 4557 3622 4626 Episcopus
3650 4573 3796 4615 vcro,

2226 4663 2299 4713 ait
2330 4666 2538 4719 auctor,
2578 4668 2793 4707 sacrum
2823 4666 3022 4719 corpus
3050 4650 3176 4718 (jam
3207 4650 3404 4716 visum)
3436 4648 3677 4702 sindone
3706 4649 3802 4703 ite—

2226 4764 2343 4802 rum
2380 4745 2679 4800 involutum
2720 4742 2903 4793 annuli
2928 4740 3007 4794 sui
3035 4737 3395 4807 impressione
3430 4738 3689 4805 signavit,
3724 4737 3788 4788 si-

2226 4849 2448 4911 gnatum
2479 4837 2529 4889 in
2563 4852 2685 4887 arca
2724 4833 2860 4886 seris
2895 4830 3123 4889 munita.
3157 4828 3347 4898 sigillis
3379 4826 3641 4881 similiter
3670 4843 3794 4881 con-

2226 4936 2456 5004 signata,
2490 4927 2751 4999 reposuit.
2797 4946 2812 4977 ι
2850 4925 2943 4978 His
2974 4924 3149 4983 factis,
3182 4922 3225 4976 si
3262 4922 3540 4976 credimus
3568 4921 3799 4983 auctori,

2227 5025 2382 5096 petiit
2411 5022 2723 5092 episcopus,
2753 5029 2807 5072 ut
2852 5015 3183 5072 Athanasius
3218 5011 3522 5066 monachus
3553 5013 3801 5065 esurienc

2230 5119 2375 5171 tibus
2410 5116 2589 5169 cibum
2627 5118 2898 5180 qnmreret
2952 5118 3005 5159 et
3038 5113 3359 5174 apponeret.
3392 5104 3463 5158 At
3514 5104 3607 5158 ille
3658 5104 3804 5157 cibos

2226 5210 2442 5277 quidem
2478 5203 2735 5265 habebat,
2763 5200 2856 5253 sed
2892 5198 3020 5253 vino
3049 5213 3274 5266 prorsus
3303 5195 3549 5250 carebat.
3583 5195 3801 5264 Episco-

2228 5316 2328 5371 pus
2364 5298 2524 5369 igitur
2553 5297 2693 5349 inter
2728 5292 3124 5348 comedendum
3168 5288 3349 5342 afferri
3373 5288 3538 5357 jussit
3572 5304 3800 5342 vacuum

2226 5395 2537 5453 vasculum,
2580 5389 2724 5457 quod
2766 5387 3021 5441 omnibus
3049 5382 3328 5439 sulliciens
3357 5381 3548 5435 vinum
3584 5380 3799 5443 effudit,

2225 5488 2267 5538 si
2303 5500 2427 5538 vera
2472 5493 2657 5536 narrat
2688 5494 3008 5550 anmiymus,
3050 5475 3142 5545 qui
3177 5490 3237 5531 ea
3271 5474 3521 5545 pluribus
3554 5472 3797 5540 exponit.

2227 5574 2493 5631 Marsilius
2523 5587 2651 5627 vero
2676 5574 2824 5641 plura
2848 5568 3011 5623 etiam
3042 5567 3306 5637 adjungit.
3333 5564 3485 5629 Mihi,
3517 5575 3578 5619 ut
3607 5566 3798 5625 fatear,

2226 5664 2408 5719 omnia
2451 5664 2535 5715 illa
2568 5662 2741 5731 magis
2774 5665 3024 5726 suspecta
3072 5665 3198 5711 sunt
3236 5653 3505 5720 falsitatis,
3550 5669 3714 5724 quam
3745 5661 3801 5705 ut

2226 5758 2341 5827 ipsa
2372 5756 2531 5808 verba
2559 5755 2665 5807 huc
2691 5750 2987 5806 transferre
3017 5747 3219 5801 lubeat.
3253 5744 3513 5815 Apertius
3542 5753 3627 5797 est
3654 5758 3801 5796 coni-

2227 5860 2496 5913 mentum,
2526 5849 2670 5918 quod
2703 5844 2968 5916 sequitur,
3007 5859 3067 5897 ac
3099 5840 3143 5895 si
3177 5853 3340 5893 noetu
3371 5853 3467 5908 per
3499 5837 3795 5891 fenestram
