3956 6468
155 399 260 459 793

1443 412 1620 469 Vl'l‘A
1667 410 1726 468 S.
1774 411 2158 477 MA'l‘TH/H'.

3321 434 3426 499 79-4

154 517 203 570 in
239 521 532 574 ecclesiam
560 523 869 588 irrumpere
899 527 1162 580 voluisset
1195 527 1552 592 Athanasius,
1583 540 1635 584 et
1661 546 1745 584 sa-
1781 531 1819 582 Α
1858 532 2084 586 habebat
2119 536 2303 592 libanu.
2342 541 2498 606 cujus
2546 541 2750 594 viscera
2783 551 2888 596 tam
2922 546 3172 615 gravibus
3202 559 3427 602 contor-

149 627 302 662 crum
345 626 545 680 corpus
584 615 718 668 clam
769 618 874 667 alia
916 619 1222 687 deportare.
1277 621 1452 686 Aique
1488 621 1734 676 fabulosa

154 704 421 755 videntur
454 705 707 773 adjunma
741 710 918 762 munia
970 712 1340 765 translationis
1366 713 1430 765 ad
1461 714 1733 767 civitatem

144 797 655 866 Caputaquensem.
691 802 876 866 Itaque
902 803 1116 856 omissis
1149 803 1375 871 reiiquis
1435 802 1620 856 ultima
1643 819 1734 857 so-

147 886 255 938 lum
294 890 464 940 verba
498 891 809 960 subjungo:
865 912 880 941 ε
917 893 1192 955 Castrum,
1238 893 1322 947 cui
1357 892 1533 962 Caput
1565 895 1734 962 Aquis

145 990 349 1028 nomen
387 989 488 1036 est.
537 985 922 1042 ascenderunt,
968 993 1129 1051 alque
1164 987 1217 1036 in
1263 985 1489 1040 ecclesia
1528 997 1732 1040 sancte

151 1064 393 1138 Virginis
426 1073 628 1133 Mariae,
665 1073 715 1125 iu
759 1089 862 1142 qua
901 1075 1156 1143 praefatus
1188 1077 1478 1148 cpiscopus
1520 1096 1730 1150 pransu-

144 1161 313 1214 latum
344 1165 586 1232 regebat,
619 1183 740 1220 cum
767 1168 911 1221 omni
949 1171 1252 1224 reverentia
1276 1172 1671 1242 deposuerunt.
1706 1194 1723 1226 ι

143 1255 220 1308 Ex
275 1255 362 1308 his
427 1259 630 1321 verbis,
687 1261 730 1314 si
787 1263 914 1330 quid
971 1263 1171 1329 valent,
1230 1274 1376 1320 recte
1435 1268 1726 1337 colligitur,

143 1349 440 1416 episcopos
476 1350 748 1407 Paestanas
773 1355 883 1423 jam
915 1357 1113 1409 smculo
1141 1375 1167 1410 κ
1205 1360 1473 1414 resedisse
1507 1361 1558 1414 in
1599 1361 1731 1414 civi-

145 1449 254 1494 tate
301 1439 690 1509 Caputaquens
718 1483 731 1506 ,
783 1455 843 1502 et
871 1461 1266 1516 consequenter
1302 1451 1592 1519 cpiscopos
1623 1451 1727 1506 Ca-

141 1540 520 1598 putaquenses
570 1551 630 1587 ex
687 1536 949 1593 Paestanis
1006 1552 1176 1603 ortos,
1231 1544 1298 1596 de
1356 1559 1463 1613 quo
1515 1545 1728 1600 dubitat

145 1621 435 1689 Lghellus.
478 1627 673 1680 Verum
705 1633 769 1681 ad
809 1647 921 1684 rem
959 1633 1266 1689 redeamus.

213 1717 303 1769 7|.
351 1717 614 1773 Audierat
666 1720 963 1791 Gisulphus
1037 1727 1292 1795 princeps
1345 1727 1726 1785 Salernitauus

136 1811 521 1866 inventionem
548 1825 602 1868 et
639 1817 1050 1872 translationem
1084 1821 1224 1874 sacri
1251 1825 1520 1892 corporis,
1550 1840 1724 1894 eaque

151 1905 219 1956 de
253 1922 444 1959 causa.
476 1931 492 1957 ε
524 1907 761 1962 Nimium
799 1911 864 1964 de
921 1913 1054 1964 tanti
1114 1915 1354 1969 thesauri
1405 1919 1723 1972 inventione

133 1997 383 2064 gavisus,
432 1999 506 2050 ait
554 2016 858 2070 anonymus
911 2004 962 2054 in
1033 2020 1160 2066 ms.,
1215 2008 1545 2064 venerabilis
1597 2011 1720 2064 \itae

132 2085 408 2142 Joannem
463 2089 714 2166 abbatem
772 2093 1018 2162 aliosque
1060 2096 1409 2152 honorabiles
1458 2101 1604 2153 viros
1655 2101 1719 2154 ad

131 2177 448 2232 I'aestanuzn
489 2179 684 2235 direxit
733 2185 1072 2255 episcopum,
1109 2189 1398 2254 mandans,
1445 2201 1501 2246 ut
1533 2201 1719 2261 patro-

130 2271 340 2323 ciuium
394 2273 583 2341 patria:
636 2273 992 2331 Salernitanre
1046 2279 1402 2336 adinventum
1463 2284 1562 2338 sibi
1620 2285 1722 2339 sub

131 2365 285 2415 omni
332 2364 614 2418 celeritate
678 2370 1090 2424 transmitteret.
1147 2371 1408 2440 Sequenti
1461 2392 1586 2428 vero
1633 2378 1722 2432 die

129 2455 467 2507 venerabilis
494 2456 680 2518 abbas,
711 2469 764 2511 et
796 2461 884 2527 qui
915 2477 1035 2513 cum
1065 2479 1131 2516 eo
1161 2465 1310 2517 missi
1343 2476 1492 2530 sunt,
1519 2469 1721 2522 intesti-

130 2543 320 2598 tuabili
358 2545 616 2599 thesauro
648 2549 830 2602 onusti
867 2561 1239 2606 revertuntur.
1275 2553 1383 2608 Sed
1418 2566 1712 2628 antequam

130 2637 328 2690 urbem
359 2641 582 2708 propius
615 2643 961 2709 accederent,
1016 2660 1119 2698 una
1148 2662 1269 2699 cum
1305 2646 1584 2704 Bernardo
1623 2667 1717 2704 ve-

129 2731 383 2783 nerando
435 2733 664 2799 ρτιεευιβ
715 2745 823 2790 tota
882 2736 1075 2792 civitas
1131 2739 1344 2794 obviam
1395 2745 1568 2814 pergit
1615 2745 1718 2800 ire.

131 2823 232 2878 Ubi
288 2833 472 2876 autem
519 2828 879 2894 apostolicum
925 2846 1125 2899 corpus
1156 2833 1338 2902 adepti
1382 2847 1529 2898 sunt.
1568 2849 1656 2893 tan
1688 2858 1719 2893 ο

132 2915 329 2985 repleti
356 2924 485 2969 sunt
514 2918 730 2988 gaudio,
757 2934 810 2972 ut
837 2934 989 2990 gestu
1016 2933 1070 2976 et
1101 2927 1326 2981 vocibus
1356 2931 1717 2986 exsultantem

129 3008 379 3062 iatitiam
416 3017 778 3065 ostentarent.
814 3011 1016 3069 Praesul
1049 3031 1199 3082 vero,
1237 3033 1522 3090 assumpto
1555 3039 1717 3077 vene-

131 3103 292 3158 rabili
331 3119 563 3172 corpore
592 3113 642 3158 et
687 3107 879 3162 sericis
919 3111 1180 3165 obvoluto
1207 3116 1556 3184 tegminibus,
1591 3133 1714 3170 cum

1841 627 2147 692 quebantur
2185 628 2487 689 doloribus.
2521 643 2577 685 tit
2610 633 2830 693 medici.
2861 635 3208 704 impendendi
3245 651 3427 691 reme-

1839 718 1908 771 dii
1945 735 2101 771 causa
2143 721 2474 788 laborantes,
2501 724 2710 781 nullum
2744 727 2984 780 valerent
3009 727 3261 782 conferre
3294 730 3427 782 sub-

1841 808 2059 862 sidium.
2107 810 2234 879 Ejus
2272 815 2553 869 cruciatus
2583 827 2755 870 mater
2780 833 2885 871 noii
2919 818 3219 879 sustinens.
3262 818 3425 872 filiam

1837 903 1902 953 ad
1935 917 2132 970 corpus
2161 905 2392 972 apostoli
2449 907 2662 968 detulit,
2719 908 2808 961 ubi
2867 909 3182 978 lacrymosis
3230 909 3427 962 oblatis

1837 993 2111 1062 precibus,
2167 996 2396 1050 salutem
2449 1008 2612 1057 naue.
2672 1016 2833 1068 quam
2890 1001 3095 1070 ingenti
3149 1000 3426 1054 desiderio

1837 1086 2209 1152 postulabant,
2267 1089 2465 1142 meruit
2510 1076 2823 1159 impetrare,
2859 1092 2928 1145 ita
2967 1101 3024 1145 ut
3072 1107 3190 1160 qua:
3231 1092 3427 1146 alienis

1833 1174 1990 1230 allata
2051 1175 2230 1230 fuerat
2286 1178 2562 1239 manibus,
2625 1178 2847 1232 domum
2904 1195 3028 1234 cum
3084 1190 3255 1235 matre
3309 1183 3424 1235 suis

1833 1267 2108 1334 gressibus
2139 1277 2428 1321 remearet.
2471 1287 2492 1318 ι
3169 1275 3176 1280 '

1903 1358 1988 1411 74.
2035 1357 2278 1410 Tertium
2326 1359 2651 1413 beneficium
2685 1361 2882 1416 dicitur
2909 1363 3212 1431 praestitum
3260 1379 3419 1418 Servo

1830 1448 2050 1506 cuidam
2089 1447 2378 1512 Rothildm,
2419 1452 2626 1504 sororis
2664 1452 2912 1522 Gisulplii
2943 1453 3208 1523 principis
3239 1452 3419 1507 Satero

1831 1543 2028 1606 nitani,
2062 1552 2116 1597 et
2153 1543 2331 1596 viduae
2363 1542 2692 1612 Athenolphi
2723 1544 2988 1613 principis
3014 1544 3417 1600 Beneventani.

1829 1633 2164 1705 Athenolphi
2213 1644 2394 1688 autem
2433 1635 2576 1688 illius
2612 1638 2946 1688 mentionem
2998 1636 3206 1690 invenit
3239 1636 3416 1690 Mura-

1831 1729 2024 1790 torius,
2063 1728 2114 1781 in
2149 1728 2442 1780 Annalibus
2490 1726 2687 1793 Italiw,
2735 1743 2907 1795 usque
2948 1729 3012 1782 ad
3047 1745 3246 1783 annmn
3283 1729 3417 1803 940,

1834 1823 1902 1874 ita
1930 1831 1987 1873 ut
2014 1821 2137 1873 inde
2167 1823 2440 1883 conjiciat,
2468 1821 2658 1874 eodem
2686 1837 2830 1873 anno
2857 1821 2960 1876 940
2983 1821 3160 1891 ipsum
3189 1822 3417 1876 obiisse.

1833 1915 1958 1966 Mihi
2000 1927 2226 1966 necesse
2273 1927 2379 1964 non
2436 1921 2541 1976 est,
2590 1922 2808 1981 tempus
2857 1913 3039 1967 obitus
3088 1912 3417 1982 Athenolphi

1834 2002 2054 2072 propius
2107 2003 2402 2071 inquirere.
2451 2002 2638 2055 Solqu
2694 2003 2948 2064 observo,
2991 2003 3208 2056 viduam
3245 2003 3417 2072 ipsius

1833 2095 2145 2149 Rothildam
2185 2095 2429 2164 potuisse
2473 2095 2632 2149 facile
2685 2111 2974 2164 superesse
3011 2111 3181 2166 usque
3216 2097 3282 2150 ad
3315 2110 3414 2149 an-

1834 2206 1966 2243 num
2001 2190 2124 2251 93!,
2159 2204 2266 2256 quo
2301 2189 2484 2242 omnia
2530 2190 2826 2256 contigisse
2869 2190 3144 2251 dicuntur,
3182 2189 3418 2243 maxime

1829 2281 2022 2336 eumiu
2053 2280 2312 2332 viduitate
2341 2279 2660 2347 perdurans.
2691 2279 2740 2331 id
2765 2289 2868 2343 est,
2900 2280 2995 2332 diu
3025 2280 3184 2332 vidua
3230 2279 3282 2330 in
3308 2294 3412 2334 ms.

1831 2383 2130 2427 asscratur.
2159 2373 2364 2425 Servus
2395 2381 2572 2424 autem
2606 2370 2896 2432 ltothildze,
2947 2369 3264 2440 Stephanus
3315 2385 3416 2424 no-

1830 2461 1996 2520 mine,
2037 2458 2236 2512 dicitur
2261 2473 2386 2513 cum
2429 2459 2769 2528 impatientia
2805 2469 3014 2515 etcum
3063 2461 3420 2515 invocatione

1827 2549 2026 2602 diaboli
2083 2563 2278 2617 aquam
2339 2551 2586 2618 petiisse,
2638 2563 3031 2620 acceptamque
3078 2565 3272 2620 aquam
3323 2553 3415 2606 ubi

1831 2639 2112 2697 ebibisset.
2147 2638 2404 2692 obsessus
2436 2639 2604 2692 fuisse
2628 2655 2656 2692 a
2685 2641 2953 2694 daemone.
2981 2639 3087 2694 Res
3115 2641 3413 2696 confestim

1831 2735 2070 2787 innotuit
2106 2748 2212 2786 non
2269 2733 2443 2784 solum
2477 2731 2766 2796 Rothildie,
2799 2732 2896 2786 sed
2926 2733 3093 2787 etiam
3148 2733 3416 2803 Gisulpbo

1829 2826 2083 2896 principi,
2117 2825 2438 2891 cunctisque
2479 2825 2800 2896 proceribus
2844 2835 2898 2880 et
2942 2827 3197 2896 episcopo
3230 2825 3414 2880 Saler-

1829 2924 2034 2974 nitano.
2070 2918 2402 2972 Servabatur
2436 2934 2843 2988 energumcnus
2877 2921 2930 2972 in
2982 2921 3186 2974 sacello
3221 2921 3407 2989 palatii

1826 3010 2058 3066 vinculis
2079 3010 2434 3071 constrictus.
2463 3019 2518 3064 et
2552 3012 2842 3079 episcopus
2871 3026 3065 3062 omnes
3094 3013 3413 3066 hortabatur

1828 3109 1894 3161 ad
1932 3122 2120 3176 preces
2151 3120 2248 3171 pro
2273 3118 2339 3158 eo
2371 3102 2698 3157 fundendas.
2735 3121 2754 3155 α
2789 3103 2924 3157 Dum
2955 3102 3072 3158 haec
3098 3115 3412 3173 agerentur,

131 3196 355 3266 hymnis
386 3207 439 3250 et
471 3199 724 3255 laudibus
761 3202 812 3253 in
847 3203 1033 3257 urbem
1068 3207 1272 3259 rediit:
1308 3215 1473 3277 atque
1503 3209 1554 3260 iu
1596 3210 1710 3262 aula

1829 3200 1902 3250 alt
1935 3207 2147 3257 auctor,
2176 3195 2509 3250 Athanasius
2532 3196 2796 3249 intererat
2820 3197 3120 3250 monachus
3146 3196 3413 3267 (corporis

132 3291 227 3344 Dei
264 3288 562 3345 Genitricis
597 3294 780 3348 debita
827 3299 1132 3352 reverentia
1168 3300 1474 3364 collocavit,
1515 3302 1567 3355 in
1604 3319 1709 3372 qua

131 3384 488 3451 praesentiam
524 3385 605 3436 sui
652 3389 897 3455 corporis
948 3392 1281 3461 evangelista
1337 3395 1716 3450 sanctissimus

129 3479 248 3532 suis
284 3479 545 3530 virtutum
581 3478 860 3533 miraculis
891 3479 1207 3538 declaravit.
1246 3505 1263 3536 ι
1315 3485 1432 3540 Mox
1463 3503 1712 3556 sequun-

131 3583 220 3622 tur
267 3571 322 3622 in
375 3579 606 3639 utroque
648 3568 746 3626 Ms.
795 3570 1055 3629 beneficia
1111 3575 1362 3644 quzedam
1413 3578 1718 3646 patrocinio

130 3660 308 3714 sancti
371 3660 604 3716 Matthxi
653 3661 870 3718 miseris
915 3665 1175 3733 prmstita,
1227 3682 1347 3736 qua:
1399 3667 1713 3734 lectoribus,

132 3764 298 3822 prout
327 3752 399 3814 ibi
438 3753 715 3824 leguntur,
757 3757 1198 3824 communicabo,
1248 3760 1506 3815 abscissis
1537 3771 1716 3814 tamen

129 3848 419 3902 nonnullis
449 3847 756 3914 superfluis,
792 3864 910 3915 quae
939 3851 1147 3906 tradam
1184 3855 1529 3922 compendio.

197 3939 285 3992 72.
337 3935 431 3990 Vir
477 3939 723 4005 quidam,
783 3939 1030 3995 Andreas
1079 3947 1321 4012 nomine,
1380 3950 1537 4016 cujus
1606 3953 1711 4006 filia

131 4031 345 4086 diutina
374 4029 692 4084 infirmitate
728 4047 987 4102 oppressa
1027 4035 1333 4106 languebat,
1365 4041 1502 4097 adeo
1533 4053 1589 4099 ut
1622 4048 1719 4101 do-

132 4140 254 4177 mus
292 4130 403 4176 tota
441 4121 677 4176 vicinum
709 4123 817 4193 jam
846 4125 964 4194 ejus
991 4127 1196 4182 obitum
1231 4145 1590 4201 exspectaret.
1625 4156 1718 4206 pa-

135 4228 294 4272 terno
347 4225 527 4271 motus
584 4217 792 4271 viscere
847 4219 937 4272 diu
990 4220 1228 4289 plorans,
1279 4225 1494 4279 tandem
1543 4228 1717 4284 fessus

133 4326 332 4363 somno
359 4309 636 4376 arripitur.
679 4329 695 4359 ι
755 4311 1072 4364 Somniahat
1106 4321 1311 4378 autem,
1367 4316 1526 4375 filiam
1561 4337 1712 4378 suam

129 4403 227 4452 sibi
260 4419 288 4450 e
325 4399 560 4450 brachiis
591 4401 726 4464 eripi
774 4416 800 4450 a
853 4409 990 4453 tetro
1034 4402 1264 4469 Spiritu;
1301 4422 1422 4461 mox
1462 4426 1592 4464 vero
1622 4413 1717 4467 ad-

129 4505 274 4549 stare
310 4493 490 4544 virum
541 4493 930 4557 venerabilem,
981 4496 1072 4565 qui
1122 4497 1326 4555 dolenti
1379 4504 1515 4569 patri
1549 4505 1711 4558 filiam

1827 3291 2120 3358 inventor),
2150 3289 2265 3358 qui,
2301 3297 2358 3342 ut
2407 3287 2517 3356 jam
2553 3285 2816 3348 diximus,
2862 3289 2931 3342 de
2972 3305 3135 3342 manu
3181 3287 3413 3345 Paestani

1823 3382 2070 3455 praesulis
2095 3382 2312 3434 dentem
2343 3379 2668 3434 sanctissimi
2701 3379 3048 3448 evangelistie
3092 3394 3412 3450 susceperat

1825 3473 2102 3543 (nimirum
2134 3471 2263 3526 dum
2296 3470 2473 3524 eidem
2525 3485 2728 3538 corpus
2757 3469 3000 3533 tradidit,
3050 3469 3143 3522 ubi
3177 3469 3228 3522 id
3264 3470 3409 3522 aflir-

1826 3575 1934 3618 mat
1963 3566 2198 3628 auctor).
2229 3561 2277 3616 Is
2301 3563 2593 3620 accedens.
2621 3561 2860 3631 prmfata:
2889 3561 3156 3616 Rothildae
3181 3561 3408 3616 auribus

1824 3656 2111 3718 iatimavit,
2155 3655 2386 3709 dicens:
2421 3653 2597 3706 Penes
2650 3669 2735 3705 me
2785 3655 2961 3706 habeo
3013 3655 3236 3706 dentem
3271 3670 3413 3723 apo-

1821 3747 1944 3800 stoli
1994 3756 2049 3801 ct
2097 3745 2442 3818 evangelista
2477 3744 2734 3800 Mattha'i.
2777 3745 2875 3799 llic
2926 3760 3087 3798 manu
3151 3747 3410 3815 prmulis

1822 3840 2068 3894 mittatur
2093 3839 2147 3893 in
2168 3839 2504 3894 benedictam
2527 3854 2742 3907 aquam.
2769 3854 2928 3907 quam
2951 3839 3077 3892 dum
3110 3846 3408 3908 sumpserit

1818 3932 2212 3992 damoniacus,
2245 3929 2514 3981 mirabilia
2553 3929 2643 3980 Dei
2689 3930 2913 3982 videbis.
2948 3928 3012 3982 Et
3049 3932 3164 3984 ιιι-ο
3191 3932 3402 3994 dicens,

1821 4020 2074 4074 Rothdda
2106 4029 2382 4074 annuente
2409 4031 2464 4074 et
2494 4021 2825 4088 deposcente
2881 4031 2939 4074 ut
2975 4021 3151 4085 ﬁeret,
3183 4024 3402 4075 dentem

1820 4109 2040 4180 praesuli
2076 4109 2191 4164 suis
2226 4111 2447 4165 tradidit
2491 4112 2767 4164 manibus.
2810 4111 2986 4166 Allata
3024 4113 3211 4183 itaque
3243 4127 3406 4182 aqua,

1821 4202 1965 4257 idem
1999 4203 2432 4272 prmsulsignulu
2463 4203 2642 4256 crucis
2671 4204 2860 4263 edidit,
2887 4205 3108 4256 dentem
3135 4206 3186 4256 in
3209 4222 3404 4274 aquam

1819 4299 1992 4352 misit.
2027 4299 2316 4363 ablatoque
2349 4295 2534 4359 dente,
2571 4311 2768 4366 aquam
2799 4297 2894 4356 illi,
2923 4297 3014 4366 qui
3043 4298 3276 4367 maligno
3297 4300 3407 4366 spi-

1824 4397 1927 4444 ritu
1962 4385 2280 4452 vexabaiur,
2326 4389 2524 4442 obtulit
2562 4392 2983 4457 comminanter,
3013 4406 3195 4460 atque,
3229 4403 3288 4446 ut
3322 4395 3396 4446 bi-

1823 4487 1996 4547 beret,
2022 4484 2334 4552 imperavit.
2361 4484 2475 4549 Qua
2500 4495 2737 4553 sumpta,
2768 4487 2967 4540 acriter
2995 4487 3176 4540 vexari
3214 4489 3404 4556 erepit.

131 4585 393 4638 restituit.
434 4584 602 4654 Rogat
659 4595 831 4652 pater,
871 4590 992 4658 quis
1041 4591 1130 4653 sit,
1185 4601 1240 4646 et
1290 4610 1485 4651 uuuius
1520 4599 1702 4657 offert.
1751 4570 1792 4619 υ
1835 4581 1899 4634 Et
1939 4578 2065 4647 qm“
2102 4578 2322 4645 imqu'”
2360 4578 2550 4637 hosus'
2583 4592 2742 4630 “cf”
2782 4578 3088 4632 "bsismnc
3126 4592 3278 4648 pom’
3315 4597 3408 4646 per

129 4677 216 4731 Ille
249 4686 435 4730 autem
470 4676 683 4747 placido
715 4681 861 4735 vultu
897 4683 1179 4750 respondit
1207 4701 1220 4737 :
1261 4704 1276 4734 ι
1314 4687 1474 4743 Nullo
1508 4702 1601 4746 tuo
1631 4696 1716 4749 itt-

131 4770 290 4840 digco
343 4785 602 4836 munere;
649 4771 743 4824 sed
795 4774 954 4836 scias,
1009 4789 1093 4828 me
1140 4790 1262 4831 esse
1313 4784 1614 4848 aposrolum
1667 4797 1719 4843 et

131 4861 526 4930 evangelistam
554 4863 889 4928 Mattha-um,
923 4869 1082 4935 cujus
1117 4885 1314 4938 corpus
1342 4873 1599 4932 hesterno
1629 4880 1717 4935 die

131 4955 418 5008 Salernum
459 4957 930 5012 trauslatumest.»
970 4962 1033 5016 Et
1070 4965 1184 5020 hare
1214 4967 1423 5030 dicens,
1458 4972 1524 5025 ab
1547 4975 1717 5028 oculis

131 5049 248 5116 cjus
277 5047 491 5100 ablatus
524 5059 627 5102 est.
658 5047 1108 5120 Exspcrgefactus
1144 5058 1399 5115 Audraras
1434 5078 1556 5116 cum
1605 5083 1717 5119 ma-

131 5157 235 5206 gno
273 5151 510 5194 tremore
556 5157 708 5196 suam
739 5144 897 5199 tiliam
932 5147 1210 5216 requisivit
1240 5169 1252 5204 :
1280 5154 1374 5206 ‘sed
1405 5170 1522 5209 eam
1554 5157 1712 5212 saluti

130 5231 238 5296 jam
265 5233 551 5300 reperiens
575 5234 902 5297 restitutam,
932 5241 1075 5306 quod
1097 5241 1199 5294 sibi
1231 5243 1280 5295 in
1305 5246 1508 5300 somnis
1535 5258 1716 5302 ostcu-

136 5334 253 5370 sum
291 5320 492 5382 fuerat,
530 5323 766 5386 cunctis,
796 5328 884 5394 qui
917 5329 1165 5393 aderant,
1201 5337 1490 5388 enarravit.
1532 5339 1713 5392 Primo

136 5419 311 5462 autem
347 5412 592 5467 diluculo
627 5417 991 5471 venerabilem
1029 5423 1160 5474 adiit
1203 5423 1508 5491 praesulem,
1555 5431 1712 5498 eique

139 5501 380 5555 mirabile
418 5503 624 5558 factum
659 5509 912 5575 apostoli,
965 5514 1108 5578 quod
1144 5513 1194 5566 in
1242 5517 1345 5567 lilia
1381 5518 1506 5584 ejus
1535 5531 1712 5588 patra-

137 5605 300 5655 verat,
326 5592 524 5647 ordine
559 5600 825 5652 recitavit.
859 5620 876 5652 ι
923 5601 1223 5659 Verisimile
1254 5618 1356 5670 est,
1385 5622 1586 5676 patrem
1621 5629 1712 5680 pro

140 5684 237 5739 lilia
271 5684 449 5754 pridie
475 5700 634 5754 Opem
667 5701 838 5746 sancti
869 5691 1105 5747 Matthzei
1141 5698 1461 5767 implorasse
1497 5718 1510 5754 :
1555 5703 1603 5756 id
1636 5715 1711 5757 ta-

138 5787 249 5826 men
287 5784 482 5830 auctor
513 5779 881 5843 praetermisit.

203 5870 279 5928 ἶῦ.
333 5893 352 5925 ¢
399 5873 607 5928 Eodem
662 5883 901 5944 tempore
956 5881 1152 5935 mulier
1199 5885 1439 5954 quaedam
1490 5889 1702 5944 unicam

1831 4687 1890 4726 os
1921 4671 2069 4724 exire
2102 4685 2208 4722 non
2245 4671 2439 4730 \almt,
2471 4685 2592 4720 cum
2621 4671 2824 4739 ingenti
2876 4671 3071 4724 faetore
3105 4686 3200 4740 per
3227 4684 3409 4741 postc-

1825 4764 1965 4816 riora
1995 4775 2244 4832 egressus
2275 4771 2376 4817 est.
2412 4761 2756 4830 Quapropter
2785 4774 2976 4815 omnes
3003 4763 3267 4815 Salvatori
3299 4765 3408 4817 Deo

1824 4856 2026 4923 pariter
2074 4854 2275 4922 gratias
2327 4852 2583 4914 retulere,
2631 4855 2721 4920 qui
2758 4869 2852 4921 per
2891 4857 3195 4919 apostolum
3245 4872 3404 4910 suum

1825 4949 1928 5000 tale
1981 4946 2235 5015 dignatus
2290 4954 2366 4997 est
2415 4946 2628 5012 operari
2684 4939 3031 5001 miraculum.
3076 4947 3406 5004 Athanasius

1821 5051 1998 5093 autern
2031 5040 2270 5098 dentem,
2301 5053 2462 5104 quem
2493 5037 2559 5088 ad
2586 5037 2970 5105 expelli-udum
3006 5041 3212 5090 hostem
3253 5040 3401 5091 inali-

1820 5150 1981 5204 gnum
2017 5132 2264 5191 dederat,
2316 5129 2633 5198 recolligere
2679 5141 2949 5198 satagens,
2986 5132 3170 5183 multis
3202 5133 3392 5187 frustra

1821 5224 2010 5280 ellusis
2081 5223 2357 5291 precibus,
2418 5236 2760 5288 nequaquam
2824 5221 2993 5273 valuit
3045 5221 3313 5275 obtinere.

1822 5319 2098 5372 Hactenus
2129 5316 2304 5385 priora
2344 5314 2607 5368 beneficia
2637 5312 3000 5367 Salernitanis
3038 5315 3255 5368 collata.

1892 5425 1979 5478 73.
2027 5425 2083 5477 ln
2112 5435 2340 5490 utroque
2375 5435 2478 5474 ms.
2506 5419 2852 5490 subjuugitur
2877 5421 3162 5474 translatio
3185 5422 3396 5477 brachii

1821 5520 2211 5576 Beneventum,
2243 5515 2310 5568 de
2341 5530 2449 5582 quo
2481 5522 2661 5567 tamen
2708 5513 2837 5565 nihil
2878 5513 3091 5583 reperio
3138 5516 3279 5583 apud
3313 5516 3398 5568 νὴ.

1821 5627 2000 5680 peram
2022 5611 2264 5677 aliosque
2283 5609 2577 5676 scriptorcs
2605 5605 3035 5660 Beneventauos.
3059 5608 3198 5672 Quid
3221 5625 3396 5664 causa:

1819 5707 1908 5767 sit,
1951 5719 2165 5773 nequeo
2215 5702 2485 5759 divinare,
2539 5698 2640 5750 uisi
2696 5698 2854 5760 forte,
2910 5700 3054 5768 quod
3109 5701 3393 5754 brachium

1818 5795 1958 5849 istud
1997 5810 2103 5846 non
2156 5791 2246 5846 diu
2285 5791 2545 5845 manserit
2580 5789 2900 5846 Beneventi.
2937 5792 3274 5864 Subjungam
3312 5805 3395 5849 ta~

1819 5904 1963 5952 meo,
1997 5904 2116 5958 qum
2145 5887 2198 5942 in
2225 5902 2355 5942 mss.
2387 5886 2622 5956 reperio,
2651 5901 2877 5957 quisque
2899 5902 2964 5941 ex
3000 5885 3190 5942 iisdem
3223 5887 3395 5940 etiam
