3956 6458
518 444 521 447 .
544 384 651 448 795

1774 380 2056 440 MENSIS
2099 377 2386 436 SEPTEM
2401 377 2569 439 BER.

3713 374 3819 440 796

545 498 824 556 enarravit
867 498 1157 561 Marsilius.
1209 514 1308 569 cap
1366 498 1463 553 l0:
1523 518 1538 549 ι
1577 497 1711 552 Cum
1763 507 1947 551 autem
1984 494 2125 548 fama
2156 490 2201 548 Α
2233 492 2405 555 Quam
2440 491 2599 547 facile
2637 504 2818 547 autem
2867 491 3014 546 illius
3072 490 3317 561 corporis
3359 490 3626 545 memoria
3674 490 3821 544 inte-

547 593 715 662 signis
762 592 1150 661 miraculisque
1203 593 1363 662 longe
1411 592 1630 658 lateque
1686 587 2020 651 vulgaretur,
2071 593 2125 639 et

550 683 903 750 Laudulphus
946 682 1359 736 Beneventanus
1382 684 1634 750 princeps
1658 681 1918 743 audisset,
1949 678 2126 731 Saler-

548 775 797 829 nitanum
818 774 1073 842 populum
1098 773 1395 828 beatissimi
1415 772 1650 827 Matthaai
1670 788 1889 841 corpus,
1910 771 2126 827 Christo

548 866 807 927 donante,
862 865 1163 933 possidere,
1218 880 1526 919 convocans
1570 879 1698 919 suos
1743 874 2022 933 magnates
2073 874 2128 917 et

549 956 843 1021 sapientes,
895 955 1125 1019 Scitote,
1165 956 1365 1024 inquit,
1401 971 1430 1009 a
1467 955 1574 1009 Deo
1602 957 1855 1009 donatam
1892 954 2123 1007 salutem

550 1044 913 1100 Salernitanis
946 1048 1258 1110 advenisse,
1317 1062 1519 1116 eosque
1551 1063 1754 1115 corpus
1794 1044 2125 1101 sanctissimi

549 1137 778 1205 apostoli
807 1148 861 1190 et
893 1139 1242 1208 evangelista:
1279 1138 1541 1202 Matthmi,
1589 1138 1707 1207 ipso
1741 1139 2037 1195 revelante.
2073 1137 2125 1189 in

551 1224 799 1281 Lucania:
830 1229 1028 1285 finibus
1063 1241 1361 1299 repertum,
1393 1245 1518 1284 cum
1557 1230 1771 1300 hymnis
1799 1240 1851 1284 et
1877 1230 2127 1283 laudibus

549 1318 692 1371 intra
736 1320 884 1375 urbis
922 1337 1034 1377 suae
1067 1322 1270 1376 muenia
1298 1321 1615 1376 collocasse.
1652 1318 1823 1385 Unde,
1854 1320 1897 1374 si
1926 1322 2126 1389 placet,

546 1408 951 1465 Salernitanum
997 1413 1303 1481 principem
1358 1422 1521 1481 atque
1568 1411 1879 1481 pontificem
1926 1412 2127 1481 pariter

548 1501 886 1556 obsecrando
923 1505 1265 1569 mandemus,
1303 1513 1360 1558 ut
1392 1504 1459 1557 ad
1496 1504 1719 1557 tutelam
1748 1513 1951 1557 nostra:
1986 1517 2122 1572 quo.

548 1606 653 1660 que
685 1593 923 1648 civitatis
953 1611 1017 1649 ex
1065 1597 1255 1650 eodem
1286 1596 1633 1650 sanctissimo
1665 1611 1890 1665 corpore
1921 1606 2127 1666 partem

548 1684 778 1751 aliquam
808 1686 983 1755 largiri
1012 1688 1322 1757 dignentur.
1353 1689 1661 1741 lllisantem
1690 1689 1958 1756 principis
1980 1689 2123 1741 dicta

551 1775 933 1843 probantibus,
972 1780 1123 1834 missi
1153 1790 1283 1834 sunt
1314 1780 1565 1847 protinus
1615 1780 1855 1833 illustres
1896 1781 1991 1833 viri
2028 1780 2129 1835 Sa-

548 1866 785 1934 lernum,
839 1873 1019 1940 magni
1067 1874 1313 1926 muneris
1364 1889 1552 1942 preces
1602 1874 1934 1928 humillimas
1984 1875 2132 1930 defc-

549 1968 753 2013 rentcs.
803 1960 950 2026 Quos
1000 1963 1257 2033 princeps
1302 1974 1355 2018 et
1400 1965 1643 2034 pontifex
1682 1966 1913 2035 benigne
1960 1968 2138 2021 susci-

553 2050 790 2116 pientes,
821 2063 982 2121 atque
1015 2069 1203 2108 eorum
1243 2056 1600 2123 petitionibus
1645 2067 1974 2122 annuentes,
2013 2058 2133 2111 bra-

550 2141 733 2193 chium
783 2142 889 2195 illis
942 2146 1083 2198 sacri
1119 2148 1368 2214 corporis
1415 2162 1629 2200 summa
1663 2164 1786 2201 cum
1826 2151 2131 2204 reverentia

553 2234 772 2288 tradunt
805 2237 919 2290 suis
971 2238 1289 2293 concivibus
1316 2240 1697 2300 deferendum.
1730 2243 1851 2307 Quo
1883 2255 2130 2312 accepto,

552 2324 846 2391 plurimum
920 2331 1280 2397 gratulantes,
1334 2332 1740 2401 immensasque
1792 2336 1901 2387 Deo
1971 2345 2133 2403 atque

553 2420 799 2483 apostolo
818 2419 1018 2473 Christi
1042 2423 1244 2490 gratias
1264 2422 1588 2484 referentes.
1612 2424 2133 2496 inconiparaliilique

554 2505 697 2559 dono
730 2510 1117 2578 tripudiantes,
1168 2511 1543 2569 Beneventum
1592 2519 1812 2572 concito
1845 2521 2013 2589 gradu
2049 2537 2135 2575 rc-

551 2599 721 2663 gressi
770 2611 920 2653 sunt.
975 2600 1082 2656 Sed
1129 2614 1427 2673 antequam
1464 2607 1611 2661 urbis
1656 2610 1929 2665 mmnibus
1960 2613 2133 2681 appli-

552 2688 815 2750 cuissent,
846 2691 984 2745 idem
1022 2696 1275 2765 princeps
1320 2708 1373 2751 et
1402 2700 1719 2769 episc0pus,
1765 2704 1856 2770 qui
1894 2713 2024 2755 tunc
2051 2706 2134 2757 ei-

554 2779 676 2831 dem
708 2781 913 2837 civitati
948 2797 1240 2855 praeerant,
1273 2806 1398 2843 cum
1427 2792 1574 2843 omni
1615 2794 1816 2861 populo
1846 2796 2133 2863 utriusque

556 2884 717 2927 sexus
770 2883 825 2927 et
872 2879 1049 2931 artatis
1083 2881 1163 2932 eis
1212 2881 1429 2935 obviam
1476 2883 1749 2949 exierunt,
1800 2896 1962 2955 atque
2010 2906 2132 2944 cum

559 2964 776 3033 hymnis
804 2978 859 3022 et
902 2970 1153 3026 laudibus
1184 2974 1325 3027 sacri
1355 2977 1601 3043 corporis
1631 2978 1917 3031 brachium
1961 2982 2132 3034 hono-

555 3060 796 3115 rabiliter
822 3066 1240 3131 transtulerunt,
1273 3079 1439 3138 atque
1468 3070 1607 3123 intra
1635 3071 1786 3124 urbis
1813 3076 2014 3127 muenia
2047 3091 2129 3129 rc-

556 3162 809 3205 verenter
839 3156 1194 3210 collocarunt.
1231 3178 1247 3209 ι

630 3242 715 3297 76.
760 3245 851 3300 His
873 3247 1090 3303 additur
1117 3252 1460 3319 beneficium,
1498 3255 1639 3323 quod
1674 3258 1952 3326 accepisse
1987 3275 2136 3314 asse-

559 3334 694 3387 ritur
734 3337 1087 3409 Landulphus
1120 3359 1487 3414 cognomento
1536 3348 1781 3412 Graecus,
1829 3352 1921 3419 qui
1958 3351 2130 3406 Bene-

560 3429 704 3482 venti
737 3445 955 3486 carcere
986 3444 1101 3487 erat
1135 3437 1400 3497 reclusus,
1432 3450 1487 3490 et
1515 3440 1769 3492 nianibus
1801 3442 2137 3509 pedibusque

561 3516 796 3571 vinctus.
837 3519 968 3573 Dum
1000 3526 1146 3575 enim
1173 3526 1427 3580 audiebat
1455 3529 1672 3582 sonitus
1700 3528 1946 3597 festivos,
1983 3533 2141 3587 intel-

563 3604 865 3679 ligebatque
894 3628 988 3668 eos
1024 3614 1108 3668 edi
1158 3616 1227 3671 ob
1257 3618 1481 3672 allatum
1519 3624 1693 3678 sancti
1744 3624 1978 3680 Matthmi
2017 3628 2139 3682 bra-

561 3696 769 3760 chium,
839 3701 1014 3756 eidem
1066 3718 1258 3760 saneto
1317 3723 1375 3761 se
1424 3712 1853 3774 commendavit,
1911 3726 1965 3768 et
2016 3733 2136 3770 mox

562 3790 743 3842 omnia
781 3792 993 3846 vincula
1026 3809 1123 3848 sua
1170 3797 1387 3869 dirupta
1427 3800 1578 3864 vidit,
1628 3803 1951 3857 mirantibus
1995 3821 2139 3859 cun-

564 3878 688 3937 etis.
737 3880 827 3949 qui
877 3883 1126 3942 aderant.
1184 3906 1202 3939 ι
1242 3889 1487 3959 Cumque
1537 3892 1640 3947 hoc
1679 3895 1909 3965 principi
1952 3895 2144 3953 fuisset

568 3970 816 4034 relatum,
848 3976 1025 4045 inquit
1050 3989 1265 4041 auctor,
1298 3998 1424 4035 eum
1456 3986 1611 4040 ocius
1637 3986 1702 4040 dc
1734 4003 1954 4043 carcere
1985 3991 2139 4044 educi

568 4065 863 4126 mandavit,
916 4078 1079 4136 atque
1121 4080 1250 4127 ante
1296 4089 1454 4128 suum
1492 4088 1847 4145 conspectum
1894 4083 2089 4137 adduci
2126 4101 2140 4137 :

566 4171 725 4223 quem
774 4161 988 4227 placitis
1021 4176 1334 4233 correptum
1377 4170 1555 4224 verbis
1582 4187 1683 4225 suo
1714 4174 2002 4228 confestim
2045 4178 2144 4231 ho—

568 4254 683 4303 nori
719 4256 973 4321 restituit,
997 4259 1393 4330 pristinamque
1420 4263 1495 4320 illi
1524 4266 1752 4335 gratiam
1781 4269 2087 4324 redonavit.
2121 4288 2139 4321 ι

567 4339 839 4399 llacteuus
860 4359 1050 4401 auctor
1078 4364 1404 4420 anonymus,
1436 4355 1528 4422 qui
1558 4356 1929 4412 verisimiliter
1959 4359 2145 4415 floruit

570 4438 770 4491 sarculo
803 4455 855 4499 ι.
913 4456 1035 4494 cum
1074 4442 1211 4497 nihil
1268 4445 1443 4500 tradat
1474 4446 1542 4501 de
1588 4448 1676 4509 iis.
1725 4466 1844 4519 quae
1894 4456 2140 4523 sequenti

2233 586 2339 636 rire
2371 583 2605 651 potuerit
2638 583 2691 636 in
2725 582 2988 647 Lucania,
3026 584 3113 637 ubi
3157 584 3471 651 depositum
3524 582 3711 635 fuerat
3764 583 3817 633 in

2229 674 2460 727 ecclesia
2496 691 2663 744 prope
2723 677 2981 736 Paestum,
3019 674 3292 728 civitatem
3324 675 3535 727 bellicis
3573 672 3822 726 motibus

2231 779 2459 832 prorsus
2489 766 2745 827 dirutam,
2796 767 2939 818 clare
2996 765 3389 833 perspiciemus
3445 766 3636 827 exiis,
3702 779 3824 831 quin

2231 857 2479 924 sequenti
2514 857 2713 910 saeculo
2740 857 3085 924 contigerunt
3109 856 3161 908 in
3199 856 3314 924 ipsa
3357 856 3581 908 civitate
3632 856 3821 909 Saler-

2231 947 2440 1009 nitana,
2470 947 2559 1000 ubi
2592 948 2842 1001 similiter
2865 948 3038 1015 primo
3075 948 3173 999 fuit
3203 946 3482 1000 oblivione
3508 948 3816 1013 perditum,

2230 1054 2292 1091 ac
2324 1050 2511 1108 postea
2538 1038 2770 1093 feliciter
2805 1040 3106 1093 inventuiri.
3142 1039 3411 1091 Baronius
3470 1038 3537 1090 ad
3610 1054 3818 1090 annum

2234 1130 2372 1185 1080
2405 1147 2471 1184 ex
2504 1131 2823 1198 c0njcctura
2882 1130 3275 1183 verisimillima
3330 1130 3487 1194 dicit,
3546 1130 3621 1183 ob
3673 1132 3819 1182 varia

2231 1224 2497 1278 bellorum
2532 1223 2849 1276 discrimina
2877 1221 3210 1276 occultatum
3245 1221 3434 1283 fuisse,
3493 1230 3569 1284 et,
3608 1232 3659 1272 ut
3696 1238 3821 1273 crc-

2231 1316 2391 1379 didit,
2422 1332 2487 1370 ex
2549 1317 2829 1371 hominum
2872 1318 3133 1369 memoria
3200 1314 3306 1382 jam
3352 1314 3663 1374 cﬂlttxnrat,
3724 1314 3817 1367 sed

2236 1406 2353 1460 fere
2378 1408 2550 1459 solum
2578 1407 2794 1476 ignotus
2814 1415 2928 1459 erat
2964 1405 3135 1468 locus,
3158 1404 3245 1458 ubi
3276 1404 3453 1457 fuerat
3476 1405 3815 1472 depositura.

2234 1497 2347 1551 Hoc
2371 1506 2553 1552 autem
2609 1512 2714 1549 non
2741 1511 2863 1548 raro
2893 1497 3119 1564 contigit
3150 1496 3215 1549 de
3250 1496 3371 1549 aliis
3415 1510 3640 1564 quoque
3692 1512 3820 1546 san-

2234 1599 2442 1643 ctorum
2476 1587 2820 1657 corporibus,
2854 1601 2972 1654 quae
3002 1586 3195 1639 timore
3224 1586 3498 1647 nimio,ue
3531 1586 3822 1637 auferren-

2237 1692 2325 1734 tur
2362 1697 2390 1733 a
2424 1696 2720 1751 quoquam,
2757 1680 3002 1749 deposita
3033 1678 3252 1732 fuerant
3309 1680 3429 1731 loco
3469 1680 3665 1747 paucis
3730 1695 3825 1731 co-

2235 1774 2405 1842 gnito,
2442 1784 2495 1827 et
2518 1775 2595 1829 sic
2614 1782 2708 1826 aut
2734 1774 2903 1826 multo
2937 1782 3182 1843 tempore
3205 1771 3482 1824 latuerunt
3517 1772 3821 1829 autetiam,

2237 1882 2364 1919 num
2395 1865 2583 1920 latent.

2307 1958 2393 2011 78.
2422 1956 2643 2011 Certum
2662 1971 2878 2026 quoque
2900 1966 3003 2019 est,
3027 1966 3272 2025 tempore
3298 1952 3355 2008 S.
3385 1954 3643 2026 Gregorii
3664 1953 3822 2023 Papa:

2236 2046 2321 2102 \‘ll
2359 2049 2638 2102 inventum
2682 2048 2850 2101 fuisse
2875 2046 3085 2100 Salerni
3120 2062 3318 2115 corpus
3343 2048 3523 2101 sancti
3558 2046 3822 2110 Matthaei,

2237 2152 2290 2193 et
2324 2140 2620 2195 secundam
2665 2140 2805 2192 hanc
2864 2155 2984 2192 esse
3049 2139 3421 2191 inventionem
3480 2139 3627 2192 sacri
3680 2140 3824 2193 illius

2240 2234 2483 2287 thesauri
2550 2234 2602 2286 in
2670 2247 2837 2301 regno
2912 2230 3286 2299 Neapolitano,
3362 2230 3491 2283 licet
3552 2229 3824 2285 Marsilius

2239 2339 2360 2390 cap.
2391 2326 2421 2377 9
2456 2323 2752 2375 secundam
2789 2322 3164 2375 inventionem
3205 2336 3327 2374 cum
3364 2321 3543 2389 prima
3585 2323 3822 2375 confun-

2238 2415 2350 2468 dat.
2392 2416 2605 2467 Annum
2642 2414 2979 2468 inventionis
3036 2414 3293 2469 secunda:
3349 2412 3546 2467 nulltbi
3582 2414 3827 2484 assignav

2238 2518 2349 2563 tum
2383 2508 2620 2561 invenio.
2657 2508 2727 2560 Λι
2758 2522 2907 2571 cum,
2952 2507 3288 2575 temporibus
3315 2504 3567 2574 Gregorii
3598 2506 3712 2569 VII,
3742 2507 3821 2557 Al-

2235 2600 2400 2671 phani
2419 2598 2813 2666 archiepiscopi
2835 2596 3183 2657 Salernitani,
3212 2605 3267 2649 et
3288 2594 3582 2647 Salernum
3603 2606 3821 2649 tenente

2237 2691 2474 2743 Roberto
2506 2688 2824 2749 Guiscardo,
2873 2688 3010 2740 facta
3036 2686 3105 2739 sit
3135 2685 3222 2738 illa
3250 2684 3514 2750 inventio,
3544 2697 3604 2739 ut
3624 2688 3827 2756 colligit

2237 2798 2298 2835 ex
2338 2781 2535 2835 litteris
2587 2780 2916 2851 Gregoriiad
2954 2780 3265 2848 Alphanum
3304 2796 3429 2833 mox
3495 2782 3821 2845 recitandis,

2238 2890 2346 2927 non
2382 2883 2561 2941 potest
2582 2874 2737 2942 longe
2766 2873 2954 2927 abesse
2984 2873 3053 2926 ab
3081 2887 3232 2925 anno
3262 2872 3419 2937 1080,
3441 2890 3553 2942 quo
3590 2875 3824 2929 refertur

2238 2981 2265 3019 a
2297 2965 2554 3018 Barouio.
2592 2964 2723 3019 Nam
2775 2980 2916 3020 anno
2966 2964 3102 3019 1077
3167 2964 3452 3020 Salernum
3502 2983 3532 3020 a
3586 2968 3827 3021 Rohcrto

2239 3058 2539 3113 Guiscardo
2605 3072 2928 3128 occupatum
3003 3058 3277 3113 existimat
3352 3059 3710 3123 MuratOrius,
3774 3062 3823 3114 in

2165 3168 2207 3223 ο
2243 3153 2540 3204 Annalibus
2577 3151 2774 3211 Italia’,
2817 3151 2881 3203 ad
2926 3166 3129 3204 annum
3183 3150 3337 3203 1077.
3392 3148 3495 3202 Alii
3554 3151 3621 3203 ad
3693 3151 3828 3205 1075

2240 3254 2335 3297 aut
2384 3244 2519 3298 1076
2556 3244 2703 3297 illius
2754 3243 2988 3297 civitatis
3036 3244 3497 3313 expugnationem
3558 3242 3825 3295 referunt.

2242 3340 2393 3394 Obiit
2423 3355 2605 3393 autem
2665 3339 2917 3391 laudatus
2973 3338 3241 3389 ltobertus
3272 3353 3416 3388 anno
3459 3337 3616 3391 i085.
3654 3336 3730 3389 uti
3777 3348 3829 3389 et

2242 3432 2537 3499 Gregorius
2600 3430 2711 3495 Vll,
2777 3431 2885 3484 imo
2939 3441 2993 3483 et
3040 3430 3325 3498 Alphanus
3376 3430 3831 3498 archiepiscopus

2244 3524 2548 3577 secundum
2586 3522 2895 3592 Uglicllum.
2928 3522 3178 3575 Iuventio
3210 3520 3373 3592 igitur
3416 3530 3569 3574 certo
3594 3523 3828 3592 contigit

2245 3618 2385 3670 inter
2415 3632 2616 3669 annum
2656 3616 2786 3669 10ῖό
2815 3627 2867 3670 et
2905 3618 3064 3678 1085.
3099 3616 3353 3684 ideoque.
3389 3624 3448 3666 ut
3502 3615 3821 3675 minimum,

2244 3721 2464 3763 centum
2506 3720 2562 3762 et
2602 3712 2788 3779 viginti
2824 3712 2982 3765 annis
3025 3722 3146 3778 post
3180 3709 3523 3778 primam,'ut
3558 3706 3711 3759 nulla
3750 3722 3831 3757 ra-

2246 3802 2391 3854 tione
2422 3815 2544 3853 cum
2565 3802 2655 3854 illa
2680 3802 2942 3854 confundi
2978 3803 3175 3855 valeat.
3211 3802 3376 3853 llecte
3438 3800 3604 3869 igitur
3628 3800 3833 3853 ambas

2246 3896 2595 3953 inventiones
2629 3892 2918 3965 distinguit
2948 3891 3156 3961 GaSpar
3186 3891 3365 3944 Musca
3404 3893 3455 3941 in
3488 3890 3833 3958 Compendio

2245 3989 2311 4043 de
2349 3990 2468 4044 Vita
2535 4001 2589 4045 et
2639 3984 3094 4043 translationibus
3151 3983 3324 4038 sancti
3372 3980 3613 4034 Matthwi
3658 3991 3716 4034 et
3778 3982 3830 4033 in

2246 4083 2683 4151 archiepiscopis
2712 4078 3101 4135 Salernitanis.

2320 4175 2407 4228 79.
2436 4172 2673 4240 Epistola
2702 4169 2760 4223 S.
2789 4168 3035 4237 Gregorii
3085 4165 3197 4230 Vll,
3241 4180 3303 4217 ex
3363 4180 3467 4233 qua
3515 4164 3627 4233 jam
3684 4164 3830 4218 dicta

2248 4266 2602 4333 colliguntur,
2638 4261 2783 4330 apud
2814 4258 3105 4311 Baronium
3148 4257 3213 4308 ad
3246 4270 3449 4307 annum
3492 4255 3630 4307 1080
3693 4256 3834 4309 reci-

2252 4364 2400 4411 tatur
2432 4354 2534 4408 hoc
2590 4352 2751 4407 modo
2806 4365 2820 4402 :
2867 4366 2887 4399 ι
2948 4345 3245 4418 Gregorius
3296 4344 3590 4413 episcopus
3640 4360 3831 4400 servus

2252 4460 2536 4503 servorum
2569 4444 2663 4499 Dei
2689 4442 2846 4498 fratri
2876 4449 2932 4497 et
2966 4440 3298 4510 coepiscopo
3332 4435 3690 4493 Salernitano
3731 4438 3829 4489 AI-

571 4530 768 4583 steculo
802 4532 939 4587 facta
968 4535 1311 4601 videbimus;
1341 4537 1451 4591 imo
1489 4518 1848 4595 vehementer
1878 4518 2143 4613 suspicor,
2176 4518 2220 4575 D
2253 4544 2432 4613 phano
2455 4542 2684 4595 salutem
2726 4547 2782 4591 et
2815 4535 3173 4604 apostolicam
3234 4530 3706 4585 benedictionem.
3744 4528 3830 4581 Di-

569 4633 676 4673 non
716 4624 881 4675 alium
915 4639 1037 4679 esse
1078 4628 1145 4680 ab
1175 4641 1448 4698 anonymo
1489 4629 1858 4695 Salernitano,
1894 4636 1985 4703 qui
2022 4652 2147 4691 ver-

572 4708 656 4763 bis
689 4728 841 4765 num.
876 4712 946 4768 65
975 4715 1117 4770 datis
1158 4722 1227 4772 de
1262 4719 1412 4775 hisce
1454 4723 1680 4778 uberius
1727 4742 1785 4783 se
1816 4728 2141 4796 scripturum

574 4815 845 4868 prounsnt.

569 4958 597 5027 ᾗ
630 4961 714 5015 Vl.
745 4962 944 5032 Carpus
971 4967 1160 5019 iterum
1203 4969 1465 5022 inventum
1494 4969 1730 5033 Salerni,
1766 4985 1814 5027 et
1844 4979 1914 5029 ad
1963 4995 2146 5031 novam

684 5035 956 5088 ecclesiam
985 5038 1323 5093 translatum.
1370 5039 1528 5094 Varia
1556 5041 1741 5095 Sancti
1772 5048 2031 5114 bene/icio.

655 5174 748 5226 77.
777 5172 1095 5243 Quanquam
1132 5192 1239 5230 non
1284 5179 1415 5233 satis
1453 5180 1722 5239 novimus.
1752 5199 1859 5249 quo
1911 5194 2150 5253 tempore

580 5274 674 5320 aut
702 5265 858 5333 cujus
881 5283 1041 5333 opera
1072 5284 1270 5339 corpus
1302 5270 1482 5326 sancti
1511 5271 1743 5327 Matthzei
1779 5276 1828 5327 in
1857 5276 2148 5331 Lucaniam

581 5355 750 5410 fuerit
794 5356 1059 5421 delatum,
1102 5360 1231 5414 illud
1290 5370 1468 5416 tamen
1506 5363 1705 5417 ibidem
1757 5380 1900 5418 anno
1934 5365 2038 5419 954
2072 5366 2151 5417 iu-

583 5459 831 5513 ventum,
864 5463 920 5505 et
972 5453 1259 5506 Salernum
1293 5469 1457 5523 Opera
1512 5454 1760 5526 Gisnlphi
1810 5459 2070 5526 principis
2101 5470 2154 5513 et

579 5544 873 5599 Bernardis
904 5547 1145 5616 episcopi
1166 5546 1492 5602 Salernitani
1518 5548 1833 5602 translatum
1856 5552 2153 5618 scriptores

583 5648 854 5693 testantur
892 5647 999 5691 tam
1052 5639 1282 5707 antiqui,
1312 5640 1570 5693 nimirum
1615 5642 1931 5711 Auonymus
1976 5644 2156 5695 Saler-

584 5732 821 5794 nitanus,
853 5733 944 5801 qui
980 5734 1089 5788 fere
1126 5735 1315 5789 eodem
1370 5735 1569 5790 vixisse
1626 5745 1867 5806 tempore
1920 5737 2149 5799 videtur,

586 5835 635 5877 et
679 5822 781 5879 Leo
815 5825 1100 5892 Ostiensis,
1164 5838 1221 5881 ut
1252 5826 1410 5881 fidem
1442 5827 1506 5883 iis
1543 5844 1739 5901 negare
1795 5846 2146 5901 nequeamus.

2251 4634 2389 4687 vina:
2419 4630 2638 4700 pietatis
2669 4625 2939 4696 respectui
2978 4624 3180 4693 gratias
3211 4622 3463 4690 ingentes
3512 4622 3830 4677 referimus.

2249 4724 2408 4793 cujus
2447 4718 2692 4791 dignatio
2725 4717 3045 4772 thesaurum
3087 4728 3345 4783 magnum
3372 4712 3582 4775 totique
3626 4717 3831 4768 mundo

2249 4815 2597 4887 profuturum
2634 4813 2836 4866 nostris
2873 4808 3213 4878 temporibus
3257 4806 3692 4861 misericorditer
3750 4822 3835 4859 re-

2250 4909 2471 4964 velavit.
2524 4905 2640 4962 Non
2668 4905 2941 4959 immerito
2973 4912 3080 4955 tua:
3126 4913 3347 4969 quoque
3376 4898 3660 4951 dilectioni
3702 4915 3830 4965 gra-

2251 5003 2509 5063 tulamur,
2537 5013 2658 5068 qua:
2690 5004 2853 5051 tanta
2874 4992 3077 5047 laetitiae
3106 4990 3323 5046 cmlitus
3368 5004 3558 5043 revera
3599 5001 3833 5043 ostensa:

2254 5092 2549 5162 participes
2587 5106 2684 5144 nos
2738 5089 2953 5142 efﬁcere
2985 5086 3219 5140 sollicite
3270 5083 3613 5154 procuravit.
3642 5084 3830 5137 Credi-

2255 5200 2375 5238 mus
2409 5183 2678 5254 siquidetn
2727 5189 2782 5235 et
2812 5180 3194 5233 incunctanter
3222 5175 3543 5236 asserimus,
3593 5174 3663 5229 de
3696 5176 3826 5228 tanti

2254 5277 2499 5345 corporis
2537 5273 2851 5328 inventione
2884 5286 2992 5325 non
3026 5269 3200 5323 solum
3234 5268 3414 5336 ipsum
3446 5265 3669 5321 beatum
3697 5267 3829 5319 Mat-

2258 5372 2456 5424 Iliacum
2482 5368 2812 5438 apostolum,
2850 5378 3039 5417 verum
3075 5361 3239 5416 etiam
3282 5369 3511 5413 caeteros
3540 5372 3828 5429 coaposto-

2257 5463 2336 5515 los
2361 5477 2483 5515 cum
2512 5459 2732 5515 Sanctis
2763 5456 3019 5509 omnibus
3063 5454 3305 5522 ipsisque
3355 5452 3675 5504 cmiestibus
3708 5452 3827 5519 Spi-

2260 5554 2478 5617 rilibus,
2505 5562 2559 5605 et
2589 5549 2822 5621 gloriosa
2859 5547 2949 5600 Dei
2973 5546 3250 5599 Genitrice
3285 5543 3472 5604 Maria,
3505 5545 3826 5596 mortalibus

2261 5646 2628 5713 congaudere,
2667 5652 2827 5709 atque
2857 5639 3096 5708 ipsorum
3143 5636 3386 5689 omnium
3445 5636 3626 5687 studia
3690 5635 3826 5687 circa

2261 5739 2558 5791 humanum
2596 5749 2764 5806 genus
2806 5734 2903 5785 hoc
2952 5741 3219 5800 tempore,
3252 5744 3411 5798 quam
3462 5728 3606 5790 aliis,
3663 5727 3827 5779 multo

2264 5829 2614 5901 prOpensiora
2683 5826 3023 5895 multumque
3114 5836 3233 5876 esse
3330 5820 3707 5877 uberautiora.
3774 5818 3824 5871 Si
