3956 6460
155 408 271 470 797

155 520 313 577 enim
397 521 608 576 ceteris
680 521 1020 591 temporibus

157 614 401 671 trocinia
452 614 541 684 pia
598 628 709 668 non
761 615 1057 680 deserunt;
1111 614 1419 671 certissime
1486 621 1621 666 tunc
1660 627 1758 680 po-

157 708 442 762 tissimum
477 708 748 776 speranda
780 716 911 761 sunt
944 722 1136 761 eorum
1192 705 1416 769 auxilia,
1462 720 1590 760 cum
1628 719 1762 757 san-

155 799 418 855 ctissima
452 814 644 854 eorum
670 814 902 868 corpora
934 799 1092 854 nobis
1126 800 1282 868 quasi
1313 798 1559 853 rediviva
1576 798 1766 851 divino

159 902 306 946 nutu
349 892 812 946 manilestantur:
842 902 899 947 et
936 892 1079 946 sicut
1103 907 1203 962 per
1234 892 1483 962 corporei
1505 900 1765 960 aspectus

160 983 438 1037 intuitum
494 992 753 1053 tanquam
811 983 946 1038 ﬁdes
1013 984 1285 1050 cernitur,
1343 998 1470 1052 spes
1520 985 1631 1054 jam
1685 995 1768 1037 te-

159 1086 376 1141 netur;
436 1076 508 1129 ita
556 1092 747 1131 eorum
822 1075 1086 1131 beneﬁcia
1147 1084 1278 1131 tunc
1350 1091 1479 1144 erga
1537 1076 1763 1131 devotos

160 1171 451 1234 renovari,
500 1170 836 1239 uberiusque
891 1170 1203 1224 redundare
1270 1168 1607 1223 credendum
1653 1179 1761 1224 εει.

162 1261 324 1316 Unde
388 1262 554 1316 etiam
614 1273 807 1316 sancta
865 1262 1193 1316 universalis
1243 1260 1508 1322 Ecclesia.
1550 1262 1756 1316 dudum

160 1352 386 1421 magnis
415 1351 725 1407 turbinibus
758 1350 1031 1421 variisque
1059 1351 1317 1419 procellis
1348 1351 1606 1421 impulsa,
1643 1350 1758 1405 cla-

166 1460 384 1498 morem
410 1459 571 1499 suum
601 1459 630 1498 a
664 1444 1237 1500 Dominoexauditum
1264 1460 1373 1499 non
1403 1443 1639 1510 dubitet,
1661 1446 1758 1500 sed

161 1539 231 1590 ad
266 1536 443 1607 quieti
478 1537 677 1591 littoris
710 1538 1066 1593 securitatem
1097 1540 1311 1593 alacres
1367 1540 1559 1594 oculos
1621 1554 1652 1593 e
1681 1539 1761 1593 vi-

160 1630 295 1684 cino
331 1630 648 1693 intendens,
676 1630 819 1685 beati
855 1630 1091 1685 Mattbaei
1158 1632 1390 1702 apostoli
1442 1632 1757 1702 praesidium

155 1722 320 1791 juxta
359 1724 802 1793 contempletur:
832 1726 1092 1794 quoniam
1126 1725 1237 1792 jam
1276 1740 1424 1780 nunc
1452 1739 1561 1778 non
1596 1725 1761 1780 dubie

158 1816 277 1883 agit
320 1815 374 1869 in
408 1824 589 1885 portu,
618 1818 703 1868 cui
740 1832 890 1869 suain
920 1818 1268 1885 praesentiam
1296 1817 1536 1871 ostendit
1557 1817 1759 1888 guber-

1474 411 1643 469 Vl'I‘A
1688 411 1747 469 S.
1786 409 2173 469 ΜΑἸἾἪᾸΞΙ.

1118 531 1432 577 sanctorum
1518 537 1620 575 nos
1671 535 1763 589 pa-
1797 526 1840 581 Α
1872 523 2061 574 venire
2091 537 2153 576 ac
2189 520 2381 591 primis
2413 521 2670 590 Vesperis
2699 536 2799 576 nec
2835 536 2943 577 non
2975 520 3157 576 missa:
3218 521 3451 577 solemni

3342 409 3447 476 798

1872 614 2276 686 pontificalibus
2335 615 2510 669 induti
2566 618 2853 677 interesse,
2940 625 3087 668 certa
3173 615 3453 684 proposita

1871 722 2028 777 poma
2061 717 2343 763 tenentur.
2383 706 2540 773 Quod
2576 719 2631 762 et
2652 708 2772 762 sine
2802 709 3229 775 intermissione
3258 709 3454 763 hacte-

1873 814 1978 853 nus
2005 799 2427 867 diligentissime
2462 809 2737 854 servatuui
2770 809 2880 862 est,
2914 809 2970 855 et
3000 800 3221 854 assidue
3264 814 3454 854 serva-

1870 904 1978 949 tur.
2026 914 2044 945 i
2077 893 2203 949 Post
2228 894 2343 947 hazc
2378 893 2633 948 laudatus
2662 905 2855 948 auctor
2889 895 3066 961 vergit
3121 894 3186 948 ad
3239 893 3451 948 descri-

1870 987 2113 1055 ptionem
2138 984 2378 1056 regionis
2417 985 2847 1047 Picentinoruni,
2876 995 2931 1038 et
2961 984 3114 1039 urbis
3151 983 3453 1038 Saleriiita—

1868 1090 1975 1141 me,
2014 1091 2134 1145 quae
2156 1075 2277 1144 ejus
2302 1083 2384 1128 est
2420 1074 2741 1143 inetr0polis
2774 1076 2840 1129 ad
2900 1089 3050 1128 mare
3103 1072 3450 1144 Tyrrhenum

1866 1175 1921 1219 et
1954 1166 2139 1219 sinum
2185 1166 2595 1238 Saleriiitanuin
2648 1165 2771 1219 sita.
2825 1164 2961 1218 Tum
3029 1163 3290 1232 templum
3335 1162 3450 1231 jam

1863 1257 2096 1318 dictum,
2129 1257 2278 1325 quod
2326 1256 2810 1325 metropolitanum
2852 1264 2958 1319 est,
3014 1255 3122 1309 late
3166 1252 3449 1317 describit,

1864 1349 2109 1418 illudque
2134 1349 2357 1403 aitesse
2405 1347 2759 1418 longitudinis
2810 1362 3069 1417 passuum
3132 1346 3452 1417 nonaginta,

1866 1440 2171 1497 latitudinis
2226 1455 2358 1495 vero
2416 1440 2662 1511 triginta,
2702 1448 2756 1494 et
2800 1440 2963 1509 justa:
3023 1438 3216 1494 itidem
3267 1437 3454 1492 altitu-

1866 1536 2031 1592 ditiis.

1937 1630 2026 1686 8i.
2060 1630 2317 1701 Cryptani
2348 1631 2535 1701 templi
2577 1631 3022 1693 subterraneam,
3053 1628 3109 1683 in
3144 1641 3248 1696 qua
3276 1624 3451 1694 depo-

1864 1724 2029 1778 situm
2062 1734 2145 1779 est
2173 1741 2375 1795 corpus
2428 1725 2603 1781 sancti
2645 1724 2904 1787 Mattliaei,
2961 1722 3214 1777 similiter
3244 1720 3453 1774 deseri-

1864 1818 1964 1881 bit,
1998 1817 2140 1871 etde
2165 1832 2397 1887 corpore
2419 1817 2491 1870 ibi
2522 1817 2836 1875 scrvatoita
2896 1813 3159 1883 loquitur,
3194 1826 3315 1881 pag.
3356 1809 3444 1863 80:

162 1919 330 1963 iiator
360 1907 645 1974 antiquus.
674 1905 1023 1976 Quapropter
1050 1908 1117 1962 de
1148 1908 1282 1962 tanti
1322 1910 1567 1962 thesauri
1599 1925 1753 1965 reve-
1792 1904 1829 1958 Β
1866 1927 1887 1963 ι
1924 1908 2031 1963 Sed
2074 1898 2221 1977 quod
2271 1920 2355 1962 est
2388 1909 2441 1962 iii
2474 1909 2587 1977 ipsa
2624 1916 2811 1976 crypta
2854 1903 3243 1964 venerabilius,
3280 1910 3335 1953 ct
3382 1914 3445 1952 ex

161 1999 377 2053 latione
412 2010 506 2054 tua
549 1998 863 2055 fraternitas
903 2001 1138 2056 exsultet
1168 2004 1219 2055 in
1256 2001 1506 2067 Domino,
1541 2014 1597 2058 et
1631 2005 1758 2058 bea-

165 2091 422 2147 tissiiiias
487 2090 750 2161 reliquias
790 2093 989 2148 debitae.
1042 2096 1415 2150 venerationis
1473 2096 1758 2167 obsequiis

163 2184 357 2255 dignis
417 2185 778 2254 amplectens,
822 2186 1123 2257 gloriosum
1186 2186 1381 2242 ducem
1432 2187 1755 2255 Robertum,

165 2276 879 2347 ipsiusqueiiobiliSsimam
933 2279 1218 2349 conjugem
1271 2282 1520 2336 hortetur
1555 2292 1609 2337 et
1639 2299 1757 2337 mo-

167 2376 322 2430 neat,
365 2378 643 2435 quatenus
712 2378 817 2421 tam
878 2370 1079 2440 insigni
1131 2381 1382 2439 patrono,
1433 2375 1521 2441 qui
1581 2391 1638 2430 se
1680 2376 1760 2431 eis

164 2463 555 2515 demonstrare
580 2460 832 2531 dignatus
859 2470 965 2527 est,
998 2464 1358 2517 reverentiam
1403 2475 1459 2519 et
1493 2466 1755 2523 honorem

165 2552 805 2619 decenterexhibentes,
866 2554 1039 2625 ipsius
1104 2556 1335 2626 gratiam
1391 2566 1448 2611 et
1495 2560 1755 2612 auxilium

167 2648 277 2702 sibi
316 2647 545 2717 suisque
577 2650 878 2718 promereri
930 2648 1144 2703 nisibus
1192 2665 1421 2704 summa:
1453 2651 1759 2708 devotionis

166 2740 537 2795 contendant.
603 2742 722 2795 Dat.
753 2741 939 2796 Roma:
995 2758 1091 2796 inii
1129 2741 1249 2799 Kal.
1288 2742 1482 2799 Octob.
1520 2763 1538 2796 ι
1565 2744 1762 2799 Hacte-

166 2848 277 2886 nus
314 2830 629 2901 Gregorius,
690 2833 848 2903 cujus
903 2832 1145 2903 Epistula
1206 2832 1609 2904 procnl'dubio
1637 2838 1758 2890 data

164 2934 273 2981 est.
321 2931 608 2991 postquam
660 2938 851 2992 pacem
911 2923 1110 2978 inierat
1164 2940 1288 2979 cum
1345 2926 1586 2982 Roberto
1630 2928 1762 2984 Gui-

165 3013 394 3078 scardo,
428 3014 571 3083 quod
607 3014 806 3069 factum
833 3025 915 3071 est
939 3031 1085 3072 anno
1141 3016 1300 3083 1078,
1332 3027 1391 3073 ιιι
1423 3020 1639 3076 ostendi
1693 3024 1759 3077 ad

167 3109 239 3163 16
274 3107 621 3176 Septembris
654 3108 705 3161 in
744 3108 804 3163 B.
847 3107 1071 3165 Victore
1131 3110 1220 3175 111,
1249 3110 1274 3182 §
1302 3112 1361 3178 8',
1391 3128 1516 3168 cum
1582 3114 1760 3171 hono-

168 3199 386 3253 riﬁcam
454 3197 523 3253 de
576 3197 818 3253 Robcrto
868 3198 1034 3251 faciat
1100 3202 1461 3253 mentionem.
1522 3198 1758 3253 Rursum

164 3292 377 3363 scripta
404 3301 554 3347 certo
570 3300 653 3345 est
686 3291 913 3358 epistola
943 3289 1213 3361 Gregorii,
1264 3300 1557 3361 antequam
1585 3292 1758 3348 Roma

168 3400 329 3440 anno
364 3384 504 3439 1084
548 3383 877 3446 discederet,
909 3394 963 3438 et
988 3387 1362 3442 verisimiliter
1402 3396 1529 3441 ante
1569 3387 1762 3441 condi-

171 3489 285 3531 tam
322 3492 351 3529 a
380 3476 626 3530 Roberto
671 3478 849 3532 sancti
913 3478 1148 3533 Matthzei
1186 3480 1497 3544 ecclesiam,
1540 3480 1609 3535 de
1653 3496 1759 3549 qua

171 3585 299 3626 mox
343 3585 521 3643 agam,
558 3579 618 3626 ut
658 3586 887 3627 necesse
915 3574 1008 3635 sit,
1047 3582 1153 3626 tam
1180 3572 1757 3641 inventionem,quam

168 3663 532 3734 scriptioncm
574 3663 825 3733 Epistolze
852 3662 1100 3732 Gregorii
1150 3663 1317 3732 ﬁgere
1345 3664 1491 3717 circa
1551 3677 1758 3717 annum

169 3758 318 3813 1080
352 3774 363 3810 :
397 3757 500 3811 hoc
536 3755 681 3810 enim
742 3756 861 3826 ipso
926 3770 1070 3811 anno
1123 3757 1434 3827 contigerit,
1494 3767 1588 3813 aut
1650 3775 1759 3813 uno

166 3851 418 3903 alterove
441 3862 586 3901 anno
619 3848 783 3903 citius
822 3858 915 3902 aut
939 3849 1138 3903 serius.

243 3940 339 3995 80.
377 3939 452 3993 Dc
485 3950 805 3995 constructo
837 3942 1012 3993 sancti
1069 3939 1308 3993 Matthai
1372 3944 1573 4011 templo
1638 3956 1760 4011 post

165 4043 548 4102 expugnatum
569 4032 856 4085 Salernum
877 4032 929 4085 iii
955 4030 1209 4087 Chronico
1228 4032 1509 4088 Casinensi
1558 4036 1651 4089 lib.
1675 4054 1757 4101 iii,

169 4140 299 4194 cap.
341 4124 432 4185 45,
461 4126 726 4195 leguntur
749 4126 1034 4195 sequentia
1066 4142 1081 4179 :
1117 4144 1136 4176 ι
1178 4125 1413 4180 Civitate
1430 4137 1613 4181 autem
1660 4146 1759 4197 po-

171 4218 292 4282 tita,
340 4217 611 4273 Robertus
651 4219 944 4276 ecclesiam
977 4219 1150 4273 sancti
1216 4220 1449 4288 apostoli
1489 4232 1544 4274 et
1590 4237 1755 4274 evan-

168 4310 381 4381 gelista:
404 4308 640 4365 Matthxi
682 4309 814 4365 inibi
842 4310 1295 4379 construijussit,
1336 4312 1391 4365 iu
1444 4326 1549 4381 qua
1594 4311 1756 4364 etiam

168 4419 395 4459 sacrum
448 4403 698 4474 ejusdem
739 4404 971 4473 apostoli
1017 4418 1217 4474 corpus
1266 4418 1475 4458 summa
1506 4419 1629 4456 cum
1662 4419 1756 4457 ve-

169 4496 458 4552 neratione
487 4496 711 4558 locavit,
745 4510 808 4550 os
830 4496 1103 4566 integrum
1142 4497 1353 4551 brachii
1386 4496 1528 4565 ejus,
1557 4512 1757 4568 argen-

1861 2000 1993 2056 orbe
2026 2009 2138 2054 toto
2168 1998 2512 2054 Christianos
2542 1998 2795 2052 homines
2819 1995 2988 2049 allicit
3020 2010 3035 2056 ;
3066 1993 3304 2063 quiescit
3342 1990 3447 2044 ibi-

1864 2094 1989 2148 dem
2025 2092 2436 2148 sanctissimum
2460 2099 2516 2146 et
2550 2090 3008 2163 gloriosissimum
3040 2086 3281 2142 Matthaei
3310 2100 3447 2153 apo-

1860 2188 1982 2240 stoli
2021 2197 2075 2239 et
2106 2187 2455 2255 evaiigclistae
2496 2200 2698 2255 corpus
2740 2182 3149 2253 religiosissime
3212 2180 3449 2234 colloca-

1863 2287 1975 2332 tum
2014 2296 2027 2333 :
2066 2277 2336 2347 siquidem
2392 2279 2718 2346 quadratum
2778 2284 2862 2330 est
2915 2276 2970 2328 in
3029 2273 3208 2329 media
3261 2279 3449 2341 crypta

1862 2373 2119 2443 spatium,
2148 2371 2295 2442 quod
2336 2370 2534 2441 lapidei
2599 2369 2993 2439 cancellatique
3025 2368 3263 2438 parietes
3294 2365 3447 2419 bicu-

1864 2465 2060 2519 biules
2099 2466 2350 2520 ambiunt
2372 2466 2438 2518 ad
2477 2464 2635 2518 ulnas
2667 2479 2731 2518 ex
2753 2462 2901 2518 omni
2929 2462 3099 2515 latere
3134 2458 3449 2521 duodecim,

1862 2572 1971 2624 quo
2002 2558 2169 2610 veluti
2202 2568 2358 2625 septo
2399 2558 2571 2612 altare
2595 2557 2835 2626 cingitur
2864 2554 3323 2613 vetustissimum,
3344 2550 3448 2604 sub

1861 2663 1969 2717 quo
2007 2648 2301 2701 thesaurus
2336 2648 2427 2702 ille
2464 2649 2741 2717 repositus
2767 2656 2874 2709 est,
2906 2648 2978 2701 ita
3032 2655 3089 2700 ut
3122 2647 3277 2700 locus
3325 2645 3447 2715 ipse

1862 2756 1960 2811 per
1988 2739 2197 2795 ferreos
2229 2740 2505 2795 cancellos
2535 2738 2825 2795 commode
2848 2738 3017 2793 videri
3056 2738 3248 2809 possit.
3272 2736 3447 2791 Tanta

1864 2832 1966 2888 fuit
1997 2844 2177 2888 autem
2204 2834 2334 2887 olim
2365 2843 2418 2887 et
2447 2842 2531 2887 est
2567 2832 2730 2887 hodie
2757 2847 2975 2903 quoque
3021 2831 3308 2886 celebritas
3338 2830 3445 2885 loci

1864 2924 2045 2995 hujus,
2076 2934 2134 2977 ut
2163 2940 2271 2978 non
2331 2923 2663 2979 Saleruitani
2703 2925 2886 2988 modo,
2920 2924 3014 2978 sed
3041 2923 3287 2976 omnium
3340 2921 3449 2977 cir-

1863 3031 2213 3087 cumquaque
2245 3016 2650 3087 provinciarum
2704 3018 2895 3072 incola:
2949 3017 3171 3070 assidue
3210 3033 3449 3071 concur-

1867 3122 2034 3175 rant;
2066 3114 2176 3165 imo
2236 3123 2371 3164 vero
2395 3117 2451 3164 et
2484 3108 2872 3165 remetissiuia:
2902 3122 3123 3178 quoque
3157 3117 3348 3178 gentes
3381 3122 3447 3162 ex

1866 3200 2085 3272 Europa
2115 3213 2226 3257 tota
2261 3203 2582 3273 frequenter
2609 3202 2913 3268 conﬂuant,
2949 3211 3006 3258 et
3032 3211 3142 3257 tam
3170 3202 3451 3274 ingentem

1866 3292 2067 3347 visura:
2115 3293 2530 3357 beatitudinem,
2579 3305 2633 3348 et
2673 3312 2702 3349 a
2738 3296 2846 3349 Deo
2875 3294 3109 3349 Domino
3169 3311 3235 3350 ex
3288 3296 3452 3362 huius

1865 3385 2093 3457 apostoli
2128 3386 2338 3442 meritis
2390 3387 2641 3457 petitura:
2689 3386 2933 3451 divitias,
2989 3388 3282 3453 honorem,
3321 3389 3450 3442 vita:

1867 3480 2317 3545 diuturnitatem,
2368 3492 2607 3553 optatam
2640 3482 2879 3554 denique
2916 3482 3231 3539 felicitatem
3256 3485 3312 3537 in
3348 3483 3452 3538 hoc

1864 3571 2088 3633 sacculo,
2118 3582 2171 3624 et
2198 3573 2493 3640 (prmcipue
2519 3574 2766 3641 quidem,
2816 3575 2861 3628 si
2926 3578 3170 3645 sapiunt,
3218 3575 3449 3645 gratiam

1865 3660 1977 3717 Deo
2002 3662 2147 3718 bene
2171 3664 2469 3731 serviendi,
2496 3665 2915 3735 olitiiieudique)
2943 3669 3169 3738 gloriam
3192 3670 3247 3723 in
3266 3670 3452 3723 futuro

1864 3766 2209 3825 perpetuam.
2246 3761 2565 3827 Augctcuni
2589 3758 2949 3815 admiratione
2974 3761 3233 3830 pietatem
3265 3760 3451 3830 liquor

1865 3850 2141 3916 pretiosus
2181 3858 2484 3904 ctsaiicttis
2525 3850 2748 3920 (manna
2805 3856 2966 3923 vulgo
3000 3854 3219 3923 dicitur)
3268 3857 3356 3923 qui
3384 3872 3448 3907 ex

1864 3941 2179 3995 beatissimo
2222 3958 2450 4013 corpore
2485 3956 2691 4011 manat,
2730 3946 2796 4000 ad
2822 3948 2959 4000 mala
3024 3949 3206 4001 omnia
3235 3950 3449 4018 pmpel-

1866 4032 2019 4086 Ieuda
2094 4034 2378 4089 antidotus
2463 4036 2915 4104 prmsentissima,
2983 4039 3446 4107 quemadmodum

1862 4122 2117 4191 frequens
2148 4126 2332 4177 docuit
2393 4129 2732 4195 experientia
2794 4130 3029 4199 plurium
3100 4132 3449 4187 surculorum.

1864 4212 1990 4269 Hice
2023 4218 2090 4269 de
2120 4232 2275 4271 sacra
2301 4221 2548 4288 corporis
2582 4223 2877 4275 novissima
2903 4226 3261 4279 translatione
3296 4226 3446 4279 sullio

1865 4312 2037 4374 ciant,
2086 4328 2103 4360 ι
2166 4311 2347 4380 inquit
2402 4324 2617 4378 auctor,
2676 4314 2768 4384 qui
2832 4315 3026 4369 transit
3070 4318 3134 4368 ad
3186 4316 3445 4371 miracula

1862 4404 2110 4472 qiizedam
2170 4406 2520 4473 exponenda.
2571 4408 2639 4461 At
2713 4409 2999 4464 iionnullla
3066 4425 3132 4464 ex
3183 4410 3287 4465 illis
3334 4412 3443 4480 jam

1862 4497 2111 4564 exposui,
2136 4492 2238 4549 alia
2263 4498 2508 4565 quaedam
2546 4501 2613 4553 ad
2643 4500 2780 4555 alios
2812 4502 2994 4570 potius
3014 4513 3257 4567 sanctos,
3284 4518 3443 4573 quam

172 4600 257 4645 tea
292 4590 455 4643 theca
490 4589 838 4644 reconditum
870 4589 937 4645 ad
964 4605 1118 4644 suam
1142 4590 1489 4661 ﬁliorumque
1525 4594 1751 4647 tutelam
1789 4601 1831 4657 ι)
1860 4589 1925 4641 ad
1964 4599 2215 4645 sanctum
2255 4588 2567 4643 Manlianum
2621 4605 2867 4661 spectare
2899 4593 3172 4647 videntur.
3199 4597 3445 4662 Quapro-

171 4695 489 4737 reservans.
526 4698 545 4733 i
584 4679 659 4735 De
678 4680 843 4751 hujus
876 4683 1123 4737 ecclesiae
1174 4684 1588 4741 constructione
1634 4688 1757 4741 illu-

171 4775 485 4829 strissimus
524 4774 817 4839 Marsilius,
845 4790 969 4845 cap.
1004 4774 1058 4843 9,
1088 4792 1215 4848 pag.
1260 4777 1354 4844 7i,
1394 4778 1496 4832 ista
1528 4779 1755 4833 scribit:

174 4884 193 4915 ι
236 4866 527 4936 Reguaiite
561 4866 728 4937 igitur
758 4866 1004 4924 Roberto
1049 4869 1375 4939 Guiscardo,
1434 4888 1499 4927 ac
1530 4874 1759 4929 sedente

169 4956 443 5028 Gregorio
474 4958 581 5021 Vll,
630 4961 849 5031 triginta
882 4963 1105 5017 circiter
1144 4966 1273 5017 anni
1309 4966 1379 5019 ab
1438 4967 1758 5021 inventione

170 5052 511 5107 transierant
542 5052 677 5121 (iino
702 5065 926 5107 centum
955 5064 1011 5110 et
1037 5055 1258 5111 circiter
1290 5058 1479 5126 viginti
1514 5060 1757 5128 quinque

169 5146 236 5200 ab
266 5135 595 5201 inventione
628 5146 739 5210 illa,
786 5147 855 5201 de
907 5164 1013 5217 qua
1076 5150 1338 5220 loquitur,
1401 5151 1457 5205 in
1514 5154 1758 5222 partibus

171 5236 453 5308 Lucaniae)
484 5241 1090 5310 magniﬁcentissimum
1134 5244 1396 5313 templum
1429 5245 1555 5299 divo
1623 5262 1757 5315 apo-

171 5333 311 5387 stolo
343 5333 692 5389 construitur
715 5350 835 5388 aera:
870 5334 1041 5404 ipsius
1092 5334 1316 5392 Robcrti
1382 5338 1665 5407 peCuIiai-i,
1704 5340 1755 5392 in

173 5438 281 5495 quo
325 5441 428 5495 per
452 5439 654 5481 novam
673 5428 837 5481 veluti
874 5430 1292 5485 translationem
1318 5447 1489 5486 sacrae
1515 5433 1758 5502 reliquiae

172 5518 390 5574 demum
420 5522 676 5591 reposita!
705 5532 854 5589 sunt,
887 5536 943 5579 et
1003 5525 1166 5580 hodie
1200 5542 1418 5595 quoque
1468 5528 1759 5599 religiosis-

172 5612 307 5667 sime
374 5621 757 5677 asservantur,
828 5625 883 5669 et
932 5616 1162 5685 singulis
1225 5617 1532 5687 quibusque
1600 5620 1757 5673 anuis

173 5702 343 5773 pridie
376 5699 569 5756 Nonas
595 5704 715 5759 Maii
752 5704 951 5760 festum
990 5708 1163 5777 ipsius
1188 5709 1387 5763 divinae
1444 5714 1755 5765 translatio-

170 5798 251 5852 nis
281 5795 615 5853 solemniter
664 5799 1002 5864 eelebratur,
1061 5818 1172 5869 quo
1233 5804 1412 5857 clerus
1452 5805 1753 5867 universus,

169 5886 419 5958 abbates,
459 5898 519 5946 et
547 5890 1043 5959 comproviiicialcs
1108 5892 1351 5966 episcopi
1403 5911 1592 5951 omnes
1626 5913 1754 5951 con-

1864 4693 1985 4752 ptcr
2034 4698 2094 4734 ea
2136 4692 2347 4735 tantum
2411 4686 2513 4737 liuc
2558 4684 2786 4742 traduce
2857 4687 3115 4754 breviter,
3178 4701 3449 4759 quatenus

1864 4774 2039 4829 Sancti
2076 4773 2315 4829 Matthxi
2338 4777 2645 4846 patrocinio
2680 4778 2985 4849 prudenter
3027 4783 3265 4837 adscribi
3324 4802 3450 4854 pos-

1864 4878 2019 4925 sunt.

1933 4965 2203 5021 89..Mitto
2236 4967 2399 5036 igitur
2423 4985 2564 5037 qua',
2637 4985 2758 5037 cap.
2805 4971 2889 5036 ll,
2954 4969 3124 5027 refert
3170 4970 3447 5029 Marsilius

1862 5058 1928 5111 de
1958 5060 2228 5113 translatis
2255 5059 2319 5113 ad
2344 5060 2632 5115 ecclesiam
2658 5065 2828 5117 sancti
2859 5062 3096 5119 Matthazi
3118 5067 3448 5137 corporibus

1860 5151 1959 5206 SS.
1996 5150 2302 5218 Fortunati,
2347 5152 2463 5208 Caii
2511 5167 2565 5210 ct
2612 5157 2822 5211 Antlies
2877 5168 3172 5229 martyrum
3224 5177 3449 5230 ineque

1861 5248 2005 5298 enim
2040 5258 2295 5314 spectant
2326 5248 2393 5303 ad
2426 5260 2676 5303 sanctum
2736 5250 3077 5319 Mattlizeum,
3109 5264 3165 5307 et
3190 5253 3258 5308 de
3288 5256 3451 5309 dictis

1864 5339 2196 5407 martyribus
2253 5342 2395 5409 apud
2450 5357 2552 5395 nos
2604 5358 2785 5397 actum
2836 5354 2921 5398 est
2972 5347 3037 5398 ad
3088 5344 3159 5402 28
3195 5350 3445 5419 Augusti,

1864 5429 1955 5483 tibi
2010 5433 2294 5485 translatio
2351 5433 2456 5487 ulla
2487 5438 2797 5491 accuratius
2832 5448 2914 5491 est
2957 5440 3224 5509 exposita.
3293 5444 3448 5504 Quod

1866 5524 2149 5596 subiungit
2191 5526 2256 5578 dc
2308 5526 2393 5597 pia
2448 5544 2579 5593 anu,
2617 5531 2704 5585 cui
2757 5547 2954 5585 nomen
3010 5544 3128 5586 erat
3175 5532 3448 5599 l'olisena,

1867 5618 2057 5686 nequit
2123 5629 2276 5673 certo
2330 5622 2560 5679 attribui
2639 5623 2904 5677 beneﬁcio
2957 5626 3128 5679 sancti
3184 5626 3443 5680 Matthxi.

1870 5709 2041 5763 Verba
2078 5720 2258 5765 tamen
2298 5715 2556 5784 pleraque
2596 5720 2838 5772 auctoris
2868 5719 2974 5773 huc
3005 5720 3297 5774 transfero.
3320 5719 3448 5774 Fre-

1866 5804 2164 5873 quentabat
2206 5806 2293 5860 illa
2340 5807 2781 5877 diligentissime,
2832 5823 2890 5864 ut
2956 5812 3205 5883 pluribus
3255 5814 3445 5875 refert,

1866 5896 2148 5951 ecclesiam
2183 5899 2371 5956 Sancti
2426 5902 2695 5967 Matthxi,
2758 5905 3001 5973 quotidie
3047 5906 3314 5961 accedens
3366 5909 3433 5962 ad
