3956 6442
525 377 631 438 79f)

1748 384 2030 443 MENSIS
2071 381 2542 444 SEPTEMBER.

3687 378 3793 441 800

529 507 741 552 sacrum
772 497 1039 553 Officium.
1079 520 1096 550 ι
1141 501 1366 554 Pactum
1429 501 1548 566 fuit,
1609 501 1804 570 inquit.
1851 513 1928 564 ut,
1978 515 2100 552 cum
2135 501 2178 554 Α
2208 499 2423 565 queritis
2462 498 2611 560 anni,
2651 499 2772 552 licet
2801 499 2865 551 de
2895 508 3114 566 peccato
3151 514 3250 552 suo
3280 499 3515 550 multum
3551 495 3790 549 doleret.

533 586 759 640 solemni
794 591 1026 656 quodam
1077 593 1164 645 die
1225 593 1408 660 templi
1462 593 1722 662 ingressa.
1783 602 1893 646 toto
1941 591 2105 644 corde

532 675 818 744 gloriosum
850 681 1153 748 apostolum
1180 681 1460 746 salutaret,
1491 691 1542 735 et
1577 683 1778 735 lustrali
1806 698 1928 735 sese
1964 695 2102 748 aqua

533 768 902 836 perfunderet,
964 782 1130 840 guttae
1189 787 1398 837 omnes,
1468 787 1823 841 quzecnmque
1885 771 2104 838 pallium

530 870 694 927 atque
733 862 989 915 linteolos
1029 866 1337 932 tetigerunt,
1389 863 1440 916 in
1506 879 1698 916 aurum
1757 861 2106 931 purissimum

538 962 903 1020 verterentur,
936 954 1078 1020 quod
1115 964 1166 1006 et
1194 956 1424 1022 populus
1459 955 1749 1006 universus
1776 968 2105 1021 magnacum

530 1043 892 1097 adtniratione
922 1046 1212 1113 perspexit,
1263 1055 1315 1098 et
1370 1045 1587 1096 familia:
1622 1060 1821 1098 nomen
1853 1060 1916 1097 ex
1966 1045 2108 1098 acei-

530 1132 679 1186 denti
717 1135 906 1198 edidit,
965 1152 1086 1204 quae
1116 1137 1182 1188 de
1213 1136 1474 1189 Auroftno
1505 1135 1726 1196 dicitur,
1785 1145 1946 1202 prottt
2011 1150 2109 1202 per

533 1235 746 1292 patrum
786 1227 1106 1280 traditiones
1133 1230 1200 1280 ad
1235 1229 1373 1280 hanc
1410 1243 1580 1295 usque
1611 1229 1755 1281 diem
1802 1227 1942 1280 fama
1979 1243 2107 1296 per-

535 1318 693 1370 rexit.
738 1336 756 1367 ι
798 1315 995 1370 Verum
1033 1334 1140 1371 non
1170 1327 1394 1386 apparet
1451 1304 1584 1371 mihi
1637 1319 1837 1371 factum
1872 1317 2013 1371 istud
2044 1332 2107 1370 ex

534 1409 647 1462 sola
713 1409 1004 1465 traditione
1059 1410 1190 1462 satis
1228 1419 1460 1473 certum,
1518 1409 1715 1483 nedum
1753 1419 1900 1462 certo
1958 1408 2111 1460 attri-

535 1501 814 1554 buendum
857 1511 1046 1554 sancto
1075 1502 1346 1557 Blatthmo.
1378 1503 1454 1556 Et
1481 1503 1770 1555 traditione
1798 1501 1909 1555 sola
1942 1501 2105 1554 etiam

534 1592 765 1646 fortasse
798 1593 1017 1661 scripsit
1044 1591 1329 1656 Marsilius,
1363 1593 1508 1662 quod
1563 1592 1838 1661 subjuugit
1891 1591 1960 1644 de
2009 1590 2107 1642 Sa-

536 1681 691 1736 lerno
738 1679 1002 1736 divinitus
1037 1683 1263 1737 defenso
1305 1693 1494 1736 contra
1530 1681 1939 1738 Ferdiuandum
1969 1681 2108 1734 San-

536 1772 846 1825 sevcrinum
879 1772 1178 1840 principem
1207 1773 1634 1825 Salernitanum.
1680 1770 1899 1824 Factum
1927 1781 2104 1824 tamen

2211 590 2388 643 Pridie
2426 591 2567 643 illius
2603 591 2733 654 diei,
2772 605 2894 646 cum
2928 590 2992 642 ad
3036 591 3322 642 ecclesiam
3366 589 3642 657 pergeret,
3670 598 3790 636 mo-

2209 692 2415 734 netura
2453 681 2702 734 mendico
2749 681 2920 734 sancti
2965 680 3298 734 Germiniani
3349 677 3597 747 episcopi
3630 674 3795 728 Mulio

2209 773 2396 825 nensis
2419 787 2575 840 opem
2602 773 2911 840 implorare.
2943 771 3172 835 Quando
3204 781 3384 824 autem
3428 766 3703 838 postridie
3734 765 3790 818 in

2207 865 2438 918 ecclesia
2498 866 2666 918 sancti
2703 863 2938 920 Mattha-i
2980 865 3168 919 divino
3215 864 3437 917 servitio
3498 863 3788 923 intererat,

2209 955 2525 1025 proferente
2597 958 2852 1024 episcopo
2899 957 3060 1010 verba
3125 955 3264 1008 illa:
3320 973 3337 1004 ι
3388 954 3531 1012 Ecce
3579 953 3790 1020 lignum

2207 1047 2409 1108 erucis,
2439 1047 2515 1099 ait
2565 1056 2774 1108 auctor,
2807 1047 3202 1109 Bcrnardinus,
3239 1047 3330 1114 qui
3367 1058 3584 1096 summa
3620 1043 3791 1096 devo-

2209 1135 2356 1189 tione
2394 1135 2712 1203 prociderat,
2760 1137 2944 1190 divino
2981 1135 3185 1205 Spiritu
3237 1134 3500 1204 agitante,
3533 1133 3790 1186 clamavit

2208 1243 2341 1297 voce
2381 1243 2575 1295 magna
2599 1245 2613 1283 :
2635 1226 2772 1283 Ecce
2812 1228 3014 1298 lignum
3043 1228 3246 1288 crucis,
3279 1236 3598 1294 c:eteraque
3628 1224 3790 1278 verba

2209 1319 2420 1386 singula
2475 1318 2733 1386 deinceps
2793 1319 3072 1387 explicuit,
3149 1332 3269 1386 qua:
3333 1331 3430 1385 per
3486 1315 3789 1370 antistitem

2209 1413 2349 1466 dicta
2383 1422 2530 1474 sunt,
2557 1421 2612 1465 et
2643 1411 2823 1464 statim
2866 1410 3031 1464 veluti
3066 1421 3316 1462 mortuus
3353 1408 3580 1462 cecidit.
3635 1406 3789 1459 Tunc

2211 1519 2362 1567 vero,
2388 1505 2512 1572 quia
2546 1511 2708 1555 notus
2738 1501 2953 1554 civibus
2997 1511 3136 1562 erat,
3174 1513 3229 1552 et
3256 1514 3418 1552 uento
3478 1496 3787 1565 ignorabat,

2211 1594 2359 1646 illum
2389 1602 2546 1645 antea
2571 1591 2719 1660 loqui
2762 1605 2866 1644 non
2909 1589 3172 1657 potuisse,
3205 1586 3791 1654 acclamavitpopulus

2214 1679 2500 1732 universus
2545 1697 2558 1733 :
2610 1678 2962 1732 Miraculuml
3030 1675 3383 1729 miraculum!
3463 1685 3519 1729 et
3577 1675 3789 1728 tametsi

2213 1786 2310 1839 per
2341 1771 2393 1823 id
2428 1779 2641 1840 tempus
2698 1772 2879 1824 nullus
2910 1773 2981 1822 sit
3035 1768 3087 1820 in
3117 1768 3362 1821 ecclesiis
3395 1783 3789 1836 campanarum

535 1863 775 1916 breviter
803 1863 1053 1932 suhji'cio.
1087 1863 1508 1916 Valdemontius
1536 1861 1904 1928 Lothariugia:
1936 1863 2102 1931 reguli
2141 1846 2178 1897 Β
2215 1879 2366 1923 usus,
2406 1863 2499 1916 sed
2529 1878 2592 1916 ex
2632 1864 2799 1916 veteri
2838 1861 3096 1916 Ecclesiae
3129 1860 3232 1914 ritu
3260 1860 3453 1925 ligneis
3489 1859 3789 1912 indumen-

531 1953 720 2016 frater,
745 1955 942 2022 inquit,
965 1953 1110 2012 facili
1150 1955 1370 2022 negotio
1393 1963 1760 2022 occupaverat
1791 1953 2104 2016 Salernum,

531 2053 590 2099 ut
621 2046 871 2114 pluribus
902 2041 1086 2098 narrat
1118 2043 1464 2108 Muratnrius,
1487 2045 1541 2096 in
1578 2045 1873 2099 Annalibus
1909 2043 2100 2105 Italiae.

527 2136 596 2190 ad
627 2151 828 2189 annum
867 2136 1024 2190 1527.
1061 2136 1441 2190 Ferdinandus
1474 2136 1747 2204 princeps.
1799 2150 1856 2187 re
1895 2136 2108 2189 intelle-

534 2238 645 2288 cta.
684 2229 976 2282 confestim
1013 2239 1250 2281 turmam
1288 2226 1491 2294 colligit
1537 2227 1826 2278 militarem
1881 2241 1944 2281 au
1972 2226 2106 2278 civi-

534 2328 699 2372 tatem
757 2319 1188 2388 recuperandam
1225 2325 1277 2372 et
1304 2316 1453 2370 cives
1487 2316 1794 2386 puniendos
1827 2335 1840 2370 :
1879 2334 1898 2366 ι
1961 2315 2107 2369 Tan-

532 2414 645 2464 tum
677 2408 872 2472 abfuit,
917 2408 1092 2476 inquit
1139 2417 1350 2472 auctor,
1379 2416 1436 2460 ut
1478 2408 1584 2460 voti
1610 2422 1841 2476 compos
1875 2408 2109 2460 exsiste-

533 2510 638 2565 ret,
693 2504 831 2554 utet
863 2500 1148 2555 confestim
1189 2502 1437 2570 repulsus
1501 2501 1684 2569 fuerit,
1740 2512 1794 2556 et
1847 2500 2109 2571 plurimos

531 2609 597 2646 ex
630 2593 746 2646 suis
784 2593 1048 2650 militibus
1079 2594 1240 2648 unius
1270 2597 1417 2650 hora:
1455 2596 1632 2664 spatio
1686 2595 2100 2650 desideraverit.

529 2683 639 2742 Nec
666 2701 795 2739 vero
837 2693 943 2738 tam
980 2686 1191 2740 felicem
1223 2686 1528 2755 fortemque
1579 2701 1803 2756 operam
1851 2687 2107 2757 oppidani

532 2777 925 2847 praestiterunt,
976 2779 1066 2845 qui
1103 2786 1158 2830 et
1215 2777 1527 2846 paucissimi
1587 2779 1824 2835 inermes
1881 2790 2039 2833 erant
2092 2795 2106 2832 :

531 2868 626 2924 sed
687 2876 890 2922 stetere
962 2884 1157 2939 magno
1220 2869 1436 2938 quidem
1485 2884 1712 2923 numero
1767 2869 1820 2920 in
1873 2868 2108 2922 hostium

529 2971 829 3030 conspectu
860 2975 958 3030 pro
987 2962 1197 3015 civibus
1225 2961 1416 3029 galeati
1473 2962 1849 3031 thoracatique
1914 2962 2110 3015 milites

532 3054 776 3106 cinlestis
807 3053 1082 3105 exercitus
1113 3054 1215 3105 sub
1255 3061 1491 3121 quatuor
1520 3052 1838 3108 ductoribus
1871 3055 2105 3118 eximiis,

2209 1955 2279 2008 tis
2320 1958 2490 2008 soleat
2514 1954 2772 2024 strepitus
2796 1953 3021 2007 excitari
3051 1951 3318 2021 lugubris,
3342 1949 3793 2018 quamdiujacuit

2210 2046 2265 2099 in
2310 2047 2564 2114 sepulcro
2623 2045 2892 2108 Salvator,
2931 2061 3029 2113 pro
3076 2043 3326 2097 miraculi
3379 2051 3568 2095 tamen
3631 2041 3791 2110 hujus

2210 2137 2449 2190 novitate
2475 2152 2667 2191 omnes
2692 2151 2969 2202 campana:
3025 2134 3314 2188 confestim
3361 2132 3594 2202 pulsata:
3636 2144 3783 2195 sunt,

2212 2234 2520 2292 cateraquc
2577 2226 2938 2276 instrumenta
2989 2222 3195 2282 omnia,
3252 2234 3373 2288 qua:
3415 2218 3691 2274 habentur
3741 2219 3789 2270 iu

2211 2315 2453 2369 ecclesiis
2481 2315 2546 2369 ad
2570 2314 2934 2384 psallendum.

2281 2404 2368 2458 84.
2399 2403 2618 2457 Interim
2671 2403 2736 2457 ad
2775 2419 2832 2456 se
2867 2416 3116 2456 reversus
3171 2397 3546 2454 Bernardiaus
3614 2399 3789 2468 palam

2211 2493 2338 2549 fecit
2383 2495 2658 2557 omnibus,
2721 2495 2862 2564 quod
2937 2495 3202 2548 hactenus
3253 2492 3559 2561 agitaverat
3624 2487 3794 2542 corde

2213 2593 2451 2649 tantum,
2486 2601 2681 2654 nempe
2713 2597 2840 2638 ante
2874 2600 3074 2636 annum
3116 2598 3178 2636 ea
3233 2581 3348 2648 ipsa
3417 2579 3503 2631 die
3563 2578 3789 2645 impium

2212 2693 2270 2732 se
2297 2675 2680 2743 intidelemque
2713 2673 2901 2733 fuisse,
2957 2671 3102 2740 quod
3165 2665 3548 2723 sacratissima:
3609 2668 3793 2721 crucis

2213 2764 2529 2836 particulam
2583 2763 2942 2817 adulterinum
2972 2769 3027 2814 et
3062 2759 3490 2815 commentitiam
3540 2760 3794 2813 credide-

2212 2859 2586 2927 rit;ideoque
2645 2855 2898 2926 loquendi
2953 2853 3207 2907 facultate
3267 2852 3466 2906 merito
3515 2851 3789 2919 privatum

2211 2949 2379 3003 fuisse
2416 2964 2430 3002 :
2464 2963 2608 3003 nuuc
2664 2963 2796 3002 vero
2821 2946 3147 3016 pnecedenti
3187 2945 3274 3002 illa
3320 2955 3481 2996 nocte
3511 2957 3706 2995 secum
3741 2946 3790 2994 in

2211 3042 2440 3096 somniis
2471 3041 2712 3096 locutum
2749 3024 2920 3094 fuisse
2947 3039 3164 3093 beatum
3205 3034 3594 3088 Geminianum
3628 3033 3790 3086 Muti-

531 3158 670 3212 quns
702 3143 866 3196 fuisse
903 3143 1347 3213 glorississimum
1374 3143 1682 3198 Matthxum
1717 3157 1770 3198 et
1798 3155 1907 3196 tres
1958 3153 2102 3198 tute-

2216 3149 2461 3196 ncnsem,
2525 3133 2928 3198 mouuisseque,
2967 3139 3023 3182 ut
3081 3119 3270 3181 eadem
3310 3127 3420 3193 ipsa
3475 3124 3631 3190 hora,
3673 3142 3792 3195 qua:

533 3234 673 3288 lares
745 3248 967 3290 sanctos
1014 3236 1391 3301 (Fortunatum
1430 3245 1482 3286 ct
1535 3235 1730 3304 socios)
1793 3234 1933 3289 haud
1976 3249 2107 3287 sane

534 3329 766 3381 dubium
833 3327 977 3387 fuit;
1026 3344 1150 3382 cum
1205 3327 1467 3396 populare
1520 3327 1682 3383 fuerit
1719 3329 2104 3398 spectaculum,

533 3430 586 3472 et
617 3421 873 3489 princeps
904 3419 1016 3488 ipse
1045 3419 1348 3488 singuliquc
1381 3419 1579 3476 milites
1601 3420 1651 3471 id
1685 3422 1885 3487 ipsum,
1908 3422 2108 3487 pacatis

535 3524 720 3583 postea
779 3512 963 3574 rebus,
1029 3515 1473 3579 prmdicaverint.
1524 3530 1540 3560 ι
1584 3511 1856 3563 Hactenus
1897 3523 2106 3570 auctor.

532 3606 623 3673 qui
656 3603 846 3656 eodem
882 3603 1083 3656 saeculo
1116 3603 1359 3670 scripsit,
1396 3601 1560 3655 rebus
1601 3611 1778 3655 tamen
1804 3605 1970 3672 gestis
2004 3618 2108 3658 non

534 3694 729 3760 adfuit,
765 3701 947 3763 utpote
971 3693 1202 3746 necdum
1245 3699 1427 3744 natus.

607 3789 698 3841 85.
758 3786 1055 3855 Suhjungit
1081 3784 1224 3838 aliud
1256 3784 1480 3849 factum,
1519 3785 1662 3853 quod
1705 3785 1780 3838 ait
1821 3785 2108 3856 contigisse

536 3883 679 3935 circa
709 3879 846 3933 idem
879 3880 989 3933 fere
1017 3890 1249 3946 tempus.
1289 3877 1460 3930 Pauca
1511 3878 1666 3933 nobis
1729 3878 1794 3932 de
1839 3879 1931 3932 illo
1965 3879 2108 3934 sufﬁ-

532 3969 701 4024 cient.
738 3968 844 4020 Fur
897 3969 1196 4035 saerilegus
1238 3969 1415 4020 locum
1484 3968 1715 4034 sepulcri
1757 3969 1926 4021 sancti
1974 3969 2108 4022 Mat-

538 4062 664 4118 thxi
719 4061 1000 4127 expilavit.
1050 4058 1497 4126 Comprelteusus
1573 4060 1661 4112 ille
1726 4059 1826 4114 fuit
1893 4060 1997 4114 alia
2043 4062 2108 4116 de

538 4168 724 4216 causa,
760 4167 930 4221 eaque
961 4151 1249 4205 occasione.
1291 4151 1435 4206 istud
1484 4167 1700 4222 quoqtte
1725 4152 1932 4205 crimen
1971 4153 2110 4206 ultro

539 4247 845 4299 confessus.
901 4265 917 4295 ι
961 4245 1024 4297 lit
1082 4256 1199 4314 pust
1254 4246 1370 4297 dies
1423 4245 1649 4314 aliquot,
1719 4245 1913 4313 inquit,
1965 4255 2112 4298 tanto

537 4346 617 4392 est
648 4338 853 4390 findere
894 4339 1132 4404 (fictore,
1169 4338 1469 4404 epiiier)ae
1517 4353 1750 4392 ιιιωτυτο
1803 4348 2106 4406 correptus,

537 4439 597 4484 ut
623 4436 904 4482 contracta
942 4428 1178 4496 propriae
1212 4431 1392 4482 carnis
1423 4433 1702 4499 corruptio
1747 4431 1800 4483 in
1826 4431 2104 4499 pediculos

2215 3233 2341 3275 tunc
2394 3237 2538 3274 anno
2601 3230 2911 3273 rccurrente
2959 3219 3178 3286 jamjam
3235 3216 3545 3284 appetebat,
3597 3217 3789 3271 eodem

2215 3317 2335 3368 loco
2365 3328 2522 3367 suum
2586 3311 2903 3381 deploraret
2959 3320 3239 3379 peccaturo
3283 3323 3463 3361 (oram
3509 3308 3793 3376 gloriosis-

2210 3404 2347 3455 simo
2379 3401 2622 3469 apostolo
2655 3397 2945 3462 Matthaeo;
2991 3409 3044 3452 et
3117 3399 3364 3452 crederet
3401 3411 3586 3448 veram
3645 3399 3789 3450 illaut

2210 3497 2391 3548 crucis
2421 3510 2540 3548 esse
2576 3494 2903 3564 portionem,
2943 3492 2994 3544 in
3027 3506 3134 3558 quo
3184 3490 3432 3544 Salvator
3483 3489 3645 3543 .lesus
3696 3508 3791 3560 pro

2214 3585 2444 3638 humana
2508 3593 2665 3652 gente
2704 3585 2958 3650 pependit
3003 3599 3015 3634 :
3053 3586 3244 3637 fecisse
3299 3599 3358 3636 se
3421 3585 3583 3652 paulo
3638 3598 3789 3650 ante,

2211 3671 2471 3743 quidquid
2495 3686 2573 3722 vrr
2601 3669 2686 3723 ille
2716 3682 2936 3724 sanctus
2961 3682 3261 3732 monuerat,
3299 3681 3346 3723 et
3383 3675 3790 3727 sanctissimum

2214 3764 2522 3818 Mattlraum
2556 3778 2839 3828 exorasse,
2882 3774 2940 3816 ut
2983 3763 3102 3816 fidei
3161 3779 3271 3819 sua:
3338 3767 3791 3833 protestationem

2212 3862 2431 3915 Christo
2469 3860 2698 3915 Domino
2730 3861 3047 3929 dignaretur
3084 3857 3304 3922 offerre,
3369 3875 3431 3912 ac
3469 3858 3655 3912 statim
3710 3857 3791 3910 lo-

2214 3955 2416 4021 quendi
2487 3955 2591 4008 vim
2661 3954 2916 4007 amissam
2992 3966 3363 4021 recuperasse.
3423 3952 3545 4004 Haec
3609 3952 3793 4004 omnia

2216 4046 2388 4097 fusius
2420 4048 2534 4114 ipse
2573 4046 2994 4114 perquemultos
3028 4051 3260 4114 gemitus
3301 4043 3472 4112 palam
3507 4045 3790 4111 exposuit;

2218 4138 2529 4206 rogavitque
2562 4137 2871 4204 praesulem,
2919 4147 2976 4189 ut
3040 4136 3365 4188 miraculum
3419 4135 3566 4188 istud
3629 4151 3794 4189 cura~

2217 4240 2295 4282 rct
2353 4228 2402 4279 in
2434 4236 2549 4279 acta
2596 4226 2782 4279 referri
2823 4227 2888 4280 ad
2937 4238 3250 4294 perpetuam
3291 4227 3363 4278 rei
3422 4228 3772 4279 memoriam.

2215 4321 2577 4388 Quamobrem
2639 4317 2868 4388 publicis
2930 4317 3276 4370 documentis
3335 4318 3496 4386 jussit
3543 4315 3648 4371 hoc
3705 4319 3787 4372 di-

2218 4415 2447 4483 ligenter
2521 4412 2956 4480 comprehendi:
3013 4411 3158 4480 quod
3225 4420 3334 4464 tum
3419 4409 3597 4478 ipsius
3668 4410 3795 4464 Ber-

537 4519 704 4579 fuerit
736 4520 993 4588 paulatim
1021 4535 1303 4581 conversa,
1353 4536 1582 4597 quorum
1644 4531 1794 4573 tanta
1857 4523 2108 4589 cpullula-

2219 4505 2430 4559 nardini
2479 4506 2862 4575 jurejurando,
2930 4513 3040 4556 tum
3080 4507 3473 4556 canonicorum
3520 4506 3793 4566 omnium,

535 4613 629 4668 bat
656 4614 759 4673 vis,
793 4621 851 4663 ut
911 4625 1018 4662 nou
1058 4609 1219 4665 modo
1264 4609 1478 4662 lllnit'us
1521 4612 1638 4679 ejus
1678 4626 1867 4665 ouines
1925 4612 2112 4681 imple-

539 4712 640 4766 ret,
676 4701 770 4756 sed
804 4710 972 4755 totum
1006 4702 1163 4771 plane
1181 4717 1380 4770 corpus
1403 4704 1597 4770 passim
1619 4704 1890 4757 eroderet.
1912 4702 2112 4768 Quam-

537 4800 725 4850 obrem
778 4795 1095 4850 foedissimis
1147 4795 1252 4848 illis
1310 4796 1588 4848 vermibus
1610 4797 2108 4865 celeriter-potruit,

539 4900 594 4943 et
641 4891 790 4959 justa
822 4889 991 4943 divini
1045 4889 1295 4942 Numinis
1359 4890 1435 4940 ira
1491 4886 1965 4956 (quemadmodum
2000 4890 2112 4956 ipsc

540 4983 716 5052 palam
743 4982 999 5035 omnibus
1045 4979 1339 5049 fatebatur)
1374 4994 1439 5034 eo
1465 4981 1583 5050 ipso
1625 4981 1819 5034 morbo
1855 4984 2109 5035 llllSCt'alll

545 5073 788 5126 evomuit
817 5072 1077 5124 animum.
1139 5089 1160 5123 ι
1189 5072 1246 5126 lu
1281 5089 1447 5140 pauca
1484 5073 1734 5125 similiter
1765 5076 2108 5134 contraham,

544 5165 688 5231 quod
719 5179 864 5218 anno
897 5164 1037 5217 £525
1075 5177 1128 5217 et
1159 5165 1296 5216 15'26
1326 5153 1616 5235 contigisse
1644 5173 1830 5215 auctor
1863 5164 2108 5216 allirmat.

545 5254 922 5309 Bernardinus
952 5256 1169 5323 quidam
1202 5271 1229 5306 e
1256 5254 1687 5308 Naccarelltirum
1732 5253 1954 5317 familia,
1987 5256 2112 5306 dum

548 5345 686 5400 feria
713 5358 863 5402 sexta
904 5347 955 5398 in
990 5360 1278 5414 parasecve
1307 5346 1502 5414 prioris
1537 5346 1662 5398 anni
1685 5351 1802 5402 erat
1827 5345 1876 5397 in
1939 5348 2115 5400 ecclo-

549 5440 627 5490 sia
653 5437 826 5488 sancti
871 5436 1131 5497 Matthzci,
1193 5434 1472 5491 dubitabat
1499 5435 1586 5488 de
1619 5435 1881 5504 particula
1929 5453 2112 5489 sacro-

549 5533 749 5579 sancta:
777 5526 978 5587 crucis,
1016 5525 1359 5579 venerationi
1403 5525 1700 5592 preposita,
1733 5536 1786 5577 et
1816 5527 1976 5595 impia
2004 5530 2115 5581 htec

549 5619 710 5672 verba
740 5618 963 5685 protulit
997 5634 1009 5669 :
1052 5637 1068 5667 ι
1097 5619 1281 5677 Eheu!
1322 5620 1448 5686 quid
1484 5620 1524 5670 si
1554 5617 1751 5671 Christi
1793 5636 1921 5672 crux
1962 5637 2116 5675 mons

554 5709 666 5772 ipse
698 5708 963 5762 Vesuvius
1019 5709 1248 5768 fuisset?
1305 5729 1322 5761 ι
1382 5711 1473 5762 His
1504 5711 1679 5772 dictis,
1723 5710 2115 5766 slalimobtnu-

555 5801 678 5865 tuit,
707 5811 994 5871 mutu5que
1040 5805 1236 5858 inausit
1272 5818 1441 5874 usque
1476 5804 1536 5863 ad
1565 5803 1814 5857 eumdem
1842 5804 1978 5859 diem
2027 5822 2114 5860 se-

2215 4598 2304 4666 qui
2338 4611 2631 4664 prtesentes
2664 4595 3148 4660 fuerant,solemni
3185 4594 3402 4646 fuerant
3439 4597 3794 4649 attestatiouc

2216 4690 2448 4741 ﬁrmata.
2501 4707 2517 4737 ›

2288 4801 2372 4855 85.
2422 4801 2544 4856 l’ost
2571 4799 2684 4854 lure
2713 4798 2885 4871 pergit
2908 4808 3096 4853 auctor
3127 4798 3192 4852 ad
3215 4796 3542 4851 beneficium
3583 4797 3792 4851 defensi

2215 4893 2471 4947 divinitus
2499 4905 2687 4947 contra
2740 4895 2965 4947 classem
3014 4892 3312 4946 Turcarum
3394 4889 3628 4943 Salerni.
3689 4890 3794 4945 Hoc

2218 4988 2443 5046 accidit.
2481 4986 2598 5055 ipso
2629 4989 2817 5040 saltem
2856 4988 3098 5051 vivente,
3137 4987 3230 5039 sed
3286 4988 3522 5038 necdum
3583 4985 3793 5041 Salerni

2221 5079 2474 5147 degente.
2529 5078 2846 5132 Secundum
2889 5077 3129 5131 Annales
3178 5074 3461 5128 Muratorii
3524 5092 3614 5129 res
3663 5077 3792 5130 facta

2218 5181 2298 5222 est
2327 5184 2469 5221 anno
2513 5169 2667 5229 15M.
2705 5169 3005 5222 Audiamus
3050 5167 3368 5225 Marsilium.
3423 5167 3790 5220 resciscis-ta-

2221 5278 2344 5314 tnen
2425 5262 2692 5329 adjuttctis
2751 5260 2955 5328 aliquot
3010 5276 3117 5311 non
3185 5258 3508 5312 necessariis
3549 5276 3563 5312 :
3608 5279 3624 5308 ι
3682 5258 3790 5323 Qu:

2222 5364 2532 5422 tempore...
2570 5351 2798 5406 Carolus
2861 5351 2896 5402 Υ
2942 5352 3306 5404 Romanorum
3359 5350 3676 5418 imperator,
3742 5360 3793 5401 et

2221 5439 2589 5495 Frauciscnsl
2640 5441 2913 5494 Gallorum
2980 5456 3070 5492 rex
3133 5437 3196 5492 de
3241 5439 3407 5491 totius
3468 5437 3582 5489 fere
3638 5437 3791 5490 IlalLa'.

2221 5533 2454 5602 primatu
2482 5531 2905 5586 contendebant.
2929 5529 3233 5595 impetravit
3257 5528 3441 5581 Gallus
3459 5525 3789 5596 aSolymano

2221 5623 2518 5677 Tttrcnrnnt
2555 5623 2800 5691 principe
2821 5623 3048 5676 classem
3073 5621 3301 5673 validam
3336 5629 3387 5671 et
3415 5635 3785 5678 numerosam,

2222 5715 2526 5770 Haradicno
2553 5715 2877 5768 Barbarussa
2922 5713 3196 5782 pra‘fecto,
3235 5722 3291 5765 ut
3319 5713 3620 5766 maritimas
3649 5728 3785 5773 oras,

2227 5825 2341 5878 qua:
2367 5822 2613 5860 rmsarem
2655 5806 2909 5861 factiOnis
2946 5814 3120 5868 erant,
3152 5812 3368 5857 vexaret
3400 5814 3563 5872 atque
3594 5802 3792 5872 diripe-
