3956 6464
161 396 263 460 801

1470 410 1640 468 im
1685 411 1742 467 s.
1782 394 2168 475 narrum.

3341 427 3448 492 802

161 522 271 566 ret.
316 532 334 566 ι
368 512 594 569 Factum
633 515 738 572 hoc
790 531 935 572 anno
975 519 1128 575 1545.
1176 523 1261 584 At,
1319 536 1442 575 cum
1508 525 1755 594 sequenti
1787 526 1837 585 A
1867 525 1995 583 Diva
2028 527 2282 599 Divieqnc
2304 547 2496 588 omnes
2517 536 2905 605 propitiantur.
2932 550 2987 594 et
3016 557 3233 598 sacrum
3268 552 3450 603 missae

156 622 306 658 anno
333 606 663 664 Franciscus
721 610 740 665 l
802 610 1103 665 terribilem
1146 612 1289 667 illam
1331 615 1582 679 classem,
1634 634 1756 686 quae

158 698 294 750 nihil
315 699 568 752 utilitatis
592 701 871 762 attulerat.
905 703 1114 759 meliori
1146 706 1380 761 consilio
1411 708 1750 775 remitteret;

158 790 498 844 Barbarussa
532 791 586 845 in
615 793 847 847 transitu
904 793 1081 849 varias
1146 795 1399 851 civitates
1452 799 1753 854 maritimas

155 892 209 935 et
240 883 452 935 insulas
478 884 677 952 partim
717 883 924 939 frustra
968 886 1216 950 tentavit,
1253 896 1309 941 et
1368 890 1565 957 partim
1608 891 1752 959 cepit

156 989 214 1032 er
238 976 495 1046 diripuit,
546 988 603 1032 ut
632 980 879 1049 pluribus
914 982 1145 1050 exponit
1177 993 1398 1039 auctor.
1460 986 1747 1041 Salernum

157 1066 417 1129 similiter
447 1072 712 1127 invadere
744 1073 937 1127 voluit.
986 1092 1005 1124 ε
1047 1073 1215 1129 Plane
1256 1075 1348 1133 ubi
1387 1076 1441 1132 in
1475 1076 1595 1146 ejus
1615 1092 1750 1132 con-

156 1171 407 1229 spectuin
440 1164 685 1227 devenit,
761 1164 940 1235 inquit
979 1165 1277 1232 Marsilius,
1337 1184 1613 1223 armorum
1642 1169 1748 1225 ful-.

159 1269 287 1323 gore
319 1265 376 1309 et
425 1256 680 1326 aSpectus
714 1256 935 1317 feritate
969 1260 1251 1320 terribilis.
1287 1261 1498 1315 civibus
1530 1260 1747 1317 cunctis

156 1355 384 1400 catenas
428 1357 485 1401 et
510 1349 828 1416 compedes,
856 1351 975 1407 urbi
1009 1360 1193 1404 autem
1236 1351 1522 1407 barbaram
1559 1363 1743 1409 vasta-

157 1444 363 1493 tionem
401 1438 784 1495 denuntiabat.
821 1439 1089 1506 Quocirca
1120 1442 1184 1496 ail
1225 1453 1432 1497 trucem
1457 1454 1742 1516 tympano-

155 1547 275 1583 rum
306 1530 550 1585 sonitum
593 1541 647 1586 et
676 1533 918 1588 minaces
948 1534 1207 1589 tibiarum
1250 1536 1532 1600 modulos,
1568 1554 1740 1609 usque

155 1622 294 1677 adeo
326 1623 565 1692 pepulus
627 1625 919 1682 universus
976 1629 1220 1699 expavit,
1265 1636 1325 1682 ut
1376 1630 1744 1702 demigrantes

152 1714 349 1769 incola:
384 1716 980 1784 animoe'consternato,
1012 1730 1070 1775 et
1129 1736 1345 1775 summa
1400 1738 1524 1777 cum
1568 1724 1738 1793 trepi-

150 1807 379 1861 datione
414 1806 530 1863 fere
561 1824 753 1865 omnes
785 1811 850 1865 ad
879 1825 1137 1866 montana
1171 1813 1555 1883 confugerent.
1603 1814 1739 1870 Fer-

1859 620 2103 676 solemne
2158 623 2469 681 coniicitur.
2525 646 2543 678 ι
2612 626 2889 688 Hactenus
2952 632 3226 689 llarsilius
3288 642 3449 695 annis

1859 710 2084 770 circiter
2156 716 2372 785 triginta
2445 719 2692 791 quinque
2763 734 2885 792 post
2952 742 3065 780 rem
3140 740 3446 799 peractam,

1854 805 2076 872 quando
2124 808 2277 860 multi
2312 810 2502 877 procul
2556 812 2721 868 dubio
2763 815 3024 870 vivebant
3084 816 3446 880 Salernitani.

1855 896 1948 965 qui
1987 896 2189 951 factum
2229 889 2669 962 illud-viderant.
2696 917 2748 959 ct
2779 907 2847 961 de
2882 909 3159 975 adjunctis
3188 912 3446 966 omnibus

1855 990 2402 1059 poterantjudicare.
2445 993 2645 1049 Eadem
2678 997 2900 1054 brevius
2947 1001 3198 1058 referunt
3236 1003 3439 1066 Musca.

1851 1077 2209 1146 quiMarsilio
2254 1084 2513 1151 convixit,
2563 1086 2616 1141 in
2659 1090 3095 1162 archiepiscopis
3136 1094 3440 1150 Salernita-

1851 1169 1957 1231 nis,
1993 1186 2117 1243 pag.
2145 1174 2234 1240 56,
2270 1173 2473 1236 Mazza.
2498 1180 2550 1231 in
2574 1178 2817 1235 Historia
2840 1181 3210 1247 Salemitaua,
3231 1202 3352 1257 cap.
3384 1188 3438 1253 6,

1850 1270 1905 1316 et
1938 1263 2226 1334 Ughellns.
2248 1278 2380 1322 tom.
2416 1268 2503 1324 VII
2530 1272 2583 1325 in
2610 1274 3027 1344 Arrliiepiscopis
3058 1276 3436 1343 Salerititam's,

1851 1354 1903 1406 in
1937 1353 2168 1411 Nicolao
2210 1358 2521 1431 Rodulphn,
2543 1365 2632 1430 qui
2662 1375 2789 1420 tunc
2820 1378 3055 1437 praeerat
3076 1368 3439 1427 Salernitana:

1847 1444 2111 1501 ecclesiae.
2148 1446 2331 1503 Redeo
2352 1453 2421 1509 ad
2456 1452 2781 1509 Marsiliutn.

1918 1529 2007 1593 87.
2052 1558 2071 1592 ε
2112 1539 2421 1599 Novissime
2440 1546 2619 1611 placet
2653 1549 2781 1603 illud
2809 1565 2918 1606 non
2956 1551 3210 1617 reticere,
3234 1554 3437 1625 inquit,

1845 1629 1993 1696 quod
2034 1632 2194 1687 nobis
2236 1633 2368 1703 ipsis
2411 1636 2465 1689 in
2496 1637 2600 1693 hac
2649 1640 2882 1694 ecclesia
2936 1643 3255 1699 sedentibus
3309 1657 3437 1703 ante

1849 1716 2135 1775 biennium
2168 1724 2415 1795 contigit.
2457 1726 2705 1783 Tametsi
2747 1732 2894 1785 enim
2955 1734 3024 1788 ab
3051 1750 3117 1788 eo
3175 1735 3284 1797 die.
3327 1752 3440 1807 quo

1850 1807 2001 1863 locus
2044 1811 2134 1866 ille
2165 1812 2267 1867 fuit
2295 1831 2393 1884 per
2449 1820 2799 1891 sacrilegium
2832 1809 3263 1893 contaminatus,
3342 1826 3435 1886 ubi

150 1899 311 1953 vebat
354 1908 472 1953 tum
500 1902 740 1956 maxime
775 1912 937 1957 testas
964 1905 1066 1957 sub
1125 1905 1418 1975 septimum
1472 1906 1741 1963 Kalendas
1772 1874 1817 1933 Β
1845 1904 2271 1973 glol'iOSiSSimUS
2319 1911 2604 1979 apostolus
2626 1914 2793 1983 3308'.
2840 1916 3061 1972 divinus
3100 1920 3278 1990 liquor
3308 1937 3435 1992 per-

150 1990 485 2057 Quiuctiles,
513 2001 569 2049 et
595 2002 743 2049 tanta
768 2004 886 2051 erat
916 1996 1039 2051 σαξιί
1100 2000 1382 2069 marisque
1432 2000 1742 2070 tranquilli—

145 2096 251 2152 tas,
295 2098 356 2141 ut
387 2087 668 2142 immobile
698 2088 860 2158 plane
897 2089 1179 2145 videretur
1233 2093 1455 2164 pelagus
1490 2109 1502 2145 :
1541 2092 1743 2150 Barba-

148 2194 311 2233 russa
376 2188 560 2235 autem
604 2180 890 2251 pmdensa
944 2184 1283 2255 navigiorum
1339 2186 1457 2240 acie
1512 2188 1736 2257 jamjam

144 2269 447 2335 accedens,
511 2273 805 2327 tormentis
841 2274 893 2327 in
938 2273 1120 2329 fronte
1154 2276 1456 2340 collocatis,
1492 2293 1739 2348 pronun-

144 2363 324 2428 tiavit,
367 2373 427 2418 ut
451 2365 653 2422 milites
689 2366 1109 2423 descensionem
1150 2369 1418 2435 facerent,
1450 2382 1505 2426 et
1542 2367 1738 2442 praedae

137 2463 309 2524 atque
350 2457 623 2512 incendiis
648 2458 1034 2515 incumberent
1071 2477 1084 2514 :
1118 2476 1242 2517 cum
1277 2479 1406 2519 ecce
1438 2474 1736 2535 tempestas

140 2548 620 2605 turbulentissima
682 2562 910 2621 repente
942 2554 1213 2621 exoritur,
1258 2565 1312 2609 et
1344 2557 1508 2611 veluti
1543 2558 1732 2627 prodi-

137 2640 296 2711 gioso
326 2656 390 2695 ac
415 2641 662 2698 horribili
692 2654 851 2699 terra:
883 2654 1033 2700 mottt
1060 2662 1209 2703 mare
1242 2650 1560 2704 concutitur
1593 2650 1735 2707 inter

137 2732 484 2803 Amalphiam
524 2745 688 2806 atque
737 2736 1028 2793 Salernum
1084 2756 1099 2794 :
1164 2741 1425 2796 inusitata
1469 2755 1732 2813 praeterea

137 2825 487 2880 diversorum
546 2841 836 2884 ventorum
916 2830 1296 2899 coniuratione
1359 2850 1529 2903 usque
1596 2836 1733 2890 adeo

137 2928 482 2972 commotum
539 2921 804 2984 intimuit,
887 2930 945 2976 ut
1015 2922 1298 2980 immensis
1346 2924 1599 2981 ﬂuctibus
1642 2927 1731 2997 ja-

135 3020 277 3064 ctata
334 3011 525 3065 classis
586 3014 637 3066 in
687 3014 843 3068 littus
914 3017 1253 3087 adigeretur,
1293 3034 1578 3091 navesque
1606 3038 1731 3078 om-

136 3118 233 3158 nes
283 3105 607 3162 nutantibus
661 3106 837 3170 malis,
902 3118 1066 3177 atque
1120 3109 1264 3164 inter
1309 3127 1369 3165 se
1408 3116 1588 3181 proris
1635 3116 1730 3171 ad-

1844 1995 2074 2066 cxiguus
2112 2014 2331 2068 semper
2356 2006 2667 2065 einerserit.
2703 1996 2867 2061 adeo°
2898 2018 2955 2065 ut
3017 2011 3101 2064 vix
3134 2012 3432 2069 multorum

1844 2086 2058 2141 dierum
2091 2089 2269 2159 spatio
2307 2092 2522 2147 modica
2560 2103 2800 2164 potuerit
2852 2096 3104 2169 ejiisdem
3156 2105 3436 2173 quantitas

1846 2176 2088 2243 hauriri;
2133 2180 2558 2239 advenientibus
2606 2184 2789 2243 tamen
2825 2191 3138 2248 illustribus
3199 2211 3264 2250 ex
3298 2195 3432 2252 Sar-

1842 2270 2007 2323 matia
2044 2271 2177 2326 viris
2203 2271 2443 2346 Georgio
2468 2274 2765 2341 Radziroil.
2803 2288 3158 2352 episcopatus
3179 2284 3433 2344 thnen-

1844 2357 1921 2412 sis
1952 2360 2297 2430 coadjutore,
2332 2374 2385 2419 et
2412 2367 2642 2422 Alberto
2679 2369 2959 2439 Radziroil
2985 2372 3176 2440 fratre,
3211 2386 3266 2431 et
3289 2377 3431 2435 duce

1839 2446 1893 2501 in
1926 2445 2096 2516 Olica;
2138 2466 2203 2506 ac
2240 2452 2437 2509 devote
2466 2460 2823 2526 petentibus,
2866 2472 2926 2516 ut
2959 2472 3015 2518 et
3064 2464 3169 2521 loci
3200 2467 3428 2525 videndi

1840 2549 1896 2594 et
1932 2557 2146 2597 manna:
2176 2544 2350 2615 ipsius
2393 2548 2445 2602 in
2473 2552 2709 2620 patriam
2740 2553 3053 2611 deferendae
3100 2560 3315 2631 copiam
3348 2561 3431 2619 fa-

1839 2643 2112 2699 ceremus,
2146 2634 2383 2691 libenter
2433 2649 2728 2711 utrumque
2782 2648 3158 2705 concessimus
3218 2670 3233 2707 :
3282 2652 3429 2725 lage-

1840 2737 2078 2793 namque
2114 2728 2314 2796 ipsam,
2353 2747 2477 2799 quae
2507 2736 2685 2801 pridie
2711 2736 2864 2791 arida
2913 2754 3062 2810 pene
3089 2742 3289 2810 fuerat,
3332 2759 3427 2800 sa-

1838 2827 1934 2869 cro
1967 2815 2199 2872 humore
2232 2820 2371 2875 adeo
2422 2824 2688 2892 repletam
2743 2828 3159 2902 undantemque
3216 2836 3431 2906 reperi-

1836 2923 1980 2975 mus,
2034 2920 2092 2963 ut
2131 2908 2430 2969 liberaliter
2454 2918 2801 2991 principibus
2839 2923 2977 2993 ipsis
3030 2926 3165 2982 viris
3204 2942 3427 2984 eorum-

1833 3018 1941 3071 que
1975 3004 2273 3060 comitibus
2309 3011 2653 3077 potuerimus
2715 3013 2889 3083 ipsam
2920 3017 3277 3076 distribuere.
3306 3023 3423 3079 imo

1836 3111 1965 3151 vero
1994 3106 2049 3153 et
2084 3098 2221 3155 duas
2284 3101 2776 3171 ampullas,codem
2846 3107 3057 3179 liquore
3117 3111 3307 3182 plenas
3351 3116 3421 3172 ad

133 3196 314 3251 versis
382 3211 445 3252 ac
515 3197 791 3269 puppibus
851 3211 1268 3266 concurrentes,
1321 3204 1525 3277 ingenti
1586 3208 1727 3263 cala-

1836 3187 2163 3262 Grcgorium
2230 3191 2348 3247 Xlll
2387 3194 2449 3249 P.
2509 3194 2582 3250 ﬂ.
2654 3198 2858 3254 deferri
2895 3204 3234 3268 curavimus,
3282 3222 3419 3277 quas

134 3289 327 3343 mitate
386 3289 589 3346 collisae
660 3308 725 3349 ac
772 3293 1064 3366 diﬂ'ractte,
1141 3299 1394 3356 luctuoso
1442 3300 1727 3374 naufragio

132 3391 537 3448 mergerentur.
577 3403 595 3435 ι

198 3470 289 3527 86.
335 3488 355 3523 ι
397 3474 645 3531 Accessit
699 3493 917 3550 quoque
974 3481 1239 3540 miraculo
1274 3485 1426 3541 visus
1474 3487 1526 3542 in
1586 3490 1726 3545 crelo

132 3578 298 3620 senex
328 3582 564 3621 summa!
592 3573 941 3638 proceritatis
963 3615 977 3636 ,
999 3575 1223 3644 ipsaque
1259 3580 1484 3647 prolixae
1547 3583 1724 3638 barba:

132 3656 433 3722 spectanda
466 3659 670 3713 canitie
711 3660 1067 3732 conspicuus,
1111 3666 1203 3736 qui
1251 3668 1542 3725 videbatur
1576 3673 1721 3728 illam
1752 3722 1755 3723 ν

130 3744 371 3799 excitare
409 3749 727 3816 procellam,
762 3762 814 3807 et
862 3769 963 3824 pro
1004 3772 1098 3810 sua
1150 3761 1302 3827 quasi
1361 3762 1579 3819 civitate
1622 3784 1722 3835 pu-

130 3851 294 3907 gnare
339 3841 516 3896 :visa:
549 3854 673 3897 sunt
745 3846 910 3901 etiam
965 3851 1317 3907 validissima:
1369 3860 1719 3929 promptissi-

132 3946 343 3987 morum
402 3936 633 3989 militum
681 3947 736 3991 et
801 3942 1003 3996 civium
1042 3946 1319 4013 cohortes,
1389 3952 1722 4024 fulgentibus

130 4040 223 4096 per
250 4026 399 4080 muri
427 4042 686 4083 coronam
732 4032 904 4101 galeis
938 4045 1106 4104 atque
1136 4039 1488 4103 thoracibus.
1526 4045 1717 4100 urbem

131 4126 397 4187 perpetua
433 4123 588 4189 quasi
621 4123 855 4178 statione
886 4122 1202 4182 defendcre.
1276 4128 1428 4185 Unde
1480 4144 1715 4203 constat,

133 4210 430 4267 immanem
489 4215 642 4268 illmn
700 4216 992 4274 barbarum
1047 4237 1112 4277 ea
1149 4224 1236 4278 die
1290 4232 1715 4296 contremuisse,

130 4311 180 4356 et
207 4305 560 4374 paucissimis
596 4308 933 4375 triremibus,
972 4328 1094 4383 quze
1122 4316 1203 4368 vix
1235 4332 1533 4377 evaserunt
1569 4324 1718 4381 inco-

130 4393 316 4465 lumes,
391 4398 535 4454 ultra
589 4401 929 4469 Palinurum,
996 4406 1464 4468 invalesrcntibus
1512 4419 1710 4484 ventis,

132 4498 337 4557 raptum
366 4490 561 4546 fuisse.
586 4493 799 4549 Cretera
825 4498 1039 4570 navigia
1063 4502 1461 4578 cujuscumque
1497 4511 1713 4578 generis

1830 3285 1881 3337 ei
1923 3288 2263 3355 gratissimas
2313 3290 2596 3351 exstitisse
2660 3308 2757 3363 per
2819 3293 3030 3350 litteras
3083 3300 3417 3370 accepimus.

1832 3376 2022 3434 Tantm
2050 3382 2215 3450 igitur
2248 3382 2324 3435 rei
2358 3385 2663 3439 novitatem
2690 3386 2845 3442 valde
2885 3389 3138 3445 admirati
3174 3407 3366 3448 sumus
3398 3411 3417 3461 ;

1830 3472 1889 3525 et
1934 3472 2117 3535 veriti,
2173 3486 2242 3528 ne
2296 3474 2655 3532 beatissimus
2707 3481 2990 3548 apostolus
3031 3482 3161 3537 huic
3216 3488 3418 3555 populo

1828 3564 1898 3617 ob
1948 3565 2157 3619 scelera
2218 3569 2392 3622 multa
2452 3580 2799 3637 succenseat,
2854 3575 3068 3644 precari
3114 3590 3414 3645 utimquam

1827 3654 2150 3711 tiCStSltlllttS
2225 3656 2403 3721 illum,
2496 3671 2556 3714 ut
2606 3664 2887 3718 civitatem
2937 3668 3097 3723 istam
3159 3674 3414 3741 civesque

1826 3761 2019 3803 omnes
2085 3749 2338 3819 dignetur
2372 3768 2472 3822 pro
2526 3768 2624 3809 sua
2656 3768 2922 3813 consueta
2959 3760 3205 3818 bonitate
3227 3773 3415 3834 prote—

1825 3856 1972 3911 gere.
2024 3859 2043 3892 ι

1894 3932 1984 3987 88.
2020 3951 2039 3984 ι
2096 3932 2339 3991 Tandem
2388 3948 2443 3993 et
2494 3940 2626 3995 illud
2690 3943 2868 4011 placet
2948 3946 3090 4001 inter
3148 3950 3411 4009 miracula

1824 4041 2138 4090 recensere,
2180 4031 2322 4097 quod
2350 4046 2414 4083 ex
2463 4028 2718 4087 universa
2752 4038 3038 4106 provincia
3086 4041 3413 4113 frequentis-

1820 4118 1959 4172 sime
1994 4118 2302 4173 aﬂ'cruutur
2331 4108 2584 4179 homines
2619 4130 2907 4199 utriusque
2956 4148 3143 4195 sexus.
3180 4138 3270 4207 qui
3296 4154 3410 4192 ina-

1821 4216 1888 4269 lis
1913 4216 2201 4287 spiritibus
2241 4221 2506 4275 acerrime
2557 4224 2889 4279 divcxantur
2938 4246 2951 4281 :
2993 4240 3048 4284 et
3074 4247 3171 4287 eos
3215 4250 3410 4292 omnes

1820 4317 1948 4363 ante
1990 4309 2168 4379 ipsum
2203 4310 2267 4363 D.
2307 4311 2542 4367 Mattbzcl
2576 4316 2751 4372 altare
2784 4320 3117 4379 constitutos
3151 4328 3408 4383 sacerdos

1822 4416 1967 4456 unus
2022 4402 2281 4473 imposita
2316 4424 2478 4463 manu
2522 4409 2734 4468 liberat.
2760 4412 2938 4481 θυοδ
2978 4432 3130 4484 sane,
3189 4422 3403 4475 tametsi

1817 4498 1885 4551 ab
1914 4500 2033 4569 ipso
2075 4504 2452 4559 translationis
2486 4507 2638 4561 initio
2666 4507 2975 4565 factitatum
3021 4515 3244 4570 assidue
3266 4517 3401 4582 fuit,

130 4582 203 4634 vel
240 4583 403 4650 plane
437 4596 692 4653 quassata
724 4589 927 4644 sensim
959 4593 1213 4663 absorpta
1264 4608 1417 4660 sunt,
1447 4600 1529 4653 vel
1563 4600 1712 4659 fatali

1837 4593 1943 4661 iuia
1980 4602 2165 4652 tamen
2201 4598 2268 4651 ad
2306 4597 2418 4651 hare
2455 4614 2627 4670 usque
2672 4610 2922 4674 tempora
2966 4620 3303 4677 perseverat,
3350 4627 3406 4667 et

132 4672 179 4725 in
213 4675 401 4734 littore
424 4678 783 4745 desederunt,
823 4686 1113 4756 praedaque
1151 4691 1360 4756 omnia,
1394 4708 1556 4766 quam
1612 4713 1712 4768 per

132 4766 205 4823 fas
261 4782 317 4826 et
391 4773 547 4828 nefas
604 4774 874 4832 barbarus
937 4782 1323 4853 undecumque
1398 4766 1709 4861 collegerat,

1820 4686 1980 4741 nobis
2022 4688 2186 4741 etiam
2221 4689 2539 4745 videntibus
2577 4694 2908 4765 quandoque
2971 4709 3253 4766 peractum
3292 4713 3401 4765 est,

1819 4797 1927 4834 non
1960 4783 2060 4837 fuit
2101 4784 2209 4838 ulla
2248 4786 2461 4841 ratione
2493 4792 2942 4857 prastereundum
2985 4794 3229 4851 silentio.
3269 4817 3286 4848 ι
3327 4799 3401 4853 ita

131 4860 190 4915 ad
220 4860 627 4918 Salernitauum
654 4865 814 4921 littus
856 4867 1055 4938 ejecta,
1093 4872 1287 4930 incolis
1311 4860 1711 4947 occupantibus

130 4959 206 5003 est
235 4953 490 5020 quesita.
522 4952 662 5009 Cum
715 4956 878 5026 igitur
920 4959 1298 5018 imminentem
1344 4968 1553 5022 cladem
1603 4982 1708 5027 tam

133 5043 266 5097 felici
316 5057 548 5110 eventu,
578 5062 685 5101 non
719 5050 970 5105 humana:
1026 5055 1187 5119 vires,
1224 5058 1318 5109 sed
1383 5060 1524 5113 Deus
1585 5062 1708 5132 Opt.

136 5136 264 5189 Max.
304 5138 629 5203 avertisset,
669 5152 960 5211 acceptum
1006 5145 1058 5199 id
1088 5147 1422 5204 Salernitani
1464 5156 1713 5211 tulerunt

136 5229 382 5292 precibus
424 5240 481 5284 et
517 5232 731 5286 meritis
785 5235 1023 5289 Dlatthasi
1056 5246 1111 5290 ct
1164 5241 1396 5296 Andreae
1431 5250 1710 5315 apostolo-

135 5332 277 5374 rum:
313 5322 400 5377 hic
434 5323 899 5394 Amalphitanam,
939 5328 1025 5382 ille
1061 5330 1466 5391 Salernitanam
1496 5340 1706 5409 plagam

134 5410 465 5469 defenderat.
492 5412 865 5479 Quamobrem
895 5423 1145 5489 Sequenti
1204 5424 1292 5477 die
1325 5426 1708 5486 Salernitanus

136 5506 358 5572 populus
423 5510 537 5563 Deo
581 5508 837 5579 ingentes
882 5515 1084 5583 gratias
1136 5518 1246 5587 egit
1286 5535 1296 5568 :
1334 5528 1387 5571 et
1452 5521 1708 5591 deinceps

138 5600 417 5661 quotannis
446 5614 511 5653 ea
545 5601 658 5670 ipsa
693 5602 780 5655 die
813 5604 1060 5658 miraculi
1092 5609 1354 5662 memoria
1387 5620 1703 5676 renovatur,

138 5689 252 5751 quia
315 5702 370 5745 ct
430 5694 718 5761 proprium
774 5695 844 5749 ob
906 5698 953 5749 id
993 5694 1241 5752 Officium
1291 5703 1602 5755 celebratur
1652 5707 1703 5758 in

137 5782 291 5837 choro
342 5785 573 5852 majoris
600 5789 869 5854 ecclesiae,
921 5799 974 5844 et
1007 5807 1104 5859 per
1136 5792 1414 5847 civitatem
1472 5794 1703 5851 solemni

139 5879 476 5939 processione
509 5880 855 5947 discurritur,
902 5884 955 5938 in
1013 5901 1117 5954 qua
1169 5887 1398 5942 alternis
1453 5890 1703 5958 precibus

1816 4884 2029 4930 auctor.
2079 4876 2156 4929 Ex
2213 4877 2420 4933 ultimis
2478 4881 2665 4941 verbis
2712 4884 2931 4956 colligo,
3006 4889 3175 4941 multa
3227 4891 3398 4945 sancti

1817 4966 2056 5021 Mattha-i
2104 4970 2366 5033 bcueticia
2430 4977 2653 5046 scriptis
2707 4980 3026 5049 consignata
3061 4996 3169 5036 non
3205 4982 3395 5040 fuisse:

1818 5074 1994 5128 neque
2023 5062 2172 5115 enim
2210 5078 2715 5137 energumeuorum
2769 5069 3126 5131 liberationes
3177 5077 3399 5139 invenio

1811 5154 2068 5222 scriptas.

1884 5244 1972 5297 89.
2017 5245 2089 5298 Ex
2124 5245 2227 5300 illis
2260 5264 2426 5303 unum
2454 5250 2636 5306 Sancti
2672 5253 2993 5311 beneﬁcium
3032 5255 3396 5317 Salernitanis

1815 5339 2114 5407 pracSIitum
2144 5341 2375 5394 refertur
2401 5358 2429 5395 a
2456 5342 2759 5398 Romnaldo
2786 5346 2828 5400 ll
2857 5350 3269 5420 archiepiscopo
3302 5351 3399 5406 Sa-

1814 5430 2112 5488 lernitano.
2151 5434 2241 5501 qui
2279 5436 2461 5487 omnia
2515 5451 2754 5507 praesens
2806 5443 2990 5496 videre
3043 5443 3240 5511 putuit,
3272 5462 3395 5498 cum

1816 5527 1990 5594 patria
2046 5525 2216 5579 fuerit
2266 5528 2663 5595 Salernitanus,
2719 5543 2771 5585 et
2828 5535 3129 5592 secundum
3188 5536 3395 5608 Ughelli

1810 5618 2188 5673 chronotaxim
2218 5622 2328 5689 jam
2362 5624 2551 5688 patria:
2596 5641 2707 5679 suae
2737 5641 2985 5695 praessct
3029 5631 3397 5698 archiepisco-

1811 5724 1931 5778 pus.
1966 5713 2182 5778 quando
2219 5728 2305 5764 res
2342 5726 2557 5781 peracta
2590 5728 2692 5782 est,
2740 5728 2832 5770 aut
2859 5720 3221 5787 quadriennio
3271 5733 3391 5791 post

1811 5804 2257 5877 archiepiscopus
2286 5807 2443 5861 fuerit
2476 5809 2651 5863 factus
2681 5826 2745 5863 ex
2783 5813 3099 5867 chronotaxi
3136 5815 3394 5883 GaSpaiis

1812 5895 2013 5951 Musca.
2054 5895 2275 5951 Factum
2327 5913 2355 5950 a
2407 5899 2723 5969 Maratorio,
2780 5906 2831 5959 in
2869 5908 3158 5961 Annalibus
3194 5909 3385 5975 Italic,
