3956 6446
528 389 635 451 803

1760 385 2046 447 MENSIS
2081 386 2367 446 SEPTEM
2381 387 2469 444 BE
2482 387 2550 445 R.

3689 388 3794 449 80L

530 504 767 559 refertur
791 502 855 556 ad
889 517 1094 555 annum
1130 501 1285 566 “62,
1324 512 1488 573 atque
1512 501 1586 557 ita
1620 502 1910 571 exponitur
1940 515 1970 554 a
2003 500 2111 554 Ro-
2139 515 2180 565 Α
2213 501 2333 555 silia
2379 510 2569 553 neuter
2610 500 2749 554 scire
2800 501 3004 569 potuit;
3043 512 3090 553 at
3145 504 3273 555 mihi
3324 504 3649 572 conjectura
3688 503 3798 557 Ro-

538 594 768 658 mualdo,
806 603 935 646 tom.
970 592 1056 645 \"ll
1086 591 1414 661 Scriptorum
1452 592 1646 655 ιεαιείι»,
1688 591 1792 647 col.
1821 592 1946 647 205.
1973 590 2103 645 Gui-

537 690 748 746 helmus
780 684 797 737 l
827 684 1027 740 Sicilire
1058 700 1150 739 rex
1191 693 1552 755 cognomento
1587 682 1775 746 Malus,
1807 692 1929 753 post
1958 699 2107 737 com-

536 797 754 852 pressos
782 779 1095 834 rebellionis
1121 788 1299 832 motus
1324 780 1376 831 in
1409 792 1575 847 regno
1603 775 1973 846 Neapolitano,
2007 795 2026 827 ι
2053 786 2106 830 et

534 875 613 928 sic
649 880 963 941 recuperata
999 880 1140 924 terra
1177 878 1283 923 tota
1319 873 1462 939 (cum
1487 869 1773 935 exercitu),
1811 866 2101 921 Salernum

536 966 705 1019 venit.
738 963 803 1017 Et
841 964 968 1033 quia
1005 960 1316 1031 indignatus
1344 971 1461 1015 erat
1490 960 1845 1015 Salernitanis
1873 959 2105 1024 civibus,

537 1055 725 1108 urbem
777 1054 978 1107 intrare
1009 1052 1200 1114 noluit,
1234 1051 1327 1105 sed
1356 1050 1507 1119 juxta
1540 1066 1657 1105 eam
1708 1050 1938 1104 tentoria
1975 1050 2106 1103 flvit.

537 1146 717 1215 Cmpit
754 1155 935 1198 autem
985 1159 1014 1198 a
1049 1144 1261 1198 civibus
1300 1158 1550 1214 magnam
1583 1142 1869 1211 pecuniam
1902 1151 2107 1211 petere.

537 1238 709 1303 Quam
736 1254 900 1307 quum
934 1237 1009 1290 illi
1036 1238 1217 1291 statim
1240 1236 1451 1291 solvere
1477 1250 1584 1289 non
1611 1242 1855 1304 possent,
1889 1234 2107 1289 inventa

534 1334 823 1388 occasione
878 1331 1163 1400 plurimum
1221 1331 1555 1400 indignatus,
1607 1328 1867 1398 quosdam
1912 1344 1977 1382 ex
2032 1327 2111 1382 eis

538 1426 795 1496 suspendi
826 1426 973 1485 fecit,
1019 1424 1380 1477 comminatus
1426 1422 1567 1485 aliis,
1609 1422 1775 1493 quod,
1805 1421 1909 1477 nisi
1944 1436 2111 1491 pecu-

540 1519 686 1571 niam
716 1518 828 1571 cito
860 1516 1153 1578 solve-rent,
1189 1515 1378 1569 urbem
1416 1514 1743 1569 destrueret.
1782 1511 1981 1567 Beatus
2011 1528 2112 1566 au-

540 1617 651 1662 tem
691 1607 967 1676 apostolus
1000 1606 1303 1671 Matthteus,
1334 1605 1427 1674 qui
1468 1602 1827 1659 Salernitanze
1851 1603 2051 1657 civitati
2084 1620 2110 1657 a

544 1698 654 1752 Deo
683 1707 943 1769 patronus
971 1698 1129 1753 datus
1157 1708 1240 1753 est
1265 1708 1321 1752 et
1346 1696 1622 1757 defensor,
1655 1694 1931 1748 civitatem
1959 1710 2110 1749 suam

542 1789 598 1843 in
636 1797 784 1843 tanto
816 1790 1129 1845 discrimine
1166 1806 1271 1843 non
1307 1788 1541 1857 reliquit.
1575 1786 1707 1839 Nam
1748 1801 1912 1852 quum
1942 1802 2033 1840 rex
2060 1788 2112 1841 in

2207 594 2410 648 mualdi
2446 593 2777 662 prmferenda
2812 595 3044 656 videtur,
3068 596 3193 663 quia
3218 596 3481 650 terribilis
3512 597 3607 650 ille
3633 596 3799 651 turbo

2206 700 2331 741 eum
2370 702 2559 740 revera
2592 684 2848 739 eﬂ'ectum
2883 686 3163 755 produxit,
3201 699 3257 741 ut
3292 690 3505 742 nullum
3533 700 3800 759 praeterea

2208 780 2466 833 damnum
2502 778 2865 833 Salernitanis
2889 780 2959 833 sit
2990 780 3195 833 illatum
3224 800 3237 844 ;
3278 785 3371 835 sed
3408 782 3579 836 vitam
3612 784 3799 837 occiso

2210 884 2315 921 non
2348 867 2605 922 reddidit.

2212 1026 2240 1099 §
2275 1026 2387 1081 VII.
2428 1024 2676 1093 Reliquiu:
2709 1028 2870 1099 variis
2901 1028 3024 1099 locis
3091 1040 3314 1083 serrata:
3350 1046 3369 1083 .·
3406 1031 3524 1083 Iaca
3587 1032 3798 1099 aliquot

2598 1113 2752 1149 curru
2788 1098 2843 1150 S.
2871 1098 3115 1152 Mattiaco
3134 1103 3329 1153 dicata.

2282 1212 2372 1267 9|.
2425 1211 2651 1266 Restant
2700 1210 2963 1265 nonnulla
3014 1211 3243 1265 dicenda
3299 1212 3367 1265 de
3423 1211 3674 1280 reliquiis
3743 1212 3800 1266 S.

2213 1304 2469 1366 Matthxi,
2494 1320 2611 1373 quae
2630 1318 2657 1356 a
2694 1304 2905 1368 reliquo
2927 1319 3156 1371 corpore
3178 1314 3443 1371 separata:
3478 1314 3796 1357 servantur.

2213 1396 2392 1450 Μυκη
2420 1396 2660 1465 quidem,
2692 1396 2743 1449 in
2771 1396 3000 1448 Historia
3052 1394 3415 1457 Salerttitana,
3450 1411 3579 1463 cap.
3611 1396 3644 1449 6
3665 1396 3799 1449 dicit

2215 1489 2383 1542 sancti
2427 1488 2663 1542 Mattlnci
2699 1489 2928 1556 apostoli
2987 1503 3183 1558 corpus
3239 1488 3531 1558 integrum,
3571 1498 3802 1555 excepto

2214 1581 2377 1635 dente
2402 1580 2729 1645 acbrachio,
2777 1581 2979 1633 servari
3046 1582 3097 1633 in
3150 1580 3300 1634 altari
3357 1580 3535 1633 eidem
3599 1581 3801 1646 dicato,

2214 1675 2282 1729 de
2320 1690 2427 1743 quo
2484 1675 2566 1743 egi
2604 1692 2754 1729 num.
2804 1675 2890 1730 8|.
2927 1672 2993 1726 At
3037 1673 3164 1725 illud
3219 1673 3440 1726 certiori
3484 1671 3803 1725 testimonio

2217 1772 2331 1825 sive
2361 1770 2562 1823 ossium
2598 1769 2940 1838 inspectione
2973 1768 3261 1837 probatum
3295 1767 3514 1826 vellem,
3560 1776 3617 1819 et
3654 1773 3800 1819 certe

540 1894 611 1933 eo
666 1889 813 1935 esset
861 1882 1160 1949 proposito.
1194 1881 1337 1949 quod
1386 1880 1549 1935 multa
1580 1882 1716 1935 mala
1760 1880 2113 1934 salemuanis
2150 1862 2188 1916 Β
2219 1873 2327 1917 tam
2364 1862 2549 1917 stricte
2588 1862 2912 1916 sumendum
2939 1877 3043 1914 non
3081 1867 3183 1919 est.
3244 1868 3301 1911 ut
3332 1859 3670 1913 credendum
3709 1860 3797 1923 sit,

545 1976 791 2038 inferret,
844 1975 1018 2029 media
1065 1974 1175 2039 die,
1223 1990 1389 2044 quum
1438 1983 1582 2029 tanta
1634 1986 1780 2029 esset
1826 1974 2114 2039 serenitas,

542 2071 685 2139 quod
716 2070 860 2122 nulla
894 2069 947 2121 in
995 2084 1119 2123 aere
1152 2070 1321 2123 nubes
1362 2077 1669 2139 appareret,
1718 2068 1900 2121 subito
1943 2083 1971 2120 a
2023 2066 2118 2121 Se-

544 2163 870 2234 ptemtrione
912 2172 1106 2215 ventus
1158 2160 1365 2214 validus
1396 2176 1518 2215 cum
1574 2160 1775 2232 ingenti
1826 2160 2026 2229 pluvia,
2065 2168 2120 2213 et

546 2255 706 2307 turbo
747 2254 1084 2321 impetuosus
1128 2248 1327 2322 erupil,
1370 2252 1461 2321 qui
1496 2252 1660 2306 totius
1693 2252 1962 2306 exercitus
2001 2256 2120 2306 ten-

547 2346 684 2399 toria
718 2346 967 2399 universa
998 2344 1213 2414 dejecit,
1252 2353 1304 2398 et
1337 2345 1631 2399 tentorium
1664 2345 1870 2413 regium
1898 2346 1949 2397 in
1984 2345 2121 2398 emi-

545 2438 694 2492 nenti
730 2438 964 2506 positum
1003 2438 1080 2490 sic
1116 2452 1144 2489 a
1178 2437 1320 2499 loco,
1347 2438 1398 2489 in
1440 2453 1548 2505 quo
1591 2437 1753 2490 fixum
1786 2437 1984 2501 fuerat,
2022 2437 2123 2490 im-

546 2526 681 2596 pulit
710 2535 763 2580 et
796 2525 1111 2585 commovit,
1158 2524 1300 2593 quod
1343 2539 1522 2594 regem
1569 2524 1931 2578 dormientem
1983 2537 2121 2593 pene

547 2619 855 2691 prostravit.
892 2617 1315 2689 Expergefaetus
1348 2634 1469 2682 rex,
1499 2626 1554 2672 et
1586 2626 1731 2673 tanta
1763 2617 2121 2675 inundatione

558 2710 846 2773 attonitus,
884 2715 1043 2777 erepit
1077 2710 1283 2779 fugere,
1308 2717 1359 2761 et
1394 2708 1635 2777 Apostoli
1667 2710 1925 2762 auxilium
1965 2709 2122 2763 invo-

548 2816 693 2862 care,
725 2811 777 2854 et
809 2800 895 2853 vix
938 2802 987 2852 in
1027 2800 1260 2869 quodam
1314 2813 1484 2869 parvo
1529 2800 1762 2853 tentorio
1810 2799 2022 2869 fugiens
2065 2814 2125 2852 se

551 2893 774 2962 recepit.

620 2984 709 3038 90.
754 2985 816 3037 Et
850 2985 974 3038 licet
1006 2999 1097 3037 rex
1148 2984 1312 3036 animi
1366 2982 1447 3037 sui
1502 2984 1750 3037 timorem
1802 2998 1963 3052 super
2023 2982 2125 3037 hoc

550 3076 692 3131 facto
722 3076 1111 3139 dissimularet,
1156 3087 1435 3147 magnates
1481 3087 1659 3129 tamen
1713 3076 1876 3131 curiae
1930 3088 1983 3131 et
2020 3076 2123 3129 viri

562 3168 860 3238 prudentes
890 3168 1177 3222 manifeste
1210 3177 1492 3233 noverunt,
1525 3169 1623 3221 hoc
1660 3168 1981 3222 miraculum
2018 3168 2126 3221 vir-

552 3270 667 3313 tute
705 3260 1001 3327 apostolica
1032 3271 1421 3328 perpetratum.
1445 3261 1738 3329 Apostolus
1765 3260 1908 3313 enim
1941 3260 1993 3312 in
2022 3260 2123 3313 hoc

555 3353 695 3405 facto
722 3362 775 3405 et
798 3353 1088 3405 commisso
1120 3351 1220 3404 sibi
1251 3354 1449 3421 p0pulo
1472 3360 1526 3405 et
1558 3352 1662 3423 regi
1691 3352 1975 3407 manifeste
1998 3368 2125 3406 con-

555 3445 706 3508 sulit,
746 3443 871 3498 dum
904 3452 959 3498 et
997 3444 1347 3498 commissam
1378 3444 1480 3499 sibi
1512 3446 1765 3514 populum
1808 3461 1836 3497 a
1884 3446 2125 3513 periculo

556 3538 723 3602 eruit,
753 3547 803 3590 et
854 3552 1052 3606 regem,
1087 3552 1154 3591 ne
1187 3539 1519 3607 propositum
1570 3539 1771 3591 malum
1819 3536 2123 3604 perliceret,

562 3627 863 3697 impedivit.
890 3627 1003 3679 Rex
1036 3641 1183 3695 ergo,
1216 3630 1359 3695 quod
1385 3628 1581 3682 factum
1615 3628 1804 3690 fuerat,
1840 3643 2019 3681 secum
2048 3644 2128 3681 rc-

556 3720 821 3790 COgitaus,
874 3729 926 3773 et
978 3722 1398 3791 indignationem
1430 3720 1810 3789 apostolicam
1875 3720 2126 3789 pertime-

557 3827 735 3874 scens,
770 3828 934 3882 quum
964 3828 1020 3866 se
1048 3823 1383 3867 moraturum
1412 3813 1553 3867 circa
1580 3812 1861 3867 Salernum
1886 3815 2129 3882 aliquan-

557 3904 729 3956 tulum
780 3903 1165 3970 disposuisset,
1213 3912 1420 3956 mutato
1473 3905 1768 3971 proposito,
1823 3905 1991 3958 altera
2044 3906 2131 3959 die

557 3991 737 4061 galeas
774 3991 848 4061 (id
896 4001 980 4045 est
1034 3992 1303 4061 triremes)
1340 3992 1579 4058 intravit,
1626 4001 1680 4047 et
1710 3993 2036 4050 festinanter
2074 3996 2128 4050 in

560 4082 803 4138 Siciliam
837 4083 1017 4136 rediit.
1053 4101 1070 4132 ι
1105 4082 1257 4150 Hugo
1287 4083 1613 4146 Faleandus,
1640 4086 1729 4151 qui
1756 4085 1945 4139 eodem
1967 4088 2128 4140 etiam

559 4176 758 4231 saeculo
812 4174 1049 4245 scripsit,
1109 4174 1163 4227 in
1218 4173 1457 4227 Historia
1508 4172 1714 4240 Sicula,
1763 4176 1961 4230 ibidem
2010 4187 2133 4247 post

563 4268 845 4321 Romualdi
868 4266 1167 4321 chronicon
1195 4265 1362 4332 edita,
1385 4267 1449 4320 de
1481 4267 1621 4322 facto
1647 4268 1948 4338 prodigiose
1974 4268 2132 4339 plane

560 4359 870 4423 consentit;
912 4358 1004 4412 sed
1045 4373 1261 4411 causam
1305 4357 1533 4428 prodigii
1568 4361 1813 4415 attribuit
1849 4361 2004 4415 morti
2037 4362 2134 4415 ali-

562 4453 719 4519 cujus
748 4451 951 4504 innosii
984 4450 1332 4516 Salernitani,
1365 4454 1455 4521 qui
1491 4452 1633 4519 regis
1660 4454 1814 4521 jussu
1849 4468 1971 4507 cum
2014 4456 2132 4509 aliis

565 4543 741 4595 fuerat
786 4556 1108 4611 suspensus.
1161 4542 1235 4595 De
1284 4543 1499 4596 turbine
1546 4544 1709 4601 hanc.
1742 4553 1799 4597 ut
1844 4544 2035 4608 credit,
2064 4546 2132 4599 ob

563 4646 785 4686 causam
814 4643 1024 4695 exorto,
1065 4633 1137 4686 ita
1170 4634 1408 4702 loquitur
1437 4634 1541 4687 col.
1570 4634 1709 4690 299:
1768 4655 1785 4687 ο
1820 4637 1951 4690 Cum
1985 4637 2131 4690 enim

563 4723 701 4774 adeo
732 4737 959 4777 serenus
995 4734 1138 4779 esset
1163 4737 1273 4787 aer,
1302 4733 1359 4776 ut
1382 4724 1588 4777 nullum
1610 4741 1833 4795 prorsus
1862 4727 1915 4778 in
1946 4741 2011 4779 eo
2034 4742 2137 4779 nu-

568 4816 651 4867 bis
687 4816 978 4883 vestigium
1024 4826 1332 4884 apparcrct,
1394 4828 1537 4869 tanta
1588 4827 1812 4887 repente
1850 4829 2139 4887 tempestas

566 4916 755 4960 exorta
809 4918 913 4972 est,
971 4909 1231 4972 tonitrua,
1302 4909 1727 4974 coruscationcs,
1778 4919 1832 4963 et
1887 4911 2138 4965 imbrium

569 4996 851 5050 inundatio
886 4994 1196 5061 subsecuta,
1226 5008 1283 5053 ut
1316 5016 1411 5069 per
1448 5010 1617 5054 totum
1648 5005 1943 5056 exercitum
1971 5004 2141 5056 instar

572 5091 899 5157 rapiiliSsimi
932 5091 1191 5145 torrentis
1220 5106 1357 5160 aqua
1388 5093 1721 5156 decurreret,
1754 5103 1809 5147 et
1833 5105 1939 5146 tam
1975 5095 2143 5164 ipsius

570 5182 733 5250 regis,
775 5198 931 5249 quam
964 5195 1283 5237 ceterorum
1331 5184 1571 5238 omnium
1626 5186 1883 5251 tentoria,
1928 5188 2143 5256 paxillis

570 5274 773 5327 avulsis
834 5276 1115 5344 ruptisque
1170 5276 1410 5340 funibus,
1470 5278 1704 5346 procella
1778 5280 2142 5345 subverteret,

573 5375 865 5434 tantusque
896 5382 1074 5437 regem
1108 5377 1161 5421 et
1195 5370 1508 5424 universum
1540 5374 1835 5426 exercitum
1866 5384 2039 5429 terror
2066 5375 2147 5428 in-

572 5454 732 5518 vasit,
769 5464 845 5518 ut,
877 5472 1058 5510 rerum
1093 5458 1341 5512 omnium
1374 5462 1587 5530 jactura
1628 5463 1959 5531 posthabita,
1990 5479 2147 5535 coge-

574 5558 763 5602 rentur
797 5548 863 5603 dc
890 5552 1061 5606 salute
1108 5552 1328 5623 propria
1376 5556 1721 5625 desperare.»
1777 5555 1889 5611 Hoc
1940 5559 2051 5625 ille,
2093 5569 2148 5613 ut

574 5640 709 5702 dixi,
757 5641 1001 5696 evenisse
1051 5655 1206 5711 putat
1265 5645 1335 5699 ob
1385 5650 1584 5702 Caedem
1631 5651 1766 5705 civis
1820 5652 2146 5716 innocentis,

575 5731 911 5787 Romualdus
964 5735 1028 5788 ad
1087 5740 1552 5793 conservationem
1600 5744 1746 5796 urbis
1806 5753 1860 5797 et
1913 5745 2147 5812 plurium

575 5823 949 5882 innocentium
981 5845 1009 5883 a
1033 5830 1244 5886 damnis
1276 5832 1597 5889 inferendis.
1640 5832 1862 5891 Occulta
1896 5836 1987 5891 Dei
2020 5853 2150 5893 con-

2220 1956 2353 2008 nihil
2408 1954 2756 2023 reliquiarum
2792 1953 2962 2007 sancti
3002 1952 3232 2005 Matthxi
3285 1951 3351 2004 ad
3413 1952 3517 2003 alia
3584 1966 3803 2019 quoque

2218 2045 2333 2100 loca
2363 2046 2699 2115 pervenisse.
2740 2045 2960 2097 Interim
3024 2045 3270 2097 laudatus
3314 2052 3508 2097 auctor
3549 2053 3800 2105 testatur,

2221 2137 2438 2189 dentem
2477 2152 2643 2188 unum
2699 2146 2753 2189 et
2789 2133 3067 2187 brachium
3115 2134 3298 2187 Sancti
3339 2135 3388 2186 in
3417 2135 3693 2213 superiori
3720 2150 3805 2188 sa-

2222 2226 2401 2280 crario
2432 2226 2676 2295 ejusdem
2727 2227 2969 2281 ecclesia:
3025 2227 3357 2281 conservari.
3432 2228 3506 2281 Dc
3569 2239 3806 2298 utroque

2222 2319 2386 2373 etiam
2414 2320 2656 2388 loquitur
2687 2319 2971 2385 Marsilius,
2999 2334 3119 2389 Cap.
3156 2320 3206 2375 9.
3239 2336 3358 2390 pag.
3397 2320 3487 2378 79,
3521 2320 3612 2373 tibi
3643 2337 3809 2390 expo-

2230 2413 2311 2462 nit
2342 2420 2555 2463 servata
2586 2410 2637 2462 in
2670 2414 3113 2480 s:tcrario,atque
3140 2412 3355 2481 dentem
3386 2412 3537 2465 illum
3572 2414 3805 2481 positum

2224 2515 2347 2555 esse
2384 2503 2437 2554 in
2467 2517 2629 2557 cruce
2678 2512 2931 2572 argentea
2974 2504 3137 2556 variis
3178 2504 3419 2571 reliquiis
3454 2496 3658 2564 ditata.
3698 2523 3715 2555 ι
3750 2504 3804 2558 ln

2225 2592 2412 2647 dextra
2450 2594 2625 2661 (parte
2681 2594 2881 2660 crucis)
2943 2592 3313 2663 gloriosissimi
3369 2592 3613 2648 Mattlta-i
3677 2596 3809 2648 dens

2225 2685 2385 2743 alius,
2422 2683 2487 2737 dc
2516 2700 2623 2752 quo
2662 2693 2716 2737 et
2745 2698 2867 2745 nos,
2908 2684 3104 2753 inquit,
3138 2699 3300 2753 supra
3330 2685 3498 2738 locuti
3535 2700 3754 2740 sumus.
3788 2704 3803 2733 ι

2228 2775 2471 2828 lnsinuat
2506 2776 2689 2843 igitur,
2732 2791 2853 2830 esse
2881 2776 3031 2828 illum
3067 2777 3241 2844 ipsum
3282 2775 3529 2839 dentem,
3563 2779 3658 2845 qui
3685 2793 3811 2831 con-

2228 2881 2414 2920 cessus
2446 2867 2625 2921 fuerat
2672 2867 2971 2921 Athanasio
3012 2868 3278 2921 monacho
3334 2869 3589 2938 corporis
3621 2870 3811 2929 inven-

2231 2959 2354 3021 tori,
2396 2968 2454 3012 ut
2522 2957 2730 3013 dictum
2783 2975 2935 3013 num.
2976 2960 3078 3026 74;
3129 2960 3329 3029 quique
3372 2961 3551 3013 cidem
3600 2962 3813 3015 ablatus

2229 3050 2425 3104 deinde
2465 3060 2570 3113 est,
2600 3052 3058 3119 quemadmodum
3092 3053 3394 3121 expositum
3438 3059 3521 3105 est
3545 3067 3702 3105 num.
3727 3053 3809 3105 ⁸74.

2233 3140 2306 3194 De
2366 3142 2586 3195 brachio
2631 3144 2882 3196 laudatus
2922 3144 3191 3198 Marsilius
3224 3148 3293 3198 ita
3334 3144 3580 3214 loquitur
3614 3164 3628 3201 :
3667 3165 3685 3197 ς
3725 3145 3813 3199 Est

2151 3222 2192 3279 (ἶ
2228 3244 2279 3289 et
2310 3235 2372 3287 D.
2410 3234 2648 3289 Matthazi
2709 3235 2993 3290 brachium
3039 3236 3190 3299 illud,
3217 3238 3356 3304 quod
3389 3236 3813 3291 Beneventanus

2227 3330 2497 3399 quondam
2528 3332 2782 3399 princeps
2815 3347 2841 3381 a
2881 3329 3145 3398 Gisulpho
3185 3329 3438 3399 precibus
3484 3332 3815 3399 impetrave-

2228 3431 2310 3475 rat
2344 3438 2356 3472 :
2390 3431 2445 3474 et
2485 3422 2734 3488 quamvis
2779 3431 3005 3489 argento
3050 3422 3418 3484 concluditur,
3452 3438 3515 3476 ex
3549 3424 3812 3477 cancellis

2231 3524 2410 3568 tamen
2439 3515 2614 3568 carnis
2641 3524 2696 3567 et
2724 3516 2926 3567 ossium
2958 3524 3208 3583 aspectus
3246 3516 3589 3570 intuentibus
3606 3526 3809 3586 patet.»

2235 3608 2355 3659 H:cc
2401 3608 2693 3671 Marsilius,
2724 3622 2830 3659 non
2863 3608 3165 3675 explicans,
3199 3624 3303 3677 qua
3364 3612 3657 3663 occasione
3689 3612 3815 3664 hra-

2239 3698 2446 3762 chium,
2509 3698 2654 3769 quod
2712 3700 2910 3753 smculo
2958 3698 3001 3752 Χ
3055 3700 3422 3754 Beneventum
3486 3704 3814 3757 translatum

2231 3794 2519 3857 asseritur,
2555 3804 2741 3863 postea
2784 3795 3013 3847 relatum
3052 3794 3214 3847 fuerit
3244 3793 3558 3847 Salernum.
3609 3794 3811 3849 Verum

2232 3882 2373 3937 sicut
2405 3900 2600 3954 corpus
2636 3885 2693 3939 S.
2722 3885 2965 3940 Januarii
3003 3888 3200 3940 saeculo
3234 3903 3284 3940 ix
3326 3887 3653 3942 translatum
3715 3888 3816 3943 fuit

2232 3975 2451 4048 Neapoli
2476 3978 2869 4043 Beneventum,
2895 3980 3129 4049 indeque
3161 3984 3374 4035 rursum
3409 3982 3517 4035 alio
3547 3982 3815 4036 delatum:

2232 4072 2559 4141 demumquc
2645 4072 2924 4142 Neapolim
2982 4074 3231 4135 relatum,
3306 4075 3398 4126 tali
3470 4087 3567 4127 aut
3650 4077 3816 4132 simili

2234 4164 2394 4217 modo
2431 4165 2713 4218 brachium
2782 4165 2953 4219 sancti
3007 4163 3242 4220 Matthiei
3292 4165 3581 4221 Salernum
3636 4167 3816 4225 redire

2236 4256 2451 4322 potuit.-
2488 4254 2647 4310 Certe
2674 4256 2804 4311 illud
2841 4258 2999 4311 modo
3038 4257 3250 4313 Salerni
3290 4274 3430 4319 esse.
3469 4262 3545 4314 uti
3579 4272 3637 4315 et
3684 4262 3818 4315 den-

2239 4353 2371 4408 tem,
2424 4349 2589 4398 etiam
2619 4348 2813 4400 asserit
2841 4347 3022 4401 Musca
3086 4348 3139 4402 in
3165 4349 3501 4418 Compendio
3549 4352 3663 4419 jam
3701 4352 3819 4405 lau-

2236 4437 2381 4491 dato.

2162 4576 2210 4634 D
2268 4551 2399 4615 .92.
2459 4549 2516 4605 Si
2550 4561 2728 4606 autem
2770 4552 2901 4607 iUud
2974 4554 3149 4623 ipsum
3199 4553 3271 4608 sit
3320 4554 3629 4621 brachium,
3674 4557 3820 4630 quod

2241 4646 2340 4699 fuit
2371 4647 2570 4700 saeculo
2611 4662 2640 4699 x
2694 4646 3006 4711 Beneventi,
3070 4648 3280 4701 videtur
3311 4660 3364 4702 et
3421 4650 3655 4704 alterum
3697 4653 3819 4707 bra-

2240 4738 2421 4791 chium
2444 4753 2473 4790 a
2505 4735 2711 4805 reliquo
2734 4752 2960 4806 corpore
2988 4749 3291 4806 separatum
3326 4740 3497 4794 luisse
3527 4744 3729 4798 saecqu
3746 4761 3815 4799 xi.

2242 4827 2453 4896 Quippe
2492 4825 2762 4881 Robertus
2814 4827 3146 4882 Guiscardus
3201 4845 3265 4885 ex
3328 4832 3553 4887 invento
3591 4850 3819 4905 corpore

2245 4922 2510 4990 integrum
2535 4934 2596 4973 os
2624 4919 2832 4975 brachii
2858 4936 2955 4991 pro
2981 4936 3037 4976 se
3060 4922 3304 4987 retinuit,
3330 4935 3388 4978 ut
3407 4926 3645 4983 vidimus
3666 4945 3817 4987 num.

2243 5012 2331 5067 80.
2410 5012 2485 5067 De
2530 5012 2624 5066 illo
2669 5028 2790 5067 osse
2842 5014 2893 5067 in
2938 5012 3189 5069 Chronico
3238 5015 3527 5082 Casiitensi,
3581 5020 3678 5077 lib.
3740 5038 3816 5090 tu,

2244 5119 2363 5173 cap.
2400 5104 2490 5169 57,
2520 5103 2683 5157 relata
2705 5102 2924 5158 Roberti
2954 5115 3151 5169 morte,
3188 5105 3300 5161 haec
3330 5106 3590 5179 leguntur
3630 5132 3642 5164 :
3679 5133 3695 5163 ι
3723 5112 3818 5167 llic

2247 5194 2454 5248 interea
2511 5193 2823 5261 (ltobertus)
2855 5195 2920 5247 ad
2977 5194 3119 5249 diem
3173 5197 3354 5253 obitus
3416 5202 3496 5252 sui
3534 5200 3818 5257 brachium

2247 5287 2420 5339 sancti
2466 5285 2694 5353 apostoli
2736 5297 2785 5340 et
2843 5290 3187 5358 evangelista:
3240 5288 3475 5343 Matthaai
3529 5297 3820 5364 capellanis

2248 5379 2384 5443 suis,
2416 5378 2525 5431 filio
2557 5394 2678 5443 suo,
2716 5378 2925 5434 Salerni
2967 5384 3568 5454 reportandum,.atque
3599 5389 3823 5441 redden-

2250 5473 2377 5527 dum
2400 5474 2638 5543 reliquit.
2671 5474 2776 5528 Sed
2817 5474 2889 5527 illi
2941 5476 3241 5530 substantia
3298 5493 3587 5547 pauperes,
3628 5498 3690 5535 ac
3728 5484 3823 5538 lidc

2252 5567 2626 5635 pauperiores,
2665 5567 2879 5620 thecam
2920 5578 3254 5636 argenteam,
3300 5571 3351 5623 in
3406 5587 3513 5639 qua
3580 5586 3820 5629 sanctum

2252 5656 2535 5711 brachium
2572 5668 2690 5713 erat
2717 5659 3079 5721 l'CCUﬂdilllﬂl,
3108 5662 3249 5715 inter
3284 5679 3343 5717 sc
3374 5663 3647 5727 dividunt,
3675 5671 3824 5719 inde-

2253 5762 2358 5815 que
2423 5748 2847 5819 Hierosolymam
2918 5764 3225 5821 pergentes,
3298 5763 3516 5810 sauctas
3575 5760 3823 5825 reliquias

2255 5855 2427 5911 USque
2452 5842 2515 5895 ad
2542 5843 2683 5895 diem
2736 5842 2918 5897 obitus
2960 5847 3042 5899 sui
3093 5847 3235 5917 apud
3265 5862 3321 5901 se
3348 5848 3626 5904 retinuere
3682 5852 3819 5904 cela-
