3956 6516
116 456 218 517 805

1404 443 1575 503 VlTA
1619 442 1678 503 S.
1729 441 2110 503 ΜΑΤἹΗίΕῘ.

3276 433 3381 495 806

120 577 220 621 tas.
278 565 360 623 Ad
388 575 617 620 mortem
654 572 836 620 autem
871 560 1178 626 venientes,
1211 556 1552 628 supradictas
1578 554 1703 609 reli-
1728 556 1778 614 Α
1808 554 1971 609 habet
1997 553 2410 615 monasterium,
2439 558 2516 611 et.
2561 558 2619 605 ut
2645 548 2899 605 laudatus
2951 558 3146 603 auctor
3197 549 3386 605 obser-

119 663 297 731 quias,
343 660 533 714 insciis
585 658 771 718 sociis,
819 654 1003 725 pueris
1038 653 1153 707 suis
1199 648 1551 712 contradunt,
1607 646 1700 715 qui

122 754 356 823 qualiter
385 760 636 807 sanctum
669 748 952 803 brachium
987 742 1323 812 temporibus
1355 737 1570 793 Girardi
1609 737 1705 790 ab-

124 847 267 903 batis
309 845 377 899 ad
434 846 582 899 hunc
633 843 815 896 locum
862 836 1175 898 detulerint,
1225 834 1346 888 loco
1376 846 1474 888 suo
1504 828 1706 885 scribe-

126 954 267 993 mus.
310 956 329 989 ›
372 935 577 990 Deinde
606 934 697 987 lib.
730 948 803 996 iv,
825 946 947 999 cap.
980 928 1069 993 73,
1094 926 1348 981 laudatus
1382 931 1574 980 auctor
1592 922 1709 976 haec

126 1031 318 1084 scribit
360 1048 373 1084 :
416 1048 434 1080 ‹
474 1027 572 1081 llic
606 1029 813 1081 interea
846 1024 1017 1077 abbas
1043 1019 1383 1089 (Casinensis
1423 1015 1708 1083 Girardus)

128 1140 250 1179 cum
297 1123 443 1192 apud
476 1122 845 1176 Beneventum
892 1118 946 1172 in
990 1114 1303 1185 Apostolico
1332 1108 1553 1165 servitio
1592 1121 1713 1177 per—

131 1226 403 1278 maneret,
439 1224 493 1269 et
524 1222 675 1267 certo
704 1210 907 1266 certius
961 1207 1243 1261 brachium
1272 1201 1445 1257 sancti
1481 1197 1713 1270 apostoli

130 1318 183 1363 et
212 1308 563 1379 evangelisne
605 1303 838 1359 Matthzei
881 1302 934 1355 in
978 1300 1166 1355 eadem
1202 1296 1421 1353 civitate
1469 1291 1718 1348 recondi-

133 1412 247 1456 tum
283 1416 409 1455 esse
433 1399 732 1457 didicisset,
766 1396 831 1449 ad
862 1410 921 1450 se
946 1394 1056 1463 jam
1083 1392 1212 1446 dicti
1240 1384 1717 1445 brachiienstodes

133 1508 469 1553 convocans,
499 1490 749 1559 qualiter,
770 1487 850 1541 vel
899 1502 1008 1556 quo
1052 1484 1243 1540 ordine
1266 1482 1509 1553 ejusdem
1540 1475 1715 1533 sancti

136 1586 374 1655 apostoli
412 1582 694 1637 brachium
739 1580 1075 1642 habuissent,
1118 1574 1465 1647 percunctari
1514 1571 1720 1627 studio—

134 1677 357 1731 sissime
406 1673 591 1742 cmpit.
635 1672 737 1737 Qui
773 1671 901 1725 dum
951 1669 1287 1731 retulissent,
1322 1664 1554 1735 qualiter
1591 1661 1717 1717 illud

138 1783 325 1822 si-cnm
402 1764 675 1819 Robertns
734 1766 840 1819 dux
896 1764 1181 1818 detulisset
1251 1762 1304 1813 in
1351 1758 1717 1827 expeditione,

135 1874 303 1927 quam
335 1869 525 1913 contra
559 1857 809 1910 Alexium
869 1855 1253 1923 imperatorem
1315 1848 1604 1911 habuerat,
1655 1863 1718 1902 ac

138 1955 361 2007 demum
387 1951 686 2021 capellanis
725 1951 843 2003 suis
880 1948 943 2002 ad
972 1955 1201 2000 mortem
1252 1945 1568 2013 reliquerat,
1595 1941 1725 2011 ipsi-

138 2062 245 2116 que
288 2042 711 2116 postmodumin
747 2040 833 2095 die
874 2041 1056 2095 obitus
1087 2039 1168 2093 sui
1225 2036 1323 2093 sibi
1380 2036 1723 2098 dimiserant,

140 2141 313 2193 abbas
359 2152 582 2191 monere
610 2136 730 2189 illos
789 2134 1054 2188 attentius
1103 2131 1290 2200 erupit,
1346 2137 1402 2182 ut
1450 2137 1599 2181 tanta
1646 2126 1729 2180 di-

142 2231 333 2302 gniora
362 2228 649 2283 Casinensi
677 2226 930 2281 ctenobio
954 2223 1288 2277 conferrent.

212 2324 307 2379 95.
350 2341 368 2373 ι
408 2321 485 2376 11ιὶ
513 2329 695 2374 autem
719 2318 874 2372 ocius
894 2332 951 2369 se
984 2316 1097 2368 inec
1132 2312 1433 2383 adimplere
1463 2314 1728 2375 latcntur,

144 2420 189 2473 si
241 2412 412 2472 abbas
462 2416 583 2468 illos
631 2425 975 2482 quacumque
1024 2410 1157 2463 hora
1191 2407 1256 2462 ad
1310 2406 1731 2461 conversionem

145 2509 338 2563 venire
370 2505 592 2569 vellent,
636 2504 845 2573 absque
889 2502 1073 2570 aliquo
1120 2499 1297 2570 pretio
1351 2497 1470 2552 illos
1530 2496 1580 2548 in
1631 2496 1735 2549 hoc

148 2598 490 2655 monasterio
508 2597 800 2666 reciperet.
831 2594 986 2660 Quod
1019 2608 1143 2645 cum
1169 2592 1341 2645 abbas
1375 2589 1735 2643 libentissime

149 2710 209 2748 se
240 2692 593 2762 impleturum
623 2689 1029 2760 spopondisset,
1075 2686 1149 2740 illi
1186 2683 1475 2740 confestim
1519 2691 1738 2737 sanctas

152 2788 421 2856 reliquias
452 2785 517 2839 ad
582 2784 731 2837 hunc
777 2782 954 2836 locum
1013 2780 1265 2835 ferendas
1325 2776 1500 2831 eidem
1557 2773 1735 2827 abbati

153 2881 512 2934 contradunt.
568 2875 883 2944 Snscipiens
907 2873 1070 2943 igitur
1099 2871 1244 2924 idem
1288 2869 1458 2922 abbas
1519 2874 1738 2920 sanctas

156 2972 443 3041 reliquias,
513 2968 717 3037 diuque
768 2965 1117 3025 deosculans,
1178 2979 1278 3033 per
1340 2961 1500 3029 hujus
1544 2971 1742 3013 nostrae

157 3062 605 3134 congregationis
650 3060 847 3113 fratres
883 3058 948 3113 ad
981 3058 1085 3112 hoc
1114 3054 1509 3111 monasterium
1566 3061 1744 3105 trans-

160 3162 383 3215 mittere
416 3158 645 3212 stnduit.
692 3154 771 3209 Ad
828 3154 985 3223 cujus
1050 3151 1345 3205 adventum
1398 3162 1588 3201 omnes
1638 3153 1746 3197 ter-

162 3265 304 3312 ram,
340 3250 431 3316 qtti
467 3248 607 3299 hanc
643 3246 1041 3305 inhabitabant,
1077 3239 1427 3310 cumingenti
1452 3238 1741 3292 devotione
1772 3250 1812 3307 ο

164 3353 219 3397 et
251 3340 475 3412 gaudio,
505 3336 718 3391 obviam
758 3341 1167 3405 processerunt.
1206 3333 1350 3384 Sane
1383 3346 1507 3383 cum
1533 3330 1645 3382 hmc
1678 3330 1743 3381 ad

167 3436 337 3505 hujus
365 3440 567 3486 nostrae
603 3426 1040 3499 congregationis
1071 3424 1320 3479 notitiam
1344 3423 1744 3492 pervenissent,

167 3524 539 3582 inaestimabili
597 3522 960 3576 exsultatione
1022 3518 1233 3589 repleti,
1297 3532 1360 3571 ac
1411 3516 1751 3571 solemnibus

167 3616 519 3673 vestimentis
571 3613 787 3678 induti,
846 3628 967 3668 cum
1004 3609 1347 3678 lampadibus
1412 3618 1466 3659 et
1521 3608 1753 3675 thymia-

169 3710 412 3762 matibus
478 3718 649 3773 usque
681 3704 745 3755 ad
806 3710 1017 3770 portam
1072 3708 1311 3752 veterem
1365 3697 1635 3759 exierunt,
1690 3712 1753 3751 ac

171 3816 333 3857 terra:
363 3797 620 3870 prostrati
649 3803 898 3850 sanctum
936 3793 1329 3863 evangelistam
1356 3790 1748 3845 adoraverunt:

173 3905 579 3968 surgentesque
604 3910 725 3948 cum
759 3891 995 3947 maxima
1051 3885 1365 3943 reverentia
1398 3885 1757 3939 deosculave-

174 3999 327 4054 runt,
364 3998 419 4040 et
454 4001 576 4038 cum
613 3982 827 4055 hymnis
854 3990 907 4034 et
932 3979 1182 4033 laudibus
1214 3976 1345 4030 illud
1400 3975 1453 4027 in
1484 3982 1758 4027 monaste-

174 4082 317 4135 rium
375 4077 801 4137 introducentes,
836 4084 997 4141 atque
1038 4072 1090 4123 in
1139 4083 1398 4140 argentea
1433 4084 1617 4137 capsa,
1645 4077 1756 4120 tur-

177 4174 317 4223 rium
354 4169 527 4222 instar
560 4176 761 4233 aptata,
809 4175 1056 4218 sanctum
1121 4161 1405 4217 brachium
1471 4162 1761 4215 recluden-

178 4275 277 4327 tes,
307 4263 362 4315 in
390 4270 645 4331 argentea
674 4259 826 4313 trabe
859 4271 985 4311 ante
1026 4256 1166 4310 beati
1210 4254 1487 4309 Benedicti
1508 4254 1759 4308 altarium

180 4355 613 4427 suspenderunt,
651 4366 797 4405 anno
857 4350 1150 4402 Dominiea:
1201 4347 1605 4400 lncarnationis
1639 4345 1760 4398 mil-

182 4450 381 4504 lesimo
406 4445 709 4500 centesimo
746 4441 1005 4495 vicesimo
1043 4438 1307 4494 secundo.
1348 4455 1365 4487 ι
1419 4437 1473 4489 ln
1521 4438 1762 4491 Adnota-

184 4539 253 4590 tis
286 4536 479 4606 Angeli
514 4534 581 4587 de
616 4532 763 4586 Nuce
796 4531 1020 4585 editoris
1052 4530 1273 4587 additur
1326 4528 1607 4581 brachium
1633 4528 1761 4581 illttd

185 4632 348 4684 modo
373 4625 600 4689 servari,
659 4625 714 4676 in
780 4624 936 4676 theca
995 4632 1270 4690 argentea,
1321 4621 1526 4675 brachii
1572 4620 1763 4675 forma.

187 4716 597 4791 l’apebrochins
645 4722 830 4767 noster
892 4711 943 4764 in
1017 4710 1302 4764 Itinerario
1356 4709 1480 4773 Ms.,
1544 4711 1688 4778 quod
1737 4726 1766 4763 a

188 4828 341 4868 mora
380 4809 623 4864 Romana
689 4818 864 4873 usque
898 4803 965 4857 ad
998 4802 1233 4857 reditum
1263 4801 1315 4855 in
1367 4800 1611 4872 Belgium
1639 4816 1768 4854 con—

188 4906 434 4973 scripsit,
470 4916 594 4970 pag.
635 4892 757 4959 108,
792 4895 937 4949 inter
982 4890 1259 4961 reliquias,
1305 4904 1442 4960 quas
1512 4889 1648 4943 vidit
1715 4890 1766 4941 in

190 4997 434 5055 sacrario
456 4987 913 5053 Casinensi,illud
944 5002 1004 5040 os
1039 4985 1249 5039 brachii
1298 4985 1476 5039 sancti
1529 4983 1767 5037 Matthzei

195 5096 471 5146 recenset.

265 5185 356 5238 tu.
397 5180 570 5235 ltoma
615 5178 668 5231 in
701 5173 867 5228 variis
916 5172 1165 5228 ecclesiis
1191 5169 1449 5240 reliquias
1473 5171 1772 5224 nonnullas

195 5273 371 5330 sancti
412 5270 651 5324 Matthxi
704 5266 948 5323 exhibet.
1010 5262 1157 5315 inter
1202 5274 1523 5314 numerosas
1592 5270 1772 5313 autem

200 5368 364 5421 brbis
400 5361 663 5419 ecclesias
718 5374 822 5411 una
872 5369 955 5411 est
1003 5364 1192 5410 sancto
1260 5354 1512 5407 Matthiae
1571 5353 1771 5416 dicata,

203 5475 319 5529 quae
345 5457 763 5527 cognominatur
795 5452 849 5504 in
889 5450 1199 5513 Marulaua,
1254 5465 1351 5517 pro
1406 5449 1460 5499 in
1505 5446 1773 5509 Martium,

206 5552 325 5619 quia
349 5547 654 5621 prapinqua
688 5554 772 5599 est
819 5542 1035 5611 tropaeis
1084 5539 1262 5603 Marii,
1297 5550 1355 5593 ut
1380 5538 1511 5593 varii
1545 5539 1778 5607 scripto-

210 5662 293 5700 res
321 5650 602 5699 asserunt.
638 5638 993 5701 Martinellus,
1021 5638 1074 5691 in
1103 5637 1271 5690 Roma
1295 5653 1475 5699 sacra,
1511 5636 1777 5706 pag.257,

212 5740 313 5809 agit
335 5742 400 5792 de
433 5739 537 5791 hac
609 5733 785 5788 sancti
815 5730 1048 5785 Matthazi
1092 5729 1321 5783 ecclesia
1372 5731 1423 5781 in
1473 5729 1777 5788 Merulana,

214 5834 333 5885 altas
364 5829 643 5892 Mariana,
684 5825 737 5877 in
789 5824 1010 5893 regione
1040 5823 1332 5886 montium,
1362 5822 1544 5874 eundo
1571 5836 1599 5873 a
1633 5820 1781 5874 Basi-

214 5924 303 5979 lica
353 5923 407 5977 S.
444 5920 630 5973 Mariae
688 5914 907 5985 Maioris
957 5914 1020 5968 ad
1078 5912 1423 5969 Lateranum.
1485 5913 1772 5968 Annesum

1806 651 1911 707 vat,
1956 644 2083 698 olim
2116 650 2235 699 erat
2270 641 2545 705 Fratrum,
2578 642 2672 711 qui
2723 641 3069 710 appellantur
3093 640 3385 707 Crucit‘eri,

1805 752 1951 791 nunc
1989 745 2074 791 est
2109 736 2213 791 sub
2251 749 2379 791 cura
2408 733 2659 789 Fratrum
2707 733 2763 787 S.
2792 732 3100 803 Augustini,
3129 733 3389 787 nimirum

1809 826 2217 897 Hybernorum,
2250 832 2312 878 ut
2352 824 2499 879 addit
2543 832 2735 878 auctor
2790 823 3224 877 recentissimus.
3283 821 3393 876 0b-

1809 926 2032 973 servant
2072 925 2337 987 praeterea
2392 924 2672 976 auctores,
2704 914 2991 969 ecclesiam
3021 913 3168 967 illam
3198 929 3395 969 recen-

1810 1010 1917 1065 seri
1959 1013 2103 1063 inter
2170 1008 2358 1063 titulos
2404 1007 2809 1071 Cardinalitios,
2866 1017 2920 1062 ct
2974 1006 3195 1076 quidem
3252 1007 3394 1060 inter

1813 1101 2171 1169 antiquiores,
2238 1107 2299 1153 ut
2349 1099 2592 1168 plerique
2651 1097 2880 1152 addunt.
2929 1095 3184 1150 Nonnulli
3231 1096 3397 1150 etiam

1815 1200 2094 1255 asserunt,
2130 1201 2496 1247 constructam
2522 1191 2694 1244 fuisse
2725 1192 2870 1245 circa
2896 1206 3099 1244 annum
3120 1188 3398 1259 600.quod

1818 1298 1926 1337 non
1992 1283 2138 1336 lubet
2174 1281 2510 1335 examinare.
2563 1280 2677 1334 lloc
2710 1280 2916 1333 certius
2954 1289 3059 1342 est,
3090 1280 3397 1333 dedicatam

1820 1368 1990 1425 fuisse
2034 1385 2063 1423 a
2106 1367 2369 1423 Paschale
2421 1367 2489 1432 ll,
2547 1368 2662 1421 sive
2721 1368 2771 1422 id
2813 1370 3015 1423 factum
3060 1369 3226 1423 fuerit
3279 1377 3402 1439 post

1824 1462 2288 1517 constructionem
2325 1461 2578 1530 primam,
2610 1461 2725 1514 sive
2770 1470 2891 1530 post
2926 1461 3400 1518 instaurationem.

1823 1551 2039 1606 Etenim
2067 1551 2322 1606 laudatus
2346 1550 2686 1605 lilartinellus
2712 1551 2927 1621 longam
2960 1550 3155 1606 recitat
3206 1551 3404 1604 inscri-

1827 1645 2097 1712 ptionem,
2132 1657 2253 1712 qua:
2289 1644 2634 1698 consecratio
2683 1644 2772 1697 illa
2835 1644 3102 1697 asseritur
3147 1642 3200 1695 in
3260 1642 3407 1697 hunc

1827 1737 2073 1790 modum.
2120 1754 2137 1786 t
2182 1737 2236 1789 In
2274 1736 2497 1790 nomine
2535 1736 2747 1789 Domini
2782 1736 2955 1793 nostri
3012 1735 3137 1789 Jesu
3182 1734 3404 1790 Christi.

1828 1830 2022 1884 Amen.
2061 1832 2223 1885 Anno
2268 1828 2667 1884 Incarnationis
2721 1828 3014 1883 Dominica:
3059 1828 3215 1893 HIO,
3264 1827 3409 1881 indi-

1828 1924 2013 1978 ctione
2046 1934 2126 1985 ιιι,
2169 1923 2303 1977 feria
2342 1940 2390 1977 vr
2421 1932 2629 1991 quarta!
2662 1922 2959 1976 Dominicae
3006 1922 3057 1975 in
3100 1922 3413 1991 Quadrage—

1830 2016 1989 2080 sima,
2026 2016 2115 2069 die
2143 2015 2544 2069 lncarnationis
2577 2014 2825 2083 ejusdem
2861 2014 2921 2068 D.
2965 2014 3028 2068 Ν.
3061 2015 3193 2069 Jesu
3246 2014 3410 2068 Chri-

1829 2106 1919 2171 sti,
1980 2107 2333 2177 pontiﬁcatus
2397 2107 2458 2162 D.
2519 2106 2798 2160 Paschalis
2852 2106 3010 2174 Papa:
3054 2105 3097 2159 ll
3154 2121 3299 2160 anno
3346 2106 3407 2161 ll

1833 2200 2049 2267 (omnes
2072 2206 2217 2252 notat
2262 2196 2605 2250 concordant
2647 2209 2795 2247 anno
2836 2194 2991 2261 1110)
3042 2194 3291 2249 dedicata
3331 2204 3418 2249 est

1832 2289 2158 2344 venerabilis
2184 2288 2301 2343 haec
2337 2288 2571 2343 ecclesia
2607 2290 2661 2340 in
2699 2286 2963 2340 honorem
3004 2286 3117 2351 Dei,
3149 2287 3208 2340 Β.
3238 2288 3417 2342 Marias

1833 2398 2053 2453 semper
2087 2382 2342 2453 Virginis,
2394 2390 2451 2435 et
2504 2381 2646 2436 beati
2675 2382 2906 2453 apostoli
2963 2390 3019 2437 et
3071 2380 3421 2451 evangelista:

1837 2476 2095 2539 Matthzei,
2134 2490 2259 2529 cum
2291 2484 2528 2545 quatuor
2564 2474 2853 2540 altaribus,
2882 2488 3003 2543 quae
3050 2483 3181 2528 sunt
3223 2475 3275 2527 in
3331 2488 3418 2527 ea.

1837 2570 1969 2636 Quae
1997 2568 2338 2623 consecratio
2370 2568 2511 2621 facta
2536 2576 2621 2619 est
2642 2581 2670 2619 a
2701 2565 2929 2635 praefato
2960 2566 3207 2631 domino,
3251 2575 3305 2619 et
3331 2580 3423 2620 ve-

1845 2659 2254 2714 nerabilissimo
2287 2657 2547 2711 Pontiﬁce
2579 2657 2825 2710 Paschali
2861 2658 2904 2710 ll
2937 2672 3092 2726 papa.
3144 2658 3200 2711 In
3234 2656 3424 2727 majori

1841 2751 2111 2820 siquidem
2147 2746 2305 2803 altari
2338 2750 2635 2804 celebravit
2664 2748 2806 2803 idem
2834 2748 2895 2802 D.
2926 2764 3066 2825 papa
3108 2750 3329 2803 missam
3371 2748 3426 2802 in

1844 2844 2109 2899 honorem
2144 2843 2201 2897 Β.
2231 2842 2495 2896 Matthzci.
2517 2842 2882 2910 Coadjutores
2915 2858 3045 2896 vero
3071 2844 3188 2912 ejus
3204 2842 3430 2896 fuerunt

1845 2947 2055 3006 septem
2086 2916 2396 2997 {videlicet
2428 2932 2736 3003 Raynerius
2791 2935 2858 2986 de
2898 2932 3071 2994 Ostia,
3134 2930 3432 2986 Riccardus

1845 3030 1911 3083 de
1947 3028 2133 3091 Portu,
2171 3028 2366 3082 Petrus
2387 3028 2453 3083 de
2490 3026 2718 3091 Tibure,
2739 3026 2991 3080 Julianus
3020 3029 3085 3080 de
3112 3026 3432 3091 Ferentino,

1847 3122 2171 3176 Anastasius
2204 3123 2270 3176 de
2301 3122 2461 3185 Alba,
2484 3122 2679 3175 Petrus
2711 3120 2778 3173 de
2796 3120 3135 3184 Tusculano,
3165 3119 3435 3173 Antonius

1850 3214 1915 3268 de
1946 3214 2176 3276 Amelia,
2202 3215 2564 3283 praesentibus
2598 3212 2855 3266 omnibus
2882 3210 2941 3266 S.
2986 3212 3050 3268 li.
3087 3209 3149 3263 Ε.
3175 3211 3437 3264 Cardina-

1853 3309 2015 3373 libus,
2049 3308 2404 3376 presbyteris,
2428 3316 2485 3361 et
2510 3306 2856 3369 diaconibus,
2883 3319 2985 3359 nec
3008 3320 3115 3358 non
3140 3305 3433 3359 innumera

1850 3399 1979 3452 cleri
2010 3412 2063 3453 et
2085 3403 2275 3470 pOpuli
2300 3401 2529 3455 Romani
2560 3401 2933 3453 multitudine.

1923 3515 2012 3570 95.
2054 3513 2109 3567 ln
2144 3514 2329 3585 majori
2364 3525 2547 3569 autem
2576 3514 2749 3580 altari,
2788 3525 3111 3570 consecrato
3146 3530 3174 3568 a
3211 3514 3439 3587 praelato

1856 3608 1919 3663 D.
1957 3624 2114 3678 papa,
2145 3609 2233 3663 cui
2270 3609 2433 3663 etiam
2471 3609 2677 3679 prmlati
2705 3611 2947 3679 episcopi
2976 3612 3287 3672 astiterunt,
3323 3610 3442 3662 fue-

1857 3711 1983 3753 runt
2008 3702 2087 3753 ha:
2110 3702 2348 3769 reliquia:
2384 3702 2659 3757 collocata:
2679 3719 2693 3756 :
2720 3712 2771 3757 et
2793 3703 2966 3772 primo
2987 3702 3052 3757 de
3074 3702 3220 3772 ligno
3242 3712 3443 3757 sanctae

1857 3793 2069 3858 Crucis,
2107 3793 2391 3848 brachium
2434 3797 2607 3848 sancti
2641 3796 2899 3856 .ilattha-i,
2943 3796 3010 3848 de
3053 3796 3229 3862 lapide
3260 3796 3437 3864 sepul-

1860 3889 1939 3942 cri
1972 3888 2176 3943 Christi
2209 3897 2365 3942 etc...
2400 3886 2467 3941 Et
2490 3902 2588 3957 ego
2630 3885 2907 3940 Paschalis
2943 3901 3078 3956 papa
3116 3888 3444 3941 universalis

1863 3980 2121 4032 Ecclesia:
2152 3995 2273 4033 cum
2301 3978 2542 4048 praefatis
2574 3979 2842 4049 episcopis
2882 3980 2979 4034 has
3013 3992 3325 4034 sanctorum
3362 3999 3444 4037 re-

1864 4069 2055 4139 liquias
2101 4071 2270 4123 oculis
2314 4072 2551 4139 prOprris
2585 4072 2713 4132 vidt,
2766 4067 3129 4141 manibusque
3166 4075 3305 4126 meis
3353 4084 3443 4127 at-

1867 4162 2115 4225 trectati,
2175 4162 2533 4216 etrecondtdi
2589 4176 2713 4215 cum
2768 4162 2993 4233 antiquo
3049 4164 3204 4219 titulo
3235 4166 3287 4218 in
3322 4182 3449 4221 arca

1866 4272 2171 4310 marmorea
2216 4258 2315 4309 sub
2360 4258 2513 4310 altari
2563 4258 2781 4326 majori.
2822 4279 2839 4311 ι
2876 4259 3041 4314 Addit
3086 4260 3452 4339 indulgentias

1867 4349 2217 4401 visitantibus
2247 4350 2531 4402 ceclesiam
2568 4352 2711 4401 illam
2749 4352 2887 4404 adtc
2922 4356 3351 4409 conseCrationis
3383 4356 3453 4410 25

1870 4440 2044 4495 Martii
2074 4457 2247 4509 usque
2288 4441 2354 4494 ad
2393 4440 2655 4495 Octavam
2711 4441 3093 4511 Pentecostes;
3132 4456 3185 4500 et
3230 4446 3454 4502 infesto

1872 4533 2045 4587 sancti
2094 4533 2331 4587 Matthcci
2378 4534 2438 4586 2|
2494 4532 2852 4603 Septembris.
2892 4535 3163 4592 Caeterum
3192 4556 3287 4609 per
3328 4541 3455 4594 bra-

1873 4623 2055 4680 chtum
2085 4626 2258 4678 sancti
2310 4625 2566 4686 Matthasi,
2604 4628 2747 4695 quod
2780 4628 2831 4680 in
2880 4630 3034 4682 altari
3087 4633 3451 4697 reconditum,

1872 4714 2085 4781 aliquod
2112 4730 2173 4769 os
2216 4716 2425 4771 brachii
2472 4718 2881 4789 intelligendum
2932 4734 3085 4790 puto,
3130 4740 3238 4781 non
3279 4735 3453 4781 totum

1872 4804 2178 4859 brachium.
2216 4804 2530 4863 Pancirolus
2561 4810 2610 4863 in
2637 4826 2801 4882 opere
2828 4812 3015 4867 Italico
3054 4813 3128 4868 De
3173 4814 3456 4872 Tlteaturis

1872 4896 2215 4960 absconditis,
2283 4897 2468 4953 Roma:
2540 4902 2591 4953 in
2666 4905 2896 4959 ecclesia
2977 4907 3149 4961 sancti
3219 4908 3456 4964 Matthxi

1874 5005 1996 5059 pag.
2054 4988 2151 5044 157
2200 4992 2417 5056 asserit,
2469 4995 2615 5050 aliud
2667 4996 2951 5053 brachium
3001 5003 3173 5055 sancti
3224 5002 3457 5058 Matthzei

1876 5085 2078 5137 servari
2118 5087 2170 5138 in
2202 5085 2420 5139 basilica
2453 5100 2652 5141 sanctae
2691 5088 2869 5142 Mariae
2896 5090 3136 5161 Majoris,
3170 5094 3313 5149 aliud
3340 5091 3460 5151 run-

1877 5191 1995 5229 sum
2033 5177 2086 5229 in
2135 5179 2362 5233 ecclesia
2406 5180 2579 5232 sancti
2612 5178 2848 5235 Marcelli
2887 5200 3078 5253 papae:
3112 5196 3165 5241 et
3195 5188 3247 5241 in
3282 5190 3459 5246 indice

1880 5270 2229 5337 reliquiarum
2273 5272 2518 5343 adjungit
2554 5274 2727 5328 sancti
2766 5274 3001 5329 Matthaei
3036 5290 3239 5331 costam
3272 5281 3459 5336 haberi

1880 5358 1931 5411 in
1962 5362 2189 5415 ecclesia
2221 5363 2278 5418 S.
2312 5364 2518 5418 Nicolai
2550 5366 2602 5418 in
2634 5365 2882 5422 Carcere.
2919 5369 3014 5424 llis
3045 5371 3297 5426 omnibus
3329 5388 3462 5428 con—

1880 5454 2047 5505 sentit
2079 5454 2269 5509 Piazza
2303 5456 2357 5510 in
2396 5457 2773 5529 llemerologio
2814 5476 2971 5515 sacro
3002 5464 3066 5516 ad
3118 5464 3262 5517 hunc
3296 5466 3458 5525 diem.

1882 5543 1974 5602 tibi
2001 5547 2168 5613 addit,
2202 5549 2451 5601 nonnihil
2488 5551 2651 5603 etiam
2706 5552 3057 5622 reliquiarum
3109 5557 3281 5610 sancti
3328 5558 3463 5613 Mat-

1884 5642 2007 5694 threi
2039 5640 2241 5722 servari
2280 5642 2333 5693 in
2364 5640 2584 5694 basilica
2618 5640 2875 5695 Vaticana
2907 5648 3079 5700 sancti
3123 5646 3290 5714 l’etri,
3320 5660 3373 5704 et
3406 5651 3461 5705 in

1884 5732 2129 5786 ecclesiis
2176 5742 2486 5787 sanctorum
2553 5736 2922 5803 apostolorum
2974 5749 3027 5791 et
3085 5740 3143 5793 S.
3200 5741 3461 5808 chilix;

1886 5824 2139 5891 variaque
2191 5835 2473 5878 enumerat
2520 5823 2704 5879 nonne
2734 5830 2905 5885 sancti
2950 5828 3188 5887 Matthxi
3240 5834 3462 5901 sacella,

1886 5932 2005 5986 quae
2036 5916 2314 5971 brevitatis
2344 5931 2505 5970 causa
2545 5917 2722 5973 mitto.
