3956 6442
586 368 693 429 807

1819 361 2102 425 MENSIS
2133 359 2603 422 SEPTEMBER.

3730 362 3826 427 808

652 476 742 530 96.
792 474 1030 529 Masinns
1081 474 1133 527 in
1189 474 1426 528 Bononia
1472 475 1821 541 perluslrnla,
1878 492 2002 545 pag.
2058 471 2222 531 466A
2254 469 2499 539 catalogo
2552 470 2901 539 reliquiarum
2956 464 3242 539 utriusque
3290 471 3610 525 monasterii
3658 473 3824 526 nullas

584 576 830 627 testatur,
866 556 1122 620 Bononia:
1146 580 1265 618 esse
1283 566 1570 620 ecclesiam
1598 566 1942 636 parmcialem
1966 575 2157 619 sancto

581 656 836 711 Matthaao
866 655 1121 718 dicatam,
1154 655 1210 708 in
1252 670 1357 724 qua
1387 656 1558 725 ipsius
1590 657 1858 711 festivitas
1885 657 2159 726 praecipue

580 747 925 809 celebratur,
958 745 1011 798 in
1044 746 1144 800 alia
1192 762 1322 800 vero
1351 746 1580 802 ecclesia
1627 744 1939 814 parochiali,
1973 756 2160 798 saneto

582 835 805 890 Nicolao
852 853 1028 901 saera,
1057 838 1297 907 ejusdem
1351 838 1581 907 apostoli
1615 837 1897 890 brachium
1940 834 2159 905 aliquod

581 929 915 989 conservari,
950 928 1133 997 ibique
1158 928 1556 982 solemnitatem
1591 926 1708 995 ejus
1740 926 2002 980 celebrari
2032 939 2158 979 cum

583 1020 933 1089 indulgentiis
1010 1019 1293 1089 plenariis.
1354 1018 1677 1072 Laurentius
1718 1015 2055 1087 Beyerlinck,
2106 1018 2161 1069 in

588 1112 807 1163 Theatra
837 1111 955 1165 vita:
983 1114 1247 1175 humana,
1284 1120 1415 1165 tom.
1452 1112 1536 1174 Vl,
1571 1112 1637 1165 ad
1672 1125 1855 1165 vocem
1881 1110 2156 1179 Reliquia’,

583 1214 835 1257 recenset
867 1220 989 1273 pag.
1026 1204 1131 1257 505
1183 1204 1435 1273 reliquias
1472 1203 1672 1257 multas
1702 1202 1920 1271 Neapoli
1969 1218 2157 1257 serva-

581 1308 681 1357 tas,
729 1300 977 1365 interque
1017 1314 1108 1348 eas
1152 1298 1329 1350 sancti
1382 1296 1617 1350 Matthaei
1653 1295 1912 1365 reliquias
1966 1296 2159 1348 tribuit

580 1390 824 1443 ecclesia:
872 1387 927 1441 S.
993 1388 1170 1443 Maria:
1214 1390 1282 1441 de
1332 1388 1631 1456 Sapientia,
1674 1397 1727 1440 et
1755 1402 1874 1455 pag.
1907 1387 2011 1441 504
2034 1400 2155 1441 ossa

578 1482 748 1534 sancti
778 1481 1015 1535 Matthari
1043 1481 1101 1535 ἓ.
1135 1480 1314 1535 Maria:
1350 1482 1415 1534 de
1439 1480 1777 1549 ‘virginibus.
1809 1479 1953 1533 inter
1980 1478 2155 1532 eccle-

577 1572 687 1625 sias
720 1571 981 1639 plurimas
1014 1572 1163 1625 urbis
1205 1571 1443 1627 Venetiae
1481 1586 1586 1623 una
1619 1584 1837 1638 quoque
1883 1578 1967 1622 est
2002 1583 2159 1638 paro-

572 1665 765 1717 chlalis
800 1674 990 1718 sancto
1036 1663 1291 1717 Matthaao
1326 1678 1497 1726 saera,
1549 1674 1604 1716 ut
1631 1672 1888 1716 accurate
1928 1662 2149 1729 exponit

573 1756 973 1811 illustrissimus
1004 1756 1239 1825 scriptor
1291 1756 1557 1824 nobisque
1586 1755 1976 1817 amicissimus,
2028 1753 2149 1807 Fla-

572 1848 773 1901 minius
832 1846 1137 1910 Cornelius,
1202 1857 1422 1900 senator
1479 1846 1737 1909 Venetus,
1795 1845 1848 1898 in
1912 1845 2143 1915 eleganti

570 1955 738 2011 opere
790 1939 864 1993 De
897 1939 1131 1995 ecclesiis
1179 1936 1409 2001 Venetis,
1460 1938 1578 1993 dec.
1612 1954 1682 2003 tv,
1732 1953 1849 2008 pag.
1902 1937 2023 2006 173,
2056 1936 2143 1991 ubi

569 2032 763 2086 recitat
795 2030 1133 2084 l'undationis
1186 2029 1399 2084 litteras
1444 2043 1509 2081 ex
1559 2028 1916 2100 autographo.
1951 2027 2025 2081 Ex
2061 2027 2146 2082 his

569 2132 723 2177 recte
776 2121 1018 2185 deducit,
1063 2120 1435 2176 fundalionem
1485 2121 1655 2176 fuisse
1706 2123 1926 2184 factam,
1957 2138 2144 2177 mense

569 2212 864 2268 Februario
898 2212 1026 2266 anni
1062 2213 1201 2267 1155
1227 2228 1377 2265 more
1411 2212 1618 2266 Veneto
1656 2221 1711 2266 et
1741 2212 1968 2266 aliorum
2001 2214 2145 2266 illius

572 2306 852 2375 temporis,
898 2313 955 2358 ut
985 2304 1155 2373 liquet
1185 2319 1249 2359 ex
1299 2303 1598 2358 indictione
1634 2322 1683 2359 IV
1713 2305 1765 2358 in
1809 2304 2005 2359 litteris
2051 2305 2147 2359 ad-

565 2399 728 2467 jecta,
762 2414 867 2466 qua
908 2398 1225 2467 designatur
1276 2412 1453 2450 annus
1491 2396 1659 2462 “56;
1693 2396 1786 2450 sed
1824 2411 2010 2450 mense
2041 2394 2145 2450 Fe-

570 2493 790 2547 bruario
839 2490 1097 2559 pergebat
1152 2499 1282 2544 tunc
1317 2504 1540 2547 currere
1579 2503 1759 2542 annus
1810 2488 1945 2542 1156
1974 2504 2145 2558 usque.

565 2585 634 2639 ad
662 2583 886 2647 Pascha,
930 2592 1023 2638 aut
1068 2594 1217 2639 certe
1262 2598 1432 2653 usque
1475 2582 1793 2637 ad-.festum
1832 2584 2142 2636 Annnntia-

566 2680 755 2743 tionis,
790 2680 904 2734 sive
935 2678 1079 2733 diem
1109 2674 1179 2733 25
1212 2677 1409 2733 Martii.
1444 2674 1720 2730 Fundator
1769 2676 2012 2730 ecclesiae
2044 2673 2146 2728 fuit

568 2771 887 2825 Leonardus
950 2770 1269 2833 Cornarius,
1341 2767 1500 2837 cujus
1564 2768 1762 2821 littera:
1822 2766 2142 2830 recitantur,

566 2865 1023 2935 quemadmodum
1059 2871 1116 2918 et
1147 2863 1249 2917 alia
1282 2860 1528 2926 donatio,
1571 2876 1693 2931 quae
1723 2876 1866 2915 anno
1905 2860 2039 2915 1166
2077 2861 2141 2914 ad

569 2958 795 3023 primam
828 2956 1079 3011 accessit.
1111 2955 1314 3010 Deinde
1342 2970 1407 3007 ex
1435 2961 1706 3007 vetustate
1729 2952 1985 3006 fatiscens
2009 2962 2144 3006 tem-

567 3055 715 3120 plum
753 3052 1087 3106 instauratur
1114 3064 1259 3105 anno
1294 3047 1508 3102 Domini
1554 3047 1713 3111 l6l5,
1745 3054 1804 3100 ut
1853 3062 1916 3100 ex
1950 3045 2143 3099 inscri-

569 3146 755 3215 ptione
792 3157 1095 3196 marmorea
1128 3143 1424 3196 edocemur
1465 3139 1657 3209 parieti
1684 3138 1860 3201 allixa,
1901 3158 1921 3191 ι
1966 3138 2143 3206 inquit

566 3234 875 3298 Cornelius,
933 3233 1078 3287 illam
1139 3234 1395 3287 recitans.
1449 3230 1593 3286 Idem
1640 3232 1801 3301 paulo
1850 3239 1975 3299 post
2020 3230 2141 3283 ait:

574 3343 593 3375 ι
620 3328 905 3380 Postremo
938 3340 1060 3378 cum
1089 3324 1288 3377 nostris
1316 3323 1467 3376 hisce
1493 3320 1829 3390 temporibus
1862 3322 1926 3375 ad
1960 3321 2145 3375 ruinas

566 3429 833 3490 vergeret,
886 3416 1088 3469 Nicolai
1138 3414 1329 3469 Milesii
1383 3414 1599 3484 plehani
1643 3414 1825 3468 studio
1879 3429 1908 3467 a
1952 3413 2145 3468 funda-

566 3511 765 3564 mentis
797 3512 849 3561 in
881 3507 1270 3579 elegantiorem
1319 3506 1549 3560 formam
1594 3505 1928 3566 restituitur,
1964 3518 2143 3557 sacra-

564 3618 671 3668 que
721 3601 1058 3671 supellectile
1104 3609 1157 3651 et
1202 3598 1541 3651 ornamentis
1593 3595 1811 3664 copiose
1856 3594 2145 3648 instruitur

564 3708 709 3746 anno
738 3690 951 3744 Domini
988 3688 1125 3742 “55
1156 3704 1253 3759 per
1286 3686 1563 3758 Aloysiutn
1593 3683 1886 3739 Foscarnm
1917 3686 2145 3755 patriar-

564 3788 724 3840 cham
762 3775 1028 3837 Venatum
1060 3791 1433 3841 consecratur.
1469 3799 1486 3831 ι
1523 3778 1595 3835 De
1632 3779 1873 3848 reliquiis
1898 3779 2143 3847 ejusdem

565 3876 808 3932 ecclesiae
841 3883 1033 3929 auctor
1061 3889 1180 3943 pag.
1218 3872 1318 3925 1⁸75
1359 3871 1551 3925 scribit
1580 3888 1592 3923 :
1633 3889 1649 3920 ι
1689 3867 1973 3922 Nonnullis
2004 3868 2143 3922 dita-

568 3978 654 4022 tur
705 3968 960 4023 Divorum
1019 3965 1262 4035 lipsanis,
1321 3978 1519 4033 nempe
1570 3978 1633 4016 ex
1688 3961 1906 4017 ossibus
1970 3960 2143 4015 sancti

564 4058 794 4129 apostoli
836 4057 1127 4119 Tutelaris,
1160 4074 1178 4106 ι
1212 4063 1319 4108 etc.
1358 4053 1516 4106 Plura
1548 4053 1614 4107 de
1664 4054 1750 4107 illa
1794 4051 2023 4108 ecclesia
2058 4053 2146 4108 di-

569 4155 798 4223 ligenter
827 4151 1027 4205 ibidem
1062 4151 1349 4203 observata
1383 4146 1555 4201 videri
1584 4155 1840 4215 possunt.

636 4242 728 4297 97.
768 4240 1055 4294 Cornelius
1109 4249 1289 4293 autem
1334 4239 1389 4292 in
1436 4236 1713 4308 Opusculo
1764 4236 1831 4291 de
1887 4236 2144 4291 Ecclesiis

564 4333 921 4396 Torcellanis,
956 4333 1098 4402 quod
1134 4332 1298 4402 priori
1335 4331 1562 4396 addidit,
1617 4331 1724 4384 duo
1759 4332 1996 4402 assignat
2030 4345 2150 4383 mo-

565 4428 805 4482 nasteria
852 4426 1174 4478 monialinm
1230 4431 1417 4479 sancto
1453 4423 1707 4478 Matthaao
1752 4432 1979 4477 sacrata.
2029 4420 2146 4474 Pri-

2253 563 2420 616 saneti
2455 562 2691 616 Matthaei
2726 563 2969 616 invenio.
3019 563 3088 614 At
3120 565 3292 619 sancti
3326 563 3564 618 Matthzei
3601 565 3827 633 reliquie

2252 670 2394 707 anno
2425 655 2561 708 1554
2592 654 2814 709 inclusa:
2842 655 3066 709 fuerunt
3098 656 3149 707 in
3198 653 3352 709 altari
3383 659 3560 709 sancti
3601 658 3826 711 Abundii

2250 748 2392 814 quod
2430 746 2643 801 Sublact
2705 747 2760 800 in
2810 746 2963 801 Latio
3009 754 3140 801 tunc
3182 750 3529 802 consecravit
3582 749 3826 803 Andreas

2252 838 2477 891 Crucius
2505 838 2798 907 episcopus
2828 838 3172 902 Tiburtinus,
3207 852 3265 892 ut
3317 838 3480 891 habet
3525 839 3825 908 inscriptio,

2253 930 2375 983 data
2415 940 2545 985 tom.
2578 930 2642 984 V'l
2672 932 2900 1001 Augusti
2943 946 3067 1001 pag.
3093 932 3218 985 635.
3266 931 3523 984 Rocchus
3561 932 3750 985 Pirrus
3782 933 3829 985 in

2255 1022 2436 1077 Sicilia
2469 1040 2644 1083 sacra,
2678 1034 2809 1078 tom.
2844 1024 2909 1087 ll,
2945 1040 3069 1094 pag.
3107 1025 3231 1087 474,
3263 1025 3351 1078 ubi
3383 1036 3681 1078 enumerat
3708 1028 3827 1078 reli-

2252 1117 2407 1183 quias
2435 1114 2681 1168 ecclesiae
2730 1114 3060 1167 cathedralis
3093 1113 3574 1183 Cephalaeditanm,
3606 1115 3684 1168 ait
3721 1131 3830 1168 eam

2252 1205 2486 1274 gaudere
2522 1204 2657 1270 pede
2685 1205 2900 1272 integro
2932 1220 3056 1259 cum
3091 1207 3230 1275 pelle
3263 1206 3322 1259 Β.
3360 1205 3626 1260 Marthaei.
3660 1205 3831 1261 Sicilis

2254 1295 2460 1365 insigne
2484 1294 2744 1363 Oppidum
2774 1294 2988 1357 Sicilire,
3020 1296 3071 1348 in
3113 1296 3249 1349 valle
3284 1296 3478 1349 Netina
3515 1305 3575 1350 et
3611 1298 3831 1351 dicrcesi

2256 1386 2619 1455 Syracusana,
2658 1400 2767 1437 non
2803 1385 2993 1454 procul
3022 1400 3050 1437 a
3089 1385 3279 1439 Netina
3308 1386 3553 1450 civitate,
3584 1397 3829 1441 sanetum

2255 1478 2570 1530 Matthmum
2598 1486 2892 1530 veneratur
2921 1484 3212 1545 patronum
3240 1477 3539 1539 titularem,
3565 1480 3657 1531 cui
3692 1479 3835 1533 dedi-

2252 1578 2369 1621 cata
2398 1576 2480 1621 est
2510 1567 2767 1636 primaria
2801 1568 3029 1622 ecclesia
3075 1568 3429 1637 parochialis.
3469 1568 3591 1623 Non
3625 1570 3831 1632 dubito,

2251 1660 2381 1728 quin
2412 1667 2467 1712 et
2494 1660 2613 1713 alia:
2654 1668 2944 1713 serventur
2966 1660 3245 1728 particula:
3272 1660 3632 1729 reliquiarum
3668 1665 3831 1717 sancti

2254 1752 2491 1807 Matthei
2524 1752 2576 1806 in
2608 1752 2759 1806 Italia
2790 1762 2844 1805 et
2877 1752 3100 1817 Sicilia;
3149 1752 3243 1805 sed
3272 1766 3464 1805 Omnes
3510 1767 3833 1806 enumerare

2255 1858 2360 1897 non
2390 1852 2472 1897 est
2509 1852 2672 1898 tanta:
2705 1844 3068 1910 necessitatis,
3096 1853 3315 1914 quanta:
3339 1843 3708 1899 diliicultatis.
3734 1845 3832 1898 Ita-

2254 1950 2357 2005 que
2393 1935 2445 1987 in
2478 1933 2822 1990 Germaniam
2857 1945 3098 2001 transeo,
3153 1936 3447 1991 nonnullas
3486 1946 3544 1990 et
3590 1936 3669 1991 ibi
3709 1938 3837 1993 assis

2254 2036 2539 2097 gnaturus.

2324 2120 2410 2175 98.
2455 2119 2751 2190 Pragenses
2792 2121 2845 2174 in
2884 2119 3142 2175 Bohemia
3194 2121 3391 2175 multas
3426 2121 3680 2177 ecclesia:
3730 2138 3837 2179 suae

2251 2214 2555 2267 attribuunt
2591 2213 2765 2266 sancti
2801 2212 3036 2266 Matthzei
3068 2213 3345 2281 reliquias.
3381 2212 3628 2267 Thomas
3674 2214 3835 2268 Joan-

2253 2321 2352 2359 nes
2390 2303 2634 2368 Pessina,
2685 2306 2737 2359 iu
2794 2304 3100 2376 Pliospltoro
3147 2304 3423 2376 Pragensi,
3455 2322 3582 2377 pag.
3614 2306 3724 2362 518
3749 2322 3835 2361 eas

2254 2399 2333 2454 sic
2364 2406 2691 2452 enumerat:
2731 2397 2949 2453 «Sancti
2992 2398 3228 2453 Matthtei
3254 2398 3480 2468 apostoli
3519 2407 3577 2452 et
3602 2414 3836 2469 evange-

2254 2490 2387 2545 listze
2414 2506 2511 2560 pes
2566 2493 2794 2559 integer,
2826 2501 2882 2545 et
2932 2491 3217 2545 brachium
3268 2504 3393 2545 cum
3455 2490 3647 2558 pelle:
3694 2502 3837 2546 costa

2252 2596 2477 2656 argento
2525 2584 2884 2649 circumdata,
2943 2594 2998 2639 et
3046 2588 3203 2640 dens.
3257 2585 3391 2640 Item
3448 2585 3557 2640 alia
3603 2596 3836 2656 quatuor

2254 2691 2404 2743 ossa,
2444 2677 2602 2731 simul
2641 2679 2690 2731 in
2716 2686 2973 2746 argentea
3005 2677 3160 2732 theca
3204 2679 3550 2748 composita:
3588 2680 3700 2733 alia
3744 2680 3838 2733 ite-

2253 2787 2372 2826 rum
2406 2770 2662 2825 notabilis
2687 2785 2833 2839 pars.
2874 2788 2893 2820 ι
2932 2769 3059 2824 Hiec
3101 2770 3300 2824 dicitur
3331 2786 3456 2838 pars
3494 2771 3566 2826 de
3612 2775 3839 2827 humero

2253 2863 2307 2917 in
2334 2862 2591 2932 Catalogo
2622 2862 2888 2931 impresso
2922 2860 3276 2931 reliquiarum
3302 2861 3691 2934 Pragensium,
3725 2878 3839 2934 qua:

2253 2969 2397 3008 anno
2434 2954 2566 3009 1615
2592 2969 2656 3009 ex
2684 2969 2811 3009 arce
2840 2954 2983 3025 regia
3030 2952 3335 3009 Carlsteina
3382 2954 3436 3009 in
3482 2957 3834 3026 metropolim

2253 3056 2381 3102 sunt
2413 3047 2705 3112 translatae,
2736 3047 2790 3102 in
2814 3060 2921 3117 quo
2945 3056 3001 3103 et
3026 3046 3250 3116 reliqua:
3285 3058 3673 3103 recensentur.
3698 3049 3837 3115 Quin

2252 3150 2307 3193 et
2333 3139 2405 3193 ibi
2436 3140 2666 3209 septimo
2692 3137 2888 3194 ordine
2937 3154 3087 3192 num.
3121 3138 3191 3193 56
3216 3136 3496 3192 adduntur
3524 3140 3835 3208 sequentia,

2250 3231 2453 3294 nescio,
2485 3246 2552 3282 an
2594 3230 2728 3283 satis
2757 3239 2945 3285 recte:
3005 3249 3022 3281 ι
3066 3230 3253 3285 Sancti
3296 3229 3538 3283 Matthazi
3600 3232 3846 3302 apostoli-

2246 3333 2299 3376 οι
2346 3320 2692 3391 evangelista:
2741 3320 3025 3374 brachium
3084 3333 3375 3391 utrumque
3414 3338 3543 3376 cum
3588 3324 3736 3394 pelle
3787 3333 3853 3383 et,

2247 3430 2431 3469 carne.
2472 3434 2490 3465 ι
2523 3421 2593 3469 At
2621 3413 2674 3468 in
2706 3413 2952 3485 catalogo
2973 3428 3075 3469 ms.
3117 3414 3498 3485 reliquiarum,
3541 3431 3611 3470 ex
3643 3416 3836 3471 Galen-

2247 3504 2399 3560 dario
2424 3505 2707 3577 Pragcnsis
2736 3506 2984 3561 ecclesia:
3017 3517 3288 3572 extracto,
3315 3521 3476 3574 quem
3506 3522 3660 3563 anno
3698 3509 3835 3563 1647

2250 3598 2354 3652 huc
2388 3598 2534 3651 misit
2557 3598 2620 3651 P.
2653 3597 2975 3652 Theodorus
3009 3597 3266 3662 Muretus,
3304 3598 3417 3653 haec
3437 3598 3618 3655 solum
3646 3601 3839 3671 legun-

2250 3699 2337 3744 tur
2365 3689 2431 3744 ad
2471 3688 2534 3743 2|
2571 3686 2945 3757 Septembris:
2980 3706 2998 3739 ι
3034 3687 3217 3744 Sancti
3255 3689 3490 3746 Matthzei
3519 3694 3759 3762 apostoli
3782 3702 3839 3749 et

2247 3780 2608 3850 evangelista,
2638 3780 2730 3844 qui
2765 3780 2906 3848 apud
2933 3778 3268 3850 Ethiopiam
3300 3782 3612 3851 pradicans
3634 3794 3837 3855 marty-

2249 3872 2388 3926 rium
2421 3887 2610 3941 passus
2641 3873 2741 3924 est.
2768 3870 2937 3939 Cujus
2959 3871 3231 3941 reliquias,
3257 3873 3506 3929 videlicet
3540 3874 3838 3946 imaginem

2247 3979 2497 4034 magnam
2531 3977 2653 4017 cum
2688 3971 2914 4034 argento
2942 3970 2997 4017 et
3026 3978 3160 4019 auro
3185 3962 3519 4030 decoratam,
3558 3976 3840 4022 tenentem

2245 4067 2457 4112 costam
2504 4058 2624 4125 ejus
2679 4057 2734 4109 in
2782 4056 3056 4121 manibus,
3115 4072 3251 4127 quas
3308 4057 3517 4111 invenit
3554 4058 3839 4127 piissimus

2246 4152 2500 4220 princeps
2534 4150 2761 4205 Carolus
2786 4149 2875 4212 IV,
2899 4158 3007 4205 etc.
3037 4149 3260 4205 donavit
3283 4150 3528 4206 ecclesiae
3552 4148 3839 4223 Pragensi.

2250 4241 2372 4297 Haec
2405 4242 2519 4296 ibi:
2560 4253 2616 4294 at
2670 4256 2771 4314 ego
2822 4242 3016 4297 lubens
3065 4241 3196 4312 ipsis
3231 4240 3601 4313 Pragensibus
3635 4245 3843 4299 exami-

2249 4332 2487 4387 nandum
2533 4330 2856 4402 relinquam,
2889 4340 3152 4401 quantum
3204 4331 3439 4386 habeant
3471 4333 3838 4403 reliquiarum

2249 4428 2420 4482 sancti
2462 4425 2720 4481 Matthaei.
2770 4425 3063 4481 Bucelinus
3106 4424 3161 4480 in
3193 4426 3432 4482 sacrario
3468 4427 3837 4485 Benedictino

568 4534 717 4573 mum
753 4526 837 4572 est
868 4518 1256 4570 monasterium
1292 4516 1462 4569 sancti
1498 4514 1731 4567 Matthmi
1767 4515 1834 4567 de
1876 4513 2143 4579 Majurbio
2176 4513 2223 4571 D
2251 4521 2395 4588 quod
2437 4519 2608 4573 edidit
2639 4534 2783 4573 anno
2812 4519 2969 4581 1656,
3012 4518 3079 4572 ad
3111 4518 3176 4573 21
3230 4516 3569 4587 Septembris
3609 4522 3681 4576 (ιθ
3714 4522 3845 4576 reti.

564 4612 772 4667 ordinis
808 4608 1211 4671 Cisterciensis,
1239 4606 1383 4677 quod
1417 4616 1576 4661 antea
1608 4608 1661 4659 in
1692 4606 1794 4660 alia
1829 4605 2001 4660 insula
2030 4605 2145 4659 lue-

567 4716 649 4759 rat
679 4713 1075 4765 cnnstructum,
1100 4702 1365 4757 videlicet
1391 4701 1443 4754 in
1470 4700 1875 4764 Constantiaco,
1909 4700 2143 4769 indeque

566 4797 632 4850 de
668 4807 942 4848 consensu
984 4794 1222 4862 episcopi
1254 4792 1561 4845 Torcellaui
1588 4793 1643 4843 in
1687 4791 2010 4859 Majurbium
2062 4790 2143 4843 in-

566 4887 741 4940 sulam
798 4884 904 4940 fuit
952 4884 1298 4940 translatum.
1350 4891 1411 4936 ut
1452 4882 1556 4935 late
1608 4880 1899 4951 exponitur
1950 4890 2143 4950 part.t

565 4980 709 5034 illius
739 4976 998 5045 Opusculi
1030 4993 1151 5047 pag.
1177 4974 1283 5029 299
1305 4984 1357 5029 et
1389 4990 1542 5044 seqq.
1566 4972 1747 5026 Prima
1781 4972 2024 5027 fundatiu
2046 4988 2143 5026 no-

569 5079 711 5124 tatur
745 5067 885 5122 facta
912 5082 1058 5121 anno
1092 5066 1246 5127 l218,
1285 5067 1338 5119 in
1389 5065 1799 5127 Constantiano,
1840 5080 1961 5135 pag.
1996 5065 2139 5130 5H3;

567 5162 662 5214 sed
695 5169 820 5213 ante
848 5161 1009 5213 linem
1045 5159 1289 5227 ejusdem
1330 5156 1514 5214 Saeculi
1560 5156 1952 5211 monasterium
1983 5171 2139 5209 suum

566 5250 631 5305 ad
663 5250 898 5304 insulam
932 5248 1255 5319 Majurbium
1291 5249 1687 5302 transtulerunt
1731 5249 2016 5303 moniales.
2053 5248 2145 5299 Al-

567 5354 743 5397 terum
770 5353 853 5396 est
882 5342 1271 5396 monasterium
1308 5339 1621 5394 monialium
1651 5339 1855 5393 ordinis
1880 5339 1935 5391 S.
1969 5339 2143 5393 Bene-

566 5437 693 5490 dicti
731 5438 784 5489 in
840 5437 1013 5489 insula
1049 5434 1293 5488 Muriana
1340 5431 1584 5503 ejusdem
1636 5432 1886 5488 direcesis
1920 5431 2143 5484 Toreel-

569 5530 726 5589 lanae.
767 5538 824 5582 ut
872 5529 1095 5598 exponit
1154 5527 1458 5592 Cornelius,
1499 5537 1639 5595 part.
1688 5544 1723 5581 ιι
1771 5542 1798 5579 a
1843 5542 1963 5596 pag.
2015 5526 2140 5581 ΕΞΟΙ.

569 5620 971 5691 FundatiOpag.
1008 5621 1107 5674 104
1142 5632 1361 5674 notatur
1403 5621 1541 5672 facta
1569 5635 1711 5674 anno
1736 5620 1893 5676 1280,
1927 5620 2142 5671 datum-

568 5727 674 5780 que
709 5723 835 5767 tunc
862 5724 946 5767 est
969 5714 1299 5767 monialibus
1325 5721 1599 5766 vetustum
1630 5712 1924 5763 oratorium
1952 5720 2140 5762 sancto

571 5802 823 5860 Matthazo
856 5806 1119 5871 dicatum,
1150 5816 1211 5860 ul
1242 5807 1442 5862 ibidem
1473 5807 1632 5859 latius
1660 5803 1827 5857 videri
1855 5810 2053 5871 potest.
2082 5802 2137 5854 ln

2250 4612 2392 4681 quiis
2422 4609 2479 4664 S.
2513 4609 2748 4665 Matthuei
2792 4612 2906 4665 haec
2933 4610 3138 4665 tradit:
3183 4627 3201 4661 ι
3247 4609 3420 4678 Hujus
3448 4610 3637 4678 magni
3666 4625 3838 4666 evan-

2251 4706 2457 4773 gelistae
2501 4704 2730 4775 insignis
2764 4703 2937 4774 portio
2970 4710 3281 4759 asservatur
3315 4701 3369 4756 in
3399 4700 3663 4759 Andechs
3696 4705 3839 4775 (mo-

2250 4798 2490 4852 nasterio
2526 4798 2806 4866 Davariae),
2857 4798 2945 4854 ubi
2974 4806 3029 4852 et
3060 4796 3179 4851 alia:
3216 4796 3338 4851 duae
3367 4793 3618 4863 ejusdem
3656 4808 3841 4867 partes

2250 4894 2631 4954 ostenduntur,
2661 4892 2802 4945 Dens
2839 4893 3047 4945 Elnone
3087 4891 3243 4960 (alias
3278 4890 3336 4945 S.
3376 4892 3612 4945 Amandi
3647 4908 3838 4948 mona-

2250 4985 2474 5039 sterium
2518 4992 2741 5037 vocatur
2778 4982 2829 5035 in
2869 4980 3168 5049 Flandria),
3211 4982 3321 5036 duo
3367 4982 3604 5038 molares
3643 4984 3839 5040 demes

2250 5085 2303 5129 et
2357 5078 2459 5130 alia
2516 5076 2777 5129 nonnulla
2828 5076 2880 5130 in
2924 5073 3308 5145 Weingarten;
3353 5093 3374 5127 ι
3422 5076 3573 5144 quod
3620 5074 3836 5131 Suevia:

2250 5177 2332 5222 est
2357 5170 2747 5221 monasterium
2782 5181 2906 5219 cum
2952 5166 3151 5236 oppido
3178 5168 3524 5237 cognomine.
3562 5165 3837 5220 Plurima:

2248 5271 2471 5331 quoque
2512 5255 2686 5309 sancti
2720 5254 2955 5310 Mattluei
3005 5256 3261 5324 reliquias
3300 5255 3544 5308 Coloniae
3581 5257 3836 5311 attribuit

2250 5345 2304 5395 in
2339 5343 2511 5412 Opere
2540 5360 2639 5399 suo
2672 5343 2948 5417 Gelenius,
2977 5344 3232 5397 nimirum
3256 5358 3378 5413 pag.
3404 5342 3509 5398 264
3542 5344 3681 5399 duas
3712 5360 3838 5411 par-

2251 5436 2441 5489 ticulas
2491 5436 2734 5491 ecclesia:
2767 5436 3061 5505 collegiatze
3110 5436 3167 5487 S.
3210 5434 3515 5490 Cerconis:
3552 5451 3672 5503 pag.
3706 5436 3829 5501 572,

2249 5526 2313 5579 de
2346 5527 2519 5594 capite
2550 5530 2718 5581 sancti
2751 5527 2987 5581 Matth-.ei
3028 5525 3233 5595 aliquid
3278 5527 3525 5581 ecclesiae
3571 5526 3829 5581 abhatiali

2251 5618 2308 5674 S.
2338 5618 2754 5679 l‘anthaleOuis;
2784 5635 2904 5689 pag.
2945 5619 3068 5681 ΜΞ,
3102 5618 3305 5687 aliquid
3350 5616 3699 5684 reliquiarum
3736 5636 3831 5689 pa-

2251 5712 2471 5763 rochiali
2516 5712 2763 5765 ecclesiae
2797 5711 2850 5763 S.
2890 5710 3048 5781 Lupi,
3086 5712 3161 5765 uti
3193 5719 3245 5763 et
3284 5726 3406 5779 pag.
3446 5711 3551 5766 illi
3583 5715 3829 5768 ecclesiae

2248 5802 2302 5858 S.
2336 5802 2641 5859 Catharinre
2679 5805 2895 5861 Ordinis
2944 5805 3392 5870 Teutonicorum,
3442 5822 3562 5877 pag.
3596 5807 3697 5861 «£56
3732 5816 3824 5857 ee-
