3956 6492
151 431 245 496 809

1443 419 1616 479 VITA
1660 417 1722 478 S.
1768 414 2153 477 ΜᾹΤΤΗΕΙ.

3287 417 3394 479 διο

153 543 323 599 clesix
365 538 838 602 Cartusianorum,
878 552 1000 607 pag.
1035 535 1140 591 483
1172 532 1413 590 ecclesia:
1459 531 1722 588 Carmeli—
1750 536 1797 593 Α
1828 529 1995 584 tensis
2028 529 2079 582 in
2114 527 2405 583 Brabantia
2436 544 2607 601 prope
2630 528 2953 585 Lovanium.
2985 528 3111 587 Haec
3140 529 3393 585 laudatus

156 646 349 697 tarum,
387 647 509 702 pag.
542 630 643 686 547
673 630 915 685 ecclesiae
965 626 1023 683 S.
1064 624 1346 682 Maximini
1402 622 1721 679 monialium

153 725 358 781 ordinis
390 722 794 794 Augustiniani,
825 737 946 792 pag.
988 718 1091 773 560
1121 716 1368 773 ecclesix
1406 713 1722 770 monialium

154 818 393 889 ejusdem
416 815 625 871 ordinis
648 816 703 869 in
734 815 938 884 majore
959 810 1249 871 Nazareth.
1276 825 1404 880 pag.
1426 808 1530 863 584
1554 806 1728 862 eccle—

158 910 246 964 sia:
277 909 338 964 S.
378 907 648 962 Vincentii
686 909 854 962 tertia:
886 905 1105 976 Regulae
1130 903 1186 959 S.
1227 900 1524 965 Francisci,
1549 909 1603 955 et
1630 900 1725 954 de-

161 1018 303 1056 mum
335 1016 459 1072 pag.
488 1001 590 1054 627
621 1000 819 1055 sacello
848 999 904 1054 S.
940 998 1267 1067 Margaritx.
1300 998 1369 1051 At
1397 1009 1589 1051 omnes
1615 993 1731 1047 istx

163 1094 388 1149 modicae
435 1094 689 1149 videntur
737 1106 856 1146 esse
903 1089 1204 1160 particulae,
1253 1096 1312 1142 ut
1363 1086 1729 1141 dillicultatem

162 1196 422 1235 numerus
455 1179 660 1234 nullam
692 1177 881 1248 pariat.

227 1272 316 1326 99.
364 1272 418 1325 ln
456 1270 637 1342 Belgio
670 1278 856 1322 nostro
897 1267 1145 1338 plurimis
1182 1262 1343 1321 etiam
1377 1262 1510 1318 locis
1540 1272 1729 1316 osten—

164 1364 367 1419 duntur
397 1364 569 1417 sancti
624 1360 859 1414 Matthxi
910 1359 1176 1428 reliquiae,
1223 1358 1473 1427 interque
1498 1371 1593 1410 eas
1628 1368 1732 1406 una

161 1458 314 1511 valde
337 1454 617 1510 notabilis.
645 1451 709 1507 Et
738 1468 870 1507 sane
909 1450 1216 1506 mirandum
1254 1448 1460 1504 nemini
1489 1457 1655 1509 esset,
1687 1445 1733 1498 si

162 1552 223 1604 de
256 1550 420 1617 hujus
470 1546 694 1613 apostoli
736 1544 981 1613 reliquiis
1035 1543 1151 1611 plus
1194 1542 1477 1610 obtigisset
1528 1538 1732 1607 Belgio,

162 1657 322 1711 quam
355 1641 475 1694 aliis
516 1637 833 1709 provinciis,
861 1653 984 1691 cum
1022 1634 1247 1688 Carolus
1278 1632 1314 1685 V
1353 1634 1649 1701 imperator
1682 1630 1734 1681 in

166 1732 345 1803 Belgio
378 1740 539 1785 natus
559 1740 614 1783 et
643 1743 784 1797 saepe
810 1730 1004 1796 degere
1027 1725 1219 1789 solitus
1245 1724 1333 1787 sit,
1369 1722 1620 1791 idemque
1643 1721 1739 1775 ali-

165 1824 384 1895 quando
417 1822 630 1876 Salerni
671 1819 850 1883 fuerit,
886 1818 975 1871 ubi
1025 1831 1118 1871 eas
1167 1817 1412 1886 accipere
1459 1814 1651 1883 potuit,
1685 1824 1737 1867 et

1828 620 2108 690 Rayssius.
2137 620 2230 690 qui
2263 630 2319 676 et
2349 620 2567 677 dentem
2596 621 2824 690 Elnone,
2856 622 2971 678 sive
3002 622 3053 677 in
3082 620 3137 677 S.
3163 622 3396 677 Amandi

1829 712 2099 775 cxnobio,
2119 712 2229 782 jam
2252 728 2415 783 supra
2447 724 2829 782 memoratum,
2853 714 3095 784 reliquiis
3122 725 3397 771 accenset.

1901 805 2023 860 100.
2066 803 2309 861 Transeo
2357 806 2411 860 in
2461 805 2712 874 Galliam,
2754 808 2843 863 ubi
2876 806 3042 862 variis
3093 807 3227 861 loris
3271 823 3401 862 cre-

1831 896 1966 952 dunt
1996 913 2055 951 se
2089 898 2289 953 habere
2334 908 2497 969 caput
2548 901 2722 955 sancti
2776 898 3033 955 Matthxi.
3067 900 3322 954 Albrrtus
3352 900 3401 953 le

1832 988 2013 1044 Grand
2043 990 2097 1043 in
2124 1004 2288 1059 Opere
2308 989 2514 1047 Gallico
2553 991 2621 1046 de
2652 990 2859 1045 sanctis
2888 990 3182 1046 Britannix
3213 992 3405 1045 Armo-

1834 1082 1959 1135 ricae
1995 1097 2117 1153 pag.
2149 1082 2253 1137 600
2300 1083 2356 1136 in
2393 1081 2509 1138 Vita
2554 1086 2612 1137 S.
2649 1083 2918 1153 Tanguidi
2969 1083 3181 1139 abhatis
3216 1083 3400 1145 refert,

1835 1184 2000 1243 eaput
2033 1175 2204 1230 sancti
2235 1174 2472 1230 Matthxi
2503 1176 2703 1231 saeculo
2734 1190 2782 1229 vr
2810 1189 2910 1245 per
2940 1185 3275 1231 mercatores
3304 1177 3403 1228 Ar-

1836 1268 2075 1322 moricos
2132 1268 2436 1322 clanculum
2504 1268 2673 1323 fuisse
2728 1268 2965 1323 ablatum
3024 1283 3090 1323 ex
3150 1267 3406 1337 Egypto,

1838 1360 2272 1429 translatumque
2302 1360 2354 1412 in
2384 1359 2716 1414 Britanniam
2754 1360 3110 1425 Armoricam,
3143 1358 3327 1427 ibique
3354 1358 3405 1410 in

1840 1450 2063 1505 dioecesi
2093 1449 2358 1505 Leonensi
2387 1462 2758 1506 constructum
2788 1452 3197 1515 monasterium,
3224 1452 3277 1505 in
3301 1466 3409 1522 quo

1842 1541 2010 1594 sancti
2044 1550 2208 1610 caput
2248 1539 2408 1596 fuerit
2429 1542 2757 1611 depositum.
2791 1542 2954 1596 Addit
2982 1543 3253 1613 geminum
3282 1554 3412 1611 pro-

1839 1633 2064 1703 digium,
2132 1633 2387 1687 videlicet
2443 1635 2724 1703 scopulum
2778 1632 2831 1686 in
2898 1633 3033 1687 mari
3107 1640 3411 1686 exstantem

1845 1724 2011 1779 fuisse
2067 1742 2096 1778 a
2153 1726 2275 1779 navi
2343 1734 2685 1796 perruptum,
2757 1722 2887 1778 dum
2956 1732 3116 1791 caput
3175 1723 3415 1776 advehe-

1843 1818 2043 1883 batur;
2083 1818 2308 1873 altcrum
2346 1819 2400 1871 in
2442 1819 2851 1873 constructione
2880 1815 3193 1872 monasterii
3236 1825 3415 1884 patra-

164 1916 289 1969 inde
310 1916 366 1970 in
397 1912 638 1982 Belgium
663 1920 882 1979 portare
908 1916 1004 1961 aut
1031 1907 1416 1961 ll‘unsmiltcre.
1454 1908 1583 1959 Aliis
1606 1923 1739 1975 quo-
1767 1881 1814 1939 Β
1845 1924 1955 1964 ιιιιη
1985 1929 1999 1977 ;
2032 1912 2126 1966 sed
2165 1923 2451 1979 utrumque
2483 1911 2688 1981 indiget
2712 1909 3051 1963 documentis
3080 1881 3247 1958 multo
3274 1905 3415 1959 anti-

168 2019 270 2074 que
302 2001 476 2056 modis
508 2000 751 2068 reliquix
782 1998 956 2051 sancti
1007 1997 1241 2050 Malthati
1283 2000 1332 2048 in
1370 1996 1607 2067 Belgium
1645 1999 1736 2048 diu

165 2101 289 2149 ante
318 2092 600 2147 transferri
637 2100 949 2161 potuerunt.
985 2092 1052 2143 At
1099 2092 1373 2158 quomodo
1419 2089 1593 2142 allatx
1624 2088 1741 2141 fue-

166 2187 292 2250 rint,
330 2198 442 2237 non
478 2181 699 2236 invenio
730 2181 871 2251 apud
911 2178 1214 2250 Rayssiutn,
1245 2178 1337 2246 qui
1378 2193 1471 2231 eas
1498 2186 1743 2229 recenset

165 2281 217 2333 in
259 2274 813 2348 Ilicrogazophylacio
846 2271 1075 2342 Belgico.
1115 2271 1349 2323 Primum
1384 2279 1533 2327 certe
1564 2271 1741 2323 locum

168 2382 408 2426 tueretur
433 2380 595 2437 caput
622 2368 827 2430 Sancti,
862 2368 1003 2436 quod
1038 2380 1159 2435 pag.
1193 2363 1297 2417 59l
1332 2362 1579 2417 attribuit
1615 2378 1743 2415 ora-

170 2468 306 2520 torio
333 2463 472 2516 aulx
513 2460 883 2514 Bruxellensis
929 2458 1016 2511 his
1048 2457 1263 2511 verbis:
1301 2475 1317 2506 ι
1361 2455 1561 2509 Locum
1601 2454 1746 2510 hunc

170 2566 431 2627 praetcrea
478 2553 674 2606 mirum
724 2552 778 2603 in
828 2550 1045 2603 modum
1082 2557 1340 2601 venustat
1383 2563 1563 2600 rarum
1617 2546 1744 2600 illud

171 2649 389 2719 pignus.
420 2642 747 2700 sanctissimi
782 2640 1032 2695 videlicet
1061 2639 1291 2709 apostoli
1321 2647 1375 2691 et
1400 2638 1747 2707 evangelista:

173 2742 409 2797 Matthxi
437 2747 601 2809 caput
632 2738 921 2807 integrum,
961 2735 1180 2803 sumptu
1215 2741 1268 2785 et
1305 2731 1483 2785 valore
1516 2731 1748 2783 maximo

172 2836 449 2890 reclusum
478 2833 531 2884 in
552 2838 819 2905 argentea
849 2824 1106 2895 imagine,
1145 2824 1398 2876 eumdem
1441 2824 1747 2891 apostolum

171 2934 393 2993 pectore
426 2933 602 2985 tenus,
636 2919 938 2973 naturalem
966 2915 1199 2971 hominis
1224 2914 1566 2968 altitudinem
1592 2929 1752 2968 exce-

172 3021 396 3071 dentem
437 3014 731 3073 rel‘crente,
766 3010 911 3063 circa
953 3009 1111 3077 cujus
1150 3008 1405 3061 humeros
1437 3005 1747 3061 circumvo-

172 3107 333 3160 litans
357 3102 583 3175 angelus
612 3095 1063 3153 atramentariutn
1092 3094 1165 3147 illi
1198 3094 1471 3163 vasculum
1500 3094 1747 3165 porrigit.

1844 2006 2146 2071 quioribus.
2173 2020 2331 2075 quam
2357 2003 2585 2074 proferri
2619 2002 2846 2073 possint.
2881 2010 2941 2054 ut
2963 2000 3120 2053 fidem
3155 1998 3413 2051 inveniat.

1846 2098 1964 2167 Ipsa
1994 2113 2211 2167 quoque
2243 2098 2424 2151 allatio
2454 2096 2650 2161 capitis
2680 2110 2743 2147 ex
2780 2093 3010 2163 Egypto
3044 2107 3151 2145 non
3201 2091 3418 2143 videtur

1846 2188 2045 2245 certior
2092 2205 2253 2258 quam
2287 2197 2413 2241 ante
2444 2195 2741 2241 memorata
2772 2185 3015 2253 corporis
3042 2199 3104 2236 ex
3143 2181 3416 2250 Airhiopia

1849 2282 2149 2338 translatio.
2175 2279 2558 2335 Verumtamen
2584 2279 2777 2334 dictam
2802 2276 2994 2347 capitis
3013 2274 3419 2329 translationem

1850 2385 2076 2429 narrant
2111 2373 2271 2427 etiam
2304 2372 2527 2427 Carolus
2563 2373 2609 2425 lc
2637 2370 2828 2425 Cointc
2864 2369 2915 2422 in
2943 2368 3231 2421 Annalibus
3262 2366 3423 2420 cccle-

1849 2468 2074 2522 siusticis
2115 2467 2458 2527 Francorum,
2492 2465 2557 2517 ad
2600 2479 2803 2517 annum
2848 2460 2970 2526 555,
3007 2474 3159 2513 num.
3195 2459 3281 2523 2i,
3313 2457 3423 2512 Lu-

1850 2560 2075 2616 dovicus
2128 2558 2365 2627 Bulteau
2412 2556 2464 2609 in
2511 2555 2833 2623 Compendio
2901 2552 3163 2607 Ηίθεονὶεο
3225 2546 3424 2603 ordinis

1851 2652 1905 2705 S.
1950 2651 2236 2712 Benedicti,
2274 2649 2367 2701 lib.
2426 2663 2480 2707 ll,
2512 2663 2632 2715 cap.
2665 2647 2754 2708 28,
2786 2657 2937 2698 num.
2965 2644 3021 2705 2,
3072 2642 3147 2695 uti
3195 2652 3249 2696 et
3290 2656 3426 2696 con-

1853 2745 2207 2797 structionem
2248 2738 2583 2800 monasterii,
2621 2747 2810 2792 sancto
2846 2737 3093 2791 Matthxo
3125 2735 3310 2795 dicati.
3360 2734 3427 2787 de

1855 2843 1958 2905 qua
1994 2834 2183 2903 nequit
2214 2830 2467 2885 dubitari.
2500 2829 2865 2892 Mabillonius,
2905 2828 2959 2882 in
2995 2827 3288 2881 Annalibus
3325 2824 3429 2879 Be-

1856 2928 2152 2982 nedictiuis.
2187 2934 2316 2977 tom.
2358 2923 2397 2988 Ι,
2429 2938 2549 2992 pag.
2583 2922 2679 2975 152
2700 2922 2765 2973 ad
2792 2936 2993 2975 annum
3023 2920 3127 2975 563
3158 2918 3432 2973 fundatio-

1856 3033 1979 3070 nem
2006 3018 2317 3069 monasterii
2349 3014 2587 3082 exponit.
2612 3013 2677 3066 de
2712 3010 3059 3065 translatione
3085 3025 3211 3064 vero
3235 3007 3429 3077 capitis

1858 3110 2029 3163 sancti
2087 3107 2321 3160 Matthxi
2382 3104 2696 3158 dubitanter
2763 3104 2999 3171 loquitur
3047 3100 3150 3155 hoc
3210 3102 3427 3155 modo:

178 3196 418 3266 Erigitur
449 3194 503 3246 in
542 3188 810 3263 prxdiviti
840 3202 903 3241 ex
934 3186 1113 3239 ebeno
1140 3194 1386 3253 pegmate
1416 3182 1751 3235 artiﬁciosis-

1867 3219 1883 3251 ι
1921 3199 2052 3253 Dein
2112 3196 2443 3250 monasteria
2486 3212 2515 3247 a
2550 3193 2713 3247 Paulo
2763 3194 3039 3262 (episcopo
3086 3190 3429 3260 Legionensi,

175 3292 308 3344 sime
335 3287 638 3346 elaborato,
670 3284 721 3337 in
749 3296 857 3351 quo
892 3277 1163 3350 prxcipua
1198 3275 1328 3328 dicti
1371 3272 1604 3343 apostoli
1648 3274 1753 3325 itii-

176 3382 356 3435 raculn
390 3378 665 3449 argenteis
699 3373 901 3429 crustis
936 3380 990 3425 ct
1014 3366 1231 3423 laminis
1260 3364 1458 3430 incisa,
1494 3364 1754 3432 variaque

173 3476 303 3528 artis
334 3470 610 3542 elegantia
655 3466 1017 3521 condecorata
1066 3458 1528 3529 complectuntur.
1584 3456 1757 3517 Idem,

173 3584 294 3638 pag.
332 3564 463 3627 463,
491 3560 751 3616 adscribit
778 3572 900 3610 ossa
936 3554 1109 3609 sancti
1142 3552 1407 3613 Matthxi,
1444 3551 1494 3602 id
1525 3559 1629 3612 est,
1664 3548 1760 3601 ali-

174 3660 303 3727 quid
349 3672 421 3711 ex
457 3654 695 3716 ossibus,
742 3648 987 3704 ecclesia:
1032 3644 1327 3715 collegiatx
1360 3642 1416 3696 S.
1459 3640 1758 3695 Salvatoris

175 3748 369 3819 Brugis
404 3747 460 3799 in
507 3742 797 3800 Flaudria;
832 3752 1049 3792 rursutn
1086 3752 1204 3806 pag.
1237 3735 1362 3800 5H,
1388 3732 1634 3787 eeclcsix
1666 3747 1758 3785 ca-

176 3839 418 3897 thedrali
448 3833 784 3892 Tornacensi
810 3833 876 3888 de
911 3839 1101 3886 sancto
1134 3828 1387 3882 Matthaw
1429 3824 1676 3895 apostolo
1705 3835 1761 3878 et

175 3932 513 4005 evangelista
556 3929 666 3983 duo
699 3941 844 3989 ossa,
883 3938 1050 3978 unum
1100 3920 1326 3991 grande,
1366 3918 1512 3972 aliud
1554 3916 1763 3969 medio-

175 4041 302 4089 cre;
360 4042 382 4075 ι
446 4036 567 4091 pag.
623 4018 749 4078 451,
798 4014 1065 4069 ltutilensi
1114 4011 1381 4067 Cartusix
1433 4010 1501 4062 ad
1555 4006 1760 4060 Mosam

176 4116 314 4186 (lege
340 4110 651 4180 Mosellam)
690 4109 742 4161 in
780 4108 981 4161 ducatu
1037 4101 1500 4173 Luaentburgensi
1533 4118 1550 4150 ‹
1589 4097 1762 4154 sancti

179 4202 419 4259 Matthxi
472 4198 704 4271 apostoli
769 4206 825 4253 et
879 4194 1229 4266 evangelista:
1291 4209 1352 4249 os
1400 4205 1680 4263 maguum,
1740 4212 1755 4239 ο

179 4313 296 4371 pag.
340 4293 456 4353 450
501 4293 733 4349 abbatix
780 4289 1220 4359 Phalempinensi
1272 4287 1480 4341 ordinis
1535 4278 1592 4338 S.
1651 4287 1765 4337 Au-

177 4388 383 4461 gustini
438 4388 489 4439 iu
547 4382 799 4437 Flandria
843 4391 1162 4449 argenteum
1216 4375 1522 4440 brachium,
1580 4393 1596 4425 ι
1638 4372 1761 4437 Ubi,

182 4480 384 4549 inquit,
431 4495 450 4528 ι
507 4474 709 4529 eximia
746 4486 873 4542 pars
905 4468 1110 4524 brachii
1158 4465 1215 4521 S.
1247 4465 1558 4521 Matthxi...
1585 4479 1763 4519 asser-

177 4582 369 4637 vatur;
416 4588 436 4619 ι
482 4579 537 4621 et
570 4580 697 4635 pag.
743 4563 847 4615 216
897 4561 1147 4614 nonnihil
1184 4560 1253 4613 de
1297 4558 1542 4628 reliquiis
1591 4558 1762 4612 sancti
1796 4558 1845 4617 ι)

177 4662 442 4724 Matthxi,
485 4659 773 4714 obtentum
796 4654 940 4710 dono
968 4652 1267 4723 Margaritx
1303 4650 1569 4720 principis
1604 4650 1760 4703 Flan'

178 4761 331 4825 drix,
386 4755 585 4813 haberi
636 4750 775 4808 dicit
825 4750 880 4805 in
925 4748 1142 4804 abbatia
1199 4744 1440 4801 Flinensi
1496 4744 1766 4814 virginum

178 4846 660 4907 Cistcrciensium.
697 4842 982 4897 thiensis
1010 4851 1065 4895 et
1098 4839 1484 4893 Mariccllensis
1512 4836 1763 4901 abhaliw,

180 4942 352 4997 amba:
401 4935 773 4992 Benedictio-.2
812 4932 864 4985 in
910 4933 1220 4990 Hannonia.
1272 4929 1474 4996 aliquid
1518 4928 1768 4981 similiter

181 5034 246 5086 de
284 5031 515 5085 ossibus
565 5024 741 5077 sancti
794 5022 1027 5075 Matthxi
1076 5022 1355 5088 possidere
1413 5035 1472 5073 se
1511 5022 1765 5093 credunt.

181 5123 352 5177 Priori
382 5132 512 5190 pag.
536 5114 643 5168 279
676 5110 931 5185 Bayssius
966 5112 1155 5165 tribuit
1179 5125 1388 5181 partem
1416 5109 1566 5180 digiti
1592 5112 1769 5162 sancti

180 5217 421 5271 Matthxi
463 5209 701 5282 apostoli
735 5217 791 5261 et
833 5206 1179 5274 evangelista:
1233 5220 1339 5257 una
1390 5219 1514 5258 cum
1569 5218 1766 5265 carne;

178 5310 331 5365 alteri
369 5320 501 5377 pag.
546 5301 652 5354 296
681 5298 880 5368 aliquid
909 5298 977 5351 de
1026 5306 1175 5350 costa
1203 5294 1471 5365 ejusdem.
1505 5295 1767 5351 Cattonici

182 5400 391 5457 ordinis
426 5397 491 5451 S.
526 5392 813 5461 Augustini
866 5390 920 5443 in
967 5390 1180 5443 abbatia
1223 5391 1278 5443 S.
1311 5388 1519 5442 Nicolai
1567 5386 1769 5456 Oguin-

182 5492 364 5548 censis
392 5490 465 5545 ad
505 5484 691 5540 Sabim
729 5481 958 5544 habens,
994 5480 1188 5535 eodem
1218 5489 1354 5535 teste
1378 5495 1501 5549 pag.
1533 5479 1657 5541 337,
1692 5481 1771 5531 al-

187 5595 297 5637 tare
349 5576 618 5649 portatile
659 5573 854 5629 Jacobi
904 5555 973 5626 de
1029 5569 1266 5625 Vitriaeo
1302 5571 1360 5625 S.
1390 5565 1455 5623 Β.
1498 5571 1560 5623 Ε.
1592 5570 1770 5623 cardi-

186 5674 345 5736 nalis,
408 5672 467 5721 in
542 5680 718 5729 eoque
771 5677 896 5716 cum
948 5657 1071 5717 aliis
1129 5662 1370 5730 reliquiis
1439 5660 1642 5729 aliquid
1705 5662 1773 5714 de

186 5768 242 5819 S.
306 5761 607 5823 Mattltxo;
674 5758 892 5824 dequo
946 5755 1198 5810 nonnihil
1257 5756 1474 5810 demum
1527 5754 1775 5807 attribuit

186 5873 299 5935 pag.
361 5855 463 5911 401
537 5849 769 5905 abbatia:
814 5848 1067 5902 Parcensi
1118 5848 1325 5903 ordinis
1376 5846 1773 5903 Prxmonstra-

606 5952 878 6011 l’naon.
924 5946 1041 6009 Gtt.
1085 5948 1271 6013 CXV.

1860 3292 1927 3344 de
1960 3306 2067 3358 quo
2091 3290 2232 3358 apud
2272 3303 2370 3341 nos
2395 3296 2573 3341 actum
2606 3297 2735 3339 tom.
2773 3284 2839 3347 ll,
2886 3282 3060 3336 Martii
3089 3300 3114 3333 a
3156 3296 3278 3351 pag.
3310 3280 3431 3347 lOS)

1859 3392 2190 3447 constructa,
2242 3382 2295 3434 in
2342 3381 2529 3450 prunis
2571 3379 2933 3441 Gerbercnsc,
2978 3377 3066 3431 cui
3119 3375 3434 3446 Tauguidus

1863 3477 2030 3532 abbas
2061 3472 2367 3545 praefectus,
2399 3472 2444 3525 is
2482 3470 2573 3541 qui
2608 3469 2665 3524 S.
2696 3469 2927 3524 Matthxi
2962 3468 3351 3523 monasterium
3377 3468 3433 3519 in

1863 3578 2109 3620 extremo
2166 3564 2462 3620 Armoricze
2507 3563 2649 3631 apud
2702 3562 3011 3615 Lentienses
3066 3560 3435 3628 promontorio

1863 3662 1963 3713 sub
2008 3658 2243 3710 medium
2291 3656 2545 3709 szeculum
2598 3665 2807 3707 sextum
2855 3653 3219 3706 Construxisse
3254 3649 3438 3721 periti-

1864 3751 2041 3815 betur,
2074 3746 2144 3803 ob
2175 3746 2225 3801 id
2266 3747 2320 3800 in
2360 3744 2801 3799 Finibus-Terra:
2841 3741 3305 3812 cognominatum.
3334 3738 3439 3795 0c-

1866 3842 2142 3895 casionem
2173 3838 2392 3893 tradunt
2425 3839 2596 3891 sancti
2629 3832 2859 3904 apostoli
2893 3841 3055 3901 caput
3106 3845 3171 3884 ex
3204 3830 3438 3900 Algypto

1865 3950 1891 3987 a
1943 3931 2269 4002 quihusdam
2319 3928 2712 3983 mercatoribus
2763 3925 3137 3979 Leonensibus
3193 3925 3438 3979 allatum.

1866 4024 2073 4078 Novum
2105 4020 2423 4075 asceterium
2454 4017 2792 4074 consecravit
2826 4016 3045 4077 l’aulus,
3090 4030 3267 4085 eoquo
3295 4015 3440 4069 Tan-

1867 4118 2060 4189 guidus
2083 4132 2111 4169 e
2140 4113 2469 4169 Gerbcrensi
2498 4110 2850 4175 monasterio,
2878 4108 2964 4162 cui
2994 4107 3289 4162 Releceuse
3318 4122 3443 4163 suc-

1869 4210 2051 4269 cessit,
2086 4206 2354 4260 coloniam
2381 4206 2559 4258 duxit.
2596 4202 2809 4257 Perstat
2843 4201 2910 4255 ad
2949 4211 3195 4256 nostrum
3230 4209 3442 4270 tempus

1871 4300 1926 4353 S.
1978 4298 2210 4354 Matthxi
2268 4294 2657 4349 monasterium
2688 4296 2787 4345 sub
2840 4292 2893 4344 S.
2944 4290 3113 4343 Mauri
3150 4306 3445 4361 congrega-

1870 4396 2038 4456 tione,
2074 4393 2257 4453 situm,
2289 4400 2348 4445 ut
2375 4404 2494 4442 mox
2523 4387 2788 4451 dicebam,
2824 4386 2875 4439 iu
2906 4384 3128 4439 dimccsi
3154 4383 3441 4447 Leouensi.

1872 4484 2017 4540 haud
2051 4484 2239 4554 procul
2264 4498 2292 4535 a
2319 4481 2634 4552 Conquitto,
2675 4480 2838 4551 paulo
2869 4480 3082 4550 longius
3112 4495 3140 4533 a
3169 4478 3444 4537 Brcstensi

1872 4580 2226 4637 celeberrimo
2266 4589 2445 4648 portu.
2487 4577 2643 4631 Nulla
2693 4575 2805 4631 fere
2856 4577 2923 4630 de
2958 4577 3061 4629 hoc
3110 4577 3449 4632 monasterio

1873 4683 2053 4727 vetera
2087 4677 2439 4724 monumenta
2475 4676 2762 4737 supersunt
2814 4674 2934 4737 post
2965 4664 3138 4719 varias
3168 4669 3233 4719 ah
3259 4666 3447 4737 Anglis

1871 4763 2045 4816 illatas
2079 4763 2298 4825 clades;
2335 4760 2550 4813 tametsi
2600 4760 2883 4827 antiquum
2932 4761 3050 4829 ejus
3097 4760 3443 4829 splendorem

1872 4854 2052 4923 arguit
2074 4852 2305 4923 insignis
2337 4850 2583 4913 basilica,
2625 4865 2743 4919 qum
2776 4850 2941 4903 variis
2976 4859 3288 4905 sanctorum
3321 4848 3446 4905 reli-

1871 4944 2015 5016 quiis
2049 4954 2243 4999 ornata
2293 4953 2396 4998 est.
2444 4962 2461 4994 ι
2505 4942 2775 4997 Cxterum
2832 4942 3112 5012 persuasio
3160 4943 3227 4994 de
3275 4942 3449 5010 capite

1874 5039 2048 5092 sancti
2084 5037 2318 5092 Matthxi
2353 5045 2568 5090 servato
2594 5036 2646 5087 in
2683 5035 2775 5089 illo
2798 5032 3130 5089 monasterio
3158 5034 3449 5104 viguitsal-

1874 5140 1982 5184 tem
2032 5144 2060 5181 a
2112 5128 2309 5181 sxculo
2337 5142 2480 5179 xm:
2532 5141 2656 5179 nam
2701 5125 2987 5180 Matthxus
3018 5125 3448 5180 Westmonaste-

1876 5220 2072 5274 riensis
2098 5219 2163 5273 ad
2196 5233 2398 5272 annum
2437 5216 2576 5272 1295
2606 5216 2673 5271 de
2703 5218 2875 5272 classe
2905 5218 3199 5289 Anglorum
3232 5230 3297 5270 eo
3328 5231 3450 5286 per—

1878 5314 2006 5373 lata,
2050 5310 2382 5380 fugientibus
2433 5309 2624 5362 incolis
2666 5308 2999 5373 monasterii,
3052 5310 3166 5361 haec
3214 5306 3446 5362 scribit:

1880 5417 1899 5449 ‹
1924 5399 2051 5453 Post
2070 5402 2183 5452 haec
2200 5399 2466 5452 abhatiam
2490 5398 2546 5451 S.
2577 5396 2810 5451 Matthxi
2834 5398 3183 5468 quamplures
3201 5397 3449 5469 ingressi.

1875 5490 2241 5543 ecclesiastica
2290 5489 2539 5543 utensilia
2592 5504 2713 5543 cum
2760 5490 2935 5557 capite
2986 5488 3228 5557 ejusdem
3277 5490 3450 5544 sancti

1878 5582 2056 5633 ablato
2090 5581 2155 5634 ad
2191 5580 2472 5634 dominum
2523 5581 2900 5635 Eadmundum
2937 5579 3131 5633 ducem
3179 5579 3451 5635 exercitus

1877 5673 2245 5725 contulerunt.
2279 5672 2408 5737 Qua:
2457 5673 2639 5726 omnia
2670 5680 3003 5741 sequestrata
3036 5670 3166 5724 fecit
3199 5670 3451 5724 dominus

1877 5763 2231 5818 Eadmundus
2266 5765 2396 5817 viris
2428 5764 2810 5821 ecclesiasticis
2838 5765 3153 5819 restaurari.
3191 5781 3209 5813 ι
3254 5760 3331 5815 Ex
3366 5760 3453 5814 bis

1882 5868 2067 5913 tamen
2102 5866 2247 5912 recte
2300 5857 2494 5914 deduci
2539 5858 2746 5927 nequit,
2794 5858 3064 5928 integrum
3103 5870 3223 5911 esse
3262 5863 3447 5923 caput,

3056 5949 3129 6010 26
