3956 6444
534 367 630 430 811

1757 360 2041 421 MENSIS
2083 360 2372 419 SEPTEM
2388 360 2555 422 BER.

3678 367 3789 428 διε

536 484 676 555 quod
730 482 924 537 ibidem
965 480 1194 535 habetur
1247 494 1346 549 pro
1398 480 1573 549 capite
1624 477 1793 532 sancti
1833 475 2105 539 Matthaai;
2139 480 2179 533 Α
2214 492 2363 528 ntun.
2432 476 2603 545 Hugo,
2662 475 2713 526 in
2786 475 3078 528 Annalibus
3156 476 3791 542 Prmmonstratcnsibus,

536 592 710 644 neque
738 575 880 629 enim
921 574 970 627 id
1000 575 1193 627 asserit
1222 570 1843 624 Westtnonasteriensis.
1873 568 1954 621 An
1979 581 2107 621 vero

535 679 693 737 caput
730 666 881 729 illud,
912 664 1055 733 quod
1107 665 1175 717 ibi
1226 663 1476 726 habetur,
1528 661 1596 715 sit
1628 661 1797 714 sancti
1847 658 2104 720 Matthxi,

536 776 642 812 non
668 760 904 825 inquiro.

608 852 726 903 101.
790 849 1035 902 Andreas
1071 844 1372 917 Sanssayus
1422 845 1474 898 in
1532 842 1909 913 Martyrologio
1941 839 2103 894 Galli-

537 955 671 994 cano
698 938 762 992 ad
786 938 847 990 9.1
878 936 1209 1005 Septembris
1241 933 1513 988 consentit
1542 946 1665 984 cum
1697 926 1969 984 sententia
1994 926 2110 980 fere

537 1031 806 1084 communi
861 1028 927 1081 de
965 1041 1189 1095 corpore
1248 1026 1418 1079 sancti
1474 1023 1758 1077 Salernum
1816 1019 2106 1079 translato;

538 1122 794 1189 additque
829 1136 840 1169 :
884 1137 901 1168 ι
943 1118 983 1170 Ε
1018 1134 1125 1186 quo
1178 1120 1448 1185 (corpore)
1498 1122 1812 1180 excerptum
1848 1125 2110 1164 veneran-

538 1213 663 1265 dum
697 1220 879 1279 caput.
918 1208 1122 1277 pridem
1157 1207 1207 1258 in
1232 1207 1456 1259 Galliam
1492 1204 1727 1257 delatum
1761 1201 1882 1263 fuit,
1920 1216 2106 1253 recon-

538 1302 820 1369 ditumque
868 1302 918 1351 in
968 1314 1181 1353 summa
1230 1298 1450 1350 basilica
1489 1293 1875 1355 Bellovaeensi,
1920 1295 1973 1343 in
2005 1304 2109 1359 qua

540 1394 753 1464 egregio
780 1394 923 1446 cultu
959 1398 1332 1451 conservatur,
1368 1388 1584 1455 dempto
1611 1386 1830 1447 vertice,
1863 1382 1949 1451 qui
1975 1381 2106 1434 Car-

542 1488 656 1539 nuti
695 1488 746 1537 in
777 1483 1013 1538 sacrario
1058 1482 1255 1535 nobilis
1285 1481 1414 1534 redis
1450 1477 1689 1548 Virginis
1722 1476 1960 1543 Deiparaa
1997 1488 2111 1525 ma-

541 1594 642 1647 gna
677 1592 797 1630 cum
833 1576 1176 1629 veneratione
1209 1574 1458 1627 habetur.
1499 1591 1516 1623 ι
1553 1572 1608 1624 In
1645 1566 1963 1637 Necrologio
1994 1564 2115 1618 Bel-

543 1670 834 1730 lovaeettsi,
858 1671 999 1737 quod
1024 1668 1275 1720 laudatur
1298 1677 1427 1719 tom.
1478 1662 1542 1718 IX
1568 1662 1750 1717 Galliae
1769 1658 2111 1720 Christianze,

543 1763 643 1815 cnl.
683 1762 804 1815 719..
863 1762 913 1811 in
954 1761 1146 1812 Milone
1184 1758 1201 1811 1
1262 1758 1519 1825 episcopo
1557 1752 1926 1807 Bellovaccnsi
1972 1752 2113 1804 inter

544 1856 643 1905 alia
705 1855 955 1921 leguntur
1002 1824 1330 1917 sequentia:
1385 1865 1403 1897 ‹
1454 1824 1611 1899 Dedit
1652 1843 1818 1913 (Milo)
1853 1850 2015 1911 caput
2051 1840 2109 1892 Β.
2150 1824 2187 1877 Β

548 1946 777 1998 Mattha-i
812 1943 1039 2011 apostoli
1077 1951 1131 1995 et
1173 1940 1373 2009 virgam
1402 1939 1599 1993 Aaron.
1642 1956 1658 1987 ι
1706 1938 1771 1990 At
1808 1938 1949 1989 unde
1983 1932 2113 1987 illud

547 2047 705 2106 caput
762 2036 1053 2108 acceperit,
1085 2048 1193 2086 non
1238 2032 1545 2101 adiungitur
1605 2032 1657 2082 in
1695 2029 1910 2083 laudata
1947 2027 2115 2083 Gallia

548 2129 873 2183 Christiana.
912 2126 1029 2178 Fuit
1056 2126 1179 2178 Milo
1210 2125 1262 2177 in
1292 2123 1520 2193 {Egypto
1550 2136 1670 2175 cum
1702 2121 2115 2189 cruccsignatis,

551 2223 650 2275 fuit
682 2218 939 2272 similiter
980 2215 1205 2270 notabili
1260 2223 1503 2283 tempore
1549 2214 1601 2265 itt
1653 2213 1819 2267 Italia.
1870 2212 1951 2264 An
1992 2226 2120 2264 vero

548 2312 707 2367 etiam
748 2309 908 2362 fuerit
935 2304 1427 2373 ConstantinOpOIi,
1464 2305 1644 2371 ibique
1677 2312 1837 2370 caput
1864 2302 1993 2354 illud
2030 2317 2119 2354 ac-

549 2399 772 2468 ceperit,
805 2409 861 2450 ttt
891 2398 1054 2449 refert
1093 2396 1347 2448 Bailletus
1390 2394 1454 2447 ad
1491 2395 1631 2445 hunc
1664 2394 1808 2446 diem
1840 2392 1892 2445 in
1928 2401 2120 2444 sancto

553 2492 827 2551 Malthaeo,
884 2498 937 2543 et
997 2488 1219 2557 quidetu
1278 2498 1517 2556 tempore
1573 2483 1807 2555 Philippi
1869 2485 2119 2555 Augusti,

552 2598 695 2636 anno
732 2582 865 2635 1:225
912 2580 1178 2645 defuncti,
1211 2580 1461 2647 nuSpiatn
1510 2578 1748 2633 invenio.
1791 2578 1859 2631 At
1909 2578 2123 2631 videtur

554 2673 810 2728 Bailletns
879 2672 1261 2740 Necrologium
1335 2670 1626 2723 conciliare
1669 2670 1931 2731 .voluisse
1998 2684 2120 2721 cum

553 2768 769 2836 scriptis
805 2783 833 2818 a
866 2764 1091 2833 Cattgio,
1132 2773 1185 2817 et
1236 2764 1313 2818 sic
1341 2763 1561 2827 dixisse,
1601 2763 1745 2829 quod
1795 2776 1955 2814 nemo
2001 2770 2125 2813 ante

552 2861 779 2915 dixerat.
804 2858 961 2912 Certe
991 2857 1247 2925 Cangius,
1278 2871 1437 2923 quem
1464 2855 1622 2905 etiam
1650 2853 1825 2905 laudat
1856 2854 1910 2905 itt
1943 2852 2123 2905 Histo-

558 2952 668 3005 rico
702 2960 931 3003 ttactatu
963 2952 1028 3001 de
1065 2949 1237 3015 capite
1272 2948 1441 3001 sancti
1474 2946 1697 2999 Joannis
1729 2945 1995 3013 Baptistae.
2021 2944 2123 2997 alia

554 3042 777 3096 omnino
801 3040 952 3101 dicit,
988 3053 1277 3091 recensens
1306 3054 1425 3106 pag.
1460 3036 1557 3089 104
1592 3035 1845 3104 reliquias
1869 3051 1896 3086 a
1924 3033 2124 3085 Latinis

2213 575 2343 620 tum.
2377 568 2438 627 ll,
2475 568 2577 621 col.
2608 568 2729 627 619,
2768 568 2836 620 de
2879 568 2968 620 illo
3001 568 3177 635 capite
3200 570 3390 622 scribit
3419 573 3713 637 sequentia
3740 574 3790 621 in

2210 658 2422 710 ahhatia
2444 657 2833 725 Regnis-vallis
2874 674 2886 709 :
2930 676 2947 707 ι
2982 657 3163 711 Sancti
3195 657 3432 712 Matthxi
3492 671 3659 728 caput
3709 677 3795 711 ar-

2212 759 2399 816 gentea
2476 748 2741 802 inclusum
2815 764 3002 818 capsa,
3047 750 3372 818 populorum
3437 766 3717 805 concursu
3766 768 3793 802 a

2212 844 2409 897 sarculo
2444 859 2531 895 xw
2562 842 2777 896 celebre
2814 859 2827 893 :
2874 856 3051 910 neque
3101 844 3247 895 enim
3280 843 3516 896 antehac
3547 844 3601 895 in
3642 855 3794 896 vete-

2212 938 2364 989 ribus
2389 934 2755 989 monumentis
2804 933 3033 1002 legimus
3070 932 3392 1001 quidquam,
3447 933 3597 986 unde
3649 935 3794 985 ulte-

2212 1034 2320 1085 rior
2362 1029 2407 1082 ei
2435 1028 2598 1096 possit
2626 1026 2922 1092 antiquitas
2986 1024 3305 1092 adjudieari.
3353 1042 3374 1075 ι
3432 1024 3584 1079 Satis
3614 1025 3792 1076 animo

2212 1128 2457 1179 advertet
2488 1120 2764 1174 studiosus
2800 1118 2987 1181 lector,
3019 1132 3127 1169 non
3162 1132 3320 1185 posse
3350 1118 3536 1171 omnia
3563 1117 3655 1169 illa
3675 1133 3794 1175 esse

2212 1218 2387 1286 capita
2426 1218 2598 1270 sancti
2635 1215 2894 1277 Matthaei,
2938 1216 2982 1268 si
3025 1216 3260 1280 integra,
3291 1224 3385 1267 aut
3425 1213 3539 1267 fere
3584 1214 3795 1281 integra

2213 1310 2339 1365 sint.
2374 1306 2716 1375 Quapropter
2748 1306 2847 1374 ipsi
2889 1305 3202 1359 examinare
3240 1312 3522 1373 poterunt,
3547 1317 3618 1354 an
3655 1302 3796 1355 forte

2218 1401 2454 1453 habeant
2489 1400 2753 1453 modicam
2782 1400 2976 1467 capitis
3011 1399 3330 1466 particulam
3381 1396 3599 1449 faetitio
3629 1394 3791 1463 capiti

2216 1492 2552 1563 impositam,
2604 1490 2764 1557 eique
2796 1489 2991 1557 capitis
3029 1505 3226 1541 nomen
3260 1489 3424 1541 fuerit
3448 1488 3791 1556 impositum,

2217 1583 2292 1634 uti
2346 1581 2477 1634 alias
2532 1580 2732 1633 factnnt
2792 1595 2911 1633 esse
2955 1580 3344 1647 experimentis
3406 1581 3571 1647 plane
3628 1577 3795 1631 certis

2218 1676 2421 1738 didici;
2474 1690 2539 1727 an
2601 1689 2727 1727 vero
2769 1672 3004 1725 habeant
3065 1671 3327 1738 reliquias
3363 1670 3555 1722 Sancti
3620 1670 3794 1724 alicu-

2216 1769 2304 1833 jus
2378 1768 2592 1827 incerti,
2648 1781 2766 1833 quae
2855 1780 2948 1832 per
2992 1778 3233 1818 errorem
3306 1762 3480 1815 sancti
3556 1758 3793 1813 Matthaei

2220 1859 2440 1913 luerunt
2488 1858 2729 1918 creditae,
2780 1854 3237 1924 quemadmodum
3290 1854 3455 1907 etiam
3506 1868 3617 1904 non
3674 1866 3797 1902 raro

2221 1955 2501 2022 contingit.

2294 2047 2412 2099 105.
2451 2045 2821 2098 Memorantnr
2858 2051 2908 2095 et
2944 2040 3061 2092 alia!
3110 2040 3463 2107 reliquiarum
3513 2038 3794 2106 particulae

2220 2138 2513 2191 aliislocis.
2546 2137 2691 2190 Inter
2745 2132 3002 2200 reliquias
3057 2133 3262 2200 plures.
3296 2145 3418 2198 quae
3474 2146 3628 2183 anno
3695 2130 3795 2183 89$

2222 2232 2412 2286 delatio
2470 2234 2597 2278 sunt
2655 2225 2837 2278 Remis
2885 2224 2936 2275 in
2984 2238 3175 2292 pagum
3233 2220 3795 2280 Veromanduensetn,

2225 2318 2591 2388 depositaequc
2617 2316 2668 2366 in
2704 2313 2820 2368 \ico
2854 2312 3118 2366 Memnico
3179 2312 3230 2365 in
3280 2311 3515 2366 ecclesia
3556 2310 3617 2364 S.
3663 2310 3798 2363 Mar-

2226 2412 2340 2463 tino
2375 2409 2572 2471 dicata,
2602 2415 2920 2460 recensctur
2968 2405 3129 2458 etiam
3174 2404 3393 2473 aliquid.
3442 2402 3797 2471 reliquiarum

2224 2504 2394 2554 sancti
2432 2500 2690 2560 Matthsei,
2738 2508 2797 2551 ut
2841 2496 3012 2551 videri
3060 2506 3258 2563 potest,
3310 2506 3440 2548 tom.
3473 2498 3490 2546 1
3525 2495 3796 2555 Januarii,

2226 2613 2343 2665 pag.
2376 2594 2492 2655 180,
2527 2603 2657 2645 tom.
2709 2590 2772 2643 111
2832 2587 3134 2642 Februarii.
3171 2601 3292 2654 pag.
3327 2585 3414 2637 99.
3450 2583 3506 2635 in
3565 2584 3687 2637 Vita
3741 2582 3798 2635 S.

2226 2684 2545 2756 Angilherti,
2577 2682 2789 2737 abbatis
2843 2678 3191 2735 Ccntulensis
3248 2677 3299 2728 iu
3360 2675 3591 2730 Pontito
3637 2680 3802 2745 (nunc

2228 2778 2440 2831 abhatia
2510 2774 2566 2829 S.
2603 2773 2846 2829 Richarii
2904 2771 3406 2841 passim—vocatur)
3461 2768 3555 2835 qui
3624 2766 3801 2819 floruit

2227 2881 2473 2938 tempore
2510 2867 2683 2921 Caroli
2726 2864 2921 2933 Magni,
2958 2863 3198 2916 refertur
3222 2861 3560 2913 constructio
3603 2873 3659 2914 et
3709 2861 3803 2913 de-

2228 2959 2427 3018 dicatio
2475 2957 2658 3027 templi
2704 2955 3049 3010 Ccntuleusis
3078 2953 3137 3007 Β.
3164 2953 3343 3006 Marce
3376 2966 3498 3005 cum
3541 2953 3800 3005 tredecim

2232 3050 2492 3106 altaribus
2522 3059 2576 3102 et
2603 3048 2867 3117 reliquiis,
2904 3062 3024 3111 qua:
3059 3046 3113 3098 in
3139 3045 3364 3114 singulis
3401 3052 3531 3096 sunt
3589 3045 3800 3111 posiae.

555 3142 679 3201 post
731 3140 1046 3200 occupatam
1092 3127 1617 3194 Constantinopolim
1672 3127 1723 3177 itt
1774 3124 2123 3177 Occidentem
2151 3151 2195 3212 Ο
2231 3144 2307 3195 Ad
2338 3141 2673 3209 pmpusmun
2698 3148 2876 3192 autem
2912 3146 3161 3191 nostrum
3195 3138 3265 3187 ibi
3297 3139 3412 3189 “me
3468 3136 3731 3201 legum",
3788 3150 3799 3181 ;

557 3228 773 3280 missas.
810 3222 941 3274 Nam
971 3222 1034 3274 de
1065 3221 1238 3289 capite
1268 3222 1438 3272 sancti
1472 3217 1703 3269 Matthxi
1740 3217 1816 3269 sic
1841 3215 2122 3284 loquitur:

563 3337 579 3367 ι
626 3314 917 3369 Gerrasius
972 3312 1038 3365 de
1090 3308 1521 3366 Chateau-Neuf.
1574 3320 1867 3360 canontcus
1907 3305 2125 3359 Carno-

557 3407 745 3472 tensis,
795 3415 848 3458 et
898 3415 1081 3474 postea
1139 3404 1428 3470 cpiscomts
1482 3398 1853 3467 Niverncnsis,
1904 3396 2127 3449 donavit

558 3497 797 3550 ecclesia:
829 3492 1151 3547 Carnotensi
1209 3499 1370 3557 caput
1404 3490 1576 3539 sancti
1619 3486 1882 3539 Matthxi.
1922 3504 1939 3535 ι
1987 3486 2128 3537 Con-

561 3589 728 3641 sentit
755 3583 1105 3638 Sebastianus
1132 3577 1427 3638 Bouillard.
1462 3580 1511 3630 in
1545 3564 1778 3629 Historia
1801 3574 2124 3641 Curuotcusi,

560 3695 678 3748 cap.
716 3679 766 3741 8,
807 3694 924 3747 pag.
955 3677 1081 3731 207.
1130 3676 1310 3745 Itaque
1357 3674 1722 3727 Carnoteuses
1755 3669 2124 3729 crediderunt,

559 3772 836 3840 accepisse
869 3785 926 3822 se
972 3777 1133 3836 caput
1180 3766 1307 3817 illud
1343 3759 1844 3827 Constantinopoli;
1882 3759 1973 3811 sed
2007 3771 2129 3825 pro-

558 3863 689 3914 bare
720 3866 1017 3927 nequeunt,
1049 3866 1210 3925 caput
1242 3853 1412 3907 sancti
1450 3851 1684 3904 Matthati
1719 3866 1953 3920 unquam
1982 3850 2122 3902 (Jon-

561 3950 908 4019 stantinopoli
948 3949 1134 4011 fuisse,
1189 3957 1245 4000 ttt
1278 3940 1629 3999 Carnotensis
1660 3958 1811 4011 teque
1845 3958 1908 3995 ac
1950 3941 2124 3995 Bello-

562 4042 808 4095 vacensis
856 4041 1100 4095 ecclesia:
1156 4037 1369 4088 traditio
1414 4035 1702 4089 admodum
1757 4032 1999 4085 videatur
2048 4033 2129 4088 ilh-

561 4144 730 4187 certa.

637 4222 758 4276 102.
802 4221 917 4276 Jam
976 4222 1231 4285 vidimus,
1292 4224 1465 4276 tribus
1539 4221 1672 4275 locis
1726 4226 1888 4287 caput
1953 4217 2126 4271 saneti

564 4316 800 4369 Matthaei
834 4315 1096 4384 assignari
1133 4315 1183 4366 itt
1213 4313 1403 4367 Gallia.
1437 4314 1660 4367 Accedit
1703 4322 1755 4365 et
1800 4320 2025 4379 quartus
2074 4311 2129 4362 itt

563 4404 933 4475 Lotharingia,
1004 4407 1260 4457 nimirum
1321 4405 1536 4457 abbatia
1590 4402 2129 4455 Prtemonstratensis

2239 3254 2255 3284 ι
2293 3235 2471 3287 Alture
2508 3233 2681 3284 sancti
2716 3230 2979 3290 Matthxi,
3031 3232 3084 3280 in
3139 3245 3245 3295 quo
3275 3227 3517 3291 reliquiae
3548 3227 3691 3293 ejus,
3752 3237 3804 3277 et

2234 3321 2393 3372 Marci
2449 3330 2501 3371 et
2558 3318 2734 3371 anzc.
2779 3335 2795 3364 ι
2836 3317 3093 3377 Rursum,
3145 3330 3263 3381 pag.
3318 3313 3437 3376 103,
3495 3314 3589 3366 ubi
3649 3317 3805 3368 datur

2232 3411 2492 3476 scriptum
2524 3408 2745 3459 nomine
2768 3405 3086 3475 Angilbcrti,
3122 3407 3494 3459 enumerantis
3523 3408 3803 3477 reliquias,

2230 3517 2365 3570 quas
2394 3516 2496 3571 0pc
2527 3502 2702 3555 Caroli
2759 3501 2931 3571 Magni
2963 3511 3017 3555 et
3048 3502 3277 3555 aliorum
3314 3493 3376 3552 ex
3415 3502 3583 3554 variis
3631 3503 3799 3573 regio-

2230 3596 2390 3648 nibus
2418 3595 2751 3653 obtinuerat.
2789 3606 2909 3650 Cum
2975 3596 3223 3664 plurimis
3257 3596 3377 3648 aliis
3442 3606 3807 3648 recensentur

2233 3690 2404 3740 sancti
2436 3682 2669 3738 Matilnci
2709 3688 2963 3756 reliquiae.
2989 3687 3103 3741 Non
3142 3689 3356 3742 additur
3389 3698 3598 3754 tamen,
3630 3697 3804 3741 utrum

2232 3776 2393 3830 fuerit
2425 3775 2626 3844 aliquid
2651 3791 2713 3829 es
2739 3778 2954 3829 ossibus
2987 3776 3192 3839 Sancti,
3225 3793 3292 3829 an
3324 3780 3499 3831 solum
3541 3780 3611 3834 de
3649 3782 3810 3833 vesti—

2232 3871 2452 3924 tnentis.
2505 3870 2561 3922 ltt
2637 3868 2890 3939 Calalogo
2958 3870 3169 3937 prolixo
3260 3870 3636 3937 reliquiarum,
3696 3887 3813 3939 qua!

2232 3979 2376 4015 anno
2422 3962 2557 4015 1585
2599 3961 2977 4032 L'Iyssipouem
3012 3962 3283 4016 translata:
3312 3972 3460 4023 sunt,
3496 3958 3810 4031 ibidemque

2232 4056 2443 4107 donata!
2471 4054 2651 4105 domui
2687 4055 2941 4120 professae
2971 4054 3252 4107 Societatis
3290 4052 3439 4116 Jesu,
3479 4067 3810 4107 enumeran-

2236 4152 2321 4195 tur
2361 4141 2520 4194 etiam
2558 4142 2797 4208 reliquiae
2851 4143 3022 4195 sancti
3067 4142 3303 4195 Matth-agi
3362 4146 3620 4211 apoStoli,
3670 4145 3809 4213 apud

2231 4250 2333 4288 nos
2366 4245 2497 4288 tum.
2539 4232 2577 4286 ll
2630 4232 2892 4295 Januarii,
2954 4249 3073 4301 pag.
3135 4235 3258 4285 612.
3319 4232 3521 4285 Verum
3581 4237 3806 4289 sufﬁciat

2235 4327 2351 4379 h.ec
2378 4324 2741 4389 enumeratio,
2771 4338 2893 4379 cum
2915 4333 3192 4392 nequeant
3227 4323 3329 4376 ulla
3365 4325 3605 4377 humana
3652 4328 3809 4378 indu-

2235 4418 2363 4469 stt-ia
2404 4416 2711 4469 enumerari
2746 4431 2935 4469 omnes
2968 4415 3326 4485 reliquiarum
3356 4418 3813 4486 parttcnlze.quas

563 4500 616 4550 iu
649 4499 871 4550 dioecesi
907 4493 1168 4551 Tullensi.
1236 4494 1618 4564 Regius-vallis
1655 4494 1817 4555 dit-la,
1852 4507 1959 4545 non
2002 4507 2121 4545 con-

2240 4508 2441 4561 habent
2483 4508 2726 4561 ecclesia:
2760 4516 2853 4558 aut
2888 4522 3132 4572 perSonae
3190 4508 3433 4573 privat-ar,
3507 4511 3809 4576 praserttm

564 4592 835 4646 l‘unilenda
890 4605 1011 4643 cunt
1065 4594 1253 4651 altera,
1296 4602 1413 4654 qua:
1468 4586 1629 4654 Hegia
1694 4584 1843 4637 vallis
1908 4582 2128 4645 dicitur,

563 4684 916 4752 ejusdemque
947 4692 1026 4731 est
1047 4677 1276 4737 ordinis,
1311 4688 1361 4728 et
1388 4678 1438 4728 in
1469 4679 1654 4729 eadem
1689 4676 1933 4728 diateesi.
1967 4675 2134 4725 Sans-

564 4790 724 4845 sayus
772 4776 826 4827 in
886 4770 1278 4840 Supplementa
1329 4768 1695 4841 martyrologii
1753 4766 2010 4819 Gallicani
2067 4767 2130 4818 ad

562 4867 624 4920 21
670 4865 1006 4934 Septembris
1047 4860 1336 4915 annuntiat
1362 4861 1772 4913 venerationem
1799 4859 1971 4911 sancti
1996 4857 2133 4910 Mat-

569 4961 691 5014 11ιωὶ
724 4957 971 5012 hodierni
1000 4957 1052 5009 in
1084 4954 1332 5009 coenobio
1361 4953 1522 5022 Regis
1547 4952 1717 5015 vallis,
1754 4960 1812 5003 ut
1842 4950 2132 5017 aliquando

564 5053 730 5108 etiam
774 5057 1019 5113 vocatur,
1058 5056 1114 5102 et
1158 5047 1407 5116 adjungit
1442 5063 1455 5100 :
1498 5065 1515 5096 ι
1551 5044 1788 5114 Cujus...
1820 5058 1947 5112 pars
1980 5043 2132 5109 capi-

567 5148 636 5200 tis
681 5142 1004 5206 laureati,...
1030 5138 1177 5193 dicto
1212 5141 1266 5192 in
1298 5138 1629 5193 monasterio
1688 5135 2132 5190 honorificentis-

567 5241 702 5294 sime
749 5244 1080 5298 asservatur,
1146 5242 1199 5286 et
1254 5230 1417 5285 hodie
1470 5229 1694 5284 colenda
1736 5228 2135 5299 religiosissime

574 5327 881 5383 exhibetur.
939 5346 956 5378 ι
1018 5328 1231 5379 Partem
1265 5325 1458 5394 capitis
1496 5324 1647 5387 dicit,
1699 5322 1928 5391 opinor;
2007 5321 2131 5387 quia

571 5424 675 5489 iam
711 5429 872 5488 caput
912 5418 1195 5472 Bellovaco
1221 5425 1272 5469 et
1304 5418 1542 5470 (Jat'ttoto
1589 5423 1917 5469 asseruerat.
1975 5408 2135 5465 Cette

568 5514 861 5575 Caltnetus,
890 5512 943 5563 itt
977 5510 1213 5563 Historia
1265 5509 1635 5576 Lat/iaringiw,
1683 5518 1812 5561 totn.
1851 5506 1893 5559 11
1948 5507 2135 5575 prima:

570 5607 824 5661 editionis
852 5604 953 5659 col.
991 5603 1059 5654 9.2
1083 5608 1247 5674 caput
1280 5603 1451 5656 sancti
1483 5600 1721 5654 Matlhati
1763 5600 1994 5653 abbatiee
2027 5602 2132 5651 Fle-

570 5697 828 5772 gis—vallis
879 5695 1147 5755 attribuit,
1208 5705 1258 5747 et
1289 5694 1391 5746 col.
1441 5693 1546 5745 ἓδῦ
1581 5692 1672 5756 ait,
1728 5706 1790 5743 ex
1854 5689 2132 5746 Palaestina

573 5788 784 5844 allatum
823 5788 983 5841 fuisse
1016 5800 1109 5856 per
1151 5784 1447 5840 Gobertum
1500 5784 1690 5852 Asperi
1731 5782 1924 5837 Montis
1960 5784 2131 5835 domi~

2238 4612 2357 4649 cum
2399 4614 2493 4663 per
2539 4598 2861 4648 dOnationes
2928 4597 3240 4663 frequenter
3291 4598 3357 4647 ab
3414 4614 3524 4650 uno
3579 4603 3699 4655 loco
3748 4605 3810 4654 ad

2239 4691 2467 4742 alterum
2506 4686 2924 4740 transferantur.
2958 4686 3232 4753 Ejusmodi
3274 4690 3600 4755 particulam
3647 4709 3812 4760 penes

2241 4796 2325 4833 nte
2367 4778 2559 4842 habeo,
2587 4777 2712 4831 dum
2755 4778 2868 4830 [nec
2915 4776 3114 4840 scribo,
3151 4790 3432 4845 acceptam
3489 4794 3640 4833 anno
3680 4780 3813 4833 ιῑδδ

2242 4870 2477 4923 Venetiis
2509 4870 2577 4922 ab
2612 4867 3069 4921 excellentissimo
3098 4867 3320 4921 domino
3379 4868 3652 4925 Flaminio
3681 4874 3813 4925 Cor-

2240 4964 2401 5025 nelio,
2433 4963 2684 5014 senatore
2742 4958 2968 5024 Veneto,
3009 4959 3266 5029 superius
3320 4959 3563 5024 laudato,
3616 4967 3710 5034 qui
3761 4975 3812 5018 et

2237 5050 2395 5100 ahattt
2431 5049 2533 5102 sibi
2568 5048 2807 5101 retinuit.

2312 5140 2431 5194 illi.
2463 5140 2603 5193 Loca
2622 5152 2808 5195 sancto
2837 5141 3090 5197 Mattha'o
3115 5159 3290 5207 sacra,
3351 5158 3548 5215 prreter
3602 5166 3809 5205 memo-

2240 5244 2350 5286 rata
2406 5236 2666 5288 hactenus
2699 5236 2750 5287 in
2783 5235 3096 5300 Occidente,
3126 5249 3283 5292 certo
3323 5238 3476 5309 plura
3511 5254 3732 5296 exstant
3757 5255 3808 5297 et

2237 5324 2417 5391 aliqua
2451 5326 2611 5378 etiam
2648 5327 2701 5379 itt
2736 5328 3029 5394 provinciis
3083 5330 3459 5386 orientalibus.
3495 5333 3570 5385 De
3604 5338 3796 5389 celebri

2238 5416 2569 5469 monasterio
2604 5417 2660 5468 S.
2700 5418 2930 5468 Matth-xi
2992 5419 3040 5469 in
3091 5419 3807 5490 Mesopotamia,qtueuunt:

2239 5506 2552 5559 Diarbechia
2576 5508 2795 5568 dicitur,
2829 5510 2973 5577 apud
3008 5513 3194 5563 urbem
3236 5512 3407 5565 Mosul
3450 5527 3545 5569 attt
3581 5518 3805 5571 .\itti\-ett

2238 5615 2455 5661 novant,
2501 5598 2815 5664 frequenter
2864 5600 3107 5654 tttemintl
3140 5605 3488 5669 AsScmauus,
3526 5609 3576 5659 in
3611 5608 3801 5660 Biblio-

2240 5698 2385 5745 theca
2425 5692 2702 5751 ()rt'ctuuli,
2743 5704 2871 5745 tom.
2900 5693 2963 5747 11.
2994 5693 3066 5746 iis
3091 5697 3153 5747 iis
3184 5708 3386 5761 autem,
3415 5715 3535 5763 quaD
3561 5718 3679 5772 pag.
3706 5702 3806 5754 .508

2241 5785 2404 5841 refert
2435 5786 2500 5838 de
2531 5784 2622 5838 illo
2675 5786 3025 5850 monasterio,
3062 5786 3206 5840 clare
3242 5787 3435 5856 liquet,
3484 5793 3676 5846 saltem
3708 5806 3803 5846 ett-
