3956 6476
176 397 288 463 825

1334 415 1803 479 MARTYRIUM
1843 422 1905 482 S.
1945 422 2285 486 TllECL/E.

2773 0 3773 20 ﬁt

3314 426 3421 492 826

171 513 346 578 οὕτως
375 516 491 585 ἥλω
517 520 630 582 τοῖς
662 521 827 576 αὐτοῦ
859 526 1104 595 ρήμασις
1134 525 1327 597 βλέψον
1361 529 1460 599 ἥδη
1489 531 1584 584 καὶ
1614 534 1750 603 πρὸς

1863 538 2064 593 blandis
2101 541 2359 607 primum.
2395 540 2496 594 hoc
2518 548 2603 595 est
2638 540 2899 595 maternis
2929 539 3130 602 verbis,
3150 538 3320 611 ipsam
3353 541 3422 597 ab

172 604 461 672 ἠμᾶς,καὶ
524 608 683 676 λόγου
740 614 987 681 μετάδος,
1034 617 1126 668 καὶ
1190 622 1482 687 μετασχεῖν
1542 621 1749 690 τροφῆς

174 697 585 769 προθυμήθητι.
620 702 771 756 Ἑπεὶ
809 705 863 758 δὲ
890 704 1032 759 οὕτω
1074 706 1308 775 λέγουσα
1364 712 1527 778 μηδὲν
1563 714 1747 782 ἤνυεν,

169 788 306 841 ἀλλά
348 791 407 843 τὸ
445 792 539 845 τοῦ
588 794 769 863 λόγου,
794 798 971 869 νεκρῷ
1002 800 1134 869 πρδς
1165 800 1257 865 οῦς
1290 802 1579 870 διελέγετο.
1607 808 1640 876 ἡ
1691 805 1746 859 δὲ

169 879 264 932 καὶ
294 879 712 954 αύστηροτὲρων
741 886 946 956 ἥπτετο
993 891 1251 958 ῥημάτων
1280 907 1293 919 ·
1322 895 1441 947 Ἵνα
1465 896 1516 947 τί
1544 894 1620 958 ὦς
1641 912 1746 959 τις,

168 968 429 1037 λέγουσα,
460 974 558 1043 μία
588 976 696 1028 τῶν
734 979 984 1048 ἀφρόνων
1010 983 1103 1034 καὶ
1132 982 1233 1045 τὰς
1274 984 1555 1056 αἰσθήσεις
1580 987 1749 1053 αὐτὰς

167 1058 755 1137 ἀττοὶ.ωλε>ιυῖιι,ἁν¹δρδ⁹
809 1069 1013 1135 ἀγνῶτι
1056 1070 1259 1142 καθέξῃ
1302 1074 1509 1137 ἀτενῶς
1547 1055 1748 1146 προσέ-

167 1168 376 1221 χουσα;
409 1156 693 1228 αἱδέσθητι
740 1165 1023 1227 συγγενεῖς
1045 1177 1057 1191 ·
1093 1165 1371 1234 αἰδέσθητι
1414 1167 1749 1237 φέλους,ήλιο

169 1247 431 1313 κιώτιδας
459 1265 474 1281 ’
503 1250 665 1319 φύσιν
694 1253 863 1321 αὐτὴν
887 1254 1259 1327 δυσωπήθητι.
1291 1259 1399 1311 Καὶ
1421 1260 1568 1323 ὅπως
1596 1262 1747 1315 ἐλευ-

169 1338 306 1410 θέρα
360 1343 705 1410 τυγχάνουσα
745 1343 940 1415 δούλην
979 1346 1124 1415 ἔχεις
1178 1348 1395 1419 ψυχὴν,
1425 1352 1520 1402 καὶ
1579 1352 1749 1406 ταῦτα

167 1428 419 1499 Θυγάτηρ
470 1432 570 1500 μὲν
619 1431 907 1498 Θεοκλείας
960 1432 1134 1501 οὖσα,
1191 1440 1401 1511 μνηστη
1452 1440 1508 1493 δὲ
1566 1441 1751 1512 Θαμύ-

164 1517 353 1587 ριδοςς
397 1519 584 1574 Ταῦτα
616 1521 866 1591 λέγουσα,
938 1528 1031 1579 καὶ
1091 1527 1182 1580 τὸν
1240 1530 1526 1600 μνηστῆρα
1590 1524 1749 1600 μετε-

163 1612 410 1678 καλεῖτο,
453 1616 544 1667 καὶ
599 1616 657 1679 ὃς
696 1618 898 1690 παρῄει
955 1621 1178 1691 πτηνὸς,
1212 1622 1322 1675 τῶν
1352 1624 1547 1694 γάμων
1588 1625 1751 1677 ἕνεκα

162 1703 263 1773 τὴν
296 1702 494 1773 κλῆσιν
533 1706 799 1774 οίόμενος.
835 1709 923 1771 Ὠς
949 1710 1043 1764 οῦν
1067 1712 1237 1782 ἤκουε
1260 1731 1373 1785 παρ
1415 1716 1750 1783 αὑτῆςδπως

166 1797 199 1864 ἡ
233 1796 441 1860 Θέκλα,
472 1800 567 1851 καὶ
597 1801 679 1852 ὄτι
708 1804 854 1866 τρεῖς
880 1802 1083 1870 ἡμέραι
1107 1805 1197 1856 καὶ
1226 1804 1419 1867 νύκτες
1457 1807 1578 1857 ῐσαι
1607 1822 1746 1871 παρ-

1854 627 1935 681 illa
1992 630 2281 697 prohibere
2327 632 2665 685 contendit:
2722 629 2883 693 Filia,
2945 632 3223 701 inquiens,
3300 648 3421 687 mea

1853 716 2074 779 Thecla.
2114 718 2244 788 quid
2276 719 2371 773 tibi
2434 734 2557 774 cum
2611 729 2876 774 extraneo
2910 720 3002 773 illo
3032 721 3423 791 prmstigiatore

1853 810 1949 874 rei,
1982 826 2142 878 quem
2202 810 2273 863 ita
2308 811 2529 865 aSsidue
2574 811 2865 876 auscultas,
2918 812 3182 881 cujusque
3243 812 3422 866 verbis

1854 917 2029 972 usque
2096 902 2231 955 adeo
2282 912 2437 972 capta
2505 904 2748 957 teneris?
2792 919 2892 957 nos
2926 920 3139 972 quoque
3179 904 3289 972 jam
3332 903 3427 957 ad-

1852 994 2021 1063 spice,
2049 1002 2102 1048 et
2132 992 2381 1062 colloquii
2430 993 2506 1047 tui
2554 994 2845 1063 participes
2875 994 3062 1057 redde,
3109 1009 3171 1047 ac
3197 994 3263 1047 de
3294 994 3421 1046 cibo

1852 1084 2119 1138 sumendo
2168 1085 2368 1154 cogita.
2397 1082 2516 1149 Quo
2557 1083 2642 1137 illa
2692 1100 2946 1139 sermone
2980 1100 3096 1147 usa,
3132 1090 3254 1137 cum
3288 1084 3425 1138 nihil

1851 1173 2163 1240 proliceret,
2220 1174 2313 1229 sed
2366 1182 2422 1228 ut
2482 1174 2586 1228 diei
2642 1175 2803 1239 solet,
2865 1186 3081 1229 mortuo
3134 1175 3188 1228 in
3237 1190 3424 1229 aurem

1853 1264 2016 1319 verba
2042 1264 2268 1333 faceret,
2296 1267 2561 1337 asperiori
2593 1266 2848 1337 loquendi
2878 1282 3081 1335 genere
3108 1268 3181 1321 uti
3206 1282 3427 1337 aggres-

1852 1369 1960 1409 sa:
2001 1354 2068 1408 Et
2100 1355 2252 1425 quid,
2305 1355 2500 1425 inquit,
2557 1355 2729 1409 instar
2790 1356 3015 1419 insanae,
3073 1355 3430 1411 et-sensibus

1853 1446 1987 1516 ipsis
2038 1446 2300 1516 spoliatae,
2353 1449 2631 1502 continuo
2676 1448 2763 1503 hic
2825 1449 3095 1513 assidens,
3142 1448 3207 1503 ad
3255 1448 3428 1502 virum

1854 1537 2097 1607 ignotum
2131 1538 2205 1593 ita
2266 1538 2549 1593 attendis?
2583 1553 2834 1595 reverere
2864 1550 3145 1609 (agnatos,
3182 1555 3433 1594 reverere

1857 1630 2091 1691 amicos,
2148 1637 2403 1684 reverere
2456 1628 2718 1699 aequales,
2766 1639 3016 1683 naturam
3050 1630 3223 1698 ipsam
3276 1644 3434 1683 reve-

1856 1734 1996 1781 rere.
2035 1735 2129 1775 cur
2157 1719 2327 1775 libera
2388 1737 2511 1776 cutn
2562 1721 2660 1788 sis,
2694 1721 2937 1776 animum
2977 1720 3231 1776 servilem
3265 1720 3432 1790 geris.
3514 1722 3517 1725 ’

1854 1808 2015 1877 idque
2064 1809 2170 1863 {ilia
2227 1809 2551 1879 Theocleaz,
2612 1827 2813 1883 sponsa
2882 1810 3263 1884 Thamyridis?
3318 1810 3437 1877 Quo

169 1888 405 1952 ἐλθοιεν,
463 1889 560 1943 καὶ
612 1892 751 1963 αὑτὴ
808 1892 905 1961 τῆς
965 1893 1181 1965 θυρίδος
1223 1897 1282 1949 τὸ
1326 1896 1586 1967 παράπαν
1636 1898 1737 1950 οὐκ

1863 1898 2020 1962 dicto,
2056 1899 2231 1970 ipsum
2293 1914 2559 1972 sponsum
2615 1880 2872 1966 arcessit,
2909 1904 3004 1973 qui
3060 1880 3121 1957 et
3177 1902 3434 1967 festinus,

163 1983 469 2052 ἀποσταίη,
507 1982 715 2052 βρωτοῦ
756 1984 855 2055 μὲν
888 1987 984 2041 καὶ
1015 1986 1179 2041 ποτοῦ
1217 1989 1353 2058 μηδὲ
1404 1988 1578 2059 βραχῦ
1614 2007 1748 2060 μνη-

166 2074 513 2142 μονεύσασα,
542 2075 652 2128 τῶν
686 2077 903 2132 Παύλου
937 2079 993 2133 δὲ
1028 2082 1193 2149 μόνου
1252 2081 1428 2149 λόγων
1471 2076 1780 2152 ἐκκρεμαο’

168 2165 307 2237 μένη
337 2183 351 2197 ’
383 2168 508 2220 ἐπεὶ
544 2169 718 2223 ταῦτα
756 2173 783 2224 6
809 2171 1059 2245 Θάμυρις
1120 2175 1319 2245 ἤκουεν
1353 2176 1459 2227 ἀπὸ
1494 2175 1593 2244 τῆς
1645 2192 1747 2245 μηο

162 2259 317 2329 τρδς,
343 2253 465 2313 εἶτα
482 2262 576 2313 καὶ
609 2263 1015 2333 προστιθείσης,
1034 2265 1105 2320 Συ
1127 2266 1208 2330 δὲ,
1229 2267 1477 2338 μνηστὴρ
1518 2269 1627 2338 γὰρ
1674 2263 1745 2331 εἴ,

167 2350 442 2419 πρόσελθε
482 2351 674 2423 ταύτῃ,
696 2356 789 2406 καὶ
819 2357 1124 2426 ἀποστῆναι
1149 2362 1263 2423 τοῖς
1294 2364 1407 2424 σοῖς
1434 2362 1615 2429 λόγοις
1648 2362 1748 2432 τῆς

167 2440 389 2511 θυρίδος
436 2443 607 2513 αὐτὴν
644 2447 1102 2515 παρασκεύασονο
1153 2452 1442 2518 πρόσεισιν
1481 2452 1684 2515 εὐθέως
1722 2456 1750 2506 6

166 2534 555 2605 θάμυρις,’καὶ
586 2539 929 2600 παντοδαπὸς
967 2540 1180 2608 γίνεται
1204 2545 1317 2606 τοῖς
1348 2542 1558 2610 λόγοις,
1581 2543 1744 2597 τοῦτο

171 2628 273 2696 μὲν
311 2627 652 2691 κολακεύων,
682 2631 842 2686 τοῦτο
894 2633 952 2688 δὲ
992 2635 1301 2705 παραινῶν,
1333 2636 1491 2691 τοῦτο
1540 2637 1595 2691 δὲ
1656 2640 1750 2692 καὶ

169 2720 642 2793 πληκτικωτέροις
671 2725 843 2798 αὐτὴν
875 2727 1127 2798 ῥήμασιν
1165 2729 1520 2801 ἐπιστρέφειν
1547 2729 1753 2802 πειρώ-

172 2828 361 2880 μενος.
396 2812 523 2863 καὶ·
560 2814 625 2865 Τί
651 2814 726 2885 μὴ
766 2815 902 2886 πρὸς
940 2820 1033 2868 τὸν
1064 2815 1316 2888 Θάμυριν
1354 2819 1447 2872 τὸν
1476 2820 1565 2873 σὺν
1595 2823 1749 2893 ὁρᾷς,

168 2902 461 2971 ελεγε,τδν
487 2906 740 2974 νυμφίον,
769 2908 1024 2975 φιλτάτη,
1051 2909 1141 2962 τὸν
1167 2912 1291 2978 σόν;
1321 2912 1443 2965 τίνα
1473 2912 1529 2965 δὲ
1575 2915 1752 2980 φιλεῖς

168 2992 355 3055 ἄλλον,
398 2993 528 3056 τοὺς
580 2995 745 3064 ἐμοὺς
792 2997 1005 3066 ἔρωτας
1055 3001 1413 3072 ἁτιμάσασα;
1465 3005 1517 3055 τί
1577 3004 1751 3069 οὕτως

169 3082 497 3152 ἐξέστηκας,
528 3087 580 3139 τί
602 3084 742 3141 οὕτω
768 3089 999 3159 κάτοχος
1027 3087 1117 3158 εἷς
1150 3094 1222 3163 μή
1254 3111 1306 3146 τι
1341 3112 1422 3147 σοι
1462 3096 1556 3147 καὶ
1598 3096 1750 3169 ἀκιον

170 3178 582 3246 προσέκρουσα,
611 3179 880 3249 φιλτάτη;
945 3182 1020 3253 μὴ
1063 3185 1176 3246 τοῖς
1228 3185 1368 3238 κατά
1402 3185 1498 3255 σὴν
1531 3186 1747 3256 θέλησιν

1855 2000 1905 2046 et
1945 1991 2087 2047 velut
2117 1992 2290 2049 alatus
2331 1994 2572 2061 advenit,
2620 1995 2940 2065 nuptiarum
2974 2010 3033 2065 se_
3078 2009 3239 2049 causa
3268 1994 3440 2048 advo-

1858 2083 1967 2138 cari
1999 2084 2346 2141 existimans.
2380 2087 2655 2143 Caeterum
2684 2087 2779 2143 ubi
2825 2102 2891 2142 ex
2933 2102 3018 2151 ea,
3050 2102 3158 2158 quo
3193 2087 3314 2141 loco
3348 2100 3439 2141 res

1857 2170 2073 2227 Thecla:
2102 2184 2306 2242 essent,
2334 2176 2685 2248 intelligeret,
2733 2181 2984 2249 quodque
3049 2162 3169 2249 post
3216 2189 3438 2233 exactos

1852 2264 1961 2333 jam
2000 2273 2109 2320 tres
2143 2266 2281 2331 dies,
2353 2277 2406 2322 et
2436 2268 2661 2322 totidem
2734 2279 2946 2334 noctes,
2994 2271 3084 2324 illa
3125 2272 3352 2323 omnino
3406 2287 3437 2323 a

1856 2355 2093 2412 fenestra
2125 2372 2235 2412 non
2289 2358 2633 2421 recessisset,
2664 2358 2767 2412 cibi
2816 2370 3083 2428 potusque
3140 2374 3210 2414 ne
3253 2360 3439 2413 tantil-

1859 2447 1971 2502 lum
2012 2448 2231 2517 quidem
2266 2464 2497 2511 memor,
2531 2459 2738 2503 tantum
2800 2465 2865 2502 ex
2911 2447 3059 2503 l‘auli
3106 2449 3287 2504 verbis
3317 2464 3440 2503 sus-

1861 2556 2030 2609 pensa
2087 2558 2100 2592 :
2164 2542 2301 2604 base,
2344 2541 2586 2609 inquam,
2634 2556 2755 2593 eum
2816 2540 3104 2608 Thamyris
3154 2557 3219 2596 ex
3269 2552 3442 2595 matre

1858 2631 2204 2702 intelligeret,
2242 2630 2459 2700 illaque,
2487 2630 2751 2683 adderet:
2789 2630 2889 2683 Adi
2934 2641 2989 2683 ttt
3028 2629 3172 2683 illam
3215 2631 3442 2699 (quippe

1864 2740 2104 2796 sponsus
2162 2724 2285 2794 eius
2327 2731 2409 2791 es)
2443 2731 2499 2777 et
2534 2721 2720 2776 verbis
2760 2736 2789 2773 a
2825 2722 3063 2775 fenestra
3115 2731 3173 2775 ut
3213 2722 3444 2777 absistat

1865 2816 2086 2871 emcere
2154 2812 2448 2878 contende,
2523 2811 2736 2867 accc-dit
2802 2809 3051 2880 protinus
3130 2809 3441 2879 Thamyris,

1866 2909 2270 2978 omnigenoque
2304 2920 2581 2966 sermone,
2646 2918 2794 2957 nunc
2833 2904 3054 2970 quidem
3089 2904 3442 2967 assentando,

1864 3018 2013 3057 nunc
2052 3000 2416 3061 admonendo,
2459 3013 2607 3051 nunt:
2652 2996 3007 3064 increpando,
3056 2996 3202 3050 illam
3247 3015 3275 3051 a
3314 3014 3441 3066 pro-

1868 3096 2045 3163 posito
2075 3106 2329 3145 revocare
2364 3088 2613 3144 conatur.
2652 3088 2719 3142 lit
2775 3086 2926 3156 quid.
2975 3085 3172 3156 inquit,
3210 3087 3449 3158 Thamy-

1862 3188 1963 3241 rim
1994 3202 2255 3254 Sponsum
2290 3194 2441 3247 tuum
2477 3200 2585 3236 non
2640 3181 2860 3251 aspicis,
2898 3181 3031 3235 tuibi
3080 3181 3444 3236 charissima?

167 3266 499 3335 ἀγνοοῦντες
536 3271 634 3341 οὐχ
666 3271 1128 3345 ύπουργήσαμεν;
1185 3276 1325 3347 τάχα
1366 3278 1633 3350 μέλλομεν
1670 3282 1751 3345 ei;

1864 3276 2127 3347 nutuquid
2162 3275 2301 3330 forte
2335 3275 2501 3330 alium
2562 3289 2734 3336 amas,
2788 3272 2839 3324 in
2876 3273 3198 3341 despectum
3242 3274 3447 3327 amoris

168 3361 298 3425 τοὺς
341 3362 576 3432 γάμους.
650 3365 928 3434 Ὀψίζουσι
973 3371 1084 3432 τοῖς
1133 3369 1349 3440 ᾠδικοῖς
1400 3373 1448 3425 οἱ
1481 3374 1752 3443 ύμέναιοι.

166 3454 286 3507 Καὶ
314 3455 365 3507 εί
407 3456 611 3526 βούλει,
633 3458 995 3512 τελείσθωσαν
1055 3462 1255 3514 πάντα.
1317 3464 1384 3513 Ἣ
1422 3466 1515 3515 καὶ
1548 3464 1626 3517 ἔτι
1661 3482 1756 3517 πε-

172 3548 548 3616 ριμενοῦμενς
591 3549 681 3601 τοῦ
740 3549 833 3602 σοῦ
889 3550 998 3619 γὰρ
1030 3550 1357 3620 θελήματος,
1408 3553 1606 3615 Θέκλα,
1660 3558 1752 3607 καὶ

174 3642 342 3709 μόνου
400 3640 493 3693 τοῦ
562 3639 825 3711 νεύματος
895 3643 1057 3706 αυτὸς
1112 3645 1380 3716 1Ιλρτημαι.
1446 3646 1633 3701 Ταῦτά
1700 3665 1758 3701 τε

171 3734 352 3801 ελεγε,
408 3734 505 3788 καὶ
553 3735 823 3806 σχήμασι
855 3736 1285 3807 παρακλητικοῖς
1341 3738 1419 3791 ἔτι
1466 3738 1645 3793 ἕλκειν
1677 3742 1760 3805 si;

171 3826 367 3877 ἑαυτὸν
407 3825 684 3896 ἐπειρᾶτο,
729 3827 910 3896 ἡρέμα
950 3828 1006 3880 δὲ
1050 3831 1142 3881 καὶ
1193 3830 1382 3900 ὀθόνης
1430 3832 1758 3900 ἁπτόμενος,

184 3916 502 3985 Ἀνάστηθι,
553 3917 839 3987 φάγωμεν,
901 3919 1215 3988 ύπεφώνει·
1266 3924 1553 3995 ἀνάστηθι,
1624 3926 1762 3979 πίων

175 4022 303 4074 μεν.
348 4006 415 4059 Τί
452 4008 560 4080 γὰρ
589 4009 722 4081 ἡμῖν
746 4010 840 4063 καὶ
864 4010 924 4064 τὸ
960 4011 1095 4067 πολὺ
1130 4014 1289 4066 τοῦτο
1346 4014 1443 4084 τῆς
1472 4016 1652 4080 αἰτίας
1683 4020 1762 4082 εἰς

173 4099 401 4167 ενησινς
434 4100 597 4155 Ἀλλὰ
629 4103 799 4157 ταῦτα
839 4103 936 4173 μὲν
968 4107 1174 4167 ἐκεῖνος
1206 4120 1219 4134 '
1250 4106 1389 4173 πλὴν
1423 4110 1518 4161 καὶ
1546 4114 1656 4172 τοῖς
1697 4112 1755 4161 ὲν

173 4190 251 4259 τῷ
286 4194 423 4262 οἴκῳ
456 4194 586 4246 πᾶσι
626 4197 805 4255 κοινῖις
845 4192 911 4265 ἦν
966 4197 994 4248 6
1059 4196 1251 4266 θρῆνος
1296 4213 1307 4225 ’
1354 4199 1621 4271 Θαμύριδι
1658 4202 1756 4271 μὲν

174 4284 436 4348 γυναικὸς
488 4285 805 4354 ἀστοχοῦντι
842 4300 855 4314 ’
895 4285 1158 4359 Θεοκλεία
1218 4289 1296 4355 δὲ,
1343 4292 1535 4345 τέκνου
1582 4310 1595 4324 °
1637 4295 1757 4355 ταῖς

173 4377 231 4429 δὲ
282 4378 623 4444 παιδίσκαις,
678 4381 883 4450 κυρίας
920 4398 935 4414 ο
983 4381 1076 4435 καὶ
1110 4382 1369 4451 σύγχυσις
1396 4380 1465 4455 ἦν
1497 4384 1555 4436 ἐν
1583 4383 1759 4456 τούτῳ

174 4472 371 4539 πολλὴ,
404 4473 499 4524 καὶ
541 4472 736 4535 πένθος
768 4462 1217 4544 ἀπαρηγόρητον.

1854 3388 1979 3445 erga
2014 3380 2065 3426 te
2105 3369 2247 3424 mei?
2299 3384 2396 3424 cur
2431 3369 2526 3430 ita,
2558 3366 2724 3423 veluti
2781 3367 3037 3428 attonita,
3076 3382 3104 3419 a
3143 3376 3193 3420 te
3229 3366 3446 3421 abiisti?

1862 3478 2131 3533 numpcr
2156 3460 2580 3533 imprudentiam
2625 3457 2766 3513 forte.
2800 3470 2852 3515 te
2895 3459 3121 3524 oﬂendi,
3156 3458 3449 3514 dilectissi-

1860 3568 1945 3605 ma
1978 3555 1999 3606 ?
2037 3568 2168 3607 num
2207 3532 2469 3606 voluntati
2507 3560 2612 3605 tuze
2674 3551 3062 3621 obsequioque.
3086 3552 3138 3605 in
3204 3561 3259 3605 te
3329 3566 3449 3605 Iulo

1861 3645 2071 3715 uspiam
2110 3644 2303 3698 defui?
2360 3644 2525 3697 nimis
2587 3642 2799 3697 fortean
2835 3644 2925 3696 diu
3001 3658 3218 3699 nostras
3260 3645 3448 3700 hat-te-

1859 3754 1967 3793 nus
2007 3751 2290 3791 moramur
2329 3734 2587 3803 nuptias:
2626 3734 2791 3789 nimis
2820 3734 2911 3789 ditt
2959 3734 3227 3806 hymenaei
3279 3736 3451 3794 nostri

1857 3838 2056 3885 cantus
2089 3829 2316 3884 musicis
2344 3827 2617 3908 didertur.
2663 3826 2845 3893 Quare
2877 3828 2921 3882 si
2964 3826 3137 3888 lubet,
3175 3843 3293 3897 age.
3330 3843 3454 3881 om-

1858 3924 1949 3979 nia
2012 3922 2400 3979 coniiciantur.
2445 3922 2530 3976 An
2570 3923 2871 3975 etiamnum
2919 3920 3341 3975 cunctabimur?
3381 3934 3452 3973 ex

1860 4018 2140 4073 voluntate
2189 4016 2336 4068 enim
2375 4023 2486 4080 tua,
2540 4028 2658 4081 mea
2710 4012 2938 4077 Thecla,
2992 4012 3215 4081 soloque
3304 4021 3444 4065 nutu

1864 4109 2095 4179 pendeo.
2131 4105 2255 4162 Haec
2287 4117 2344 4162 et
2369 4107 2605 4171 dicebat,
2657 4116 2711 4160 et
2736 4116 2893 4176 gestu
2927 4106 3165 4175 quodam
3206 4103 3454 4173 corporis

1864 4200 1930 4255 ad
1976 4198 2407 4270 permovendum
2466 4196 2680 4251 cilicaci
2739 4197 2885 4250 illam
2935 4197 2986 4249 in
3039 4213 3190 4253 suum
3234 4206 3456 4249 senten-

1866 4296 1993 4347 tiam
2030 4291 2349 4362 pertrahere
2380 4288 2682 4353 nitebatur,
2714 4290 2846 4359 quin
2912 4298 2961 4342 et
3008 4297 3213 4341 vestem
3253 4286 3451 4339 lineam

1870 4386 2041 4456 ipsius
2074 4384 2302 4437 remisse
2348 4392 2597 4452 tangens.
2647 4382 2843 4451 Surge,
2882 4381 3138 4450 subjecit.
3190 4382 3453 4444 edamus;

1792 4469 1842 4529 D
1871 4493 2055 4549 surge,
2091 4476 2381 4531 bibamus:
2414 4474 2551 4543 quid
2574 4474 2721 4528 enim
2756 4484 2905 4527 tanta
2934 4473 3109 4527 inedia
3136 4473 3294 4527 nobis
3330 4490 3456 4541 pro-

176 4557 377 4615 fuerit?
456 4551 730 4616 Hactenus
771 4564 880 4619 ille.
940 4562 1145 4618 Omnes
1203 4564 1419 4619 interim
1463 4566 1794 4625 domesticos
1850 4567 2157 4625 communis
2212 4568 2394 4620 luctus
2448 4566 2670 4628 invasit,
2734 4564 3119 4635 Tbatnyridetn
3210 4563 3454 4632 quidem,

174 4654 322 4721 quod
396 4668 566 4709 uxore
628 4655 926 4717 excideret,
1006 4653 1357 4723 Theocleatn,
1417 4657 1562 4728 quod
1620 4659 1749 4729 (ilia,
1792 4660 2016 4715 ancillas
2052 4648 2311 4726 denique.
2364 4654 2509 4725 quod
2568 4654 2833 4708 domina:
2895 4655 3148 4724 hincque,
3206 4654 3456 4710 conlusio

176 4764 241 4802 ac
271 4764 477 4807 mceror
503 4752 725 4804 exortus
749 4749 897 4802 onmi
920 4750 1298 4806 consolatione
1331 4753 1524 4821 major.

252 4842 331 4895 1'".
359 4838 522 4891 ’Δλλά
551 4842 618 4908 τῇ
654 4838 857 4911 Θέκλᾳ,
882 4840 977 4892 καὶ
1014 4842 1219 4894 τούτων
1268 4845 1589 4912 γινομένων.
1612 4845 1768 4916 ὀλίγη

177 4931 406 5002 σροντίς
431 4947 443 4961 ο
474 4930 583 4981 τῶν
617 4930 795 4984 αὐτῶν
822 4931 883 4983 δὲ
913 4928 1115 5002 εἴχετο,
1164 4936 1258 4986 καὶ
1288 4935 1384 5002 τῆς
1426 4935 1643 5005 θυρίδος
1672 4939 1766 4989 οὐ·

178 5024 370 5096 δαμῶς
407 5022 691 5093 ἀφίστατο,
724 5025 816 5076 καὶ
857 5024 905 5076 ol
934 5024 1148 5077 Παύλου
1178 5025 1328 5094 λόγοι
1351 5028 1550 5099 μελέτη
1584 5028 1760 5102 ταύτῃ

177 5120 456 5190 διηνεκιπ.
490 5116 549 5172 Ὀ
580 5116 829 5188 Θάμυρις
865 5111 980 5183 οὖν,
1010 5116 1164 5181 εἰδὼς
1228 5120 1303 5182 ὡς
1338 5121 1619 5191 ἀνονήτοις
1647 5124 1767 5175 ἐπι.

180 5213 379 5282 χειρεῇ
400 5209 565 5277 ζήλου
594 5208 817 5279 πικροῦ,
844 5209 1019 5277 θυμοῦ
1059 5227 1117 5262 τε
1154 5213 1267 5262 καὶη
1295 5212 1468 5282 ὀργῆς
1518 5212 1771 5267 ἐντεῦθεν

183 5301 583 5373 ὑποπλησθεὶς,
627 5304 875 5375 πρόεισιν
928 5303 1034 5371 ἔξω
1087 5306 1230 5360 κατὰ
1268 5306 1532 5376 ἄμφοδον,
1574 5310 1671 5362 καὶ
1700 5306 1768 5381 ἦν

182 5394 327 5449 οὕτω
370 5396 736 5464 παρατηρῶν,
781 5398 865 5460 τίς
910 5414 971 5450 τε
1025 5397 1161 5468 πρὸς
1193 5399 1283 5451 τὸν
1319 5398 1527 5452 Παῦλον
1568 5402 1749 5466 εἰσίοι,

183 5489 276 5539 καὶ
308 5488 392 5552 τίς
418 5488 715 5559 ἐξέρχοιτο.
743 5489 849 5541 Καὶ
876 5488 941 5559 δὴ
962 5487 1055 5542 δύο
1078 5492 1231 5553 τινας
1270 5491 1373 5561 ὁρᾷ
1417 5491 1764 5561 μαχομένους

185 5582 322 5653 πρὸς
360 5581 633 5651 ἀλλήλους
676 5596 735 5633 τε
780 5584 872 5635 καὶ
916 5572 1337 5647 στασιάζοντας,
1385 5587 1573 5655 Δημᾶς
1618 5581 1768 5640 οὗτοι

188 5680 275 5731 καὶ
318 5674 660 5746 Ἑρμογένης
692 5670 860 5745 ἦσαν·
899 5676 991 5739 οὓς
1019 5680 1045 5731 ὁ
1072 5678 1227 5747 λόγος
1254 5678 1464 5745 φθάσας
1497 5680 1761 5750 ἐδήμησε,

190 5775 274 5823 καὶ
305 5771 453 5833 ὅπως
498 5764 697 5837 Παύλῳ
739 5768 835 5837 μὲν
870 5771 1108 5833 εἵποντο,
1136 5772 1334 5841 ἥκιστα
1358 5772 1413 5824 δὲ
1456 5771 1528 5841 τῷ
1553 5772 1760 5825 ἐκείνου

192 5862 283 5931 βίῳ
354 5860 706 5917 συνείποντο·
742 5853 819 5925 οἷς
858 5863 949 5913 καὶ
981 5863 1006 5913 ό
1044 5859 1293 5933 Θάμυρις
1362 5864 1618 5934 ἐντυχὼν,
1672 5866 1764 5918 καὶ

1942 4844 2030 4899 111.
2066 4844 2332 4897 Craterum
2357 4838 2574 4896 Thecla:
2606 4854 2770 4909 parva
2795 4839 2959 4894 etiam
2992 4842 3184 4895 horum
3210 4841 3452 4895 omnium

1872 4953 2020 4995 cura.
2052 4918 2107 4989 et
2139 4938 2191 4988 in
2227 4935 2311 4991 iis.
2340 4950 2461 5004 qua:
2490 4944 2752 5002 cmperat,
2790 4948 3146 5003 perseverans
3169 4972 3182 4995 ,
3213 4933 3451 4989 fertestra

1871 5031 2182 5085 nullatenus
2244 5027 2577 5089 absistebat,
2638 5026 2804 5081 unius
2877 5025 3029 5080 Pauli
3104 5026 3452 5080 sermonibus

1877 5134 1988 5178 tota
2043 5120 2211 5176 animi
2271 5120 2629 5175 contentione
2664 5120 2953 5187 studioque
3016 5118 3246 5171 intenta.
3295 5118 3451 5183 Quod

1874 5218 1964 5271 ubi
2021 5214 2309 5285 Thamyris
2358 5214 2526 5278 videt,
2578 5206 2749 5277 seque
2802 5213 2876 5265 rei
2928 5226 3270 5280 nequaquam
3326 5227 3453 5266 suc—

1871 5322 2107 5362 cessum:
2158 5322 2379 5376 operam
2438 5306 2591 5365 dare,
2639 5304 2751 5359 acri
2804 5304 3071 5374 zelotypia
3116 5314 3281 5372 atque
3342 5303 3453 5357 ira-

1873 5399 2069 5455 cundia
2114 5400 2419 5467 permistis.
2486 5396 2633 5451 foras
2684 5398 2737 5450 in
2796 5396 3028 5466 plateam
3087 5396 3451 5466 progreditur.

1869 5492 1992 5560 quis
2021 5490 2085 5542 ad
2121 5489 2349 5543 Paulum
2381 5488 2633 5549 intraret,
2658 5489 2848 5558 quisve
2888 5487 3012 5543 inde
3043 5488 3236 5547 exiret,
3263 5488 3455 5541 obser-

1870 5598 2006 5636 vans
2040 5601 2050 5635 :
2086 5598 2207 5637 cum
2252 5582 2390 5634 duos
2415 5581 2680 5651 quosdam
2730 5581 2873 5635 inter
2906 5595 2966 5637 se
2996 5582 3373 5651 depugnantes
3400 5589 3455 5634 et

1876 5678 2116 5731 rixantes
2176 5676 2359 5739 videt,
2429 5675 2649 5728 [lernam
2700 5688 2897 5744 nempe
2957 5682 3011 5727 et
3060 5671 3453 5741 Hermogenem

1876 5770 1963 5834 (de
1986 5770 2185 5837 quibus
2232 5768 2383 5823 antea
2422 5766 2677 5828 diximus,
2730 5763 2881 5820 Pauli
2929 5765 3149 5834 quidem
3196 5763 3451 5827 asseclaa,

1875 5878 1981 5915 non
2024 5864 2148 5915 item
2186 5864 2306 5915 Vilze
2334 5858 2637 5915 imitatores
2670 5860 2881 5929 fuisse),
2908 5861 2959 5916 iu
2991 5874 3127 5929 quos
3151 5874 3274 5913 cum
3308 5853 3454 5909 ’l'ba¢
