3956 6446
500 352 603 414 839

1742 351 2025 412 MENSIS
2061 351 2351 412 SEPTEM
2368 354 2538 412 BER.

3672 354 3772 419 8w

500 463 868 535 adipiscetur.
930 466 1021 522 sed
1079 474 1252 522 morie
1336 464 1660 520 multabitur
1733 467 2090 536 sempiterna.

2222 466 2564 538 ἑυσωπηθεὶς,
2600 464 3129 535 ίμέιτιαὶνεχθῆναι
3175 466 3410 531 κελεύει,
3465 468 3562 520 καὶ
3617 468 3779 541 αὐτὴν

500 556 711 627 Quibus
737 576 938 631 pra:ses
972 560 1172 614 auditis
1198 560 1423 629 (quippe
1444 570 1731 627 martyrem
1757 557 1867 626 jam
1906 560 2095 613 verba-

499 665 606 721 que
636 651 808 719 ipsius
856 649 1159 718 reveritus)
1205 659 1383 705 veStes
1413 648 1622 711 aﬂ'erri,
1653 648 1827 717 iisque
1856 663 1916 702 sc
1948 647 2093 700 illam

504 740 732 795 induero
785 740 1036 810 imperat.
1082 740 1166 793 Ad
1205 754 1367 809 quem
1427 738 1515 792 illa
1560 757 1573 792 :
1614 738 1717 804 Qui
1754 754 1838 793 me
1868 738 2093 801 nudam,

501 843 691 887 contra
718 832 862 888 feras
910 834 1317 901 dcpugnantcm
1360 831 1599 895 vestivit,
1634 831 1750 901 ipse
1805 832 1860 884 in
1905 828 2095 900 judicii

500 924 589 979 die
618 924 793 979 salute
821 932 873 977 te
909 924 1105 977 vestiet
1132 941 1145 975 :
1178 934 1541 993 sumptasque
1569 923 1672 976 sibi
1704 922 2093 977 circumdedit.

502 1014 661 1080 Quod
702 1013 1031 1069 beneﬁcium
1064 1014 1169 1070 hoc
1220 1014 1447 1084 insuper
1480 1014 1675 1068 merito
1698 1028 1901 1083 praeses
1928 1028 2095 1069 accu-

504 1106 753 1173 mulavit,
797 1116 857 1162 ut
899 1118 954 1162 et
996 1108 1285 1178 epistulam
1335 1108 1715 1163 lconiensihus
1744 1108 2010 1165 scriberet
2041 1108 2094 1161 iu

505 1198 624 1254 haec
685 1198 849 1253 verba
894 1216 907 1251 :
963 1196 1222 1253 Theclam
1257 1199 1402 1267 piam
1454 1196 1550 1250 Dei
1601 1194 1887 1250 cultricem
1947 1193 2097 1248 vobis

504 1290 745 1345 dimitto.
781 1288 902 1356 Quo
929 1288 1099 1356 facto,
1128 1290 1389 1344 mulieres
1421 1303 1612 1343 omnes
1648 1287 1871 1358 gavisae,
1900 1301 2096 1353 magna

508 1391 641 1439 voce
679 1384 788 1437 Deo
825 1383 1015 1435 laudes
1068 1381 1421 1437 referebant:
1467 1379 1623 1435 Unus
1667 1380 1808 1432 heus
1839 1376 2097 1439 Thecke;

507 1490 651 1529 unus
696 1475 837 1529 Deus
862 1475 956 1544 qui
991 1472 1251 1527 Thcelam
1276 1473 1535 1535 servavit,
1571 1472 1952 1525 inclamantes.
1980 1468 2098 1534 Qua

508 1580 643 1620 voce
686 1574 797 1619 tota
848 1564 1045 1619 civitas
1096 1563 1429 1634 personabat
1476 1578 1491 1616 :
1527 1560 1945 1633 Trypliteusque
1989 1569 2098 1613 tam

509 1658 631 1711 la-to
654 1657 849 1710 nuntio
880 1665 1133 1726 accepto,
1176 1670 1301 1709 cum
1346 1670 1541 1725 magna
1590 1652 1963 1713 multitudine,
1994 1666 2101 1721 quo

510 1748 654 1802 illam
683 1748 1128 1817 amplecteretur,
1166 1745 1384 1800 obviam
1410 1745 1509 1798 ivit
1556 1762 1568 1797 :
1606 1742 1787 1805 Nunc,
1822 1742 2098 1812 inquiens,

2198 556 2521 611 ίνὸύσασθαι
2554 556 2747 610 ταῦτα.
2807 558 2875 611 Ἢ
2908 557 2964 610 δέ
2991 576 3004 589 ·
3080 560 3121 611 Ο
3154 559 3382 623 ἑνδύσας
3440 577 3508 631 με
3545 562 3779 632 γυμνὴν,

2200 649 2501 721 ἔφη,πρὸς
2560 649 2724 720 θηρία
2790 648 3193 715 πυκτεύουσαν,
3255 651 3419 715 αὐτὸς
3480 654 3540 705 tv
3602 653 3780 724 ἡμέρα

2200 742 2435 811 κρίσεως
2470 742 2682 796 usam
2721 760 2780 796 σε
2823 743 3125 813 σωτηρίαν.
3155 744 3264 797 Καὶ
3306 744 3558 798 λαϐοῦσα
3596 762 3780 816 περιε-

2198 834 2418 887 ϐάλετο.
2448 834 2589 905 Πρὸς
2619 835 2830 900 τούτοις
2876 837 2905 889 ό
2933 836 3162 908 ἡγεμὼν
3207 836 3286 905 τῷ
3322 835 3518 905 ἀγαθῷ
3560 853 3782 906 προστι-

2200 928 2336 993 θεὶς,
2372 928 2613 998 γράμμα
2657 928 2973 982 ἰκονιεῦοιν
3005 928 3308 999 ἐκπέμπει,
3347 928 3574 995 γράψας
3596 927 3785 990 οῦτως·

2199 1019 2418 1073 Θέκλαν
2444 1021 2548 1090 τὴν
2580 1020 2817 1090 θεοσεὸἧ
2850 1021 3054 1091 ἀφίημι
3086 1022 3237 1091 ὑμῖν.
3281 1021 3582 1089 Ἤσθησαν
3609 1020 3703 1073 οὖν
3739 1021 3787 1071 al

2199 1109 2461 1173 γυναῖκες
2502 1108 2598 1159 ἐπὶ
2635 1108 2810 1176 τούτῳ
2851 1108 3045 1170 πᾶσαι,
3080 1111 3176 1159 καὶ
3207 1110 3362 1176 φωνῇ
3413 1106 3643 1178 μεγάλῃ
3689 1107 3790 1158 €66-

2202 1199 2373 1264 ξασαν
2401 1200 2496 1252 τὸν
2528 1198 2663 1252 Θεόν
2691 1214 2705 1229 ’
2740 1194 2833 1261 Εἷς
2862 1198 2999 1263 Θεὸς
3053 1201 3081 1254 ό
3114 1199 3325 1253 Θέκλαν
3356 1199 3643 1266 διασωσαρ
3659 1214 3788 1260 ενος.

2200 1291 2275 1354 ὼς
2306 1290 2411 1345 ὑπὸ
2444 1292 2545 1361 τῆς
2568 1295 2754 1362 φωνῆς
2774 1291 2977 1362 ταύτης
3024 1290 3490 1362 διαθρυλληθῆναι
3516 1290 3621 1362 τὴν
3646 1289 3791 1341 πόλιν

2203 1383 2421 1437 ἅπασαν
2446 1397 2461 1414 ο
2501 1382 2820 1455 Τρύφαιναν
2859 1400 2919 1436 τε
2951 1383 3439 1453 εὐαγγελισθεῖσαν
3470 1384 3789 1451 ἀπαντῆσαι

2205 1474 2305 1527 σῦν
2332 1475 2554 1543 πλήθει,
2609 1476 2932 1546 περισαλεῖν
2972 1493 3031 1529 τε
3080 1477 3179 1547 τὴν
3214 1476 3446 1542 Θέκὶαν,
3512 1478 3635 1541 καὶ,
3664 1476 3789 1536 Νῦν,

2206 1564 2399 1629 cavat,
2431 1562 2712 1615 πιστεύειν
2742 1563 3002 1631 δύναμαι,
3058 1564 3142 1615 ὅτι
3189 1564 3370 1616 Θὲκλα
3402 1565 3467 1615 τὺ
3495 1566 3699 1617 τέκνον
3730 1563 3789 1631 δη

2204 1654 2266 1706 τὸ
2297 1655 2429 1723 ἐμὸν
2456 1654 2544 1723 ζῇ.
2566 1653 2736 1725 Δεῦρο
2768 1655 2946 1708 τοίνυν
2971 1656 3119 1725 ἐμοὶ,
3149 1654 3410 1724 θύγαιερ,
3439 1658 3523 1717 εἰς
3550 1662 3644 1707 τὸν
3670 1654 3795 1722 ὲμιν

2206 1741 2377 1812 οἶκον,
2410 1749 2504 1800 καὶ
2531 1748 2601 1800 τα
2638 1750 2749 1819 ἐμὰ
2778 1750 2955 1802 πάντα
2988 1765 3074 1801 σοι
3109 1749 3426 1819 ἐπιγράψω.
3458 1744 3675 1802 Ἦλθεν
3707 1748 3797 1801 οὖν

507 1840 739 1895 credere
766 1853 990 1909 possum
1024 1836 1287 1892 Theclam
1316 1836 1479 1890 tiliam
1514 1850 1692 1890 meam
1740 1836 1943 1898 vivere,
1979 1834 2103 1888 veni

2222 1838 2391 1891 δίκαδε
2424 1838 2609 1893 Θέκλα
2653 1838 2796 1909 μετὰ
2831 1840 3152 1908 Τρυφαίνης
3178 1856 3192 1869 ·
3228 1841 3322 1892 καὶ
3356 1841 3579 1909 ἡμέρας
3612 1839 3797 1905 ὀλίγας

506 1932 734 1987 domum
771 1946 920 1987 nunc
946 1945 1076 2002 ergo
1114 1930 1181 1985 ad
1222 1945 1330 1993 me,
1362 1945 1480 1983 mea
1527 1929 1637 1983 filia
1672 1946 1685 1982 :
1726 1941 1918 1981 omnes
1954 1941 2106 1981 meas

509 2024 796 2078 facultates
842 2023 895 2076 in
923 2032 976 2078 te
1034 2022 1416 2077 transcribam.
1448 2020 1573 2074 Abit
1592 2020 1677 2073 illa
1699 2034 1824 2074 cum
1845 2018 2106 2088 Tryphae-

509 2132 604 2179 na,
636 2128 690 2172 et
734 2116 853 2171 dies
904 2130 1108 2185 paucos
1159 2113 1362 2169 ibidem
1414 2112 1896 2183 conquiescentes,
1930 2110 2102 2165 amba

513 2211 607 2265 Dei
656 2210 884 2265 verbum
926 2208 1198 2264 docebant
1239 2226 1254 2264 :
1307 2208 1381 2263 ita
1424 2218 1483 2261 ut
1533 2207 1714 2263 multa:
1769 2222 1832 2261 ex
1917 2206 2128 2261 ancillis
2175 2204 2338 2260 fidem
2402 2208 2788 2278 susciperent,

515 2307 848 2377 repieretur.

588 2398 707 2453 XII.
739 2399 1015 2453 Czeterum
1060 2414 1169 2451 non
1196 2398 1413 2452 sinebat
1456 2396 1713 2451 Theclam
1762 2397 2024 2466 spiritalis
2058 2396 2112 2449 in

514 2489 745 2545 Paulum
774 2505 930 2544 amor
961 2490 1172 2544 diutius
1202 2490 1444 2559 quietam
1475 2504 1618 2552 esse,
1652 2491 1747 2545 sed
1792 2490 1975 2544 animo
2010 2488 2113 2542 sol-

514 2584 662 2639 licita
688 2597 1103 2653 quoquoversus
1138 2583 1205 2637 ad
1232 2582 1386 2637 illum
1434 2582 1818 2651 inquirendum
1845 2580 2114 2635 mittebat.

2206 1934 2325 1985 ὲκεῖ
2379 1932 2899 2002 διαναπαυσάμεναι
2948 1933 3234 1987 ἐδίδασκον
3294 1933 3465 2003 ἄμφω
3506 1933 3602 1985 τὸν
3644 1932 3800 2000 λόγον

2208 2025 2439 2094 Κυρίου,
2474 2024 2613 2078 ὥστε
2642 2025 2937 2079 πιστεῦσαι
2959 2026 3060 2089 τὰς
3084 2027 3303 2088 πλείους
3329 2026 3439 2079 τῶν
3472 2024 3800 2090 παιδισκῶν,

2207 2111 2301 2163 καὶ
2336 2112 2513 2181 χαρᾶς
2542 2112 2853 2182 πλησθῆναι
2882 2112 2973 2165 τὸν
2997 2108 3145 2165 οἷκον
3177 2113 3519 2183 Τρυφαίνης.

2872 2218 2926 2263 et
2981 2208 3164 2263 lmtitia
3226 2211 3421 2265 domus
3484 2208 3805 2280 Tryphana:

2291 2391 2387 2445 lB’.
2423 2390 2632 2447 Θέιιλαν
2667 2394 2854 2463 μέντοι
2886 2394 2993 2446 οὐδ’
3024 2394 3158 2455 ὅλως
3185 2396 3415 2465 ἠρεμεῖν
3451 2403 3730 2469 παρεῖχον
3756 2404 3803 2455 at

2217 2486 2435 2539 Παύλου
2473 2492 2844 2555 πνευματικοὶ.
2880 2488 3083 2558 ἔρωτες
3113 2506 3125 2520 ·
3167 2490 3283 2542 ἀλλ’
3312 2487 3380 2560 ἦν
3418 2491 3672 2546 ἁλύουσα
3707 2495 3802 2563 τὴν

2216 2580 2468 2651 καρδίαν,
2528 2582 2829 2651 πέμπουσα
2883 2599 2942 2633 τε
3002 2583 3279 2651 πανταχοῦ
3344 2584 3468 2652 γῆς,
3552 2588 3809 2639 κάκεῖνον

516 2675 769 2746 Cumque
818 2675 984 2746 Myris
1022 2675 1197 2746 Lycia:
1249 2674 1386 2729 urbe
1425 2689 1545 2729 esse
1580 2674 1883 2739 didicisset,
1928 2673 2110 2727 multis

2222 2669 2575 2739 ιπιζητοῦσα.
2625 2671 2778 2723 Ἐπεὶ
2813 2671 2869 2723 δὲ
2922 2670 3086 2739 μάθοι
3116 2673 3174 2723 tv
3215 2672 3429 2743 Μύροις
3470 2674 3641 2726 αὐτὸν
3670 2672 3806 2728 εἶναι

516 2784 704 2826 secum
736 2768 957 2824 famulis
987 2782 1041 2823 et
1077 2768 1292 2823 ancillis
1338 2768 1659 2837 assumptis,
1694 2767 1810 2838 ipsa
1843 2766 2028 2821 tunica
2060 2765 2110 2818 in

2222 2762 2316 2831 τῆς
2354 2762 2584 2823 Λυκίας,
2632 2762 2876 2823 πολλοὺς
2918 2761 3029 2815 τῶν
3081 2764 3381 2817 νεανίσκων
3428 2764 3684 2821 λαϐοῦσα
3716 2769 3806 2821 καὶ

517 2862 800 2933 penulam,
830 2861 1044 2915 virilem
1074 2862 1126 2915 in
1154 2860 1418 2932 speciem,
1462 2867 1821 2921 commutata,
1858 2857 1926 2911 ad
1955 2857 2115 2911 illum

2220 2854 2545 2917 παιδισκῶν,
2574 2856 2691 2908 κατ’
2723 2856 2891 2927 ἄνδρα
2922 2856 2978 2909 δὲ
3002 2857 3095 2911 τὸν
3128 2857 3333 2929 χιτῶνα
3372 2862 3453 2922 εἰς
3502 2861 3810 2931 ἐπενδύτην

517 2969 717 3027 magno
750 2969 873 3009 cum
931 2953 1209 3009 desiderio
1261 2953 1599 3023 spiritusque
1646 2952 1842 3005 ardore
1875 2951 2110 3021 profecta

2222 2948 2630 3020 μεταΰαλοῦσα,
2670 2950 2837 3022 ἀπῄει
2885 2952 3023 3021 πρὸς
3070 2953 3255 3017 αὑτὸν,
3301 2954 3443 3021 μετά
3485 2973 3551 3022 γε
3601 2956 3799 3009 πολλοῦ

516 3055 623 3101 est.
655 3046 830 3111 Quem
855 3045 1019 3115 Myris
1046 3044 1114 3097 de
1142 3043 1308 3098 rebus
1330 3043 1531 3098 divinis
1559 3042 1924 3099 disserentem
1952 3045 2107 3100 inve-

2218 3043 2385 3095 πόθου
2456 3045 2549 3096 καὶ
2587 3042 2792 3111 θερμοῦ
2830 3042 3165 3109 πνεύματος.
3205 3046 3464 3116 Εὑρίςκει
3514 3048 3812 3115 τοιγαροῦν

518 3136 620 3202 sit,
660 3137 845 3207 illique
902 3136 1176 3199 desubito,
1220 3134 1357 3190 nihil
1395 3135 1501 3190 tale
1556 3136 1887 3205 praescienti,
1918 3144 2062 3190 astat
2096 3153 2109 3189 :

2228 3134 2443 3186 Παῦλον
2482 3136 2540 3187 tv
2587 3135 2824 3207 Μύροις,
2886 3137 2954 3189 τὰ
3015 3136 3149 3208 περὶ
3202 3136 3339 3190 Θεοῦ
3394 3138 3810 3205 διαλεγόμενον,

516 3244 679 3299 quam
727 3238 788 3283 ut
840 3227 930 3283 ille
995 3228 1261 3297 turbaque
1305 3242 1428 3295 qua:
1476 3241 1583 3280 una
1637 3227 1846 3291 aderat,
1882 3226 2112 3296 aspexit,

518 3332 745 3392 stupore
791 3320 1069 3389 perculsus
1097 3326 1200 3382 est,
1248 3334 1318 3373 ne
1343 3318 1487 3387 quod
1524 3318 1758 3384 videbat,
1790 3334 1931 3375 nova
1970 3328 2115 3375 esset

518 3415 769 3477 tentatio,
805 3427 989 3469 secum
1043 3419 1323 3483 reputans.
1372 3410 1575 3466 Thecla
1606 3420 1788 3467 autem
1823 3412 2112 3475 accedens,

517 3508 742 3575 Accepi,
797 3507 995 3575 inquit,
1039 3521 1072 3558 o
1103 3504 1290 3567 Paule,
1334 3504 1633 3566 lavacrum,
1666 3502 1759 3570 qui
1809 3502 1955 3555 enim
2010 3516 2115 3555 una

520 3608 704 3652 tecum
755 3608 1014 3667 operatus
1064 3605 1149 3650 est
1201 3594 1258 3647 in
1319 3592 1695 3665 Evangelium,
1728 3594 1859 3647 mihi
1897 3608 2117 3664 quoque

522 3692 610 3745 ille
641 3691 778 3760 ipse,
813 3700 871 3743 ut
928 3688 1203 3752 abluerer,
1235 3686 1529 3743 concessit.
1559 3687 1697 3741 Tum
1735 3686 1937 3741 Paulus
1968 3687 2114 3741 illam

520 3784 588 3837 ad
618 3798 677 3836 se
709 3791 983 3851 receptam
1013 3783 1066 3833 in
1102 3780 1327 3833 domum
1362 3777 1629 3831 llermeize
1668 3776 1908 3833 deduxit.
1934 3776 2117 3845 ibique

524 3872 823 3943 sigillatim,
864 3884 1205 3940 quaecunque
1259 3867 1359 3923 sibi
1414 3866 1716 3921 Antiochia:
1766 3865 2115 3933 accidissent,

524 3963 728 4020 Thecla
760 3964 927 4018 Paulo
960 3973 1183 4018 enarrat
1221 3978 1235 4015 :
1269 3971 1328 4015 ut
1360 3962 1654 4030 plurimum
1685 3970 1739 4013 et
1769 3959 1857 4013 ille
1886 3959 2115 4013 mirare-

528 4067 640 4122 tur,
672 4067 725 4111 et
757 4054 1098 4109 audientium
1132 4051 1267 4106 fides
1293 4050 1730 4115 confirmaretur,
1768 4048 2116 4119 Tryphaena:-

524 4165 632 4220 que
686 4147 1080 4219 benignitatem
1138 4145 1557 4215 amplectentes.
1605 4157 1703 4213 pro
1772 4142 1888 4212 ipsa
1946 4141 2117 4196 Deum

525 4240 956 4311 depreCarentur
992 4257 1004 4292 :
1038 4242 1183 4308 quod
1238 4252 1490 4306 magnam
1533 4236 1621 4289 illa
1654 4235 1771 4289 auri
1807 4245 1862 4289 et
1908 4234 2117 4307 argenti

525 4336 870 4402 vcstiumque
902 4332 1137 4399 copiam,
1170 4344 1267 4398 per
1305 4327 1562 4381 Theclam
1612 4326 1676 4380 ad
1717 4326 1968 4392 Paulum,
2010 4342 2119 4396 quo

530 4425 868 4496 pauperibus
895 4430 1334 4487 succurreretur,
1367 4418 1627 4473 misisset.

598 4608 743 4662 Xlll.
776 4608 974 4663 Thecla
1016 4622 1181 4678 porro
1232 4621 1297 4661 ex
1336 4604 1489 4659 Pauli
1537 4604 1805 4658 sententia
1848 4620 1970 4657 cum
2006 4603 2119 4659 leo—

529 4704 677 4757 ninm
743 4704 1108 4771 pervenisset,
1165 4700 1262 4754 Dei
1318 4702 1542 4752 verbum
1592 4697 1794 4753 ibidem
1844 4698 2115 4751 docebat:

526 4791 907 4861 accedensque
977 4785 1306 4859 Onesiphori
1381 4786 1604 4842 domum
1640 4826 1653 4847 ,
1745 4801 1811 4839 eo
1870 4783 1973 4839 loci
2029 4783 2117 4837 ubi

529 4884 731 4939 Paulus
807 4883 999 4937 sedere
1068 4892 1125 4935 et
1194 4881 1392 4935 docere
1445 4879 1703 4943 solebat,
1765 4891 1885 4931 sese
1969 4876 2119 4929 humi

528 4976 849 5051 proswrnit.
883 4974 1031 5029 Talis
1061 4982 1145 5029 est
1196 4974 1343 5028 enim
1373 4971 1633 5026 desiderii
1668 4971 1768 5033 vis,
1802 4979 1859 5024 ut
1903 4969 2121 5039 quando

529 5070 848 5141 ipsummet,
878 5082 1041 5137 quem
1084 5064 1269 5120 videre
1286 5072 1527 5133 exoptat,
1561 5063 1759 5117 habere
1790 5078 1897 5115 non
1931 5064 2120 5133 possit,

529 5162 735 5233 aliquid
782 5158 997 5223 eorum,
1023 5174 1143 5227 qua:
1194 5158 1263 5211 ad
1298 5157 1449 5210 illum
1502 5157 1899 5226 pertinuerant,
1940 5156 2121 5209 ardori

528 5255 678 5310 illius
704 5252 955 5308 solatium
991 5250 1225 5305 adferat.
1264 5248 1456 5319 Magno
1489 5248 1651 5317 igitur
1686 5263 1808 5323 cum
1842 5248 2038 5319 gaudio
2068 5248 2123 5300 in

530 5356 734 5402 terram
768 5343 1154 5415 procumbens,
1177 5341 1368 5396 calidis
1398 5356 1514 5395 eam
1571 5340 1819 5409 Iacryinis
1865 5355 2125 5409 consper-

532 5438 713 5510 gebat,
747 5450 1052 5505 manusque
1106 5435 1158 5487 in
1190 5434 1491 5489 orationem
1520 5433 1859 5501 expandcns,
1882 5430 2122 5497 Gratias,

531 5530 729 5599 inquit,
756 5526 850 5583 tibi
869 5542 990 5597 ago,
1018 5526 1244 5580 Domine
1276 5524 1417 5579 Deus
1439 5540 1617 5589 meus,
1644 5534 1697 5579 et
1726 5524 1889 5595 hujus
1906 5525 2123 5589 domus,

531 5621 624 5676 ubi
679 5629 738 5673 tu
795 5617 1014 5671 Christe
1057 5616 1207 5680 Jesu,
1247 5614 1346 5669 Fili
1400 5615 1492 5669 Dei
1552 5614 1807 5680 viventis,
1848 5614 1977 5668 mihi
2034 5615 2125 5669 lux

537 5709 944 5780 respicnduiSti,
985 5710 1077 5779 qui
1121 5708 1251 5761 mihi
1289 5708 1506 5778 adjutor
1540 5708 1593 5761 in
1631 5723 1873 5773 carcere,
1911 5709 2127 5777 adjutnr

538 5810 588 5860 in
617 5803 863 5876 przeside,
900 5802 1115 5873 adjutor
1144 5803 1195 5857 in
1229 5802 1419 5859 bestiis
1444 5810 1495 5857 et
1523 5802 1644 5873 igne
1668 5800 1815 5856 fuisti
1854 5820 1865 5854 :
1904 5804 2125 5873 gratias,

2226 3227 2321 3279 καὶ
2342 3226 2539 3299 ἀθρόον
2572 3229 2726 3301 αὐτῷ
2752 3231 3089 3301 παρίσταται
3116 3230 3285 3300 μηδὲν
3308 3230 3659 3298 προμαθόντι
3683 3247 3699 3263 ·
3723 3232 3813 3284 τὸν

2223 3317 2303 3383 6t,
2332 3320 2555 3390 ἐκείνην
2594 3337 2653 3373 τε
2686 3320 3052 3388 θεασάμενον,
3088 3319 3181 3370 καὶ
3210 3319 3271 3369 τὸ
3298 3318 3429 3387 περὶ
3472 3319 3650 3389 αὐτὴν
3684 3321 3817 3391 πλῆ-

2226 3407 2340 3471 θος,
2379 3408 2643 3478 ἔκπληξις
2679 3404 2813 3479 εἶχε,
2841 3408 3217 3479 λογιζόμενον,
3260 3409 3334 3478 μὴ
3377 3409 3473 3461 καὶ
3499 3414 3816 3482 πειρασμὸς

2225 3500 2413 3571 ἕτερος
2526 3502 2587 3552 τὸ
2616 3502 2965 3568 φαινόμενον.
2994 3498 3172 3553 Θέκλα
3194 3500 3249 3553 δὲ
3268 3502 3512 3553 συνεῖσα·
3555 3503 3815 3571 Ἐλαὸον,

2226 3592 2353 3665 ἔφη,
2382 3593 2443 3647 τὸ
2474 3594 2726 3665 λουτρὸν,
2760 3593 2962 3649 Παῦλε.
3000 3595 3253 3666 ΚαὶὙάρ
3289 3596 3315 3648 ὁ
3343 3600 3703 3667 συνεργήσας
3736 3615 3818 3651 σοι

2228 3688 2363 3757 πρὸς
2393 3688 2454 3739 τὺ
2490 3688 2849 3757 Εὐαγγέλιον,
2880 3690 3049 3758 κάμοὶ
3074 3683 3229 3752 οὗτος
3265 3690 3401 3759 πρὸς
3428 3691 3487 3744 τὺ
3512 3691 3819 3749 λούσασθαι

2230 3782 2660 3851 συνεψηφισατο.
2736 3782 2844 3834 Καὶ
2907 3783 3207 3851 λαϐόμενος
3250 3784 3425 3853 αὐτῆς
3486 3788 3516 3837 ὁ
3578 3774 3817 3855 Παῦλος,

2211 3874 2492 3945 ,ἀπήγαγε
2528 3874 2666 3945 πρὸς
2688 3874 2779 3928 τὸν
2804 3870 2956 3927 οἷκον
3004 3872 3268 3945 Ερμείου,
3305 3873 3439 3929 ἔνθα
3470 3879 3620 3932 κατὰ
3650 3882 3820 3951 μέρος

2202 3968 2598 4047 ,ᾶπαντα,ὂσα
2650 3965 3002 4039 συμόὲὁηκεν
3043 3971 3102 4021 tv
3166 3968 3496 4041 Ἀντιοχείᾳ,
3550 3974 3583 4043 ἡ
3636 3972 3822 4031 Θέκλα

2225 4051 2305 4124 τῷ
2338 4058 2536 4126 Παύλῳ
2562 4059 2819 4128 διασαιρεῑ
2843 4075 2856 4089 ⁸
2891 4060 2966 4123 ὡς
3009 4061 3182 4115 πολλὰ
3221 4064 3474 4116 κάκεῖνον
3502 4063 3816 4136 Θαυμάσαι,

2228 4149 2327 4201 καὶ
2364 4149 2463 4203 τὴν
2520 4148 2631 4202 τῶν
2689 4150 3004 4203 ἀκουόντων
3065 4152 3532 4223 ἐπιστηριχθῆναι
3601 4160 3814 4223 πίοτιν,

2229 4242 2549 4314 Τρυφαίνης
2582 4259 2640 4296 τε
2706 4242 2768 4296 τὸ
2803 4241 3088 4313 εὔγνωμον
3146 4244 3593 4314 ἀποδεξαμένους
3652 4251 3821 4319 ὑπερ-

2238 4336 2501 4403 εύξασθαι
2550 4339 2775 4408 ταύτης.
2809 4337 3095 4405 Τρύφαινα
3128 4338 3230 4410 μὶν
3250 4334 3343 4393 οὖν
3368 4338 3566 4409 συχνὸν
3594 4344 3822 4412 χρυσίον

2152 4468 2195 4523 D
2228 4447 2285 4482 τε
2326 4431 2419 4482 καὶ
2443 4430 2725 4501 ἀργύριον,
2760 4430 2897 4500 πρὸς
2927 4430 2983 4483 δὲ
3013 4433 3108 4485 καὶ
3132 4432 3451 4503 ἱματισμὸν,
3489 4434 3583 4488 διὰ
3608 4436 3820 4507 Θέκλης

2226 4524 2303 4594 τῷ
2345 4524 2542 4591 Παύλῳ
2584 4524 2795 4593 πέμπει
2834 4525 3163 4577 διακονοῦσα
3200 4528 3419 4596 πένησι.

2300 4617 2399 4670 ll".
2430 4617 2611 4669 Θέκὶα
2641 4617 2696 4666 δὲ
2746 4615 2943 4685 γνώμῃ
2985 4616 3068 4667 lla
3094 4615 3221 4668 ὑλου
3265 4620 3347 4679 εἰς
3402 4618 3627 4673 Ἰκόνιον
3670 4641 3824 4690 γενε-

2234 4707 2394 4775 μένη,
2440 4704 2532 4755 τὸν
2560 4703 2655 4755 τοῦ
2688 4702 2823 4755 θεοῦ
2855 4704 3014 4772 λόγον
3049 4704 3334 4760 ἐδίδασκεν
3361 4723 3375 4738 ’
3414 4707 3743 4764 ἀπελθοῦσα
3762 4713 3818 4764 δὲ

2230 4795 2325 4846 καὶ
2352 4795 2431 4855 εἰς
2446 4793 2531 4844 τὸν
2551 4792 2907 4863 Ὀνησιφόρου
2934 4787 3105 4859 οἷκον,
3126 4798 3336 4863 πέμπει
3355 4796 3413 4849 τὸ
3430 4814 3503 4849 πα
3514 4798 3583 4868 ρὰ
3602 4800 3822 4870 ἔδαφος,

2233 4883 2367 4934 ὅπου
2406 4881 2615 4943 Παῦλος
2646 4876 2712 4952 ἦν
2764 4878 3131 4950 καθεζόμενος
3167 4885 3262 4935 καὶ
3309 4884 3601 4940 διδάσκων.
3638 4889 3827 4941 Τοιοῦ-

2229 4992 2321 5029 τον
2353 4975 2458 5042 γὰρ
2492 4975 2518 5025 ό
2557 4974 2744 5038 πόθος,
2776 4974 2907 5029 ὅταν
2949 4975 3115 5027 αὑτὸν
3174 4977 3387 5030 ἐκεῖνον
3429 4977 3505 5049 μὴ
3559 4978 3679 5049 ἔχοι
3730 4984 3825 5033 τὸν

2235 5067 2580 5137 ποθούμενον
2618 5066 2885 5139 καθορᾷν,
2933 5068 3175 5122 ποιεῖταί
3206 5085 3259 5121 τι
3289 5069 3401 5121 τῶν
3448 5072 3674 5124 ἐκείνου
3723 5073 3823 5141 τῆς

2234 5160 2433 5229 φλογὸς
2465 5160 2839 5230 παραμύθιον.
2878 5161 3126 5214 ιΙεσοῦσα
3150 5162 3330 5215 τοίνυν
3358 5162 3457 5215 σὺν
3490 5159 3654 5235 ἡδονῇ
3687 5165 3824 5235 προς

2232 5250 2295 5302 τὸ
2338 5248 2559 5315 ἔδαφος,
2589 5249 2822 5320 δάκρυσι
2855 5248 3014 5302 τοῦτο
3058 5249 3285 5321 θερμοῖς
3314 5249 3541 5303 ἔϐαλλεν
3566 5269 3581 5282 ·
3637 5253 3825 5317 ἄρασα

2236 5355 2295 5392 τε
2330 5340 2519 5409 χεῖρας
2578 5339 2658 5401 είς
2706 5341 3045 5409 προσευχὴν,
3090 5338 3419 5410 Εὑχαριστῶ
3467 5357 3575 5403 σοι,
3640 5340 3821 5410 ἔλεγε,

2236 5432 2408 5501 Κύριε
2440 5432 2625 5497 ῥΘεός
2662 5448 2786 5501 μου,
2819 5435 2914 5485 καὶ
2949 5432 3104 5485 τοῦδε
3145 5432 3241 5486 τοῦ
3273 5433 3426 5485 οἴκου
3462 5433 3596 5485 ἔνθα
3640 5452 3733 5505 μοι
3762 5436 3823 5487 τὸ

2238 5521 2352 5589 φῶς
2382 5520 2656 5591 ἔλαμψας,
2692 5521 2893 5591 Χριστὲ
2941 5517 3139 5590 Ἰησοῦ,
3175 5521 3271 5576 Υἱὲ
3303 5520 3399 5575 τοῦ
3433 5521 3637 5587 ζῶντος
3663 5524 3823 5587 Θεοῦ,

2236 5615 2263 5665 ὁ
2298 5615 2423 5683 ἐμοὶ
2458 5613 2652 5683 βοηθὸς
2690 5616 2745 5665 ἐν
2778 5613 2997 5683 φυλακῇ
3029 5614 3347 5683 γενόμενος,
3378 5613 3571 5685 βοηθὸς
3606 5618 3665 5668 tv
3697 5620 3829 5687 ἠγε-

2241 5707 2386 5773 μόνι,
2440 5704 2632 5774 βοηθὸς
2684 5707 2740 5756 ἐν
2786 5703 3009 5775 θηρίοις.
3031 5720 3089 5757 τε
3142 5705 3239 5756 καὶ
3283 5705 3441 5777 πυρί.
3499 5706 3826 5779 Εὑχαριστῶ

2230 5816 2349 5866 τοι,
2390 5799 2468 5851 ὅτι
2498 5798 2661 5861 αὐτος
2702 5798 2864 5867 μόνος
2893 5792 2942 5850 εἷ
2980 5796 3135 5862 Θεὸς,
3164 5796 3258 5851 καὶ
3295 5799 3378 5852 σοὶ
3436 5799 3583 5870 μόνῳ
3624 5802 3826 5871 πρέπει
