3956 6468
133 445 239 508 889

1191 435 1652 497 MARTYRIUM
1692 436 1752 494 S.
1795 430 2315 494 CALLISTRATI.

3292 427 3396 489 890

135 555 332 619 λόγος’
375 569 393 602 ι
427 548 591 602 Δεῦτε
631 548 767 620 πρός
819 565 910 620 με,
942 547 1142 612 πάντες
1194 550 1243 600 οί
1275 545 1574 608 κοπιῶντες
1631 546 1724 596 καὶ

1846 543 1902 595 :it
1935 559 1946 592 :
1986 559 2002 591 ε
2046 538 2238 593 \‘enite
2271 538 2336 592 ad
2365 551 2472 600 me,
2501 550 2690 590 omnes
2722 535 2813 605 qui
2859 535 3122 589 laboratis
3159 544 3213 588 et
3265 549 3396 586 one—

141 643 601 714 πεφορτισμένοι,
670 639 824 709 κάγὼ
881 638 1180 694 ἀναπαύσω
1239 639 1408 708 ὑμᾶς.
1478 637 1716 707 Χαίρετε

137 734 463 802 τοιγαροῦν,
527 735 689 802 ὑμεῖς
746 733 841 786 καὶ
889 731 1249 799 ἀγαλλιᾶσθε,
1311 731 1396 783 ὅτι
1447 730 1476 781 ὁ
1528 729 1718 798 μισθὸς

144 826 300 895 ὑμῶν
327 825 496 887 πολὺς
515 826 572 878 έν
592 827 705 888 τοῖς
731 826 1000 895 οὐρανοῖς.
1033 842 1050 873 ι
1078 823 1264 877 Ταῦτα
1285 821 1478 886 εἰπὼν,
1505 824 1599 874 καὶ
1622 821 1722 885 τὰς

143 920 338 988 χεῖρας
368 917 562 989 διάρας
587 920 665 982 είς
701 917 954 987 ούρανὸν,
989 915 1187 986 Κύριε,
1229 913 1406 977 εἶπεν,
1435 917 1463 968 6
1497 917 1553 969 έν
1585 915 1724 984 ὑψη-

143 1011 257 1072 λοῖς
284 1009 578 1074 κατοικῶν,
601 1010 694 1061 καὶ
718 1008 787 1060 τά
813 1007 1050 1062 ταπεινά
1072 1007 1308 1076 ἐφορῶν,
1329 1007 1426 1058 καὶ
1448 1005 1722 1075 διαμένων

144 1103 229 1163 εἰς
262 1102 393 1163 τοὺς
437 1099 657 1164 αἰῶνας,
693 1098 844 1151 ἔπιδε
890 1099 978 1150 ἐπὶ
1013 1099 1071 1150 τὸ
1101 1098 1292 1166 μικρόν
1333 1113 1426 1148 σου
1475 1097 1725 1166 ποίμνιον

145 1193 336 1257 τοῦτο,
369 1193 465 1245 καὶ
500 1193 678 1260 πάσης
712 1191 916 1261 βλάϐης
937 1191 1233 1260 ὁρωμένων
1265 1205 1323 1241 τε
1355 1191 1449 1242 καὶ
1480 1189 1727 1258 ἀοράτων

146 1284 339 1354 θηρῶν
366 1285 731 1353 συντήρησον’
757 1284 840 1336 ὅτι
863 1284 1025 1352 μόνον
1051 1282 1317 1351 ὑπάρχεις
1335 1279 1727 1350 δεδοξασμένος

153 1379 240 1437 είς
270 1377 400 1439 τοὺς
437 1376 661 1438 αἰῶνας.
718 1375 910 1444 ⁹Αμήν.

219 1471 294 1523 Z'.
319 1469 506 1524 Ταῦτα
547 1469 668 1522 ἐπεὶ
692 1469 949 1538 γνώριμα
981 1467 1228 1534 κατέστη
1253 1466 1328 1535 τῷ
1357 1465 1727 1535 στρατηλάτῃ,

146 1563 289 1630 προς
324 1562 385 1614 τὸ
412 1560 775 1630 στρατόπεδον
800 1559 1028 1623 ἀπιδὼν,
1072 1558 1154 1628 Νὴ
1185 1557 1275 1612 τὸν
1323 1557 1727 1625 λαμπρότατον,

147 1650 331 1713 εἶπεν,
363 1654 539 1724 ἥλιον,
570 1655 826 1723 μεγάλων
873 1653 1290 1722 ἀναπέπλησται
1341 1649 1606 1721 γοητειῶν
1645 1648 1733 1700 οὐ·

147 1747 295 1800 στοαί.
349 1747 461 1817 Τήν
493 1763 552 1799 τε
583 1747 692 1817 γὰρ
719 1747 899 1817 ὁρμὴν
922 1745 1017 1798 τοῦ
1053 1744 1246 1804 ὓδατος
1275 1741 1562 1810 ἐπέδησεν,
1585 1741 1731 1791 ἀπαο

1822 632 1923 685 rati
1950 633 2104 704 estis,
2131 641 2188 684 et
2233 645 2336 699 ego
2368 627 2608 683 reﬁciam
2639 643 2735 682 vos
2764 629 2828 680 “.
2876 625 3120 681 Gaudete
3169 641 3299 695 ergo
3346 637 3401 678 ct

1823 721 2114 785 exsultate,
2165 719 2424 789 quoniam
2476 732 2688 772 merces
2726 725 2904 772 vestra
2950 716 3170 786 cepiosa
3213 725 3298 768 est
3345 717 3397 767 in

1822 816 1975 871 caelis
2009 816 2076 868 ".
2122 835 2140 866 ι
2174 813 2300 868 Haec
2329 826 2452 866 cum
2481 810 2729 867 dixisset.
2773 819 2829 863 et
2883 823 3076 862 manus
3105 807 3169 860 ad
3201 806 3398 861 cmlum

1825 910 2136 966 sustulisset
2173 925 2186 963 :
2217 906 2466 967 Domine,
2515 903 2670 962 dixit.
2705 903 2794 972 qui
2821 903 2872 954 in
2903 901 3056 956 caelis
3089 900 3319 960 habitas,
3350 912 3404 951 et

1828 999 2053 1055 humilia
2101 996 2330 1066 respicis
2371 997 2435 1057 η,
2485 1004 2538 1048 et
2591 1007 2879 1064 permanes
2948 992 3000 1044 in
3080 990 3280 1045 saecula
3329 990 3398 1047 ".

1827 1091 2010 1160 aspice
2043 1088 2110 1144 ad
2141 1089 2285 1141 hunc
2315 1101 2540 1156 parvum
2579 1097 2731 1138 tuum
2768 1098 3004 1154 gregem,
3057 1093 3112 1136 et
3140 1095 3403 1136 conserva

1828 1184 1896 1238 ab
1929 1183 2079 1236 omni
2124 1180 2345 1245 damno,
2407 1186 2516 1230 tam
2576 1177 2896 1238 bestiarum,
2952 1190 3072 1244 quae
3131 1174 3402 1229 videnlur.

1828 1291 1990 1345 quam
2039 1287 2160 1342 quae
2208 1271 2311 1326 sub
2358 1277 2637 1338 aspectum
2697 1281 2808 1320 non
2861 1266 3083 1320 cadunt.
3140 1264 3405 1330 Quoniam

1829 1367 1982 1420 solus
2009 1379 2070 1420 es
2097 1362 2427 1433 glorificatus
2465 1362 2518 1415 in
2547 1359 2741 1415 secula
2781 1356 3134 1412 saeculorum.
3170 1358 3366 1410 Amen.

1903 1477 2009 1533 γη.
2050 1476 2346 1546 Postquam
2395 1476 2509 1528 haec
2551 1474 2770 1529 fuerunt
2822 1473 3035 1542 cognita
3081 1471 3204 1524 duci
3249 1485 3407 1524 exer-

1835 1571 1979 1624 citus
2015 1587 2028 1623 :
2061 1567 2163 1622 Per
2214 1566 2639 1624 lucidissimum.
2689 1564 2892 1632 inquit.
2941 1562 3136 1626 solem,
3190 1560 3279 1614 hlc
3324 1570 3410 1612 est

1836 1661 2047 1730 magnis
2075 1659 2316 1728 repletus
2357 1657 2670 1725 praestigiis.
2700 1654 2833 1708 Nam
2882 1663 2934 1708 et
2967 1669 3120 1723 aquae
3155 1653 3412 1720 repressit

1839 1753 2126 1822 impetum,
2175 1763 2465 1817 emergens
2513 1746 2714 1800 illaesus
2752 1760 2781 1798 a
2827 1747 2983 1799 malis
3023 1761 3036 1795 ι
3081 1753 3131 1797 et
3190 1744 3307 1801 hos.
3355 1751 3414 1794 ut

149 1841 256 1902 θὴς
287 1839 475 1891 κακῶν
505 1839 723 1899 ἀναδὺς,
755 1837 850 1889 καὶ
875 1837 1120 1899 τούτους,
1148 1836 1223 1894 ὼς
1277 1833 1515 1904 προέφη,
1562 1847 1732 1884 καταο

1846 1841 2110 1912 praedixit,
2180 1840 2426 1904 attraxit,
2502 1852 2692 1892 eorum
2746 1836 3132 1906 pmtringciis
3203 1832 3409 1886 oculos.

149 1929 390 1998 γοητεία
469 1926 841 1978 έπεσπάσατο.
903 1921 1036 1978 Εἶτα
1095 1924 1360 1993 στραφεὶς
1450 1922 1587 1993 πρὸς
1646 1921 1734 1974 τὸν

153 2020 434 2088 μάρτυρα,
479 2016 620 2084 Ἐγώ
677 2032 795 2078 σου,
838 2017 963 2083 ἔφη,
1003 2015 1101 2074 τας
1152 2016 1408 2083 γοητείας
1458 2012 1734 2080 διελέγξω,

153 2110 563 2179 Καλλίστρατε·
607 2109 720 2162 Ούκ
749 2108 828 2169 είς
857 2105 1074 2175 μακρὰν
1103 2105 1157 2157 δὲ
1182 2107 1301 2177 εῐσῃ
1332 2106 1413 2166 τίς
1458 2105 1554 2172 μὲν
1600 2106 1738 2170 Περ-

153 2200 404 2270 σερτίνός
453 2199 673 2261 ὲοτιν,ὁ
703 2196 810 2248 τῶν
864 2195 1121 2263 μεγάλων
1169 2193 1307 2246 θεῶν
1356 2195 1732 2261 θεραπευτήςο

149 2293 236 2353 τίς
266 2290 322 2340 δὲ
345 2293 370 2339 ὁ
392 2285 808 2355 ἐσταυρωμένος
835 2284 896 2336 ὃν
922 2285 1081 2346 αύτός
1123 2301 1180 2336 τε
1218 2285 1414 2346 σέϐεις,
1457 2283 1550 2336 καὶ
1580 2284 1666 2352 ἐφ’
1693 2279 1737 2353 ᾧ

156 2379 466 2451 ματαίωςὸ
502 2380 807 2446 κατάρατος
862 2378 1148 2440 πέποιθας.
1211 2375 1451 2440 Καθίσας
1499 2373 1591 2430 οὖν
1646 2379 1738 2430 ἐπὶ

151 2472 251 2526 τοῦ
275 2471 521 2541 βήματος
540 2471 762 2543 ῥοπάλῳ
790 2469 912 2522 καθ’
934 2471 1029 2523 ’ένα
1054 2469 1268 2522 κελεύει
1296 2470 1592 2523 τύπτεσθαι
1615 2470 1739 2532 τοὺς

151 2565 598 2626 πεπιστευκότας
627 2563 873 2624 ἅπαντας
913 2561 1288 2630 στρατιώτας·
1326 2561 1374 2611 οἳ
1418 2562 1508 2611 καὶ
1536 2561 1738 2612 τυπτό-

160 2672 319 2726 μενοι
355 2653 630 2728 χαλεπῶς,
659 2653 729 2704 τὰ
763 2653 898 2720 μέλη
931 2669 990 2702 τε
1017 2650 1656 2720 κατακλώμενσι,ὦσπερ
1682 2651 1739 2715 ἐξ

155 2751 281 2811 ένος
307 2748 592 2815 στόματος,
625 2743 792 2809 Κύριε
827 2743 1000 2813 Ἰησοῦ
1029 2743 1252 2814 Χριστὲ,
1278 2743 1482 2813 ἔλεγον,
1506 2745 1616 2806 τοῖς
1647 2761 1740 2796 σου

154 2842 370 2902 δούλοις
433 2839 708 2908 ἐπίστηθι,
753 2839 960 2909 βοήθεί,
1003 2841 1093 2892 καὶ
1137 2839 1221 2901 δὸς
1251 2840 1383 2907 ἡμῖν
1425 2839 1524 2908 τὴν
1581 2839 1742 2908 μέχρι

154 2933 349 2993 τέλους
379 2931 656 2999 ὑπομονήν
680 2947 692 2960 ·
719 2931 806 2982 διά
840 2931 897 2982 σὲ
925 2931 1032 2999 γάρ
1070 2931 1162 2981 καὶ
1195 2931 1293 2998 τὴν
1327 2931 1405 2990 είς
1449 2929 1507 2979 σὲ
1558 2931 1743 2981 πίστιν

156 3022 314 3076 οὕτω
340 3021 570 3088 πάσχειν
602 3020 879 3090 εἱλόμεθα.
906 3020 1002 3089 Εῑη
1041 3021 1096 3072 δὲ
1130 3019 1279 3090 παρὰ
1333 3019 1426 3072 σού
1475 3019 1744 3088 φυλαττό-

161 3131 329 3184 μενος
379 3115 476 3165 καὶ
526 3115 552 3164 ὁ
611 3113 883 3182 ἡμέτερος
936 3112 1252 3176 διδάσκαλός
1295 3129 1354 3164 τε
1391 3115 1485 3166 καὶ
1539 3113 1744 3183 ποιμὴν

1845 1934 2049 1989 Deinde
2089 1946 2391 1986 conversus
2427 1933 2492 1984 ad
2523 1938 2814 1998 martyrem
2847 1945 2860 1982 :
2902 1927 3012 1997 Ego
3040 1935 3182 1989 tuas,
3218 1924 3412 1991 inquit,

1844 2025 2088 2080 refellam
2141 2023 2474 2092 prsestigias,
2544 2036 2576 2074 ο
2628 2019 2955 2075 Callistrate.
3011 2016 3168 2070 Brevi
3235 2024 3413 2069 autem

1841 2117 2004 2178 scies,
2034 2115 2282 2183 quisnam
2315 2114 2382 2166 sit
2428 2113 2646 2180 quidem
2683 2112 3055 2172 Persentinus,
3100 2123 3414 2176 magnorum

1843 2208 2072 2262 deorum
2103 2205 2281 2260 cultor
2321 2203 2487 2270 :quis
2542 2211 2722 2254 autem
2772 2199 3096 2263 Crucilixus,
3141 2213 3303 2267 quem
3361 2206 3417 2251 et

1845 2301 1963 2368 ipse
1999 2298 2154 2359 colis,
2188 2307 2243 2351 et
2271 2297 2322 2349 in
2357 2310 2464 2364 quo
2491 2293 2860 2348 cxsecrandus
2903 2291 3139 2345 inaniter
3167 2290 3414 2344 conlidis.

1844 2392 1978 2448 Cum
2008 2407 2139 2460 ergo
2167 2391 2397 2444 sedisset
2441 2403 2540 2458 pro
2578 2386 2857 2450 tribunali,
2886 2386 3056 2454 ,jubet
3086 2384 3250 2440 clavis
3297 2399 3419 2437 vero

1861 2482 2040 2536 berari
2067 2495 2260 2534 omnes
2281 2478 2372 2548 qui
2419 2479 2786 2536 crediderant,
2845 2476 3042 2528 milites
3087 2493 3098 2527 :
3135 2475 3225 2541 qui
3255 2472 3417 2526 etiam

1850 2575 1978 2628 dum
2035 2574 2273 2642 graviter
2327 2570 2765 2629 verberarentur,
2821 2575 2877 2620 et
2928 2567 3170 2619 membra
3227 2579 3416 2618 eorum

1847 2660 2352 2729 confringerentur,
2394 2659 2560 2712 veluti
2599 2675 2707 2712 uno
2747 2671 2842 2711 ore
2873 2655 3127 2710 dicebant
3185 2670 3199 2709 :
3241 2651 3420 2705 Domi-

1844 2769 1915 2807 ne
1949 2752 2077 2806 Jesu
2105 2749 2345 2812 Christe,
2384 2749 2528 2801 adsis
2579 2750 2798 2816 adjutor
2849 2749 2956 2800 tttis
2999 2746 3237 2805 famulis,
3271 2754 3326 2798 et
3353 2744 3420 2796 da

1848 2844 2008 2901 nobis
2037 2842 2102 2897 ad
2128 2842 2287 2895 linem
2315 2855 2485 2909 usque
2518 2838 2853 2909 patientiam.
2885 2837 3114 2904 Pr0pter
3155 2847 3208 2888 te
3246 2836 3415 2894 enim.

1848 2952 1903 2994 et
1931 2955 2051 3008 quae
2079 2946 2160 2991 est
2199 2938 2252 2990 in
2293 2947 2342 2990 te
2379 2935 2560 2997 fidem,
2596 2936 2675 2987 sic
2724 2932 2834 3002 pati
2868 2940 3056 2983 nostra
3085 2938 3283 2998 sponte
3310 2937 3421 2981 sta-

1849 3030 2074 3081 tuimus.
2104 3028 2144 3078 A
2177 3038 2228 3078 te
2277 3037 2458 3078 autem
2492 3034 2745 3076 servclttr
2776 3031 2964 3076 noster
3020 3034 3231 3089 quoque
3283 3033 3421 3088 pm-

1848 3128 2038 3189 ceptor
2065 3127 2120 3172 et
2151 3127 2338 3186 pastor
2363 3115 2729 3177 Callistratus,
2757 3124 2814 3166 ut
2848 3123 2944 3180 per
2968 3127 3090 3165 cum
3129 3111 3422 3180 perfectius

161 3206 594 3276 Καλλίστρατος,
619 3205 693 3269 ὡς
723 3207 787 3261 ἄν
827 3223 885 3260 τε
911 3207 1184 3276 λειότερον
1216 3207 1282 3258 δι’
1301 3207 1462 3258 αὑτὸν
1493 3206 1590 3275 τῆς
1614 3208 1738 3258 άσε-

1851 3209 2086 3266 instituti
2145 3209 2197 3262 in
2237 3208 2402 3262 verbo
2461 3206 2702 3276 pietatis,
2749 3204 3078 3271 accipiamus
3127 3204 3419 3256 firmiorem

158 3302 318 3363 ϐείας
352 3301 510 3368 λόγον
542 3299 966 3369 κατηχηθέντες,
1002 3297 1373 3366 βεϐαιωτέραν
1404 3299 1498 3349 καὶ
1517 3297 1614 3364 τὴν
1641 3299 1741 3365 σὴν

158 3397 182 3446 ι
201 3395 460 3462 πίγνωσιν
488 3393 760 3460 λάϐωμεν.
785 3391 896 3444 Νῦν
923 3389 1032 3459 γὰρ
1050 3389 1122 3450 ὡς
1151 3388 1467 3441 ἀπολωλότα
1495 3387 1744 3455 πρόϐατα

157 3486 398 3538 ικὼττιόν
430 3485 522 3535 σού
552 3485 740 3552 ἐσμεν,
773 3481 969 3552 Κύριε.
1004 3480 1133 3549 Ὀψὲ
1165 3482 1220 3533 δέ
1247 3497 1375 3533 ποτε
1403 3480 1498 3550 τῆς
1542 3481 1740 3550 μανίας

158 3580 327 3646 κόρον
381 3575 565 3630 λαϐὼν
603 3577 631 3628 ὀ
690 3577 890 3644 μανίας
946 3575 1125 3642 πάσης
1156 3573 1251 3625 καὶ
1285 3574 1452 3642 ὀργῆς
1489 3573 1745 3641 ἔμπλεως

156 3667 422 3738 ἀνεθῆναι
471 3669 570 3737 μὲν
602 3667 798 3730 αὐτοὺς
832 3665 940 3718 τῶν
995 3670 1280 3734 μαστίγων
1343 3664 1578 3729 κελεύει,
1609 3665 1742 3733 πρὸς

158 3762 218 3813 δὲ
242 3759 344 3830 τὴν
383 3759 630 3828 φρουρὰν
675 3758 988 3826 ἀπαχθῆναι
1041 3756 1558 3826 φυλαχθησομένους
1600 3757 1740 3825 αὐτῇ

163 3854 362 3921 μέχρις
404 3853 470 3902 ἂν
514 3848 900 3916 διασκέψηται,
936 3847 1051 3909 πῶς
1097 3848 1164 3898 τα
1224 3849 1351 3917 περὶ
1409 3847 1506 3916 τῆς
1562 3847 1743 3899 αὐτῶν

158 3947 417 4011 διάθηται
449 3940 747 4004 ἀπωλείας.
782 3941 915 3994 Οὑδὶ
970 3941 1078 4009 γάρ
1123 3943 1358 4011 μετρίως
1399 3941 1564 3994 αὑτοῦ
1616 3941 1746 3994 καθ-

163 4037 318 4088 ίκετο
372 4033 435 4086 τὺ
485 4034 821 4104 πεντήκοντα
873 4034 1232 4104 στρατιώταις
1301 4033 1462 4092 εὐθὺς
1525 4033 1744 4083 ζλαττον

161 4127 423 4198 γενέσθαι
460 4129 522 4178 τὸ
547 4126 711 4178 αὑτοῦ
741 4127 1079 4194 στράτευμα,
1117 4127 1209 4178 καὶ
1250 4124 1423 4179 ταῦτα
1471 4128 1536 4196 τῇ
1583 4141 1747 4197 μετα-

163 4223 316 4276 θέσει
343 4221 437 4272 καὶ
459 4218 551 4272 τοῦ
593 4218 957 4287 σεϐάσματος.

237 4311 322 4367 Η’.
365 4313 472 4365 Σὺν
502 4311 619 4380 ἅμα
652 4311 782 4379 γοῦν
806 4312 883 4380 τῷ
944 4311 1074 4380 ἱερῷ
1125 4312 1515 4381 Καλλιστράτῳ
1563 4313 1622 4365 τὸ
1657 4313 1746 4364 δε-

169 4409 490 4478 σμωτήριον
555 4404 1004 4473 κατακριθέντες,
1037 4403 1134 4473 τὴν
1174 4405 1347 4473 ἀληθῆ
1405 4403 1744 4470 θεογνωσίαν

163 4500 257 4551 ὑπ’
285 4499 500 4550 έκείνου
535 4495 973 4557 έξεπαιδεύοντο.
1001 4488 1094 4557 Εἷς
1135 4496 1319 4564 μέντοι
1366 4495 1573 4548 τούτων
1602 4497 1742 4550 Δαλ-

1851 3313 1996 3355 tuam
2028 3301 2383 3369 agnitionem.
2415 3299 2570 3352 Nunc
2625 3299 2774 3352 enim
2825 3306 3083 3365 tanquatn
3125 3312 3256 3351 oves
3299 3309 3424 3365 per-

1850 3393 1978 3447 dita:
2006 3405 2197 3446 sumus
2228 3391 2281 3443 in
2337 3400 2634 3457 conspectu
2685 3397 2801 3451 tuo,
2851 3388 3099 3440 Domine.
3169 3388 3304 3440 (Zum
3339 3388 3424 3440 vix

1849 3486 2067 3539 tandem
2123 3491 2308 3536 autem
2352 3480 2556 3534 furoris
2596 3495 2720 3534 eum
2763 3479 3000 3549 cepisset
3034 3479 3277 3540 satietas,
3325 3478 3420 3545 qui

1849 3587 1967 3630 erat
2001 3577 2196 3644 plenus
2229 3573 2381 3626 omni
2437 3571 2626 3626 furore
2668 3582 2721 3626 et
2758 3571 2858 3634 ira,
2895 3585 2988 3624 eos
3016 3569 3232 3638 quidem
3273 3568 3426 3634 jubet

1852 3663 2083 3715 relaxari
2131 3677 2158 3712 a
2214 3661 2462 3729 ﬂagellis,
2517 3661 2710 3714 abduci
2743 3670 2928 3713 autem
3009 3660 3061 3712 in
3096 3660 3423 3719 custodiam,

1851 3744 1986 3808 illic'
2031 3753 2218 3806 tandiu
2277 3751 2689 3811 custodiendos,
2757 3753 2932 3805 donec
2960 3751 3418 3810 consideraverit.

1854 3846 2115 3916 quidnam
2147 3843 2214 3897 de
2261 3857 2450 3896 eorum
2499 3850 2702 3895 statuat
2750 3841 2996 3895 interitu.
3042 3839 3227 3906 Neque
3277 3840 3423 3892 enim

1850 3953 1976 3991 cum
2008 3935 2646 4005 angebatmediocriter,
2697 3934 2843 4002 quod
2893 3932 3281 4000 quinquaginta
3326 3932 3426 3982 mi-

1851 4025 2040 4078 litibus
2073 4022 2328 4090 protinus
2371 4031 2514 4074 esset
2567 4022 2898 4075 minueudus
2925 4024 3215 4081 exercitus,
3268 4018 3427 4085 idque

1853 4121 1923 4176 ob
1957 4128 2224 4175 mutatam
2255 4116 2601 4188 religionem.

1921 4314 2055 4371 Vill.
2123 4313 2296 4370 Simul
2355 4327 2483 4384 ergo
2529 4326 2652 4366 cum
2708 4322 3058 4366 sacrosancto
3116 4309 3426 4364 Callistrato

1850 4409 2086 4463 damnati
2119 4408 2184 4461 ad
2218 4420 2515 4467 carcerem,
2547 4403 2851 4457 didicerunt
2892 4404 2959 4455 ab
2991 4404 3080 4455 illo
3111 4418 3292 4454 veram
3329 4400 3422 4454 Dei

1852 4501 2204 4573 agnitionem.
2238 4496 2391 4552 Unus
2426 4497 2568 4550 enim
2617 4511 2682 4550 ex
2738 4495 2828 4559 iis,
2860 4493 3135 4548 Dalmatus
3183 4494 3422 4557 nomine,

171 4592 340 4656 μάτος
383 4589 578 4654 ὄνομα,
644 4589 700 4638 ὲν
735 4589 920 4656 μέσοις
977 4589 1159 4649 αὐτοῖς
1197 4588 1349 4651 στὰς,
1385 4589 1587 4656 Δέομαί
1623 4605 1738 4654 σου,

1852 4605 2001 4646 stans
2052 4592 2106 4644 in
2156 4589 2334 4644 medio
2362 4604 2551 4643 eorum
2584 4605 2596 4640 :
2630 4586 2778 4656 flogo
2821 4596 2894 4650 te,
2925 4596 3246 4656 prmeeptor,
3298 4585 3427 4638 dicit

165 4679 482 4738 διδάσκαλε,
514 4676 590 4744 τῷ
629 4679 768 4744 ἁγίῳ
800 4679 957 4744 φησὶ,
993 4669 1317 4746 τρανότερον
1352 4679 1496 4744 ἡμᾶς
1524 4679 1594 4730 τά
1625 4678 1743 4730 θεῖα

165 4771 412 4837 δόγματα
463 4765 801 4835 διδαχθῆναι,
862 4768 1003 4821 ὥστε
1066 4768 1156 4819 τὸν
1187 4766 1313 4820 νοῦν
1345 4769 1505 4837 ἡμῶν
1535 4771 1599 4838 τῇ
1653 4768 1746 4821 τοῦ

168 4860 416 4930 Χριστοῦ
454 4861 635 4912 πίστει
679 4860 1063 4930 έδραιωθῆναι,
1097 4860 1300 4928 γνῶναί
1334 4878 1393 4912 τε
1449 4863 1595 4929 ἡμᾶς
1647 4863 1747 4924 τὰς

168 4950 394 5009 ἰλπιδας
431 4950 527 5018 τῆς
563 4950 1021 5018 προσδοκωμένης
1055 4949 1222 5017 ζωῆς,
1265 4950 1350 5000 ἴνα
1399 4951 1616 5018 μηκέτι,
1655 4950 1744 5000 τίιν

168 5039 434 5104 λογισμὶν
466 5039 783 5106 ἀστήρικτοι
820 5038 992 5099 ὄντες,
1023 5038 1421 5104 εὐεξαπάτητοι
1456 5039 1744 5105 γενώμεθα

170 5132 280 5191 τοῖς
306 5127 663 5195 διαστρέφειν
697 5128 840 5195 ἡμᾶς
875 5127 1240 5196 βουλομένοις.
1265 5128 1510 5180 ιἐνέσθω
1535 5131 1590 5180 δὲ
1613 5131 1745 5197 ἡμῖν

169 5225 432 5294 γρὼριμα
493 5222 585 5274 καὶ
617 5221 687 5272 τὰ
727 5222 822 5288 τῆς
847 5222 1163 5290 οἰκονομίας
1208 5224 1508 5292 μυστήρια,
1543 5222 1609 5272 τά
1643 5222 1743 5289 τῆς

172 5316 523 5376 ἀναστάσεώς
581 5331 640 5365 τε
693 5315 786 5366 καὶ
831 5315 926 5383 τῆς
983 5314 1415 5376 ἀνταποδόσεωςο
1472 5313 1593 5363 οὐδὲ
1639 5313 1748 5383 γὰρ

175 5412 422 5478 ἑφθημεν
481 5404 603 5456 οὔτε
663 5408 812 5474 παρὰ
843 5406 948 5457 τῶν
982 5407 1234 5475 πατέρων
1270 5406 1447 5475 ὑμῶν,
1481 5405 1604 5457 οὔτε
1637 5405 1744 5474 μὴν

176 5502 276 5554 ὑπὸ
317 5514 464 5560 τινος
519 5495 683 5547 ἄλλου
726 5495 1067 5564 διδαχθέντες
1123 5514 1179 5547 τι
1231 5498 1624 5566 περὶτούτων.
1685 5499 1743 5547 Ὀ

180 5593 449 5659 μακάριος
483 5587 906 5659 Καλλίστρατος,
933 5587 1206 5649 Ἕκαστος
1235 5590 1408 5658 ὑμῶν,
1445 5586 1592 5654 εἷπε,
1618 5592 1742 5660 περὶ

174 5674 231 5733 οὗ
249 5680 502 5747 βούλεται
537 5679 908 5736 πυνθανέσθω.
940 5699 955 5730 ι
998 5681 1054 5733 Ὀ
1073 5681 1126 5732 δὲ
1156 5681 1284 5744 Θεὸς
1312 5685 1338 5735 ὁ
1361 5682 1626 5735 διδάσκων
1655 5684 1749 5736 ἅν-

241 5868 282 5900 ¹⁹
313 5863 510 5925 Matrb.
553 5884 624 5932 ιι,
653 5867 743 5922 28.
825 5868 860 5898 ¹¹
895 5866 1083 5922 Matth.
1130 5885 1179 5931 γ,
1231 5869 1313 5922 fit.

1397 5872 1434 5899 "
1485 5863 1620 5923 Psal.
1674 5883 1800 5936 cm,
1830 5865 1879 5932 5,
1907 5866 1962 5923 6.

1848 4694 2058 4748 sancto,
2092 4693 2151 4736 ut
2185 4697 2284 4735 nos
2313 4682 2493 4733 divina
2525 4680 2773 4748 dogmata
2821 4679 3115 4732 doceamur
3147 4679 3421 4746 apertius,

1849 4793 1962 4845 quo
1990 4788 2144 4827 mens
2178 4781 2364 4826 nostra
2402 4771 2504 4825 tide
2545 4770 2752 4824 Christi
2787 4769 3110 4832 stabiliatur,
3140 4778 3195 4822 et
3223 4785 3427 4839 cogno-

1848 4881 2065 4920 scamus
2118 4878 2268 4932 spem
2320 4864 2460 4925 vitae,
2498 4878 2615 4930 quae
2657 4871 3025 4928 exspectatur,
3074 4870 3262 4913 utnon
3309 4876 3428 4912 am-

1849 4959 1990 5028 ptius
2019 4955 2301 5009 instabiles
2355 4954 2700 5022 cogitatione,
2737 4953 2888 5007 facile
2935 4953 3107 5022 decipi
3158 4954 3426 5021 possimus

1848 5047 1916 5099 ab
1965 5046 2051 5107 iis,
2103 5045 2193 5112 qui
2261 5060 2358 5096 nos
2406 5043 2595 5094 volunt
2635 5055 2975 5096 convertere.
3032 5043 3162 5094 Nota
3209 5058 3426 5110 quoque

1848 5138 2004 5190 nobis
2036 5137 2267 5189 evadant
2298 5135 2721 5201 dispensationis
2770 5136 2951 5189 carnis
3009 5144 3273 5202 susceptae
3312 5150 3423 5202 my-

1847 5227 2042 5287 steria,
2087 5226 2611 5293 resurrectionisque
2644 5233 2697 5280 et
2732 5225 3200 5278 remunerationis.
3241 5223 3423 5293 Neque

1849 5322 1991 5371 enim
2025 5335 2051 5370 a
2086 5320 2290 5371 nostris
2315 5318 2652 5385 parentibus,
2687 5333 2861 5384 neque
2888 5317 2953 5368 ab
2979 5318 3083 5369 ullo
3113 5319 3218 5370 alio
3242 5319 3306 5369 de
3344 5318 3426 5369 his

1851 5420 2008 5462 antea
2041 5410 2240 5476 aliquid
2273 5407 2576 5461 didicimus.
2608 5406 2802 5462 Beatus
2835 5419 3015 5460 autem
3046 5406 3427 5462 Callistratus:

1856 5501 2233 5566 Unasquisque
2261 5509 2520 5562 vestrum,
2555 5499 2748 5567 inquit,
2774 5499 2838 5553 de
2865 5516 2970 5568 quo
2996 5499 3140 5560 velit,
3191 5500 3428 5551 interro-

1855 5603 1984 5661 get;
2052 5608 2068 5639 ι
2112 5589 2254 5644 Deus
2300 5601 2502 5651 autem,
2553 5593 2642 5658 qui
2701 5592 2858 5644 docet
2919 5591 3192 5645 hominem
3248 5592 3428 5645 scien-

1857 5685 1981 5734 tiam
2007 5683 2068 5745 “,
2110 5703 2124 5732 ι
2163 5685 2318 5737 nobis
2339 5697 2550 5751 quoque
2604 5683 2863 5749 praebebit
2911 5699 3236 5736 sermonem
3264 5699 3426 5737 causa

2039 5867 2079 5902 ¹¹
2109 5867 2248 5921 i‘sal.
2280 5883 2348 5931 ct,
2387 5868 2464 5919 l3.
2546 5868 2584 5902 "'
2628 5868 2760 5921 i'sal.
2801 5883 2945 5931 wn,
2989 5871 3070 5920 Il).
