  <div class='ocr_page' id='page_1' title='image "/cluster/home/n/w/nwhite01/storage/ocr_20150623/115/ien.35556001659887/457.png"; bbox 0 0 3956 6444; ppageno 0'>
   <div class='ocr_carea' id='block_1_1' title="bbox 554 365 661 427">
    <p class='ocr_par' dir='ltr' id='par_1_1' title="bbox 554 365 661 427">
     <span class='ocr_line' id='line_1_1' title="bbox 554 365 661 427; baseline 0.028 -3"><span class='ocrx_word' id='word_1_1' title='bbox 554 365 661 427; x_wconf 87' lang='grc'><strong>895</strong></span> 
     </span>
    </p>
   </div>
   <div class='ocr_carea' id='block_1_2' title="bbox 1787 391 2574 465">
    <p class='ocr_par' dir='ltr' id='par_1_2' title="bbox 1787 391 2574 465">
     <span class='ocr_line' id='line_1_2' title="bbox 1787 391 2574 465; baseline 0.017 -15"><span class='ocrx_word' id='word_1_2' title='bbox 1787 391 2064 452; x_wconf 79' lang='lat' dir='ltr'><strong>MENSIS</strong></span> <span class='ocrx_word' id='word_1_3' title='bbox 2107 392 2574 465; x_wconf 76' lang='lat' dir='ltr'><strong>SEPTEMBEB.</strong></span> 
     </span>
    </p>
   </div>
   <div class='ocr_carea' id='block_1_3' title="bbox 3709 417 3804 479">
    <p class='ocr_par' dir='ltr' id='par_1_3' title="bbox 3709 417 3804 479">
     <span class='ocr_line' id='line_1_3' title="bbox 3709 417 3804 479; baseline 0.011 -1"><span class='ocrx_word' id='word_1_4' title='bbox 3709 417 3804 479; x_wconf 84' lang='lat'><strong>896</strong></span> 
     </span>
    </p>
   </div>
   <div class='ocr_carea' id='block_1_4' title="bbox 556 479 2130 594">
    <p class='ocr_par' dir='ltr' id='par_1_4' title="bbox 556 479 2130 594">
     <span class='ocr_line' id='line_1_4' title="bbox 556 479 2130 558; baseline 0.019 -32"><span class='ocrx_word' id='word_1_5' title='bbox 556 487 662 529; x_wconf 87' lang='lat' dir='ltr'><strong>tem</strong></span> <span class='ocrx_word' id='word_1_6' title='bbox 714 479 839 534; x_wconf 86' lang='lat' dir='ltr'><strong>hinc</strong></span> <span class='ocrx_word' id='word_1_7' title='bbox 877 483 1101 540; x_wconf 89' lang='lat' dir='ltr'><strong>evidens</strong></span> <span class='ocrx_word' id='word_1_8' title='bbox 1137 509 1147 542; x_wconf 94' lang='lat'>:</span> <span class='ocrx_word' id='word_1_9' title='bbox 1189 511 1205 542; x_wconf 80' lang='grc' dir='ltr'><strong>ι</strong></span> <span class='ocrx_word' id='word_1_10' title='bbox 1238 491 1596 550; x_wconf 79' lang='lat' dir='ltr'><strong>Tolerabilius</strong></span> <span class='ocrx_word' id='word_1_11' title='bbox 1631 501 1773 553; x_wconf 90' lang='lat' dir='ltr'><strong>enim</strong></span> <span class='ocrx_word' id='word_1_12' title='bbox 1816 504 1922 557; x_wconf 91' lang='lat' dir='ltr'><strong>erit</strong></span> <span class='ocrx_word' id='word_1_13' title='bbox 1961 504 2130 558; x_wconf 87' lang='lat' dir='ltr'><strong>Sodo-</strong></span> 
     </span>
     <span class='ocr_line' id='line_1_5' title="bbox 556 569 1600 594; baseline 0 0"><span class='ocrx_word' id='word_1_14' title='bbox 556 570 657 594; x_wconf 70' lang='grc'><strong>...1-</strong></span> <span class='ocrx_word' id='word_1_15' title='bbox 707 569 755 594; x_wconf 72' lang='grc' dir='ltr'><strong>ζ..</strong></span> <span class='ocrx_word' id='word_1_16' title='bbox 812 572 888 594; x_wconf 66' lang='grc' dir='ltr'><strong>ΑΙῗ-</strong></span> <span class='ocrx_word' id='word_1_17' title='bbox 937 576 966 594; x_wconf 60' lang='lat' dir='ltr'><strong>I,</strong></span> <span class='ocrx_word' id='word_1_18' title='bbox 1014 579 1044 594; x_wconf 78' lang='grc' dir='ltr'><strong>ιο</strong></span> <span class='ocrx_word' id='word_1_19' title='bbox 1087 581 1118 592; x_wconf 77' lang='grc' dir='ltr'><strong>ι.</strong></span> <span class='ocrx_word' id='word_1_20' title='bbox 1434 590 1442 594; x_wconf 93' lang='grc'><strong>-</strong></span> <span class='ocrx_word' id='word_1_21' title='bbox 1490 590 1499 594; x_wconf 85' lang='grc'><strong>-</strong></span> <span class='ocrx_word' id='word_1_22' title='bbox 1593 592 1600 594; x_wconf 72' lang='lat'><strong><em>_</em></strong></span> 
     </span>
    </p>
   </div>
   <div class='ocr_carea' id='block_1_5' title="bbox 2236 479 3806 594">
    <p class='ocr_par' dir='ltr' id='par_1_5' title="bbox 2237 509 3806 594">
     <span class='ocr_line' id='line_1_6' title="bbox 2237 509 3806 594; baseline 0.012 -34"><span class='ocrx_word' id='word_1_23' title='bbox 2237 509 2402 576; x_wconf 71' lang='grc' dir='ltr'><strong>Δῆλον</strong></span> <span class='ocrx_word' id='word_1_24' title='bbox 2429 513 2472 564; x_wconf 80' lang='grc' dir='ltr'><strong>δ’</strong></span> <span class='ocrx_word' id='word_1_25' title='bbox 2491 513 2760 566; x_wconf 69' lang='grc' dir='ltr'><strong>ἆντεῦθενο</strong></span> <span class='ocrx_word' id='word_1_26' title='bbox 2796 535 2812 566; x_wconf 90' lang='grc' dir='ltr'><strong>ι</strong></span> <span class='ocrx_word' id='word_1_27' title='bbox 2839 518 3215 588; x_wconf 75' lang='grc' dir='ltr'><strong>Ἀνικτότερον</strong></span> <span class='ocrx_word' id='word_1_28' title='bbox 3235 522 3340 591; x_wconf 71' lang='grc' dir='ltr'><strong>γὰρ</strong></span> <span class='ocrx_word' id='word_1_29' title='bbox 3367 523 3520 575; x_wconf 68' lang='grc' dir='ltr'><strong>ἔσται</strong></span> <span class='ocrx_word' id='word_1_30' title='bbox 3558 525 3806 594; x_wconf 80' lang='grc' dir='ltr'><strong>Σοδόμοις</strong></span> 
     </span>
    </p>
   </div>
   <div class='ocr_carea' id='block_1_6' title="bbox 556 569 2127 662">
    <p class='ocr_par' dir='ltr' id='par_1_6' title="bbox 556 569 2127 662">
     <span class='ocr_line' id='line_1_7' title="bbox 556 569 2127 662; baseline 0.018 -43"><span class='ocrx_word' id='word_1_31' title='bbox 556 570 660 622; x_wconf 83' lang='lat' dir='ltr'><strong>mis</strong></span> <span class='ocrx_word' id='word_1_32' title='bbox 704 569 756 622; x_wconf 87' lang='lat' dir='ltr'><strong>in</strong></span> <span class='ocrx_word' id='word_1_33' title='bbox 806 572 892 627; x_wconf 91' lang='lat' dir='ltr'><strong>die</strong></span> <span class='ocrx_word' id='word_1_34' title='bbox 929 576 1143 644; x_wconf 88' lang='lat' dir='ltr'><strong>judicii,</strong></span> <span class='ocrx_word' id='word_1_35' title='bbox 1193 601 1353 651; x_wconf 86' lang='lat' dir='ltr'><strong>quam</strong></span> <span class='ocrx_word' id='word_1_36' title='bbox 1399 590 1604 644; x_wconf 84' lang='lat' dir='ltr'><strong>civitati</strong></span> <span class='ocrx_word' id='word_1_37' title='bbox 1629 594 1692 656; x_wconf 87' lang='lat'><strong>&quot;,</strong></span> <span class='ocrx_word' id='word_1_38' title='bbox 1721 614 1738 643; x_wconf 72' lang='grc' dir='ltr'><strong>ι</strong></span> <span class='ocrx_word' id='word_1_39' title='bbox 1788 597 1983 662; x_wconf 81' lang='lat' dir='ltr'><strong>inquit,</strong></span> <span class='ocrx_word' id='word_1_40' title='bbox 2029 599 2127 662; x_wconf 83' lang='lat' dir='ltr'><strong>illi,</strong></span> 
     </span>
    </p>
   </div>
   <div class='ocr_carea' id='block_1_7' title="bbox 555 670 2130 750">
    <p class='ocr_par' dir='ltr' id='par_1_7' title="bbox 555 670 2130 750">
     <span class='ocr_line' id='line_1_8' title="bbox 555 670 2130 750; baseline 0.022 -39"><span class='ocrx_word' id='word_1_41' title='bbox 555 676 676 726; x_wconf 65' lang='lat' dir='ltr'><strong>qua</strong></span> <span class='ocrx_word' id='word_1_42' title='bbox 725 678 832 717; x_wconf 88' lang='lat' dir='ltr'><strong>non</strong></span> <span class='ocrx_word' id='word_1_43' title='bbox 878 670 1077 738; x_wconf 87' lang='lat' dir='ltr'><strong>accipit</strong></span> <span class='ocrx_word' id='word_1_44' title='bbox 1125 675 1245 729; x_wconf 77' lang='lat' dir='ltr'><strong>fidei</strong></span> <span class='ocrx_word' id='word_1_45' title='bbox 1294 679 1495 734; x_wconf 88' lang='lat' dir='ltr'><strong>Christi</strong></span> <span class='ocrx_word' id='word_1_46' title='bbox 1531 685 1989 750; x_wconf 59' lang='lat' dir='ltr'><strong>praedicationem.</strong></span> <span class='ocrx_word' id='word_1_47' title='bbox 2041 690 2130 745; x_wconf 89' lang='lat' dir='ltr'><strong>Sic</strong></span> 
     </span>
    </p>
   </div>
   <div class='ocr_carea' id='block_1_8' title="bbox 556 752 2130 848">
    <p class='ocr_par' dir='ltr' id='par_1_8' title="bbox 556 752 2130 848">
     <span class='ocr_line' id='line_1_9' title="bbox 556 752 2130 848; baseline 0.021 -46"><span class='ocrx_word' id='word_1_48' title='bbox 556 752 702 804; x_wconf 86' lang='lat' dir='ltr'><strong>enim</strong></span> <span class='ocrx_word' id='word_1_49' title='bbox 736 757 1063 826; x_wconf 75' lang='lat' dir='ltr'><strong>ostenditur,</strong></span> <span class='ocrx_word' id='word_1_50' title='bbox 1094 779 1200 818; x_wconf 92' lang='lat' dir='ltr'><strong>non</strong></span> <span class='ocrx_word' id='word_1_51' title='bbox 1237 768 1484 826; x_wconf 82' lang='lat' dir='ltr'><strong>sulliccre</strong></span> <span class='ocrx_word' id='word_1_52' title='bbox 1521 771 1836 841; x_wconf 89' lang='lat' dir='ltr'><strong>Sodomitis,</strong></span> <span class='ocrx_word' id='word_1_53' title='bbox 1871 781 2014 848; x_wconf 87' lang='lat' dir='ltr'><strong>quod</strong></span> <span class='ocrx_word' id='word_1_54' title='bbox 2047 789 2130 834; x_wconf 88' lang='lat' dir='ltr'><strong>est</strong></span> 
     </span>
    </p>
   </div>
   <div class='ocr_carea' id='block_1_9' title="bbox 558 840 2130 932">
    <p class='ocr_par' dir='ltr' id='par_1_9' title="bbox 558 840 2130 932">
     <span class='ocr_line' id='line_1_10' title="bbox 558 840 2130 932; baseline 0.022 -41"><span class='ocrx_word' id='word_1_55' title='bbox 558 840 646 896; x_wconf 91' lang='lat' dir='ltr'><strong>hic</strong></span> <span class='ocrx_word' id='word_1_56' title='bbox 679 847 1022 913; x_wconf 86' lang='lat' dir='ltr'><strong>supplicium,</strong></span> <span class='ocrx_word' id='word_1_57' title='bbox 1060 854 1100 906; x_wconf 92' lang='lat' dir='ltr'><strong>si</strong></span> <span class='ocrx_word' id='word_1_58' title='bbox 1133 871 1340 922; x_wconf 86' lang='lat' dir='ltr'><strong>eorum,</strong></span> <span class='ocrx_word' id='word_1_59' title='bbox 1367 876 1487 929; x_wconf 75' lang='lat' dir='ltr'><strong>qua:</strong></span> <span class='ocrx_word' id='word_1_60' title='bbox 1515 878 1892 932; x_wconf 83' lang='lat' dir='ltr'><strong>peccaverunt,</strong></span> <span class='ocrx_word' id='word_1_61' title='bbox 1926 871 2130 927; x_wconf 85' lang='lat' dir='ltr'><strong>habea-</strong></span> 
     </span>
    </p>
   </div>
   <div class='ocr_carea' id='block_1_10' title="bbox 557 939 2131 1032">
    <p class='ocr_par' dir='ltr' id='par_1_10' title="bbox 557 939 2131 1032">
     <span class='ocr_line' id='line_1_11' title="bbox 557 939 2131 1032; baseline 0.02 -49"><span class='ocrx_word' id='word_1_62' title='bbox 557 944 643 985; x_wconf 91' lang='lat' dir='ltr'><strong>tur</strong></span> <span class='ocrx_word' id='word_1_63' title='bbox 677 939 844 1003; x_wconf 79' lang='lat' dir='ltr'><strong>ratio;</strong></span> <span class='ocrx_word' id='word_1_64' title='bbox 877 941 970 993; x_wconf 87' lang='lat' dir='ltr'><strong>sed</strong></span> <span class='ocrx_word' id='word_1_65' title='bbox 1014 944 1189 998; x_wconf 90' lang='lat' dir='ltr'><strong>adhuc</strong></span> <span class='ocrx_word' id='word_1_66' title='bbox 1221 949 1326 1003; x_wconf 92' lang='lat' dir='ltr'><strong>illic</strong></span> <span class='ocrx_word' id='word_1_67' title='bbox 1367 966 1676 1009; x_wconf 73' lang='lat' dir='ltr'><strong>reservatur</strong></span> <span class='ocrx_word' id='word_1_68' title='bbox 1704 958 1801 1011; x_wconf 78' lang='lat' dir='ltr'><strong>faex</strong></span> <span class='ocrx_word' id='word_1_69' title='bbox 1833 961 2017 1015; x_wconf 84' lang='lat' dir='ltr'><strong>calicis</strong></span> <span class='ocrx_word' id='word_1_70' title='bbox 2045 963 2131 1032; x_wconf 83' lang='lat' dir='ltr'><strong>ju-</strong></span> 
     </span>
    </p>
   </div>
   <div class='ocr_carea' id='block_1_11' title="bbox 554 1023 2131 1114">
    <p class='ocr_par' dir='ltr' id='par_1_11' title="bbox 554 1023 2131 1114">
     <span class='ocr_line' id='line_1_12' title="bbox 554 1023 2131 1114; baseline 0.02 -41"><span class='ocrx_word' id='word_1_71' title='bbox 554 1023 678 1076; x_wconf 89' lang='lat' dir='ltr'><strong>dieii</strong></span> <span class='ocrx_word' id='word_1_72' title='bbox 719 1027 831 1082; x_wconf 87' lang='lat' dir='ltr'><strong>Dei.</strong></span> <span class='ocrx_word' id='word_1_73' title='bbox 870 1028 1022 1094; x_wconf 85' lang='lat' dir='ltr'><strong>Quod</strong></span> <span class='ocrx_word' id='word_1_74' title='bbox 1052 1035 1094 1086; x_wconf 90' lang='lat' dir='ltr'><strong>si</strong></span> <span class='ocrx_word' id='word_1_75' title='bbox 1127 1040 1402 1094; x_wconf 89' lang='lat' dir='ltr'><strong>nonnullis</strong></span> <span class='ocrx_word' id='word_1_76' title='bbox 1432 1057 1646 1113; x_wconf 90' lang='lat' dir='ltr'><strong>quoque</strong></span> <span class='ocrx_word' id='word_1_77' title='bbox 1687 1046 1848 1114; x_wconf 78' lang='lat' dir='ltr'><strong>iustis</strong></span> <span class='ocrx_word' id='word_1_78' title='bbox 1882 1023 2131 1104; x_wconf 73' lang='lat' dir='ltr'><strong>inferun-</strong></span> 
     </span>
    </p>
   </div>
   <div class='ocr_carea' id='block_1_12' title="bbox 555 1119 2130 1203">
    <p class='ocr_par' dir='ltr' id='par_1_12' title="bbox 555 1119 2130 1203">
     <span class='ocr_line' id='line_1_13' title="bbox 555 1119 2130 1203; baseline 0.02 -38"><span class='ocrx_word' id='word_1_79' title='bbox 555 1125 642 1166; x_wconf 87' lang='lat' dir='ltr'><strong>tur</strong></span> <span class='ocrx_word' id='word_1_80' title='bbox 683 1119 874 1172; x_wconf 79' lang='lat' dir='ltr'><strong>acerba</strong></span> <span class='ocrx_word' id='word_1_81' title='bbox 911 1123 1158 1189; x_wconf 67' lang='lat' dir='ltr'><strong>quaedam</strong></span> <span class='ocrx_word' id='word_1_82' title='bbox 1195 1137 1246 1182; x_wconf 90' lang='lat' dir='ltr'><strong>et</strong></span> <span class='ocrx_word' id='word_1_83' title='bbox 1272 1144 1463 1199; x_wconf 90' lang='lat' dir='ltr'><strong>aspera</strong></span> <span class='ocrx_word' id='word_1_84' title='bbox 1499 1134 1551 1187; x_wconf 84' lang='lat' dir='ltr'><strong>in</strong></span> <span class='ocrx_word' id='word_1_85' title='bbox 1583 1138 1832 1203; x_wconf 81' lang='lat' dir='ltr'><strong>praesenti</strong></span> <span class='ocrx_word' id='word_1_86' title='bbox 1872 1140 2000 1203; x_wconf 86' lang='lat' dir='ltr'><strong>vita,</strong></span> <span class='ocrx_word' id='word_1_87' title='bbox 2029 1142 2130 1195; x_wconf 86' lang='lat' dir='ltr'><strong>mi-</strong></span> 
     </span>
    </p>
   </div>
   <div class='ocr_carea' id='block_1_13' title="bbox 555 1206 2129 1295">
    <p class='ocr_par' dir='ltr' id='par_1_13' title="bbox 555 1206 2129 1295">
     <span class='ocr_line' id='line_1_14' title="bbox 555 1206 2129 1295; baseline 0.02 -39"><span class='ocrx_word' id='word_1_88' title='bbox 555 1206 700 1260; x_wconf 92' lang='lat' dir='ltr'><strong>nime</strong></span> <span class='ocrx_word' id='word_1_89' title='bbox 722 1220 802 1261; x_wconf 87' lang='lat' dir='ltr'><strong>est</strong></span> <span class='ocrx_word' id='word_1_90' title='bbox 828 1212 1133 1269; x_wconf 84' lang='lat' dir='ltr'><strong>mirandum</strong></span> <span class='ocrx_word' id='word_1_91' title='bbox 1165 1237 1178 1271; x_wconf 88' lang='lat'><strong>:</strong></span> <span class='ocrx_word' id='word_1_92' title='bbox 1210 1236 1270 1273; x_wconf 88' lang='lat' dir='ltr'><strong>ea</strong></span> <span class='ocrx_word' id='word_1_93' title='bbox 1296 1225 1440 1275; x_wconf 91' lang='lat' dir='ltr'><strong>enim</strong></span> <span class='ocrx_word' id='word_1_94' title='bbox 1477 1239 1604 1279; x_wconf 92' lang='lat' dir='ltr'><strong>sunt</strong></span> <span class='ocrx_word' id='word_1_95' title='bbox 1634 1230 1882 1295; x_wconf 86' lang='lat' dir='ltr'><strong>probatio</strong></span> <span class='ocrx_word' id='word_1_96' title='bbox 1915 1232 2129 1289; x_wconf 80' lang='lat' dir='ltr'><strong>virtutis</strong></span> 
     </span>
    </p>
   </div>
   <div class='ocr_carea' id='block_1_14' title="bbox 553 1301 2130 1392">
    <p class='ocr_par' dir='ltr' id='par_1_14' title="bbox 553 1301 2130 1392">
     <span class='ocr_line' id='line_1_15' title="bbox 553 1301 2130 1392; baseline 0.021 -45"><span class='ocrx_word' id='word_1_97' title='bbox 553 1312 716 1362; x_wconf 89' lang='lat' dir='ltr'><strong>quam</strong></span> <span class='ocrx_word' id='word_1_98' title='bbox 747 1301 1114 1374; x_wconf 75' lang='lat' dir='ltr'><strong>collegerunt,</strong></span> <span class='ocrx_word' id='word_1_99' title='bbox 1150 1323 1243 1365; x_wconf 90' lang='lat' dir='ltr'><strong>aut</strong></span> <span class='ocrx_word' id='word_1_100' title='bbox 1283 1315 1444 1368; x_wconf 89' lang='lat' dir='ltr'><strong>etiam</strong></span> <span class='ocrx_word' id='word_1_101' title='bbox 1498 1318 1816 1375; x_wconf 75' lang='lat' dir='ltr'><strong>delictorum</strong></span> <span class='ocrx_word' id='word_1_102' title='bbox 1870 1339 2130 1392; x_wconf 90' lang='lat' dir='ltr'><strong>quorum-</strong></span> 
     </span>
    </p>
   </div>
   <div class='ocr_carea' id='block_1_15' title="bbox 555 1389 2126 1478">
    <p class='ocr_par' dir='ltr' id='par_1_15' title="bbox 555 1389 2126 1478">
     <span class='ocr_line' id='line_1_16' title="bbox 555 1389 2126 1478; baseline 0.021 -41"><span class='ocrx_word' id='word_1_103' title='bbox 555 1389 675 1439; x_wconf 91' lang='lat' dir='ltr'><strong>dam</strong></span> <span class='ocrx_word' id='word_1_104' title='bbox 725 1394 955 1459; x_wconf 88' lang='lat' dir='ltr'><strong>punitio,</strong></span> <span class='ocrx_word' id='word_1_105' title='bbox 1001 1412 1097 1465; x_wconf 92' lang='lat' dir='ltr'><strong>per</strong></span> <span class='ocrx_word' id='word_1_106' title='bbox 1152 1417 1270 1468; x_wconf 76' lang='lat' dir='ltr'><strong>qure</strong></span> <span class='ocrx_word' id='word_1_107' title='bbox 1324 1409 1543 1473; x_wconf 91' lang='lat' dir='ltr'><strong>penitus</strong></span> <span class='ocrx_word' id='word_1_108' title='bbox 1592 1413 1888 1478; x_wconf 89' lang='lat' dir='ltr'><strong>emundati,</strong></span> <span class='ocrx_word' id='word_1_109' title='bbox 1943 1417 2126 1470; x_wconf 90' lang='lat' dir='ltr'><strong>mundi</strong></span> 
     </span>
    </p>
   </div>
   <div class='ocr_carea' id='block_1_16' title="bbox 554 1480 2130 1569">
    <p class='ocr_par' dir='ltr' id='par_1_16' title="bbox 554 1480 2130 1569">
     <span class='ocr_line' id='line_1_17' title="bbox 554 1480 2130 1569; baseline 0.023 -43"><span class='ocrx_word' id='word_1_110' title='bbox 554 1480 777 1533; x_wconf 91' lang='lat' dir='ltr'><strong>omnino</strong></span> <span class='ocrx_word' id='word_1_111' title='bbox 814 1488 1260 1544; x_wconf 80' lang='lat' dir='ltr'><strong>transmittuntur</strong></span> <span class='ocrx_word' id='word_1_112' title='bbox 1290 1495 1354 1548; x_wconf 88' lang='lat' dir='ltr'><strong>ad</strong></span> <span class='ocrx_word' id='word_1_113' title='bbox 1392 1499 1576 1562; x_wconf 88' lang='lat' dir='ltr'><strong>vitam,</strong></span> <span class='ocrx_word' id='word_1_114' title='bbox 1603 1518 1722 1569; x_wconf 76' lang='lat' dir='ltr'><strong>quae</strong></span> <span class='ocrx_word' id='word_1_115' title='bbox 1749 1505 1860 1560; x_wconf 90' lang='lat' dir='ltr'><strong>ilIic</strong></span> <span class='ocrx_word' id='word_1_116' title='bbox 1907 1517 2008 1562; x_wconf 87' lang='lat' dir='ltr'><strong>est.</strong></span> <span class='ocrx_word' id='word_1_117' title='bbox 2038 1509 2130 1562; x_wconf 86' lang='lat' dir='ltr'><strong>Est</strong></span> 
     </span>
    </p>
   </div>
   <div class='ocr_carea' id='block_1_17' title="bbox 556 1572 2128 1665">
    <p class='ocr_par' dir='ltr' id='par_1_17' title="bbox 556 1572 2128 1665">
     <span class='ocr_line' id='line_1_18' title="bbox 556 1572 2128 1665; baseline 0.022 -45"><span class='ocrx_word' id='word_1_118' title='bbox 556 1582 684 1636; x_wconf 80' lang='lat' dir='ltr'><strong>ergo</strong></span> <span class='ocrx_word' id='word_1_119' title='bbox 719 1572 870 1626; x_wconf 84' lang='lat' dir='ltr'><strong>vobis</strong></span> <span class='ocrx_word' id='word_1_120' title='bbox 900 1591 1116 1646; x_wconf 91' lang='lat' dir='ltr'><strong>quoque</strong></span> <span class='ocrx_word' id='word_1_121' title='bbox 1149 1585 1476 1640; x_wconf 83' lang='lat' dir='ltr'><strong>studendum</strong></span> <span class='ocrx_word' id='word_1_122' title='bbox 1506 1606 1572 1644; x_wconf 88' lang='lat' dir='ltr'><strong>ne</strong></span> <span class='ocrx_word' id='word_1_123' title='bbox 1603 1595 1754 1648; x_wconf 90' lang='lat' dir='ltr'><strong>stetis</strong></span> <span class='ocrx_word' id='word_1_124' title='bbox 1804 1612 1834 1650; x_wconf 91' lang='lat' dir='ltr'><strong>a</strong></span> <span class='ocrx_word' id='word_1_125' title='bbox 1887 1600 2128 1665; x_wconf 85' lang='lat' dir='ltr'><strong>partibus</strong></span> 
     </span>
    </p>
   </div>
   <div class='ocr_carea' id='block_1_18' title="bbox 555 1665 2128 1759">
    <p class='ocr_par' dir='ltr' id='par_1_18' title="bbox 555 1665 2128 1759">
     <span class='ocr_line' id='line_1_19' title="bbox 555 1665 2128 1759; baseline 0.022 -49"><span class='ocrx_word' id='word_1_126' title='bbox 555 1673 744 1714; x_wconf 88' lang='lat' dir='ltr'><strong>eorum</strong></span> <span class='ocrx_word' id='word_1_127' title='bbox 780 1665 868 1728; x_wconf 88' lang='lat' dir='ltr'><strong>qui</strong></span> <span class='ocrx_word' id='word_1_128' title='bbox 903 1672 1207 1735; x_wconf 88' lang='lat' dir='ltr'><strong>puniuntur</strong></span> <span class='ocrx_word' id='word_1_129' title='bbox 1240 1688 1461 1747; x_wconf 78' lang='lat' dir='ltr'><strong>propter</strong></span> <span class='ocrx_word' id='word_1_130' title='bbox 1508 1695 1761 1750; x_wconf 85' lang='lat' dir='ltr'><strong>peccata;</strong></span> <span class='ocrx_word' id='word_1_131' title='bbox 1799 1689 1892 1741; x_wconf 89' lang='lat' dir='ltr'><strong>sed</strong></span> <span class='ocrx_word' id='word_1_132' title='bbox 1921 1706 1981 1742; x_wconf 80' lang='lat' dir='ltr'><strong>ex</strong></span> <span class='ocrx_word' id='word_1_133' title='bbox 2009 1706 2128 1759; x_wconf 86' lang='lat' dir='ltr'><strong>par-</strong></span> 
     </span>
    </p>
   </div>
   <div class='ocr_carea' id='block_1_19' title="bbox 557 1750 2126 1849">
    <p class='ocr_par' dir='ltr' id='par_1_19' title="bbox 557 1750 2126 1849">
     <span class='ocr_line' id='line_1_20' title="bbox 557 1750 2126 1849; baseline 0.023 -50"><span class='ocrx_word' id='word_1_134' title='bbox 557 1750 700 1804; x_wconf 85' lang='lat' dir='ltr'><strong>tibus</strong></span> <span class='ocrx_word' id='word_1_135' title='bbox 735 1767 948 1822; x_wconf 87' lang='lat' dir='ltr'><strong>eorutn,</strong></span> <span class='ocrx_word' id='word_1_136' title='bbox 981 1764 1068 1828; x_wconf 91' lang='lat' dir='ltr'><strong>qui</strong></span> <span class='ocrx_word' id='word_1_137' title='bbox 1102 1763 1210 1818; x_wconf 89' lang='lat' dir='ltr'><strong>Deo</strong></span> <span class='ocrx_word' id='word_1_138' title='bbox 1237 1770 1472 1836; x_wconf 86' lang='lat' dir='ltr'><strong>placent,</strong></span> <span class='ocrx_word' id='word_1_139' title='bbox 1513 1783 1565 1825; x_wconf 88' lang='lat' dir='ltr'><strong>et</strong></span> <span class='ocrx_word' id='word_1_140' title='bbox 1598 1784 1796 1830; x_wconf 56' lang='lat' dir='ltr'><strong>eterna</strong></span> <span class='ocrx_word' id='word_1_141' title='bbox 1825 1795 2126 1849; x_wconf 84' lang='lat' dir='ltr'><strong>consequa-</strong></span> 
     </span>
    </p>
   </div>
   <div class='ocr_carea' id='block_1_20' title="bbox 556 1839 2206 1939">
    <p class='ocr_par' dir='ltr' id='par_1_20' title="bbox 556 1839 2206 1939">
     <span class='ocr_line' id='line_1_21' title="bbox 556 1839 2206 1939; baseline 0.024 -48"><span class='ocrx_word' id='word_1_142' title='bbox 556 1841 687 1894; x_wconf 90' lang='lat' dir='ltr'><strong>mini</strong></span> <span class='ocrx_word' id='word_1_143' title='bbox 738 1852 978 1912; x_wconf 67' lang='lat' dir='ltr'><strong>prmmia.</strong></span> <span class='ocrx_word' id='word_1_144' title='bbox 1033 1855 1217 1911; x_wconf 70' lang='lat' dir='ltr'><strong>Eiiecti</strong></span> <span class='ocrx_word' id='word_1_145' title='bbox 1276 1863 1418 1915; x_wconf 93' lang='lat' dir='ltr'><strong>enim</strong></span> <span class='ocrx_word' id='word_1_146' title='bbox 1475 1867 1606 1918; x_wconf 83' lang='lat' dir='ltr'><strong>estis</strong></span> <span class='ocrx_word' id='word_1_147' title='bbox 1658 1885 1780 1920; x_wconf 81' lang='lat' dir='ltr'><strong>vasa</strong></span> <span class='ocrx_word' id='word_1_148' title='bbox 1826 1873 2128 1939; x_wconf 81' lang='lat' dir='ltr'><strong>electionis,</strong></span> <span class='ocrx_word' id='word_1_149' title='bbox 2167 1839 2206 1893; x_wconf 68' lang='grc' dir='ltr'><strong>Β</strong></span> 
     </span>
    </p>
   </div>
   <div class='ocr_carea' id='block_1_21' title="bbox 555 1935 2128 2032">
    <p class='ocr_par' dir='ltr' id='par_1_21' title="bbox 555 1935 2128 2032">
     <span class='ocr_line' id='line_1_22' title="bbox 555 1935 2128 2032; baseline 0.022 -47"><span class='ocrx_word' id='word_1_150' title='bbox 555 1949 679 1987; x_wconf 90' lang='lat' dir='ltr'><strong>cum</strong></span> <span class='ocrx_word' id='word_1_151' title='bbox 723 1935 830 1991; x_wconf 88' lang='lat' dir='ltr'><strong>Deo</strong></span> <span class='ocrx_word' id='word_1_152' title='bbox 878 1944 1258 2012; x_wconf 82' lang='lat' dir='ltr'><strong>credideritis;</strong></span> <span class='ocrx_word' id='word_1_153' title='bbox 1298 1953 1598 2009; x_wconf 78' lang='lat' dir='ltr'><strong>elﬁciemini</strong></span> <span class='ocrx_word' id='word_1_154' title='bbox 1654 1971 1833 2015; x_wconf 81' lang='lat' dir='ltr'><strong>autent</strong></span> <span class='ocrx_word' id='word_1_155' title='bbox 1886 1965 2128 2032; x_wconf 80' lang='lat' dir='ltr'><strong>perfecti,</strong></span> 
     </span>
    </p>
   </div>
   <div class='ocr_carea' id='block_1_22' title="bbox 558 2028 2132 2130">
    <p class='ocr_par' dir='ltr' id='par_1_22' title="bbox 558 2028 2132 2130">
     <span class='ocr_line' id='line_1_23' title="bbox 558 2028 2132 2130; baseline 0.024 -53"><span class='ocrx_word' id='word_1_156' title='bbox 558 2028 744 2089; x_wconf 85' lang='lat' dir='ltr'><strong>divino</strong></span> <span class='ocrx_word' id='word_1_157' title='bbox 777 2035 1045 2102; x_wconf 87' lang='lat' dir='ltr'><strong>baptismo</strong></span> <span class='ocrx_word' id='word_1_158' title='bbox 1074 2042 1390 2111; x_wconf 85' lang='lat' dir='ltr'><strong>illuminati;</strong></span> <span class='ocrx_word' id='word_1_159' title='bbox 1423 2049 1731 2108; x_wconf 81' lang='lat' dir='ltr'><strong>emciemiui</strong></span> <span class='ocrx_word' id='word_1_160' title='bbox 1763 2056 1998 2127; x_wconf 83' lang='lat' dir='ltr'><strong>denique</strong></span> <span class='ocrx_word' id='word_1_161' title='bbox 2021 2076 2132 2130; x_wconf 85' lang='lat' dir='ltr'><strong>per-</strong></span> 
     </span>
    </p>
   </div>
   <div class='ocr_carea' id='block_1_23' title="bbox 558 2119 2132 2208">
    <p class='ocr_par' dir='ltr' id='par_1_23' title="bbox 558 2119 2132 2208">
     <span class='ocr_line' id='line_1_24' title="bbox 558 2119 2132 2208; baseline 0.024 -37"><span class='ocrx_word' id='word_1_162' title='bbox 558 2119 832 2187; x_wconf 78' lang='lat' dir='ltr'><strong>fectiores,</strong></span> <span class='ocrx_word' id='word_1_163' title='bbox 862 2127 905 2178; x_wconf 88' lang='lat' dir='ltr'><strong>si</strong></span> <span class='ocrx_word' id='word_1_164' title='bbox 939 2134 1177 2200; x_wconf 76' lang='lat' dir='ltr'><strong>martyrii</strong></span> <span class='ocrx_word' id='word_1_165' title='bbox 1224 2150 1442 2190; x_wconf 83' lang='lat' dir='ltr'><strong>cursum</strong></span> <span class='ocrx_word' id='word_1_166' title='bbox 1479 2141 1599 2194; x_wconf 79' lang='lat' dir='ltr'><strong>forti</strong></span> <span class='ocrx_word' id='word_1_167' title='bbox 1649 2159 1702 2198; x_wconf 93' lang='lat' dir='ltr'><strong>et</strong></span> <span class='ocrx_word' id='word_1_168' title='bbox 1743 2148 1905 2203; x_wconf 90' lang='lat' dir='ltr'><strong>alacri</strong></span> <span class='ocrx_word' id='word_1_169' title='bbox 1951 2154 2132 2208; x_wconf 89' lang='lat' dir='ltr'><strong>animo</strong></span> 
     </span>
    </p>
   </div>
   <div class='ocr_carea' id='block_1_24' title="bbox 558 2214 2130 2307">
    <p class='ocr_par' dir='ltr' id='par_1_24' title="bbox 558 2214 2130 2307">
     <span class='ocr_line' id='line_1_25' title="bbox 558 2214 2130 2307; baseline 0.024 -46"><span class='ocrx_word' id='word_1_170' title='bbox 558 2214 846 2279; x_wconf 79' lang='lat' dir='ltr'><strong>peragatis.</strong></span> <span class='ocrx_word' id='word_1_171' title='bbox 901 2217 1115 2274; x_wconf 84' lang='lat' dir='ltr'><strong>Stemus</strong></span> <span class='ocrx_word' id='word_1_172' title='bbox 1161 2241 1288 2295; x_wconf 78' lang='lat' dir='ltr'><strong>ergo</strong></span> <span class='ocrx_word' id='word_1_173' title='bbox 1345 2245 1537 2300; x_wconf 81' lang='lat' dir='ltr'><strong>magno</strong></span> <span class='ocrx_word' id='word_1_174' title='bbox 1581 2244 1635 2288; x_wconf 88' lang='lat' dir='ltr'><strong>et</strong></span> <span class='ocrx_word' id='word_1_175' title='bbox 1682 2241 1895 2292; x_wconf 79' lang='lat' dir='ltr'><strong>excelso</strong></span> <span class='ocrx_word' id='word_1_176' title='bbox 1926 2244 2130 2307; x_wconf 90' lang='lat' dir='ltr'><strong>animo,</strong></span> 
     </span>
    </p>
   </div>
   <div class='ocr_carea' id='block_1_25' title="bbox 559 2298 2121 2394">
    <p class='ocr_par' dir='ltr' id='par_1_25' title="bbox 559 2298 2121 2394">
     <span class='ocr_line' id='line_1_26' title="bbox 559 2298 2121 2394; baseline 0.022 -45"><span class='ocrx_word' id='word_1_177' title='bbox 559 2298 770 2369; x_wconf 89' lang='lat' dir='ltr'><strong>lideque</strong></span> <span class='ocrx_word' id='word_1_178' title='bbox 805 2307 992 2360; x_wconf 89' lang='lat' dir='ltr'><strong>muniti</strong></span> <span class='ocrx_word' id='word_1_179' title='bbox 1045 2313 1362 2371; x_wconf 84' lang='lat' dir='ltr'><strong>resistamus</strong></span> <span class='ocrx_word' id='word_1_180' title='bbox 1407 2298 1641 2385; x_wconf 77' lang='lat' dir='ltr'><strong>diabolo,</strong></span> <span class='ocrx_word' id='word_1_181' title='bbox 1673 2325 1907 2394; x_wconf 76' lang='lat' dir='ltr'><strong>legitime</strong></span> <span class='ocrx_word' id='word_1_182' title='bbox 1941 2331 2121 2384; x_wconf 81' lang='lat' dir='ltr'><strong>decen-</strong></span> 
     </span>
    </p>
   </div>
   <div class='ocr_carea' id='block_1_26' title="bbox 561 2395 2132 2478">
    <p class='ocr_par' dir='ltr' id='par_1_26' title="bbox 561 2395 2132 2478">
     <span class='ocr_line' id='line_1_27' title="bbox 561 2395 2132 2478; baseline 0.024 -38"><span class='ocrx_word' id='word_1_183' title='bbox 561 2400 758 2454; x_wconf 85' lang='lat' dir='ltr'><strong>temus,</strong></span> <span class='ocrx_word' id='word_1_184' title='bbox 803 2395 1200 2470; x_wconf 85' lang='lat' dir='ltr'><strong>fundamusque</strong></span> <span class='ocrx_word' id='word_1_185' title='bbox 1241 2416 1293 2459; x_wconf 89' lang='lat' dir='ltr'><strong>et</strong></span> <span class='ocrx_word' id='word_1_186' title='bbox 1336 2421 1612 2465; x_wconf 79' lang='lat' dir='ltr'><strong>vertamus</strong></span> <span class='ocrx_word' id='word_1_187' title='bbox 1649 2417 2006 2475; x_wconf 78' lang='lat' dir='ltr'><strong>adversarios.</strong></span> <span class='ocrx_word' id='word_1_188' title='bbox 2043 2422 2132 2478; x_wconf 90' lang='lat' dir='ltr'><strong>Sic</strong></span> 
     </span>
    </p>
   </div>
   <div class='ocr_carea' id='block_1_27' title="bbox 558 2481 2131 2587">
    <p class='ocr_par' dir='ltr' id='par_1_27' title="bbox 558 2481 2131 2587">
     <span class='ocr_line' id='line_1_28' title="bbox 558 2481 2131 2587; baseline 0.025 -55"><span class='ocrx_word' id='word_1_189' title='bbox 558 2481 704 2535; x_wconf 87' lang='lat' dir='ltr'><strong>enim</strong></span> <span class='ocrx_word' id='word_1_190' title='bbox 737 2488 966 2544; x_wconf 73' lang='lat' dir='ltr'><strong>maxima</strong></span> <span class='ocrx_word' id='word_1_191' title='bbox 1005 2496 1225 2562; x_wconf 77' lang='lat' dir='ltr'><strong>praemia</strong></span> <span class='ocrx_word' id='word_1_192' title='bbox 1267 2513 1666 2573; x_wconf 87' lang='lat' dir='ltr'><strong>consequemur</strong></span> <span class='ocrx_word' id='word_1_193' title='bbox 1695 2524 1723 2562; x_wconf 90' lang='lat' dir='ltr'><strong>a</strong></span> <span class='ocrx_word' id='word_1_194' title='bbox 1763 2508 1976 2567; x_wconf 84' lang='lat' dir='ltr'><strong>Christo</strong></span> <span class='ocrx_word' id='word_1_195' title='bbox 2003 2530 2131 2587; x_wconf 78' lang='lat' dir='ltr'><strong>ago-</strong></span> 
     </span>
    </p>
   </div>
   <div class='ocr_carea' id='block_1_28' title="bbox 559 2575 806 2632">
    <p class='ocr_par' dir='ltr' id='par_1_28' title="bbox 559 2575 806 2632">
     <span class='ocr_line' id='line_1_29' title="bbox 559 2575 806 2632; baseline 0.032 -7"><span class='ocrx_word' id='word_1_196' title='bbox 559 2575 806 2632; x_wconf 79' lang='lat' dir='ltr'><strong>notiteta.</strong></span> 
     </span>
    </p>
   </div>
   <div class='ocr_carea' id='block_1_29' title="bbox 634 2665 2132 2767">
    <p class='ocr_par' dir='ltr' id='par_1_29' title="bbox 634 2665 2132 2767">
     <span class='ocr_line' id='line_1_30' title="bbox 634 2665 2132 2767; baseline 0.026 -49"><span class='ocrx_word' id='word_1_197' title='bbox 634 2665 746 2721; x_wconf 74' lang='lat' dir='ltr'><strong>XII.</strong></span> <span class='ocrx_word' id='word_1_198' title='bbox 787 2672 910 2727; x_wconf 65' lang='lat' dir='ltr'><strong>Ilaec</strong></span> <span class='ocrx_word' id='word_1_199' title='bbox 949 2687 1001 2728; x_wconf 92' lang='lat' dir='ltr'><strong>et</strong></span> <span class='ocrx_word' id='word_1_200' title='bbox 1049 2678 1134 2731; x_wconf 84' lang='lat' dir='ltr'><strong>his</strong></span> <span class='ocrx_word' id='word_1_201' title='bbox 1171 2681 1323 2749; x_wconf 82' lang='lat' dir='ltr'><strong>plura</strong></span> <span class='ocrx_word' id='word_1_202' title='bbox 1371 2687 1570 2741; x_wconf 84' lang='lat' dir='ltr'><strong>monita</strong></span> <span class='ocrx_word' id='word_1_203' title='bbox 1614 2692 1706 2744; x_wconf 86' lang='lat' dir='ltr'><strong>diu</strong></span> <span class='ocrx_word' id='word_1_204' title='bbox 1744 2706 2017 2767; x_wconf 87' lang='lat' dir='ltr'><strong>noctuque</strong></span> <span class='ocrx_word' id='word_1_205' title='bbox 2053 2703 2132 2757; x_wconf 85' lang='lat' dir='ltr'><strong>eis</strong></span> 
     </span>
    </p>
   </div>
   <div class='ocr_carea' id='block_1_30' title="bbox 558 2758 2131 2861">
    <p class='ocr_par' dir='ltr' id='par_1_30' title="bbox 558 2758 2131 2861">
     <span class='ocr_line' id='line_1_31' title="bbox 558 2758 2131 2861; baseline 0.024 -49"><span class='ocrx_word' id='word_1_206' title='bbox 558 2758 696 2814; x_wconf 90' lang='lat' dir='ltr'><strong>dans</strong></span> <span class='ocrx_word' id='word_1_207' title='bbox 723 2762 939 2818; x_wconf 85' lang='lat' dir='ltr'><strong>divinus</strong></span> <span class='ocrx_word' id='word_1_208' title='bbox 962 2767 1325 2833; x_wconf 81' lang='lat' dir='ltr'><strong>Callistratus.</strong></span> <span class='ocrx_word' id='word_1_209' title='bbox 1358 2776 1666 2851; x_wconf 82' lang='lat' dir='ltr'><strong>docenSque</strong></span> <span class='ocrx_word' id='word_1_210' title='bbox 1702 2794 1952 2856; x_wconf 87' lang='lat' dir='ltr'><strong>tanquam</strong></span> <span class='ocrx_word' id='word_1_211' title='bbox 1996 2809 2131 2861; x_wconf 64' lang='lat' dir='ltr'><strong>prmo</strong></span> 
     </span>
    </p>
   </div>
   <div class='ocr_carea' id='block_1_31' title="bbox 558 2861 2130 2935">
    <p class='ocr_par' dir='ltr' id='par_1_31' title="bbox 558 2861 2130 2935">
     <span class='ocr_line' id='line_1_32' title="bbox 558 2861 2130 2935; baseline 0.021 -33"><span class='ocrx_word' id='word_1_212' title='bbox 558 2861 749 2919; x_wconf 83' lang='lat' dir='ltr'><strong>ceptor</strong></span> <span class='ocrx_word' id='word_1_213' title='bbox 777 2872 1092 2923; x_wconf 89' lang='lat' dir='ltr'><strong>puerorum,</strong></span> <span class='ocrx_word' id='word_1_214' title='bbox 1125 2867 1348 2931; x_wconf 76' lang='lat' dir='ltr'><strong>parabat</strong></span> <span class='ocrx_word' id='word_1_215' title='bbox 1388 2879 1439 2922; x_wconf 85' lang='lat' dir='ltr'><strong>et</strong></span> <span class='ocrx_word' id='word_1_216' title='bbox 1489 2872 1728 2926; x_wconf 83' lang='lat' dir='ltr'><strong>animum</strong></span> <span class='ocrx_word' id='word_1_217' title='bbox 1777 2878 2009 2931; x_wconf 88' lang='lat' dir='ltr'><strong>addebat</strong></span> <span class='ocrx_word' id='word_1_218' title='bbox 2064 2883 2130 2935; x_wconf 90' lang='lat' dir='ltr'><strong>ad</strong></span> 
     </span>
    </p>
   </div>
   <div class='ocr_carea' id='block_1_32' title="bbox 558 2951 2133 3031">
    <p class='ocr_par' dir='ltr' id='par_1_32' title="bbox 558 2951 2133 3031">
     <span class='ocr_line' id='line_1_33' title="bbox 558 2951 2133 3031; baseline 0.02 -37"><span class='ocrx_word' id='word_1_219' title='bbox 558 2951 831 2999; x_wconf 88' lang='lat' dir='ltr'><strong>certamen</strong></span> <span class='ocrx_word' id='word_1_220' title='bbox 866 2953 1217 3019; x_wconf 86' lang='lat' dir='ltr'><strong>propositum.</strong></span> <span class='ocrx_word' id='word_1_221' title='bbox 1254 2958 1344 3012; x_wconf 90' lang='lat' dir='ltr'><strong>Die</strong></span> <span class='ocrx_word' id='word_1_222' title='bbox 1372 2970 1550 3013; x_wconf 88' lang='lat' dir='ltr'><strong>autem</strong></span> <span class='ocrx_word' id='word_1_223' title='bbox 1575 2968 1820 3031; x_wconf 85' lang='lat' dir='ltr'><strong>sequenti</strong></span> <span class='ocrx_word' id='word_1_224' title='bbox 1860 2969 2133 3024; x_wconf 75' lang='lat' dir='ltr'><strong>duxexer—</strong></span> 
     </span>
    </p>
   </div>
   <div class='ocr_carea' id='block_1_33' title="bbox 560 3035 2133 3129">
    <p class='ocr_par' dir='ltr' id='par_1_33' title="bbox 560 3035 2133 3129">
     <span class='ocr_line' id='line_1_34' title="bbox 560 3035 2133 3129; baseline 0.018 -42"><span class='ocrx_word' id='word_1_225' title='bbox 560 3035 725 3097; x_wconf 86' lang='lat' dir='ltr'><strong>citus,</strong></span> <span class='ocrx_word' id='word_1_226' title='bbox 754 3053 875 3092; x_wconf 90' lang='lat' dir='ltr'><strong>eum</strong></span> <span class='ocrx_word' id='word_1_227' title='bbox 911 3041 961 3094; x_wconf 92' lang='lat' dir='ltr'><strong>iu</strong></span> <span class='ocrx_word' id='word_1_228' title='bbox 1013 3044 1208 3115; x_wconf 77' lang='lat' dir='ltr'><strong>insigni</strong></span> <span class='ocrx_word' id='word_1_229' title='bbox 1255 3049 1484 3115; x_wconf 90' lang='lat' dir='ltr'><strong>quodam</strong></span> <span class='ocrx_word' id='word_1_230' title='bbox 1520 3051 1637 3106; x_wconf 93' lang='lat' dir='ltr'><strong>Ioco</strong></span> <span class='ocrx_word' id='word_1_231' title='bbox 1669 3055 1902 3112; x_wconf 82' lang='lat' dir='ltr'><strong>civitatis</strong></span> <span class='ocrx_word' id='word_1_232' title='bbox 1933 3076 2133 3129; x_wconf 65' lang='lat' dir='ltr'><strong>praese-</strong></span> 
     </span>
    </p>
   </div>
   <div class='ocr_carea' id='block_1_34' title="bbox 561 3125 2198 3237">
    <p class='ocr_par' dir='ltr' id='par_1_34' title="bbox 561 3125 2198 3237">
     <span class='ocr_line' id='line_1_35' title="bbox 561 3125 2198 3237; baseline 0.02 -62"><span class='ocrx_word' id='word_1_233' title='bbox 561 3125 750 3187; x_wconf 86' lang='lat' dir='ltr'><strong>disset,</strong></span> <span class='ocrx_word' id='word_1_234' title='bbox 810 3131 926 3196; x_wconf 81' lang='lat' dir='ltr'><strong>ejus</strong></span> <span class='ocrx_word' id='word_1_235' title='bbox 980 3148 1194 3201; x_wconf 88' lang='lat' dir='ltr'><strong>quoque</strong></span> <span class='ocrx_word' id='word_1_236' title='bbox 1233 3141 1522 3196; x_wconf 89' lang='lat' dir='ltr'><strong>assistente</strong></span> <span class='ocrx_word' id='word_1_237' title='bbox 1568 3147 1829 3212; x_wconf 70' lang='lat' dir='ltr'><strong>exercitu,</strong></span> <span class='ocrx_word' id='word_1_238' title='bbox 1900 3155 2198 3237; x_wconf 68' lang='lat' dir='ltr'><strong>accersitc</strong></span> 
     </span>
     <span class='ocr_line' id='line_1_36' title="bbox 564 3216 1324 3237; baseline 0 0"><span class='ocrx_word' id='word_1_239' title='bbox 564 3216 826 3237; x_wconf 30' lang='lat' dir='ltr'><strong>_I-_2.-__s,,</strong></span> <span class='ocrx_word' id='word_1_240' title='bbox 922 3221 930 3231; x_wconf 87' lang='grc'><strong>·</strong></span> <span class='ocrx_word' id='word_1_241' title='bbox 978 3233 986 3237; x_wconf 84' lang='grc'><strong>-</strong></span> <span class='ocrx_word' id='word_1_242' title='bbox 1201 3230 1233 3237; x_wconf 85' lang='grc'><strong>...</strong></span> <span class='ocrx_word' id='word_1_243' title='bbox 1277 3231 1324 3237; x_wconf 93' lang='grc'><strong>...</strong></span> 
     </span>
    </p>
   </div>
   <div class='ocr_carea' id='block_1_35' title="bbox 561 3216 2128 3306">
    <p class='ocr_par' dir='ltr' id='par_1_35' title="bbox 561 3216 2128 3306">
     <span class='ocr_line' id='line_1_37' title="bbox 561 3216 2128 3306; baseline 0.02 -42"><span class='ocrx_word' id='word_1_244' title='bbox 561 3216 852 3281; x_wconf 74' lang='lat' dir='ltr'><strong>gloriosum</strong></span> <span class='ocrx_word' id='word_1_245' title='bbox 884 3221 1144 3278; x_wconf 86' lang='lat' dir='ltr'><strong>victorem</strong></span> <span class='ocrx_word' id='word_1_246' title='bbox 1195 3230 1585 3298; x_wconf 84' lang='lat' dir='ltr'><strong>Callistratum,</strong></span> <span class='ocrx_word' id='word_1_247' title='bbox 1621 3246 1676 3288; x_wconf 94' lang='lat' dir='ltr'><strong>et</strong></span> <span class='ocrx_word' id='word_1_248' title='bbox 1727 3255 1843 3300; x_wconf 83' lang='lat' dir='ltr'><strong>eos,</strong></span> <span class='ocrx_word' id='word_1_249' title='bbox 1877 3243 1962 3306; x_wconf 88' lang='lat' dir='ltr'><strong>qui</strong></span> <span class='ocrx_word' id='word_1_250' title='bbox 2009 3258 2128 3295; x_wconf 89' lang='lat' dir='ltr'><strong>cum</strong></span> 
     </span>
    </p>
   </div>
   <div class='ocr_carea' id='block_1_36' title="bbox 562 3306 2131 3392">
    <p class='ocr_par' dir='ltr' id='par_1_36' title="bbox 562 3306 2131 3392">
     <span class='ocr_line' id='line_1_38' title="bbox 562 3306 2131 3392; baseline 0.02 -35"><span class='ocrx_word' id='word_1_251' title='bbox 562 3306 650 3361; x_wconf 88' lang='lat' dir='ltr'><strong>illo</strong></span> <span class='ocrx_word' id='word_1_252' title='bbox 677 3322 850 3375; x_wconf 88' lang='lat' dir='ltr'><strong>erant,</strong></span> <span class='ocrx_word' id='word_1_253' title='bbox 890 3326 1170 3386; x_wconf 83' lang='lat' dir='ltr'><strong>martyres.</strong></span> <span class='ocrx_word' id='word_1_254' title='bbox 1201 3319 1298 3384; x_wconf 90' lang='lat' dir='ltr'><strong>Qui</strong></span> <span class='ocrx_word' id='word_1_255' title='bbox 1334 3339 1456 3375; x_wconf 90' lang='lat' dir='ltr'><strong>eum</strong></span> <span class='ocrx_word' id='word_1_256' title='bbox 1508 3327 1751 3392; x_wconf 85' lang='lat' dir='ltr'><strong>producti</strong></span> <span class='ocrx_word' id='word_1_257' title='bbox 1785 3341 2002 3386; x_wconf 88' lang='lat' dir='ltr'><strong>essent:</strong></span> <span class='ocrx_word' id='word_1_258' title='bbox 2040 3333 2131 3389; x_wconf 89' lang='lat' dir='ltr'><strong>Dic</strong></span> 
     </span>
    </p>
   </div>
   <div class='ocr_carea' id='block_1_37' title="bbox 560 3399 2128 3491">
    <p class='ocr_par' dir='ltr' id='par_1_37' title="bbox 560 3399 2128 3491">
     <span class='ocr_line' id='line_1_39' title="bbox 560 3399 2128 3491; baseline 0.023 -44"><span class='ocrx_word' id='word_1_259' title='bbox 560 3399 714 3459; x_wconf 85' lang='lat' dir='ltr'><strong>mihi.</strong></span> <span class='ocrx_word' id='word_1_260' title='bbox 772 3399 967 3472; x_wconf 72' lang='lat' dir='ltr'><strong>inquit,</strong></span> <span class='ocrx_word' id='word_1_261' title='bbox 1012 3408 1340 3478; x_wconf 85' lang='lat' dir='ltr'><strong>Callistrate,</strong></span> <span class='ocrx_word' id='word_1_262' title='bbox 1381 3424 1500 3471; x_wconf 89' lang='lat' dir='ltr'><strong>tene</strong></span> <span class='ocrx_word' id='word_1_263' title='bbox 1534 3431 1584 3473; x_wconf 92' lang='lat' dir='ltr'><strong>et</strong></span> <span class='ocrx_word' id='word_1_264' title='bbox 1639 3419 1737 3476; x_wconf 83' lang='lat' dir='ltr'><strong>ltos</strong></span> <span class='ocrx_word' id='word_1_265' title='bbox 1776 3424 2128 3491; x_wconf 89' lang='lat' dir='ltr'><strong>admonuisti,</strong></span> 
     </span>
    </p>
   </div>
   <div class='ocr_carea' id='block_1_38' title="bbox 561 3493 2134 3570">
    <p class='ocr_par' dir='ltr' id='par_1_38' title="bbox 561 3493 2134 3570">
     <span class='ocr_line' id='line_1_40' title="bbox 561 3493 2134 3570; baseline 0.016 -25"><span class='ocrx_word' id='word_1_266' title='bbox 561 3500 615 3545; x_wconf 89' lang='lat' dir='ltr'><strong>ut</strong></span> <span class='ocrx_word' id='word_1_267' title='bbox 650 3493 750 3548; x_wconf 87' lang='lat' dir='ltr'><strong>diis</strong></span> <span class='ocrx_word' id='word_1_268' title='bbox 786 3498 1124 3560; x_wconf 75' lang='lat' dir='ltr'><strong>sacrificetis.</strong></span> <span class='ocrx_word' id='word_1_269' title='bbox 1165 3515 1217 3557; x_wconf 86' lang='lat' dir='ltr'><strong>et</strong></span> <span class='ocrx_word' id='word_1_270' title='bbox 1248 3506 1314 3560; x_wconf 88' lang='lat' dir='ltr'><strong>ab</strong></span> <span class='ocrx_word' id='word_1_271' title='bbox 1368 3507 1718 3566; x_wconf 86' lang='lat' dir='ltr'><strong>intolerandis</strong></span> <span class='ocrx_word' id='word_1_272' title='bbox 1752 3518 2035 3568; x_wconf 88' lang='lat' dir='ltr'><strong>tormentis</strong></span> <span class='ocrx_word' id='word_1_273' title='bbox 2072 3519 2134 3570; x_wconf 82' lang='lat' dir='ltr'><strong>Ii-</strong></span> 
     </span>
    </p>
   </div>
   <div class='ocr_carea' id='block_1_39' title="bbox 562 3583 2134 3665">
    <p class='ocr_par' dir='ltr' id='par_1_39' title="bbox 562 3583 2134 3665">
     <span class='ocr_line' id='line_1_41' title="bbox 562 3583 2134 3665; baseline 0.018 -31"><span class='ocrx_word' id='word_1_274' title='bbox 562 3583 862 3640; x_wconf 88' lang='lat' dir='ltr'><strong>beremini?</strong></span> <span class='ocrx_word' id='word_1_275' title='bbox 891 3606 958 3642; x_wconf 83' lang='lat' dir='ltr'><strong>an</strong></span> <span class='ocrx_word' id='word_1_276' title='bbox 1002 3594 1179 3646; x_wconf 88' lang='lat' dir='ltr'><strong>adhuc</strong></span> <span class='ocrx_word' id='word_1_277' title='bbox 1213 3597 1264 3646; x_wconf 91' lang='lat' dir='ltr'><strong>in</strong></span> <span class='ocrx_word' id='word_1_278' title='bbox 1303 3599 1460 3664; x_wconf 87' lang='lat' dir='ltr'><strong>priori</strong></span> <span class='ocrx_word' id='word_1_279' title='bbox 1497 3603 1786 3665; x_wconf 81' lang='lat' dir='ltr'><strong>persistitis</strong></span> <span class='ocrx_word' id='word_1_280' title='bbox 1817 3606 2134 3662; x_wconf 84' lang='lat' dir='ltr'><strong>iuobedien-</strong></span> 
     </span>
    </p>
   </div>
   <div class='ocr_carea' id='block_1_40' title="bbox 563 3675 2130 3766">
    <p class='ocr_par' dir='ltr' id='par_1_40' title="bbox 563 3675 2130 3766">
     <span class='ocr_line' id='line_1_42' title="bbox 563 3675 2130 3766; baseline 0.018 -41"><span class='ocrx_word' id='word_1_281' title='bbox 563 3676 667 3727; x_wconf 89' lang='lat' dir='ltr'><strong>tia?</strong></span> <span class='ocrx_word' id='word_1_282' title='bbox 699 3675 918 3748; x_wconf 77' lang='lat' dir='ltr'><strong>Magnus</strong></span> <span class='ocrx_word' id='word_1_283' title='bbox 946 3693 1124 3736; x_wconf 88' lang='lat' dir='ltr'><strong>autem</strong></span> <span class='ocrx_word' id='word_1_284' title='bbox 1152 3684 1517 3744; x_wconf 86' lang='lat' dir='ltr'><strong>Callistratus:</strong></span> <span class='ocrx_word' id='word_1_285' title='bbox 1554 3689 1625 3746; x_wconf 90' lang='lat' dir='ltr'><strong>De</strong></span> <span class='ocrx_word' id='word_1_286' title='bbox 1653 3695 1864 3764; x_wconf 89' lang='lat' dir='ltr'><strong>meipso</strong></span> <span class='ocrx_word' id='word_1_287' title='bbox 1891 3699 2130 3766; x_wconf 89' lang='lat' dir='ltr'><strong>quidem,</strong></span> 
     </span>
    </p>
   </div>
   <div class='ocr_carea' id='block_1_41' title="bbox 560 3769 2130 3851">
    <p class='ocr_par' dir='ltr' id='par_1_41' title="bbox 560 3769 2130 3851">
     <span class='ocr_line' id='line_1_43' title="bbox 560 3769 2130 3851; baseline 0.018 -31"><span class='ocrx_word' id='word_1_288' title='bbox 560 3769 716 3832; x_wconf 73' lang='lat' dir='ltr'><strong>dixit,</strong></span> <span class='ocrx_word' id='word_1_289' title='bbox 764 3772 833 3825; x_wconf 91' lang='lat' dir='ltr'><strong>do</strong></span> <span class='ocrx_word' id='word_1_290' title='bbox 888 3789 1230 3844; x_wconf 82' lang='lat' dir='ltr'><strong>responsum,</strong></span> <span class='ocrx_word' id='word_1_291' title='bbox 1267 3781 1410 3847; x_wconf 90' lang='lat' dir='ltr'><strong>quod</strong></span> <span class='ocrx_word' id='word_1_292' title='bbox 1466 3797 1640 3851; x_wconf 88' lang='lat' dir='ltr'><strong>neque</strong></span> <span class='ocrx_word' id='word_1_293' title='bbox 1682 3801 1797 3838; x_wconf 89' lang='lat' dir='ltr'><strong>sum</strong></span> <span class='ocrx_word' id='word_1_294' title='bbox 1851 3788 2130 3848; x_wconf 86' lang='lat' dir='ltr'><strong>honestam</strong></span> 
     </span>
    </p>
   </div>
   <div class='ocr_carea' id='block_1_42' title="bbox 561 3860 2133 3948">
    <p class='ocr_par' dir='ltr' id='par_1_42' title="bbox 561 3860 2133 3948">
     <span class='ocr_line' id='line_1_44' title="bbox 561 3860 2133 3948; baseline 0.019 -37"><span class='ocrx_word' id='word_1_295' title='bbox 561 3860 897 3916; x_wconf 85' lang='lat' dir='ltr'><strong>inliciaturus</strong></span> <span class='ocrx_word' id='word_1_296' title='bbox 925 3867 1350 3939; x_wconf 76' lang='lat' dir='ltr'><strong>confessionem,</strong></span> <span class='ocrx_word' id='word_1_297' title='bbox 1386 3887 1560 3942; x_wconf 87' lang='lat' dir='ltr'><strong>neque</strong></span> <span class='ocrx_word' id='word_1_298' title='bbox 1588 3877 1718 3930; x_wconf 88' lang='lat' dir='ltr'><strong>mihi</strong></span> <span class='ocrx_word' id='word_1_299' title='bbox 1749 3885 1990 3948; x_wconf 90' lang='lat' dir='ltr'><strong>persuasi</strong></span> <span class='ocrx_word' id='word_1_300' title='bbox 2017 3902 2133 3940; x_wconf 91' lang='lat' dir='ltr'><strong>om-</strong></span> 
     </span>
    </p>
   </div>
   <div class='ocr_carea' id='block_1_43' title="bbox 564 3952 2130 4036">
    <p class='ocr_par' dir='ltr' id='par_1_43' title="bbox 564 3952 2130 4036">
     <span class='ocr_line' id='line_1_45' title="bbox 564 3952 2130 4036; baseline 0.017 -33"><span class='ocrx_word' id='word_1_301' title='bbox 564 3952 696 4006; x_wconf 89' lang='lat' dir='ltr'><strong>nino</strong></span> <span class='ocrx_word' id='word_1_302' title='bbox 729 3953 962 4010; x_wconf 84' lang='lat' dir='ltr'><strong>deiicere</strong></span> <span class='ocrx_word' id='word_1_303' title='bbox 1007 3972 1033 4009; x_wconf 88' lang='lat' dir='ltr'><strong>a</strong></span> <span class='ocrx_word' id='word_1_304' title='bbox 1071 3961 1315 4027; x_wconf 82' lang='lat' dir='ltr'><strong>partibus</strong></span> <span class='ocrx_word' id='word_1_305' title='bbox 1365 3963 1819 4036; x_wconf 83' lang='lat' dir='ltr'><strong>Christianorum,</strong></span> <span class='ocrx_word' id='word_1_306' title='bbox 1854 3989 1953 4027; x_wconf 88' lang='lat' dir='ltr'><strong>nec</strong></span> <span class='ocrx_word' id='word_1_307' title='bbox 2001 3978 2130 4030; x_wconf 90' lang='lat' dir='ltr'><strong>tnihi</strong></span> 
     </span>
    </p>
   </div>
   <div class='ocr_carea' id='block_1_44' title="bbox 564 4044 2135 4124">
    <p class='ocr_par' dir='ltr' id='par_1_44' title="bbox 564 4044 2135 4124">
     <span class='ocr_line' id='line_1_46' title="bbox 564 4044 2135 4124; baseline 0.016 -29"><span class='ocrx_word' id='word_1_308' title='bbox 564 4044 1030 4115; x_wconf 47' lang='lat' dir='ltr'><strong>unquam‘potcrit</strong></span> <span class='ocrx_word' id='word_1_309' title='bbox 1057 4053 1389 4118; x_wconf 75' lang='lat' dir='ltr'><strong>persuaderi,</strong></span> <span class='ocrx_word' id='word_1_310' title='bbox 1417 4066 1472 4108; x_wconf 92' lang='lat' dir='ltr'><strong>ut</strong></span> <span class='ocrx_word' id='word_1_311' title='bbox 1501 4071 1608 4108; x_wconf 91' lang='lat' dir='ltr'><strong>non</strong></span> <span class='ocrx_word' id='word_1_312' title='bbox 1637 4069 1768 4110; x_wconf 85' lang='lat' dir='ltr'><strong>stem</strong></span> <span class='ocrx_word' id='word_1_313' title='bbox 1805 4065 1974 4124; x_wconf 86' lang='lat' dir='ltr'><strong>pactis</strong></span> <span class='ocrx_word' id='word_1_314' title='bbox 2005 4081 2135 4119; x_wconf 82' lang='lat' dir='ltr'><strong>cun-</strong></span> 
     </span>
    </p>
   </div>
   <div class='ocr_carea' id='block_1_45' title="bbox 563 4138 2134 4220">
    <p class='ocr_par' dir='ltr' id='par_1_45' title="bbox 563 4138 2134 4220">
     <span class='ocr_line' id='line_1_47' title="bbox 563 4138 2134 4220; baseline 0.017 -34"><span class='ocrx_word' id='word_1_315' title='bbox 563 4138 742 4188; x_wconf 84' lang='lat' dir='ltr'><strong>ventis</strong></span> <span class='ocrx_word' id='word_1_316' title='bbox 771 4153 894 4189; x_wconf 91' lang='lat' dir='ltr'><strong>cum</strong></span> <span class='ocrx_word' id='word_1_317' title='bbox 911 4138 1126 4193; x_wconf 83' lang='lat' dir='ltr'><strong>Christo</strong></span> <span class='ocrx_word' id='word_1_318' title='bbox 1148 4144 1313 4196; x_wconf 88' lang='lat' dir='ltr'><strong>initis.</strong></span> <span class='ocrx_word' id='word_1_319' title='bbox 1356 4146 1426 4198; x_wconf 87' lang='lat' dir='ltr'><strong>De</strong></span> <span class='ocrx_word' id='word_1_320' title='bbox 1462 4148 1546 4201; x_wconf 93' lang='lat' dir='ltr'><strong>his</strong></span> <span class='ocrx_word' id='word_1_321' title='bbox 1569 4159 1744 4205; x_wconf 86' lang='lat' dir='ltr'><strong>autem</strong></span> <span class='ocrx_word' id='word_1_322' title='bbox 1767 4152 1880 4220; x_wconf 89' lang='lat' dir='ltr'><strong>ipse</strong></span> <span class='ocrx_word' id='word_1_323' title='bbox 1903 4155 2134 4212; x_wconf 87' lang='lat' dir='ltr'><strong>interro-</strong></span> 
     </span>
    </p>
   </div>
   <div class='ocr_carea' id='block_1_46' title="bbox 563 4228 2130 4316">
    <p class='ocr_par' dir='ltr' id='par_1_46' title="bbox 563 4228 2130 4316">
     <span class='ocr_line' id='line_1_48' title="bbox 563 4228 2130 4316; baseline 0.017 -35"><span class='ocrx_word' id='word_1_324' title='bbox 563 4244 624 4296; x_wconf 78' lang='lat' dir='ltr'><strong>ga</strong></span> <span class='ocrx_word' id='word_1_325' title='bbox 648 4244 661 4293; x_wconf 94' lang='lat'><strong>;</strong></span> <span class='ocrx_word' id='word_1_326' title='bbox 686 4228 785 4296; x_wconf 90' lang='lat' dir='ltr'><strong>ipsi</strong></span> <span class='ocrx_word' id='word_1_327' title='bbox 802 4230 866 4282; x_wconf 90' lang='lat' dir='ltr'><strong>de</strong></span> <span class='ocrx_word' id='word_1_328' title='bbox 884 4245 939 4283; x_wconf 87' lang='lat' dir='ltr'><strong>se</strong></span> <span class='ocrx_word' id='word_1_329' title='bbox 960 4232 1052 4285; x_wconf 92' lang='lat' dir='ltr'><strong>tibi</strong></span> <span class='ocrx_word' id='word_1_330' title='bbox 1073 4235 1430 4292; x_wconf 81' lang='lat' dir='ltr'><strong>rnuutiabunt</strong></span> <span class='ocrx_word' id='word_1_331' title='bbox 1449 4258 1460 4293; x_wconf 92' lang='lat'><strong>:</strong></span> <span class='ocrx_word' id='word_1_332' title='bbox 1481 4243 1614 4295; x_wconf 91' lang='lat' dir='ltr'><strong>satis</strong></span> <span class='ocrx_word' id='word_1_333' title='bbox 1629 4246 1771 4297; x_wconf 88' lang='lat' dir='ltr'><strong>enim</strong></span> <span class='ocrx_word' id='word_1_334' title='bbox 1790 4250 2031 4316; x_wconf 90' lang='lat' dir='ltr'><strong>sapiunt.</strong></span> <span class='ocrx_word' id='word_1_335' title='bbox 2053 4253 2130 4307; x_wconf 82' lang='lat' dir='ltr'><strong>Ad</strong></span> 
     </span>
    </p>
   </div>
   <div class='ocr_carea' id='block_1_47' title="bbox 564 4321 2129 4405">
    <p class='ocr_par' dir='ltr' id='par_1_47' title="bbox 564 4321 2129 4405">
     <span class='ocr_line' id='line_1_49' title="bbox 564 4321 2129 4405; baseline 0.017 -34"><span class='ocrx_word' id='word_1_336' title='bbox 564 4334 656 4372; x_wconf 93' lang='lat' dir='ltr'><strong>cos</strong></span> <span class='ocrx_word' id='word_1_337' title='bbox 682 4321 862 4388; x_wconf 88' lang='lat' dir='ltr'><strong>itaque</strong></span> <span class='ocrx_word' id='word_1_338' title='bbox 897 4323 1123 4379; x_wconf 85' lang='lat' dir='ltr'><strong>intuitus</strong></span> <span class='ocrx_word' id='word_1_339' title='bbox 1149 4327 1250 4380; x_wconf 79' lang='lat' dir='ltr'><strong>dux</strong></span> <span class='ocrx_word' id='word_1_340' title='bbox 1278 4332 1547 4386; x_wconf 75' lang='lat' dir='ltr'><strong>exercitus</strong></span> <span class='ocrx_word' id='word_1_341' title='bbox 1576 4354 1586 4385; x_wconf 90' lang='lat'>:</span> <span class='ocrx_word' id='word_1_342' title='bbox 1615 4337 1715 4389; x_wconf 79' lang='lat' dir='ltr'><strong>Vos</strong></span> <span class='ocrx_word' id='word_1_343' title='bbox 1747 4348 1946 4404; x_wconf 78' lang='lat' dir='ltr'><strong>autem,</strong></span> <span class='ocrx_word' id='word_1_344' title='bbox 1973 4343 2129 4405; x_wconf 77' lang='lat' dir='ltr'><strong>dixit,</strong></span> 
     </span>
    </p>
   </div>
   <div class='ocr_carea' id='block_1_48' title="bbox 564 4413 2127 4486">
    <p class='ocr_par' dir='ltr' id='par_1_48' title="bbox 564 4413 2127 4486">
     <span class='ocr_line' id='line_1_50' title="bbox 564 4413 2127 4486; baseline 0.015 -24"><span class='ocrx_word' id='word_1_345' title='bbox 564 4413 692 4480; x_wconf 89' lang='lat' dir='ltr'><strong>qttid</strong></span> <span class='ocrx_word' id='word_1_346' title='bbox 722 4413 922 4476; x_wconf 88' lang='lat' dir='ltr'><strong>dicitis,</strong></span> <span class='ocrx_word' id='word_1_347' title='bbox 953 4417 1040 4483; x_wconf 90' lang='lat' dir='ltr'><strong>qui</strong></span> <span class='ocrx_word' id='word_1_348' title='bbox 1076 4419 1285 4471; x_wconf 85' lang='lat' dir='ltr'><strong>seducti</strong></span> <span class='ocrx_word' id='word_1_349' title='bbox 1325 4424 1453 4475; x_wconf 80' lang='lat' dir='ltr'><strong>estis</strong></span> <span class='ocrx_word' id='word_1_350' title='bbox 1495 4424 1701 4479; x_wconf 82' lang='lat' dir='ltr'><strong>artibus</strong></span> <span class='ocrx_word' id='word_1_351' title='bbox 1726 4429 2024 4484; x_wconf 79' lang='lat' dir='ltr'><strong>tuaiclicis?</strong></span> <span class='ocrx_word' id='word_1_352' title='bbox 2056 4433 2127 4486; x_wconf 90' lang='lat' dir='ltr'><strong>Illi</strong></span> 
     </span>
    </p>
   </div>
   <div class='ocr_carea' id='block_1_49' title="bbox 2235 603 3802 687">
    <p class='ocr_par' dir='ltr' id='par_1_49' title="bbox 2235 603 3802 687">
     <span class='ocr_line' id='line_1_51' title="bbox 2235 603 3802 687; baseline 0.011 -35"><span class='ocrx_word' id='word_1_353' title='bbox 2235 603 2291 653; x_wconf 75' lang='grc' dir='ltr'><strong>έν</strong></span> <span class='ocrx_word' id='word_1_354' title='bbox 2314 605 2493 674; x_wconf 74' lang='grc' dir='ltr'><strong>ἡμέρᾳ</strong></span> <span class='ocrx_word' id='word_1_355' title='bbox 2517 608 2788 679; x_wconf 72' lang='grc' dir='ltr'><strong>κρίσει.)ςῆ</strong></span> <span class='ocrx_word' id='word_1_356' title='bbox 2814 613 2877 680; x_wconf 81' lang='grc' dir='ltr'><strong>τῇ</strong></span> <span class='ocrx_word' id='word_1_357' title='bbox 2901 611 3067 670; x_wconf 84' lang='grc' dir='ltr'><strong>πόλει,</strong></span> <span class='ocrx_word' id='word_1_358' title='bbox 3101 631 3119 663; x_wconf 74' lang='grc' dir='ltr'><strong>ι</strong></span> <span class='ocrx_word' id='word_1_359' title='bbox 3142 630 3212 681; x_wconf 83' lang='grc' dir='ltr'><strong>φη</strong></span> <span class='ocrx_word' id='word_1_360' title='bbox 3225 616 3294 676; x_wconf 64' lang='grc' dir='ltr'><strong>αἱ,</strong></span> <span class='ocrx_word' id='word_1_361' title='bbox 3327 619 3389 682; x_wconf 79' lang='grc' dir='ltr'><strong>τῇ</strong></span> <span class='ocrx_word' id='word_1_362' title='bbox 3435 617 3511 686; x_wconf 79' lang='grc' dir='ltr'><strong>μὴ</strong></span> <span class='ocrx_word' id='word_1_363' title='bbox 3548 617 3802 687; x_wconf 73' lang='grc' dir='ltr'><strong>δεχομένῃ</strong></span> 
     </span>
    </p>
   </div>
   <div class='ocr_carea' id='block_1_50' title="bbox 2235 694 3805 773">
    <p class='ocr_par' dir='ltr' id='par_1_50' title="bbox 2235 694 3805 773">
     <span class='ocr_line' id='line_1_52' title="bbox 2235 694 3805 773; baseline 0.011 -30"><span class='ocrx_word' id='word_1_364' title='bbox 2235 694 2292 744; x_wconf 77' lang='grc' dir='ltr'><strong>τὸ</strong></span> <span class='ocrx_word' id='word_1_365' title='bbox 2375 695 2473 762; x_wconf 77' lang='grc' dir='ltr'><strong>τῆς</strong></span> <span class='ocrx_word' id='word_1_366' title='bbox 2543 698 2776 766; x_wconf 75' lang='grc' dir='ltr'><strong>Χριστοῦ</strong></span> <span class='ocrx_word' id='word_1_367' title='bbox 2855 703 3091 768; x_wconf 78' lang='grc' dir='ltr'><strong>πίστεως</strong></span> <span class='ocrx_word' id='word_1_368' title='bbox 3161 707 3443 773; x_wconf 71' lang='grc' dir='ltr'><strong>κήρυγμα.</strong></span> <span class='ocrx_word' id='word_1_369' title='bbox 3523 710 3805 761; x_wconf 80' lang='grc' dir='ltr'><strong>Δείκνυται</strong></span> 
     </span>
    </p>
   </div>
   <div class='ocr_carea' id='block_1_51' title="bbox 2233 787 3802 872">
    <p class='ocr_par' dir='ltr' id='par_1_51' title="bbox 2233 787 3802 872">
     <span class='ocr_line' id='line_1_53' title="bbox 2233 787 3802 872; baseline 0.011 -36"><span class='ocrx_word' id='word_1_370' title='bbox 2233 787 2342 855; x_wconf 69' lang='grc' dir='ltr'><strong>γὰρ</strong></span> <span class='ocrx_word' id='word_1_371' title='bbox 2407 787 2581 850; x_wconf 76' lang='grc' dir='ltr'><strong>οὕτως</strong></span> <span class='ocrx_word' id='word_1_372' title='bbox 2645 791 2724 844; x_wconf 74' lang='grc' dir='ltr'><strong>δτι</strong></span> <span class='ocrx_word' id='word_1_373' title='bbox 2790 795 2862 862; x_wconf 82' lang='grc' dir='ltr'><strong>μὴ</strong></span> <span class='ocrx_word' id='word_1_374' title='bbox 2945 795 3188 866; x_wconf 73' lang='grc' dir='ltr'><strong>ἀρκοῦσα</strong></span> <span class='ocrx_word' id='word_1_375' title='bbox 3261 799 3584 866; x_wconf 79' lang='grc' dir='ltr'><strong>Σοδομίταις</strong></span> <span class='ocrx_word' id='word_1_376' title='bbox 3638 804 3672 872; x_wconf 75' lang='grc' dir='ltr'><strong>ἡ</strong></span> <span class='ocrx_word' id='word_1_377' title='bbox 3726 805 3802 854; x_wconf 67' lang='lat' dir='ltr'><strong>6v-</strong></span> 
     </span>
    </p>
   </div>
   <div class='ocr_carea' id='block_1_52' title="bbox 2234 878 3800 961">
    <p class='ocr_par' dir='ltr' id='par_1_52' title="bbox 2234 878 3800 961">
     <span class='ocr_line' id='line_1_54' title="bbox 2234 878 3800 961; baseline 0.01 -31"><span class='ocrx_word' id='word_1_378' title='bbox 2234 878 2407 931; x_wconf 75' lang='grc' dir='ltr'><strong>ταῦθα</strong></span> <span class='ocrx_word' id='word_1_379' title='bbox 2455 881 2675 944; x_wconf 79' lang='grc' dir='ltr'><strong>κόλασις</strong></span> <span class='ocrx_word' id='word_1_380' title='bbox 2720 885 2856 952; x_wconf 59' lang='grc' dir='ltr'><strong>πρὸς</strong></span> <span class='ocrx_word' id='word_1_381' title='bbox 2906 887 3198 953; x_wconf 71' lang='grc' dir='ltr'><strong>ἀναλογίας</strong></span> <span class='ocrx_word' id='word_1_382' title='bbox 3267 883 3341 941; x_wconf 81' lang='grc' dir='ltr'><strong>ὧν</strong></span> <span class='ocrx_word' id='word_1_383' title='bbox 3396 893 3800 961; x_wconf 71' lang='grc' dir='ltr'><strong>ἡμαρτήκασιν,</strong></span> 
     </span>
    </p>
   </div>
   <div class='ocr_carea' id='block_1_53' title="bbox 2233 969 3802 1052">
    <p class='ocr_par' dir='ltr' id='par_1_53' title="bbox 2233 969 3802 1052">
     <span class='ocr_line' id='line_1_55' title="bbox 2233 969 3802 1052; baseline 0.01 -31"><span class='ocrx_word' id='word_1_384' title='bbox 2233 969 2346 1021; x_wconf 82' lang='grc' dir='ltr'><strong>ἀλλ’</strong></span> <span class='ocrx_word' id='word_1_385' title='bbox 2382 973 2408 1024; x_wconf 98' lang='lat'><strong>6</strong></span> <span class='ocrx_word' id='word_1_386' title='bbox 2433 973 2661 1040; x_wconf 79' lang='grc' dir='ltr'><strong>τρυγίας</strong></span> <span class='ocrx_word' id='word_1_387' title='bbox 2690 974 2771 1028; x_wconf 79' lang='grc' dir='ltr'><strong>ἐτι</strong></span> <span class='ocrx_word' id='word_1_388' title='bbox 2809 976 2900 1028; x_wconf 82' lang='grc' dir='ltr'><strong>τοῦ</strong></span> <span class='ocrx_word' id='word_1_389' title='bbox 2932 979 3188 1048; x_wconf 78' lang='grc' dir='ltr'><strong>ποτηρίου</strong></span> <span class='ocrx_word' id='word_1_390' title='bbox 3218 979 3318 1048; x_wconf 80' lang='grc' dir='ltr'><strong>τῆς</strong></span> <span class='ocrx_word' id='word_1_391' title='bbox 3351 981 3445 1033; x_wconf 83' lang='grc' dir='ltr'><strong>τοῦ</strong></span> <span class='ocrx_word' id='word_1_392' title='bbox 3477 982 3618 1034; x_wconf 78' lang='grc' dir='ltr'><strong>Θεοῦ</strong></span> <span class='ocrx_word' id='word_1_393' title='bbox 3655 985 3802 1052; x_wconf 74' lang='grc' dir='ltr'><strong>δίκης</strong></span> 
     </span>
    </p>
   </div>
   <div class='ocr_carea' id='block_1_54' title="bbox 2233 1060 3802 1139">
    <p class='ocr_par' dir='ltr' id='par_1_54' title="bbox 2233 1060 3802 1139">
     <span class='ocr_line' id='line_1_56' title="bbox 2233 1060 3802 1139; baseline 0.01 -29"><span class='ocrx_word' id='word_1_394' title='bbox 2233 1060 2352 1111; x_wconf 64' lang='grc' dir='ltr'><strong>ἐκεῖ</strong></span> <span class='ocrx_word' id='word_1_395' title='bbox 2385 1067 2754 1132; x_wconf 81' lang='grc' dir='ltr'><strong>συντηρεῖται.</strong></span> <span class='ocrx_word' id='word_1_396' title='bbox 2775 1066 2835 1119; x_wconf 83' lang='grc' dir='ltr'><strong>Εἰ</strong></span> <span class='ocrx_word' id='word_1_397' title='bbox 2867 1065 2923 1119; x_wconf 68' lang='grc' dir='ltr'><strong>δὲ</strong></span> <span class='ocrx_word' id='word_1_398' title='bbox 2955 1069 3048 1120; x_wconf 77' lang='grc' dir='ltr'><strong>καὶ</strong></span> <span class='ocrx_word' id='word_1_399' title='bbox 3081 1070 3310 1132; x_wconf 82' lang='grc' dir='ltr'><strong>δικαίοις</strong></span> <span class='ocrx_word' id='word_1_400' title='bbox 3336 1073 3482 1123; x_wconf 65' lang='grc' dir='ltr'><strong>τισὶν</strong></span> <span class='ocrx_word' id='word_1_401' title='bbox 3515 1073 3802 1139; x_wconf 71' lang='grc' dir='ltr'><strong>ἐπάγονται</strong></span> 
     </span>
    </p>
   </div>
   <div class='ocr_carea' id='block_1_55' title="bbox 2231 1147 3802 1230">
    <p class='ocr_par' dir='ltr' id='par_1_55' title="bbox 2231 1147 3802 1230">
     <span class='ocr_line' id='line_1_57' title="bbox 2231 1147 3802 1230; baseline 0.011 -31"><span class='ocrx_word' id='word_1_402' title='bbox 2231 1147 2466 1219; x_wconf 80' lang='grc' dir='ltr'><strong>δυσχερῆ</strong></span> <span class='ocrx_word' id='word_1_403' title='bbox 2498 1154 2638 1205; x_wconf 75' lang='grc' dir='ltr'><strong>κατὰ</strong></span> <span class='ocrx_word' id='word_1_404' title='bbox 2661 1155 2750 1205; x_wconf 84' lang='grc' dir='ltr'><strong>τὸν</strong></span> <span class='ocrx_word' id='word_1_405' title='bbox 2786 1157 3028 1224; x_wconf 87' lang='grc' dir='ltr'><strong>παρόντα</strong></span> <span class='ocrx_word' id='word_1_406' title='bbox 3080 1157 3214 1224; x_wconf 87' lang='grc' dir='ltr'><strong>βίον,</strong></span> <span class='ocrx_word' id='word_1_407' title='bbox 3241 1158 3548 1226; x_wconf 73' lang='grc' dir='ltr'><strong>θαυμάζειν</strong></span> <span class='ocrx_word' id='word_1_408' title='bbox 3582 1162 3643 1212; x_wconf 77' lang='grc' dir='ltr'><strong>ού</strong></span> <span class='ocrx_word' id='word_1_409' title='bbox 3670 1167 3802 1230; x_wconf 80' lang='grc' dir='ltr'><strong>χρή’</strong></span> 
     </span>
    </p>
   </div>
   <div class='ocr_carea' id='block_1_56' title="bbox 2231 1240 3803 1321">
    <p class='ocr_par' dir='ltr' id='par_1_56' title="bbox 2231 1240 3803 1321">
     <span class='ocr_line' id='line_1_58' title="bbox 2231 1240 3803 1321; baseline 0.006 -29"><span class='ocrx_word' id='word_1_410' title='bbox 2231 1240 2474 1310; x_wconf 77' lang='grc' dir='ltr'><strong>δοκίμιον</strong></span> <span class='ocrx_word' id='word_1_411' title='bbox 2509 1245 2618 1314; x_wconf 81' lang='grc' dir='ltr'><strong>γάρ</strong></span> <span class='ocrx_word' id='word_1_412' title='bbox 2653 1247 2768 1300; x_wconf 77' lang='grc' dir='ltr'><strong>ἐστι</strong></span> <span class='ocrx_word' id='word_1_413' title='bbox 2798 1247 2971 1300; x_wconf 81' lang='grc' dir='ltr'><strong>ταῦτα</strong></span> <span class='ocrx_word' id='word_1_414' title='bbox 3000 1251 3095 1301; x_wconf 77' lang='grc' dir='ltr'><strong>καὶ</strong></span> <span class='ocrx_word' id='word_1_415' title='bbox 3145 1247 3478 1321; x_wconf 77' lang='grc' dir='ltr'><strong>βάσανος,ἦς</strong></span> <span class='ocrx_word' id='word_1_416' title='bbox 3522 1253 3803 1318; x_wconf 68' lang='grc' dir='ltr'><strong>συνέλεξαν</strong></span> 
     </span>
    </p>
   </div>
   <div class='ocr_carea' id='block_1_57' title="bbox 2230 1331 3806 1404">
    <p class='ocr_par' dir='ltr' id='par_1_57' title="bbox 2230 1331 3806 1404">
     <span class='ocr_line' id='line_1_59' title="bbox 2230 1331 3806 1404; baseline 0.008 -21"><span class='ocrx_word' id='word_1_417' title='bbox 2230 1331 2451 1402; x_wconf 81' lang='grc' dir='ltr'><strong>ἀρετῆς,</strong></span> <span class='ocrx_word' id='word_1_418' title='bbox 2476 1336 2569 1387; x_wconf 81' lang='grc' dir='ltr'><strong>καὶ</strong></span> <span class='ocrx_word' id='word_1_419' title='bbox 2615 1336 2950 1404; x_wconf 76' lang='grc' dir='ltr'><strong>σφαλμάτων</strong></span> <span class='ocrx_word' id='word_1_420' title='bbox 2992 1339 3153 1391; x_wconf 79' lang='grc' dir='ltr'><strong>τινῶν</strong></span> <span class='ocrx_word' id='word_1_421' title='bbox 3219 1340 3450 1402; x_wconf 75' lang='grc' dir='ltr'><strong>ἕκτισις,</strong></span> <span class='ocrx_word' id='word_1_422' title='bbox 3476 1342 3546 1394; x_wconf 83' lang='grc' dir='ltr'><strong>δι’</strong></span> <span class='ocrx_word' id='word_1_423' title='bbox 3571 1336 3646 1395; x_wconf 83' lang='grc' dir='ltr'><strong>ὧν</strong></span> <span class='ocrx_word' id='word_1_424' title='bbox 3675 1343 3806 1404; x_wconf 73' lang='grc' dir='ltr'><strong>ὅλως</strong></span> 
     </span>
    </p>
   </div>
   <div class='ocr_carea' id='block_1_58' title="bbox 2231 1426 3803 1498">
    <p class='ocr_par' dir='ltr' id='par_1_58' title="bbox 2231 1426 3803 1498">
     <span class='ocr_line' id='line_1_60' title="bbox 2231 1426 3803 1498; baseline 0.004 -23"><span class='ocrx_word' id='word_1_425' title='bbox 2231 1426 2693 1495; x_wconf 71' lang='grc' dir='ltr'><strong>ἁπορῤυφθέντες,</strong></span> <span class='ocrx_word' id='word_1_426' title='bbox 2721 1427 2952 1498; x_wconf 72' lang='grc' dir='ltr'><strong>καθαροὶ</strong></span> <span class='ocrx_word' id='word_1_427' title='bbox 2993 1429 3304 1482; x_wconf 71' lang='grc' dir='ltr'><strong>παντάπασι</strong></span> <span class='ocrx_word' id='word_1_428' title='bbox 3335 1430 3412 1498; x_wconf 84' lang='grc' dir='ltr'><strong>τῷ</strong></span> <span class='ocrx_word' id='word_1_429' title='bbox 3445 1432 3660 1484; x_wconf 76' lang='grc' dir='ltr'><strong>ἐκεῖθεν</strong></span> <span class='ocrx_word' id='word_1_430' title='bbox 3709 1448 3803 1482; x_wconf 87' lang='grc' dir='ltr'><strong>πα-</strong></span> 
     </span>
    </p>
   </div>
   <div class='ocr_carea' id='block_1_59' title="bbox 2235 1518 3804 1591">
    <p class='ocr_par' dir='ltr' id='par_1_59' title="bbox 2235 1518 3804 1591">
     <span class='ocr_line' id='line_1_61' title="bbox 2235 1518 3804 1591; baseline 0.002 -23"><span class='ocrx_word' id='word_1_431' title='bbox 2235 1518 2615 1586; x_wconf 82' lang='grc' dir='ltr'><strong>ραπέμπονται</strong></span> <span class='ocrx_word' id='word_1_432' title='bbox 2657 1519 2777 1587; x_wconf 83' lang='grc' dir='ltr'><strong>βίῳ.</strong></span> <span class='ocrx_word' id='word_1_433' title='bbox 2801 1522 2904 1572; x_wconf 81' lang='grc' dir='ltr'><strong>Καὶ</strong></span> <span class='ocrx_word' id='word_1_434' title='bbox 2937 1523 3065 1589; x_wconf 82' lang='grc' dir='ltr'><strong>ὑμῖν</strong></span> <span class='ocrx_word' id='word_1_435' title='bbox 3097 1522 3384 1591; x_wconf 69' lang='grc' dir='ltr'><strong>τοιγαροῦν</strong></span> <span class='ocrx_word' id='word_1_436' title='bbox 3445 1523 3804 1575; x_wconf 68' lang='grc' dir='ltr'><strong>σπουδαστέον</strong></span> 
     </span>
    </p>
   </div>
   <div class='ocr_carea' id='block_1_60' title="bbox 2234 1608 3804 1683">
    <p class='ocr_par' dir='ltr' id='par_1_60' title="bbox 2234 1608 3804 1683">
     <span class='ocr_line' id='line_1_62' title="bbox 2234 1608 3804 1683; baseline 0.004 -24"><span class='ocrx_word' id='word_1_437' title='bbox 2234 1608 2308 1678; x_wconf 79' lang='grc' dir='ltr'><strong>μὴ</strong></span> <span class='ocrx_word' id='word_1_438' title='bbox 2327 1608 2434 1660; x_wconf 83' lang='grc' dir='ltr'><strong>τῶν</strong></span> <span class='ocrx_word' id='word_1_439' title='bbox 2456 1609 2542 1661; x_wconf 73' lang='grc' dir='ltr'><strong>διὰ</strong></span> <span class='ocrx_word' id='word_1_440' title='bbox 2559 1611 2832 1678; x_wconf 80' lang='grc' dir='ltr'><strong>ἁμαρτίας</strong></span> <span class='ocrx_word' id='word_1_441' title='bbox 2852 1613 3250 1680; x_wconf 70' lang='grc' dir='ltr'><strong>κολαζομένων,</strong></span> <span class='ocrx_word' id='word_1_442' title='bbox 3274 1615 3410 1666; x_wconf 64' lang='grc' dir='ltr'><strong>ἀλλὰ</strong></span> <span class='ocrx_word' id='word_1_443' title='bbox 3435 1616 3536 1683; x_wconf 77' lang='grc' dir='ltr'><strong>τῆς</strong></span> <span class='ocrx_word' id='word_1_444' title='bbox 3555 1615 3666 1666; x_wconf 80' lang='grc' dir='ltr'><strong>τῶν</strong></span> <span class='ocrx_word' id='word_1_445' title='bbox 3690 1616 3804 1665; x_wconf 73' lang='grc' dir='ltr'><strong>εὔα-</strong></span> 
     </span>
    </p>
   </div>
   <div class='ocr_carea' id='block_1_61' title="bbox 2234 1699 3167 1771">
    <p class='ocr_par' dir='ltr' id='par_1_61' title="bbox 2234 1699 3167 1771">
     <span class='ocr_line' id='line_1_63' title="bbox 2234 1699 3167 1771; baseline 0.004 -21"><span class='ocrx_word' id='word_1_446' title='bbox 2234 1699 2568 1768; x_wconf 80' lang='grc' dir='ltr'><strong>ρεστούντων</strong></span> <span class='ocrx_word' id='word_1_447' title='bbox 2617 1701 2694 1768; x_wconf 83' lang='grc' dir='ltr'><strong>τῷ</strong></span> <span class='ocrx_word' id='word_1_448' title='bbox 2733 1701 2851 1771; x_wconf 84' lang='grc' dir='ltr'><strong>Θεῷ</strong></span> <span class='ocrx_word' id='word_1_449' title='bbox 2915 1702 3167 1768; x_wconf 83' lang='grc' dir='ltr'><strong>γενέσθαι</strong></span> 
     </span>
    </p>
   </div>
   <div class='ocr_carea' id='block_1_62' title="bbox 2233 1792 3804 1862">
    <p class='ocr_par' dir='ltr' id='par_1_62' title="bbox 2233 1792 3804 1862">
     <span class='ocr_line' id='line_1_64' title="bbox 2233 1792 3804 1862; baseline -0.001 -19"><span class='ocrx_word' id='word_1_450' title='bbox 2233 1792 2465 1845; x_wconf 76' lang='grc' dir='ltr'><strong>αἰωνίων</strong></span> <span class='ocrx_word' id='word_1_451' title='bbox 2493 1793 2792 1862; x_wconf 77' lang='grc' dir='ltr'><strong>ἀξιωθῆναι</strong></span> <span class='ocrx_word' id='word_1_452' title='bbox 2840 1795 3038 1862; x_wconf 82' lang='grc' dir='ltr'><strong>γερῶν.</strong></span> <span class='ocrx_word' id='word_1_453' title='bbox 3063 1794 3236 1860; x_wconf 77' lang='grc' dir='ltr'><strong>Σκεύη</strong></span> <span class='ocrx_word' id='word_1_454' title='bbox 3287 1794 3386 1859; x_wconf 79' lang='grc' dir='ltr'><strong>μὲν</strong></span> <span class='ocrx_word' id='word_1_455' title='bbox 3425 1796 3536 1860; x_wconf 69' lang='grc' dir='ltr'><strong>γὰρ</strong></span> <span class='ocrx_word' id='word_1_456' title='bbox 3577 1796 3804 1858; x_wconf 74' lang='grc' dir='ltr'><strong>ἐκλογῆς</strong></span> 
     </span>
    </p>
   </div>
   <div class='ocr_carea' id='block_1_63' title="bbox 2233 1873 3808 1950">
    <p class='ocr_par' dir='ltr' id='par_1_63' title="bbox 2233 1873 3808 1950">
     <span class='ocr_line' id='line_1_65' title="bbox 2233 1873 3808 1950; baseline 0 -20"><span class='ocrx_word' id='word_1_457' title='bbox 2233 1882 2512 1948; x_wconf 75' lang='grc' dir='ltr'><strong>γεγόνατε,</strong></span> <span class='ocrx_word' id='word_1_458' title='bbox 2567 1885 2956 1946; x_wconf 69' lang='grc' dir='ltr'><strong>πιστεύσαντες</strong></span> <span class='ocrx_word' id='word_1_459' title='bbox 2995 1885 3072 1950; x_wconf 80' lang='grc' dir='ltr'>τῷ</span> <span class='ocrx_word' id='word_1_460' title='bbox 3117 1883 3267 1950; x_wconf 78' lang='grc' dir='ltr'><strong>Θεῷ·</strong></span> <span class='ocrx_word' id='word_1_461' title='bbox 3292 1873 3466 1934; x_wconf 57' lang='grc' dir='ltr'><strong>τέλεοι</strong></span> <span class='ocrx_word' id='word_1_462' title='bbox 3503 1884 3558 1934; x_wconf 75' lang='grc' dir='ltr'><strong>δὲ</strong></span> <span class='ocrx_word' id='word_1_463' title='bbox 3587 1884 3808 1949; x_wconf 72' lang='grc' dir='ltr'><strong>γενήσε-</strong></span> 
     </span>
    </p>
   </div>
   <div class='ocr_carea' id='block_1_64' title="bbox 2237 1972 3808 2044">
    <p class='ocr_par' dir='ltr' id='par_1_64' title="bbox 2237 1972 3808 2044">
     <span class='ocr_line' id='line_1_66' title="bbox 2237 1972 3808 2044; baseline 0.001 -21"><span class='ocrx_word' id='word_1_464' title='bbox 2237 1972 2448 2042; x_wconf 85' lang='grc' dir='ltr'><strong>σθε,τῷ</strong></span> <span class='ocrx_word' id='word_1_465' title='bbox 2480 1973 2607 2042; x_wconf 86' lang='grc' dir='ltr'><strong>θείῳ</strong></span> <span class='ocrx_word' id='word_1_466' title='bbox 2635 1974 2972 2042; x_wconf 78' lang='grc' dir='ltr'><strong>βαπτίσματι</strong></span> <span class='ocrx_word' id='word_1_467' title='bbox 3024 1975 3405 2044; x_wconf 72' lang='grc' dir='ltr'><strong>φωτιζόμενοι,</strong></span> <span class='ocrx_word' id='word_1_468' title='bbox 3447 1975 3496 2025; x_wconf 87' lang='grc' dir='ltr'><strong>εί</strong></span> <span class='ocrx_word' id='word_1_469' title='bbox 3531 1973 3588 2025; x_wconf 75' lang='grc' dir='ltr'><strong>δὲ</strong></span> <span class='ocrx_word' id='word_1_470' title='bbox 3622 1973 3808 2028; x_wconf 73' lang='grc' dir='ltr'><strong>τελεώ-</strong></span> 
     </span>
    </p>
   </div>
   <div class='ocr_carea' id='block_1_65' title="bbox 2231 2061 3804 2133">
    <p class='ocr_par' dir='ltr' id='par_1_65' title="bbox 2231 2061 3804 2133">
     <span class='ocr_line' id='line_1_67' title="bbox 2231 2061 3804 2133; baseline -0.002 -19"><span class='ocrx_word' id='word_1_471' title='bbox 2231 2078 2378 2133; x_wconf 84' lang='grc' dir='ltr'><strong>τεροι</strong></span> <span class='ocrx_word' id='word_1_472' title='bbox 2410 2062 2571 2115; x_wconf 71' lang='grc' dir='ltr'><strong>πάλιν</strong></span> <span class='ocrx_word' id='word_1_473' title='bbox 2607 2062 3085 2132; x_wconf 78' lang='grc' dir='ltr'><strong>ἀναδειχθήσεσοε,</strong></span> <span class='ocrx_word' id='word_1_474' title='bbox 3114 2065 3201 2116; x_wconf 81' lang='grc' dir='ltr'><strong>τὸν</strong></span> <span class='ocrx_word' id='word_1_475' title='bbox 3225 2063 3316 2114; x_wconf 75' lang='grc' dir='ltr'><strong>τοῦ</strong></span> <span class='ocrx_word' id='word_1_476' title='bbox 3347 2062 3657 2132; x_wconf 77' lang='grc' dir='ltr'><strong>μαρτυρίου</strong></span> <span class='ocrx_word' id='word_1_477' title='bbox 3682 2061 3804 2129; x_wconf 75' lang='grc' dir='ltr'><strong>δρό-</strong></span> 
     </span>
    </p>
   </div>
   <div class='ocr_carea' id='block_1_66' title="bbox 2236 2155 3808 2224">
    <p class='ocr_par' dir='ltr' id='par_1_66' title="bbox 2236 2155 3808 2224">
     <span class='ocr_line' id='line_1_68' title="bbox 2236 2155 3808 2224; baseline -0.002 -17"><span class='ocrx_word' id='word_1_478' title='bbox 2236 2174 2334 2224; x_wconf 88' lang='grc' dir='ltr'><strong>μον</strong></span> <span class='ocrx_word' id='word_1_479' title='bbox 2368 2156 2616 2224; x_wconf 64' lang='grc' dir='ltr'><strong>εὐψύχως</strong></span> <span class='ocrx_word' id='word_1_480' title='bbox 2649 2157 2742 2207; x_wconf 67' lang='grc' dir='ltr'><strong>καὶ</strong></span> <span class='ocrx_word' id='word_1_481' title='bbox 2768 2156 3034 2223; x_wconf 75' lang='grc' dir='ltr'><strong>ἀνδρικῶς</strong></span> <span class='ocrx_word' id='word_1_482' title='bbox 3067 2155 3394 2216; x_wconf 81' lang='grc' dir='ltr'><strong>διανύοντες.</strong></span> <span class='ocrx_word' id='word_1_483' title='bbox 3427 2156 3656 2224; x_wconf 79' lang='grc' dir='ltr'><strong>Στῶμεν</strong></span> <span class='ocrx_word' id='word_1_484' title='bbox 3704 2172 3808 2205; x_wconf 85' lang='grc' dir='ltr'><strong>τοι-</strong></span> 
     </span>
    </p>
   </div>
   <div class='ocr_carea' id='block_1_67' title="bbox 3245 1703 3804 1771">
    <p class='ocr_par' dir='ltr' id='par_1_67' title="bbox 3245 1703 3804 1771">
     <span class='ocr_line' id='line_1_69' title="bbox 3245 1703 3804 1771; baseline 0 -18"><span class='ocrx_word' id='word_1_485' title='bbox 3245 1721 3308 1770; x_wconf 83' lang='grc' dir='ltr'><strong>με</strong></span> <span class='ocrx_word' id='word_1_486' title='bbox 3321 1705 3483 1771; x_wconf 80' lang='grc' dir='ltr'><strong>ρίδος,</strong></span> <span class='ocrx_word' id='word_1_487' title='bbox 3534 1707 3631 1756; x_wconf 81' lang='grc' dir='ltr'><strong>καὶ</strong></span> <span class='ocrx_word' id='word_1_488' title='bbox 3705 1703 3804 1754; x_wconf 81' lang='grc' dir='ltr'><strong>τῶν</strong></span> 
     </span>
    </p>
   </div>
   <div class='ocr_carea' id='block_1_68' title="bbox 2233 2247 3809 2316">
    <p class='ocr_par' dir='ltr' id='par_1_68' title="bbox 2233 2247 3809 2316">
     <span class='ocr_line' id='line_1_70' title="bbox 2233 2247 3809 2316; baseline -0.001 -16"><span class='ocrx_word' id='word_1_489' title='bbox 2233 2247 2440 2316; x_wconf 79' lang='grc' dir='ltr'><strong>γαροῦν</strong></span> <span class='ocrx_word' id='word_1_490' title='bbox 2473 2249 2762 2314; x_wconf 87' lang='grc' dir='ltr'><strong>γενναίως,</strong></span> <span class='ocrx_word' id='word_1_491' title='bbox 2797 2250 2862 2316; x_wconf 78' lang='grc' dir='ltr'><strong>τῇ</strong></span> <span class='ocrx_word' id='word_1_492' title='bbox 2916 2247 3106 2298; x_wconf 79' lang='grc' dir='ltr'><strong>πίστει</strong></span> <span class='ocrx_word' id='word_1_493' title='bbox 3146 2247 3622 2316; x_wconf 75' lang='grc' dir='ltr'><strong>περιφραξαμενοι</strong></span> <span class='ocrx_word' id='word_1_494' title='bbox 3675 2252 3809 2300; x_wconf 80' lang='grc' dir='ltr'><strong>ἀντι-</strong></span> 
     </span>
    </p>
   </div>
   <div class='ocr_carea' id='block_1_69' title="bbox 2235 2337 3806 2409">
    <p class='ocr_par' dir='ltr' id='par_1_69' title="bbox 2235 2337 3806 2409">
     <span class='ocr_line' id='line_1_71' title="bbox 2235 2337 3806 2409; baseline -0.003 -17"><span class='ocrx_word' id='word_1_495' title='bbox 2235 2342 2449 2409; x_wconf 80' lang='grc' dir='ltr'><strong>στὼμεν</strong></span> <span class='ocrx_word' id='word_1_496' title='bbox 2477 2337 2554 2407; x_wconf 83' lang='grc' dir='ltr'><strong>τῷ</strong></span> <span class='ocrx_word' id='word_1_497' title='bbox 2591 2338 2840 2407; x_wconf 73' lang='grc' dir='ltr'><strong>διαϐόλῳ,</strong></span> <span class='ocrx_word' id='word_1_498' title='bbox 2873 2338 3115 2407; x_wconf 84' lang='grc' dir='ltr'><strong>νομίμως</strong></span> <span class='ocrx_word' id='word_1_499' title='bbox 3165 2338 3510 2406; x_wconf 79' lang='grc' dir='ltr'><strong>ἁθλὴσωμεν,</strong></span> <span class='ocrx_word' id='word_1_500' title='bbox 3558 2341 3657 2394; x_wconf 73' lang='grc' dir='ltr'><strong>καὶ</strong></span> <span class='ocrx_word' id='word_1_501' title='bbox 3688 2339 3806 2399; x_wconf 77' lang='grc' dir='ltr'><strong>τοὺς</strong></span> 
     </span>
    </p>
   </div>
   <div class='ocr_carea' id='block_1_70' title="bbox 2233 2428 3805 2501">
    <p class='ocr_par' dir='ltr' id='par_1_70' title="bbox 2233 2428 3805 2501">
     <span class='ocr_line' id='line_1_72' title="bbox 2233 2428 3805 2501; baseline -0.004 -18"><span class='ocrx_word' id='word_1_502' title='bbox 2233 2432 2508 2494; x_wconf 74' lang='grc' dir='ltr'><strong>ἐναντίους</strong></span> <span class='ocrx_word' id='word_1_503' title='bbox 2560 2428 2948 2501; x_wconf 64' lang='grc' dir='ltr'><strong>στρεφώμεθα·</strong></span> <span class='ocrx_word' id='word_1_504' title='bbox 2973 2429 3114 2480; x_wconf 74' lang='grc' dir='ltr'><strong>οὕτω</strong></span> <span class='ocrx_word' id='word_1_505' title='bbox 3141 2428 3248 2496; x_wconf 75' lang='grc' dir='ltr'><strong>γὰρ</strong></span> <span class='ocrx_word' id='word_1_506' title='bbox 3271 2430 3364 2480; x_wconf 78' lang='grc' dir='ltr'><strong>καὶ</strong></span> <span class='ocrx_word' id='word_1_507' title='bbox 3391 2430 3498 2481; x_wconf 77' lang='grc' dir='ltr'><strong>τῶν</strong></span> <span class='ocrx_word' id='word_1_508' title='bbox 3537 2433 3805 2497; x_wconf 82' lang='grc' dir='ltr'><strong>μεγίστων</strong></span> 
     </span>
    </p>
   </div>
   <div class='ocr_carea' id='block_1_71' title="bbox 2231 2518 3690 2590">
    <p class='ocr_par' dir='ltr' id='par_1_71' title="bbox 2231 2518 3690 2590">
     <span class='ocr_line' id='line_1_73' title="bbox 2231 2518 3690 2590; baseline -0.005 -13"><span class='ocrx_word' id='word_1_509' title='bbox 2231 2523 2409 2578; x_wconf 77' lang='grc' dir='ltr'><strong>ἄθλων</strong></span> <span class='ocrx_word' id='word_1_510' title='bbox 2437 2523 2588 2590; x_wconf 70' lang='grc' dir='ltr'><strong>παρὰ</strong></span> <span class='ocrx_word' id='word_1_511' title='bbox 2617 2520 2712 2573; x_wconf 82' lang='grc' dir='ltr'><strong>τοῦ</strong></span> <span class='ocrx_word' id='word_1_512' title='bbox 2738 2519 3074 2589; x_wconf 73' lang='grc' dir='ltr'><strong>ἀγωνοθέτου</strong></span> <span class='ocrx_word' id='word_1_513' title='bbox 3106 2518 3338 2588; x_wconf 74' lang='grc' dir='ltr'><strong>Χριστοῦ</strong></span> <span class='ocrx_word' id='word_1_514' title='bbox 3367 2519 3690 2588; x_wconf 71' lang='grc' dir='ltr'><strong>τευξόμεθα.</strong></span> 
     </span>
    </p>
   </div>
   <div class='ocr_carea' id='block_1_72' title="bbox 2304 2679 3804 2746">
    <p class='ocr_par' dir='ltr' id='par_1_72' title="bbox 2304 2679 3804 2746">
     <span class='ocr_line' id='line_1_74' title="bbox 2304 2679 3804 2746; baseline -0.008 -6"><span class='ocrx_word' id='word_1_515' title='bbox 2304 2687 2401 2746; x_wconf 86' lang='lat' dir='ltr'><strong>IB_&#39;.</strong></span> <span class='ocrx_word' id='word_1_516' title='bbox 2429 2687 2609 2740; x_wconf 84' lang='grc' dir='ltr'><strong>Ταῦτα</strong></span> <span class='ocrx_word' id='word_1_517' title='bbox 2641 2702 2733 2737; x_wconf 85' lang='grc' dir='ltr'><strong>και</strong></span> <span class='ocrx_word' id='word_1_518' title='bbox 2765 2684 2968 2736; x_wconf 85' lang='grc' dir='ltr'><strong>τούτων</strong></span> <span class='ocrx_word' id='word_1_519' title='bbox 2999 2682 3212 2733; x_wconf 81' lang='grc' dir='ltr'><strong>πλείονα</strong></span> <span class='ocrx_word' id='word_1_520' title='bbox 3257 2681 3341 2732; x_wconf 78' lang='grc' dir='ltr'><strong>διὰ</strong></span> <span class='ocrx_word' id='word_1_521' title='bbox 3370 2680 3551 2746; x_wconf 74' lang='grc' dir='ltr'><strong>πάσης</strong></span> <span class='ocrx_word' id='word_1_522' title='bbox 3599 2679 3804 2745; x_wconf 70' lang='grc' dir='ltr'><strong>ἡμέρας</strong></span> 
     </span>
    </p>
   </div>
   <div class='ocr_carea' id='block_1_73' title="bbox 2232 2767 3804 2846">
    <p class='ocr_par' dir='ltr' id='par_1_73' title="bbox 2232 2767 3804 2846">
     <span class='ocr_line' id='line_1_75' title="bbox 2232 2767 3804 2846; baseline -0.008 -16"><span class='ocrx_word' id='word_1_523' title='bbox 2232 2795 2288 2830; x_wconf 82' lang='grc' dir='ltr'><strong>τε</strong></span> <span class='ocrx_word' id='word_1_524' title='bbox 2315 2779 2408 2832; x_wconf 71' lang='grc' dir='ltr'><strong>καὶ</strong></span> <span class='ocrx_word' id='word_1_525' title='bbox 2439 2779 2539 2846; x_wconf 71' lang='grc' dir='ltr'><strong>τῆς</strong></span> <span class='ocrx_word' id='word_1_526' title='bbox 2574 2775 2766 2836; x_wconf 70' lang='grc' dir='ltr'><strong>νυκτὸς</strong></span> <span class='ocrx_word' id='word_1_527' title='bbox 2818 2778 2846 2827; x_wconf 86' lang='grc' dir='ltr'>ὁ</span> <span class='ocrx_word' id='word_1_528' title='bbox 2877 2775 3018 2835; x_wconf 85' lang='grc' dir='ltr'><strong>θεῖος</strong></span> <span class='ocrx_word' id='word_1_529' title='bbox 3074 2771 3478 2840; x_wconf 82' lang='grc' dir='ltr'><strong>Καλλίστρατος</strong></span> <span class='ocrx_word' id='word_1_530' title='bbox 3540 2767 3804 2822; x_wconf 77' lang='grc' dir='ltr'><strong>νουθετῶν</strong></span> 
     </span>
    </p>
   </div>
   <div class='ocr_carea' id='block_1_74' title="bbox 2231 2861 3803 2936">
    <p class='ocr_par' dir='ltr' id='par_1_74' title="bbox 2231 2861 3803 2936">
     <span class='ocr_line' id='line_1_76' title="bbox 2231 2861 3803 2936; baseline -0.006 -14"><span class='ocrx_word' id='word_1_531' title='bbox 2231 2873 2428 2931; x_wconf 69' lang='grc' dir='ltr'><strong>αὐτοὺς</strong></span> <span class='ocrx_word' id='word_1_532' title='bbox 2477 2872 2570 2922; x_wconf 78' lang='grc' dir='ltr'><strong>καὶ</strong></span> <span class='ocrx_word' id='word_1_533' title='bbox 2597 2869 2885 2932; x_wconf 69' lang='grc' dir='ltr'><strong>διδάσκων,</strong></span> <span class='ocrx_word' id='word_1_534' title='bbox 2917 2861 3004 2920; x_wconf 80' lang='grc' dir='ltr'><strong>οἷά</strong></span> <span class='ocrx_word' id='word_1_535' title='bbox 3032 2883 3114 2928; x_wconf 88' lang='grc' dir='ltr'><strong>τις</strong></span> <span class='ocrx_word' id='word_1_536' title='bbox 3147 2865 3518 2936; x_wconf 74' lang='grc' dir='ltr'><strong>παιδοτρίϐης,</strong></span> <span class='ocrx_word' id='word_1_537' title='bbox 3560 2864 3694 2933; x_wconf 79' lang='grc' dir='ltr'><strong>πρὸς</strong></span> <span class='ocrx_word' id='word_1_538' title='bbox 3720 2863 3803 2916; x_wconf 80' lang='grc' dir='ltr'><strong>τὸν</strong></span> 
     </span>
    </p>
   </div>
   <div class='ocr_carea' id='block_1_75' title="bbox 2235 2958 3801 3032">
    <p class='ocr_par' dir='ltr' id='par_1_75' title="bbox 2235 2958 3801 3032">
     <span class='ocr_line' id='line_1_77' title="bbox 2235 2958 3801 3032; baseline -0.006 -16"><span class='ocrx_word' id='word_1_539' title='bbox 2235 2961 2598 3032; x_wconf 84' lang='grc' dir='ltr'><strong>προκείμενον</strong></span> <span class='ocrx_word' id='word_1_540' title='bbox 2620 2961 2843 3030; x_wconf 76' lang='grc' dir='ltr'><strong>εἴληφεν</strong></span> <span class='ocrx_word' id='word_1_541' title='bbox 2871 2960 3079 3026; x_wconf 78' lang='grc' dir='ltr'><strong>ἀγῶνα.</strong></span> <span class='ocrx_word' id='word_1_542' title='bbox 3118 2959 3194 3026; x_wconf 77' lang='grc' dir='ltr'><strong>Τῇ</strong></span> <span class='ocrx_word' id='word_1_543' title='bbox 3234 2958 3289 3010; x_wconf 75' lang='grc' dir='ltr'><strong>δὲ</strong></span> <span class='ocrx_word' id='word_1_544' title='bbox 3343 2958 3470 3025; x_wconf 72' lang='grc' dir='ltr'><strong>ἑξης</strong></span> <span class='ocrx_word' id='word_1_545' title='bbox 3506 2958 3536 3008; x_wconf 85' lang='grc' dir='ltr'><strong>ὀ</strong></span> <span class='ocrx_word' id='word_1_546' title='bbox 3568 2972 3801 3023; x_wconf 83' lang='grc' dir='ltr'><strong>στρατη-</strong></span> 
     </span>
    </p>
   </div>
   <div class='ocr_carea' id='block_1_76' title="bbox 2233 3049 3802 3148">
    <p class='ocr_par' dir='ltr' id='par_1_76' title="bbox 2233 3049 3802 3125">
     <span class='ocr_line' id='line_1_78' title="bbox 2233 3049 3802 3125; baseline -0.007 -16"><span class='ocrx_word' id='word_1_547' title='bbox 2233 3057 2422 3125; x_wconf 80' lang='grc' dir='ltr'><strong>λάτης,</strong></span> <span class='ocrx_word' id='word_1_548' title='bbox 2444 3054 2497 3106; x_wconf 76' lang='grc' dir='ltr'><strong>εν</strong></span> <span class='ocrx_word' id='word_1_549' title='bbox 2512 3071 2614 3108; x_wconf 89' lang='grc' dir='ltr'><strong>τινι</strong></span> <span class='ocrx_word' id='word_1_550' title='bbox 2633 3055 2780 3122; x_wconf 77' lang='grc' dir='ltr'><strong>τόπῳ</strong></span> <span class='ocrx_word' id='word_1_551' title='bbox 2795 3069 2857 3106; x_wconf 85' lang='grc' dir='ltr'><strong>πε</strong></span> <span class='ocrx_word' id='word_1_552' title='bbox 2871 3054 3086 3122; x_wconf 78' lang='grc' dir='ltr'><strong>ριιρανεῖ</strong></span> <span class='ocrx_word' id='word_1_553' title='bbox 3103 3051 3196 3119; x_wconf 84' lang='grc' dir='ltr'><strong>τῆς</strong></span> <span class='ocrx_word' id='word_1_554' title='bbox 3216 3051 3422 3111; x_wconf 83' lang='grc' dir='ltr'><strong>πόλεως</strong></span> <span class='ocrx_word' id='word_1_555' title='bbox 3442 3049 3802 3115; x_wconf 78' lang='grc' dir='ltr'><strong>προκαθίσας,</strong></span> 
     </span>
    </p>
   </div>
   <div class='ocr_carea' id='block_1_77' title="bbox 2234 3138 3803 3241">
    <p class='ocr_par' dir='ltr' id='par_1_77' title="bbox 2234 3138 3803 3218">
     <span class='ocr_line' id='line_1_79' title="bbox 2234 3138 3803 3218; baseline -0.008 -17"><span class='ocrx_word' id='word_1_556' title='bbox 2234 3147 2647 3218; x_wconf 76' lang='grc' dir='ltr'><strong>παρισταμένης</strong></span> <span class='ocrx_word' id='word_1_557' title='bbox 2672 3145 2822 3212; x_wconf 85' lang='grc' dir='ltr'><strong>αὑτῴ</strong></span> <span class='ocrx_word' id='word_1_558' title='bbox 2845 3146 2936 3195; x_wconf 67' lang='grc' dir='ltr'><strong>καὶ</strong></span> <span class='ocrx_word' id='word_1_559' title='bbox 2961 3143 3059 3210; x_wconf 79' lang='grc' dir='ltr'><strong>τῆς</strong></span> <span class='ocrx_word' id='word_1_560' title='bbox 3094 3142 3373 3208; x_wconf 76' lang='grc' dir='ltr'><strong>στρατιᾶς.</strong></span> <span class='ocrx_word' id='word_1_561' title='bbox 3423 3141 3514 3190; x_wconf 61' lang='grc' dir='ltr'><strong>τον</strong></span> <span class='ocrx_word' id='word_1_562' title='bbox 3567 3138 3803 3190; x_wconf 82' lang='grc' dir='ltr'><strong>καλλίνι-</strong></span> 
     </span>
    </p>
   </div>
   <div class='ocr_carea' id='block_1_78' title="bbox 2237 3231 3803 3307">
    <p class='ocr_par' dir='ltr' id='par_1_78' title="bbox 2237 3231 3803 3307">
     <span class='ocr_line' id='line_1_80' title="bbox 2237 3231 3803 3307; baseline -0.006 -17"><span class='ocrx_word' id='word_1_563' title='bbox 2237 3257 2328 3290; x_wconf 79' lang='grc' dir='ltr'><strong>κον</strong></span> <span class='ocrx_word' id='word_1_564' title='bbox 2356 3239 2749 3307; x_wconf 72' lang='grc' dir='ltr'><strong>μεταϐάλλεται</strong></span> <span class='ocrx_word' id='word_1_565' title='bbox 2780 3235 3208 3303; x_wconf 84' lang='grc' dir='ltr'><strong>Καλλίστρατον,</strong></span> <span class='ocrx_word' id='word_1_566' title='bbox 3242 3232 3335 3284; x_wconf 76' lang='grc' dir='ltr'><strong>καὶ</strong></span> <span class='ocrx_word' id='word_1_567' title='bbox 3363 3232 3487 3293; x_wconf 60' lang='grc' dir='ltr'><strong>τους</strong></span> <span class='ocrx_word' id='word_1_568' title='bbox 3519 3233 3620 3284; x_wconf 68' lang='grc' dir='ltr'><strong>σὺν</strong></span> <span class='ocrx_word' id='word_1_569' title='bbox 3662 3231 3803 3298; x_wconf 77' lang='grc' dir='ltr'><strong>αὐτῷ</strong></span> 
     </span>
    </p>
   </div>
   <div class='ocr_carea' id='block_1_79' title="bbox 2237 3321 3798 3400">
    <p class='ocr_par' dir='ltr' id='par_1_79' title="bbox 2237 3321 3798 3400">
     <span class='ocr_line' id='line_1_81' title="bbox 2237 3321 3798 3400; baseline -0.006 -18"><span class='ocrx_word' id='word_1_570' title='bbox 2237 3329 2540 3400; x_wconf 78' lang='grc' dir='ltr'><strong>μάρτυρας.</strong></span> <span class='ocrx_word' id='word_1_571' title='bbox 2565 3321 2661 3379; x_wconf 85' lang='grc' dir='ltr'><strong>Ὦν</strong></span> <span class='ocrx_word' id='word_1_572' title='bbox 2690 3326 2754 3395; x_wconf 81' lang='grc' dir='ltr'><strong>δὴ</strong></span> <span class='ocrx_word' id='word_1_573' title='bbox 2787 3325 2880 3380; x_wconf 74' lang='grc' dir='ltr'><strong>καὶ</strong></span> <span class='ocrx_word' id='word_1_574' title='bbox 2899 3324 3308 3393; x_wconf 73' lang='grc' dir='ltr'><strong>παραστάντων,</strong></span> <span class='ocrx_word' id='word_1_575' title='bbox 3337 3324 3477 3387; x_wconf 82' lang='grc' dir='ltr'><strong>Λέγε</strong></span> <span class='ocrx_word' id='word_1_576' title='bbox 3512 3340 3635 3389; x_wconf 84' lang='grc' dir='ltr'><strong>μοι,</strong></span> <span class='ocrx_word' id='word_1_577' title='bbox 3679 3322 3798 3391; x_wconf 72' lang='grc' dir='ltr'><strong>ἔφη,</strong></span> 
     </span>
    </p>
   </div>
   <div class='ocr_carea' id='block_1_80' title="bbox 2233 3416 3802 3491">
    <p class='ocr_par' dir='ltr' id='par_1_80' title="bbox 2233 3416 3802 3491">
     <span class='ocr_line' id='line_1_82' title="bbox 2233 3416 3802 3491; baseline -0.006 -16"><span class='ocrx_word' id='word_1_578' title='bbox 2233 3423 2632 3491; x_wconf 75' lang='grc' dir='ltr'><strong>Καλλίστρατε,</strong></span> <span class='ocrx_word' id='word_1_579' title='bbox 2672 3418 3061 3486; x_wconf 77' lang='grc' dir='ltr'><strong>νενουθέτηκας</strong></span> <span class='ocrx_word' id='word_1_580' title='bbox 3111 3417 3304 3468; x_wconf 82' lang='grc' dir='ltr'><strong>σαυτόν</strong></span> <span class='ocrx_word' id='word_1_581' title='bbox 3337 3432 3397 3467; x_wconf 85' lang='grc' dir='ltr'><strong>τε</strong></span> <span class='ocrx_word' id='word_1_582' title='bbox 3432 3417 3529 3468; x_wconf 73' lang='grc' dir='ltr'><strong>καὶ</strong></span> <span class='ocrx_word' id='word_1_583' title='bbox 3564 3416 3802 3476; x_wconf 76' lang='grc' dir='ltr'><strong>τούτους,</strong></span> 
     </span>
    </p>
   </div>
   <div class='ocr_carea' id='block_1_81' title="bbox 2233 3507 3803 3573">
    <p class='ocr_par' dir='ltr' id='par_1_81' title="bbox 2233 3507 3803 3573">
     <span class='ocr_line' id='line_1_83' title="bbox 2233 3507 3803 3573; baseline -0.006 -10"><span class='ocrx_word' id='word_1_584' title='bbox 2233 3514 2374 3564; x_wconf 78' lang='grc' dir='ltr'><strong>ὥστε</strong></span> <span class='ocrx_word' id='word_1_585' title='bbox 2431 3511 2590 3561; x_wconf 80' lang='grc' dir='ltr'><strong>θῦσαι</strong></span> <span class='ocrx_word' id='word_1_586' title='bbox 2643 3512 2755 3569; x_wconf 77' lang='grc' dir='ltr'><strong>τοῖς</strong></span> <span class='ocrx_word' id='word_1_587' title='bbox 2809 3508 2972 3569; x_wconf 83' lang='grc' dir='ltr'><strong>θεοῖς,</strong></span> <span class='ocrx_word' id='word_1_588' title='bbox 3026 3509 3119 3557; x_wconf 76' lang='grc' dir='ltr'><strong>καὶ</strong></span> <span class='ocrx_word' id='word_1_589' title='bbox 3159 3507 3405 3573; x_wconf 70' lang='grc' dir='ltr'><strong>βασάνων</strong></span> <span class='ocrx_word' id='word_1_590' title='bbox 3462 3508 3803 3558; x_wconf 83' lang='grc' dir='ltr'><strong>ἁνυποίστων</strong></span> 
     </span>
    </p>
   </div>
   <div class='ocr_carea' id='block_1_82' title="bbox 2235 3595 3802 3669">
    <p class='ocr_par' dir='ltr' id='par_1_82' title="bbox 2235 3595 3802 3669">
     <span class='ocr_line' id='line_1_84' title="bbox 2235 3595 3802 3669; baseline -0.008 -12"><span class='ocrx_word' id='word_1_591' title='bbox 2235 3600 2688 3669; x_wconf 68' lang='grc' dir='ltr'><strong>ἁπαλλαγῆναι,ἦ</strong></span> <span class='ocrx_word' id='word_1_592' title='bbox 2722 3600 2800 3652; x_wconf 75' lang='grc' dir='ltr'><strong>ἔτι</strong></span> <span class='ocrx_word' id='word_1_593' title='bbox 2828 3600 2922 3668; x_wconf 76' lang='grc' dir='ltr'><strong>τῆς</strong></span> <span class='ocrx_word' id='word_1_594' title='bbox 2952 3596 3220 3666; x_wconf 81' lang='grc' dir='ltr'><strong>προτέρας</strong></span> <span class='ocrx_word' id='word_1_595' title='bbox 3252 3595 3440 3663; x_wconf 75' lang='grc' dir='ltr'><strong>ἔχεσθε</strong></span> <span class='ocrx_word' id='word_1_596' title='bbox 3492 3595 3802 3656; x_wconf 74' lang='grc' dir='ltr'><strong>ἁπειθείαςς</strong></span> 
     </span>
    </p>
   </div>
   <div class='ocr_carea' id='block_1_83' title="bbox 2237 3687 3807 3765">
    <p class='ocr_par' dir='ltr' id='par_1_83' title="bbox 2237 3687 3807 3765">
     <span class='ocr_line' id='line_1_85' title="bbox 2237 3687 3807 3765; baseline -0.01 -14"><span class='ocrx_word' id='word_1_597' title='bbox 2237 3698 2344 3751; x_wconf 77' lang='grc' dir='ltr'><strong>Καὶ</strong></span> <span class='ocrx_word' id='word_1_598' title='bbox 2377 3698 2404 3749; x_wconf 89' lang='lat'><strong>6</strong></span> <span class='ocrx_word' id='word_1_599' title='bbox 2443 3696 2614 3765; x_wconf 80' lang='grc' dir='ltr'><strong>μέγας</strong></span> <span class='ocrx_word' id='word_1_600' title='bbox 2673 3692 3109 3761; x_wconf 83' lang='grc' dir='ltr'><strong>Καλλίστρατος,</strong></span> <span class='ocrx_word' id='word_1_601' title='bbox 3135 3688 3270 3757; x_wconf 76' lang='grc' dir='ltr'><strong>Περὶ</strong></span> <span class='ocrx_word' id='word_1_602' title='bbox 3325 3688 3421 3757; x_wconf 80' lang='grc' dir='ltr'><strong>μὲν</strong></span> <span class='ocrx_word' id='word_1_603' title='bbox 3455 3687 3807 3755; x_wconf 56' lang='lat' dir='ltr'><strong>sita-nou,“-</strong></span> 
     </span>
    </p>
   </div>
   <div class='ocr_carea' id='block_1_84' title="bbox 2235 3779 3804 3883">
    <p class='ocr_par' dir='ltr' id='par_1_84' title="bbox 2235 3779 3804 3859">
     <span class='ocr_line' id='line_1_86' title="bbox 2235 3779 3804 3859; baseline -0.009 -17"><span class='ocrx_word' id='word_1_604' title='bbox 2235 3808 2391 3859; x_wconf 72' lang='grc' dir='ltr'><strong>ρηκε,</strong></span> <span class='ocrx_word' id='word_1_605' title='bbox 2415 3789 2511 3856; x_wconf 76' lang='grc' dir='ltr'><strong>τὴν</strong></span> <span class='ocrx_word' id='word_1_606' title='bbox 2538 3787 2829 3851; x_wconf 63' lang='grc' dir='ltr'><strong>ἀπόκρισιν</strong></span> <span class='ocrx_word' id='word_1_607' title='bbox 2852 3784 3062 3851; x_wconf 85' lang='grc' dir='ltr'><strong>δίδωμι,</strong></span> <span class='ocrx_word' id='word_1_608' title='bbox 3084 3781 3157 3844; x_wconf 84' lang='grc' dir='ltr'>ὡς</span> <span class='ocrx_word' id='word_1_609' title='bbox 3183 3779 3307 3832; x_wconf 74' lang='grc' dir='ltr'><strong>οὔτε</strong></span> <span class='ocrx_word' id='word_1_610' title='bbox 3343 3779 3440 3849; x_wconf 82' lang='grc' dir='ltr'><strong>τὴν</strong></span> <span class='ocrx_word' id='word_1_611' title='bbox 3470 3780 3654 3848; x_wconf 71' lang='grc' dir='ltr'><strong>κακὴν</strong></span> <span class='ocrx_word' id='word_1_612' title='bbox 3683 3781 3804 3847; x_wconf 65' lang='lat' dir='ltr'><strong>6pc-</strong></span> 
     </span>
    </p>
   </div>
   <div class='ocr_carea' id='block_1_85' title="bbox 2234 3871 3805 3970">
    <p class='ocr_par' dir='ltr' id='par_1_85' title="bbox 2234 3871 3805 3949">
     <span class='ocr_line' id='line_1_87' title="bbox 2234 3871 3805 3949; baseline -0.008 -16"><span class='ocrx_word' id='word_1_613' title='bbox 2234 3882 2415 3948; x_wconf 85' lang='grc' dir='ltr'><strong>λογίαν</strong></span> <span class='ocrx_word' id='word_1_614' title='bbox 2446 3879 2772 3949; x_wconf 74' lang='grc' dir='ltr'><strong>έξὴρνημαι,</strong></span> <span class='ocrx_word' id='word_1_615' title='bbox 2792 3875 2914 3928; x_wconf 63' lang='grc' dir='ltr'><strong>οὒτε</strong></span> <span class='ocrx_word' id='word_1_616' title='bbox 2942 3875 3178 3926; x_wconf 78' lang='grc' dir='ltr'><strong>πέπεικα</strong></span> <span class='ocrx_word' id='word_1_617' title='bbox 3201 3871 3438 3941; x_wconf 74' lang='grc' dir='ltr'><strong>ἐμαυτὸν</strong></span> <span class='ocrx_word' id='word_1_618' title='bbox 3459 3871 3518 3922; x_wconf 69' lang='grc' dir='ltr'><strong>το</strong></span> <span class='ocrx_word' id='word_1_619' title='bbox 3547 3871 3805 3940; x_wconf 67' lang='grc' dir='ltr'><strong>παράπαν</strong></span> 
     </span>
    </p>
   </div>
   <div class='ocr_carea' id='block_1_86' title="bbox 2233 3960 3805 4068">
    <p class='ocr_par' dir='ltr' id='par_1_86' title="bbox 2233 3960 3805 4039">
     <span class='ocr_line' id='line_1_88' title="bbox 2233 3960 3805 4039; baseline -0.015 -15"><span class='ocrx_word' id='word_1_620' title='bbox 2233 3972 2328 4039; x_wconf 78' lang='grc' dir='ltr'><strong>τῆς</strong></span> <span class='ocrx_word' id='word_1_621' title='bbox 2363 3970 2578 4039; x_wconf 80' lang='grc' dir='ltr'><strong>μερίδος</strong></span> <span class='ocrx_word' id='word_1_622' title='bbox 2607 3965 2912 4035; x_wconf 74' lang='grc' dir='ltr'><strong>ἀποστῆναι</strong></span> <span class='ocrx_word' id='word_1_623' title='bbox 2942 3961 3202 4034; x_wconf 82' lang='grc' dir='ltr'><strong>Χριστοῦ,</strong></span> <span class='ocrx_word' id='word_1_624' title='bbox 3229 3960 3342 4013; x_wconf 72' lang='grc' dir='ltr'><strong>οὗθ’</strong></span> <span class='ocrx_word' id='word_1_625' title='bbox 3365 3960 3502 4022; x_wconf 86' lang='grc' dir='ltr'><strong>ὅλως</strong></span> <span class='ocrx_word' id='word_1_626' title='bbox 3545 3977 3805 4028; x_wconf 70' lang='grc' dir='ltr'><strong>μεταπει-</strong></span> 
     </span>
    </p>
   </div>
   <div class='ocr_carea' id='block_1_87' title="bbox 2237 4053 3806 4158">
    <p class='ocr_par' dir='ltr' id='par_1_87' title="bbox 2237 4053 3806 4133">
     <span class='ocr_line' id='line_1_89' title="bbox 2237 4053 3806 4133; baseline -0.008 -17"><span class='ocrx_word' id='word_1_627' title='bbox 2237 4065 2506 4133; x_wconf 77' lang='grc' dir='ltr'><strong>σθήσομαι</strong></span> <span class='ocrx_word' id='word_1_628' title='bbox 2548 4063 2643 4124; x_wconf 69' lang='grc' dir='ltr'><strong>τὰς</strong></span> <span class='ocrx_word' id='word_1_629' title='bbox 2676 4061 2808 4131; x_wconf 65' lang='grc' dir='ltr'><strong>προς</strong></span> <span class='ocrx_word' id='word_1_630' title='bbox 2861 4059 3019 4112; x_wconf 75' lang='grc' dir='ltr'><strong>αὑτὸν</strong></span> <span class='ocrx_word' id='word_1_631' title='bbox 3058 4057 3318 4124; x_wconf 77' lang='grc' dir='ltr'><strong>ἀθετῆσαι</strong></span> <span class='ocrx_word' id='word_1_632' title='bbox 3349 4053 3654 4121; x_wconf 82' lang='grc' dir='ltr'><strong>συνθήκας·</strong></span> <span class='ocrx_word' id='word_1_633' title='bbox 3682 4055 3806 4121; x_wconf 81' lang='grc' dir='ltr'><strong>περὶ</strong></span> 
     </span>
    </p>
   </div>
   <div class='ocr_carea' id='block_1_88' title="bbox 2235 4147 3805 4218">
    <p class='ocr_par' dir='ltr' id='par_1_88' title="bbox 2235 4147 3805 4218">
     <span class='ocr_line' id='line_1_90' title="bbox 2235 4147 3805 4218; baseline -0.008 -10"><span class='ocrx_word' id='word_1_634' title='bbox 2235 4156 2289 4208; x_wconf 73' lang='grc' dir='ltr'><strong>δὲ</strong></span> <span class='ocrx_word' id='word_1_635' title='bbox 2343 4156 2547 4205; x_wconf 83' lang='grc' dir='ltr'><strong>τούτων</strong></span> <span class='ocrx_word' id='word_1_636' title='bbox 2599 4155 2796 4213; x_wconf 59' lang='grc' dir='ltr'><strong>αὐτοις</strong></span> <span class='ocrx_word' id='word_1_637' title='bbox 2854 4150 3065 4218; x_wconf 78' lang='grc' dir='ltr'><strong>ἐρώτα·</strong></span> <span class='ocrx_word' id='word_1_638' title='bbox 3129 4150 3280 4199; x_wconf 65' lang='grc' dir='ltr'><strong>αὐτοὶ</strong></span> <span class='ocrx_word' id='word_1_639' title='bbox 3327 4147 3392 4199; x_wconf 75' lang='grc' dir='ltr'><strong>τὰ</strong></span> <span class='ocrx_word' id='word_1_640' title='bbox 3450 4149 3581 4216; x_wconf 74' lang='grc' dir='ltr'><strong>περὶ</strong></span> <span class='ocrx_word' id='word_1_641' title='bbox 3631 4148 3805 4201; x_wconf 74' lang='grc' dir='ltr'><strong>αὐτῶν</strong></span> 
     </span>
    </p>
   </div>
   <div class='ocr_carea' id='block_1_89' title="bbox 2235 4238 3802 4313">
    <p class='ocr_par' dir='ltr' id='par_1_89' title="bbox 2235 4238 3802 4313">
     <span class='ocr_line' id='line_1_91' title="bbox 2235 4238 3802 4313; baseline -0.007 -12"><span class='ocrx_word' id='word_1_642' title='bbox 2235 4244 2797 4313; x_wconf 64' lang='grc' dir='ltr'><strong>ἀπαγγελοῦσιν-ἐπεὶ</strong></span> <span class='ocrx_word' id='word_1_643' title='bbox 2824 4244 2915 4294; x_wconf 74' lang='grc' dir='ltr'><strong>καὶ</strong></span> <span class='ocrx_word' id='word_1_644' title='bbox 2949 4242 3259 4309; x_wconf 77' lang='grc' dir='ltr'><strong>φρονήσεως</strong></span> <span class='ocrx_word' id='word_1_645' title='bbox 3309 4238 3637 4308; x_wconf 78' lang='grc' dir='ltr'><strong>μετέχουσιν</strong></span> <span class='ocrx_word' id='word_1_646' title='bbox 3688 4244 3802 4308; x_wconf 62' lang='grc' dir='ltr'><strong>ἱκα-</strong></span> 
     </span>
    </p>
   </div>
   <div class='ocr_carea' id='block_1_90' title="bbox 2235 4330 3801 4404">
    <p class='ocr_par' dir='ltr' id='par_1_90' title="bbox 2235 4330 3801 4404">
     <span class='ocr_line' id='line_1_92' title="bbox 2235 4330 3801 4404; baseline -0.004 -12"><span class='ocrx_word' id='word_1_647' title='bbox 2235 4341 2356 4402; x_wconf 76' lang='grc' dir='ltr'><strong>νῶς.</strong></span> <span class='ocrx_word' id='word_1_648' title='bbox 2397 4336 2732 4404; x_wconf 63' lang='grc' dir='ltr'><strong>Ἀποόλέψας</strong></span> <span class='ocrx_word' id='word_1_649' title='bbox 2763 4330 2855 4387; x_wconf 71' lang='grc' dir='ltr'><strong>οὖν</strong></span> <span class='ocrx_word' id='word_1_650' title='bbox 2891 4335 3026 4404; x_wconf 78' lang='grc' dir='ltr'><strong>πρὸς</strong></span> <span class='ocrx_word' id='word_1_651' title='bbox 3077 4333 3299 4397; x_wconf 76' lang='grc' dir='ltr'><strong>αὐτοὺς,</strong></span> <span class='ocrx_word' id='word_1_652' title='bbox 3335 4333 3360 4384; x_wconf 87' lang='lat'><strong>6</strong></span> <span class='ocrx_word' id='word_1_653' title='bbox 3395 4334 3801 4403; x_wconf 75' lang='grc' dir='ltr'><strong>στρατηλάτηςο</strong></span> 
     </span>
    </p>
   </div>
   <div class='ocr_carea' id='block_1_91' title="bbox 2247 4422 3803 4498">
    <p class='ocr_par' dir='ltr' id='par_1_91' title="bbox 2247 4422 3803 4498">
     <span class='ocr_line' id='line_1_93' title="bbox 2247 4422 3803 4498; baseline -0.003 -16"><span class='ocrx_word' id='word_1_654' title='bbox 2247 4433 2436 4498; x_wconf 77' lang='grc' dir='ltr'><strong>Ὑμεῖς</strong></span> <span class='ocrx_word' id='word_1_655' title='bbox 2503 4431 2556 4482; x_wconf 79' lang='grc' dir='ltr'><strong>δὲ</strong></span> <span class='ocrx_word' id='word_1_656' title='bbox 2634 4430 2684 4480; x_wconf 84' lang='grc' dir='ltr'><strong>τί</strong></span> <span class='ocrx_word' id='word_1_657' title='bbox 2737 4446 2893 4496; x_wconf 75' lang='grc' dir='ltr'><strong>φατε,</strong></span> <span class='ocrx_word' id='word_1_658' title='bbox 2955 4422 3194 4490; x_wconf 78' lang='grc' dir='ltr'><strong>εἷπεν,οί</strong></span> <span class='ocrx_word' id='word_1_659' title='bbox 3253 4429 3536 4495; x_wconf 72' lang='grc' dir='ltr'><strong>γοητικαῑς</strong></span> <span class='ocrx_word' id='word_1_660' title='bbox 3594 4427 3803 4496; x_wconf 78' lang='grc' dir='ltr'><strong>τέχναις</strong></span> 
     </span>
    </p>
   </div>
   <div class='ocr_carea' id='block_1_92' title="bbox 564 4504 2130 4604">
    <p class='ocr_par' dir='ltr' id='par_1_92' title="bbox 564 4504 2125 4604">
     <span class='ocr_line' id='line_1_94' title="bbox 564 4504 2125 4604; baseline 0.017 -47"><span class='ocrx_word' id='word_1_661' title='bbox 564 4514 745 4557; x_wconf 87' lang='lat' dir='ltr'><strong>autem</strong></span> <span class='ocrx_word' id='word_1_662' title='bbox 796 4522 808 4557; x_wconf 90' lang='lat'><strong>:</strong></span> <span class='ocrx_word' id='word_1_663' title='bbox 852 4504 1010 4571; x_wconf 85' lang='lat' dir='ltr'><strong>Quid,</strong></span> <span class='ocrx_word' id='word_1_664' title='bbox 1042 4509 1316 4577; x_wconf 73' lang='lat' dir='ltr'><strong>dixerunt,</strong></span> <span class='ocrx_word' id='word_1_665' title='bbox 1371 4514 1564 4571; x_wconf 75' lang='lat' dir='ltr'><strong>frustra</strong></span> <span class='ocrx_word' id='word_1_666' title='bbox 1625 4521 1850 4588; x_wconf 86' lang='lat' dir='ltr'><strong>teipsum</strong></span> <span class='ocrx_word' id='word_1_667' title='bbox 1896 4526 2125 4604; x_wconf 84' lang='lat' dir='ltr'><strong>decipis,</strong></span> 
     </span>
    </p>
   </div>
   <div class='ocr_carea' id='block_1_93' title="bbox 2236 4504 3803 4604">
    <p class='ocr_par' dir='ltr' id='par_1_93' title="bbox 2238 4519 3803 4590">
     <span class='ocr_line' id='line_1_95' title="bbox 2238 4519 3803 4590; baseline -0.001 -16"><span class='ocrx_word' id='word_1_668' title='bbox 2238 4519 2782 4590; x_wconf 78' lang='grc' dir='ltr'><strong>παρακρουσθέντες;</strong></span> <span class='ocrx_word' id='word_1_669' title='bbox 2819 4521 2878 4570; x_wconf 81' lang='grc' dir='ltr'><strong>Οἱ</strong></span> <span class='ocrx_word' id='word_1_670' title='bbox 2910 4519 2985 4582; x_wconf 76' lang='grc' dir='ltr'><strong>δὲ,</strong></span> <span class='ocrx_word' id='word_1_671' title='bbox 3010 4519 3072 4570; x_wconf 90' lang='grc' dir='ltr'><strong>Τί</strong></span> <span class='ocrx_word' id='word_1_672' title='bbox 3107 4520 3555 4590; x_wconf 73' lang='grc' dir='ltr'><strong>ματην,ἔςρησα·.ι,</strong></span> <span class='ocrx_word' id='word_1_673' title='bbox 3583 4523 3803 4575; x_wconf 67' lang='grc' dir='ltr'><strong>σεαυτὸν</strong></span> 
     </span>
    </p>
   </div>
   <div class='ocr_carea' id='block_1_94' title="bbox 566 4595 2130 4673">
    <p class='ocr_par' dir='ltr' id='par_1_94' title="bbox 566 4595 2130 4673">
     <span class='ocr_line' id='line_1_96' title="bbox 566 4595 2130 4673; baseline 0.017 -27"><span class='ocrx_word' id='word_1_674' title='bbox 566 4604 761 4664; x_wconf 86' lang='lat' dir='ltr'><strong>putans</strong></span> <span class='ocrx_word' id='word_1_675' title='bbox 816 4595 930 4652; x_wconf 84' lang='lat' dir='ltr'><strong>fore</strong></span> <span class='ocrx_word' id='word_1_676' title='bbox 975 4610 1032 4653; x_wconf 94' lang='lat' dir='ltr'><strong>ut</strong></span> <span class='ocrx_word' id='word_1_677' title='bbox 1078 4617 1175 4654; x_wconf 89' lang='lat' dir='ltr'><strong>nos</strong></span> <span class='ocrx_word' id='word_1_678' title='bbox 1221 4604 1495 4673; x_wconf 73' lang='lat' dir='ltr'><strong>tit-cipias?</strong></span> <span class='ocrx_word' id='word_1_679' title='bbox 1527 4608 1655 4664; x_wconf 72' lang='lat' dir='ltr'><strong>Nam</strong></span> <span class='ocrx_word' id='word_1_680' title='bbox 1707 4613 1749 4665; x_wconf 92' lang='lat' dir='ltr'><strong>si</strong></span> <span class='ocrx_word' id='word_1_681' title='bbox 1797 4615 1860 4668; x_wconf 85' lang='lat' dir='ltr'><strong>de</strong></span> <span class='ocrx_word' id='word_1_682' title='bbox 1891 4620 2130 4672; x_wconf 77' lang='lat' dir='ltr'><strong>exercitu</strong></span> 
     </span>
    </p>
   </div>
   <div class='ocr_carea' id='block_1_95' title="bbox 564 4688 2129 4773">
    <p class='ocr_par' dir='ltr' id='par_1_95' title="bbox 564 4688 2129 4773">
     <span class='ocr_line' id='line_1_97' title="bbox 564 4688 2129 4773; baseline 0.014 -35"><span class='ocrx_word' id='word_1_683' title='bbox 564 4688 785 4755; x_wconf 84' lang='lat' dir='ltr'><strong>quidem</strong></span> <span class='ocrx_word' id='word_1_684' title='bbox 812 4691 893 4744; x_wconf 83' lang='lat' dir='ltr'><strong>vis</strong></span> <span class='ocrx_word' id='word_1_685' title='bbox 937 4706 1034 4744; x_wconf 90' lang='lat' dir='ltr'><strong>nos</strong></span> <span class='ocrx_word' id='word_1_686' title='bbox 1066 4696 1396 4759; x_wconf 72' lang='lat' dir='ltr'><strong>examinare,</strong></span> <span class='ocrx_word' id='word_1_687' title='bbox 1435 4698 1482 4748; x_wconf 91' lang='lat' dir='ltr'><strong>iu</strong></span> <span class='ocrx_word' id='word_1_688' title='bbox 1517 4716 1622 4766; x_wconf 83' lang='lat' dir='ltr'><strong>quo</strong></span> <span class='ocrx_word' id='word_1_689' title='bbox 1651 4703 1746 4755; x_wconf 84' lang='lat' dir='ltr'><strong>tibi</strong></span> <span class='ocrx_word' id='word_1_690' title='bbox 1789 4706 2129 4773; x_wconf 80' lang='lat' dir='ltr'><strong>subjicitnur,</strong></span> 
     </span>
    </p>
   </div>
   <div class='ocr_carea' id='block_1_96' title="bbox 567 4777 2133 4853">
    <p class='ocr_par' dir='ltr' id='par_1_96' title="bbox 567 4777 2133 4853">
     <span class='ocr_line' id='line_1_98' title="bbox 567 4777 2133 4853; baseline 0.016 -25"><span class='ocrx_word' id='word_1_691' title='bbox 567 4777 618 4829; x_wconf 91' lang='lat' dir='ltr'><strong>in</strong></span> <span class='ocrx_word' id='word_1_692' title='bbox 655 4779 906 4832; x_wconf 89' lang='lat' dir='ltr'><strong>omnibus</strong></span> <span class='ocrx_word' id='word_1_693' title='bbox 944 4781 1034 4834; x_wconf 88' lang='lat' dir='ltr'><strong>tibi</strong></span> <span class='ocrx_word' id='word_1_694' title='bbox 1082 4782 1346 4849; x_wconf 80' lang='lat' dir='ltr'><strong>cedimus,</strong></span> <span class='ocrx_word' id='word_1_695' title='bbox 1377 4799 1428 4841; x_wconf 88' lang='lat' dir='ltr'><strong>et</strong></span> <span class='ocrx_word' id='word_1_696' title='bbox 1473 4790 1619 4844; x_wconf 88' lang='lat' dir='ltr'><strong>nullo</strong></span> <span class='ocrx_word' id='word_1_697' title='bbox 1661 4794 1820 4847; x_wconf 84' lang='lat' dir='ltr'><strong>modo</strong></span> <span class='ocrx_word' id='word_1_698' title='bbox 1855 4797 1946 4848; x_wconf 87' lang='lat' dir='ltr'><strong>tibi</strong></span> <span class='ocrx_word' id='word_1_699' title='bbox 1997 4801 2133 4853; x_wconf 87' lang='lat' dir='ltr'><strong>resi-</strong></span> 
     </span>
    </p>
   </div>
   <div class='ocr_carea' id='block_1_97' title="bbox 565 4866 2129 4950">
    <p class='ocr_par' dir='ltr' id='par_1_97' title="bbox 565 4866 2129 4950">
     <span class='ocr_line' id='line_1_99' title="bbox 565 4866 2129 4950; baseline 0.017 -30"><span class='ocrx_word' id='word_1_700' title='bbox 565 4867 782 4920; x_wconf 82' lang='lat' dir='ltr'><strong>stimus.</strong></span> <span class='ocrx_word' id='word_1_701' title='bbox 822 4866 876 4921; x_wconf 86' lang='lat' dir='ltr'><strong>Si</strong></span> <span class='ocrx_word' id='word_1_702' title='bbox 903 4879 1082 4924; x_wconf 84' lang='lat' dir='ltr'><strong>autem</strong></span> <span class='ocrx_word' id='word_1_703' title='bbox 1115 4873 1180 4926; x_wconf 90' lang='lat' dir='ltr'><strong>de</strong></span> <span class='ocrx_word' id='word_1_704' title='bbox 1220 4877 1321 4929; x_wconf 82' lang='lat' dir='ltr'><strong>ﬁde</strong></span> <span class='ocrx_word' id='word_1_705' title='bbox 1346 4890 1396 4931; x_wconf 90' lang='lat' dir='ltr'><strong>et</strong></span> <span class='ocrx_word' id='word_1_706' title='bbox 1427 4882 1704 4950; x_wconf 77' lang='lat' dir='ltr'><strong>religione,</strong></span> <span class='ocrx_word' id='word_1_707' title='bbox 1745 4901 1771 4939; x_wconf 87' lang='lat' dir='ltr'><strong>a</strong></span> <span class='ocrx_word' id='word_1_708' title='bbox 1807 4889 1965 4943; x_wconf 86' lang='lat' dir='ltr'><strong>nobis</strong></span> <span class='ocrx_word' id='word_1_709' title='bbox 1996 4892 2129 4947; x_wconf 85' lang='lat' dir='ltr'><strong>nihil</strong></span> 
     </span>
    </p>
   </div>
   <div class='ocr_carea' id='block_1_98' title="bbox 565 4962 2129 5041">
    <p class='ocr_par' dir='ltr' id='par_1_98' title="bbox 565 4962 2129 5041">
     <span class='ocr_line' id='line_1_100' title="bbox 565 4962 2129 5041; baseline 0.015 -27"><span class='ocrx_word' id='word_1_710' title='bbox 565 4962 707 5014; x_wconf 85' lang='lat' dir='ltr'><strong>aliud</strong></span> <span class='ocrx_word' id='word_1_711' title='bbox 740 4962 948 5027; x_wconf 90' lang='lat' dir='ltr'><strong>audies,</strong></span> <span class='ocrx_word' id='word_1_712' title='bbox 983 4965 1084 5017; x_wconf 89' lang='lat' dir='ltr'><strong>nisi</strong></span> <span class='ocrx_word' id='word_1_713' title='bbox 1123 4968 1262 5034; x_wconf 90' lang='lat' dir='ltr'><strong>quod</strong></span> <span class='ocrx_word' id='word_1_714' title='bbox 1293 4968 1584 5026; x_wconf 81' lang='lat' dir='ltr'><strong>Christiani</strong></span> <span class='ocrx_word' id='word_1_715' title='bbox 1621 4990 1830 5041; x_wconf 88' lang='lat' dir='ltr'><strong>sumus,</strong></span> <span class='ocrx_word' id='word_1_716' title='bbox 1856 4993 1908 5035; x_wconf 89' lang='lat' dir='ltr'><strong>et</strong></span> <span class='ocrx_word' id='word_1_717' title='bbox 1959 4981 2129 5038; x_wconf 89' lang='lat' dir='ltr'><strong>Deum</strong></span> 
     </span>
    </p>
   </div>
   <div class='ocr_carea' id='block_1_99' title="bbox 567 5062 2128 5143">
    <p class='ocr_par' dir='ltr' id='par_1_99' title="bbox 567 5062 2128 5143">
     <span class='ocr_line' id='line_1_101' title="bbox 567 5062 2128 5143; baseline 0.015 -34"><span class='ocrx_word' id='word_1_718' title='bbox 567 5074 732 5111; x_wconf 90' lang='lat' dir='ltr'><strong>unum</strong></span> <span class='ocrx_word' id='word_1_719' title='bbox 783 5062 1146 5126; x_wconf 82' lang='lat' dir='ltr'><strong>agnoscimus,</strong></span> <span class='ocrx_word' id='word_1_720' title='bbox 1195 5064 1504 5120; x_wconf 80' lang='lat' dir='ltr'><strong>eﬂ&#39;ectorem</strong></span> <span class='ocrx_word' id='word_1_721' title='bbox 1563 5072 1682 5123; x_wconf 79' lang='lat' dir='ltr'><strong>cceli</strong></span> <span class='ocrx_word' id='word_1_722' title='bbox 1728 5083 1784 5126; x_wconf 81' lang='lat' dir='ltr'><strong>et</strong></span> <span class='ocrx_word' id='word_1_723' title='bbox 1838 5084 2014 5143; x_wconf 65' lang='lat' dir='ltr'><strong>terrae,</strong></span> <span class='ocrx_word' id='word_1_724' title='bbox 2075 5081 2128 5133; x_wconf 91' lang='lat' dir='ltr'><strong>in</strong></span> 
     </span>
    </p>
   </div>
   <div class='ocr_carea' id='block_1_100' title="bbox 564 5154 2126 5236">
    <p class='ocr_par' dir='ltr' id='par_1_100' title="bbox 564 5154 2126 5236">
     <span class='ocr_line' id='line_1_102' title="bbox 564 5154 2126 5236; baseline 0.015 -33"><span class='ocrx_word' id='word_1_725' title='bbox 564 5167 722 5219; x_wconf 89' lang='lat' dir='ltr'><strong>quem</strong></span> <span class='ocrx_word' id='word_1_726' title='bbox 751 5154 914 5206; x_wconf 86' lang='lat' dir='ltr'><strong>etiam</strong></span> <span class='ocrx_word' id='word_1_727' title='bbox 965 5155 1257 5212; x_wconf 89' lang='lat' dir='ltr'><strong>credimus.</strong></span> <span class='ocrx_word' id='word_1_728' title='bbox 1308 5171 1362 5212; x_wconf 89' lang='lat' dir='ltr'><strong>et</strong></span> <span class='ocrx_word' id='word_1_729' title='bbox 1399 5160 1589 5214; x_wconf 80' lang='lat' dir='ltr'><strong>Filium</strong></span> <span class='ocrx_word' id='word_1_730' title='bbox 1623 5164 1739 5232; x_wconf 85' lang='lat' dir='ltr'><strong>ejus</strong></span> <span class='ocrx_word' id='word_1_731' title='bbox 1793 5169 2126 5236; x_wconf 75' lang='lat' dir='ltr'><strong>unigenitum</strong></span> 
     </span>
    </p>
   </div>
   <div class='ocr_carea' id='block_1_101' title="bbox 569 5241 2126 5327">
    <p class='ocr_par' dir='ltr' id='par_1_101' title="bbox 569 5241 2126 5327">
     <span class='ocr_line' id='line_1_103' title="bbox 569 5241 2126 5327; baseline 0.013 -34"><span class='ocrx_word' id='word_1_732' title='bbox 569 5241 855 5293; x_wconf 85' lang='lat' dir='ltr'><strong>Dominum</strong></span> <span class='ocrx_word' id='word_1_733' title='bbox 900 5254 1142 5297; x_wconf 88' lang='lat' dir='ltr'><strong>nostrum</strong></span> <span class='ocrx_word' id='word_1_734' title='bbox 1193 5243 1374 5300; x_wconf 85' lang='lat' dir='ltr'><strong>Jesum</strong></span> <span class='ocrx_word' id='word_1_735' title='bbox 1434 5250 1708 5306; x_wconf 87' lang='lat' dir='ltr'><strong>Christum</strong></span> <span class='ocrx_word' id='word_1_736' title='bbox 1764 5268 1816 5310; x_wconf 92' lang='lat' dir='ltr'><strong>ct</strong></span> <span class='ocrx_word' id='word_1_737' title='bbox 1868 5259 2126 5327; x_wconf 90' lang='lat' dir='ltr'><strong>Spiritum</strong></span> 
     </span>
    </p>
   </div>
   <div class='ocr_carea' id='block_1_102' title="bbox 566 5339 2125 5414">
    <p class='ocr_par' dir='ltr' id='par_1_102' title="bbox 566 5339 2125 5414">
     <span class='ocr_line' id='line_1_104' title="bbox 566 5339 2125 5414; baseline 0.012 -27"><span class='ocrx_word' id='word_1_738' title='bbox 566 5340 833 5397; x_wconf 76' lang='lat' dir='ltr'><strong>Sanctum,</strong></span> <span class='ocrx_word' id='word_1_739' title='bbox 868 5339 1138 5403; x_wconf 87' lang='lat' dir='ltr'><strong>quomodo</strong></span> <span class='ocrx_word' id='word_1_740' title='bbox 1186 5353 1282 5392; x_wconf 90' lang='lat' dir='ltr'><strong>nos</strong></span> <span class='ocrx_word' id='word_1_741' title='bbox 1313 5339 1493 5393; x_wconf 87' lang='lat' dir='ltr'><strong>docuit</strong></span> <span class='ocrx_word' id='word_1_742' title='bbox 1550 5343 1637 5396; x_wconf 84' lang='lat' dir='ltr'><strong>hic</strong></span> <span class='ocrx_word' id='word_1_743' title='bbox 1674 5347 1884 5414; x_wconf 80' lang='lat' dir='ltr'><strong>sapiens</strong></span> <span class='ocrx_word' id='word_1_744' title='bbox 1941 5361 2125 5406; x_wconf 89' lang='lat' dir='ltr'><strong>uoster</strong></span> 
     </span>
    </p>
   </div>
   <div class='ocr_carea' id='block_1_103' title="bbox 567 5437 880 5494">
    <p class='ocr_par' dir='ltr' id='par_1_103' title="bbox 567 5437 880 5494">
     <span class='ocr_line' id='line_1_105' title="bbox 567 5437 880 5494; baseline 0.019 -20"><span class='ocrx_word' id='word_1_745' title='bbox 567 5437 880 5494; x_wconf 59' lang='lat' dir='ltr'><strong>prxceptor.</strong></span> 
     </span>
    </p>
   </div>
   <div class='ocr_carea' id='block_1_104' title="bbox 641 5516 2122 5604">
    <p class='ocr_par' dir='ltr' id='par_1_104' title="bbox 641 5516 2122 5604">
     <span class='ocr_line' id='line_1_106' title="bbox 641 5516 2122 5604; baseline 0.015 -37"><span class='ocrx_word' id='word_1_746' title='bbox 641 5516 780 5569; x_wconf 73' lang='lat' dir='ltr'><strong>XIII.</strong></span> <span class='ocrx_word' id='word_1_747' title='bbox 821 5519 942 5571; x_wconf 77' lang='lat' dir='ltr'><strong>Hzcc</strong></span> <span class='ocrx_word' id='word_1_748' title='bbox 966 5535 1085 5574; x_wconf 90' lang='lat' dir='ltr'><strong>cum</strong></span> <span class='ocrx_word' id='word_1_749' title='bbox 1133 5524 1484 5594; x_wconf 78' lang='lat' dir='ltr'><strong>quadraginta</strong></span> <span class='ocrx_word' id='word_1_750' title='bbox 1539 5537 1592 5581; x_wconf 82' lang='lat' dir='ltr'><strong>et</strong></span> <span class='ocrx_word' id='word_1_751' title='bbox 1627 5546 1818 5585; x_wconf 76' lang='lat' dir='ltr'><strong>novem</strong></span> <span class='ocrx_word' id='word_1_752' title='bbox 1861 5546 2122 5604; x_wconf 80' lang='lat' dir='ltr'><strong>martyres</strong></span> 
     </span>
    </p>
   </div>
   <div class='ocr_carea' id='block_1_105' title="bbox 565 5617 2122 5696">
    <p class='ocr_par' dir='ltr' id='par_1_105' title="bbox 565 5617 2122 5696">
     <span class='ocr_line' id='line_1_107' title="bbox 565 5617 2122 5696; baseline 0.012 -33"><span class='ocrx_word' id='word_1_753' title='bbox 565 5617 820 5677; x_wconf 82' lang='lat' dir='ltr'><strong>tanquam</strong></span> <span class='ocrx_word' id='word_1_754' title='bbox 859 5627 963 5665; x_wconf 89' lang='lat' dir='ltr'><strong>uno</strong></span> <span class='ocrx_word' id='word_1_755' title='bbox 986 5629 1078 5668; x_wconf 87' lang='lat' dir='ltr'><strong>ore</strong></span> <span class='ocrx_word' id='word_1_756' title='bbox 1107 5619 1529 5686; x_wconf 80' lang='lat' dir='ltr'><strong>respondissent,</strong></span> <span class='ocrx_word' id='word_1_757' title='bbox 1564 5639 1655 5679; x_wconf 88' lang='lat' dir='ltr'><strong>eos</strong></span> <span class='ocrx_word' id='word_1_758' title='bbox 1687 5627 2122 5696; x_wconf 82' lang='lat' dir='ltr'><strong>verberarijubet</strong></span> 
     </span>
    </p>
   </div>
   <div class='ocr_carea' id='block_1_106' title="bbox 637 5789 1109 5847">
    <p class='ocr_par' dir='ltr' id='par_1_106' title="bbox 637 5789 1109 5847">
     <span class='ocr_line' id='line_1_108' title="bbox 637 5789 1109 5847; baseline 0 -6"><span class='ocrx_word' id='word_1_759' title='bbox 637 5789 677 5820; x_wconf 77' lang='grc'><strong>⁷¹</strong></span> <span class='ocrx_word' id='word_1_760' title='bbox 712 5789 894 5841; x_wconf 65' lang='lat' dir='ltr'><strong>Matth.</strong></span> <span class='ocrx_word' id='word_1_761' title='bbox 941 5808 985 5846; x_wconf 60' lang='grc' dir='ltr'><strong>τ,</strong></span> <span class='ocrx_word' id='word_1_762' title='bbox 1029 5792 1109 5847; x_wconf 79' lang='lat' dir='ltr'><strong>I5.</strong></span> 
     </span>
    </p>
   </div>
   <div class='ocr_carea' id='block_1_107' title="bbox 2233 4610 3800 4684">
    <p class='ocr_par' dir='ltr' id='par_1_107' title="bbox 2233 4610 3800 4684">
     <span class='ocr_line' id='line_1_109' title="bbox 2233 4610 3800 4684; baseline -0.001 -18"><span class='ocrx_word' id='word_1_763' title='bbox 2233 4614 2466 4682; x_wconf 77' lang='grc' dir='ltr'><strong>ἁπατᾷς,</strong></span> <span class='ocrx_word' id='word_1_764' title='bbox 2500 4610 2803 4680; x_wconf 77' lang='grc' dir='ltr'><strong>ἀπατήσειν</strong></span> <span class='ocrx_word' id='word_1_765' title='bbox 2834 4612 2979 4680; x_wconf 73' lang='grc' dir='ltr'><strong>ἡμᾶς</strong></span> <span class='ocrx_word' id='word_1_766' title='bbox 3013 4612 3288 4678; x_wconf 51' lang='grc' dir='ltr'><strong>οἰόμενος</strong></span> <span class='ocrx_word' id='word_1_767' title='bbox 3320 4612 3380 4662; x_wconf 73' lang='grc' dir='ltr'><strong>Εἰ</strong></span> <span class='ocrx_word' id='word_1_768' title='bbox 3417 4613 3514 4678; x_wconf 81' lang='grc' dir='ltr'><strong>μὲν</strong></span> <span class='ocrx_word' id='word_1_769' title='bbox 3534 4614 3641 4683; x_wconf 80' lang='grc' dir='ltr'><strong>γὰρ</strong></span> <span class='ocrx_word' id='word_1_770' title='bbox 3679 4616 3800 4684; x_wconf 71' lang='grc' dir='ltr'><strong>περὶ</strong></span> 
     </span>
    </p>
   </div>
   <div class='ocr_carea' id='block_1_108' title="bbox 2229 4700 3798 4775">
    <p class='ocr_par' dir='ltr' id='par_1_108' title="bbox 2229 4700 3798 4775">
     <span class='ocr_line' id='line_1_110' title="bbox 2229 4700 3798 4775; baseline 0.004 -24"><span class='ocrx_word' id='word_1_771' title='bbox 2229 4708 2327 4775; x_wconf 57' lang='grc' dir='ltr'><strong>τῆς</strong></span> <span class='ocrx_word' id='word_1_772' title='bbox 2355 4704 2639 4771; x_wconf 68' lang='grc' dir='ltr'><strong>στρατείας</strong></span> <span class='ocrx_word' id='word_1_773' title='bbox 2659 4703 2931 4765; x_wconf 74' lang='grc' dir='ltr'><strong>ἐξετάζειν</strong></span> <span class='ocrx_word' id='word_1_774' title='bbox 2958 4702 3156 4768; x_wconf 77' lang='grc' dir='ltr'><strong>βούλει,</strong></span> <span class='ocrx_word' id='word_1_775' title='bbox 3183 4700 3305 4752; x_wconf 85' lang='grc' dir='ltr'><strong>καθ’</strong></span> <span class='ocrx_word' id='word_1_776' title='bbox 3328 4701 3392 4770; x_wconf 82' lang='grc' dir='ltr'><strong>ῆν</strong></span> <span class='ocrx_word' id='word_1_777' title='bbox 3421 4703 3530 4768; x_wconf 78' lang='grc' dir='ltr'><strong>ἄρα</strong></span> <span class='ocrx_word' id='word_1_778' title='bbox 3557 4707 3653 4756; x_wconf 71' lang='grc' dir='ltr'><strong>καὶ</strong></span> <span class='ocrx_word' id='word_1_779' title='bbox 3673 4707 3798 4757; x_wconf 79' lang='grc' dir='ltr'><strong>ὑπο-</strong></span> 
     </span>
    </p>
   </div>
   <div class='ocr_carea' id='block_1_109' title="bbox 2231 4789 3798 4862">
    <p class='ocr_par' dir='ltr' id='par_1_109' title="bbox 2231 4789 3798 4862">
     <span class='ocr_line' id='line_1_111' title="bbox 2231 4789 3798 4862; baseline 0 -20"><span class='ocrx_word' id='word_1_780' title='bbox 2231 4792 2463 4862; x_wconf 77' lang='grc' dir='ltr'><strong>κείμεθά</strong></span> <span class='ocrx_word' id='word_1_781' title='bbox 2492 4807 2592 4854; x_wconf 86' lang='grc' dir='ltr'><strong>οοι,</strong></span> <span class='ocrx_word' id='word_1_782' title='bbox 2632 4789 2930 4854; x_wconf 73' lang='grc' dir='ltr'><strong>ὑπείκομεν</strong></span> <span class='ocrx_word' id='word_1_783' title='bbox 2961 4789 3018 4838; x_wconf 81' lang='grc' dir='ltr'><strong>ἐν</strong></span> <span class='ocrx_word' id='word_1_784' title='bbox 3056 4789 3331 4852; x_wconf 74' lang='grc' dir='ltr'><strong>πᾶσι,κα“ι</strong></span> <span class='ocrx_word' id='word_1_785' title='bbox 3376 4790 3570 4843; x_wconf 71' lang='grc' dir='ltr'><strong>οὐδένα</strong></span> <span class='ocrx_word' id='word_1_786' title='bbox 3601 4794 3798 4861; x_wconf 72' lang='grc' dir='ltr'><strong>τρόπον</strong></span> 
     </span>
    </p>
   </div>
   <div class='ocr_carea' id='block_1_110' title="bbox 2231 4880 3798 4953">
    <p class='ocr_par' dir='ltr' id='par_1_110' title="bbox 2231 4880 3798 4953">
     <span class='ocr_line' id='line_1_112' title="bbox 2231 4880 3798 4953; baseline 0.001 -15"><span class='ocrx_word' id='word_1_787' title='bbox 2231 4880 2656 4950; x_wconf 73' lang='grc' dir='ltr'><strong>ἀντιταττόμεθα</strong></span> <span class='ocrx_word' id='word_1_788' title='bbox 2687 4899 2697 4914; x_wconf 91' lang='grc'><strong>·</strong></span> <span class='ocrx_word' id='word_1_789' title='bbox 2735 4882 2780 4932; x_wconf 89' lang='grc' dir='ltr'><strong>εί</strong></span> <span class='ocrx_word' id='word_1_790' title='bbox 2809 4881 2860 4932; x_wconf 77' lang='grc' dir='ltr'><strong>δὲ</strong></span> <span class='ocrx_word' id='word_1_791' title='bbox 2895 4880 3022 4951; x_wconf 78' lang='grc' dir='ltr'><strong>περὶ</strong></span> <span class='ocrx_word' id='word_1_792' title='bbox 3074 4880 3310 4943; x_wconf 75' lang='grc' dir='ltr'><strong>πίστεως</strong></span> <span class='ocrx_word' id='word_1_793' title='bbox 3353 4884 3447 4935; x_wconf 73' lang='grc' dir='ltr'><strong>καὶ</strong></span> <span class='ocrx_word' id='word_1_794' title='bbox 3479 4883 3798 4953; x_wconf 81' lang='grc' dir='ltr'><strong>θρησκείας,</strong></span> 
     </span>
    </p>
   </div>
   <div class='ocr_carea' id='block_1_111' title="bbox 2228 4972 3799 5044">
    <p class='ocr_par' dir='ltr' id='par_1_111' title="bbox 2228 4972 3799 5044">
     <span class='ocr_line' id='line_1_113' title="bbox 2228 4972 3799 5044; baseline -0.004 -15"><span class='ocrx_word' id='word_1_795' title='bbox 2228 4976 2378 5030; x_wconf 69' lang='grc' dir='ltr'><strong>ούὸεν</strong></span> <span class='ocrx_word' id='word_1_796' title='bbox 2438 4974 2644 5043; x_wconf 77' lang='grc' dir='ltr'><strong>ἀκούσῃ</strong></span> <span class='ocrx_word' id='word_1_797' title='bbox 2704 4972 2833 5040; x_wconf 80' lang='grc' dir='ltr'><strong>παρ’</strong></span> <span class='ocrx_word' id='word_1_798' title='bbox 2885 4973 3039 5042; x_wconf 76' lang='grc' dir='ltr'><strong>ἡμῶν</strong></span> <span class='ocrx_word' id='word_1_799' title='bbox 3091 4972 3448 5043; x_wconf 75' lang='grc' dir='ltr'><strong>ἓτερονῆὅτι</strong></span> <span class='ocrx_word' id='word_1_800' title='bbox 3483 4975 3799 5044; x_wconf 77' lang='grc' dir='ltr'><strong>Χριστιανοί</strong></span> 
     </span>
    </p>
   </div>
   <div class='ocr_carea' id='block_1_112' title="bbox 2227 5063 3797 5137">
    <p class='ocr_par' dir='ltr' id='par_1_112' title="bbox 2227 5063 3797 5137">
     <span class='ocr_line' id='line_1_114' title="bbox 2227 5063 3797 5137; baseline 0.003 -22"><span class='ocrx_word' id='word_1_801' title='bbox 2227 5070 2412 5136; x_wconf 75' lang='grc' dir='ltr'><strong>ἐσμεν,</strong></span> <span class='ocrx_word' id='word_1_802' title='bbox 2435 5065 2528 5118; x_wconf 72' lang='grc' dir='ltr'><strong>καὶ</strong></span> <span class='ocrx_word' id='word_1_803' title='bbox 2560 5065 2688 5117; x_wconf 65' lang='grc' dir='ltr'><strong>Θεὸν</strong></span> <span class='ocrx_word' id='word_1_804' title='bbox 2717 5066 2812 5117; x_wconf 71' lang='grc' dir='ltr'><strong>ἕνα</strong></span> <span class='ocrx_word' id='word_1_805' title='bbox 2873 5063 3334 5130; x_wconf 78' lang='grc' dir='ltr'><strong>ἑπιγινώσκομεν,</strong></span> <span class='ocrx_word' id='word_1_806' title='bbox 3371 5067 3606 5135; x_wconf 72' lang='grc' dir='ltr'><strong>ποιητὴν</strong></span> <span class='ocrx_word' id='word_1_807' title='bbox 3639 5069 3797 5137; x_wconf 69' lang='grc' dir='ltr'><strong>ούραο</strong></span> 
     </span>
    </p>
   </div>
   <div class='ocr_carea' id='block_1_113' title="bbox 2227 5156 3796 5227">
    <p class='ocr_par' dir='ltr' id='par_1_113' title="bbox 2227 5156 3796 5227">
     <span class='ocr_line' id='line_1_115' title="bbox 2227 5156 3796 5227; baseline 0.001 -19"><span class='ocrx_word' id='word_1_808' title='bbox 2227 5159 2317 5210; x_wconf 73' lang='grc' dir='ltr'><strong>νοῦ</strong></span> <span class='ocrx_word' id='word_1_809' title='bbox 2344 5175 2400 5210; x_wconf 92' lang='grc' dir='ltr'><strong>τε</strong></span> <span class='ocrx_word' id='word_1_810' title='bbox 2428 5160 2516 5210; x_wconf 75' lang='grc' dir='ltr'><strong>καί</strong></span> <span class='ocrx_word' id='word_1_811' title='bbox 2544 5159 2664 5226; x_wconf 78' lang='grc' dir='ltr'><strong>γῆς,</strong></span> <span class='ocrx_word' id='word_1_812' title='bbox 2691 5159 2766 5219; x_wconf 81' lang='grc' dir='ltr'><strong>εἰς</strong></span> <span class='ocrx_word' id='word_1_813' title='bbox 2795 5157 2962 5224; x_wconf 81' lang='grc' dir='ltr'><strong>ὅνπερ</strong></span> <span class='ocrx_word' id='word_1_814' title='bbox 2993 5156 3056 5224; x_wconf 75' lang='grc' dir='ltr'><strong>δὴ</strong></span> <span class='ocrx_word' id='word_1_815' title='bbox 3079 5157 3171 5208; x_wconf 62' lang='grc' dir='ltr'><strong>καὶ</strong></span> <span class='ocrx_word' id='word_1_816' title='bbox 3201 5157 3558 5227; x_wconf 76' lang='grc' dir='ltr'><strong>πιστεύομεν,</strong></span> <span class='ocrx_word' id='word_1_817' title='bbox 3588 5162 3682 5214; x_wconf 72' lang='grc' dir='ltr'><strong>καὶ</strong></span> <span class='ocrx_word' id='word_1_818' title='bbox 3713 5162 3796 5213; x_wconf 72' lang='grc' dir='ltr'><strong>τὸν</strong></span> 
     </span>
    </p>
   </div>
   <div class='ocr_carea' id='block_1_114' title="bbox 2229 5247 3798 5323">
    <p class='ocr_par' dir='ltr' id='par_1_114' title="bbox 2229 5247 3798 5323">
     <span class='ocr_line' id='line_1_116' title="bbox 2229 5247 3798 5323; baseline 0.002 -22"><span class='ocrx_word' id='word_1_819' title='bbox 2229 5251 2354 5302; x_wconf 57' lang='lat' dir='ltr'><strong>rem</strong></span> <span class='ocrx_word' id='word_1_820' title='bbox 2385 5250 2546 5302; x_wconf 73' lang='grc' dir='ltr'><strong>αὑτοῦ</strong></span> <span class='ocrx_word' id='word_1_821' title='bbox 2577 5251 2664 5302; x_wconf 65' lang='grc' dir='ltr'><strong>τὸν</strong></span> <span class='ocrx_word' id='word_1_822' title='bbox 2693 5250 2976 5318; x_wconf 71' lang='grc' dir='ltr'><strong>μονογενῆ,</strong></span> <span class='ocrx_word' id='word_1_823' title='bbox 3015 5251 3105 5300; x_wconf 71' lang='grc' dir='ltr'><strong>τον</strong></span> <span class='ocrx_word' id='word_1_824' title='bbox 3138 5247 3343 5314; x_wconf 80' lang='grc' dir='ltr'><strong>Κύριον</strong></span> <span class='ocrx_word' id='word_1_825' title='bbox 3394 5253 3555 5319; x_wconf 76' lang='grc' dir='ltr'><strong>ἡμῶν</strong></span> <span class='ocrx_word' id='word_1_826' title='bbox 3601 5253 3798 5323; x_wconf 73' lang='grc' dir='ltr'><strong>Ἰησοῦν</strong></span> 
     </span>
    </p>
   </div>
   <div class='ocr_carea' id='block_1_115' title="bbox 2235 5340 3793 5414">
    <p class='ocr_par' dir='ltr' id='par_1_115' title="bbox 2235 5340 3793 5414">
     <span class='ocr_line' id='line_1_117' title="bbox 2235 5340 3793 5414; baseline 0.002 -22"><span class='ocrx_word' id='word_1_827' title='bbox 2235 5343 2485 5410; x_wconf 69' lang='grc' dir='ltr'><strong>Χριστὸν,</strong></span> <span class='ocrx_word' id='word_1_828' title='bbox 2509 5343 2598 5394; x_wconf 71' lang='grc' dir='ltr'><strong>καὶ</strong></span> <span class='ocrx_word' id='word_1_829' title='bbox 2639 5343 2698 5392; x_wconf 62' lang='grc' dir='ltr'><strong>τῗλ</strong></span> <span class='ocrx_word' id='word_1_830' title='bbox 2735 5340 2957 5409; x_wconf 77' lang='grc' dir='ltr'><strong>Πνεῦμα</strong></span> <span class='ocrx_word' id='word_1_831' title='bbox 2987 5342 3046 5392; x_wconf 77' lang='grc' dir='ltr'><strong>τὸ</strong></span> <span class='ocrx_word' id='word_1_832' title='bbox 3078 5341 3251 5407; x_wconf 67' lang='grc' dir='ltr'><strong>ἅγιον,</strong></span> <span class='ocrx_word' id='word_1_833' title='bbox 3275 5341 3461 5405; x_wconf 81' lang='grc' dir='ltr'><strong>καθὼς</strong></span> <span class='ocrx_word' id='word_1_834' title='bbox 3516 5345 3662 5414; x_wconf 68' lang='grc' dir='ltr'><strong>ἡμᾶς</strong></span> <span class='ocrx_word' id='word_1_835' title='bbox 3695 5347 3793 5397; x_wconf 79' lang='grc' dir='ltr'><strong>ἐδί-</strong></span> 
     </span>
    </p>
   </div>
   <div class='ocr_carea' id='block_1_116' title="bbox 2233 5433 3400 5501">
    <p class='ocr_par' dir='ltr' id='par_1_116' title="bbox 2233 5433 3400 5501">
     <span class='ocr_line' id='line_1_118' title="bbox 2233 5433 3400 5501; baseline 0 -13"><span class='ocrx_word' id='word_1_836' title='bbox 2233 5437 2390 5497; x_wconf 74' lang='grc' dir='ltr'><strong>δαξεν</strong></span> <span class='ocrx_word' id='word_1_837' title='bbox 2420 5437 2445 5486; x_wconf 85' lang='grc' dir='ltr'>ὁ</span> <span class='ocrx_word' id='word_1_838' title='bbox 2485 5435 2643 5500; x_wconf 66' lang='grc' dir='ltr'><strong>σοφὸς</strong></span> <span class='ocrx_word' id='word_1_839' title='bbox 2675 5433 2830 5501; x_wconf 78' lang='grc' dir='ltr'><strong>ἡμῶν</strong></span> <span class='ocrx_word' id='word_1_840' title='bbox 2859 5434 3038 5484; x_wconf 67' lang='grc' dir='ltr'><strong>οὑτοσὶ</strong></span> <span class='ocrx_word' id='word_1_841' title='bbox 3063 5433 3400 5495; x_wconf 61' lang='grc' dir='ltr'><strong>διδάσκαλος.</strong></span> 
     </span>
    </p>
   </div>
   <div class='ocr_carea' id='block_1_117' title="bbox 2305 5526 3795 5598">
    <p class='ocr_par' dir='ltr' id='par_1_117' title="bbox 2305 5526 3795 5598">
     <span class='ocr_line' id='line_1_119' title="bbox 2305 5526 3795 5598; baseline -0.001 -18"><span class='ocrx_word' id='word_1_842' title='bbox 2305 5530 2402 5581; x_wconf 83' lang='grc'><strong>11”.</strong></span> <span class='ocrx_word' id='word_1_843' title='bbox 2453 5527 2634 5580; x_wconf 71' lang='grc' dir='ltr'><strong>Ταῦτα</strong></span> <span class='ocrx_word' id='word_1_844' title='bbox 2681 5526 2788 5577; x_wconf 80' lang='grc' dir='ltr'><strong>τῶν</strong></span> <span class='ocrx_word' id='word_1_845' title='bbox 2844 5529 3410 5595; x_wconf 79' lang='grc' dir='ltr'><strong>τεσσαρακονταεννέα</strong></span> <span class='ocrx_word' id='word_1_846' title='bbox 3455 5528 3795 5598; x_wconf 77' lang='grc' dir='ltr'><strong>στρατιωτῶν</strong></span> 
     </span>
    </p>
   </div>
   <div class='ocr_carea' id='block_1_118' title="bbox 2233 5617 3794 5689">
    <p class='ocr_par' dir='ltr' id='par_1_118' title="bbox 2233 5617 3794 5689">
     <span class='ocr_line' id='line_1_120' title="bbox 2233 5617 3794 5689; baseline -0.002 -13"><span class='ocrx_word' id='word_1_847' title='bbox 2233 5625 2302 5686; x_wconf 79' lang='grc' dir='ltr'><strong>ὼς</strong></span> <span class='ocrx_word' id='word_1_848' title='bbox 2337 5624 2391 5689; x_wconf 61' lang='lat' dir='ltr'><strong>eg</strong></span> <span class='ocrx_word' id='word_1_849' title='bbox 2438 5621 2551 5684; x_wconf 71' lang='grc' dir='ltr'><strong>ἐνός</strong></span> <span class='ocrx_word' id='word_1_850' title='bbox 2575 5620 2835 5688; x_wconf 59' lang='grc' dir='ltr'><strong>στόματος</strong></span> <span class='ocrx_word' id='word_1_851' title='bbox 2869 5617 3337 5687; x_wconf 78' lang='grc' dir='ltr'><strong>ἀποκριναμένων,</strong></span> <span class='ocrx_word' id='word_1_852' title='bbox 3383 5620 3681 5676; x_wconf 77' lang='grc' dir='ltr'><strong>τύπτεσθαι</strong></span> <span class='ocrx_word' id='word_1_853' title='bbox 3711 5638 3794 5675; x_wconf 76' lang='grc' dir='ltr'><strong>κι-</strong></span> 
     </span>
    </p>
   </div>
  </div>
