3956 6522
550 435 655 497 907

1783 424 2066 487 MENSIS
2104 423 2392 485 SEPTEM
2406 423 2573 484 BER.

3708 417 3808 480 908

547 550 615 605 ab
640 562 705 602 eo
745 544 913 599 fuisse
954 543 1150 598 factam
1208 540 1302 596 Dei
1385 538 1670 596 ecclesiam
1705 556 1719 594 :
1769 538 2127 609 quemadmo-

2234 533 2469 603 ἔμπαλιν
2523 532 2916 604 πεπραγμένον
2966 531 3123 585 ἐστί·
3164 530 3224 584 τὸ
3268 533 3379 601 γὰρ
3433 530 3545 585 τῶν
3600 530 3821 601 λῃστῶν

548 641 677 697 dum
705 646 916 701 autem,
949 635 1211 706 deinceps
1241 633 1619 690 ostendemus.

623 902 736 961 Vll.
778 900 858 955 llli
883 904 1066 953 autem
1093 890 1369 955 scelerati,
1418 902 1544 943 cum
1577 892 1825 940 sanetum
1864 880 2117 950 reliquis-

550 1007 681 1054 sent
714 994 960 1050 vinctum
998 990 1053 1043 in
1110 986 1254 1040 dicta
1308 981 1588 1052 spelunca,
1628 979 1738 1032 huc
1782 986 1837 1030 et
1878 976 2025 1039 illuc,
2061 983 2121 1027 ut

552 1091 635 1145 eis
669 1100 792 1141 mos
818 1091 958 1147 erat,
990 1081 1106 1132 vias
1137 1076 1362 1130 obibant
1384 1071 1651 1141 publicas,
1704 1069 1748 1122 si
1781 1066 1919 1121 forte
1945 1066 2119 1119 viato-

557 1180 710 1235 ribus
758 1174 977 1230 solitum
1029 1168 1227 1222 atl‘erre
1274 1170 1497 1235 possent
1537 1160 1785 1214 exitium.
1817 1156 1910 1211 Ille
1941 1165 2119 1209 autem

558 1271 802 1341 primum
839 1264 1059 1335 quidem
1103 1259 1244 1314 ludit
1292 1270 1505 1327 preces,
1530 1261 1585 1307 et
1614 1251 1726 1304 Deo
1760 1250 1868 1320 egit
1898 1247 2120 1319 gratias,

552 1359 829 1416 molestias
881 1356 1137 1409 lubenter
1198 1348 1503 1417 suscipiens
1550 1351 1769 1415 propter
1805 1356 1943 1406 eam,
2002 1354 2122 1408 qua:

554 1452 707 1507 iilinc
762 1456 1035 1517 speratur.
1087 1438 1584 1495 remunerationem
1641 1451 1655 1487 :
1704 1430 1901 1487 deinde
1958 1428 2122 1482 etiam

559 1538 855 1608 malignum
882 1533 1209 1593 daemonem,
1254 1526 1346 1595 qui
1377 1523 1493 1578 haec
1530 1522 1791 1577 adversus
1842 1533 1965 1573 eum
2008 1526 2125 1571 erat

554 1629 921 1689 machinatus,
954 1624 1032 1679 sic
1083 1620 1384 1676 fortissime
1431 1615 1729 1685 alloquitur
1786 1629 1800 1669 :
1844 1612 2124 1680 Tanquam

551 1720 643 1789 qui
676 1716 877 1771 mortis
910 1710 1214 1784 periculum
1254 1705 1633 1765 formidarem,
1682 1701 1843 1755 hisne
1894 1714 1979 1753 me
2014 1709 2128 1750 tra-

554 1810 744 1867 didisti
785 1804 1095 1877 parricidis,
1143 1816 1175 1855 o
1203 1798 1431 1853 sceleste
1469 1811 1569 1848 :an
1601 1791 1999 1863 prohibiturus,
2058 1802 2127 1842 ne

2218 628 2370 680 τουτὶ
2392 626 2656 696 σπήλαιον
2686 626 2984 696 ἐκκλησίαν
3013 623 3147 676 Θεοῦ
3176 624 3303 693 παρ’
3328 624 3493 678 αὑτοῦ
3524 625 3819 693 γενόμενον

2217 718 2376 783 ὄψει·
2428 721 2572 782 ὅπως
2621 719 2680 771 δὲ
2740 720 2833 771 καὶ
2881 719 3006 770 τίνα
3063 714 3155 766 τὸν
3194 716 3512 784 τρόπον,τά
3545 719 3683 786 ἑξῆς
3728 717 3815 770 τοῦ

2218 809 2375 877 λόγου
2402 808 2631 879 δηλώσει
2668 810 2875 877 σαφῶς.

2289 899 2361 954 Z'.
2401 902 2630 953 Ἐκεῖνοι
2658 900 2755 969 μὲν
2784 898 2897 963 οὖν,
2921 900 3113 971 ὥσπερ
3144 901 3384 969 ἔφημεν,
3410 900 3460 950 οἱ
3488 899 3815 966 ἀλάστορες,

2219 990 2443 1059 δέσμιον
2477 992 2534 1043 ἐν
2560 990 2637 1059 τῷ
2674 991 2971 1060 δηλιυθέντι
3002 992 3102 1061 ἤδη
3134 992 3387 1061 σπηλαίῳ
3414 994 3814 1055 καταλιπόντες

2220 1082 2312 1134 τὸν
2339 1081 2518 1149 ἅγιον,
2546 1083 2643 1134 καὶ
2674 1076 2774 1133 ὧδε
2808 1084 2941 1151 περὶ
2966 1084 3065 1145 τὰς
3092 1084 3429 1151 λεωσόρους,
3458 1085 3535 1145 ὡς
3571 1084 3695 1144 ἔθος
3720 1086 3813 1135 αὖ·

2221 1177 2333 1237 τοῖς
2353 1213 2368 1239 ,
2401 1174 2724 1243 περιῄεσαν,
2762 1174 2815 1225 εί
2847 1193 2945 1227 που
2967 1177 3060 1228 καλ⁵
3090 1175 3269 1237 ἄλλοις
3299 1177 3410 1227 τῶν
3434 1177 3739 1246 ὁδοιπόρων
3760 1177 3814 1229 τι

2225 1261 2450 1330 σύνηθες
2476 1262 2630 1313 αὐτοὶ
2654 1263 2822 1315 κακὸν
2854 1262 3091 1316 ἔσονται.
3150 1266 3190 1317 0
3218 1264 3272 1316 δὲ
3308 1266 3507 1333 πρῶτα
3568 1267 3676 1335 μὲν
3729 1268 3809 1317 εὐ-

2224 1351 2324 1421 χὰς
2378 1352 2631 1403 ἀπεδίδου
2705 1352 2799 1404 καὶ
2852 1353 3123 1422 ὡμολόγει
3172 1354 3290 1423 Θεῷ
3342 1357 3598 1425 χάριτας,
3647 1357 3815 1426 ἡδέως

2225 1441 2513 1511 ὑπομένων
2550 1443 2615 1494 τὰ
2643 1442 2883 1512 λυπηρὰ,
2911 1443 2999 1495 διὰ
3042 1443 3141 1515 τὴν
3183 1446 3390 1498 ἐκεῖθεν
3444 1445 3813 1517 ἐλπιζομένην

2224 1536 2496 1589 ἀντίδοσιν
2523 1553 2535 1565 ·
2572 1538 2766 1590 ἔπειτα
2794 1540 2885 1591 καὶ
2913 1538 2990 1608 τῷ
3024 1540 3251 1593 τοιαῦτα
3272 1544 3674 1612 τεχνασαμένῳ
3696 1544 3815 1594 κατ’

2227 1622 2391 1674 αὐτοῦ
2419 1623 2642 1693 πονηρῷ
2672 1626 2885 1694 δαίμονι
2911 1628 3113 1680 οὑτωσί
3149 1645 3266 1687 πως
3305 1631 3693 1698 ἀνδρικώτατα
3712 1634 3814 1683 διε-

2230 1711 2422 1780 λέγετο
2445 1728 2458 1743 ·
2505 1715 2592 1778 Ὠς
2647 1716 2931 1771 δειλιῶντά
2970 1736 3036 1787 με
3074 1719 3171 1788 τὴν
3205 1718 3299 1771 τοῦ
3344 1719 3585 1773 θανάτου
3622 1727 3814 1791 πεῖραν

2229 1807 2341 1868 τοῖς
2401 1807 2748 1877 ἀνδροφόνοις
2807 1810 3015 1871 τούτοις
3091 1810 3272 1880 φέρων
3357 1813 3716 1881 παρέδωκας,
3773 1807 3814 1864 ὦ

550 1904 617 1958 ad
663 1874 916 1956 etl'ectum
958 1910 1140 1952 meum
1175 1891 1354 1947 veniat
1388 1885 1761 1960 propositum?
1809 1883 1863 1937 Si
1888 1885 2121 1953 primum

2234 1897 2417 1967 μιαρὲ,
2440 1899 2473 1967 ἢ
2610 1900 2707 1968 τὴν
2732 1900 2869 1970 ἐμὴν
2911 1874 3176 1954 κωλύσων
3204 1903 3285 1965 είς
3314 1874 3478 1972 ἔργον
3531 1906 3814 1973 προελθεῖν

552 1994 797 2065 quidem,
832 2000 894 2045 ut
923 1988 1016 2061 qui
1057 1984 1151 2039 Dei
1179 1983 1404 2055 gratiam
1437 1983 1635 2034 bonam
1679 1976 1909 2032 habeam
1940 1984 2122 2029 custo-

549 2086 711 2149 dem,
771 2088 1006 2135 mortem
1051 2077 1275 2133 omnino
1323 2072 1567 2140 despicio
1608 2088 1620 2121 ι
1667 2070 1749 2122 sin
1799 2076 2002 2125 autem,
2064 2074 2125 2117 ut

551 2191 639 2231 me
674 2173 964 2245 prohibeas
996 2184 1026 2222 a
1074 2181 1197 2222 meo
1239 2182 1305 2220 ex
1334 2163 1550 2218 Christo
1578 2160 1794 2214 vivendi
1823 2156 2117 2222 desiderio,

555 2266 693 2322 nihil
727 2263 948 2318 omnino
976 2259 1197 2323 eilicies,
1231 2256 1275 2312 si
1323 2256 1437 2325 ipse
1470 2254 1597 2308 velit
1632 2270 1645 2306 :
1677 2252 1791 2307 vult
1837 2265 1965 2304 vero
2005 2264 2123 2304 om-

551 2357 711 2421 nino,
744 2355 999 2424 quoniam
1028 2350 1223 2423 gaudet
1254 2349 1376 2403 vita:
1405 2356 1460 2401 et
1491 2347 1685 2399 animae
1710 2345 1897 2397 videns
1933 2356 2124 2411 purga-

553 2450 783 2512 tionem,
822 2454 987 2514 utque
1042 2442 1236 2497 habeat
1266 2438 1632 2500 occasionem,
1664 2450 1787 2490 cum
1830 2434 1901 2489 sit
1928 2433 2123 2495 bonus,

550 2540 691 2595 bona
714 2535 991 2607 praebendi
1042 2534 1132 2597 iis,
1159 2533 1250 2603 qui
1292 2540 1423 2587 sunt
1478 2527 1704 2584 studiosi
1737 2524 1972 2580 virtutis.
2020 2522 2124 2579 Sed

552 2645 678 2686 cum
719 2630 836 2683 haec
864 2627 1084 2698 quidem
1125 2625 1203 2679 sic
1258 2623 1325 2679 ab
1371 2636 1436 2677 eo
1492 2620 1826 2682 dicerentur,
1856 2619 2043 2687 vipera
2072 2616 2125 2670 in

553 2742 652 2782 vas
685 2724 958 2795 quoddam
998 2734 1348 2793 proserpens,
1390 2718 1532 2788 quod
1564 2726 1681 2771 erat
1718 2714 1845 2771 vino
1883 2714 2123 2783 plenum,

555 2821 778 2889 impleta
813 2827 899 2872 est
927 2830 1098 2885 usque
1124 2814 1189 2868 ad
1213 2814 1519 2867 satietatem
1550 2826 1564 2861 :
1599 2809 1792 2863 deinde
1814 2822 1922 2860 non
1948 2820 2127 2866 secus,

552 2921 718 2982 atque
746 2908 876 2964 mali
914 2908 1184 2973 homines,
1216 2920 1315 2975 pro
1342 2901 1609 2958 beneﬁcio
1640 2899 1839 2954 malum
1875 2896 2126 2961 reddens,

556 3013 612 3059 et
645 3010 829 3073 potum
875 3009 1087 3051 veneno
1135 3006 1518 3055 remunerans,
1573 2988 1816 3042 recessit.
1868 2986 2128 3043 Latrones

552 3103 734 3151 autem
768 3103 893 3144 cum
922 3086 1139 3143 domum
1164 3082 1468 3145 rediissem,
1494 3088 1553 3134 ut
1578 3080 1666 3149 qui
1694 3079 1777 3133 siti
1802 3079 2124 3145 laborarent,

555 3200 767 3242 merum
799 3180 1019 3253 quidem
1053 3176 1236 3234 statim
1271 3174 1554 3238 hauriunt,
1591 3180 1644 3227 et
1673 3172 1832 3226 simul
1881 3173 2125 3227 moriun-
2157 3211 2201 3269 ο

556 3286 645 3332 tur
680 3294 695 3328 :
736 3283 791 3328 et
822 3273 903 3326 sic
939 3268 1067 3324 mali
1110 3283 1137 3320 a
1172 3266 1314 3320 malo
1348 3266 1670 3333 puniuntur,
1701 3272 1757 3315 et
1798 3276 1894 3329 pro
1944 3262 2130 3314 multis

556 3363 761 3433 injuria
824 3358 1039 3415 allectis
1092 3354 1272 3411 divina
1301 3351 1509 3422 juStitia
1539 3350 1606 3405 de
1634 3350 1702 3404 iis
1725 3348 1946 3403 meritas
1966 3349 2132 3403 sumit

554 3471 766 3528 pmnas.
837 3453 1046 3507 Dehinc
1100 3446 1559 3505 exsecrandorum
1604 3444 1817 3497 illorum
1860 3443 2129 3497 latronum

557 3544 957 3605 habitaculum,
986 3542 1128 3595 sicut
1160 3554 1279 3593 sum
1332 3537 1604 3605 pollicitus
1635 3535 1817 3586 dicere
1842 3571 1855 3595 ,
1899 3534 1957 3585 ﬁt
2004 3548 2129 3586 san-

558 3644 706 3693 ctum
732 3632 821 3688 Dei
864 3630 1146 3702 templum,
1168 3629 1309 3698 quod
1326 3640 1469 3679 nunc
1484 3623 1944 3693 vocalurAntiqua
1961 3621 2133 3677 eccle-

558 3732 730 3795 sia,et
745 3728 844 3783 sita
880 3734 1140 3795 estprope
1165 3719 1558 3776 sanctissimam
1576 3717 1825 3781 Lauram,
1853 3732 1969 3785 quae
1994 3716 2131 3769 Pha-

561 3838 655 3876 rus
678 3818 894 3881 dicitur,
924 3814 1139 3871 condita
1180 3812 1246 3865 ab
1270 3812 1375 3864 hoc
1408 3825 1600 3879 magno
1620 3807 1911 3862 Charitone
1943 3824 1957 3861 :
2012 3807 2131 3860 vide

560 3923 744 3968 autem
814 3912 930 3967 haec
957 3920 1170 3979 quoque
1200 3920 1359 3975 quam
1405 3903 1684 3973 pulchram
1745 3910 1800 3956 et
1842 3899 2131 3955 admirabi—

558 4007 664 4061 lem
698 4007 1024 4060 invenerunt
1068 3996 1556 4065 dispensationem.
1592 3993 1732 4057 Quid
1782 3995 1929 4048 enim
1971 3994 2047 4057 tit,
2079 4002 2132 4046 et

560 4113 670 4168 quo
697 4111 785 4151 res
810 4096 928 4165 ejus
957 4087 1293 4163 procedunt?

633 4290 779 4347 Vill.
810 4291 1014 4361 Captus
1048 4288 1424 4359 improborum
1467 4286 1745 4347 manibus,
1772 4294 1831 4338 ut
1854 4285 1962 4355 jam
2004 4295 2129 4339 ante

572 4383 942 4445 ostendimus,
970 4396 997 4435 a
1028 4382 1131 4446 via,
1161 4395 1279 4449 qua:
1307 4378 1560 4433 tendebat
1586 4377 1954 4448 Hierosolyma
1987 4378 2133 4432 utili-

564 4483 650 4529 ter
680 4480 899 4527 arcetur
945 4488 957 4525 :
1008 4473 1177 4524 instar
1200 4468 1399 4540 captivi
1451 4469 1667 4523 ducitur
1694 4468 1747 4522 in
1794 4468 2127 4537 speluncam,

2227 1988 2486 2058 πρόθεσιν
2524 2007 2538 2055 ;
2570 1990 2630 2042 El
2669 1991 2770 2061 μὲν
2810 1988 2903 2045 οὖν
2933 1993 2995 2045 τὸ
3030 1995 3247 2062 πρῶτον
3278 1995 3416 2047 αὐτὰ
3450 2013 3509 2047 σε
3540 1997 3719 2048 πείθει
3750 1997 3811 2049 τὰ

2229 2081 2527 2148 πράγματα
2572 2081 2645 2143 ώς
2682 2082 2791 2148 ἐγὼ
2839 2084 2939 2151 την
2998 2084 3089 2134 τοῦ
3146 2083 3283 2135 Θεοῦ
3346 2086 3542 2154 χάριν,
3601 2088 3810 2156 ἀγαθὴν

2228 2169 2367 2240 ἔχων
2393 2174 2649 2243 φρουρὸν,
2676 2174 2872 2236 παντὸς
2900 2174 3135 2227 θανάτου
3168 2178 3504 2246 καταιρρονῶ
3526 2194 3541 2207 ·
3579 2182 3629 2230 εξ
3656 2181 3712 2230 δὲ
3754 2180 3810 2230 τι

2229 2267 2471 2319 κωλῦσαί
2506 2286 2573 2336 με
2603 2268 2702 2336 τῆς
2733 2268 3031 2338 ἐπιθυμίας
3060 2268 3152 2321 τοῦ
3179 2269 3341 2338 ζῆσαι
3369 2271 3515 2321 κατὰ
3536 2269 3805 2339 Χριστὸν,

2230 2356 2450 2419 ἀνύσεις
2486 2359 2546 2410 τὸ
2600 2358 2862 2429 παράπαν
2897 2360 3048 2413 οὐδὲν
3079 2360 3243 2413 αὐτοῦ
3280 2360 3617 2431 βουλομένου
3646 2377 3663 2394 ’
3693 2360 3809 2432 βού-

2230 2448 2380 2500 λεται
2418 2447 2471 2501 δὲ
2516 2448 2765 2513 πάντωςο
2804 2452 2928 2504 ἐπεὶ
2959 2451 3054 2503 καὶ
3111 2452 3315 2523 χαίρει,
3339 2452 3462 2521 βίου
3497 2454 3593 2504 καὶ
3634 2452 3808 2521 ψυχῆς

2228 2539 2370 2612 ὁρῶν
2405 2540 2693 2611 κάθαρσιν,
2722 2542 2788 2595 ἶν’
2820 2543 2931 2613 ἔχοι
2960 2545 3257 2615 πρόφασιν,
3285 2544 3494 2611 ἀγαθὸς
3520 2543 3597 2595 ὢν
3630 2541 3801 2609 ἀγαθὰ

2230 2631 2495 2701 παρέχειν
2539 2634 2654 2693 τοῖς
2688 2631 3023 2700 φιλαρέτοις.
3093 2632 3255 2683 Ἀλλὰ
3308 2631 3521 2683 τούτων
3550 2628 3653 2683 ὦδε
3685 2627 3807 2698 παρ’

2229 2723 2392 2776 αὐτοῦ
2424 2722 2760 2791 λεγομένων,
2811 2724 2949 2791 ἔχις,
2974 2723 3081 2776 τῶν
3106 2724 3316 2776 σκευῶν
3354 2741 3461 2777 τινι
3505 2720 3805 2793 προσερπύ-

2234 2831 2393 2879 σασα,
2418 2816 2553 2884 ὅπερ
2582 2814 2724 2866 οἴνου
2758 2815 2957 2885 μεστὸν
2988 2812 3075 2886 ὴν,
3109 2818 3200 2868 καὶ
3226 2816 3305 2879 είς
3350 2815 3516 2885 κόρον
3564 2818 3805 2884 ἐμφορη-

2232 2906 2424 2959 θεῖσα·
2483 2901 2603 2958 εἶτα
2657 2908 2799 2959 κατὰ
2837 2907 2961 2971 τοὺς
3000 2910 3269 2977 πονηροὶς
3321 2909 3431 2984 τῶν
3484 2908 3801 2977 ἀνθρώπων,

2232 2996 2386 3068 κακῷ
2414 2996 2513 3067 τὴν
2536 2998 2854 3067 εὐεργεσίαν
2883 2999 3242 3070 ἀμειδομένη,
3277 3001 3373 3050 καὶ
3408 2998 3486 3049 ἰὸν
3513 2997 3803 3050 ἀντιδοῦσα

2232 3090 2331 3161 τῆς
2359 3091 2593 3153 πόσεως,
2622 3091 3019 3160 ἀπηλλάττετο.
3044 3092 3105 3143 Οί
3133 3090 3327 3158 λῃσταὶ
3368 3090 3425 3140 δὲ
3460 3091 3605 3141 οἶκοι
3646 3104 3803 3140 κατα-

2232 3181 2620 3242 λαὸόντες,ἆτε
2644 3181 2784 3249 δίψει
2808 3181 3255 3249 κατειλημμένοι,
3281 3178 3460 3231 σπῶσι
3489 3179 3590 3248 μὲν
3613 3179 3803 3238 εὐθέως

2233 3268 2328 3321 τοῦ
2387 3272 2653 3341 ἀκράτου,
2706 3270 3006 3339 θνήσκουσι
3055 3271 3110 3323 δὲ
3168 3269 3346 3340 ὁμοῦ·
3401 3272 3499 3322 καὶ
3558 3270 3727 3333 οὕτως
3760 3269 3801 3319 oi

2232 3362 2393 3415 κακοὶ
2428 3362 2507 3432 τῷ
2540 3362 2694 3434 κακῷ
2727 3364 3127 3434 τιμωροῦνται,
3164 3365 3258 3416 καὶ
3291 3362 3507 3416 πολλῶν
3542 3362 3800 3432 ἠδικημέ-

2232 3470 2337 3505 νων
2370 3454 2648 3521 ἐκδίκησιν
2682 3456 2715 3522 ἡ
2749 3455 2869 3504 θεία
2899 3454 3022 3520 δίκη
3072 3456 3230 3505 ποιεῖ.
3273 3455 3559 3506 Ἐντεῦθεν
3599 3459 3657 3507 τὸ
3704 3456 3801 3505 τῶν

2236 3543 2450 3614 μιαρῶν
2481 3544 2705 3596 ἐκείνων
2732 3542 2943 3615 λῃστῶν
2981 3541 3351 3611 καταγώγιον,
3376 3545 3515 3612 ὅπερ
3545 3548 3799 3613 ἐπηγγει-

2231 3639 2413 3708 λάμην
2450 3638 2643 3703 εἰπεῖν,
2673 3637 2799 3699 ναὸς
2831 3636 2964 3690 Θεοῦ
3002 3638 3157 3704 ἅγιος
3186 3636 3419 3703 γίνεται,
3443 3637 3501 3699 δς
3542 3640 3575 3706 ἠ
3607 3638 3799 3690 παλαια

2233 3733 2327 3784 νῦν
2396 3730 2692 3797 Ἐκκλησία
2731 3730 3177 3797 κατονομάζεται,
3215 3727 3307 3780 καὶ
3370 3730 3505 3798 πρὸς
3528 3733 3595 3800 τῇ
3624 3732 3803 3795 εὖααίε.

2236 3822 2405 3893 στατῃ
2462 3820 2694 3893 Λαύρᾳ,
2747 3822 2813 3891 τῇ
2868 3820 3135 3892 λεγομένη
3190 3821 3389 3892 Φάρος,
3442 3820 3798 3888 διὰκειται,ἣ

2233 3917 2339 3969 ὑπὸ
2372 3915 2467 3968 τοῦ
2510 3913 2752 3984 μεγάλου
2798 3914 2990 3967 τούτου
3051 3915 3367 3985 Χαρίτωνος
3415 3916 3515 3984 τὴν
3552 3917 3799 3969 σύστασιν

2232 4011 2412 4080 ἔσχεν.
2437 4009 2581 4079 Ὅρα
2607 4007 2665 4060 δὲ
2693 4008 2784 4060 καὶ
2815 4006 3011 4071 ταῦτα,
3037 4008 3152 4067 πῶς
3184 4007 3360 4073 καλὴν
3399 4002 3523 4075 εὗρε
3560 4012 3659 4066 καὶ.
3680 4008 3799 4061 θαν-

2237 4100 2449 4168 μαστὴν
2476 4100 2574 4167 τὴν
2606 4098 3025 4165 οἰκονομίαν.Τί
3059 4099 3167 4167 γὰρ
3193 4098 3404 4164 γίνεται
3440 4098 3537 4151 καὶ
3580 4102 3701 4153 ὅποι
3739 4099 3797 4151 τὰ

2235 4189 2355 4244 κατ’
2388 4190 2551 4243 αὑτὸν
2581 4188 2827 4259 πρόεισιν
2849 4204 2863 4254 ;

2305 4282 2386 4337 ll'.
2415 4285 2564 4338 Ἤλω
2595 4287 2710 4348 ταῖς
2744 4284 2969 4352 ἀνόμοις
2996 4282 3102 4336 τῶν
3132 4281 3462 4353 κακούργων
3499 4288 3710 4354 χερσὶν,
3734 4285 3796 4345 ὡς

2233 4379 2335 4447 ἥδη
2368 4376 2672 4443 φθάσαντες
2710 4375 3086 4445 ἐδηλώσαμεν,
3110 4376 3206 4445 τῆς
3229 4376 3323 4428 ἐπὶ
3346 4378 3413 4429 vi
3453 4374 3796 4445 Ἰεροσόλυμα

2235 4467 2507 4538 φερούσης
2566 4467 2860 4530 λυσιτελῶς
2922 4469 3168 4538 εἴργεται
3234 4468 3584 4537 αἰχμαλώτου
3636 4469 3795 4537 δίκην,

564 4565 830 4620 adversus
867 4562 1169 4633 parricidas
1200 4561 1359 4615 struit
1385 4560 1577 4623 aciem,
1627 4574 1734 4613 non
1774 4575 1981 4622 ensem,
2022 4574 2127 4611 non

2237 4562 2325 4613 ἐπὶ
2356 4561 2415 4613 τὸ
2449 4560 2716 4629 σπήλαιον
2746 4560 2960 4627 ἄγεται,
2988 4559 3410 4626 παρατάσσεται
3443 4564 3557 4623 τοῖς
3599 4559 3797 4631 μιαιᾳὸ-

564 4659 834 4727 clypeum,
929 4668 1039 4707 non
1138 4652 1322 4714 telum,
1374 4668 1479 4705 non
1560 4652 1740 4720 aliqua
1803 4650 1905 4703 alia
1985 4664 2132 4703 arma

567 4746 832 4809 inferens,
884 4744 1084 4814 quibus
1136 4758 1195 4799 se
1240 4752 1425 4813 posset
1476 4742 1661 4796 ulcisci
1715 4760 1727 4794 :
1779 4743 1873 4795 sed
1935 4742 2134 4795 sanctis

569 4837 844 4909 precibus,
877 4836 1016 4891 sicut
1059 4835 1186 4888 olim
1235 4834 1498 4888 adversus
1544 4833 1871 4886 Annalecitas
1937 4832 2131 4900 Moses,

568 4928 923 4981 etiamsinon
960 4925 1197 4978 extensis
1233 4924 1482 4979 manibus
1534 4924 1668 4994 (erat
1694 4928 1836 4979 enim
1871 4926 2130 4993 vinctus),

571 5020 666 5073 sed
694 5034 814 5089 qua:
850 5019 1066 5073 easdem
1096 5017 1360 5071 haberent
1396 5018 1558 5079 vires,
1590 5026 1645 5071 et
1674 5034 1737 5071 ex
1768 5033 1923 5086 aequo
1960 5018 2131 5071 audiri

572 5119 819 5180 possent,
855 5108 1019 5161 veluti
1047 5108 1371 5177 quibusdam
1411 5108 1532 5162 telis
1562 5108 1854 5162 sceleratos
1898 5108 2018 5162 ferit
2043 5124 2134 5162 ve-

570 5216 715 5256 neno
740 5200 961 5269 viperae.
1001 5198 1201 5252 Deinde
1223 5198 1389 5266 quid?
1434 5199 1544 5253 Sua
1587 5208 1781 5269 sponte
1813 5200 2045 5253 solvitur
2069 5200 2135 5252 ab

573 5297 662 5359 its,
691 5294 885 5364 quibus
928 5294 1230 5355 tenebatur,
1276 5290 1551 5345 vinculis:
1586 5291 1645 5344 ﬁt
1698 5301 1874 5345 autem
1923 5308 2136 5347 succes-

576 5404 668 5442 sor
708 5385 977 5456 pecunize,
1010 5398 1128 5452 quae
1184 5383 1326 5438 male
1361 5384 1585 5438 collecta
1628 5382 1826 5436 fuerat.
1880 5383 1952 5437 Ea
2009 5400 2136 5438 vero

574 5486 721 5532 recte
749 5474 1112 5540 distribuitur,
1164 5474 1332 5544 ﬁtque
1389 5475 1505 5544 ipse
1549 5473 1716 5527 divini
1750 5474 2004 5543 prteccpti
2039 5478 2133 5527 atl-

573 5567 840 5631 minister,
879 5574 938 5619 ut
965 5567 1054 5634 qui
1088 5575 1295 5635 partem
1330 5567 1547 5635 quidem
1578 5566 1925 5634 pauperibus,
1959 5576 2011 5619 et
2054 5567 2135 5629 iis,

572 5658 664 5727 qui
726 5656 782 5710 in
830 5657 1126 5713 solitudine
1167 5659 1419 5727 agebant,
1477 5657 1729 5712 Patribus
1775 5657 2134 5711 distribuerit.

576 5748 741 5801 Erant
776 5756 956 5801 autem
998 5751 1123 5803 tunc
1167 5747 1271 5801 rari
1333 5758 1387 5801 et
1445 5763 1554 5802 non
1588 5748 1739 5801 valde
1798 5764 1989 5818 magno
2042 5764 2139 5801 nu-

583 5853 783 5902 mero;
838 5841 929 5909 qui
997 5840 1096 5909 ipsi
1144 5854 1360 5909 quoque
1414 5850 1658 5913 tempore
1715 5841 2132 5910 persecutionis,

2235 4668 2341 4712 νοις
2364 4666 2377 4679 ο
2403 4650 2503 4702 οὐκ
2529 4651 2754 4717 αἰχμὴν,
2789 4649 2887 4699 οὐκ
2912 4649 3135 4713 ἀσπίδα,
3180 4647 3241 4698 οὐ
3275 4647 3447 4713 βέλος,
3482 4651 3582 4720 οὐχ
3629 4652 3796 4721 ἕτερόν

2234 4761 2284 4796 τι
2333 4741 2441 4794 τῶν
2489 4738 2847 4809 ἀμυντηρίων
2900 4738 3243 4808 ἐπαγόμενος
3282 4739 3502 4793 ὅπλων⁸
3534 4743 3721 4813 εὐχαῖς
3751 4741 3797 4793 δὲ

2239 4833 2445 4901 ἁγίαις,
2475 4832 2727 4903 καθάπερ
2764 4830 2906 4885 κατά
2961 4830 3070 4883 τῶν
3124 4831 3509 4902 Ἀμαληκιτῶν
3545 4835 3792 4902 Μωῦσῆς,

2238 4930 2285 4979 εἰ
2317 4925 2411 4978 καὶ
2452 4925 2526 4995 μὴ
2560 4924 2779 4977 ἐκτάσει
2809 4921 3005 4993 χειρῶν
3030 4915 3182 4987 οὗτος
3243 4923 3473 4992 (ἐδέδετο
3508 4925 3668 4996 γὰρ),
3700 4928 3795 4978 ἰσο-

2235 5018 2492 5087 δυναμοις
2528 5016 2584 5067 δὲ
2611 5017 2706 5067 καὶ
2734 5016 2794 5065 τὸ
2830 5015 3060 5081 εύήκοον
3094 5012 3288 5081 ἐπίσης
3319 5014 3577 5083 ἐχούσαις
3631 5018 3794 5087 βάλλει

2236 5111 2360 5170 τοὺς
2394 5108 2771 5177 παλαμναίους
2820 5100 2931 5157 οἷον
2970 5122 3081 5159 τισι
3117 5105 3296 5175 βέλεσι
3343 5107 3419 5177 τῷ
3449 5108 3553 5179 τῆς
3596 5113 3795 5183 ἐχίδνης

2243 5202 2323 5272 ἰῷ.
2348 5198 2481 5253 Εἶτα
2510 5198 2599 5266 τί;
2632 5199 2754 5251 Τῶν
2797 5194 2879 5261 οἷς
2920 5198 3020 5267 μὲν
3050 5200 3333 5268 ἐκρατεῖτο
3370 5200 3610 5271 δεσμῶν,
3659 5205 3796 5258 atin-

2240 5298 2425 5366 μὰτως
2455 5292 2641 5346 λύεται
2669 5308 2683 5323 ·
2719 5291 2962 5359 διάδοχος
3008 5290 3063 5342 δὲ
3088 5288 3198 5343 τῶν
3232 5292 3419 5356 κακῶς
3455 5295 3796 5365 συνειλεγμέ-

2239 5403 2343 5437 νων
2371 5386 2668 5454 χρημάτων
2700 5382 2927 5449 γίνεται.
2965 5382 3257 5447 Οἰκονομεῖ
3285 5382 3459 5436 ταῦτα
3505 5388 3688 5452 καλῶς
3716 5386 3790 5440 καὶ

2242 5473 2511 5542 ὑπουργὸς
2541 5472 2689 5531 Θείας
2714 5470 2931 5538 ἐντολῆς
2960 5469 3260 5534 δείκνυται,
3285 5470 3401 5522 ἔνια
3435 5473 3535 5539 μὲν
3578 5476 3790 5547 πτωχοῖς

2241 5567 2333 5617 καὶ
2378 5567 2487 5626 τοῖς
2534 5564 2619 5614 ἐπ’
2683 5563 2919 5632 ἐρημίας
2973 5562 3148 5627 ἁγίοις
3198 5563 3483 5631 διανείμας
3541 5566 3788 5637 Πατράσι.

2245 5655 2464 5706 Exi-Ito:
2498 5655 2551 5706 δὲ
2580 5648 2724 5707 οὗτοι
2774 5656 2866 5706 καὶ
2906 5652 3124 5723 ἀριθμῷ
3156 5652 3399 5722 βραχεῖς,
3429 5656 3524 5707 καὶ
3576 5659 3724 5711 αὐτοὶ
3746 5657 3787 5709 δὲ

2244 5750 2381 5799 κατὰ
2414 5749 2507 5809 τὰς
2532 5746 2621 5798 τοῦ
2654 5745 2894 5813 διωγμοῦ
2924 5745 3138 5815 ἡμέρας
3180 5744 3276 5813 τὴν
3303 5744 3509 5815 ἔρημον
3537 5748 3636 5817 τῆς
3667 5752 3789 5813 ἐνεγ-

2247 5839 2484 5907 καμένης
2539 5839 2706 5907 φειδοῖ
2764 5836 2870 5890 τῶν
2931 5836 3232 5889 διωκόντων
3293 5835 3565 5905 ἑλόμενοι,
3622 5840 3670 5892 οἶ
3718 5838 3786 5891 καὶ
