3956 6488
172 445 280 507 909

1398 442 1575 501 VlTA
1619 442 1679 501 S.
1711 438 2202 500 CHARITONIS.

3323 443 3430 506 910

174 558 451 629 σποράδην
492 560 551 612 ἐν
582 560 691 622 τοῖς
717 558 809 612 τοῦ
838 559 1164 629 καλαμῶνος
1204 560 1479 629 διέτριϐον
1520 557 1753 628 σπηλαί-

1867 556 2055 623 patria:
2092 553 2453 623 prmferebant
2482 553 2856 620 Solitudinem,
2890 565 2943 609 et
2989 556 3215 625 sparsim
3244 571 3429 611 versa-

168 651 459 719 οις,ὲγγύς
503 670 603 703 που
642 651 741 719 τῆς
780 652 998 721 Νεκρᾶς
1050 651 1324 720 Θαλάσσης
1383 650 1749 718 διακειμένου.

182 743 308 803 Τοῖς
343 742 398 793 δέ
451 757 512 807 γε
566 742 775 803 λοιποῖς
816 740 922 792 τῶν
979 740 1276 809 χρημάτων
1303 739 1399 808 τὴν
1459 739 1558 808 ἥδη
1618 756 1755 807 μνη-

173 831 534 900 μονευθεῖταν
596 832 748 900 ἱερὰν
776 830 996 899 Λαύραν
1027 831 1334 900 οἰκοδομεῖο
1371 830 1508 899 πρὸς
1546 830 1604 882 δὲ
1657 829 1751 881 καὶ

170 924 272 991 τὴν
308 924 625 989 ἁγιωτάτην
654 923 824 989 αὐτῆς
868 920 1188 991 ἐκκλησίαν,
1226 922 1289 989 ἣν
1320 922 1348 973 ὀ
1382 920 1524 984 θεῖος
1569 923 1755 989 ἐγκαι-

174 1016 313 1075 νίζει
370 1016 677 1085 Μακάριος,
737 1015 836 1083 τῆς
877 1018 935 1068 ὲν
990 1014 1379 1086 Ἰεροσολύμοις
1432 1016 1553 1068 τότε
1611 1015 1747 1067 Θεοῦ

187 1103 517 1172 Ἐκκλησίας
584 1102 837 1156 διιθύνων
896 1101 1023 1166 τοὺς
1076 1103 1365 1167 οἴακας,ὃς
1419 1104 1515 1156 καὶ
1576 1103 1669 1155 τοῦ
1697 1104 1755 1155 ἐν

174 1194 382 1264 δικαία
415 1195 763 1258 συνελθόντος
791 1193 1050 1259 εὐσεϐοῦς
1103 1197 1367 1265 ἐτύγχανε
1424 1194 1751 1262 καταλόγου.

248 1371 327 1425 θ’.
361 1374 449 1424 Ἐν
497 1372 630 1442 τῷδε
674 1372 968 1443 τοιγαροῦν
1022 1374 1101 1443 τῷ
1148 1374 1400 1445 σπηλαίῳ
1462 1375 1756 1445 ἡσυχάζειν

178 1465 435 1532 ἐλόμενος
466 1468 493 1516 ὀ
525 1467 815 1535 μακάριος,
845 1466 1010 1535 δῆλός
1040 1484 1100 1520 τε
1130 1469 1263 1521 πᾶσι
1289 1467 1378 1521 διὰ
1408 1468 1516 1520 τῶν
1547 1468 1757 1535 θαυμά-

176 1572 285 1607 των
334 1555 643 1623 γινόμενος,
689 1556 896 1626 πλῆθος
942 1557 1182 1628 ἀριθμοῦ
1241 1560 1511 1629 κρεῖττον,
1573 1557 1759 1628 Ἐλλή-

176 1664 286 1697 νων
325 1663 385 1697 τε
418 1648 514 1699 καὶ
543 1646 840 1713 Ἰουδαίων,
874 1648 934 1699 τὸ
966 1651 1234 1716 σωτήριον
1269 1649 1526 1713 δέξασθαι
1566 1648 1759 1719 βάπτι-

176 1754 293 1805 σμα
323 1740 483 1797 ποιεῖ.
513 1737 608 1789 καὶ
663 1738 722 1789 οὐ
760 1738 923 1807 μέχρι
985 1738 1180 1791 τούτου
1233 1740 1446 1809 στῆναι,
1481 1741 1616 1792 ἀλλὰ
1666 1742 1759 1795 καὶ

170 1831 264 1881 τὸν
294 1823 506 1896 μονήρη
538 1828 652 1895 βίον
681 1827 901 1881 ἑλέσθαι
930 1830 1370 1898 παρασκευάζει.
1404 1830 1478 1885 Οὐ
1514 1830 1759 1900 θαύμασι

1856 648 2055 700 bantur
2118 646 2170 699 iu
2239 646 2515 716 speluncis
2556 646 2889 709 arundineti.
2944 648 3085 717 quod
3126 649 3291 703 situm
3345 660 3423 708 est

1857 754 2027 807 prope
2080 754 2232 792 mare
2294 750 2595 793 mortuum.
2655 738 2901 808 Reliquis
2951 750 3132 794 autem
3181 743 3430 810 pecuniis

1856 830 2089 883 aedificat
2121 845 2335 884 sacram
2374 830 2629 893 Lauram,
2658 830 2815 899 cujus
2848 831 3002 899 prius
3051 832 3423 886 meminimus.

1857 919 2130 976 Praeterea
2185 930 2367 976 autem
2420 923 2816 977 sanctissimam
2856 938 3073 993 quoque
3102 924 3221 992 ejus
3255 924 3430 979 eccle-

1857 1011 2015 1076 siam,
2058 1028 2222 1081 quam
2252 1012 2470 1065 divinus
2496 1012 2709 1067 dedicat
2759 1011 3043 1072 Macarius,
3089 1013 3303 1067 clavum
3352 1024 3433 1068 te-

1868 1116 2007 1155 nens
2050 1103 2143 1155 Dei
2184 1102 2456 1165 Ecclesiae,
2510 1118 2634 1172 qua:
2676 1112 2805 1157 tunc
2853 1113 2971 1157 erat
3018 1102 3432 1173 Hierosolymis,

1856 1194 1947 1264 qui
1990 1194 2152 1247 etiam
2181 1194 2283 1248 fuit
2318 1209 2460 1249 unus
2493 1209 2556 1250 ex
2596 1193 2686 1264 pio
2738 1194 3011 1265 catalogo,
3086 1195 3183 1264 qui
3233 1210 3434 1251 conve-

1856 1284 1935 1339 nit
1968 1284 2179 1339 Niczeze.

1930 1373 2023 1428 IX.
2056 1373 2191 1429 Cum
2229 1374 2284 1428 in
2319 1366 2423 1429 bac
2454 1391 2583 1445 ergo
2604 1376 2861 1445 spelunca
2892 1374 3171 1431 silentium
3206 1378 3433 1447 etquie-

1858 1474 1964 1519 tem
2003 1480 2162 1534 agere
2190 1464 2469 1519 statuisset
2508 1466 2798 1531 Chariten,
2825 1476 2881 1521 et
2916 1467 3171 1521 omnibus
3200 1483 3294 1540 per
3328 1470 3434 1522 mi-

1858 1555 2039 1608 racula
2074 1555 2338 1609 evasisset
2373 1554 2719 1621 manifestus,
2754 1554 2938 1620 eﬂicit,
2977 1564 3036 1609 ut
3064 1556 3437 1615 innumerabi-

1857 1646 1922 1701 lis
1960 1646 2252 1701 multitudo
2283 1645 2567 1717 gentilium
2596 1655 2652 1701 et
2691 1645 3005 1701 Judaaorum
3058 1659 3315 1711 sanctum
3341 1648 3439 1703 had

1859 1739 2116 1809 ptismum
2143 1739 2392 1808 accipiat,
2446 1748 2497 1794 et
2545 1754 2654 1793 non
2686 1739 2794 1794 illic
2824 1740 3110 1804 consistat,
3150 1740 3433 1795 sedetiam

1861 1833 2025 1885 vitam
2046 1831 2209 1903 eligat
2226 1831 2607 1886 monasticam.
2630 1830 2747 1885 Non
2767 1832 2939 1886 solum
2960 1840 3142 1885 autem
3161 1832 3437 1886 miraculis

168 1922 226 1974 δὲ
285 1923 470 1989 μόνον,
522 1921 659 1975 ἀλλὰ
710 1923 803 1976 καὶ
866 1924 944 1992 τῷ
1010 1923 1112 1995 βίῳ
1176 1924 1404 1988 πολλοὺς
1452 1925 1752 1995 ἐφείλκετο.

1861 1924 1952 1979 sed
1990 1924 2157 1977 etiam
2194 1924 2298 1976 vita
2333 1924 2532 1977 multos
2564 1924 2889 1977 attrahebat.
2939 1924 3439 1979 Eratenimmiran-

168 2013 372 2082 Θαῦμα
407 2015 515 2083 γὰρ
539 2009 606 2085 ἦν
643 2016 852 2067 ἐκεῖνον
881 2016 1012 2087 όρᾷν
1059 2016 1295 2086 τοσαύτῃ
1324 2018 1458 2087 προς
1486 2017 1581 2086 τὴν
1614 2016 1755 2069 κατὰ

168 2105 309 2158 Θεὸν
332 2107 609 2159 πολιτείαν
651 2106 938 2177 χρώμενον
980 2110 1046 2176 τῇ
1095 2106 1328 2175 σπουδῇ,
1386 2107 1480 2158 καὶ
1540 2107 1754 2175 τρυφὴν

175 2200 280 2267 μὲν
317 2197 623 2267 ἡγούμενον
659 2198 758 2266 τὴν
782 2198 1118 2267 ἐγκράτειαν
1139 2211 1151 2224 ·
1183 2195 1415 2248 πλοῦτον
1436 2195 1512 2258 δὲ,
1556 2197 1616 2248 τὸ
1643 2214 1751 2265 μησ

169 2289 263 2340 ὁὲν
297 2288 595 2355 κεκτῆσθαι
618 2300 635 2317 ⁰
670 2287 980 2357 χαμευνίαν
1008 2287 1065 2341 δὲ
1112 2287 1207 2339 καὶ
1267 2286 1327 2339 τό
1368 2286 1640 2358 πάννυχον
1697 2290 1755 2341 ἐν

169 2378 295 2437 ταῖς
323 2373 669 2445 ψαλμῳδίαις
739 2374 886 2429 οὕτω
924 2375 1249 2445 στέρξαντα,
1290 2374 1366 2437 ὡς
1400 2375 1566 2444 μηδὲν
1593 2375 1757 2428 πλέον

169 2468 324 2536 ἔχειν
352 2468 608 2537 ἡγεῖσθαι
638 2468 767 2532 τοὺς
817 2467 1115 2536 φιλοζῴους
1156 2468 1209 2520 οἳ
1244 2468 1380 2536 παρ’
1426 2467 1553 2535 ὃλην
1586 2467 1758 2521 νύκτα

172 2561 491 2628 στρωμναῖς
554 2559 813 2622 ἁπαλαῖς,
869 2559 962 2610 ἐπὶ
1024 2557 1222 2610 κλινῶν
1278 2556 1603 2609 καθεύξουσι
1647 2557 1755 2608 τῶν

168 2652 572 2719 ἐλεφαντίνων,
594 2650 673 2722 τῷ
696 2648 1007 2719 τρυχίνῳξδε
1038 2648 1297 2720 ἐνδύματι
1318 2647 1395 2718 τῷ
1420 2649 1544 2709 τοὺς
1579 2648 1755 2718 ἱεροὺς

172 2743 343 2795 αὑτοῦ
401 2744 641 2806 πιέξοντι
698 2740 973 2809 μώλωπας
1024 2740 1287 2810 ἡδόμενον
1352 2739 1573 2810 μᾶλλον,
1622 2739 1655 2809 ἢ
1707 2739 1757 2792 oi

171 2836 273 2896 τὰς
323 2833 573 2901 μαλακὰς
600 2832 837 2901 ἐσθῆτας
869 2832 1211 2901 ἐνδεδυμένοι
1240 2848 1254 2865 ·
1285 2834 1317 2901 ἡ
1354 2834 1462 2898 γὰρ
1496 2831 1593 2898 τῆς
1624 2831 1757 2884 αἰω-

172 2924 292 2976 νίου
325 2922 729 2992 μακαριότητος
754 2920 932 2984 ἐλπὶς,
964 2920 1182 2973 ἅπαντα
1216 2924 1380 2971 πόνον
1408 2920 1536 2988 ῥᾷον
1569 2918 1757 2987 φέρειν

172 3018 341 3071 αὐτὸν
381 3014 689 3069 ἀνέπειθεν.
738 3013 1020 3084 Ἐλεήμων
1052 3010 1141 3084 ἦν,
1176 3012 1494 3083 συμπαθὴς,
1532 3011 1752 3080 φιλόξε-

171 3128 286 3173 νος,
314 3111 493 3178 ἤπιος,
526 3108 750 3178 ἥσυχος,
791 3106 1116 3176 εὐπρόσιτος
1161 3107 1321 3170 πᾶσι,
1350 3103 1753 3167 διδασκαλικὸς,

168 3202 334 3267 λόγον
395 3199 535 3269 ἔχων
584 3202 766 3268 πολλῷ
797 3199 961 3251 πλέον
1012 3195 1155 3247 οἴνου
1193 3194 1292 3257 τὰς
1331 3192 1439 3247 τῶν
1472 3192 1757 3263 ἀκροατῶν

1855 2012 1980 2066 dum
2016 2012 2222 2075 videre,
2266 2011 2416 2064 illum
2442 2023 2651 2066 tantum
2691 2028 2895 2081 ponere
2921 2014 3161 2069 studium
3181 2014 3246 2069 ad
3268 2015 3433 2068 vitam

1854 2118 1917 2155 ex
1948 2102 2169 2157 Christo
2194 2104 2480 2173 agendam,
2514 2114 2566 2158 et
2595 2104 2820 2159 delicias
2862 2105 3085 2174 quidem
3127 2105 3439 2162 existimare

1854 2194 2249 2248 continentiam
2307 2213 2321 2247 :
2386 2196 2605 2250 divitias
2659 2207 2863 2259 autem,
2919 2198 3055 2251 nihil
3106 2184 3434 2267 possidere:

1857 2286 2007 2340 humi
2036 2302 2164 2342 vero
2200 2288 2546 2343 cubationem
2582 2298 2637 2343 et
2692 2288 2746 2342 in
2798 2289 3120 2345 Psalmodiis
3149 2303 3438 2362 pernocta-

1861 2378 2063 2432 tionem
2097 2378 2234 2433 adeo
2256 2380 2502 2449 diligere.
2530 2389 2590 2434 ut
2622 2380 2796 2435 nihilo
2824 2380 3020 2437 melius
3049 2384 3131 2454 agi
3164 2384 3440 2442 existima-

1863 2477 1943 2521 ret
1968 2483 2092 2522 eum
2120 2468 2203 2531 iis,
2234 2468 2324 2535 qui
2356 2470 2479 2523 vita:
2512 2479 2637 2524 sunt
2676 2469 2880 2537 cupidi,
2911 2470 2956 2525 si
2982 2479 3091 2524 tota
3122 2480 3281 2527 nocte
3307 2472 3437 2527 dor-

1859 2559 2032 2611 miant
2066 2558 2121 2609 in
2153 2558 2410 2613 mollibus
2446 2558 2702 2628 stragulis
2724 2574 2887 2626 super
2928 2560 3097 2614 lectos
3124 2561 3394 2617 eburneos
3422 2580 3437 2617 :

1858 2648 2143 2717 cilicioque
2177 2661 2361 2703 sacros
2410 2649 2529 2718 ejus
2572 2660 2854 2719 premente
2884 2650 3108 2714 vibices,
3144 2653 3317 2723 magis
3346 2653 3441 2709 de-

1858 2741 2067 2805 lectari,
2101 2756 2264 2810 quam
2303 2741 2363 2808 ii,
2391 2740 2482 2813 qui
2514 2751 2643 2795 sunt
2674 2741 2929 2798 mollibus
2961 2742 3135 2799 induti
3165 2745 3435 2801 vestibus.

1861 2829 1998 2900 Spes
2027 2832 2175 2885 enim
2222 2841 2443 2887 aeterna
2474 2831 2832 2887 beatitudinis
2861 2832 2911 2887 ei
2954 2832 3109 2888 facile
3142 2836 3441 2905 persuade-

1859 2921 1951 2975 bat
2005 2938 2223 2977 omnem
2270 2923 2412 2977 ferre
2461 2924 2724 2979 laborem.
2757 2923 2884 2979 Erat
2919 2924 3181 2991 clemens,
3214 2928 3444 2983 misert-

1859 3028 2000 3079 cors,
2039 3013 2346 3082 hospitalis,
2381 3022 2719 3078 mansuetus,
2762 3014 3001 3083 quietus,
3035 3014 3102 3070 ad
3132 3030 3293 3086 quem
3321 3031 3412 3072 om

1860 3106 2022 3162 nibus
2072 3105 2249 3161 facilis
2308 3106 2525 3176 patebat
2572 3106 2780 3169 aditus,
2851 3106 3438 3176 babenssermonem,

1860 3196 1948 3265 qui
1974 3199 2145 3265 magis
2173 3197 2478 3252 lmtiﬁcabat
2503 3199 2666 3253 corda
2686 3199 3017 3265 auditorum,
3044 3216 3203 3269 quam
3229 3203 3437 3259 vinum.

171 3292 547 3362 εὐφραίνοντα
581 3290 829 3360 καρδίας.
885 3287 1050 3340 Ὅθεν
1116 3284 1362 3357 ποταμοῦ
1421 3283 1601 3353 δίκην,
1660 3282 1752 3336 τοῦ

1861 3285 2222 3351 Quamobrem
2272 3289 2441 3343 inStar
2497 3288 2645 3343 fluvii
2692 3290 2947 3343 universo
2999 3290 3066 3345 ad
3098 3304 3221 3345 cum
3304 3307 3439 3347 con-

171 3384 309 3437 λαοῦ
351 3383 545 3446 παντὸς
579 3383 655 3445 ὡς
708 3382 878 3435 αὑτὸν
910 3380 1148 3451 ῥέοντος,
1214 3378 1310 3432 καὶ
1362 3376 1515 3430 πόλιν
1565 3376 1754 3446 ὥσπερ

172 3479 239 3547 τῇ
280 3473 576 3546 πολυοχλίῃ
611 3474 709 3544 τὴν
749 3472 959 3543 ἔρημον
1004 3469 1436 3539 ἐπιδεξαμένων.
1492 3466 1753 3536 ἑωρακὼς

172 3569 373 3622 ἑαυτὸν
397 3570 424 3619 ὁ
466 3567 740 3636 μακάριος
767 3568 832 3617 ὲκ
859 3563 951 3616 τοῦ
988 3560 1239 3615 ἐντεῦθεν
1268 3557 1557 3626 γινομένου
1592 3556 1752 3626 θορύ-

172 3660 295 3721 ϐου,
346 3657 446 3726 τῆς
495 3656 657 3725 φίλης
706 3654 1057 3723 ἀπαγόμενον
1093 3650 1343 3721 ἡσυχίας,
1374 3649 1547 3711 ἄλλως
1581 3665 1638 3701 τε
1696 3647 1751 3701 δὲ

176 3753 271 3803 καὶ
326 3750 426 3819 τὴν
466 3750 523 3817 ἐξ
590 3749 893 3820 ἀνθρώπων
934 3748 1093 3815 δόξαν
1122 3746 1346 3816 φεύγειν
1404 3741 1753 3803 ἐσπουδακὼς

176 3844 321 3913 (ᾔδει
354 3843 461 3912 γὰρ
480 3843 563 3895 ὅτι
588 3843 801 3910 χαλεπὴ
837 3842 977 3910 αὓτη
1011 3840 1239 3908 συγχέαι
1293 3838 1497 3905 κόσμον
1552 3834 1752 3903 ψυχῆς)

179 3936 521 4001 ἐπισκήπτει
572 3933 672 4002 μὲν
733 3933 865 4003 περὶ
911 3932 1131 3984 πάντων
1152 3933 1262 3993 τοῖς
1309 3928 1612 3997 φοιτηταῖς,
1655 3928 1754 3979 ὅσα

177 4025 244 4092 δὴ
294 4022 633 4075 καταστάσει
666 4024 936 4092 προσήκει
968 4018 1258 4089 μοναχικῇ,
1316 4016 1509 4087 καιρόν
1536 4032 1595 4068 τε
1626 4032 1753 4083 τρο-

174 4118 283 4186 φῆς
330 4116 608 4183 διατάξας,
646 4116 820 4187 ὅσπερ
876 4114 996 4167 ἐστὶ
1054 4110 1330 4181 ληγούσης
1380 4108 1613 4180 ἡμέρας·
1659 4108 1751 4160 καὶ

171 4210 235 4261 τὸ
277 4208 357 4279 μὴ
388 4209 524 4274 πρὸς
585 4207 752 4277 κόρον
782 4205 1010 4270 ἐσθίειν,
1078 4204 1213 4257 ἀλλὰ
1245 4200 1514 4270 ζητούσης
1545 4198 1624 4250 ἔτι
1653 4215 1754 4265 γα·

174 4302 340 4371 στρδς
372 4299 669 4361 παύεσθαι,
704 4295 843 4350 εἷναι
892 4297 949 4349 δὲ
979 4299 1076 4365 τὴν
1107 4293 1337 4366 τροφὴν,
1367 4294 1530 4361 ἄρτον
1570 4291 1750 4361 μόνον,

173 4397 271 4449 καὶ
320 4395 448 4456 τοὺς
494 4393 627 4456 ἅλας
679 4391 990 4463 ἡδύσματος
1023 4390 1207 4461 χώραν
1255 4386 1746 4457 ἀποπληροῦντας·

172 4489 236 4540 τὸ
264 4487 321 4539 δὲ
353 4489 515 4539 ποτὸν
546 4487 712 4555 ὕδωρ,
746 4486 841 4539 καὶ
885 4485 1020 4539 αὐτὸ
1066 4483 1252 4553 μέτρῳ
1289 4482 1385 4533 καὶ
1411 4480 1585 4547 φειδοῖ
1609 4480 1751 4546 λαμ-

178 4582 502 4649 ϐανόμενον.
538 4575 670 4631 Εἶτα
710 4578 801 4631 καὶ
831 4580 959 4645 περὶ
1019 4573 1337 4645 ψαλμῳδίας
1396 4573 1490 4624 καὶ
1522 4587 1753 4641 προσευ-

174 4674 279 4743 χῆς
300 4670 685 4742 ἐντειλάμενος
735 4670 1001 4738 ἡμερινῆς
1040 4666 1155 4736 ἅμα
1202 4665 1296 4717 καὶ
1342 4664 1438 4732 τῆς
1493 4666 1552 4715 ὲν
1597 4663 1753 4714 νυκτὶ

178 4765 479 4834 γινομένης
502 4780 515 4793 ·
552 4765 733 4834 μισεῖν
763 4779 825 4815 τε
854 4760 1053 4832 ἀργίαν
1080 4758 1155 4821 ὡς
1178 4755 1389 4811 πολλῶν
1421 4754 1603 4808 αἰτίαν
1655 4770 1755 4806 κα-

178 4858 312 4910 κῶν·
350 4857 512 4924 ἔργον
561 4856 617 4908 δὲ
646 4858 765 4918 ταῖς
802 4855 960 4923 χερσὶ
989 4853 1209 4914 διδόναι,
1239 4853 1347 4913 τοῖς
1402 4850 1566 4918 ἱεροῖς
1617 4846 1751 4916 ψαλσ

176 4952 300 5021 μοῖς
342 4947 737 5017 κατᾳδόμενον,
764 4949 812 4998 εί
847 4948 903 4999 δέ
926 4964 1008 5008 τις
1044 4944 1301 5013 λογισμὸς
1333 4942 1530 5010 φαῦλος
1559 4935 1669 4994 οἷόν
1699 4957 1751 4993 τι

175 5045 422 5109 ζιζάνιω
464 5042 615 5113 παρὰ
640 5040 734 5093 τοῦ
767 5038 945 5091 κοινοῦ
992 5039 1207 5091 πάντων
1238 5034 1434 5105 ἐχθροῦ
1468 5036 1522 5085 ἐν
1553 5035 1621 5103 τῇ
1654 5034 1747 5101 τῆς

176 5135 411 5203 καρδίας
441 5135 692 5200 ἐνσπαρῇ
723 5133 817 5200 γῇ,
856 5128 1079 5197 νηστεία
1113 5126 1269 5179 τοῦτο
1302 5124 1397 5178 καί
1444 5122 1753 5195 προσευχῆς

177 5226 274 5276 ἐπὶ
339 5225 502 5291 μόνον
536 5222 678 5290 ξίφει
724 5221 929 5291 ταύτης
965 5220 1285 5288 ἐκτέμνειν·
1329 5216 1415 5268 ἵνα
1469 5214 1544 5284 μὴ
1573 5212 1754 5283 χώραν

181 5316 341 5387 σχοίη
375 5316 466 5365 τὸν
496 5314 695 5382 πικρὸν
737 5312 837 5380 τῆς
881 5311 1217 5379 ἡδυπαθείας
1267 5308 1586 5375 γεωργῆσαι
1618 5320 1752 5371 καρ-

180 5412 302 5473 πόν,
342 5400 445 5459 ὧδε
494 5406 603 5474 γὰρ
647 5405 713 5457 ἂν
750 5405 950 5474 μᾶλλον
998 5403 1230 5472 ἁρμόσει
1259 5402 1316 5453 τὸ
1357 5400 1448 5452 τοῦ
1480 5397 1749 5468 Χριστοῦ·

179 5503 262 5553 δτι
299 5497 469 5553 Τουτὶ
485 5499 544 5550 τὸ
568 5498 722 5566 γένος
747 5498 898 5550 οὐδὲν
932 5497 1120 5564 ἕτερον
1150 5497 1182 5565 ἦ
1207 5493 1427 5565 νηστεία
1448 5493 1638 5558 ἐξώτει
1662 5492 1755 5544 καὶ

180 5594 488 5661 προσευχὴ.
526 5591 669 5659 Πρὸς
692 5589 906 5653 τούτοις
938 5590 1204 5649 ἐδίδασκε,
1245 5590 1320 5656 μὴ
1352 5587 1458 5638 δεῖν
1484 5586 1581 5646 τὰς
1620 5601 1752 5651 προ-

182 5684 337 5745 όδους
370 5686 615 5755 συνεχεῖς
650 5681 948 5746 ποιεῖσθαι,
990 5680 1192 5751 ἡσυχία
1228 5680 1283 5731 δὲ
1339 5679 1551 5748 χαίρειν
1579 5676 1653 5738 ὡς
1689 5679 1753 5729 τὰ

183 5775 364 5829 πολλὰ
400 5778 575 5846 μητρὶ
595 5775 703 5829 τῶν
726 5774 941 5843 ἀρετῶν
982 5772 1141 5844 οὓσῃ,
1184 5775 1275 5825 καὶ
1305 5770 1600 5839 ὀψοαλμῶν
1654 5771 1753 5836 ψυ-

186 5872 286 5940 χῆς
350 5868 533 5939 λήμην
588 5866 906 5937 ἐπιτηδείως
962 5864 1242 5937 καθαίρειν
1303 5864 1523 5935 ἐχούσῃ.
1623 5864 1753 5915 Οὐδὲ

1862 3376 2061 3434 ﬂuente
2098 3380 2317 3449 populo,
2346 3390 2400 3435 et
2435 3382 2605 3435 turbae
2649 3379 3001 3436 multitudine
3034 3383 3438 3451 quodammodo

1862 3472 2137 3529 civitatem
2170 3474 2439 3530 cfliciente
2483 3474 2858 3540 solitudinem,
2892 3492 3016 3532 cum
3053 3476 3279 3533 vidisset
3306 3478 3437 3532 bea-

1864 3575 1949 3618 tus
1988 3580 2047 3619 se
2091 3581 2157 3619 ex
2209 3580 2273 3619 eo
2317 3566 2408 3635 qui
2451 3565 2579 3621 hinc
2624 3566 2925 3630 oriebatur,
2964 3570 3219 3637 tumultu,
3264 3584 3295 3623 a
3338 3569 3439 3624 sibi

1860 3663 2010 3723 grata
2056 3655 2250 3709 abduci
2300 3656 2619 3717 solitudine,
2650 3667 2705 3711 et
2755 3659 2988 3711 maxime
3019 3674 3141 3713 cum
3195 3658 3441 3714 studeret

1864 3744 2050 3815 fugere
2094 3745 2316 3816 gloriam
2358 3745 2641 3799 hominum
2687 3745 2929 3813 (sciebat
2958 3744 3105 3800 enim
3154 3760 3272 3799 eam
3327 3762 3440 3801 nta-

1863 3852 2021 3907 gnam
2056 3837 2165 3891 vim
2201 3837 2403 3891 habere
2437 3836 2503 3890 ad
2553 3836 2997 3893 confundendum
3048 3836 3243 3890 anima:
3274 3852 3439 3891 orna-

1865 3928 2027 3997 tum),
2071 3930 2138 3983 de
2161 3929 2416 3984 omnibus
2447 3929 2689 3999 quidem,
2722 3929 2837 3983 suis
2882 3930 3103 3985 mandat
3139 3932 3439 4000 discipulis,

1863 4036 1923 4072 ea
1955 4035 2077 4089 qua:
2131 4023 2294 4075 statui
2333 4023 2638 4076 monastico
2684 4022 3038 4085 conveniunt,
3088 4030 3300 4091 tempus
3331 4024 3439 4077 cibi

1860 4112 2113 4168 sumendi
2145 4121 2415 4179 statuens,
2451 4113 2594 4182 quod
2625 4114 2842 4183 quidem
2876 4122 2961 4168 est
3002 4112 3092 4168 die
3122 4114 3439 4169 desinente:

1858 4213 1915 4258 et
1954 4219 2061 4259 non
2093 4206 2235 4259 vesci
2269 4205 2335 4259 ad
2368 4207 2694 4267 satietatem,
2730 4208 2823 4262 sed
2874 4218 3059 4261 ventre
3107 4210 3283 4263 adhuc
3340 4226 3433 4277 po-

1861 4298 2096 4352 stulante
2127 4312 2341 4351 cessare
2368 4316 2381 4351 :
2415 4312 2535 4351 esse
2564 4307 2742 4352 autem
2777 4299 3090 4352 alimentum
3126 4315 3317 4367 panem
3347 4317 3433 4354 so-

1864 4390 1974 4443 lum
2004 4400 2059 4445 et
2091 4389 2281 4453 salem,
2311 4390 2400 4459 qui
2446 4390 2665 4460 impleat
2692 4390 2868 4445 locqu
2913 4392 3247 4446 condimenti
3282 4409 3297 4447 :
3334 4409 3428 4463 po-

1865 4490 1976 4534 tum
2005 4493 2184 4535 autem
2215 4497 2430 4550 aquam,
2448 4498 2567 4550 quzr
2593 4484 2705 4551 ipsa
2732 4498 2947 4551 quoque
2973 4485 3182 4539 modice
3200 4496 3252 4540 et
3272 4503 3433 4554 parce

1865 4582 2133 4627 sumatur.
2161 4573 2365 4627 Deinde
2401 4588 2525 4627 cum
2572 4573 2639 4626 de
2701 4572 2999 4641 psalmodia
3036 4574 3345 4629 mandasset
3378 4588 3431 4631 et

1864 4664 2133 4729 oratione,
2165 4674 2271 4719 tam
2304 4664 2521 4729 diurna,
2551 4679 2713 4735 quam
2738 4680 2857 4734 qua:
2881 4675 3041 4721 noctu
3072 4668 3247 4728 fieret,
3280 4667 3437 4737 jubet

1863 4772 1957 4811 eos
1982 4756 2107 4812 odio
2143 4758 2343 4811 habere
2386 4758 2581 4821 otium,
2619 4767 2677 4809 ut
2711 4773 2930 4811 causam
2978 4758 3270 4812 multorum
3313 4773 3434 4812 ma-

1856 4849 2031 4903 lorum
2062 4869 2075 4904 :
2109 4863 2247 4918 opus
2296 4856 2478 4904 autem
2512 4849 2723 4904 tradere
2768 4850 3040 4915 manibus,
3069 4850 3209 4919 quod
3259 4852 3429 4904 sacris

1857 4938 2087 4993 Psalmis
2119 4940 2397 5011 irrigetur.
2456 4942 2512 4994 Si
2542 4956 2648 5010 qua
2692 4955 2821 4995 vero
2852 4940 2989 4994 mala
3020 4940 3295 5012 cogitatio,
3339 4956 3429 4994 ve—

1860 5031 2251 5101 luti‘quaedam
2308 5031 2539 5095 zizania,
2576 5047 2605 5085 a
2657 5032 2934 5087 communi
2984 5032 3138 5086 hoste
3187 5034 3429 5085 omuium

1861 5136 1974 5180 sata
2020 5126 2187 5181 fuerit
2216 5128 2269 5179 in
2306 5135 2447 5179 terra
2483 5127 2684 5186 cordis.
2721 5126 2926 5196 jejunio
2965 5137 3018 5179 ct
3052 5125 3280 5179 assidua!
3311 5140 3434 5178 ora-

1858 5220 2022 5273 tionis
2051 5233 2180 5273 ense
2207 5234 2325 5273 eam
2361 5220 2701 5282 exscindere,
2752 5234 2819 5272 ne
2870 5218 3047 5272 locum
3102 5231 3335 5287 occupet
3362 5220 3427 5271 ad

1860 5311 2264 5381 producendum
2324 5314 2578 5366 acerbum
2654 5312 2890 5366 fructum
2955 5310 3269 5378 voluptatis.
3338 5310 3430 5363 Sic

1860 5406 2004 5458 enim
2039 5404 2318 5472 impletum
2355 5405 2419 5457 iri
2452 5404 2580 5457 illud
2609 5404 2813 5458 Christi
2845 5420 2857 5455 :
2890 5403 2999 5457 Hoc
3029 5416 3202 5471 genus
3228 5402 3430 5454 danun—

1862 5497 2078 5551 niorunt
2107 5497 2237 5550 nihil
2287 5496 2432 5551 aliud
2455 5497 2711 5563 expellet,
2743 5511 2903 5564 quam
2932 5495 3199 5565 jejunium
3230 5503 3285 5548 et
3307 5509 3436 5545 nra-

1862 5590 1955 5641 tio.
1996 5586 2197 5641 Prmter
2232 5604 2293 5641 ra
2326 5598 2506 5641 autem
2534 5588 2763 5640 docebat
2790 5602 2897 5640 non
2928 5596 3181 5655 oportere
3212 5586 3430 5639 assidue

1860 5679 2157 5746 procedere
2198 5697 2209 5731 :
2240 5677 2459 5731 silentio
2491 5694 2620 5732 vero
2652 5688 2704 5731 et
2732 5679 2913 5746 quiete
2955 5676 3189 5747 gaudere
3216 5686 3273 5729 trt
3310 5676 3433 5744 plu-

1861 5772 2077 5833 rimum,
2111 5784 2228 5843 quae
2254 5779 2335 5823 cst
2372 5780 2543 5824 mater
2576 5772 2865 5833 virtutum,
2903 5781 2955 5823 et
2989 5779 3111 5837 apte
3131 5782 3431 5836 expurgare

1864 5866 2053 5919 lcmam
2106 5862 2383 5917 oculorqu
2419 5862 2631 5916 animae.
2684 5862 2865 5930 Neque
2918 5876 3047 5915 vero
3092 5860 3437 5929 pra-tennisit
