3956 6446
552 383 653 450 9η

1767 372 2046 434 MENSIS
2086 371 2556 434 SEPTEMBER.

3696 372 3789 434 912

551 491 899 564 benignitatis
935 489 1113 545 facere
1151 486 1483 542 mentionem
1517 501 1529 537 :
1565 482 1657 539 sed
1692 483 1758 538 de
1792 485 1878 538 illa
1917 499 1946 538 e
1990 499 2119 553 quo-

2230 485 2357 548 τοὺς
2392 484 2520 554 περὶ
2579 480 3014 550 φιλανθρωπίαν,
3047 480 3234 548 λόγους
3279 481 3492 550 ἀφῆκεν
3553 482 3790 552 ἀμνημε·

551 603 654 658 que
703 585 882 643 studio
919 582 1021 636 fuit
1057 581 1237 635 dicere
1287 593 1408 646 qua:
1443 576 1865 630 conveniebant.
1899 576 2122 630 Dicebat

549 682 716 744 enim,
748 675 1043 738 neminem,
1074 673 1115 726 si
1153 671 1265 725 fieri
1299 681 1502 741 posset,
1537 679 1788 738 oportere
1807 668 1989 721 vacuis
2007 683 2122 721 ma-

550 775 714 828 nibus
743 769 1021 824 dimittere
1063 780 1127 818 ex
1164 764 1249 828 iis,
1281 763 1367 832 qui
1398 762 1662 815 accedunt
1701 761 1768 815 ad
1796 762 2017 825 ostium,
2051 775 2120 814 ne

550 866 686 918 forte
726 862 1004 917 Christum
1059 859 1354 912 inscientes
1405 856 1726 926 despiciant,
1754 855 1846 924 qui
1893 853 2120 922 suscipit

550 973 836 1031 personam
871 970 1190 1025 pauperum.

616 1051 752 1104 Cum
782 1050 859 1104 sic
886 1047 1129 1112 dixisset,
1161 1054 1213 1099 et
1232 1043 1482 1114 elegisset
1519 1057 1684 1095 unum
1728 1057 1790 1095 ex
1822 1039 2116 1110 discipulis,

549 1141 641 1208 qui
687 1151 742 1194 et
777 1139 882 1192 rita
919 1136 1207 1208 praestabat
1243 1135 1386 1196 aliis,
1423 1143 1479 1187 et
1515 1142 1677 1201 aptus
1721 1140 1855 1192 erat,
1899 1139 1957 1184 ut
2000 1130 2120 1196 ejus

549 1230 671 1285 fidei
705 1231 932 1284 fratrum
952 1227 1266 1282 crederetur
1299 1222 1641 1294 pra-fectum,
1677 1221 1723 1275 ei
1754 1236 1819 1274 ex
1848 1219 2118 1274 sententia

549 1324 776 1378 aliorum
826 1321 990 1375 etiam
1023 1317 1416 1386 discipulorum
1459 1313 1751 1368 committit
1795 1313 2116 1366 rectionem.

549 1414 668 1483 lpse
711 1421 888 1466 autem
942 1408 1218 1479 egreditur
1258 1419 1288 1459 e
1329 1403 1522 1466 Laura,
1557 1403 1753 1456 multas
1793 1402 2009 1470 quidem
2044 1401 2120 1454 la-

547 1520 760 1577 crymas
790 1520 851 1558 ex
883 1502 1057 1557 oculis
1095 1498 1467 1554 emittentibus
1497 1494 1802 1560 monachis,
1827 1503 1879 1547 et
1911 1503 1966 1547 ut
2004 1495 2118 1563 ipse

547 1606 790 1652 maneret
831 1594 1163 1666 rogantibus,
1201 1592 1318 1660 ipso
1365 1597 1546 1643 autem
1595 1587 1726 1640 nulli
1774 1586 2025 1647 cedente,
2062 1591 2119 1638 ut

546 1691 636 1761 qui
669 1689 938 1758 aspiceret
970 1684 1035 1740 ad
1068 1684 1122 1738 id
1149 1682 1347 1746 solum,
1380 1680 1525 1750 quod
1566 1688 1650 1734 est
1682 1677 1832 1732 utile.
1858 1674 1912 1730 Si
1949 1677 2116 1740 enim,

547 1781 741 1852 inquit,
771 1795 804 1834 o
836 1777 950 1842 filii,
981 1775 1106 1829 hinc
1127 1769 1688 1844 migraverometuine
1715 1768 1822 1821 huc
1851 1766 2120 1820 ventitan-

545 1888 620 1938 te.
679 1883 733 1929 et
785 1870 1023 1942 quietem
1071 1864 1451 1928 conturbante,
1505 1861 1642 1916 bene
1693 1861 1798 1914 erit
1850 1860 2110 1928 utrisque.

547 1964 778 2021 Facilius
810 1961 954 2016 enim
1009 1965 1063 2013 et
1097 1973 1198 2027 ego
1238 1965 1418 2010 vester
1464 1963 1615 2023 pater
1648 1951 1864 2020 spiritu,
1897 1959 1951 2004 et
1994 1965 2110 2014 vos,

545 2073 682 2130 quos
733 2057 786 2109 in
830 2053 1049 2109 Christo
1093 2049 1252 2122 genui
1303 2062 1398 2118 per
1449 2046 1821 2118 Evangelium,
1853 2045 2018 2099 veluti
2063 2047 2115 2099 in

544 2149 872 2224 quibusdam
923 2143 1219 2198 alvearium
1265 2141 1417 2195 cellis
1462 2139 1748 2208 tranquille
1785 2138 2115 2200 habitantes.

545 2247 716 2299 instar
745 2255 905 2312 apum
938 2237 1044 2292 mel
1087 2235 1304 2290 virtutis
1347 2234 1727 2304 producernus.
1762 2232 1895 2284 Cum
1928 2245 2117 2284 omnes

543 2350 672 2405 crgo
699 2341 888 2388 sancto
921 2327 1271 2400 impertiisset
1319 2324 1526 2390 osculo,
1561 2321 2035 2390 benedixissetque
2065 2329 2120 2376 et

543 2427 764 2482 Christo
807 2421 1268 2483 commendasset,
1305 2418 1405 2472 iter
1436 2427 1512 2470 est
1553 2418 1851 2485 ingressus.
1881 2413 1946 2467 Et
1993 2428 2116 2467 cum

547 2518 844 2589 peregisset
880 2515 983 2568 iter
1013 2512 1174 2566 unius
1200 2509 1328 2572 diei,
1355 2509 1563 2562 accedit
1597 2506 1661 2559 ad
1705 2506 1862 2557 aliam
1900 2505 2118 2572 spelun-

545 2625 684 2674 cam,
719 2622 840 2676 quae
880 2606 979 2658 sita
1009 2599 1225 2671 quidem
1262 2595 1471 2653 eratad
1521 2603 1704 2666 partes
1750 2592 2119 2647 Hierichunti-

544 2717 644 2756 nas
678 2717 692 2753 :
727 2709 846 2752 erat
882 2705 1063 2750 autem
1102 2693 1338 2754 deserta,
1367 2697 1421 2743 et
1469 2697 1585 2742 erat
1634 2686 1913 2756 aptissima
1946 2686 2010 2739 ad
2047 2685 2119 2738 si-

544 2793 770 2848 lentium
807 2784 1153 2858 praebendum
1184 2789 1237 2835 et
1257 2782 1515 2850 quietem.
1538 2777 1674 2832 Cum
1699 2779 1916 2846 longum
1937 2788 2116 2831 autem

545 2892 761 2948 tempus
808 2876 917 2929 illic
954 2883 1096 2927 esset
1133 2878 1400 2930 versatus,
1435 2876 1489 2921 et
1530 2879 1648 2936 qua:
1688 2881 1746 2920 se
1791 2865 2113 2928 olferebant,

547 2970 732 3025 herbis
777 2973 1023 3020 uteretur
1051 2960 1118 3016 ad
1151 2960 1490 3023 alimentum,
1527 2956 1638 3012 Deo
1671 2957 1791 3024 soli,
1827 2965 1885 3011 ut
1923 2968 2038 3011 erat
2065 2957 2114 3012 ei

545 3073 780 3136 gratum,
819 3058 1038 3113 vivebat
1085 3063 1367 3125 perpetuo.
1401 3052 1491 3106 Sic
1534 3062 1713 3106 autem
1758 3066 1881 3104 eum
1929 3065 2116 3103 rursus

2226 579 2470 640 νεύτους·
2524 575 2660 629 ἀλλὰ
2706 577 2798 628 καὶ
2852 576 2976 644 περὶ
3018 573 3188 640 αὐτῆς
3225 574 3482 637 ἐπιμελὲς
3535 574 3718 642 ἔσχεν,
3764 575 3790 629 ἃ

2226 671 2502 738 προσῆκεν
2542 667 2742 718 εἰπεῖν.
2785 663 2932 734 Ἔφη
2963 664 3092 733 γὰρ,
3123 665 3170 714 εἰ
3194 663 3421 715 δυνατὸν
3457 665 3668 734 μηδένα
3692 670 3789 719 τῶν

2223 762 2288 828 τῇ
2317 759 2458 830 θύρᾳ
2488 758 2824 828 προσιόντων
2858 758 3044 817 κεναῖς
3076 755 3435 823 ἀποπέμπειν
3471 761 3656 824 χερσὶ,
3694 760 3788 826 μή·

2223 869 2352 904 ποτε
2385 854 2477 902 καὶ
2510 851 2726 904 λάϐοιτε
2753 847 2989 917 Χριστὸν
3042 848 3382 916 παριδόντες,
3418 849 3541 911 ἐνὸς
3567 851 3675 903 τῶν
3710 854 3788 904 ἐν-

2220 943 2356 996 δεῶν
2382 944 2503 1010 ὄψιν
2542 943 2933 1012 ὑποκριθέντα.

2295 1036 2351 1087 I'.
2387 1034 2574 1096 Οῦτως
2608 1034 2779 1086 εἰπὼν
2815 1036 2908 1086 καὶ
2941 1035 3035 1086 ἕνα
3067 1035 3175 1086 τῶν
3206 1035 3466 1103 μαθητῶν
3496 1036 3786 1105 ἐκλεξάμε-

2227 1143 2336 1190 νος,
2370 1126 2469 1195 βίῳ
2501 1143 2557 1178 τε
2586 1126 2693 1178 τῶν
2725 1124 2898 1178 ἄλλων
2925 1126 3300 1192 διενεγκόντα,
3320 1129 3415 1178 καὶ
3460 1128 3646 1179 ἰκανὸν
3672 1128 3790 1178 ὄντα

2222 1219 2556 1289 προστασίαν
2590 1219 2832 1286 ἀδελφῶν
2874 1219 3253 1288 πιστευθῆναι,
3305 1221 3487 1289 τούτῳ
3534 1223 3674 1288 μετὰ
3707 1220 3790 1272 καὶ

2219 1313 2318 1380 τῆς
2347 1314 2454 1364 τῶν
2493 1312 2667 1365 ἄλλων
2694 1314 2966 1381 φοιτητῶν
2991 1312 3239 1382 γνώμης,
3272 1315 3370 1379 τὴν
3401 1315 3581 1383 ἀρχὴν
3623 1318 3789 1382 an“.

2225 1403 2387 1473 ρίζει.
2418 1403 2592 1466 Αὐτὸς
2626 1404 2682 1456 δὲ
2714 1404 2813 1472 τῆς
2858 1405 3080 1473 Λαύρας
3121 1405 3291 1475 ἐξῄει,
3341 1407 3518 1458 πολλὰ
3562 1406 3658 1473 μὲν
3709 1407 3787 1458 δᾶ-

2221 1511 2364 1563 κρυα
2418 1495 2525 1546 τῶν
2579 1494 2876 1563 ὀφθαλμῶν
2930 1497 3196 1563 ἀφιέντων
3233 1498 3339 1548 τῶν
3383 1499 3661 1566 μοναλῶν,
3706 1499 3792 1550 καὶ

2224 1587 2406 1656 μένειν
2440 1586 2604 1638 αὑτὸν
2651 1585 2948 1650 ἁξούντων,
2987 1586 3152 1638 αὑτοῦ
3202 1587 3258 1638 δὲ
3298 1591 3540 1650 εἴκοντος
3578 1590 3746 1641 οὐδενί
3776 1606 3787 1619 ·

2221 1679 2313 1730 ᾰτε
2368 1678 2503 1746 πρὸς
2573 1679 2732 1746 μόνον
2787 1681 2849 1730 τὸ
2905 1678 3179 1739 λυσιτελὲς
3233 1678 3547 1748 βλέποντος.
3599 1683 3660 1733 Εἰ
3693 1685 3789 1750 γὰρ

2225 1767 2457 1829 ἐνθένδε,
2489 1769 2676 1836 φησὶν,
2731 1761 2776 1820 ὦ
2829 1769 3016 1828 τέκνα,
3053 1769 3496 1836 μεταναστεύσω,
3572 1771 3788 1838 μηδενὸς

2221 1859 2453 1911 ἐνταῦθα
2485 1862 2775 1928 φοιτῶντος
2805 1862 3007 1928 καὶτὴν
3039 1862 3275 1928 ἡσυχίαν
3308 1863 3785 1932 ἑπιταρὰττοντος,

2220 1949 2546 2018 ἀμφοτέροις
2578 1951 2687 2016 ἔξει
2727 1951 2908 2015 καλῶς
2940 1967 2952 1980 ’
2987 1955 3118 2024 ῥᾷον
3154 1956 3258 2023 γὰρ
3295 1956 3405 2020 ἐγώ
3435 1974 3493 2008 τε
3529 1960 3557 2008 ὀ
3599 1959 3786 2026 ὑμέτε-

2222 2057 2316 2109 ρος
2345 2042 2488 2093 κατὰ
2546 2042 2762 2110 πνεῦμα
2801 2044 3006 2110 πατὴρ,
3045 2047 3135 2097 καὶ
3171 2046 3328 2113 ὑμεῖς
3361 2045 3452 2106 οὒς
3480 2049 3537 2097 ἐν
3572 2048 3801 2118 Χρ.στῷ·

2219 2131 2307 2184 διὰ
2354 2133 2446 2184 τοῦ
2474 2132 2802 2199 Εὐαγγελίου
2858 2137 3144 2205 ἐγέννησα,
3202 2132 3312 2188 οἷον
3368 2153 3479 2190 τισι
3524 2139 3786 2207 σιμϐλοις,

2221 2225 2343 2282 ταῖς
2419 2223 2640 2282 κέλλαις
2698 2225 2972 2292 γαληνίως
3029 2226 3458 2294 ἐναυλιζὸμενοι,
3533 2230 3788 2298 μελιττῶν

2219 2313 2374 2382 δίκην
2407 2316 2466 2367 τὸ
2497 2317 2592 2384 τῆς
2626 2318 2825 2385 ἀρετῆς
2869 2318 2989 2385 μέλι
3018 2321 3546 2388 καρποφορήσομεν.
3587 2322 3787 2374 "Artav-

2218 2422 2314 2469 τας
2344 2406 2435 2460 οῦν
2478 2410 2532 2460 ἐν
2565 2409 2826 2477 φιλήματι
2855 2410 3153 2477 περιελθὼν
3184 2413 3352 2480 ἁγίῳ,
3389 2413 3695 2480 εὐλογήσας
3728 2431 3779 2467 τι

2222 2500 2312 2551 καὶ
2344 2500 2418 2566 τῷ
2452 2501 2670 2571 Χριστῷ
2724 2504 3122 2572 παραθέμενος,
3157 2505 3275 2556 ὁδοῦ
3308 2508 3504 2574 εἴχετο,
3543 2515 3639 2561 καί
3667 2510 3787 2576 μιᾶς

2218 2591 2472 2655 διανύσας
2503 2595 2710 2661 ἡμέρας
2741 2595 2879 2658 όδὸν,
2935 2597 3103 2665 ἑτέρῳ
3137 2598 3467 2664 προσϐάλλει
3522 2598 3784 2667 σπηλαίῳ,

2220 2685 2359 2737 κατὰ
2392 2685 2486 2752 μὲν
2521 2687 2589 2736 τὰ
2619 2685 2972 2754 Ἰεριχοῠντια
3007 2688 3145 2757 μέρη
3211 2687 3566 2759 διακειμένῳ,
3607 2693 3786 2761 ἐρήμῳ

2218 2775 2272 2828 δὲ
2303 2776 2411 2827 ὄντι
2439 2777 2530 2828 καὶ
2563 2777 2794 2845 ἡσυχίαν
2820 2775 2894 2837 ῶς
2921 2777 3158 2846 μάλιστα
3191 2780 3454 2848 παρέχειν
3486 2782 3786 2850 ἐπιτηδείῳ.

2219 2869 2425 2937 Χρόνον
2453 2867 2629 2919 τοίνυν
2674 2870 2853 2920 ἐκεῖσε
2881 2869 3168 2938 διατρίψας
3222 2873 3435 2940 συχνὸν,
3468 2876 3566 2926 καὶ
3628 2874 3782 2944 βοταο

2219 2960 2324 3011 νῶν
2368 2961 2487 3021 ταῖς
2517 2959 2901 3027 ἐπιτυχούσαις
2924 2963 3000 3022 είς
3039 2961 3244 3029 τροφὴν
3296 2963 3613 3030 χρώμενος,
3672 2964 3782 3033 Θεῷ

2226 3053 2390 3120 μόνῳ,
2437 3046 2616 3109 καθὼς
2649 3048 2766 3117 Θεῷ
2828 3049 3000 3116 φίλον,
3056 3049 3163 3110 ζῶν
3193 3050 3438 3103 διετέλει.
3471 3050 3661 3124 Ταύτῃ
3717 3069 3789 3104 τοι

548 3155 689 3208 Deus
720 3148 918 3220 aperit,
951 3155 1005 3201 et
1051 3147 1229 3198 denuo
1254 3143 1600 3197 manifestum
1633 3140 1812 3196 reddit
1841 3155 1987 3207 eum,
2023 3141 2113 3211 qui

2226 3145 2308 3195 καὶ
2339 3141 2468 3202 Θεὸς
2499 3141 2658 3194 αὑτὸν
2690 3143 2930 3210 φανεροῖ,
2986 3146 3077 3192 καὶ
3107 3141 3270 3210 ,δῆλον
3308 3143 3398 3194 τὸν
3469 3147 3790 3216 κεκρυμμέ.

545 3255 663 3302 erat
694 3243 1010 3298 absconsus.
1057 3235 1400 3291 Manifestum
1451 3245 1631 3289 autem
1681 3233 1855 3289 reddit
1894 3251 1988 3304 per
2027 3250 2110 3298 ea,

546 3356 665 3411 qua:
688 3336 939 3397 faciebat,
971 3330 1249 3385 miracula.
1297 3329 1465 3382 Morbi
1503 3329 1647 3382 enim
1692 3343 1788 3397 per
1822 3327 1996 3398 ipsum
2022 3343 2115 3382 ex-

544 3433 908 3505 pellebantur,
933 3437 1331 3496 corporumque
1359 3421 1518 3476 simul
1543 3422 1667 3476 vitia
1694 3430 1748 3476 et
1789 3421 2112 3474 animarum.

548 3525 751 3580 Harum
785 3531 965 3573 autem
1002 3517 1192 3584 magis,
1223 3515 1478 3582 quoniam
1514 3529 1575 3566 ea
1604 3527 1746 3580 szepe
1779 3511 2019 3580 corporis
2042 3511 2118 3564 vi-

548 3613 620 3666 tia
654 3607 948 3664 conciliant
1009 3605 1143 3658 Cum
1198 3601 1351 3655 multi
1397 3615 1528 3671 ergo
1572 3601 1639 3654 ab
1689 3600 1804 3669 ipso
1839 3600 2112 3655 consecuti

545 3711 728 3757 essent
771 3697 1134 3757 curationem,
1171 3701 1225 3745 et
1269 3693 1593 3745 statuissent
1619 3692 1783 3744 vitam
1817 3693 1961 3744 illius
1996 3692 2119 3744 imi-

547 3796 674 3856 tari,
719 3793 809 3844 lue
838 3801 1054 3856 quoque
1082 3781 1310 3837 aediﬁcat
1360 3782 1589 3836 alterum
1622 3781 1879 3836 virtutum
1909 3781 2120 3836 habita-

547 3885 752 3948 culum,
794 3877 936 3950 quod
974 3874 1220 3946 Elpidius
1263 3872 1481 3941 quidem
1516 3881 1701 3942 postea
1748 3872 2114 3941 amplificavit,

549 3977 629 4029 vir
657 3972 945 4044 praeclarus
987 3974 1135 4019 recte
1181 3964 1338 4016 factis
1392 3964 1442 4014 in
1476 3964 1880 4017 exercitatione.
1916 3962 2115 4016 Ducem

547 4073 728 4120 autem
765 4075 887 4115 eum
945 4055 1305 4126 appellabant,
1344 4054 1483 4124 quod
1533 4063 1786 4120 tanquam
1838 4053 1952 4106 Dux
1999 4053 2121 4121 qui-

549 4159 670 4212 dam
695 4167 860 4208 sacra:
882 4150 959 4209 illi
994 4152 1180 4203 Laure
1212 4153 1487 4217 praeesset,
1527 4154 1581 4199 et
1618 4154 1830 4198 arceret
1862 4147 2116 4213 impetus,

546 4251 640 4318 qui
687 4249 741 4299 in
783 4259 898 4296 eam
943 4241 1163 4303 ﬂebant,
1212 4254 1349 4308 quos
1383 4238 1599 4307 quidem
1657 4237 1867 4292 Hebraei
1922 4236 2121 4290 infere-

551 4343 700 4401 bant,
738 4337 827 4405 qui
862 4336 1176 4388 habitabant
1202 4330 1414 4384 Noerou
1442 4331 1724 4397 praedium,
1758 4329 1898 4397 quod
1929 4330 2005 4383 sic
2027 4345 2118 4384 ro—

547 4433 797 4494 cabatur,
831 4441 1082 4498 magnum
1112 4425 1331 4478 invidia:
1370 4423 1557 4478 fmturu
1588 4423 1974 4494 parturientes.

622 4523 712 4576 XI.
747 4521 1012 4587 Quoniam
1045 4533 1173 4587 ergo
1219 4517 1304 4572 hic
1339 4532 1578 4586 quoque,
1612 4517 1794 4571 multis
1819 4515 2124 4570 accedenti-
2155 4498 2198 4552 D

549 4614 676 4676 bus,
711 4610 1209 4679 interrurnpebatur
1255 4608 1303 4660 ei
1358 4608 1512 4674 quies
1558 4621 1620 4659 ac
1663 4607 1960 4670 silentium,
1999 4621 2122 4660 cum

553 4705 671 4758 istis
716 4715 932 4771 quoque
977 4697 1258 4751 monachis
1306 4696 1548 4750 dedisset
1596 4697 2034 4760 constitutiones,
2071 4705 2125 4751 et

553 4796 902 4866 praecepisset
929 4794 1202 4864 quomodo
1232 4802 1477 4861 oporteat
1506 4791 1682 4844 virere
1702 4791 2121 4860 eos.quieuram

555 4898 750 4958 gerunt
780 4889 994 4949 animae,
1034 4895 1087 4938 et
1117 4901 1241 4938 eum
1278 4885 1629 4954 designasset,
1663 4885 1750 4954 qui
1807 4893 1952 4938 esset
1991 4899 2126 4952 pra:-

554 4983 795 5043 futu-rus,
835 4975 959 5030 hinc
991 4991 1180 5029 rursus
1226 4977 1453 5039 recedit,
1490 4985 1542 5030 et
1597 4975 1802 5028 accedit
1853 4977 1918 5028 ad
1961 4977 2121 5028 aliam

559 5079 762 5140 partem
795 5069 1128 5131 solitudinis,
1163 5082 1280 5136 quae
1308 5068 1719 5136 quatuordecirn
1746 5070 1932 5124 stadiis
1965 5069 2122 5138 paulo

557 5160 676 5227 plus
710 5167 804 5212 aut
859 5159 1036 5212 minus
1089 5159 1254 5212 distat
1288 5174 1317 5211 a
1364 5161 1585 5228 regione
1631 5158 1999 5213 Thecoorum.
2035 5161 2124 5214 Sic

552 5254 702 5306 enim
751 5249 998 5304 Salvator
1035 5251 1220 5304 mundi
1266 5267 1387 5303 eum
1435 5263 1645 5306 mutare
1679 5252 1807 5307 fecit
1838 5254 2123 5308 habitatio-

558 5359 684 5408 nes,
709 5343 839 5410 quid
873 5343 973 5396 sibi
1015 5344 1221 5405 volens,
1259 5353 1311 5398 et
1344 5361 1450 5413 quo
1485 5356 1642 5398 utens
1671 5347 1938 5400 consilio?
1971 5347 2120 5399 Illum

555 5437 772 5503 quidem
807 5434 1036 5489 reddens
1065 5433 1344 5505 cognitum
1382 5447 1432 5489 et
1463 5436 1668 5490 clarum
1706 5441 1958 5492 omnibus
1991 5454 2123 5492 :eos

555 5537 757 5586 autem,
789 5525 880 5593 qui
919 5525 982 5576 ad
1017 5527 1186 5593 ipsum
1223 5527 1556 5579 ventitabant
1593 5529 1771 5596 (erant
1806 5545 1934 5584 vero
1959 5547 2024 5584 ex
2058 5531 2121 5585 iis

556 5618 865 5686 complures
890 5615 1161 5686 gentiles),
1192 5619 1387 5688 partim
1413 5618 1626 5687 quidem
1652 5619 1917 5674 inducens
1934 5624 1996 5675 ad
2023 5639 2121 5677 ex-

556 5710 861 5780 purgandas
888 5710 1152 5781 baptismo
1183 5712 1412 5778 animas,
1446 5712 1637 5782 partim
1682 5723 1864 5769 autem
1908 5716 1974 5770 ad
2010 5732 2120 5770 mo-

549 5803 891 5859 nachismum
922 5820 1014 5874 per
1050 5805 1199 5860 illum
1243 5806 1532 5872 deducens,
1568 5806 1697 5863 Cum
1722 5819 1902 5866 autem
1932 5826 2118 5867 rursus

2221 3252 2309 3289 νον
2341 3232 2494 3294 αὖθις
2523 3231 2850 3300 καθίστησι·
2913 3235 3139 3301 φανεροί
3169 3234 3224 3285 δὲ
3260 3233 3328 3286 δι’
3362 3227 3438 3288 ὧν
3463 3237 3641 3290 ἐτέλει
3674 3240 3791 3291 Bau-

2224 3329 2431 3391 μάτων·
2487 3325 2629 3374 νόσοι
2656 3324 2764 3390 γὰρ
2804 3326 3176 3392 ἀπηλαύνοντο
3202 3326 3269 3380 δι’
3292 3328 3482 3392 αὑτοῦ,
3532 3332 3627 3384 καὶ
3652 3331 3790 3400 πάθη

2224 3415 2490 3483 σωμάτων
2523 3413 2637 3482 ἅμα
2670 3416 2762 3465 καὶ
2797 3415 2902 3464 τῶν
2927 3417 3130 3484 ψυχῶν.
3185 3419 3294 3470 Καὶ
3324 3422 3534 3471 τούτων
3569 3423 3626 3474 δὲ
3668 3424 3791 3491 μᾶλα

2221 3509 2328 3571 λον,
2369 3511 2478 3578 ὅσῳ
2511 3509 2575 3576 δὴ
2606 3509 2698 3560 καὶ
2727 3507 2982 3570 πολλάκις
3003 3510 3112 3563 τῶν
3139 3513 3467 3580 σωματικῶν
3491 3515 3638 3570 αὑτὰ
3669 3515 3790 3569 καθ-

2227 3600 2467 3651 ίστανται
2501 3600 2754 3666 πρόξενα.
2810 3599 3112 3666 Τοιγαροῦν
3175 3604 3384 3656 πολλῶν
3444 3606 3582 3675 παρ’
3633 3608 3790 3662 αὐτοῦ

2225 3690 2521 3761 θεραπείας
2556 3691 2922 3756 ἀξιωθέντων,
2953 3695 3046 3744 καὶ
3082 3693 3174 3746 τὸν
3231 3697 3442 3748 ἐκείνου
3479 3700 3597 3767 βίον
3627 3701 3792 3768 ζηλώ-

2226 3801 2316 3838 σαι
2362 3787 2781 3856 προῃρημένων,
2831 3786 3018 3856 ἕτερον
3079 3786 3356 3859 οἰκοδομεῖ
3408 3791 3504 3843 καὶ
3549 3784 3656 3844 ὧδε
3689 3791 3791 3844 τῶν

2223 3877 2435 3946 ἀρετῶν
2467 3878 2808 3947 οἰκητήριον,
2841 3879 2978 3949 ὅπερ
3030 3880 3298 3943 Ἑλπίδιος
3356 3883 3454 3952 μὲν
3498 3886 3794 3940 ἐπλάτυνεν

2227 3968 2480 4039 ὕστερον,
2519 3970 2659 4038 ἀνὴρ
2699 3973 2808 4033 τοῖς
2836 3973 3159 4042 ἁσκητικοῖς
3203 3973 3347 4043 μάλα
3405 3978 3793 4048 κατορθώμασι

2225 4061 2553 4131 διαπρέψας.
2587 4061 2765 4114 Δοῦκα
2796 4063 2849 4112 δὲ
2871 4063 3036 4114 αὑτὸν
3061 4066 3493 4135 προσηγόρευον,
3521 4069 3602 4137 τῷ
3638 4068 3794 4123 δοῦκά

2225 4169 2346 4204 τινα
2387 4153 2486 4220 τῆς
2516 4156 2666 4220 ἱερᾶς
2699 4155 2862 4224 τῆσδε
2898 4156 3121 4226 Λαὺρας
3153 4159 3543 4229 προΐστασθαι,
3575 4167 3670 4216 καὶ
3705 4165 3794 4225 τὰς

2227 4245 2489 4315 ἐπηρείας
2525 4248 2730 4318 εἴργειν
2775 4249 2872 4310 τὰς
2904 4251 3023 4303 κατ’
3059 4253 3251 4320 αὐτῆς,
3286 4255 3356 4316 ἃς
3405 4254 3652 4325 Ἑϐραῖοι
3684 4256 3792 4307 τότε

2227 4341 2277 4391 οἱ
2313 4341 2371 4392 τὺ
2401 4342 2586 4409 νοερὸν
2609 4341 2751 4394 οὕτω
2780 4340 3116 4409 καλούμενον
3143 4346 3419 4406 οἰκοῦντες
3446 4349 3676 4416 χωρίον,
3705 4364 3794 4399 που

2229 4431 2326 4481 λὺιν
2353 4430 2634 4494 ώδίνοντες
2662 4435 2750 4484 τὸν
2777 4434 2989 4500 φθόνον,
3027 4435 3251 4506 ἐπῆγον.

2302 4521 2414 4575 IA'.
2457 4523 2612 4574 Ἐπεὶ
2652 4519 2746 4575 οῦν
2787 4525 3064 4580 κάνταῦθα
3093 4528 3305 4582 πολλῶν
3338 4535 3698 4602 προσιόντων,
3736 4533 3795 4585 τὰ

2227 4611 2326 4679 τῆς
2379 4615 2605 4684 ἡσυχίας
2665 4618 2813 4686 αὑτῴ
2857 4619 3195 4684 διεκόπτετο,
3252 4621 3650 4692 διαταξάμενος
3705 4625 3790 4676 καὶ

2230 4706 2433 4768 αὐτοῖς,
2471 4708 2563 4758 καὶ
2597 4709 2766 4761 είπὼν
2798 4709 2872 4772 ώς
2906 4711 3150 4779 προσῆκε
3185 4711 3283 4784 ζῇν
3312 4715 3436 4778 τοὺς
3475 4717 3657 4787 ψυχῆς
3679 4719 3791 4770 ἐπι·

2233 4797 2585 4866 μελομένους,
2647 4801 2920 4866 γνωρίσας
2957 4803 3012 4854 δὲ
3047 4809 3139 4856 καὶ
3188 4808 3278 4858 τὸν
3322 4816 3790 4880 προστησόμενον,

2226 4890 2459 4942 αὐτόθεν
2492 4891 2651 4944 πάλιν
2686 4893 2974 4964 ἀνεχώρει,
3003 4898 3096 4950 καὶ
3121 4901 3199 4960 είς
3231 4900 3422 4970 ἕτερον
3449 4905 3549 4973 τῆς
3593 4908 3792 4975 ἐρήμου

2230 4987 2395 5052 μέρος
2451 4985 2728 5053 ἐπιφοιτᾷ,
2762 4990 3055 5057 τέσσαρσιν
3095 4990 3189 5041 ἐπὶ
3224 4994 3334 5054 τοῖς
3371 4993 3507 5046 δέκα
3545 4997 3792 5058 σταδίοις,

2227 5081 2319 5128 καὶ
2351 5077 2538 5145 μικρῴ
2573 5078 2734 5131 πλέον
2759 5080 2791 5148 ἢ
2819 5079 3040 5134 ἔλαττον
3075 5083 3169 5136 τοῦ
3211 5083 3444 5152 Θεκῲων
3470 5087 3618 5142 οὕτω
3649 5091 3794 5158 λεγοο

2230 5184 2396 5238 μενον
2429 5167 2728 5237 διεστηκώς
2779 5173 3079 5240 κτήματος*
3145 5177 3287 5230 οῦτω
3343 5180 3452 5248 γὰρ
3488 5182 3655 5235 αὑτὸν
3709 5186 3795 5243 τὰς

2227 5261 2471 5326 οἰκήσεις
2503 5260 2528 5310 ό
2564 5258 2656 5311 τοῦ
2709 5262 2917 5329 κόσμου
2983 5263 3173 5335 Σωτὴρ
3210 5267 3461 5336 άμείὗειν
3508 5275 3704 5336 ἐποίει,
3749 5274 3794 5323 τί

2229 5350 2551 5420 βουλόμενος
2575 5354 2669 5403 καὶ
2695 5353 2746 5404 τί
2764 5354 2869 5422 ἄρα
2905 5359 3045 5409 θεῖον
3065 5360 3400 5430 οἰκονομῶνς
3438 5363 3679 5418 Ἐκεῖνον
3706 5365 3794 5433 μὲν

2225 5439 2502 5509 γνώριμον
2532 5461 2588 5495 τε
2629 5442 2727 5496 καὶ
2753 5447 3041 5513 καταφανῆ
3076 5447 3211 5498 πᾶσι
3242 5448 3432 5502 ποιῶν·
3484 5455 3615 5514 τοὺς
3641 5454 3693 5505 δὲ
3739 5469 3792 5520 γι

2227 5528 2361 5597 πρὸς
2387 5530 2448 5580 αὑ
2466 5531 2543 5582 τὸν
2577 5529 2881 5600 φοιτῶντας
2913 5532 3194 5601 (Ἕλληνες
3218 5534 3271 5589 δὲ
3295 5537 3500 5592 τούτων
3518 5542 3566 5592 οἱ
3591 5540 3794 5600 πλείους

2229 5621 2582 5692 ἐτύγχανον),
2630 5619 2796 5679 τοῦτο
2838 5623 2939 5688 μὲν
2993 5625 3072 5689 είς
3117 5626 3295 5700 ψυχῆς
3363 5631 3634 5702 κάθαρσιν
3686 5633 3793 5686 ἐνά-

2227 5732 2359 5782 γων,
2391 5717 2546 5771 τοῦτο
2571 5717 2625 5770 δὲ
2659 5725 2750 5770 καὶ
2795 5716 2995 5784 μᾶλλον
3027 5720 3164 5789 πρὸς
3203 5723 3302 5792 τὴν
3329 5723 3409 5784 είς
3442 5725 3605 5779 αὑτὸν
3624 5726 3790 5778 πίστιν

2230 5808 2292 5858 δι’
2321 5810 2528 5867 ἐκείνου
2555 5811 2934 5881 χειραγωγῶν.
2971 5811 3189 5866 Πολλῶν
3247 5815 3299 5868 δὲ
3332 5819 3418 5870 καὶ
3457 5818 3616 5880 αὖθις
3648 5817 3788 5869 ἁδελ-
