3956 6446
556 426 663 490 915

1772 420 2057 479 MENSIS
2098 420 2382 478 SEPTEM
2398 420 2567 479 BER.

3700 420 3801 486 916

561 554 712 593 nere.
739 540 910 603 Atque
940 536 1174 605 primum
1201 533 1418 603 quidem
1445 534 1509 587 sit
1533 534 1687 586 vobis
1720 542 1865 586 recta
1892 541 1945 585 et
1972 530 2123 584 ﬁrma

2264 530 2503 599 ιαμένον.
2579 531 2776 594 Πρῶτα
2832 533 2931 601 μὲν
2981 528 3074 585 οὖν
3103 533 3233 602 ὑμῖν
3276 531 3343 584 τὰ
3403 532 3503 599 τῆς
3564 532 3805 595 πίστεως

559 629 716 692 ﬁdes.
746 628 891 681 nullo
918 628 1199 681 labascens
1230 626 1469 696 periculo
1497 644 1509 680 :
1544 624 1740 679 deinde
1778 624 1883 677 vita
1912 638 2129 692 quoque

561 721 632 775 sit
662 734 820 788 pura,
846 728 940 772 aut
986 727 1341 788 expurgetur.
1373 719 1440 771 Et
1485 726 1610 771 ante
1650 716 1831 769 omnia
1880 716 2030 769 vobis
2061 716 2131 769 sit

560 827 705 868 cum
724 811 968 880 corporis
995 810 1371 874 sanctiﬁcatio,
1401 819 1460 863 ut
1502 810 1553 861 in
1601 808 1796 875 templa
1849 807 2129 877 impolluta

564 904 627 958 ad
667 919 762 957 vos
794 904 1014 956 accedat
1044 911 1099 956 et
1135 900 1423 965 inhabitet,
1459 900 1549 970 qui
1578 910 1660 953 est
1686 913 1877 967 purus,
1902 910 1958 951 et
1998 912 2127 950 san-

562 992 887 1048 ctiﬁcatione
912 1007 1008 1045 sua
1042 1001 1094 1045 et
1128 991 1270 1046 bono
1296 990 1461 1045 odore
1484 989 1718 1043 animam
1748 988 1986 1056 impleat.
2024 986 2133 1042 Res

563 1081 707 1135 enim
736 1082 874 1135 mala
924 1090 1009 1136 est
1050 1081 1150 1145 ira,
1183 1091 1234 1134 et
1280 1081 1323 1135 si
1359 1080 1487 1151 quid
1528 1079 1674 1133 aliud
1725 1078 1921 1133 lmdere
1955 1087 2134 1147 potest

564 1172 793 1225 fratrum
817 1186 1078 1227 amorem.
1111 1172 1155 1226 A
1184 1173 1338 1225 vobis
1382 1180 1559 1224 autem
1591 1171 1816 1224 omnino
1838 1171 2135 1224 retineatur

566 1280 629 1317 ac
656 1263 905 1317 foveatur
944 1279 1049 1332 pax
1085 1273 1141 1317 et
1178 1262 1556 1316 mansuetudo.
1588 1261 1741 1325 Quod
1789 1261 1835 1314 si
1873 1261 2011 1314 inter
2040 1274 2136 1313 vos

566 1354 857 1423 aliquando
902 1354 1199 1423 contigerit
1227 1353 1474 1415 offensio.
1510 1368 1579 1405 ne
1613 1354 1691 1409 sol
1724 1352 1938 1407 occidat
1960 1352 2133 1416 vobis,

565 1465 593 1499 ιι
627 1448 745 1500 luce
771 1446 905 1500 adeo
943 1446 1168 1501 remotis
1203 1462 1267 1499 ex
1298 1447 1439 1500 odio.
1480 1447 1587 1499 Sed
1622 1444 1981 1498 revocandum
2016 1451 2128 1506 est,

568 1552 728 1606 quam
761 1536 1175 1607 diligentissime
1203 1536 1316 1589 ﬁeri
1349 1538 1565 1605 poterit,
1599 1538 1798 1589 bonum
1826 1534 2133 1598 charitatis,

570 1638 756 1701 utpote
788 1629 931 1697 quod
966 1630 1084 1683 sine
1113 1644 1177 1683 eo
1213 1644 1319 1681 non
1374 1628 1531 1679 liceat
1572 1628 1757 1679 videre
1802 1625 2007 1686 Solem,
2041 1624 2132 1693 qui

570 1720 867 1789 percipitur
897 1720 1273 1789 intelligentia.
1316 1718 1539 1773 Si.ma|a
1585 1728 1764 1772 autem
1797 1716 2052 1789 cogitatio
2082 1718 2134 1771 in

567 1809 762 1866 vestris
787 1819 899 1863 sata
927 1810 1233 1873 sitanimis,
1271 1824 1414 1863 cura:
1446 1810 1599 1863 vobis
1640 1810 1709 1861 sit
1750 1824 1867 1861 eam
1912 1812 2019 1863 cito
2046 1825 2138 1862 ex-

570 1901 797 1970 pellere.
828 1900 917 1955 Sic
948 1904 1093 1955 enim
1144 1901 1356 1955 facilius
1390 1916 1507 1954 eain
1559 1901 1808 1968 cjicietis.
1838 1900 1956 1965 Quo
1992 1902 2137 1955 enim

568 1993 745 2059 magis
773 2008 835 2045 ea
870 1993 1073 2046 sinitur
1102 2008 1442 2061 permanere.
1475 2007 1541 2045 eo
1571 1992 1687 2058 plus
1720 1992 1999 2047 exhibebit
2042 2008 2138 2047 ne-

567 2082 724 2153 gotii,
767 2090 822 2133 et
852 2082 954 2135 erit
994 2091 1303 2151 expugnatu
1346 2080 1619 2134 ditiieilior
1650 2082 1722 2145 ei,
1754 2084 1841 2149 qui
1876 2084 2142 2137 adversus

568 2174 716 2227 illam
752 2173 981 2227 voluerit
1024 2174 1320 2227 decertare.
1354 2172 1473 2226 Sint
1499 2183 1678 2226 autem
1714 2173 1865 2227 vobis
1894 2189 2045 2227 arma
2074 2174 2141 2227 ad

530 2268 531 2271 “
573 2264 797 2327 bellum,
846 2264 1143 2333 jejunium,
1178 2264 1371 2327 oratio,
1399 2264 1664 2333 lacrymaa,
1698 2264 1956 2316 memoria
1996 2280 2142 2316 mor-

574 2355 642 2407 tis
677 2364 731 2408 et
762 2355 1045 2424 gehennae,
1070 2364 1124 2407 et
1160 2356 1403 2424 quodest
1443 2356 1683 2408 omnium
1750 2354 2142 2409 validissimum

573 2455 627 2497 et
655 2444 889 2500 inimicis
910 2445 1143 2499 maxime
1175 2446 1434 2510 terribile,
1468 2446 1621 2499 beata
1657 2446 1933 2499 humilitas
1962 2462 1974 2497 ι
2013 2460 2143 2499 cau-

574 2534 779 2605 iioque.
812 2552 880 2590 ne
911 2552 1150 2606 unquam
1206 2551 1304 2591 vos
1337 2554 1518 2608 prava:
1553 2545 1823 2605 occupent
1859 2537 2143 2607 cogitatio-

577 2642 674 2681 nes
714 2644 726 2679 :
759 2642 820 2680 ac
866 2628 1170 2683 observatio
1204 2643 1485 2689 sensuum,
1513 2637 1567 2681 et
1615 2644 1722 2696 prce
1755 2629 1982 2692 ereteris,
2016 2642 2143 2682 ocu-

578 2719 750 2772 lorum
779 2727 834 2773 et
861 2718 1096 2773 aurium.
1149 2720 1283 2773 Hinc
1312 2721 1457 2773 enim
1506 2728 1587 2777 est
1616 2720 1721 2773 illis
1754 2720 2015 2774 adversus
2044 2735 2144 2773 nos

578 2810 875 2879 ingressus,
913 2820 967 2866 et
998 2826 1164 2878 mors,
1194 2826 1313 2881 quae
1342 2810 1409 2865 ad
1458 2826 1557 2865 nos
1607 2812 1905 2883 ingreditur
1938 2829 2034 2883 per
2065 2813 2144 2867 fe-

581 2913 813 2957 ηοειτοε.

651 3214 790 3270 XIV.
820 3211 1222 3268 Possessionem
1255 3209 1499 3266 omnium
1533 3208 1981 3278 pretiosissimam
2012 3208 2139 3266 novi
2172 3216 2217 3279 ς

583 3308 658 3360 nil
701 3305 995 3374 possidere,
1028 3313 1081 3357 et
1116 3302 1195 3356 ha:
1237 3312 1361 3357 sunt
1392 3315 1537 3355 verte
1582 3300 1783 3354 divitia:
1826 3301 1896 3360 ci.
1930 3302 2021 3369 qui
2072 3311 2155 3355 est

582 3415 708 3454 vere
757 3411 1055 3466 generosus
1102 3404 1157 3449 et
1211 3393 1564 3463 planeliber,
1600 3392 1745 3445 nulla
1786 3407 1999 3458 eorum,
2036 3408 2155 3461 quas

585 3492 804 3550 adsunt,
856 3487 1098 3540 vinetum
1126 3498 1246 3536 esse
1273 3481 1586 3550 cupiditate.
1640 3479 1929 3534 Dimctitur
1973 3491 2152 3534 autem

582 3582 800 3635 divinus
831 3578 1120 3647 Apostolus
1152 3591 1306 3629 usum
1337 3573 1553 3641 corpori
1588 3575 1958 3627 necessarium
1996 3590 2009 3627 :
2044 3572 2153 3625 Ha-

586 3679 795 3735 bentes,
855 3671 1063 3733 dicens,
1117 3669 1370 3721 alimenta
1412 3676 1465 3718 et
1506 3666 1703 3734 quibus
1754 3677 2016 3732 tegamur,
2070 3666 2155 3718 his

584 3764 824 3820 contenti
869 3763 1059 3817 simus.
1094 3758 1198 3811 Res
1232 3766 1314 3811 cst
1341 3758 1538 3827 gravis,
1567 3756 1703 3809 elate
1734 3757 1801 3810 de
1824 3772 1881 3810 se
1910 3756 2109 3809 sentire
2140 3772 2154 3809 :

587 3871 760 3925 neque
805 3864 890 3907 est
938 3850 1107 3914 aliud,
1156 3850 1300 3917 quod
1342 3848 1510 3917 magis
1559 3855 1738 3916 posset
1786 3855 2054 3900 evertere.
2103 3846 2156 3898 Id

588 3956 769 4001 autem
806 3946 947 3998 solet
998 3949 1058 3997 ut
1106 3941 1396 4010 plurimum
1437 3938 1692 4006 consequi
1729 3954 1859 4007 opes
1902 3948 2046 3991 recte
2075 3936 2157 3991 fa-

589 4045 799 4094 ctorum
828 4055 840 4091 :
875 4046 927 4089 et
953 4045 1078 4088 tunc
1106 4033 1403 4088 timendum
1439 4042 1521 4085 est
1553 4047 1740 4084 earum
1791 4030 2151 4100 naufragium.

593 4131 697 4185 Sed
731 4130 838 4184 stat
885 4129 1165 4182 dexteram
1201 4125 1486 4193 porrigens
1524 4121 1679 4174 nobis
1718 4137 1905 4175 rursus
1944 4122 2159 4174 divinus

595 4222 905 4294 Apostolus,
937 4229 991 4274 et
1021 4218 1185 4273 verbo
1211 4218 1296 4277 iis.
1330 4216 1421 4285 qui
1464 4215 1663 4267 habent
1694 4227 1875 4276 aures,
1911 4226 2156 4283 magnam

595 4321 842 4391 praebens
888 4317 1255 4373 securitatem.
1289 4312 1389 4377 Qui
1439 4312 1584 4366 enim
1637 4312 1845 4365 videtur
1887 4321 2051 4371 stare,
2079 4310 2159 4362 ἰη-

593 4413 733 4482 quit,
766 4411 946 4467 videat
974 4424 1041 4462 ne
1069 4410 1247 4461 cadat.
1281 4404 1526 4458 Fratrem
1564 4403 1829 4472 judicare,
1859 4401 2157 4455 cavendum

592 4516 680 4561 est
722 4521 822 4575 pro
854 4502 1078 4557 viribus.
1110 4498 1210 4552 llic
1250 4506 1333 4551 est
1364 4496 1508 4550 enim
1559 4492 1724 4548 foetus
1769 4492 1984 4557 anima),
2012 4508 2161 4545 more

588 4597 906 4653 ’Pharisaico
944 4594 1079 4647 alios
1120 4589 1491 4659 despicientis,
1526 4596 1582 4641 et
1616 4588 1755 4655 ejus,
1788 4585 1880 4655 qui
1911 4600 2006 4653 per
2028 4585 2162 4638 alio-

598 4707 716 4745 rum
748 4686 1257 4743 condemnationem
1287 4697 1344 4736 se
1372 4682 1484 4735 vult
1513 4680 1833 4748 justiﬁeare.
1864 4679 1970 4733 Sed
2003 4688 2079 4742 tu,
2101 4694 2166 4731 eo

597 4786 844 4849 dimisso,
903 4783 948 4836 si
991 4778 1268 4850 judicandi
1314 4774 1550 4830 tenearis
1598 4775 1905 4839 desiderio,
1940 4789 2062 4826 cum
2115 4783 2167 4828 te

602 4877 848 4948 proxime
884 4876 1108 4939 habeas,
1144 4886 1212 4925 ne
1253 4885 1435 4925 cesses
1468 4879 1517 4923 te
1560 4866 1803 4937 quotidie
1848 4866 2090 4933 judicare
2114 4875 2167 4919 et

600 4969 939 5032 examinare,
975 4975 1030 5021 et
1061 4980 1221 5034 quam
1256 4963 1458 5032 optime
1489 4961 1782 5027 corrigere.
1810 4959 1889 5013 Ad
1921 4957 2167 5026 petulan-

603 5061 732 5115 tiam
766 5074 828 5112 ac
866 5057 1247 5112 contumeliam
1285 5070 1549 5123 propensa
1574 5069 1662 5106 res
1706 5060 1793 5105 est
1826 5058 2041 5111 venter,
2076 5050 2166 5116 qui

604 5159 846 5216 curatur,
881 5150 974 5218 qui
1021 5155 1304 5201 curantem
1336 5146 1534 5199 misere
1566 5154 1962 5198 remuneratur.
1994 5141 2171 5195 Labo-

604 5244 757 5297 ribus
808 5250 988 5296 autem
1038 5239 1293 5301 ﬂectitur,
1350 5247 1403 5290 et
1440 5235 1646 5305 jejunio
1687 5237 1955 5297 domatur,
2011 5243 2173 5297 et,ut

607 5337 779 5391 audax
814 5349 1010 5405 equus,
1038 5334 1103 5387 ab
1140 5331 1478 5385 immodestis
1518 5338 1732 5383 arcetur
1769 5329 2170 5382 saltationibus.

608 5427 723 5480 Non
771 5436 855 5481 est
883 5444 910 5480 a
952 5423 1106 5480 vobis
1149 5421 1407 5479 oblivioni
1455 5421 1756 5474 mandanda
1811 5420 2169 5489 hospitalitas.

608 5518 858 5590 Hospitio
890 5526 1069 5571 autem
1107 5516 1468 5584 excipientes,
1513 5512 1676 5581 pedes
1704 5526 1919 5580 quoque
1951 5510 2173 5563 humili-

607 5611 729 5664 litcr
762 5611 936 5663 lavate
973 5627 985 5661 :
1023 5609 1125 5662 hoc
1160 5616 1242 5663 est
1291 5607 1436 5660 enim
1473 5604 1669 5660 Christi
1709 5611 2036 5673 praiceptum
2076 5620 2088 5656 :
2122 5611 2176 5656 et

610 5702 755 5769 quod
804 5703 919 5770 ipse
946 5703 1152 5770 primus
1185 5700 1332 5763 fecit,
1376 5714 1474 5751 nos
1504 5696 1659 5765 jussit
1695 5698 1871 5749 facere
1906 5694 2173 5747 similiter.

612 5790 716 5843 Per
747 5792 798 5845 id
835 5792 979 5844 enim
1014 5807 1121 5843 non
1172 5790 1346 5844 solum
1381 5789 1585 5858 geritur
1632 5803 1759 5840 cura
1789 5786 2042 5855 proximi,
2080 5783 2175 5837 sed

614 5887 795 5951 potest
826 5882 988 5937 etiam
1022 5883 1197 5938 curari
1252 5880 1429 5952 gravis
1479 5880 1668 5933 auium
1713 5876 1957 5944 morbus,
1985 5889 2179 5946 nempe

2237 622 2406 689 ὑγιῶς
2433 622 2710 692 ἐχέτωσαν
2757 624 2852 676 καὶ
2886 622 3141 690 βεϐαίως,
3203 624 3436 694 κινδύνῳ
3473 626 3671 693 μηδενὶ
3712 642 3805 676 σαο

2236 716 2527 783 λευόμενα.
2560 716 2790 769 Ἔπειτα
2834 716 2890 768 δὲ
2931 718 3025 768 καὶ
3077 720 3105 770 ὁ
3137 717 3252 787 βίος
3301 717 3545 785 καθαρὸς
3604 717 3805 785 ἕστωῆ

2236 807 2603 877 καθαιρέσθω.
2660 808 2771 860 Καὶ
2820 807 2926 874 πρό
2981 823 3044 872 γε
3080 808 3295 860 πάντων
3336 809 3363 858 ὁ
3394 806 3490 859 τοῦ
3562 805 3805 874 σώματος

2238 898 2511 965 ἁγιασμὸς
2552 896 2955 960 σπονδαζέσθω,
2987 896 3126 948 ὣστε
3176 899 3316 960 ναοῖς
3359 896 3691 965 ἀμολύντοις
3720 895 3806 948 οὗ·

2241 1002 2347 1051 σιν,
2375 990 2727 1057 ἐπιφοιτήσαι
2756 988 2816 1039 τὸ
2844 986 3086 1057 καθαρὸν
3114 988 3247 1057 ὑμῖν
3285 986 3508 1057 πνεῦμα
3552 991 3649 1041 καὶ
3682 991 3808 1040 ἔνοι-

2239 1081 2433 1149 κῆσαι,
2463 1082 2557 1132 καὶ
2582 1080 2675 1132 τοῦ
2709 1079 2987 1147 ἁγιασμοῦ
3022 1079 3187 1133 αὑτοῦ
3205 1079 3300 1131 καὶ
3330 1083 3430 1148 τῆς
3464 1080 3700 1141 εὐωδίας
3717 1079 3806 1147 τὴν

2237 1174 2417 1244 ψυχὴν
2462 1174 2767 1243 πληρῶσαι.
2824 1174 3071 1243 Πονηρδν
3123 1174 3281 1244 ὀργὴ,
3318 1174 3413 1225 καὶ
3465 1174 3661 1240 θυμὸς,
3717 1172 3805 1225 καὶ

2240 1266 2296 1318 εί
2318 1283 2368 1318 τι
2397 1266 2524 1319 ἄλλο
2553 1265 2812 1334 βλάπτειν
2842 1265 2904 1317 τὸ
2931 1265 3251 1333 φιλάδελφον
3277 1264 3528 1315 δύναται’
3569 1265 3699 1331 ὑμῖν
3734 1264 3807 1325 δὲ,

2240 1360 2378 1413 ἀλλὰ
2409 1358 2573 1411 παντὶ
2598 1360 2782 1427 τρόπῳ
2812 1357 3209 1426 περιποιείσθω
3236 1356 3295 1407 τὸ
3332 1355 3616 1424 εἰρηνικόν
3640 1371 3695 1406 τε
3720 1356 3808 1405 καὶ

2238 1452 2468 1523 ἥμερον.
2519 1449 2583 1503 Εἰ
2636 1449 2690 1503 δὲ
2723 1450 2813 1501 καὶ
2841 1447 3081 1517 συμϐαίη
3117 1447 3247 1499 ποτὲ
3295 1446 3542 1515 ἀλλήλων
3606 1446 3806 1514 μεταξῦ

2244 1544 2565 1598 σκάνδαλον·
2610 1543 2686 1614 μὴ
2721 1542 2988 1595 ἐπιδυέτω
3010 1542 3138 1610 ύμῖν
3173 1542 3199 1592 ό
3232 1541 3406 1610 ἣλιος,
3430 1540 3610 1600 οὕτως
3644 1543 3809 1607 ἀφεγ-

2242 1637 2353 1703 γῶς
2380 1636 2595 1704 ἔχουσιν
2649 1636 2713 1687 ἐκ
2769 1634 2864 1686 τοῦ
2913 1634 3135 1702 μίσους.
3173 1632 3314 1687 Ἀλλ’
3365 1631 3703 1701 ἀνακλητέον
3742 1632 3809 1693 ὡς

2243 1722 2354 1778 οἷόν
2394 1743 2449 1777 τε
2479 1724 2780 1786 σπουδαίως
2808 1725 2985 1793 τὸτῆς
3018 1725 3237 1793 ἀγάπης
3262 1724 3446 1785 καλὸν,
3481 1724 3554 1785 ὡς
3592 1725 3662 1791 μὴ
3700 1722 3810 1787 ἐξὸν

2244 1820 2433 1875 τούτου
2475 1818 2663 1889 χωρὶς,
2699 1817 2788 1868 τὸν
2812 1816 3001 1885 νοητὸν
3052 1816 3179 1867 ίδεῑν
3210 1816 3382 1884 ἧλιον.
3408 1814 3620 1866 ᾧαύλου
3643 1815 3697 1867 δὲ
3724 1814 3808 1863 λο-

2248 1913 2448 1983 γισμοῦ
2482 1917 2597 1975 ταῖς
2632 1911 2923 1980 ὑμετέραις
2955 1908 3313 1977 ὲνσπαρέντος
3362 1906 3586 1974 ψυχαῖς,
3621 1907 3811 1972 ἐπιμε-

2249 2009 2335 2068 λὲς
2368 2008 2495 2075 ὑμῖν
2526 2005 2759 2071 γινέσθω
2807 2004 2992 2071 τάχιον
3026 2000 3184 2055 αὑτὸν
3214 1998 3461 2066 ἐξωθεῖν.
3496 1998 3655 2051 Οὕτω
3711 2000 3811 2065 γὰρ

2248 2101 2619 2168 εὐχερεστέρῳ
2661 2099 2795 2165 πρὸς
2825 2097 2923 2157 τὴν
2964 2095 3191 2164 ἐκϐολὴν
3225 2094 3522 2162 χρήσεσθε,
3560 2092 3653 2143 καὶ
3709 2091 3811 2156 γὰρ

2248 2196 2463 2262 ὅσῳπερ
2494 2194 2561 2244 ἂν
2610 2190 2769 2241 πλέον
2815 2188 3152 2256 παραμένειν
3211 2183 3365 2253 ὲῷτο,
3429 2181 3670 2247 τοσούτῳ
3725 2180 3815 2231 καὶ

2255 2285 2469 2337 πλείονα
2512 2281 2737 2347 παρέξει
2798 2279 2864 2331 τὰ
2897 2277 3194 2346 πράγματα
3242 2273 3335 2325 καὶ
3400 2270 3816 2340 δυσμαχώτερος

2250 2377 2400 2429 ἔσται
2428 2376 2504 2444 τῷ
2537 2370 3014 2439 καταγωνίσασθαι
3042 2366 3367 2436 βουλομένῳ.
3401 2364 3473 2419 ’Ὀ
3486 2364 3588 2415 πλα
3617 2364 3805 2428 ὃὲύμῖν

2252 2470 2393 2524 ἔστω
2426 2471 2559 2539 πρὸς
2582 2469 2673 2520 τὸν
2705 2464 2868 2519 αὐτοῦ
2902 2464 3157 2531 πόλεμον,
3210 2462 3457 2527 νηστεία,
3524 2453 3813 2525 προσευχὴ,

2252 2564 2483 2631 δάκρυα,
2525 2561 2713 2628 μνήμη
2739 2573 2796 2607 τε
2830 2555 3061 2607 θανάτου
3098 2550 3190 2602 καὶ
3214 2549 3459 2615 γεέννης,
3498 2551 3594 2598 καὶ
3615 2545 3671 2596 τὶ,
3687 2544 3817 2594 παν-

2251 2671 2356 2706 των
2382 2648 2731 2720 ἰσχυρότατόν
2763 2663 2820 2699 τε
2852 2646 2942 2698 καὶ
2974 2641 3348 2712 φοϐερώτατον
3405 2638 3521 2697 τοῖς
3591 2634 3812 2702 ἐχθροῖς,

2258 2750 2291 2814 ὴ
2354 2743 2597 2814 μακαρία
2632 2741 2978 2798 ταπείνωσις,
3033 2730 3302 2800 ἀσφάλεια
3343 2729 3401 2780 δὲ
3450 2726 3590 2795 πρὸς
3620 2726 3678 2776 τὸ
3720 2739 3817 2791 μη-

2252 2837 2419 2899 δόλως
2468 2836 2581 2895 τοῖς
2606 2830 2865 2890 τοιούτοις
2905 2822 3226 2879 ἁλίσκεσθαι
3277 2820 3582 2886 λογισμοῖς,
3634 2816 3817 2881 αἰσθή-

2258 2945 2394 2980 σεων
2438 2923 2670 2994 φυλακὴ,
2703 2922 2796 2974 καὶ
2855 2919 2960 2989 πρό
2996 2934 3059 2983 γε
3113 2915 3221 2967 τῶν
3273 2912 3472 2971 ἄλλων,
3528 2906 3817 2976 ὀφθαλμῶν

2256 3021 2349 3071 καὶ
2378 3017 2552 3071 ὢτων.
2594 3012 2870 3066 Ἐντεῦθεν
2892 3009 2998 3077 γὰρ
3028 3006 3256 3066 ἐκείνοις
3288 3001 3462 3072 ήκαίΐ
3496 3002 3653 3069 ἡμῶν
3683 3000 3819 3049 εἰσο-

2255 3114 2363 3175 δος,
2402 3110 2491 3163 καὶ
2521 3110 2547 3160 ό
2576 3106 2664 3159 δια
2680 3104 2786 3157 τῶν
2818 3101 3052 3170 θυρίδων
3080 3096 3262 3150 εἰσιὼν
3290 3097 3425 3160 ἡμῖν
3465 3092 3719 3151 θάνατος.

2319 3204 2418 3260 1Δ’.
2441 3200 2641 3267 Κτῆμα
2674 3198 2891 3247 πάντων
2928 3189 3252 3260 τιμιώτατον
3284 3182 3399 3238 οῖδα
3428 3187 3529 3254 τὴν
3564 3182 3820 3250 ἁκτησίαν

2258 3293 2544 3353 καὶτοῦτο
2579 3287 2807 3347 πλοῦτος
2840 3283 2916 3352 τῷ
2962 3281 3174 3347 εὐγενεῖ
3221 3278 3389 3337 ὅντως
3432 3275 3530 3327 καὶ
3584 3269 3823 3336 ἀκριϐὡς

2259 3386 2552 3456 ἐλευθέρῳ,
2583 3382 2643 3433 τὸ
2674 3378 2912 3448 μηδεμιᾷ
2969 3371 3216 3425 δεδέσθαι
3247 3370 3352 3421 τῶν
3380 3366 3672 3435 παρόντων
3704 3365 3820 3414 ὲπι-

2257 3453 2460 3551 θυμία..
2508 3473 2825 3543 Ἐπιμετρεί
2859 3470 3041 3540 μέντοι
3114 3464 3212 3534 τὴν
3244 3459 3552 3528 ἀναγκαίαν
3599 3456 3677 3525 τῷ
3713 3453 3826 3505 σώ-

2263 3549 2412 3644 ματι-
2439 3571 2626 3641 χρείαν
2659 3569 2687 3617 ό
2741 3566 2880 3625 θεῖος
2920 3556 3274 3619 Ἀπόστολος·
3307 3556 3588 3623 Ἔχοντες,
3627 3549 3819 3613 λέγων,

2259 3668 2556 3733 διατροφας
2615 3660 2708 3711 καὶ
2778 3655 3140 3719 σκεπάσματα
3212 3647 3424 3707 τούτοις
3485 3640 3823 3713 ἀρκεσθησό-

2263 3732 2401 3826 μεθα
2421 3771 2435 3785 ο
2463 3752 2631 3805 δεινὸν
2662 3745 3072 3817 ὑψηλοφροσύνη
3109 3742 3201 3793 καὶ
3230 3740 3302 3799 ὡς
3333 3737 3484 3789 οὐδὲν
3535 3734 3665 3786 ἄλλο
3696 3732 3823 3783 καθ-

2260 3851 2431 3920 αιρεῖν
2504 3844 2817 3911 δυνάμενον,
2870 3839 2903 3908 ἢ
2954 3836 3162 3900 πέλευκε
3216 3831 3315 3896 μὲν
3382 3827 3461 3887 ὡς
3526 3826 3597 3879 τὰ
3661 3822 3826 3876 πολλὰ

2259 3941 2477 4007 πλούτῳ
2510 3922 2953 4005 κατορθωμάτων
2989 3925 3239 3987 ἕπεσθαι,
3275 3919 3393 3974 εἶτα
3425 3916 3678 3986 γίνεσθαι
3708 3914 3826 3967 τού-

2259 4052 2352 4086 του
2386 4030 2621 4102 χαλεπὸν
2658 4020 2852 4092 ’ἐκείνη
2906 4020 3186 4087 ναυάγιον.
3232 4012 3371 4066 Ἀλλ’
3399 4013 3602 4082 ἕστηκε
3654 4006 3826 4073 δεξιὰν

2260 4126 2393 4196 ἡμῖν
2439 4119 2735 4174 ὑποτείνων
2778 4116 2807 4167 ό
2839 4115 2979 4175 θεῖος
3012 4111 3172 4164 πάλιν
3210 4104 3562 4167 Ἀπόστολος,
3616 4103 3712 4153 καὶ
3754 4098 3824 4166 τῷ

2264 4219 2472 4289 ῥήματι
2530 4209 2730 4280 πολλὴν
2758 4208 3013 4276 παρέχων
3037 4205 3149 4265 τοῖς
3171 4194 3284 4252 ὦτα
3314 4199 3499 4267 ἔχουσι
3528 4198 3629 4264 τὴν
3657 4192 3826 4260 ἀσφά-

2260 4285 2435 4363 λειαν.
2490 4305 2548 4358 '0
2606 4302 2713 4372 γὰρ
2746 4298 2915 4353 δοκῶν
2945 4296 3188 4357 ἑστάναι,
3243 4292 3398 4359 φησὶ,
3459 4288 3706 4357 βλεπέτω
3758 4285 3827 4351 μὴ

2263 4402 2425 4468 πέσῃ.
2457 4397 2531 4448 Τὸ
2580 4393 2786 4462 κρίνειν
2827 4390 2921 4441 τὶν
2972 4384 3222 4451 ἀδελφὸν,
3267 4379 3598 4443 εὐλαϐητέον
3663 4378 3823 4442 ὁπόση

2263 4488 2796 4558 δύναμιςογέννημα
2854 4480 2963 4549 γὰρ
3016 4476 3176 4528 τοῦτο
3222 4473 3396 4542 ψυχῆς
3450 4466 3826 4539 ὑπεροπτικῶς

2275 4582 2526 4652 ἐχούσης,
2588 4579 2684 4630 καὶ
2733 4569 3077 4643 φαρισαῖκῶς
3126 4567 3219 4621 καὶ
3252 4563 3494 4618 δικαιοῦν
3526 4563 3719 4615 ἑαυτὸν
3748 4560 3826 4611 διὰ

2267 4650 2367 4742 vii;
2393 4670 2488 4724 τοῦ
2515 4668 2742 4739 πλησίον
2766 4662 3148 4733 κατακρίσεως
3177 4656 3530 4727 βουλομένου.
3576 4653 3736 4706 una
3770 4650 3826 4700 σὺ

2267 4764 2460 4817 τούτου
2511 4760 2775 4822 ἀποστὰς,
2828 4755 2879 4807 εῐ
2923 4769 3004 4805 σοι
3072 4750 3224 4815 ςίλον
3278 4746 3503 4812 κρίνειν,
3564 4745 3830 4810 ἐγγύτατα

2274 4850 2498 4904 σεαυτὸν
2516 4849 2674 4918 ἔχων,
2701 4846 2773 4916 μὴ
2790 4844 3055 4903 διαλίποις
3075 4841 3195 4892 ὅσαι
3222 4837 3426 4906 ἡμέραι
3447 4834 3653 4903 κρίνων
3667 4849 3721 4884 τε
3748 4831 3831 4882 καὶ

2270 4945 2596 5012 ἀνακρίνων,
2621 4941 2715 4994 καὶ
2739 4940 2812 5002 ὡς
2852 4937 3050 5006 ἄριστα
3077 4931 3480 5003 διορθούμενος.
3538 4927 3833 4997 Πρόχειρον

2272 5040 2347 5101 εἰς
2365 5038 2519 5107 ὓϐριν
2544 5036 2777 5102 γαστὴρ,
2798 5028 2995 5083 καὶτὸν
3013 5027 3350 5096 θεραπευτὴν
3370 5024 3572 5083 ἀθλίως
3614 5019 3830 5088 ἀμειϐο-

2279 5132 2447 5198 μένη·
2490 5129 2671 5188 πόνοις
2701 5125 2757 5177 δὲ
2798 5123 3111 5190 κάμπτεται
3186 5116 3279 5168 καὶ
3322 5114 3547 5183 νηστείᾳ
3601 5111 3832 5179 δαμάζε-

2276 5220 2501 5285 ται,κα“ι
2529 5220 2603 5282 ὡς
2652 5217 2857 5288 θρασὺς
2887 5214 3074 5273 ἵππος,
3118 5209 3226 5260 τῶν
3286 5206 3538 5260 ἀτάκτων
3599 5206 3829 5271 εἴργεται

2277 5311 2685 5381 σκιρτημάτων.
2722 5308 2834 5375 Τῆς
2858 5301 3161 5372 φιλοξενίας
3195 5300 3324 5366 ὑμῖν
3350 5296 3451 5348 οὐκ
3485 5293 3829 5361 ἑπιληστέονπ

2279 5403 2577 5468 ξενίζοντες
2603 5401 2677 5465 δὲ,
2709 5400 2802 5452 καὶ
2832 5396 2958 5455 τοὺς
2992 5394 3159 5451 πόδας
3193 5387 3577 5459 μετριοπαθῶς
3604 5386 3828 5439 νίπτετε’

2277 5498 2431 5550 τοῦτο
2466 5497 2573 5565 γάρ
2624 5490 2813 5560 ἐντολὴ
2847 5485 3110 5559 Χριστοῦ,
3148 5485 3239 5535 καί
3276 5481 3492 5550 πρῶτος
3524 5478 3687 5538 αὐτὸς
3714 5473 3833 5543 δρά-

2278 5608 2395 5654 σας,
2434 5590 2568 5658 ἠμῖν
2598 5583 2816 5655 ἔχεσθαι
2850 5581 2944 5633 τού
2982 5577 3173 5647 ὁμοίου
3201 5570 3663 5644 παρεκελεύσατο.
3691 5569 3840 5619 Ἐστι·

2278 5684 2385 5753 γὰρ
2435 5683 2495 5735 οὐ
2532 5676 2919 5751 θεραπευτικὸν
2948 5670 3043 5725 τοῦ
3103 5668 3332 5738 πλησίον
3369 5665 3552 5733 μόνον,
3593 5655 3832 5714 ἀλλὰκαὶ

2278 5747 2604 5846 ιδ’χαλεπδφ
2631 5772 2844 5838 νόσημα
2874 5766 2973 5833 τῆς
3006 5762 3186 5831 ψυχῆς
3214 5760 3315 5827 τὴν
3372 5757 3571 5825 οιησιν,
3627 5751 3697 5846 ος
3722 5747 3833 5846 Aet-4

2294 5839 2423 5924 ἄλλο
2451 5885 2499 5923 τι
2542 5863 2864 5937 θεραπεύειν
2898 5858 3211 5928 δυνάμενον.
3239 5850 3419 5907 nam
3450 5850 3547 5920 μὲν
3593 5843 3679 5899 καὶ
3714 5839 3830 5896 ἄλλα
