3956 6484
220 412 327 474 917

1437 419 1617 480 VITA
1658 417 1722 477 S.
1762 417 2253 479 CHARITONIS.

3360 414 3468 485 918

217 526 313 577 τοῦ
344 524 517 594 ῥύπου
540 526 637 595 τῆς
668 528 942 598 ἁμαρτίας
1008 529 1303 601 καθᾶρσια,
1357 532 1384 583 ό
1434 532 1671 604 Ποιητής
1706 533 1791 588 καὶ

1904 534 2066 586 nimia
2095 534 2162 586 de
2194 548 2252 587 se
2287 534 2587 601 pchuasio.
2617 533 2794 603 Atque
2818 533 3025 587 multa:
3046 530 3269 602 quidem
3303 530 3468 589 etiam

224 618 420 687 Σωτὴρ
460 618 567 670 τῶν
595 620 879 691 ἡμετέρων
906 622 1092 692 ἐξεῦρε
1116 624 1321 693 ψυχῶν,
1366 619 1497 691 οἷον,
1552 626 1785 695 δάκρυα,

222 708 600 777 στενάγματα.
636 712 930 783 συντριδὴν
960 715 1206 784 καρδίας,
1249 716 1527 785 νηστείαν,
1556 733 1791 785 προσευ-

220 798 348 867 χὴν,
374 801 695 868 χαμευνίαν,
726 803 818 855 καὶ
847 804 901 855 ετ
930 822 982 857 τι
1012 805 1137 859 ἄλλο
1160 807 1451 876 φάρμακον
1481 807 1578 875 τῆς
1635 807 1791 876 φιλα-

221 888 376 952 νείας
406 891 674 944 δέδεικται
705 894 1015 961 μετανοίας.
1083 896 1223 949 Ἀλλ’
1260 898 1493 950 ἐπίπονα
1528 900 1623 952 καὶ
1688 916 1789 951 κα-

225 983 449 1053 ματηρά
472 983 670 1049 ταῦτα,
705 986 805 1038 κᾶν
834 986 1032 1053 πολλὴν
1057 989 1339 1058 παρέχωσι
1379 990 1477 1061 τὴν
1498 990 1786 1059 ὠφέλειαν.

224 1071 326 1123 Ἐν
355 1072 410 1124 δὲ
443 1070 558 1126 οἶδα
590 1075 726 1127 πάνυ
769 1076 867 1142 μὲν
904 1076 1135 1142 ἄπονον,
1170 1081 1309 1133 πάνυ
1341 1080 1397 1133 δὲ
1428 1082 1666 1149 καθᾶραι
1698 1079 1791 1151 ῥύ-

218 1175 325 1212 πον
353 1162 530 1231 ψυχῆς
558 1164 927 1233 ἰσχυρότατον.
961 1163 1027 1219 Τί
1057 1165 1216 1218 τοῦτό
1251 1169 1365 1220 ἐστι
1392 1183 1405 1230 ;
1462 1168 1539 1221 Τὸ
1569 1170 1789 1236 ἀφιέναι

217 1253 337 1313 τοῖς
364 1252 621 1304 πταίσασι
666 1254 727 1305 τὸ
758 1253 1080 1324 ἁμάρτημα.
1124 1257 1300 1325 Ὀπερ
1330 1256 1390 1308 οὐ
1449 1256 1526 1326 τῷ
1558 1257 1675 1328 Θεῷ
1701 1259 1792 1327 μό-

219 1358 314 1392 νον
357 1341 508 1408 φίλον
539 1342 676 1408 ἐστὶ,
709 1343 804 1396 καὶ
842 1342 998 1395 λύσιν
1029 1343 1124 1395 ἀπ’
1172 1344 1384 1397 ἐκείνου
1449 1343 1555 1397 τῶν
1594 1346 1791 1415 ἡμετέ-

227 1450 339 1500 ρων
371 1432 662 1500 πρεσϐεύει
697 1434 902 1499 κακῶν,
932 1434 1068 1486 ἀλλὰ
1106 1435 1200 1487 καὶ
1240 1437 1507 1506 τιμωρίας
1533 1436 1790 1500 πολλάκις

224 1524 585 1595 σφοδρότερον
626 1526 856 1579 ἅπτεται
890 1526 983 1579 τοῦ
1021 1528 1425 1598 ἡμαρτηκότος,
1458 1529 1553 1581 καὶ
1605 1529 1792 1583 δοῦλον

222 1617 345 1669 ἀντ’
384 1617 671 1686 ἐλευθέρου
710 1618 786 1687 τῷ
834 1620 1193 1687 συνεγνωκότι
1229 1623 1375 1673 ποιεῖ
1503 1621 1653 1673 δοκεῖ
1697 1620 1791 1674 καὶ

223 1710 334 1769 τοῖς
385 1707 639 1780 θύραθεν,
670 1709 999 1783 Συγγνώμη,
1030 1711 1267 1779 λέγουσι,
1296 1711 1567 1781 τιμωρίας
1612 1711 1793 1783 κρείτ-

219 1815 352 1852 των.

295 1974 399 2032 iE'.
435 1975 619 2032 Ταῦτα
641 1977 735 2031 καὶ⁸
762 1979 932 2033 πολλὰ
948 1976 1082 2034 ἄλλα
1110 1980 1337 2036 τοιαῦτα
1360 1984 1473 2047 τοῖς
1499 1988 1789 2054 φοιτηταῖς

222 2066 483 2135 εἰρηκὼς,
512 2069 878 2140 ἑπευξάμενός
902 2088 963 2125 τε
993 2071 1172 2143 ψυχῆς
1205 2074 1503 2145 σωτηρίαν,
1562 2076 1657 2129 καὶ⁵
1699 2076 1792 2128 εὖ·

221 2157 463 2228 λογήσας
504 2160 722 2229 αὐτοὺς,
755 2163 1014 2233 οὐδεμίαν
1060 2166 1215 2220 νόσου
1273 2166 1456 2221 λαϐὼν
1521 2167 1791 2237 αἴσθησιν,

221 2248 348 2301 οὐδὲ
380 2250 623 2318 ἀλγήσας
670 2268 721 2303 τι
760 2253 869 2305 τῶν
911 2256 1117 2326 μορίων
1150 2256 1243 2311 τοῦ
1280 2258 1559 2328 σώματος.
1590 2262 1793 2314 ἀναπε-

226 2340 338 2392 σὼν
372 2340 428 2393 ἐν
459 2358 565 2393 τινι
592 2342 699 2395 τῶν
749 2349 1065 2415 σκιμπόδιον
1094 2349 1262 2419 ἀνῆκε
1294 2352 1395 2420 μὲν
1442 2354 1568 2416 τοὺς
1603 2354 1791 2422 πόδας,

221 2430 405 2498 ἀφῆκε
434 2430 489 2483 δὲ
521 2432 618 2502 τὴν
650 2436 929 2506 μακαρίαν
956 2439 1156 2508 ψυχὴν,
1186 2442 1435 2512 χαίρουσι
1494 2446 1794 2518 χαίρουσαν

224 2525 340 2585 τοῖς
377 2522 603 2592 ἀγαθοῖς
653 2526 823 2596 αὐτὴν
875 2528 1152 2600 παραδοὺς
1193 2534 1469 2601 ἀγγέλοις,
1524 2539 1679 2607 χερσί
1734 2557 1793 2591 τε

218 2615 433 2681 ἁγίαις,
483 2615 673 2689 ὥσπερ
728 2619 875 2685 είκδς
908 2617 997 2693 ἦν,
1031 2622 1109 2694 τῷ
1146 2624 1313 2694 τὰφιῳ
1348 2630 1793 2697 παραπεμφθεὶς,

218 2706 307 2767 είς
349 2706 448 2777 τὴν
509 2709 741 2779 ἄληκτον
791 2713 1106 2781 μεταϐαίνει
1169 2716 1336 2786 ζωὴν,
1408 2716 1537 2773 ἔνθα
1584 2720 1794 2793 ἀπέδρα

219 2798 407 2866 ὀδύνη,
436 2800 579 2868 λύπη
616 2803 711 2856 καὶ
749 2807 1092 2876 στεναγμός·
1125 2808 1252 2863 ἔνθα
1304 2812 1599 2880 πρόσωπον
1661 2814 1795 2885 πρὸς

224 2889 542 2959 πρόσωπον,
609 2896 719 2957 τοῖς
755 2896 1015 2966 καθαροῖς
1039 2899 1138 2971 τὴν
1171 2903 1419 2971 καρδίαν,
1463 2904 1620 2974 ὴτῆς
1646 2904 1793 2970 Θείας

222 2983 458 3052 Τριόιδος
511 2985 781 3054 ἐμφάνεια
814 2987 1058 3057 γίνεταν
1108 2991 1238 3044 ἔνθα
1298 2996 1653 3065 παράκλησις
1702 2997 1796 3049 καὶ

220 3075 556 3141 ἀνάπαυσις,
596 3079 709 3142 τοῖς
739 3080 816 3151 τῷ
845 3080 991 3152 καλῷ
1022 3084 1457 3157 προσιδρὼσασιν
1486 3088 1794 3157 ἀμπελῶνι,

221 3166 321 3217 καὶ
360 3166 458 3233 τὴν
510 3166 765 3224 ἐπίπονον
808 3174 904 3226 καὶ
951 3179 1210 3245 τραχεῖαν
1248 3178 1346 3241 τῆς
1396 3180 1599 3250 ἀρετῆς
1647 3181 1795 3234 6δεὺ-

223 3274 375 3311 σασι.
399 3259 544 3332 Πλὴν
576 3264 711 3317 ἀλλὰ
746 3265 987 3320 τοιοῦτον
1019 3269 1119 3335 μὲν
1144 3267 1267 3338 ἔσχε
1299 3271 1557 3340 Χαρίτων
1590 3273 1651 3326 τὸ
1694 3275 1792 3342 τῆς

220 3352 370 3420 ζωῆς
394 3353 565 3419 τέλος,
598 3356 696 3409 οὐκ
753 3357 945 3426 ἄδηλον
993 3358 1071 3424 δὲ,
1111 3359 1231 3412 οὐδὲ
1272 3360 1377 3432 πρὸ
1414 3361 1506 3415 τοῦ
1562 3362 1790 3417 θανάτου

220 3443 395 3512 μηδὲν
424 3460 485 3496 πε
496 3447 549 3515 pl
572 3446 763 3500 τούτου
803 3450 1073 3520 προγνούς
1091 3453 1265 3507 τεκαὶ
1287 3452 1789 3527 προφθεγξάμενος,

216 3536 415 3605 ὥσπερ
443 3537 542 3609 ἤδη
593 3542 687 3594 καὶ
722 3540 1027 3612 φθάσαντες
1058 3546 1440 3617 ἐγνωρίσαμεν
1466 3562 1480 3578 °
1509 3547 1645 3602 ἀλλά
1696 3552 1793 3602 καὶ

219 3630 352 3698 περὶ
378 3631 568 3694 αὑτοῦ,
616 3633 710 3684 καὶ
750 3633 846 3685 τοῦ
886 3635 1174 3702 μέλλοντος
1224 3638 1580 3707 ἐκταράττειν
1628 3641 1789 3693 σάλου

215 3722 321 3782 τὰς
342 3721 638 3789 ἐκκλησίας
663 3725 1000 3795 προμυηθεὶς
1023 3728 1417 3799 ἀκριϐέστατα.

291 3810 410 3878 lq'.
435 3814 574 3868 Ὅσα
605 3815 807 3880 τοίνυν,
843 3819 1137 3890 ἀγαπητοὶ,
1160 3820 1269 3873 τῶν
1296 3822 1508 3877 ἐκείνου
1541 3821 1791 3892 πρηὶξεων

217 3907 315 3958 καὶ
357 3904 673 3977 θαυμάτων,
739 3909 932 3976 χρόνον
966 3926 1025 3961 τε
1066 3914 1161 3963 καὶ
1205 3912 1376 3982 λήθην
1409 3914 1649 3985 ἠδυνήθη
1679 3916 1763 3967 δια

217 4000 436 4065 φυγεῖν,
468 3990 638 4049 ταῦτα
682 3999 993 4067 φιλοκάλοις
1042 4002 1196 4073 ὑμῶν
1243 4004 1433 4068 ἀκοαῖς
1485 4006 1789 4077 παραδεδώο

217 4106 421 4156 καμεν.
456 4089 591 4142 Οὐδὲ
624 4090 733 4162 γὰρ
771 4092 952 4162 ὀλίγον
981 4095 1042 4149 τὸ
1095 4095 1300 4165 μεταξὺ
1361 4096 1463 4167 τῆς
1515 4098 1790 4171 Αὐρηλια-

218 4177 315 4233 νοῦ
354 4179 633 4249 βασιλείας
699 4183 795 4237 καὶ
840 4187 1004 4256 μέχρι
1045 4188 1288 4259 τήμερον
1339 4188 1432 4243 τοῦ
1465 4190 1658 4261 χρόνου
1681 4190 1793 4247 διά·

218 4288 431 4342 στημα.
478 4273 631 4327 Ἐπεὶ
689 4278 781 4329 καὶ
837 4279 970 4348 παρ’
1016 4279 1230 4345 οὐδενὸς
1275 4282 1426 4351 ονζδέν
1498 4285 1789 4354 ἐγγράφως

216 4365 585 4434 καταλειφθὲν
619 4369 777 4436 ἡμεῖς
815 4370 1223 4439 παρελάϐομεν,
1258 4374 1323 4424 ἐκ
1374 4372 1469 4425 τοῦ
1503 4375 1789 4439 σπανίζειν

213 4457 310 4507 τὸν
360 4457 480 4508 τότε
521 4458 731 4526 χρόνον,
756 4458 815 4509 οὐ
847 4460 1098 4531 μοναχῶν
1153 4464 1337 4532 μόνον,
1360 4462 1495 4516 ἀλλὰ
1530 4466 1624 4518 καὶ
1656 4468 1789 4539 Χρι-

218 4548 458 4601 στιανῶν
506 4550 693 4615 ἁπλῶς
752 4554 845 4606 καὶ
894 4554 975 4625 τῷ
1038 4558 1179 4623 quasi
1227 4560 1645 4626 σημειωθέντων
1693 4563 1791 4632 τῆς
1825 4591 1867 4644 D

216 4639 596 4705 ἐπιγνώσεως,
640 4644 776 4711 πρὸς
796 4644 851 4695 δὲ
878 4646 972 4697 καὶ
1007 4647 1186 4698 αὐτῶν
1214 4650 1323 4699 τῶν
1349 4648 1521 4703 όντων
1570 4652 1792 4705 κλονου-

221 4729 406 4798 μένων
438 4730 779 4802 καθεκάστην
808 4736 919 4797 τοῖς
960 4734 1220 4805 διωγμοῖς
1239 4776 1253 4791 .
1303 4736 1521 4792 Ἐκεῖνα
1552 4739 1609 4792 δέ
1630 4740 1790 4805 εἰσιν,

214 4816 295 4876 ὧν
340 4826 505 4893 ἡμεῖς
567 4824 805 4880 ἐνταῦθα
853 4828 953 4898 τὴν
1016 4830 1238 4900 μνήμην
1293 4831 1698 4902 ἐποιησάμεθα,
1761 4833 1797 4887 δι

218 4915 499 4980 θεοφιλεῖς
526 4917 719 4987 ἄνδρες
767 4920 859 4972 καὶ
887 4921 1229 4992 φιλαλήθεις,
1272 4928 1401 4988 παίς
1423 4926 1571 4997 παρὰ
1591 4930 1795 4998 πατρὶς

217 5008 442 5074 παραλα
453 5006 690 5075 μσάνων,
708 5013 1021 5081 σωματικοῦ
1037 5030 1117 5081 τε,
1137 5016 1300 5085 φημὶ,
1318 5016 1410 5070 καὶ
1427 5017 1795 5087 πνευματικοῦ

219 5098 395 5168 μέχρι
434 5100 551 5151 ’καὶ
611 5100 768 5171 ἡμῶν
830 5101 1180 5158 διεσώσαντο⁶
1237 5107 1317 5170 εἰς
1380 5107 1537 5172 δόξαν
1587 5109 1797 5178 Πατρὺς

218 5190 315 5243 καὶ
345 5189 475 5241 Υἱοῦ
505 5195 597 5246 καὶ
633 5195 785 5261 ἁγίου
828 5195 1160 5265 Πνεύματος,
1188 5197 1285 5267 τῆς
1313 5200 1440 5264 μιᾶς
1478 5199 1568 5251 καὶ
1600 5201 1796 5268 όμοον-

217 5287 339 5340 σίου
389 5284 676 5354 Θεότητος,
794 5286 996 5355 πρέπει
1037 5290 1187 5342 πᾶσα
1229 5288 1384 5357 δόξα,
1439 5292 1575 5363 τιμή
1610 5308 1669 5344 τε
1706 5294 1797 5346 καὶ

217 5379 598 5445 προσκύνησις
642 5376 736 5429 νῦν
762 5380 855 5432 καὶ
890 5378 975 5432 ἀεὶ
1010 5381 1105 5433 καὶ
1132 5382 1210 5445 εἰς
1249 5384 1370 5445 τοὺς
1410 5382 1794 5453 ἀτελευτήτους

218 5466 421 5535 αἰῶνας
448 5468 556 5523 τῶν
610 5467 833 5529 αίὼνων,
877 5471 1068 5544 Ἀμήν.

1896 624 2028 676 alias
2058 624 2262 691 peccati
2289 623 2531 677 sordium
2568 624 2912 692 expiationes
2937 623 3144 677 invenit
3163 621 3395 677 Greater
3412 630 3470 676 et

1899 714 2151 768 Salvator
2209 723 2521 768 nostrarum
2575 715 2907 777 animarum,
2948 722 3141 781 utpote
3181 712 3468 781 lacrymas,

1895 804 2150 875 gemitus.
2186 804 2368 858 cordis
2414 804 2828 868 contritionem,
2861 804 3157 874 jejunium,
3197 802 3468 871 precatio-

1895 912 2042 960 nem,
2071 896 2221 949 humi
2246 896 2617 960 eubatiouetn,
2650 906 2705 949 et
2728 896 2773 949 si
2808 894 2953 964 quod
3001 904 3085 949 est
3117 893 3258 946 aliud
3295 892 3468 946 medi-

1896 995 2202 1041 camentum
2252 986 2497 1055 benignae
2545 988 2897 1055 poenitentiae.
2932 985 3039 1041 Sed
3079 983 3312 1039 diliicilia
3339 991 3467 1037 sunt

1898 1076 2012 1130 ham
2036 1084 2091 1129 ct
2116 1075 2404 1139 laboriosa,
2455 1076 2666 1130 etiamsi
2706 1076 2927 1129 multam
2956 1076 3237 1145 pmbeant
3265 1074 3467 1128 utilita-

1899 1176 2027 1222 tem.
2062 1165 2243 1221 Unum
2262 1177 2440 1219 autem
2471 1166 2619 1230 novi,
2649 1167 2794 1234 quod
2826 1176 2909 1221 est
2933 1166 3221 1221 admodum
3245 1164 3463 1232 quidem

1895 1272 2089 1326 expers
2122 1258 2340 1322 laboris,
2381 1258 2448 1312 ad
2475 1257 2785 1329 purgandas
2825 1269 3010 1312 autem
3040 1258 3234 1311 anima:
3272 1257 3469 1311 sordes

1895 1356 1980 1403 est
2028 1352 2444 1406 validissimum.
2472 1351 2613 1417 Quid
2641 1352 2740 1406 hoc
2762 1350 2881 1405 est?
2907 1350 2976 1404 iis
3007 1355 3098 1418 qui
3116 1350 3463 1419 delinquunt,

1895 1448 2115 1509 peccata
2148 1441 2445 1497 dimittere.
2470 1441 2623 1507 Quod
2643 1441 2861 1511 quidem
2898 1456 3006 1495 non
3037 1449 3117 1495 est
3145 1440 3319 1495 solum
3357 1439 3467 1493 Deo

1896 1542 2134 1601 gratum,
2166 1542 2223 1586 et
2248 1543 2564 1587 nostrorum
2591 1534 2858 1587 malorum
2901 1533 2968 1587 ab
3001 1546 3065 1586 eo
3092 1540 3281 1585 exurat
3310 1529 3467 1584 solu-

1900 1622 2123 1685 tionem,
2160 1623 2254 1676 sed
2287 1622 2451 1676 etiam
2486 1622 2753 1693 supplicio
2792 1638 2935 1692 saepe
2972 1620 3349 1677 vehementius
3380 1629 3465 1673 at-

1900 1711 2058 1782 tingit
2087 1727 2233 1775 cum,
2265 1713 2358 1783 qui
2389 1713 2655 1781 peccavit,
2691 1721 2745 1765 et
2775 1728 2871 1782 pro
2890 1712 3059 1767 libero
3094 1712 3223 1767 facit
3248 1728 3466 1766 servum

1898 1804 1969 1869 ei,
2002 1804 2094 1873 qui
2152 1804 2396 1874 ignovit:
2428 1803 2704 1873 quomodo
2735 1803 2900 1858 etiam
2954 1803 3191 1867 videtur,
3227 1802 3467 1858 externis

1824 1887 1866 1942 Β
1894 1896 2238 1952 dicentibus:
2276 1896 2369 1951 Est
2398 1895 2556 1951 venia
2592 1894 2861 1965 supplicio
2894 1896 3188 1965 potentior.

1965 1986 2076 2041 XV.
2113 1986 2248 2041 Cum
2300 1986 2416 2041 hac
2461 1994 2517 2039 et
2564 1985 2731 2039 multa
2772 1984 2877 2039 alia
2923 1982 3190 2054 ejusmodi
3246 1982 3468 2038 dixisset

1892 2075 2199 2144 discipulis,
2223 2086 2277 2129 et
2312 2085 2567 2145 precatus
2607 2084 2757 2129 esset
2798 2074 3028 2127 salutem
3061 2074 3279 2135 animae,
3302 2082 3356 2126 et
3387 2073 3467 2126 eis

1892 2167 2285 2233 benedixisset,
2317 2166 2527 2221 nullum
2559 2174 2741 2219 autem
2791 2166 3096 2235 accepisset
3129 2163 3305 2219 morbi
3340 2178 3469 2217 sen~

1893 2270 2036 2321 sum,
2070 2271 2248 2326 neque
2281 2256 2515 2325 partium
2552 2256 2797 2325 corporis
2824 2256 2991 2309 ullum
3024 2254 3285 2308 sensisset
3316 2254 3471 2306 dolo~

1896 2365 2037 2414 rem,
2075 2350 2127 2402 in
2156 2350 2392 2418 quodam
2431 2349 2575 2403 lecto
2620 2348 2969 2409 accumbens,
3003 2346 3215 2400 remisit
3244 2344 3466 2412 quidem

1895 2437 2082 2507 pedes,
2108 2436 2289 2491 emisit
2334 2447 2517 2491 autem
2557 2435 2773 2490 beatam
2819 2449 3033 2506 quoque
3078 2432 3340 2496 animam,
3374 2430 3464 2485 lae-

1897 2528 2135 2581 tantibus
2187 2527 2362 2583 laetam
2396 2542 2514 2580 eam
2571 2526 2791 2580 tradens
2834 2525 3066 2594 angelis;
3106 2524 3466 2592 manibusque

1894 2619 2120 2682 sanctis,
2160 2627 2217 2673 ut
2266 2634 2361 2686 par
2419 2626 2557 2683 erat,
2593 2615 2879 2671 mandatus
2924 2616 3238 2685 sepulturae,
3271 2614 3469 2667 transit

1893 2708 1960 2762 ad
1989 2709 2174 2773 vitam,
2206 2725 2326 2778 qua:
2355 2725 2630 2778 nunquam
2656 2709 2876 2764 desinit.
2922 2709 3042 2775 Quo
3071 2708 3122 2762 iu
3159 2707 3279 2761 loco
3310 2704 3469 2759 aufu-

1894 2800 1969 2871 git
1996 2800 2173 2863 dolor,
2197 2799 2451 2855 molestia
2474 2812 2529 2854 et
2556 2800 2812 2871 gemitus.
2846 2800 2966 2865 Quo
2998 2801 3053 2853 in
3078 2800 3195 2853 loco
3225 2799 3363 2852 facie
3398 2798 3467 2851 ad

1896 2891 2091 2946 faciem
2121 2890 2210 2955 iis,
2236 2892 2326 2961 qui
2367 2901 2495 2946 sunt
2547 2890 2753 2945 mundo
2797 2888 2982 2956 corde,
3009 2888 3252 2943 cernitur
3280 2887 3466 2941 divina

1896 2982 2154 3037 Trinitas.
2184 2982 2303 3049 Quo
2341 2986 2393 3039 in
2417 2985 2538 3041 loco
2569 2994 2652 3040 est
2674 2983 2859 3038 laetitia
2877 2992 2932 3037 et
2963 2980 3253 3038 exsultatio
3281 2978 3469 3033 ineffa-

1895 3076 2040 3132 bilis.
2076 3076 2196 3143 Quo
2227 3079 2278 3131 in
2308 3079 2428 3133 loco
2459 3089 2542 3132 est
2568 3079 2867 3133 consolatio
2900 3083 2954 3132 et
2987 3076 3204 3144 requies
3252 3074 3338 3137 iis,
3371 3072 3465 3140 qui

1899 3166 1953 3221 in
2009 3168 2237 3237 pulchra
2282 3170 2619 3223 sudaverunt
2662 3168 2841 3233 vinea,
2873 3177 2928 3222 et
2961 3166 3189 3238 ingressi
3225 3171 3353 3219 sunt
3387 3164 3465 3217 la-

1900 3259 2178 3314 boriosum
2212 3270 2265 3314 et
2300 3275 2553 3330 asperum
2604 3261 2709 3316 iter
2738 3259 2976 3315 virtutis.
3009 3256 3118 3313 Sed
3159 3257 3319 3311 talem
3349 3254 3468 3326 qui-

1898 3348 2022 3401 dem
2073 3348 2263 3403 habuit
2327 3352 2447 3404 vita:
2484 3352 2687 3405 exitum
2735 3350 3017 3415 Cbariton,
3044 3364 3151 3402 non
3199 3348 3290 3417 qui
3340 3358 3465 3401 ante

1898 3450 2131 3495 mortem
2172 3441 2304 3497 nihil
2357 3442 2739 3513 praescivisset,
2786 3451 2881 3496 aut
2932 3441 3286 3513 praedixisset,
3322 3438 3465 3492 sicut

1898 3535 2053 3604 prius
2091 3535 2329 3590 diximus
2371 3554 2383 3589 :
2415 3538 2511 3592 sed
2554 3538 2618 3593 de
2649 3552 2734 3603 ea,
2766 3546 2819 3591 et
2862 3536 2930 3590 de
2971 3544 3311 3604 tempestate,
3345 3547 3465 3601 quae

1898 3633 2014 3676 erat
2047 3636 2301 3679 vexatura
2332 3627 2623 3695 Ecclesias,
2650 3626 3056 3684 accuratissime
3084 3624 3466 3697 signiﬁcasset.

1968 3822 2107 3878 XVI.
2136 3821 2485 3894 Quaecunque
2527 3838 2680 3895 ergo,
2712 3838 2744 3878 o
2774 3822 2982 3887 dilecti,
3014 3837 3079 3877 ex
3123 3822 3269 3875 illius
3312 3818 3469 3873 factis

1899 3923 1953 3968 et
1989 3915 2282 3977 miraculis,
2317 3926 2528 3986 tempus
2556 3925 2611 3971 et
2644 3916 2971 3970 oblivionem
3002 3919 3297 3985 potuerunt
3330 3911 3468 3967 ellu-

1898 4020 2044 4075 gere,
2081 4021 2142 4057 ea
2172 4006 2430 4060 studiosis
2463 4008 2656 4060 vestris
2703 4008 2929 4061 auribus
2976 4004 3317 4061 tradidimus.
3363 4000 3468 4055 Ne-

1896 4112 2003 4167 que
2065 4097 2212 4153 enim
2262 4097 2609 4153 intervallum
2664 4098 2935 4154 modicqu
2989 4097 3130 4152 inter
3182 4084 3466 4151 Aureliani

1899 4190 2185 4259 imperium
2244 4200 2299 4245 et
2342 4192 2446 4245 hoc
2495 4200 2709 4261 tempus
2761 4191 3067 4247 intercedit.
3106 4188 3215 4243 Nos
3256 4187 3401 4243 enim
3434 4202 3466 4241 a

1898 4282 2048 4336 nullo
2089 4281 2306 4350 scriptis
2348 4283 2641 4352 quidquam
2692 4282 3005 4336 mandatum
3054 4281 3366 4351 accepimus
3400 4295 3465 4334 ex

1898 4373 2021 4437 hoc,
2055 4374 2199 4445 quod
2230 4388 2295 4429 eo
2330 4383 2575 4444 tempore
2604 4384 2791 4429 essent
2823 4374 2975 4443 pauci
3003 4388 3113 4428 non
3140 4372 3315 4428 solum
3344 4387 3463 4425 mo-

1896 4467 2081 4529 nachi,
2114 4466 2209 4522 sed
2239 4467 2401 4520 etiam
2446 4466 2672 4521 omnino
2714 4466 3034 4532 Christiani,
3065 4476 3119 4520 et
3153 4460 3244 4534 qui
3277 4470 3465 4519 essent

1896 4562 2092 4632 signati
2133 4561 2251 4615 luce
2297 4561 2625 4629 cognitionis
2659 4577 2672 4610 :
2706 4558 2740 4611 ii
2775 4568 2978 4622 autem,
3010 4557 3101 4625 qui
3139 4563 3315 4619 erant,
3350 4554 3461 4623 agi-

1896 4656 2149 4706 tabantur
2203 4650 2533 4719 quotidianis
2580 4646 3076 4721 persecutionibus.
3132 4645 3229 4699 llla
3279 4650 3461 4697 autem

1895 4753 2043 4808 sunt,
2076 4757 2304 4813 quorum
2343 4741 2432 4797 hic
2457 4741 2685 4796 fecimus
2721 4740 3078 4803 mentionem,
3109 4752 3227 4808 qua:
3261 4735 3362 4789 viri
3389 4734 3462 4804 pii

1896 4848 1952 4893 et
1976 4837 2213 4893 veritatis
2255 4845 2550 4899 amatores,
2588 4834 2731 4888 ﬁlius
2764 4848 2792 4887 a
2836 4840 2989 4903 patre
3018 4828 3314 4901 accipiens,
3342 4841 3464 4882 cor-

1898 4928 2091 4999 porali,
2121 4928 2362 4994 inquam,
2386 4936 2444 4980 et
2479 4924 2730 4995 spiritali,
2759 4930 3156 4979 conservarunt
3181 4918 3247 4973 ad
3275 4926 3459 4972 nostra

1899 5034 2067 5089 usque
2091 5028 2336 5088 tempora
2372 5034 2387 5071 :
2432 5016 2498 5071 ad
2525 5016 2750 5087 gloriam
2788 5014 2982 5078 Patris,
3015 5021 3072 5068 et
3105 5011 3227 5065 Filii
3257 5019 3313 5064 et
3333 5007 3460 5079 Spi-

1896 5112 2033 5167 ritus
2057 5113 2255 5174 sancti,
2288 5112 2449 5164 unius
2477 5118 2532 5164 et
2557 5109 2801 5179 ejusdem
2832 5105 3081 5161 essentia:
3109 5100 3416 5156 Divinitatis
3443 5114 3457 5152 :

1895 5218 2056 5271 quant
2087 5201 2244 5256 decet
2272 5203 2450 5253 omnis
2480 5199 2667 5267 gloria,
2707 5199 2897 5263 honor,
2927 5204 2981 5252 et
3012 5191 3257 5250 adoratio
3288 5202 3458 5255 nunc,

1896 5303 1950 5350 et
1990 5298 2041 5349 in
2076 5295 2268 5350 saecula
2300 5292 2643 5349 saeculorum.
2676 5290 2870 5347 Amen.
