3956 6442
615 367 720 428 923

1824 377 2107 437 MENSIS
2144 380 2610 444 SEPTEMBER.

3751 392 3840 456 9‘24

603 491 1012 545 monasterium,
1053 482 1163 552 jam
1193 485 1261 539 ab
1294 485 1385 541 illo
1418 502 1583 557 prope
1612 499 1853 543 sanctam
1888 490 2161 543 civitatem

2294 496 2428 561 ιγίας
2472 497 2674 559 πόλεως
2717 495 2854 548 Σιὼν
2907 501 3197 566 περιφανεῖ
3247 502 3621 573 μσναστηρίῳ,
3674 521 3841 572 παρα-

603 568 736 626 Sion
792 583 1190 640 constructum,
1248 576 1597 646 ltyemasset,
1652 580 1871 648 majoris
1918 594 2165 634 secessus

602 662 879 718 desiderio
940 666 1244 732 premitur;
1298 678 1467 736 utque
1526 668 1696 735 ipsam
1758 670 2165 723 nancisceretur

601 755 976 820 solitudinem,
1044 756 1262 827 illicque
1314 758 1665 827 consisteret,
1715 776 1877 816 omne
1928 764 2170 833 ponebat

600 847 865 901 studium.

669 936 805 989 Cum
858 937 926 990 de
976 936 1165 990 divino
1222 937 1402 1006 itaque
1450 937 1745 1009 Euthymio
1801 938 1870 992 ab
1917 940 2173 993 omnibus

603 1025 717 1079 fere
742 1026 1034 1080 doceretur
1060 1030 1215 1094 (eum
1244 1029 1387 1082 enim
1410 1030 1581 1083 virtus
1606 1030 1807 1098 ubique
1834 1030 2166 1098 indicabat),

604 1119 959 1172 vehementer
1012 1120 1330 1187 capiebatur
1382 1136 1567 1175 amore
1622 1122 1741 1190 ejus
1788 1123 2170 1177 conveniendi.

607 1209 796 1277 Itaque
844 1225 1095 1279 magnum
1149 1211 1492 1281 Eustorgiuni
1525 1213 1723 1266 obnixe
1757 1221 1929 1281 rogat,
1968 1222 2025 1267 ut
2056 1216 2173 1285 ejus

606 1302 861 1371 dignatus
896 1302 1156 1371 precibus
1188 1318 1309 1356 cum
1342 1319 1475 1373 pace
1504 1304 1895 1358 dimitteretur.

676 1475 837 1541 Quod
887 1492 1008 1531 cum
1040 1490 1231 1535 nactus
1274 1481 1488 1543 fuisset,
1534 1482 1599 1535 ad
1641 1482 1873 1535 Lauram
1912 1482 2176 1536 mirabilis

618 1566 895 1637 Enthymii
943 1570 1235 1632 accedens.
1282 1571 1516 1638 hospitio
1561 1573 1830 1641 excipitur
1877 1588 1907 1625 a
1941 1574 2176 1642 quodam

604 1658 855 1710 Anatolio
886 1659 1219 1727 presbytero,
1250 1670 1303 1713 et
1331 1660 1577 1729 Olympio
1603 1662 1891 1725 monacho,
1918 1661 2180 1717 fratribus

605 1747 826 1815 quidem
877 1763 1100 1816 genere,
1133 1753 1302 1818 patria
1354 1762 1536 1805 autem
1572 1753 1872 1809 Corinthiis
1903 1772 1915 1806 :
1949 1771 2182 1823 cumque

2267 589 2605 657 χειμάσαντα
2656 590 2746 642 τὸν
2791 590 3065 659 κυριακὸν
3119 592 3360 656 πλείονος
3415 596 3650 664 ἡσυχίας
3692 598 3840 658 πόθος

2268 682 2415 750 αίρεῖ
2442 698 2454 711 ·
2493 682 2586 733 καὶ
2625 681 2765 734 ὥστε
2806 683 2903 749 τὴν
2942 682 3150 751 ἔρημον
3184 685 3350 754 αὐτὴν
3388 686 3726 740 καταλαϐεῖν
3758 691 3839 741 καὶ

2268 771 2393 839 τῇδε
2425 770 2669 837 οίκῆσαι,
2705 771 2938 841 σπουδὴν
2970 771 3178 826 ἐτίθετο
3216 777 3424 829 πᾶσαν.

2347 925 2432 977 Τὰ
2485 925 2629 978 κατά
2679 925 2769 977 τὸν
2828 925 2970 978 θεῖον
3028 926 3317 993 τοιγαροῦν
3374 926 3654 995 Εῦθῦμιον
3703 928 3840 994 παρά

2273 1016 2489 1068 πάντων
2521 1016 2703 1085 σχεδὸν
2748 1015 3154 1079 διδασκόμενος,
3182 1014 3239 1086 [ἡ
3282 1016 3459 1086 ἀρετὴν
3514 1018 3627 1086 γὰρ
3686 1020 3839 1070 αὐτὸν

2274 1110 2477 1177 ἐμήνυε
2536 1106 2838 1177 πανταχοῦ]
2889 1107 3053 1176 ἔρωτι
3117 1107 3304 1169 δεινῶς
3364 1108 3467 1176 τῆς
3509 1108 3607 1159 τοῦ
3662 1109 3839 1178 ἀνδῴς

2276 1199 2565 1267 συντυχίας
2597 1198 2845 1267 ἡλίσκετο
2873 1212 2887 1226 '
2926 1198 3018 1248 καὶ
3041 1196 3214 1248 δεῖται
3244 1197 3319 1259 ὠς
3346 1197 3577 1251 δυνατὸν
3608 1196 3702 1249 τοῦ
3752 1217 3839 1265 με·

2276 1291 2441 1360 γὰλου
2475 1290 2826 1361 Εὑστοργίου,
2859 1288 3025 1356 εὐχῆς
3056 1287 3355 1351 ἀξιωθέντα
3387 1293 3488 1359 τῆς
3519 1290 3654 1361 παρ’
3684 1288 3837 1342 αὑτοῦ

2279 1382 2395 1452 μετ’
2428 1383 2651 1451 εἰρήνης
2726 1382 3083 1451 ἀπολυθῆναι.

2350 1473 2550 1526 Τούτου
2588 1473 2651 1543 δὴ
2684 1473 2791 1541 ἄρα
2816 1475 3130 1541 γενομένου,
3159 1477 3225 1544 τῇ
3255 1472 3351 1526 τοῦ
3391 1472 3715 1540 θαυμαστοῦ
3746 1472 3842 1524 Εὑ-

2281 1565 2479 1635 θυμὶου
2530 1566 2722 1635 Λαύρᾳ
2772 1565 3067 1630 διαϐαλὼν,
3112 1567 3403 1638 Ἀνατολίῳ
3442 1569 3552 1619 τινὶ
3612 1564 3844 1634 πρεσϐυ-

2280 1661 2441 1730 τέρῳ,
2469 1659 2562 1711 καὶ
2607 1658 2888 1727 Ὀλυμπίῳ
2931 1657 3168 1727 μοναχῷ,
3188 1658 3433 1725 ἀδελφοῖς
3458 1658 3559 1726 μὲν
3582 1660 3642 1710 τὸ
3672 1658 3841 1724 γένος,

2285 1752 2589 1822 Κορινθίοις
2616 1754 2673 1803 δέ
2704 1751 2803 1819 τὴν
2847 1752 3102 1819 πατρίδα,
3143 1749 3446 1815 ξενίζεταιυ
3502 1750 3602 1801 καὶ
3658 1750 3846 1817 συχνὰς

606 1838 808 1893 multus
834 1839 948 1893 dies
972 1842 1109 1909 apud
1135 1857 1229 1896 eos
1254 1843 1505 1911 degisset,
1530 1843 1725 1898 deinde
1747 1848 1907 1898 etiam
1930 1862 2183 1916 magnum

2294 1843 2418 1913 παρ’
2441 1843 2625 1906 αὐτοῖς
2656 1844 2868 1913 ἡμέρας
2892 1842 3193 1908 διαγαγὼν,
3235 1837 3354 1893 εἶτα
3396 1841 3492 1894 καὶ
3541 1840 3636 1893 τὸν
3685 1840 3848 1907 μέγαν

606 1930 740 1983 vidit
791 1930 1160 2003 Euthymium,
1202 1941 1257 1990 et
1311 1937 1484 1989 beata:
1552 1935 1656 1989 illa).
1708 1952 1903 1990 manus
1963 1952 2177 1991 sacrum

610 2022 737 2093 ejus
774 2036 939 2095 caput
994 2028 1289 2096 tetigerunt
1324 2048 1336 2081 :
1370 2043 1473 2081 una
1514 2038 1568 2083 et
1605 2044 1727 2083 eum
1764 2030 2061 2084 monastico
2094 2030 2176 2081 in-

605 2118 839 2172 duentes
870 2120 1076 2183 habitu,
1108 2134 1210 2172 una
1248 2130 1301 2173 et
1333 2119 1384 2172 in
1419 2136 1544 2174 cum
1579 2122 1891 2176 uberiorem
1924 2136 2181 2177 vocantes

607 2207 842 2278 Spiritus
882 2211 1277 2280 operationem.

678 2389 814 2442 Eum
847 2399 1026 2443 tamen
1061 2388 1161 2442 hoc
1196 2389 1247 2441 in
1282 2389 1401 2443 loco
1435 2405 1654 2443 manere
1682 2407 1789 2443 non
1825 2391 1945 2444 sivit
1980 2391 2181 2462 Euthyo

610 2480 770 2542 mins,
806 2492 1028 2549 propter
1059 2490 1273 2534 aetatem
1311 2498 1323 2533 :
1358 2481 1511 2534 valde
1542 2481 1686 2534 enim
1719 2482 1944 2536 cavebat
1976 2484 2179 2537 imber-

614 2571 759 2627 binm
788 2582 840 2623 et
868 2572 1279 2625 adulescentum
1313 2573 1365 2625 in
1391 2588 1485 2626 sua
1512 2572 1684 2627 Laura
1714 2576 2179 2643 conversationes,

609 2675 682 2714 ne
716 2664 782 2715 ad
819 2672 1001 2730 turpes
1030 2664 1383 2733 cogitationes
1416 2666 1639 2735 reliquis
1678 2666 1959 2721 Fratribus
1998 2667 2174 2721 oﬂ‘en-

586 2742 792 2806 ‘diculo
835 2762 1038 2808 essent.
1096 2754 1203 2809 Sed
1241 2772 1362 2810 cum
1396 2772 1624 2827 magnus
1655 2758 1767 2827 jam
1816 2756 2180 2827 Theoctistus,

610 2844 678 2896 ad
732 2844 941 2908 Jesum,
1002 2861 1161 2914 quem
1223 2848 1586 2913 desiderabat,
1648 2854 1999 2916 excessisset,
2068 2854 2184 2923 ipse

610 2933 901 3001 Cyriacum
930 2936 995 2989 ad
1023 2947 1269 2991 sanctum
1302 2937 1647 2993 Gerasimum
1700 2941 1855 3009 juxta
1889 2940 2181 2996 Jordanem

615 3024 803 3077 mittit.
837 3024 971 3078 Cum
1000 3041 1130 3095 ergo
1164 3030 1405 3082 divinum
1445 3046 1633 3083 revera
1666 3046 1866 3086 munus
1896 3034 2183 3103 (Syriacum

614 3113 928 3170 Gerasimns
978 3119 1297 3186 accepisset,
1331 3131 1382 3173 et
1429 3136 1491 3174 ea
1527 3121 1675 3175 illum
1717 3134 1874 3178 atate
1915 3124 2183 3190 vidisset,

2288 1936 2558 2004 Εὐθύμιον
2587 1935 2867 1994 ἐθεάσατο,
2898 1936 2992 1985 καὶ
3030 1935 3084 1985 αί
3114 1934 3382 2002 μακάριαι
3426 1935 3612 2002 χεῖρες
3654 1932 3846 1983 ἐκεῖναι

2284 2026 2385 2094 τῆς
2450 2028 2601 2092 ἱερᾶς
2656 2023 2823 2079 αὐτοῦ
2886 2024 3095 2093 ἥψαντο
3142 2026 3406 2091 κεφαλῆς,
3459 2024 3598 2090 ὁμοῦ
3660 2024 3756 2093 μὲν
3796 2020 3848 2073 τό

2289 2117 2582 2188 μοναχικδν
2633 2116 2834 2184 ἔνδυμα
2879 2114 3339 2184 περιϐαλλόμεναι
3373 2112 3562 2165 τοῦτον
3592 2112 3785 2183 [τούτῳ
3813 2110 3848 2183 ¹]

2284 2209 2420 2273 όμοῦ
2466 2208 2523 2259 δέ
2561 2210 2653 2259 καὶ
2699 2207 3098 2277 δαψιλεστέραν
3162 2206 3251 2258 ἐπ’
3278 2203 3444 2257 αὑτὸν
3472 2203 3735 2257 καλοῦσαι
3765 2204 3847 2254 τοῦ

2290 2298 2604 2365 Πνεύματος
2626 2297 2724 2365 τὴν
2756 2299 3057 2366 ἐνέργειαν.

2357 2391 2553 2442 Μείναι
2613 2389 2792 2456 μέντοι
2838 2388 3037 2455 ὃμωςό
3064 2386 3335 2455 Εὑθύμιος
3389 2386 3584 2438 τοῦτον
3627 2382 3850 2440 ἐνταῦθα

2286 2481 2385 2533 οῦκ
2447 2481 2619 2543 εἴασε,
2651 2480 2739 2532 διὰ
2800 2483 2897 2550 τὴν
2923 2479 3139 2548 ἡλικίαν
3173 2495 3188 2509 '
3224 2478 3364 2530 πάνυ
3394 2478 3506 2548 γὰρ
3531 2474 3876 2546 ἐφυλάττετο

2286 2573 2385 2634 τὰς
2433 2573 2539 2623 τῶν
2597 2573 2857 2639 ἀγενείων
2917 2574 3011 2624 καὶ
3092 2573 3397 2642 μειρακίων
3451 2573 3509 2623 ἐν
3558 2573 3625 2639 τῇ
3692 2568 3853 2636 οἰκείᾳ

2289 2662 2464 2732 λαύρα
2512 2661 2815 2729 διατριϐὰς,
2855 2662 3003 2721 ὅπως
3036 2662 3108 2732 μὴ
3144 2661 3442 2714 aucti/6sz
3469 2677 3523 2710 τι
3550 2660 3688 2727 πρὸς
3719 2658 3854 2723 λογι-

2290 2756 2460 2822 σμοὺς
2520 2755 2756 2815 ἀτόπους
2803 2754 2909 2806 τῶν
2972 2752 3217 2820 ἀδελφῶν
3262 2754 3374 2813 τοῖς
3410 2750 3731 2811 ὑπολοίποις
3766 2748 3855 2799 ῦπ-

2290 2845 2711 2915 ἀρχοιενοάλὶά
2763 2844 2855 2897 τοῦ
2900 2844 3139 2913 μεγάλου
3198 2844 3298 2915 ἤδη
3354 2842 3689 2895 Θεοκτίστου
3734 2842 3857 2903 πρδς

2288 2934 2379 2986 τὸν
2447 2934 2781 3005 ποθούμενον
2837 2936 3248 3005 ἐκδημήσαντος
3293 2935 3531 3004 Ἰησοῦν,
3586 2935 3747 2991 αὐτὸς
3776 2935 3854 2984 τὸν

2292 3028 2571 3096 κυριακὸν
2622 3028 2760 3094 πρὸς
2809 3026 2898 3079 τὸν
2931 3030 2985 3079 ἐν
3017 3029 3193 3094 ἁγίοις
3221 3027 3562 3095 Γεράσιμον,
3600 3026 3751 3093 παρά
3775 3025 3854 3074 τὸν

2307 3118 2575 3188 Ἰορδάνην
2607 3117 2910 3183 ἐκπέμπει.
2951 3115 3023 3169 Τὸ
3054 3117 3196 3169 θεῖον
3230 3119 3407 3168 τοίνυν
3438 3119 3610 3185 γέρας
3642 3117 3716 3178 ὼς
3740 3116 3856 3183 ἀὶηο

614 3206 847 3261 coenobii
905 3208 1223 3263 ministeriis
1289 3212 1468 3281 ipsum
1508 3214 1825 3270 destinavit.
1867 3214 1956 3271 Sic
2004 3228 2184 3273 autem

2295 3208 2401 3273 θῶς
2433 3210 2460 3261 ὁ
2483 3208 2789 3278 Γεράσιμος
2835 3207 3129 3276 δεξάμενος
3177 3206 3268 3259 τὸν
3302 3208 3608 3277 κυριακὸν,
3634 3210 3729 3260 καὶ
3755 3206 3861 3274 ἠλι-

614 3301 667 3353 in
693 3316 757 3353 eo
786 3302 1122 3355 admirabilis
1155 3304 1242 3356 ille
1267 3304 1514 3375 degebat,
1546 3308 1689 3377 ligna
1725 3308 1956 3376 ﬁndens,
1992 3327 2187 3381 aquam

618 3399 997 3456 comportatis,
1025 3392 1281 3447 alimenta
1309 3394 1589 3452 Fratribus
1621 3416 1837 3467 parans,
1864 3412 1918 3456 et
1944 3404 2192 3473 coquinae

617 3479 804 3536 olIiciis
849 3482 1171 3539 inserviens.
1225 3485 1331 3541 Sed
1364 3489 1610 3556 quamvis
1657 3492 1728 3545 ita
1763 3508 1821 3547 se
1853 3495 2098 3559 haberet,
2135 3508 2192 3551 et

620 3575 671 3625 in
730 3574 897 3626 tantis
948 3576 1229 3630 laboribus
1272 3588 1327 3631 et
1377 3580 1793 3646 fatigationibus
1843 3596 2013 3639 totum
2049 3589 2189 3641 diem

624 3660 970 3729 transigeret,
1002 3663 1057 3714 in
1091 3664 1290 3718 divinis
1318 3668 1603 3737 colloquiis
1633 3678 1688 3722 et
1716 3673 1961 3727 oratione
1995 3690 2191 3743 perno-

623 3750 838 3815 clabat;
892 3750 1304 3825 ferventiusque
1348 3774 1537 3814 rursus
1587 3771 1642 3816 et
1690 3764 1870 3818 acrius
1906 3775 2027 3834 post
2056 3782 2194 3835 opus

624 3856 886 3893 manuum
929 3857 1111 3896 sacros
1163 3846 1392 3913 hymnos
1440 3850 1776 3918 incipiebat:
1811 3862 1950 3907 etut
2002 3856 2194 3924 paucis

620 3932 818 3999 dicam,
867 3935 1034 3988 vitam
1081 3938 1557 4007 anachoreticam,
1601 3940 1655 4000 in
1702 3946 1951 4001 coenobio
1998 3959 2055 4001 et
2085 3960 2192 4003 tam

623 4027 807 4081 multis
846 4029 1098 4097 negotiis,
1132 4045 1230 4097 per
1266 4034 1443 4085 omnia
1488 4036 1804 4101 exhibebat,
1853 4054 1991 4105 pane
2021 4042 2195 4092 solum

621 4126 675 4170 et
709 4133 870 4187 aqua,
902 4119 1065 4188 idque
1100 4122 1341 4175 secundo
1369 4137 1586 4191 quoque
1617 4125 1705 4179 die
1735 4126 1897 4181 altus.

2290 3303 2414 3364 κίας
2473 3300 2647 3363 οὕτως
2710 3301 2901 3371 ἔχοντα
2960 3300 3102 3366 ίδὼν,
3172 3299 3571 3369 ὑπηρετεῖσθαι
3599 3298 3857 3361 ἀπέταξεν

2289 3396 2455 3448 αὐτὸν
2484 3396 2540 3445 ἐν
2572 3395 2651 3463 τῷ
2678 3394 2950 3463 κοινοὸίῳ.
2998 3396 3162 3463 Διῆγε
3197 3398 3295 3464 μὲν
3319 3394 3383 3463 δὴ
3421 3395 3449 3446 ό
3471 3393 3777 3462 θαυμάσιος
3809 3392 3857 3442 ἐν

2290 3481 2635 3556 αὑτῷοῦτος,
2671 3485 2802 3549 ξύλα
2850 3501 2909 3536 τε
2962 3486 3219 3550 διακλῶν,
3254 3488 3349 3538 καὶ
3379 3483 3529 3554 ὕδωρ
3564 3481 3858 3552 μετακομί-

2292 3580 2418 3644 ζων,
2446 3578 2652 3649 τροφήν
2685 3593 2746 3629 τε
2770 3578 2884 3640 τοῖς
2945 3575 3193 3644 ἀδελφοῖς
3220 3576 3551 3643 ἐτοιμάζων,
3588 3578 3684 3627 καὶ
3736 3573 3860 3641 πρὸς

2293 3674 2361 3724 τὰ
2390 3672 2481 3724 τοῦ
2515 3671 2833 3739 μαγειρείου
2861 3668 3301 3737 διακονούμενος,
3329 3665 3487 3738 [ἀλλά
3508 3666 3553 3738 ³]
3580 3669 3672 3719 καὶ
3701 3666 3860 3725 οὕτως

2295 3763 2424 3833 ἔχω,
2456 3764 2548 3817 καὶ
2598 3764 2787 3824 κόποις
2819 3760 3164 3831 τηλικούτοις
3225 3761 3320 3813 καὶ
3381 3764 3656 3829 καμάτοις
3684 3759 3863 3827 διημε-

2299 3856 2493 3928 ρεύων,
2527 3858 2581 3908 ἐν
2611 3858 2676 3925 τῇ
2715 3855 2852 3923 πρὸς
2907 3854 2997 3906 τὸν
3050 3855 3183 3905 Θεὸν
3209 3853 3394 3923 ὁμιλίᾳ
3442 3857 3537 3906 καὶ
3575 3858 3641 3922 τῇ
3671 3855 3859 3921 δεήσει,

2297 3948 2395 4010 τὰς
2442 3947 2643 4009 νύκτας
2701 3945 2992 4014 ἀνήλισκε,
3024 3946 3118 3998 καὶ
3178 3945 3511 4015 θερμότερον
3553 3945 3757 4014 μᾶλλον
3782 3944 3864 3995 καὶ

2305 4040 2674 4110 ἀκμαιότερον
2722 4040 2862 4108 μετά
2894 4040 2957 4092 τὸ
2990 4040 3091 4109 τῆς
3127 4040 3312 4110 χειρὸς
3342 4038 3529 4109 ἔργον,
3572 4039 3685 4093 τῶν
3716 4037 3864 4107 ἱερῶν

2298 4130 2484 4199 ὓμνων
2542 4133 2841 4202 ἀπήρχετο·
2896 4132 2990 4183 καὶ
3050 4132 3339 4185 συνελόντα
3381 4133 3574 4199 φάναι,
3638 4127 3863 4200 τὴντῶν

621 4209 995 4279 ἀναχωρητών
1041 4211 1338 4275 πολιτείαν,
1402 4215 1459 4267 ἐν
1512 4216 1766 4286 κοινοδίῳ
1799 4219 1894 4269 καὶ
1926 4220 2219 4288 πράγμασι
2248 4224 2549 4287 τοσούτοις,
2605 4223 2955 4275 ἐπεδείκνυτο
2983 4220 3071 4274 διὰ
3118 4220 3358 4288 πάντων,
3406 4222 3555 4291 ἄρτῳ
3582 4222 3677 4274 καὶ
3721 4218 3861 4272 ὕδατι

627 4304 827 4371 μόνοις,
863 4304 957 4355 καὶ
990 4305 1160 4357 ταῦτα
1191 4307 1343 4375 παρά
1366 4308 1457 4360 δύο
1512 4311 1724 4380 ἡμέρας
1758 4313 2119 4382 τρεφόμενος.

695 4397 790 4451 His
822 4398 1074 4451 inductus
1117 4407 1200 4452 est
1230 4399 1567 4467 Gerasimus,
1616 4413 1672 4455 ut
1703 4418 1829 4457 eum
1875 4406 2031 4460 valde
2064 4408 2184 4461 dili-
2223 4417 2267 4477 D

624 4501 793 4557 geret,
835 4498 887 4540 ct
922 4489 998 4541 sic
1035 4491 1138 4541 vita
1170 4491 1546 4546 delectabatur
1583 4495 1969 4560 adolescentis,
2013 4499 2190 4568 deque

636 4575 783 4633 Illius
832 4578 1095 4643 moribus,
1144 4590 1198 4633 et
1246 4597 1429 4637 amore
1471 4586 1524 4637 in
1565 4603 1653 4642 res
1692 4590 2022 4657 spirituales,
2064 4593 2199 4648 adeo

627 4671 727 4738 ipsi
761 4682 1099 4739 compertum
1134 4684 1271 4743 erat,
1302 4685 1357 4728 ut
1392 4676 1443 4729 in
1481 4679 1673 4734 diebus
1700 4682 2035 4750 jejuniorum
2066 4702 2189 4739 eum

630 4763 682 4815 iu
736 4762 901 4815 Rubae
950 4764 1296 4817 solitudinem
1336 4782 1655 4836 assumeret,
1709 4773 1925 4844 illieque
1982 4779 2191 4833 socium

630 4852 874 4906 laborum
917 4864 967 4907 et
1004 4856 1298 4922 spiritualis
1334 4873 1593 4916 ascensus
1644 4862 1889 4919 haberet.

704 5139 801 5195 Hic
830 5140 991 5193 etiam
1021 5144 1281 5200 mirabilis
1310 5146 1628 5219 Euthymius
1656 5156 1859 5209 versari
1890 5156 2198 5224 dicebatur,

632 5245 687 5286 et
728 5234 955 5301 singulis
1004 5231 1295 5293 Dominicis
1331 5240 1511 5295 divina
1572 5242 1676 5297 illis
1718 5260 2059 5305 sacramenta
2099 5252 2201 5305 im-

637 5323 863 5393 pertire,
901 5325 1074 5378 donec
1104 5325 1218 5379 dies
1265 5327 1569 5386 Palmarum
1603 5334 1929 5392 advenisset.

705 5497 922 5554 Interim
954 5498 1102 5555 brevi
1140 5504 1324 5574 elapso
1356 5511 1616 5574 tempore,
1648 5508 1877 5579 pulchro
1906 5512 2100 5571 itinere
2132 5515 2199 5570 ad

718 5700 1197 5772 (“Theoclislus
1256 5704 1503 5772 migravit
1575 5707 1639 5761 ad
1717 5707 2002 5766 Dominum
2064 5730 2203 5769 anno

641 5770 762 5823 vitae
805 5771 862 5827 5.
893 5771 1165 5843 Euthytnii
1206 5776 1272 5832 9U
1311 5770 1571 5847 (ineunte)
1647 5780 1732 5835 die
1767 5780 1797 5835 3
1869 5782 2016 5852 Sept.
2050 5786 2204 5839 initio

2382 4404 2476 4457 Ἕκ
2533 4403 2739 4456 τούτων
2798 4404 3176 4473 ὕπερφιλῆσαί
3204 4421 3263 4456 τε
3291 4403 3456 4456 αὑτὸν
3488 4404 3515 4455 ό
3568 4404 3862 4473 Γεράσιμος

2302 4497 2687 4568 προήχθη,καὶ
2709 4494 2851 4547 οὕτω
2880 4499 2945 4566 τῇ
2975 4496 3069 4548 τοῦ
3116 4496 3384 4564 νεωτέρου
3406 4495 3569 4565 ἥδετο
3606 4498 3861 4565 πολιτείᾳ,

2303 4593 2395 4643 καὶ
2445 4592 2707 4660 τοιαύτην
2745 4591 2836 4643 ἐπὶ
2867 4592 2981 4653 τοῖς
3008 4589 3222 4645 ἐκείνου
3244 4590 3472 4661 τρόποις
3511 4590 3606 4642 καὶ
3637 4592 3715 4661 τῷ
3746 4591 3863 4659 περὶ

2299 4681 2368 4732 τὰ
2399 4682 2747 4749 πνευματικὰ
2776 4679 2939 4750 ἔρωτι
2979 4680 3080 4751 τὴν
3118 4681 3496 4753 πληροφορίαν
3536 4683 3771 4754 εἰλήφει,
3796 4681 3861 4743 ὡς

2301 4775 2397 4827 καὶ
2456 4773 2906 4843 παραλαμόάνειν
2978 4775 3143 4827 αὑτὸν
3192 4777 3248 4825 ἐν
3278 4778 3400 4836 ταῖς
3453 4775 3579 4829 τῶν
3611 4772 3863 4846 νηστειῶν

2303 4865 2539 4936 ἡμέραις
2572 4866 2650 4927 εἰς
2682 4866 2779 4933 τὴν
2829 4865 3037 4934 ἔρημον
3070 4864 3167 4917 τοῦ
3205 4864 3427 4929 'Pou6i,
3471 4868 3566 4919 καὶ
3622 4865 3861 4918 κοινωνὸν

2303 4955 2453 5025 ἐχειν
2485 4956 2593 5010 τῶν
2631 4956 2750 5008 ἐκεῖ
2776 4958 3043 5025 καμάτων
3071 4957 3165 5010 καὶ
3198 4956 3296 5025 τῆς
3326 4959 3706 5025 πνευματικῆς
3741 4957 3862 5011 ἁνα-

2303 5050 2531 5113 ϐάσεως.

2386 5142 2657 5201 Ἐνταῦθα
2725 5144 2820 5197 καὶ
2850 5144 2877 5196 ό
2909 5142 3223 5212 θαυμαστὸς
3265 5141 3543 5212 Εὐθύμιος
3574 5144 3861 5215 διατρίϐειν

2302 5240 2543 5307 ἐλέγετο,
2600 5238 2694 5290 καὶ
2747 5236 3089 5304 μεταδιδόναι
3110 5236 3221 5289 τῶν
3253 5237 3417 5290 θείων
3450 5239 3635 5300 αὐτοῖς
3667 5252 3861 5306 μυστη-

2308 5330 2439 5400 ρίων
2488 5326 2776 5399 Κυριακῆς
2821 5327 3082 5397 ἑκάστης,
3126 5326 3232 5391 ἓως
3291 5329 3325 5397 ἡ
3370 5328 3479 5380 τῶν
3539 5329 3715 5381 Βαϊων
3746 5326 3859 5396 ἀφί-

2306 5439 2477 5475 κοιτο.

2378 5512 2617 5583 Βραχέος
2650 5512 2705 5568 δὲ
2736 5510 3175 5583 ὑπορρεύσαντος
3197 5510 3398 5581 μεταξὺ
3439 5514 3657 5585 χρόνου,
3688 5515 3856 5568 ἄπεισι

2308 5712 2339 5767 5
2404 5712 2734 5775 iudiclionis,
2789 5720 2849 5783 ut
2891 5710 3161 5783 Ahabetur
3213 5710 3409 5768 inV’ita
3470 5711 3527 5767 S.
3586 5706 3852 5783 Euthymii;

2314 5798 2507 5854 nempe
2536 5798 2677 5841 anno
2701 5780 2905 5841 Christi
2937 5781 3055 5837 466.
