3956 6446
564 360 663 425 931

1804 358 2085 417 MENSlS
2124 358 2588 419 SEPTEMBER.

3709 348 3809 411 93‘2

567 478 788 543 doloris,
832 487 885 532 et
948 473 1356 531 inconsolabilis
1408 487 1569 543 super
1622 471 1730 527 tilio
1777 473 2132 544 aegritudinis,

2269 474 2412 544 ύπης
2442 476 2533 528 καὶ
2572 473 2668 541 τῆς
2702 469 3094 541 ἀπσρακλήτου
3132 467 3442 537 βαρυθμίας
3472 468 3612 532 (l5),
3646 467 3809 537 εὐχήν

568 584 759 639 preces
799 585 897 639 pro
944 568 1353 623 adolescentulo
1395 564 1632 627 adhibet,
1682 566 1969 633 crucisque
2027 580 2133 617 un-

568 668 714 713 ctum
746 660 866 713 oleo
910 675 1090 712 amara
1125 658 1213 711 illa
1279 657 1473 711 liberat
1510 656 1739 709 insania.

638 857 774 911 Cum
808 857 970 927 igitur
1008 870 1106 925 per
1140 853 1340 907 multos
1369 854 1477 923 jam
1523 851 1856 921 pervasisset
1902 849 2139 903 miracu~

568 948 702 1011 lum,
752 946 1161 1001 innumerabilis
1204 946 1268 998 ad
1310 960 1433 998 cum
1475 943 1785 998 confluebat
1822 942 2136 1007 multitudo,

570 1041 809 1109 quietem
842 1038 959 1105 ejus
989 1048 1044 1092 et
1077 1038 1375 1091 orationem
1409 1038 1893 1105 interrumpentes.

646 1129 772 1183 Haec
830 1131 1004 1181 vitans
1052 1129 1349 1197 prteclarus
1397 1127 1682 1196 Cyriacus,
1728 1124 1781 1177 in
1822 1124 2136 1178 interiorem

574 1219 743 1276 Buba:
784 1218 1135 1272 solitudinem
1184 1217 1379 1269 transit
1425 1216 1562 1285 (l6).
1610 1213 1677 1268 Et
1708 1214 1949 1283 quinque
1985 1216 2040 1266 in
2078 1229 2141 1267 ea

576 1313 881 1381 transigens
921 1326 1115 1372 annos,
1157 1309 1369 1362 radices
1418 1306 1825 1376 melagriorum,
1876 1317 1933 1362 et
1974 1322 2139 1360 arun-

574 1403 762 1456 dinum
798 1417 1040 1455 summos
1076 1415 1256 1452 ramos
1290 1400 1340 1451 in
1372 1400 1521 1452 cibos
1566 1400 1886 1451 admittebat
1920 1415 1936 1452 :
1972 1414 2143 1467 eaque

576 1494 813 1561 amplum
851 1494 923 1544 illi
965 1500 1120 1545 erant
1166 1491 1476 1559 opsonium,
1511 1490 1646 1543 nihil
1677 1490 1852 1557 quoad
1900 1490 2145 1559 volupta-

577 1597 683 1639 tem
729 1586 962 1638 divitum
996 1598 1199 1637 mensae
1235 1582 1459 1635 cedens.

648 1760 753 1815 Sed
808 1761 1114 1815 divinorum
1171 1758 1375 1829 Cyriaci
1432 1758 1825 1813 charismatum
1882 1758 2141 1825 efficacia,

577 1854 721 1909 hanc
768 1868 983 1923 quoque
1031 1852 1401 1912 solitudinem,
1455 1851 1858 1904 advenientium
1905 1852 2147 1905 multituo

577 1946 730 2006 dine,
788 1944 1065 1997 civitatem
1114 1942 1400 1995 etliciehat.
1450 1940 1645 1995 Omnes
1694 1942 1835 1995 enim
1886 1959 2022 2012 quos
2064 1945 2145 1997 vel

577 2037 753 2089 malus
785 2036 1017 2089 vexabat
1047 2034 1292 2103 spiritus,
1319 2034 1399 2087 vel
1427 2034 1566 2086 alius
1593 2035 1874 2102 premebat
1897 2038 2146 2101 morbus,

580 2130 830 2197 prompto
875 2138 930 2183 et
961 2128 1124 2179 alacri
1174 2126 1376 2191 animo,
1428 2126 1493 2179 ad
1544 2127 1717 2179 virum
1763 2138 2034 2195 tamquam
2082 2132 2148 2182 ad

581 2220 915 2287 exploratam
951 2218 1291 2271 sanationem
1339 2219 1701 2269 accurrebant
1736 2233 1751 2270 :
1783 2228 1837 2270 et
1868 2234 2032 2271 nemo
2084 2219 2149 2271 il-

586 2312 696 2365 linc
761 2311 1139 2364 revertebatur
1209 2325 1432 2363 vacuus.
1509 2309 1707 2363 Verum
1770 2312 2151 2365 accedentium

582 2403 985 2457 multitudinem
1038 2405 1234 2457 iterum
1289 2411 1553 2471 pertmsus
1600 2404 1817 2458 divinus
1869 2404 2148 2475 Cyriacus,

582 2498 636 2551 in
668 2513 785 2550 eam
818 2512 876 2551 se
912 2496 1125 2551 confert
1156 2497 1464 2551 solitudinis
1495 2505 1729 2566 partem,
1768 2498 1822 2551 in
1870 2514 1975 2567 qua
2022 2512 2151 2551 ana-

582 2592 928 2643 choretarum
985 2590 1169 2642 nullus
1222 2605 1401 2657 neque
1451 2598 1747 2651 manserat,
1786 2605 1961 2658 neque
2013 2605 2153 2659 per-

584 2681 874 2734 transierat
902 2678 1216 2746 aliquando.
1249 2678 1641 2732 Nominabatur
1666 2678 1818 2731 locus
1850 2678 1920 2731 ab
1952 2678 2152 2733 accolis

586 2771 830 2824 Susaeim
858 2771 992 2839 (l7);
1022 2770 1076 2821 in
1099 2785 1207 2837 quo
1232 2780 1289 2823 et
1326 2767 1482 2822 Sucae
1511 2778 1565 2823 et.
1593 2769 1753 2822 Novae
1779 2768 1967 2823 Laurea
1996 2772 2154 2824 ambo

584 2863 755 2926 ﬂuvii,
805 2876 996 2915 eorum
1053 2876 1187 2928 quos
1240 2861 1492 2914 novimus
1546 2860 1767 2914 maximi
1815 2869 1871 2913 et
1929 2860 2156 2930 profun-

586 2953 821 3017 dissimi,
871 2953 1279 3022 conjunguntur
1326 2962 1379 3006 et
1405 2950 1708 3009 confluunt.
1744 2951 2013 3005 Feruntur
2056 2969 2155 3005 au-

586 3056 693 3100 tem
728 3046 765 3100 ii
798 3060 917 3100 esse
948 3046 1014 3101 de
1045 3046 1242 3113 quibus
1271 3044 1485 3098 Christo
1517 3046 1723 3099 dictum
1753 3056 1834 3098 est
1857 3060 1885 3097 a
1919 3043 2151 3098 Davide:

2236 584 2294 619 τε
2354 566 2429 635 τῷ
2482 565 2745 633 νεανίσκῳ
2793 561 3060 629 ἐπιλέγει,
3114 562 3209 612 καὶ
3280 559 3356 629 τῷ
3391 559 3538 629 [τοῦ]
3568 558 3805 626 σταυροῦ

2238 659 2433 727 χρίσας
2494 655 2682 725 ἐλαίῳ,
2715 655 2811 724 τῆς
2844 655 3048 722 πικρᾶς
3097 650 3313 719 ἐκείνης
3342 650 3679 702 ἀπαλλάττει
3712 667 3810 717 μα-

2238 752 2377 811 νίας.

2311 841 2418 892 Τοῦ
2476 840 2758 908 θαύματος
2817 838 2994 889 τοίνυν
3022 839 3100 898 είς
3141 836 3367 898 πολλοὺς
3393 838 3496 905 ἤδη
3528 839 3808 905 6112;01:13-

2244 949 2453 995 σαντος,
2502 932 2696 1000 μυρίον
2744 932 2871 1000 παρ’
2904 930 3065 982 αὐτὸν
3116 929 3318 998 πλῆθος
3372 933 3688 999 ’.τυνέρῤεον,
3720 932 3810 1000 τὴν

2242 1026 2469 1095 ἡσυχίαν
2492 1023 2638 1090 αύτῷ
2664 1024 2755 1074 καὶ
2777 1024 2874 1092 τὴν
2921 1022 3225 1091 προσευχὴν
3253 1023 3673 1083 ἐπικύπτοντες.

2313 1118 2499 1173 Ταῦτα
2545 1120 2572 1169 ὁ
2608 1121 2856 1183 γενναῖος
2919 1115 3200 1184 Κυριακὺς
3253 1114 3525 1166 ἐκκλίνων
3573 1117 3663 1166 ἐπὶ
3724 1114 3813 1183 τὴν

2243 1209 2505 1279 ἐνδοτέρω
2537 1209 2841 1281 [ἐνδοτέραν
2875 1206 2924 1280 1]
2956 1207 3261 1261 τοῦῬουεᾶ
3294 1208 3502 1276 ἔρημον
3532 1208 3811 1259 διαϐαίνει.

2244 1304 2353 1355 Καὶ
2389 1304 2549 1354 πέντε
2605 1302 2734 1371 παρ’
2787 1302 2925 1369 αὐτῇ
2963 1302 3243 1368 διαγαγὼν
3276 1300 3396 1367 ἔτη,
3433 1299 3595 1368 ῥίζας
3629 1316 3684 1350 τε
3721 1316 3814 1367 με·

2245 1395 2486 1464 λαγρίων
2554 1395 2647 1445 καὶ
2695 1394 3007 1464 ἀκρέμονας
3068 1392 3400 1462 [ἀκρεμόνας
3447 1390 3508 1461 2]
3563 1392 3815 1457 καλάμων

2247 1486 2533 1556 προσίετο·
2601 1485 2695 1538 καὶ
2753 1486 2929 1537 ταῦτα
2982 1485 3190 1552 ὄψοντε
3226 1486 3411 1536 ἱκανὸν
3445 1483 3601 1551 αὐτῷ
3658 1480 3814 1552 ἦσαν,

2247 1582 2343 1631 καὶ
2401 1580 2551 1633 οὐδὲν
2614 1580 2691 1640 εἰς
2740 1578 2936 1649 ἡδονὴν
2984 1577 3080 1646 τῆς
3104 1576 3210 1629 τῶν
3240 1575 3513 1627 πλουσίων
3544 1576 3817 1646 τραπέζης

2247 1672 2707 1741 ἀπολειπόμενον.

2331 1763 2473 1815 Ἀλλ’
2502 1764 2532 1832 ὴ
2558 1762 2664 1813 τῶν
2694 1762 3051 1833 χαρισμάτων
3084 1762 3176 1814 τοῦ
3211 1760 3498 1832 Κυριακοῦ
3524 1760 3635 1812 τῶν
3667 1760 3818 1810 Οείων

2249 1858 2518 1926 ἐνέργεια,
2557 1856 2710 1907 πόλιν
2756 1857 2849 1908 καὶ
2888 1856 2985 1923 τὴν
3015 1856 3222 1923 ἔρημον
3264 1854 3469 1923 ταύτην
3492 1852 3575 1922 τῷ
3629 1840 3819 1920 πλήθει

2248 1948 2355 2000 τῶν
2383 1948 2796 2016 ἐπιδημούντων
2826 1947 3017 2000 ἐποίει.
3054 1948 3161 1998 Καὶ
3189 1948 3385 2007 πάντες
3411 1944 3491 2009 οἷς
3514 1938 3625 1998 εἴτε
3659 1964 3820 2013 πονη-

2254 2043 2343 2111 ρὸν
2375 2041 2616 2109 ἐνοχλοίη
2668 2040 2907 2111 πνεῦμα,
2944 2040 3049 2091 εἴτε
3073 2038 3227 2101 νόσος
3265 2039 3427 2107 ἐτέρα
3451 2039 3653 2103 πιέζοι,
3692 2037 3819 2105 προ-

2252 2133 2416 2202 Ουμοι
2453 2132 2588 2201 πρὸς
2612 2133 2701 2184 τὸν
2733 2131 2900 2199 ἄνδρα
2931 2130 3117 2197 ὥσπερ
3154 2129 3220 2182 ἂν
3269 2130 3351 2190 είς
3380 2127 3820 2196 ὁμολογουμένην

2253 2227 2397 2279 ἴασιν
2456 2227 2697 2296 ἔτρεχονο
2734 2226 2827 2275 καὶ
2856 2223 3006 2283 κενὸς
3035 2223 3245 2272 ἐκεῖθεν
3276 2221 3451 2282 οὐδεὶς
3487 2220 3818 2290 ἐπανῄεσαν.

2251 2318 2631 2387 Δυσχεραίνων
2686 2316 2741 2367 δὲ
2796 2314 2872 2382 τῷ
2928 2313 3124 2383 πλήθει
3170 2312 3280 2365 τῶν
3326 2315 3671 2382 προσιόντων
3732 2311 3820 2364 καὶ

2252 2410 2409 2473 αὖθις
2455 2412 2482 2461 ὁ
2541 2408 2683 2469 Θεῖος
2738 2405 3037 2475 Κυριακδς,
3096 2405 3174 2466 είς
3232 2404 3392 2455 τοῦτο
3450 2402 3555 2470 τῆς
3617 2404 3819 2471 ἐρήμου

2254 2505 2433 2571 φοιτᾷ,
2466 2504 2523 2553 ἐν
2563 2496 2606 2567 ᾧ
2638 2502 2744 2552 τῶν
2790 2498 3159 2568 ἀναχωρητῶν
3206 2497 3327 2548 οὐδὲ
3358 2489 3436 2556 εἷς
3470 2494 3595 2546 οὔτε
3644 2496 3821 2561 μείνας

2252 2591 2342 2667 ἦν,
2378 2595 2501 2647 οὕτε
2531 2592 2753 2645 διελθὼν
2789 2590 3028 2642 πώποτε·
3060 2590 3088 2640 ὁ
3118 2590 3283 2649 τόπος
3318 2588 3371 2639 δὲ
3401 2588 3509 2654 ἄρα
3547 2586 3823 2653 Σουαακῖμ

2256 2686 2591 2757 [Σουσακεὶμ
2646 2682 2699 2753 2]
2743 2687 2853 2744 τοῖς
2910 2680 3197 2750 ἐγχωρίοις
3254 2678 3573 2746 ὡνὸμαστο.
3631 2680 3738 2730 Καὶ
3770 2678 3822 2727 ἐν

2257 2778 2431 2846 αὐτῷ,
2462 2778 2488 2829 ὃ
2518 2794 2579 2827 τε
2637 2776 2737 2843 τῆς
2774 2774 2900 2835 νέας
2956 2773 3160 2842 λαύρας
3187 2772 3283 2823 καὶ
3311 2770 3339 2821 ὁ
3391 2771 3491 2839 τῆς
3526 2770 3622 2822 τοῦ
3656 2771 3825 2821 Σουκιὶ

2256 2870 2305 2921 οἱ
2330 2867 2566 2935 ποταμοὶ
2609 2865 2778 2934 ἄμφω
2805 2863 3191 2932 συμϐάλλουσι,
3229 2860 3527 2930 βαούτατοι
3567 2854 3645 2912 ὧν
3678 2860 3826 2925 ἴσμεν

2257 2965 2351 3017 καὶ
2385 2963 2637 3030 μέγιστοι
2695 2959 2935 3028 ῥέοντες.
2999 2955 3106 3008 Καὶ
3138 2956 3364 3015 τούτους
3399 2948 3565 3011 εἶναι,
3602 2955 3727 3021 περὶ
3758 2946 3826 3003 ὧν

2260 3056 2396 3123 προς
2448 3054 2539 3104 τὸν
2592 3050 2829 3119 Χριστὸν
2887 3050 3101 3116 εἴρηται
3130 3047 3207 3114 τῷ
3231 3045 3417 3107 Δαυῒδ,
3454 3046 3530 3097 Σὺ
3561 3047 3824 3117 ἐξήρανας

590 3136 667 3191 Tu
713 3138 923 3189 siccasti
973 3138 1160 3207 ﬂuvios
1195 3135 1410 3188 Etham.
1446 3134 1551 3189 Sed
1583 3135 1741 3204 plane
1771 3135 1971 3189 inviam
2014 3137 2153 3190 hanc

2261 3142 2538 3213 ποταμοὺς
2596 3140 2798 3209 Ὶιϐᾶμ,
2857 3138 3095 3205 λέγεται.
3170 3136 3310 3188 Ἀλλ’
3370 3137 3575 3205 εὐχερῆ
3620 3136 3827 3195 παντως

587 3232 940 3286 solitudinem
988 3232 1139 3285 aditu
1180 3230 1406 3284 omnino
1440 3229 1652 3285 facilem
1687 3229 2000 3284 hominibus
2032 3230 2155 3285 red—

587 3321 751 3377 debat
795 3338 955 3390 quam
1011 3323 1064 3374 in
1120 3336 1242 3374 eum
1298 3320 1573 3373 habebant.
1627 3320 1783 3381 ﬁdes,
1827 3335 1924 3373 seu
1976 3322 2157 3389 potius

590 3414 901 3467 divinarum
956 3412 1106 3465 illius
1163 3411 1457 3482 gratiarum
1509 3410 1698 3478 copia;
1737 3424 1859 3477 qua:
1891 3419 1946 3462 et
1994 3409 2155 3463 ﬁdem

589 3504 891 3558 ferventius
939 3505 1235 3567 excitabat,
1281 3513 1335 3554 et
1366 3501 1420 3555 in
1471 3500 1802 3556 desiderium
1837 3500 1955 3570 pias
2000 3500 2158 3555 indu-

588 3600 747 3651 cebat
795 3597 1027 3649 animas.
1082 3595 1217 3649 Cum
1273 3594 1421 3647 enim
1478 3592 1735 3661 Cyriacus
1790 3603 1995 3660 septem
2048 3594 2159 3647 illic

590 3702 765 3742 annos
808 3687 1181 3757 transegisset,
1233 3685 1488 3755 (quando
1536 3699 1659 3753 quas
1708 3683 1993 3753 ingruebat
2045 3682 2160 3755 [pe-

590 3780 711 3851 titis]
762 3781 943 3836 omnia
983 3779 1334 3834 circumcirca
1389 3778 1676 3848 afﬂigebat,
1731 3777 2037 3846 multosque
2092 3777 2159 3830 de

591 3876 774 3928 medio
840 3874 1029 3927 tollere
1089 3887 1198 3926 non
1264 3870 1690 3939 intermittebat)
1756 3871 2010 3925 timentes
2066 3870 2159 3938 qui

594 3980 750 4022 erant
794 3968 982 4020 Laurze
1031 3966 1207 4028 Sucae,
1272 3965 1326 4017 in
1379 3965 1578 4017 inviam
1619 3960 1761 4017 hanc
1812 3962 2160 4017 solitudinem

590 4057 917 4122 ascendunt,
972 4065 1265 4127 rogantque
1316 4064 1371 4109 et
1399 4055 1689 4109 obsecrant
1739 4054 2051 4126 Cyriacum,
2102 4064 2161 4109 ut

593 4147 788 4199 iterum
824 4148 889 4200 ad
927 4146 1158 4200 Lauram
1208 4157 1549 4210 revertatur;
1600 4162 1709 4215 quo
1737 4148 1928 4200 saltem
1980 4147 2161 4201 enica-

596 4237 875 4291 cissimum
939 4237 1198 4292 adversus
1241 4236 1500 4308 [pestem]
1544 4237 1848 4292 remedium
1900 4238 2159 4303 habeant,

592 4331 736 4383 illius
773 4331 1092 4384 adventum.

666 4422 788 4476 lllos
820 4423 998 4491 itaque
1029 4424 1281 4478 miserata
1326 4424 1467 4478 bona
1496 4425 1583 4477 illa
1613 4434 1667 4479 et
1696 4425 1939 4478 clemens
1979 4423 2159 4477 anima

2256 3240 2563 3310 ἀνθρώποις
2588 3237 2677 3291 καὶ
2712 3234 2901 3305 ῥᾳδίαν
2943 3234 3038 3287 καὶ
3060 3234 3159 3303 τὴν
3184 3232 3387 3286 ἄϐατον
3420 3232 3596 3301 δήπου
3628 3231 3827 3297 ταύτην

2258 3333 2485 3401 ἔρημον,
2516 3334 2547 3399 ὴ
2581 3334 2708 3399 περὶ
2735 3338 2824 3383 τὸν
2868 3331 3256 3396 ἄνδρα“πίστις
3286 3328 3461 3379 ἐποίει
3494 3341 3511 3355 ⁸
3548 3327 3748 3395 μᾶλλον
3779 3325 3828 3375 δὲ

2258 3426 2430 3496 ἡτῶν
2496 3425 2709 3476 ἐκείνου
2755 3422 2914 3475 Θείων
2958 3422 3200 3491 χαρίτων
3252 3420 3522 3485 ἀφθονία·
3563 3421 3687 3489 ἥτις
3744 3420 3829 3470 κςὶ

2257 3519 2355 3587 τὴν
2410 3516 2593 3570 πίστιν
2652 3516 2984 3584 Οερμότερον
3042 3510 3301 3575 ἀνεκίνει,
3344 3511 3562 3572 καὶτὰς
3592 3511 3829 3571 εὑσεεείς

2258 3609 2435 3677 ψυχὰς
2463 3609 2541 3670 είς
2573 3606 2737 3658 πόοον
2805 3606 3063 3674 ἐπήγετο.
3104 3602 3277 3654 Ἑπτὰ
3307 3602 3415 3672 γάρ
3451 3602 3692 3655 ἐνταῦθα
3741 3602 3829 3666 ἐτη

2259 3699 2351 3755 τοῦ
2386 3697 2669 3769 Κυριακοῦ
2700 3698 3072 3765 διαγαγόντος,
3107 3694 3291 3764 ἐπειδὴ
3318 3695 3829 3765 λοιμδςέπισκήιζίας

2259 3794 2378 3846 τότε
2436 3791 2620 3849 κακῶς
2645 3790 2715 3841 τα
2772 3788 2933 3857 πέριξ
2990 3789 3173 3839 πάντα
3214 3785 3414 3845 ἐποίει,
3457 3788 3555 3837 καὶ
3612 3788 3829 3847 πολλοὺς

2260 3879 2500 3946 ἀναιρῶν
2545 3878 2644 3928 οὐκ
2694 3878 2834 3928 ἀνίει
2893 3874 3069 3944 [ἀνῄει
3105 3874 3183 3945 2],
3241 3875 3519 3935 δείσαντες
3545 3877 3593 3927 οἱ
3621 3878 3717 3946 τῆς
3743 3876 3827 3927 τοῦ

2262 3970 2442 4023 Σουκᾶ
2484 3968 2713 4035 λαίρας,
2753 3965 3093 4020 ἐπιϐαίνουσι
3127 3966 3220 4018 καὶ
3253 3966 3355 4031 τῆς
3386 3966 3597 4019 ἀϐάτου
3632 3970 3828 4035 ταύτης

2262 4063 2505 4134 ἐρήμου·
2566 4060 2661 4113 καὶ
2711 4060 2921 4112 δέονται
2983 4058 3077 4111 τοῦ
3136 4059 3447 4129 Κυριακοῦ,
3510 4063 3608 4116 καὶ
3654 4063 3830 4114 τοῦτον

2262 4151 2645 4220 culmum?»ch
2678 4155 2742 4220 τῇ
2771 4151 2947 4219 λαύρα
2984 4151 3081 4202 καὶ
3113 4149 3267 4212 αὖθις
3293 4151 3669 4221 ἐπιδημῆσαι*
3694 4154 3831 4211 ὅπως

2261 4241 2421 4295 τοῦτό
2442 4241 2490 4310 γ’
2518 4235 2611 4293 οὖν
2649 4240 2825 4313 [γοῦνΙ
2875 4242 3289 4312 ἀνυσιμώτατον
3326 4246 3470 4296 κατά
3496 4244 3597 4296 τοῦ
3646 4244 3828 4315 λοιμοῦ

2263 4339 2554 4407 φάρμακον
2627 4336 2819 4404 ἔχοιεν,
2842 4336 2939 4404 τὴν
2969 4339 3179 4388 ἐκείνου
3232 4337 3559 4406 ἐπιδημίαν.

2337 4431 2529 4481 Ἐλεον
2556 4428 2734 4481 τοίνυν
2766 4428 2942 4480 αὐτῶν
2979 4426 3186 4498 [αὑτὸν]
3226 4429 3257 4498 ή
3291 4429 3477 4499 ἀγαθὴ
3519 4435 3617 4485 καὶ
3651 4435 3824 4500 φιλάν-

594 4513 788 4567 iterum
828 4515 880 4567 in
920 4512 1148 4567 Lauram
1185 4516 1464 4572 descendit
1486 4514 1887 4587 (l8).Cutnque
1918 4516 1984 4569 ad
2018 4515 2153 4570 beati

2266 4520 2483 4589 Θρωπος
2540 4520 2724 4589 ἐκείνη
2774 4519 3016 4573 λαϐοῦσα
3079 4518 3223 4589 ψυχὴ
3274 4520 3488 4573 κάτεισί
3523 4540 3585 4573 τε
3629 4527 3709 4585 εἰς
3743 4524 3830 4591 τὴν

596 4603 908 4659 Charitonis
973 4607 1225 4661 cellulam
1292 4608 1546 4676 quintum
1605 4611 1876 4676 exegisset
1932 4624 2156 4671 annum,

596 4698 973 4752 strenuissime
1006 4713 1099 4752 eos
1127 4698 1217 4768 qui
1265 4713 1388 4752 cum
1446 4698 1681 4766 Origene
1709 4700 2039 4763 sentiebant,
2068 4715 2162 4753 ex-

597 4792 892 4858 pugnabat.
945 4790 1097 4844 Tunc
1148 4808 1362 4861 quoque
1394 4793 1730 4847 admirabilis
1781 4792 2034 4862 Cyrillus,
2067 4794 2159 4861 qui

598 4896 627 4931 a
673 4881 850 4947 magni
887 4880 1160 4950 Euthymii
1209 4882 1273 4933 ad
1322 4883 1465 4935 beati
1512 4882 1666 4935 Sabae
1701 4881 1931 4933 Lauram
1976 4896 2160 4935 acces-

598 4981 766 5034 serat,
799 4981 855 5024 ut
892 4972 1154 5027 Joannem
1195 4974 1564 5029 Silentiarium
1592 4974 1901 5043 episc0pum
1931 4974 2161 5039 videret,

600 5063 659 5116 ﬁt
685 5064 732 5116 ei
759 5063 1006 5118 minister
1030 5066 1329 5120 litterarum
1352 5068 1417 5122 ad
1445 5068 1661 5121 beatum
1686 5066 1831 5119 hunc
1858 5066 2161 5135 (Iyriacum.

599 5154 820 5209 Litterae
868 5166 1048 5210 autem
1080 5159 1281 5213 bellum
1314 5161 1575 5214 adversus
1607 5169 1851 5212 sanetam
1887 5158 2162 5210 civitatem

600 5250 917 5303 suscitatum
961 5249 1359 5319 signiﬁcabant,
1398 5267 1631 5319 eumque
1680 5251 2062 5313 obsecrabant,
2109 5258 2166 5303 ut

604 5337 775 5391 Deum
830 5342 1129 5409 impensius
1181 5356 1381 5408 oraret,
1442 5344 1628 5413 utqui
1682 5344 1738 5397 in
1794 5343 1940 5396 Nova
1995 5343 2166 5396 Laura

602 5443 724 5483 cum
777 5429 972 5485 Nonno
1022 5444 1074 5487 et
1106 5434 1334 5488 Leontio
1374 5450 1438 5487 ex
1476 5436 1727 5507 Origenis
1772 5435 2039 5503 dogmatis
2074 5451 2164 5490 so-

676 5634 784 5701 (lS)
814 5634 942 5702 Lege
977 5633 1341 5703 βαρυθυμίας,
1376 5633 1727 5705 παραμυθίας
1760 5633 1918 5688 male.

679 5708 786 5771 tib)
820 5714 972 5757 Anno
1008 5706 1132 5757 529.

674 5776 782 5839 (17;
823 5773 975 5827 Venit
1012 5778 1062 5826 in
1115 5773 1357 5829 Snsacim
1409 5790 1536 5828 ann.
1589 5774 1711 5836 534,
1769 5775 1855 5828 ubi
1924 5787 2105 5829 manet
2138 5778 2163 5829 7

2262 4614 2470 4684 λαύραν
2502 4613 2699 4665 πάλιν·
2748 4614 2841 4665 καὶ
2864 4613 2999 4682 πρὶς
3030 4614 3106 4679 τῷ
3132 4613 3227 4664 τοῦ
3262 4614 3540 4682 μακαρίου
3588 4615 3829 4685 Χαρίτω-

2263 4721 2351 4764 νος
2382 4703 2578 4770 κελλίῳ
2603 4702 2854 4770 πέμπτον
2868 4701 3181 4763 διατελέσας
3195 4702 3470 4768 ἐνιαυτὸν,
3488 4702 3832 4774 ἀνδρειότατα

2262 4796 2389 4858 τοὺς
2426 4796 2494 4846 τὰ
2514 4794 2828 4865 Ὠριγένους
2859 4794 3195 4863 φρονοῦντας
3234 4796 3674 4865 κατηγωνίζετο.
3706 4800 3829 4851 Τότε

2269 4889 2366 4959 μὲν
2395 4886 2458 4956 δὴ
2490 4889 2582 4939 καὶ
2609 4888 2635 4938 ὁ
2659 4886 2962 4955 Octauiae;
3025 4886 3317 4956 Κύριλλος,
3352 4890 3459 4940 ἀπο
3487 4890 3591 4953 τῆς
3619 4890 3713 4941 τοῦ
3745 4908 3831 4958 με-

2265 4982 2430 5050 γάλου
2476 4980 2753 5049 Εὐθυμίου
2800 4980 3025 5046 λαύρας,
3094 4982 3161 5049 τῇ
3207 4980 3301 5031 τοῦ
3356 4982 3640 5049 μακαρίου
3696 4983 3829 5035 Σάεα

2268 5074 2479 5145 [Σάϐϐα
2502 5084 2548 5126 et
2581 5075 2656 5125 ita
2679 5072 2945 5142 deinceps]
3007 5073 3361 5142 παραλαϐὼν,
3398 5075 3483 5143 ἐφ’
3510 5070 3553 5143 ᾧ
3591 5077 3684 5127 τὸν
3712 5077 3828 5141 ἠσυ-

2266 5167 2470 5235 χαστὴν
2520 5163 2821 5217 ἐπίσκοπον
2869 5166 3125 5233 Ἰωάννην
3190 5167 3310 5231 ίδοι,
3364 5166 3647 5233 ὑπηρέτης
3698 5164 3831 5232 αὐτῷ

2268 5255 2613 5326 γραμμάτων
2665 5255 2802 5325 πρὸς
2840 5253 2932 5306 τὸν
2993 5256 3262 5323 μακάριον
3310 5253 3500 5305 τοῦτον
3563 5255 3830 5325 κυριακὸν

2269 5350 2498 5415 γίνεται.
2550 5347 2631 5398 Τὰ
2674 5348 2731 5397 δὲ
2766 5346 3073 5416 γράμματα
3119 5347 3210 5398 τόν
3257 5363 3316 5397 τε
3352 5346 3497 5400 κατά
3526 5349 3625 5417 τὴν
3678 5347 3831 5412 ἁγίαν

2271 5441 2424 5492 πόλιν
2447 5441 2916 5509 ἀναρριπισοέντα
2945 5439 3132 5492 ἐδήλου
3180 5438 3440 5510 πόλεμον,
3473 5441 3565 5493 καὶ
3597 5439 3825 5490 ἱκέτευον

2272 5652 2466 5691 'dDDOS.

2344 5708 2452 5778 US)
2492 5710 2649 5759 Anno
2675 5705 2799 5759 541.
