3956 6484
163 397 270 458 931

1471 397 1651 458 νιΤΑ
1685 398 1744 458 S.
1788 397 2109 461 CYRIACl.

3317 413 3420 477 938

237 503 397 556 Οὕτω
433 499 652 573 μὲνοῦν
693 504 721 554 6
761 501 900 564 θεῖος
932 502 1228 572 Κυριακδς,
1267 501 1360 557 καὶ
1410 505 1599 576 ὁμιλίᾳ
1634 523 1740 558 τοι·

1925 508 2148 562 Divinus
2173 509 2352 578 itaque
2377 511 2652 580 Cyriacus,
2678 528 2798 567 cum
2822 512 3134 586 hujusmodi
3159 519 3428 589 colloquio

160 596 310 665 αύτῃ
361 596 458 646 καὶ
507 595 844 663 διηγήμασιν
903 595 1098 665 ἡδονῆς
1148 598 1248 666 τὴν
1307 597 1518 649 ἐκείνου
1569 599 1748 668 ψυχὴν

157 688 495 755 διαπλήσας,
535 688 810 740 ἀπέλυσεν
862 689 918 738 ὲν
968 689 1183 759 εἰρήνῃ.
1233 687 1452 759 Ἐπειδὴ
1492 689 1548 740 δὲ
1603 690 1632 742 δ
1688 706 1747 741 τε

155 778 274 830 τῶν
324 779 633 847 Ὼριγένους
667 780 847 849 νόμων
881 781 1113 850 ἀκριὸης
1146 778 1319 847 φύλαξ
1353 781 1620 850 αἰσχίστῳ
1653 781 1744 832 τέ-

159 868 248 919 ).ει
293 872 393 938 την
424 862 603 938 ψυχὴν
642 869 919 941 ἀπέρρηξε
950 870 1171 933 Νάννος,
1205 870 1238 940 ἦ
1289 887 1347 922 τε
1383 871 1536 940 ἰσχὺς
1567 873 1748 923 αὑτων

161 957 362 1009 ἅπασα
395 958 635 1027 autsim-
670 962 760 1011 καὶ
790 960 817 1010 6
844 959 978 1027 πρὸς
1003 961 1126 1020 τοὺς
1153 959 1470 1028 δρθοδόξους
1494 959 1745 1030 ἐλώφησε

161 1051 409 1118 πόλεμος
433 1068 445 1080 ³
482 1053 575 1104 καὶ
626 1053 748 1104 κατ’
773 1052 1019 1122 ἀλλήλων
1059 1051 1437 1123 [καταλλήλων
1464 1051 1519 1123 9.]
1551 1055 1746 1105 ἐκεῖνοι

156 1143 269 1210 τὴν
297 1142 480 1211 μάχην
509 1146 604 1196 καὶ
635 1146 759 1205 τοὺς
787 1144 1071 1208 κινδύνους
1106 1147 1368 1214 ἐκίνησαν
1394 1162 1405 1174 ·
1438 1147 1530 1198 καὶ
1560 1145 1745 1197 πολλοὶ

156 1231 221 1282 ιν
254 1232 334 1300 τῷ
366 1233 456 1284 τοῦ
488 1220 804 1303 Χαρίτωιος
835 1235 1129 1301 φοιτῶντες
1161 1236 1436 1303 σπηλαίῳ,
1491 1235 1588 1287 οὐκ
1632 1233 1745 1284 ὀλί-

157 1341 272 1394 γην
324 1326 403 1395 τῷ
450 1325 578 1395 θείῳ
626 1325 891 1396 Κυριακῷ
940 1331 1204 1396 παρεῖχον
1244 1327 1342 1397 τὴν
1373 1325 1618 1396 ὄχλησιν,
1648 1329 1746 1395 τὴν

159 1423 404 1489 ἡσυχίαν
449 1423 931 1491 ὲπιταράττοντες,
990 1425 1083 1476 ἐπὶ
1136 1427 1229 1476 τὸν
1285 1424 1565 1492 Σουσακὶμ
1627 1422 1744 1496 [τοῦ

158 1513 477 1580 Σουσακεὶμ
516 1514 536 1565 1
575 1516 657 1566 hic
687 1524 734 1567 et
783 1514 949 1587 infra]
993 1517 1267 1585 ἀναχωρεῖ
1319 1516 1505 1581 πάλιν,
1556 1517 1744 1567 ἔνατον

155 1605 266 1672 ἤδη
300 1609 395 1657 καὶ
423 1606 775 1676 ἐνενηκοστὸν
805 1609 918 1671 ἔτος
949 1609 1050 1678 τῆς
1085 1608 1303 1679 ἡλικίας
1335 1610 1530 1662 ἀνύων.
1569 1610 1744 1661 Ἐκεί-

155 1713 255 1747 νου
307 1699 406 1764 μὲν
439 1697 503 1767 δὴ
533 1698 720 1766 ὄγδοον
751 1703 808 1751 ὲν
850 1701 996 1770 αὐτῷ
1028 1701 1496 1770 διαμεμενηκότος
1527 1701 1739 1771 χρόνον,

154 1787 434 1855 λαμϐάνει
466 1792 543 1851 τίς
577 1807 707 1840 ποτε
741 1795 830 1840 τὸν
865 1791 1131 1858 Κύριλλον
1163 1793 1323 1855 πόθος
1362 1794 1460 1860 τῆς
1488 1797 1579 1844 του
1633 1795 1742 1844 Κυ-

1857 607 1909 652 et
1944 603 2347 659 narrationibus
2401 605 2472 660 ita
2508 607 2650 662 illius
2686 610 2922 664 animam
2974 612 3248 684 voluptate
3279 631 3430 670 com-

1855 691 2078 759 plesset,
2127 694 2178 746 in
2231 710 2365 764 pace
2404 697 2627 751 dimisit.
2670 699 2900 765 Quando
2935 712 3141 767 autem,
3194 713 3246 758 et
3305 706 3424 774 ipse

1855 781 2034 852 legum
2078 784 2331 855 Origenis
2379 787 2608 859 diligens
2664 803 2871 857 custos,
2923 793 3174 860 Nonnus,
3226 800 3430 868 turpis—

1858 873 1999 925 simo
2031 876 2179 928 exitu
2217 878 2381 932 vitam
2431 882 2672 952 abrupit,
2713 883 3008 955 tracueque
3058 887 3279 943 fuerunt
3312 905 3432 944 om-

1857 983 1956 1021 nes
2014 983 2207 1024 corum
2259 973 2436 1037 vires;
2490 984 2544 1027 et
2607 979 2843 1032 cessavit
2900 980 3101 1034 bellum
3164 985 3430 1042 adversus

1855 1059 2222 1129 orthodoxos;
2276 1073 2330 1116 et
2384 1064 2459 1118 illi
2517 1066 2657 1120 inter
2710 1082 2832 1122 sese
2888 1073 3071 1140 przelia
3129 1077 3344 1137 cierunt
3376 1094 3432 1138 et

1853 1152 2130 1219 pericula;
2190 1155 2456 1226 multique
2508 1159 2562 1212 in
2609 1158 2924 1218 Charitonis
2959 1168 3215 1232 speicum
3254 1175 3430 1228 venti-

1856 1253 2056 1308 tantes,
2125 1263 2232 1301 non
2296 1266 2521 1318 parvam
2586 1253 2772 1307 divino
2839 1257 3061 1326 Cyriaco
3123 1262 3428 1320 molestiam

1855 1337 2205 1405 exhibebant,
2260 1341 2380 1410 ejus
2433 1343 2712 1398 silentimn
2767 1356 2821 1400 et
2881 1349 3116 1416 quietem
3171 1352 3430 1408 intertur-

1853 1427 2081 1493 bantes;
2136 1432 2202 1486 ad
2243 1431 2492 1488 Susacim
2532 1451 2747 1489 rursum
2784 1440 2990 1493 recedit
3036 1441 3146 1510 (20)
3181 1459 3304 1498 cum
3339 1463 3432 1502 no-

1853 1533 1982 1572 nnm
2030 1520 2140 1586 jam
2174 1531 2227 1575 et
2264 1526 2676 1594 nonagesimum
2711 1531 2887 1585 aetatis
2927 1547 3130 1586 annum
3165 1538 3428 1606 expleret.

1851 1609 1987 1664 Cum
2019 1622 2198 1666 autem
2233 1615 2320 1668 ille
2351 1627 2476 1670 octo
2513 1619 2564 1671 in
2602 1635 2668 1672 eo
2706 1623 3000 1679 mansisset
3029 1643 3222 1696 annos,
3259 1630 3430 1702 Cyril-

1852 1702 1963 1755 lum
2033 1705 2324 1774 aliquando
2383 1708 2614 1763 incessit
2671 1711 3000 1770 desiderium
3068 1722 3428 1781 conveniendi

1850 1794 2084 1866 Cyriaei.
2124 1799 2181 1852 lu
2217 1799 2422 1854 lauram
2455 1803 2633 1871 itaque
2666 1805 2820 1859 Suca:
2866 1811 3113 1873 veniens,
3150 1827 3213 1866 ac
3269 1813 3432 1883 hujus

159 1881 364 1946 ριακοῦ
429 1880 664 1948 ὁμιλίας.
728 1882 836 1933 Καὶ
898 1884 979 1944 είς
1031 1884 1129 1954 την
1177 1884 1384 1954 λαύραν
1439 1883 1610 1937 ἐλθὼν
1653 1883 1740 1937 τοῦ

1855 1887 2186 1956 discipulum
2253 1889 2519 1946 Joannem
2582 1911 2892 1961 assumens,
2963 1903 3124 1958 ambo
3185 1903 3428 1960 Susacim

156 1969 368 2027 Σουκᾶ,
408 1971 498 2019 καὶ
536 1972 623 2022 τὸν
658 1972 848 2024 τούτου
895 1974 1147 2044 μαθητὴν
1192 1975 1447 2046 Ἰωάννην
1500 1977 1748 2047 παραλαο

157 2058 297 2122 ϐων,
351 2063 442 2112 τὸν
495 2062 775 2133 Σουσακὶμ
822 2065 990 2133 ἄμφω
1037 2068 1596 2139 καταλαμϋάνουσιν·
1648 2072 1748 2121 οὐκ

156 2153 406 2217 ἔλαττον,
453 2157 485 2223 ἢ
533 2158 856 2226 ἐνενήκοντα
909 2161 1152 2220 σταδίους
1205 2164 1306 2232 τῆς
1382 2163 1588 2234 λαύρας
1640 2165 1746 2216 ἀπο

159 2247 390 2322 έχοντα.
442 2251 529 2313 Ὠς
563 2247 654 2304 οὖν
702 2253 931 2324 πλησίον
968 2256 1218 2322 ἐγένοντο
1245 2258 1367 2330 ἤδη,
1403 2258 1537 2312 λέων
1563 2261 1747 2324 αὐτοῖς

160 2344 389 2410 μεγέθει
421 2345 675 2412 μέγιστος
707 2348 800 2398 καὶ
837 2349 1219 2419 φοϐερώτατος
1247 2354 1377 2406 ίδείν
1406 2355 1742 2427 ὑπαντήσας,

155 2432 448 2500 διετάραξέ
503 2451 559 2484 τε
611 2434 701 2485 τὸν
757 2437 1047 2509 Κύριλλον,
1101 2439 1294 2509 ῶσπερ
1342 2445 1510 2507 είκὸς,
1542 2450 1634 2498 καί
1665 2448 1744 2508 εἰς

153 2520 278 2585 δέος
331 2523 610 2577 ἐνέϐαλεν.
665 2524 825 2577 Οὕτω
876 2529 1060 2581 τοίνυν
1107 2531 1136 2583 6
1192 2531 1443 2602 μαθητὴς
1487 2533 1744 2605 Ίωάννης

157 2614 357 2682 ἔχοντα
388 2614 476 2665 τὸν
509 2615 678 2687 ἄνδρα
712 2616 856 2679 ἰδὼν,
892 2620 982 2690 Μὴ
1012 2619 1206 2686 δέδιθι,
1241 2623 1365 2692 ἔφη.
1395 2626 1503 2677 Καὶ
1527 2626 1557 2676 6
1587 2625 1767 2691 λέων,

153 2705 230 2766 ὡς
263 2706 400 2774 πρὸς
431 2707 522 2757 τὸν
552 2706 705 2774 ἇγιον
736 2709 935 2771 αὐτοὺς
972 2713 1234 2774 ἀπιόντας
1268 2714 1431 2780 ἔγνω,
1467 2717 1651 2781 ὑπεῖξε
1683 2733 1741 2768 τε

153 2797 255 2862 τῆς
307 2796 430 2848 ὀδοῦ
479 2799 664 2861 εὐθὺς,
694 2800 789 2852 καὶ
815 2802 969 2854 αὐτοὶ
1001 2803 1191 2857 κακῶν
1241 2807 1472 2872 ἀπαθεὶς
1505 2809 1738 2880 διῆλθον.

153 2884 398 2948 Τούτους
443 2890 475 2956 η
517 2889 637 2955 ἱερά
676 2891 884 2960 κεφαλὴ
939 2894 1125 2966 ἐκείνη
1181 2895 1518 2969 θεασαμένη,
1571 2901 1742 2971 ὑπερ-

154 2983 302 3054 ήσθη
329 3000 388 3038 τε
418 2985 639 3050 αὐτίκα,
682 2987 775 3039 καὶ
807 2987 905 3056 ἡδὺ
941 2991 1138 3054 αὐτοὺς
1173 2995 1266 3046 καὶ
1297 2997 1503 3048 οίκείον
1533 2995 1738 3065 ἰδοῦσα,

155 3079 548 3146 πρεσϐυτικῶς
596 3079 659 3132 εὖ
717 3081 861 3148 μάλα
903 3082 992 3134 καὶ
1023 3085 1344 3152 χαριέντως,
1394 3087 1548 3152 Ἰδοὺ,
1580 3090 1737 3160 φησὶ,

156 3172 254 3223 καὶ
292 3173 318 3222 ὁ
370 3171 830 3243 συγκοινοόιώτης
881 3190 971 3241 μοι
1018 3173 1146 3245 [μου
1185 3174 1238 3247 1]
1271 3175 1554 3246 Κύριλλος.
1607 3178 1740 3234 Εἶτα

157 3263 480 3330 παραμίξας
535 3279 588 3314 τι
641 3267 733 3317 καὶ
785 3267 1008 3327 παιδιᾶς
1053 3271 1083 3320 ό
1125 3268 1374 3340 μαθητὴς
1442 3270 1734 3342 Ἰωάννης.

167 3356 336 3408 Ἀλλὰ
385 3356 592 3418 τοῦτον,
647 3353 822 3421 εἶπεν,
856 3360 884 3410 6
931 3359 1091 3426 λέων,
1125 3361 1328 3434 Πάτερ,
1368 3365 1562 3428 δεινῶς
1614 3369 1738 3440 ἐφό-

154 3446 320 3516 ϐησε,
368 3448 461 3500 καὶ
517 3449 688 3502 δειλὸν
743 3451 995 3518 ἀπέδειξε
1049 3455 1320 3524 φανερῶς.
1364 3457 1429 3510 Ἠ
1479 3459 1536 3517 δὲ
1582 3461 1740 3532 ἱλαρὰ

151 3541 306 3612 ψυχὴ
336 3541 518 3612 ἐκείνη
546 3562 557 3572 ο
593 3545 664 3597 Σὺ
699 3545 754 3598 δὲ
787 3546 924 3600 ἀλλὰ
960 3547 1034 3617 μὴ
1067 3548 1260 3615 φοῦοὖ,
1293 3547 1436 3613 εἷπε,
1466 3552 1682 3604 τέκνονο
1712 3557 1739 3606 6

153 3639 268 3704 γὰρ
325 3635 463 3687 λέων
524 3629 679 3698 οὗτος
741 3637 977 3691 ἐνταῦθα
1033 3656 1125 3708 μοι
1197 3641 1505 3713 παραμένει
1563 3643 1740 3711 φύλαξ

153 3728 392 3797 ἀκριϐὴς
444 3730 552 3778 τῶν
599 3728 883 3795 λαχάνων·
922 3734 1015 3782 καὶ
1070 3733 1193 3784 οὕτε
1247 3735 1422 3804 θηρίῳ
1456 3739 1738 3808 εἰσφοιτᾲν

155 3821 438 3886 συγχωρεῖ
480 3819 677 3884 οὐδενὶ,
733 3821 853 3873 οὐδὲ
904 3823 1098 3890 ἀγρίου
1132 3827 1285 3897 αἰγὸς
1317 3828 1528 3897 ἓφεδον,
1559 3827 1734 3901 οἶμαι,

150 3925 220 3959 τα
255 3910 466 3978 λάχανα
502 3909 690 3976 δέδιεν,
726 3913 1090 3984 ἐγρηγορὸτος
1115 3918 1208 3973 τοῦ
1241 3921 1502 3987 φύλακος.

231 4001 362 4054 Εἶτα
419 4005 590 4058 πολλά
624 4008 752 4077 περὶ
801 4006 909 4059 τῶν
942 4012 1083 4064 κατὰ
1113 4013 1210 4082 την
1242 4015 1450 4084 ἔρημον
1479 4014 1739 4086 Πατέρων

150 4095 466 4162 διεξελθὼν,
501 4099 593 4151 καὶ
620 4099 796 4172 ταύτῃ
827 4102 1218 4177 διαναστήσας,
1253 4106 1346 4159 καὶ
1383 4111 1741 4179 κινητικώταο

149 4206 268 4255 τον,
305 4183 417 4240 οἷον
449 4192 532 4251 εὶς
589 4193 811 4262 ἀρετὴν,
849 4196 1033 4256 αὐτοῖς
1069 4197 1246 4268 ἔρωτα
1279 4199 1560 4265 ὲμὸαλὼν,
1609 4205 1741 4272 τρά,

151 4282 329 4343 πεζαν
362 4279 750 4350 παρατίθησιν.
795 4283 1059 4337 Ἐνταῦθα
1091 4288 1117 4339 6
1150 4286 1286 4343 λέων
1321 4292 1634 4363 ἐφίσταται.
1679 4295 1736 4349 Ὀ

149 4369 206 4423 δὲ
239 4373 316 4439 τῳ
348 4375 524 4443 θηρίῳ
569 4379 669 4441 μὲν
710 4374 873 4446 ἄρτον
910 4394 969 4428 τε
1014 4381 1080 4450 τῇ
1114 4380 1260 4449 χειρὶ
1299 4383 1503 4453 ὀρέγει,
1541 4389 1632 4438 καὶ
1661 4390 1741 4450 εἰς

152 4463 407 4531 φυλακην
443 4467 633 4531 ἀφίησι
671 4467 780 4516 τῶν
807 4467 1077 4538 λαχάνων.
1115 4474 1255 4542 Πρὸς
1289 4476 1345 4527 δὲ
1377 4480 1500 4540 τοὺς
1531 4495 1737 4547 συγκα-

1851 1983 2200 2048 perveniunt,
2235 1985 2327 2054 qui
2375 1986 2529 2041 locus
2571 2005 2679 2043 non
2725 1992 2904 2045 minus
2937 2009 3099 2064 quam
3136 1998 3429 2068 nonaginta

1849 2073 2022 2126 stadia
2067 2075 2258 2129 aberat
2305 2092 2336 2132 a
2383 2077 2557 2134 laura.
2593 2081 2728 2136 Cum
2762 2094 2942 2139 autem
2980 2087 3336 2146 adventarent
3377 2102 3431 2145 et

1848 2181 2017 2235 prope
2053 2166 2160 2232 iam
2195 2180 2401 2234 essent,
2435 2171 2518 2225 leo
2566 2173 2698 2242 ipsis
2733 2178 3106 2245 magnitudine
3137 2183 3427 2246 maximus,

1851 2255 2078 2325 visuque
2139 2259 2594 2326 terribilissimus,
2630 2279 2950 2328 occurrens,
3010 2268 3291 2340 Cyrillum.
3368 2284 3428 2336 ut

1849 2359 2279 2404 consentaneum
2317 2362 2418 2417 est,
2452 2355 2820 2417 centurbavit,
2867 2369 2920 2414 et
2953 2359 3007 2414 in
3045 2375 3248 2418 metum
3288 2378 3426 2418 con-

1843 2435 1995 2504 jecit.
2046 2437 2183 2492 Cum
2231 2441 2394 2508 igitur
2427 2443 2729 2511 discipulus
2765 2445 3009 2504 Joannes
3045 2451 3116 2504 ita
3167 2453 3426 2509 affectum

1850 2528 2026 2582 virum
2084 2531 2310 2586 vidisset
2371 2551 2382 2586 :
2435 2533 2512 2588 Ne
2559 2546 2763 2600 metue,
2823 2539 3018 2610 inquit.
3070 2542 3180 2598 Leo
3220 2558 3426 2606 autem.

1847 2628 1905 2672 ut
1944 2636 2039 2676 eos
2074 2623 2137 2677 ad
2172 2635 2420 2680 sanctum
2457 2641 2648 2685 euntes
2689 2634 2930 2701 agnovit,
2968 2634 3050 2688 via
3101 2637 3263 2690 cessit
3301 2653 3429 2708 pro-

1847 2709 2017 2774 tinus,
2076 2722 2132 2766 et
2189 2714 2288 2784 ipsi
2330 2717 2598 2770 malorum
2656 2721 2928 2775 immunes
2964 2728 3423 2791 pertransierunt,

1845 2799 1956 2855 Hos
2010 2816 2134 2855 cum
2188 2819 2405 2859 sacrum
2458 2806 2590 2862 illud
2647 2822 2810 2880 caput
2855 2818 3177 2882 aspexisset,
3232 2834 3428 2891 supra.

1844 2892 2067 2946 modum
2109 2897 2291 2950 statim
2317 2899 2512 2968 gaudio
2541 2901 2845 2959 oblcetatus
2869 2917 2970 2968 cst,
3003 2923 3206 2978 eosque
3232 2910 3430 2968 blande

1844 2998 1907 3038 ac
1954 2985 2222 3042 benevole
2268 2989 2508 3052 intuens.
2561 2995 2807 3049 seniliter
2849 2998 2990 3052 bene
3026 3003 3181 3068 plane
3220 3021 3285 3060 ac
3341 3023 3431 3059 ve.

1842 3085 2024 3141 nuste,
2066 3076 2230 3144 Ecce,
2264 3081 2459 3151 inquit,
2504 3089 2886 3143 concmnobita
2921 3107 3072 3147 meus
3105 3095 3219 3169 (2|)
3250 3096 3438 3173 Cyril-

1845 3168 1948 3223 lus.
1993 3169 2199 3226 Deinde
2257 3176 2504 3231 nonnihil
2567 3193 2785 3249 quoque
2833 3183 2942 3252 joci
2983 3168 3305 3242 admiscens
3352 3191 3438 3244 di.

1843 3262 2087 3326 scipulus
2132 3263 2374 3320 Joannes
2415 3285 2428 3319 :
2472 3267 2576 3323 Sed
2607 3286 2753 3334 eum,
2788 3273 2984 3342 inquit,
3013 3276 3190 3345 Pater,
3227 3281 3422 3335 mirum

1844 3351 1896 3404 in
1950 3352 2169 3406 modum
2205 3355 2291 3408 leo
2354 3360 2573 3423 terruit,
2620 3363 3017 3437 manifestoque
3068 3385 3269 3438 pavore
3304 3389 3427 3447 per-

1842 3444 1997 3497 culit.
2030 3443 2226 3501 Hilaris
2272 3457 2453 3502 autem
2487 3449 2576 3504 illa
2601 3453 2780 3508 anima
2817 3472 2831 3508 :
2862 3457 2929 3510 At
2961 3466 3038 3523 tu,
3068 3456 3176 3514 noli
3211 3443 3425 3527 timere.

1843 3535 2039 3605 inquit,
2089 3539 2161 3592 titi
2196 3557 2209 3593 :
2244 3537 2334 3594 leo
2373 3543 2517 3596 enim
2562 3543 2661 3598 iste
2691 3545 2780 3600 hic
2810 3549 2939 3602 milii
2967 3563 3166 3619 manet,
3196 3555 3430 3626 diligens

1841 3636 2028 3678 custos
2083 3627 2313 3691 olerum,
2351 3632 2442 3698 qui
2495 3632 2698 3686 nullam
2749 3635 2925 3691 feram
2980 3641 3186 3708 ingredi
3246 3646 3424 3701 sinit:

1843 3727 2176 3787 quapropter
2206 3735 2306 3776 nec
2336 3724 2565 3790 agrestis
2599 3739 2809 3794 capreae
2842 3728 3146 3800 incursum,
3180 3745 3236 3789 ut
3270 3748 3422 3810 puto,

1844 3807 2128 3862 timuerint
2155 3807 2324 3875 olera,
2361 3811 2464 3866 hoc
2493 3813 2752 3884 vigilante
2779 3821 3026 3878 custode.

1916 4007 2124 4066 Deinde
2175 4027 2299 4067 cum
2349 4015 2515 4072 multa
2572 4017 2640 4073 de
2683 4018 2953 4090 Patribus,
2999 4027 3089 4099 qui
3137 4029 3190 4082 in
3239 4046 3423 4087 eremo

1842 4102 2132 4173 degebant.
2183 4119 2480 4173 narrasset,
2528 4126 2592 4166 ac
2638 4113 2715 4167 sic
2748 4116 2827 4169 eis
2867 4120 3079 4174 animos
3110 4123 3418 4190 excitasset,

1843 4195 2306 4266 acerrimumqne,
2360 4216 2486 4271 erga
2539 4204 2792 4262 virtutem
2850 4210 3121 4280 videlicet,
3175 4231 3420 4273 amorem

1845 4287 2187 4352 incussisset,
2233 4306 2478 4346 mensam
2531 4299 2776 4364 apponit.
2818 4299 2916 4355 Hic
2946 4303 3031 4355 leo
3072 4311 3416 4374 supervenit.

1843 4378 1934 4435 ille
1989 4393 2170 4436 autem
2227 4384 2415 4437 bestiae
2470 4401 2667 4454 panem
2727 4404 2893 4445 manu
2948 4394 3198 4466 porrigit,
3250 4409 3304 4454 et
3353 4403 3420 4460 ad

1845 4472 2053 4526 olerum
2092 4474 2398 4529 custodiam
2443 4479 2695 4534 remittit.
2749 4482 2828 4536 Ad
2883 4489 3272 4544 accumbentes
3321 4507 3416 4547 auo

149 4557 604 4624 τακεκλιμένους,
672 4556 904 4625 Ἀγαθὸν
961 4576 1046 4626 γε,
1098 4555 1142 4614 ὦ
1192 4565 1377 4628 τέκνα,
1438 4565 1581 4630 εἷπε,
1641 4571 1731 4622 τοῦ

1850 4572 1946 4616 tem
1981 4579 1993 4614 :
2025 4562 2230 4630 Habeo,
2285 4569 2384 4630 ait,
2434 4584 2468 4622 ο
2517 4570 2635 4633 tltii,
2690 4573 2894 4628 bonum
2941 4579 3056 4646 agri
3108 4584 3417 4643 custodem.

147 4645 327 4717 ἀγροῦ
361 4648 579 4716 φύλακα
610 4651 906 4721 κέκτημαι.
941 4653 1078 4706 Οὔτε
1103 4658 1211 4726 γὰρ
1243 4656 1444 4728 ἄρκτος
1474 4661 1731 4726 ἐνταῦθα,

150 4741 274 4794 οὐδὲ
315 4739 506 4812 θηρίον
536 4741 664 4795 ἄλλο
699 4759 771 4808 τι,
807 4744 923 4796 ἀλλ’
953 4746 1074 4798 οὐδὲ
1113 4747 1341 4818 λῃστὴς,
1373 4751 1492 4804 οὐδὲ
1525 4753 1734 4824 βάρϐα-

152 4847 245 4900 ρος
297 4833 416 4896 τοις
460 4831 716 4898 παριοῦσι
766 4829 859 4886 τόν
911 4836 1080 4906 ἀγρὸν
1115 4839 1441 4906 ἐπιτίθεται.
1497 4845 1733 4908 Κολαζει

151 4922 264 4990 γὰρ
297 4923 391 4973 καὶ
422 4918 503 4992 [in
531 4927 706 4976 codice
734 4927 767 4980 2
798 4929 1023 4982 deletum
1063 4941 1138 4984 est
1168 4930 1283 5004 καί]
1315 4933 1508 4998 αὐτοὺς
1545 4938 1730 5000 δεινῶς

152 5018 246 5068 καὶ
277 5015 572 5071 ἀπόλλυσιν
597 5019 623 5071 6
653 5017 810 5072 λέων.

227 5111 353 5172 Τοῖς
385 5111 485 5180 μὲν
518 5109 612 5166 οὖν
635 5112 762 5184 ὅλην
796 5115 925 5184 παρ’
954 5119 1102 5189 αὐτῷ
1132 5123 1347 5196 ἡμέραν
1377 5127 1728 5195 διαγαγοῦσι,

151 5203 247 5257 καὶ
297 5202 396 5270 τῆς
429 5203 782 5269 διδασκαλίας
820 5208 1038 5277 ἐκείνης
1088 5216 1183 5267 καὶ
1217 5215 1314 5285 τῆς
1356 5219 1732 5292 ἐκκεχυμένης

149 5298 206 5347 ἐν
237 5297 350 5356 τοῖς
404 5296 610 5365 χείλεσι
664 5297 832 5352 αὐτοῦ
881 5303 1105 5374 χάριτος
1148 5305 1550 5373 ἀπολαύσασιν,
1581 5313 1733 5367 εὐλο-

150 5388 273 5456 γίας
305 5403 361 5439 τε
387 5383 468 5449 είς
509 5389 607 5454 τὴν
639 5391 766 5460 ἑξῆς
796 5395 1142 5462 μεταδίδωσι,
1175 5401 1268 5451 καὶ
1304 5403 1360 5452 ἐν
1384 5401 1574 5472 εἰρήνῃ
1600 5405 1732 5455 ἀπο-

149 5480 286 5532 λύει.
325 5480 438 5534 Καὶ
466 5479 494 5529 6
525 5477 661 5532 λέων
697 5484 882 5550 ὑπεῖξε
930 5503 1005 5554 τε,
1046 5490 1227 5552 αὐτοῖς
1268 5487 1448 5554 αὖθις,
1499 5496 1592 5545 καὶ
1627 5494 1731 5548 ὑπ·

149 5573 345 5624 ἔπεσεν
377 5573 614 5640 ἣκοντας
647 5572 906 5642 [ηκοντας
946 5579 1003 5642 Ξ,
1035 5581 1245 5635 εἴκουσι
1277 5583 1348 5655 η,
1389 5583 1480 5635 καὶ
1503 5585 1600 5652 τῆς
1641 5589 1731 5639 ἐπὶ

151 5665 215 5715 τὰ
247 5665 428 5714 οἰκεῖα
457 5664 739 5732 χαίροντες
767 5670 997 5739 εἴχοντο.

225 5797 335 5870 (νο)
371 5796 627 5854 Exeunte
658 5799 761 5854 546
791 5805 877 5859 vel
912 5807 1135 5868 ineunte
1161 5813 1282 5872 5J7.

470 5895 743 5954 PATROL.
794 5897 906 5960 Gn.
957 5905 1131 5972 CXV.

1836 4652 2026 4724 Neque
2057 4658 2202 4710 enim
2247 4658 2337 4712 hic
2369 4675 2548 4721 ursus,
2599 4676 2778 4733 neque
2829 4666 2933 4720 alia
2981 4671 3249 4740 quaepiam
3281 4674 3418 4742 fera,

1835 4748 1929 4799 sed
1967 4763 2144 4817 neque
2187 4751 2388 4818 praedo,
2437 4767 2616 4822 neque
2662 4756 2928 4814 barbarus
2981 4776 3076 4816 eos
3107 4766 3198 4833 qui
3230 4781 3416 4837 agrum

1836 4851 2218 4909 pertranseunt
2263 4844 2491 4903 invadit.
2552 4846 2676 4903 Illos
2732 4868 2966 4924 namque
3009 4858 3209 4914 acriter
3278 4863 3414 4919 ulci-

1836 4930 2007 4982 scitur
2034 4944 2095 4983 ac
2125 4932 2346 4999 perimit
2377 4933 2460 4988 leo
2494 4973 2509 4988 .

1906 5124 2042 5183 Cum
2081 5130 2246 5200 igitur
2279 5141 2452 5190 totum
2499 5138 2641 5206 apud
2671 5155 2796 5195 eum
2830 5143 2975 5200 diem
3006 5150 3414 5220 transegissent,

1836 5236 1899 5276 ac
1960 5225 2210 5282 doctrina
2263 5228 2350 5283 illa
2402 5239 2458 5282 et
2506 5232 2700 5289 diffusa
2758 5237 2810 5291 in
2861 5241 2980 5309 ejus
3034 5241 3189 5295 labiis
3240 5248 3412 5312 gratia

1838 5316 2001 5371 fructi
2049 5332 2256 5382 essent.
2288 5322 2726 5382 benedictionem
2758 5329 3110 5400 imposterum
3148 5336 3410 5408 impertit,

1836 5424 1897 5461 ac
1934 5411 1984 5461 in
2018 5426 2150 5482 pace
2188 5413 2437 5470 dimittit.
2486 5415 2595 5471 Leo
2638 5430 2821 5476 autem
2868 5423 2947 5478 eis
2995 5440 3180 5482 rursus
3229 5433 3413 5494 cessit,

1836 5510 1887 5553 et
1916 5501 2192 5556 blanditus
2223 5515 2305 5559 est
2332 5523 2346 5572 ;
2378 5509 2565 5579 sicque
2597 5512 2666 5570 ad
2695 5515 2913 5582 propria
2941 5515 3047 5573 lati
3080 5533 3412 5577 remearunt.

1911 5832 2018 5901 (‘2!)
2070 5832 2304 5907 Cyrillus
2362 5835 2412 5889 in
2454 5846 2644 5893 eodem
2707 5857 2813 5911 qun
2849 5842 3106 5915 Cyriacus
3141 5858 3410 5910 manserat

3081 5937 3152 5999 30
