3956 6510
151 459 256 521 945

1099 456 1276 518 VITA
1312 459 1369 519 S.
1407 455 1786 520 GREGORII
1832 449 2460 514 ILLUMINATORIS.

3309 443 3413 505 946

145 574 244 639 την
275 570 552 635 ἐξουσίαν,
587 571 716 641 περὶ
747 570 846 640 τὴν
870 570 1280 640 ἁστρούεὰμονα
1306 571 1413 623 τῶν
1446 570 1730 626 Χαλδαίων
1762 621 1765 632 λ

1872 583 1952 620 tun
2009 564 2326 634 sapientia,
2385 577 2507 632 qua:
2567 568 2812 615 versatur
2865 560 2917 613 in
2980 561 3414 630 contemplandis

144 664 410 732 ἐσχόλαζε
463 663 682 732 σοφίαν,
719 663 812 715 καί
860 679 914 715 τι
963 661 1189 716 συνιδὼν
1244 661 1474 725 ἐκεῖθεν,
1528 663 1594 730 τῇ
1639 677 1735 728 γυ-

146 758 296 808 ναικὶ
342 756 482 809 κατὰ
513 755 612 824 τὴν
654 753 863 825 σκηνὴν
900 753 1288 821 συγκαθεύδων
1318 754 1383 806 ἂν
1422 749 1599 818 εἶπεν,
1635 753 1732 816 ὡς,

149 844 243 910 Ἐξ
267 839 343 897 ὧν
375 845 442 914 μὲ
473 844 819 897 διδάσκουσιν
855 844 902 897 οἱ
930 845 1038 895 τῶν
1074 845 1322 912 ἀστέρων
1343 844 1555 913 δρόμοι,
1585 843 1738 907 εἴτις

145 941 521 993 ὶπανάστισιν
571 939 713 992 κατὰ
743 938 836 990 τοῦ
873 938 1072 992 οίκείου
1095 938 1356 992 δεσπότου
1389 940 1444 990 ὲν
1479 938 1556 1006 τῷ
1587 955 1734 1008 παρ-

146 1032 264 1084 όντι
314 1028 492 1099 καιρῷ
545 1030 918 1100 μελετήσειεν,
970 1030 1069 1082 οὐκ
1102 1071 1116 1094 ,
1154 1028 1263 1096 ἔγω
1320 1045 1382 1098 γε
1436 1023 1614 1096 οἶμαι,
1645 1027 1738 1081 τοῦ

148 1122 363 1175 σκοποῦ
394 1125 598 1182 ἐκεῖνος
635 1122 725 1173 καὶ
753 1120 855 1188 τῆς
881 1120 1064 1190 ὁρμῆς
1093 1119 1487 1190 ψευσθήσεται.

226 1214 300 1267 B'.
346 1215 453 1266 Καὶ
490 1212 663 1266 ταῦτα
710 1209 906 1276 εἰπὼν,
936 1213 1014 1273 είς
1049 1211 1217 1264 ὕπνον
1258 1210 1492 1279 ἐτράπη.
1533 1211 1646 1264 Μία
1682 1210 1738 1264 δὲ

151 1307 267 1360 τῶν
307 1304 776 1373 ὑπηρετουμένων
813 1307 878 1374 τῇ
926 1303 1193 1372 βασιλίδι,
1237 1303 1345 1355 τῶν
1398 1303 1541 1355 κατὰ
1586 1304 1743 1371 γένος

151 1398 444 1466 ιπιφανῶν
481 1396 620 1464 αῦτη
656 1396 906 1464 θυγάτηρ
938 1392 1075 1449 οῦσα
1096 1438 1110 1461 ,
1151 1395 1390 1466 συνήθης
1421 1392 1489 1467 ἦν
1520 1399 1612 1449 ἐπὶ
1642 1414 1746 1449 σω-

154 1491 347 1558 μάτων
380 1487 566 1559 ὁμιλία
593 1489 698 1540 τινὶ
757 1488 866 1541 τῶν
893 1489 989 1550 τὰς
1022 1487 1246 1557 πρώτας
1281 1489 1453 1558 ἀρχὰς
1483 1488 1745 1541 διοικούν-

150 1597 288 1642 των,
332 1580 390 1646 ἐξ
431 1580 732 1648 Ἀσσυρίων
766 1581 864 1650 μὲν
901 1581 1288 1650 καταγομένῳ,
1339 1581 1658 1649 καλουμένῳ
1690 1581 1746 1633 δὲ

168 1669 556 1738 Ἀρτασείρας.
615 1671 711 1730 ’ος
768 1668 1028 1730 πολλάκις
1090 1669 1189 1736 μὲν
1246 1670 1340 1721 καὶ
1393 1670 1514 1723 καθ’
1557 1669 1747 1722 ἑαυτὸν

156 1760 430 1812 ὰνείλιττε
466 1761 564 1829 τὴν
591 1760 880 1828 τυραννίδα
903 1796 919 1822 ,
957 1759 1052 1812 καὶ
1097 1761 1210 1822 τοῖς
1252 1761 1598 1823 πιστοτάτοις
1641 1761 1748 1813 τῶν

159 1848 337 1915 φίλων
387 1847 795 1916 μυστικώτερον
841 1848 1135 1913 ἐκοινοῦτο,
1172 1851 1400 1917 ἀγαγεῖν
1443 1849 1500 1902 δὲ
1545 1849 1750 1919 ταύτην

159 1941 238 1998 είς
273 1939 436 2007 εργον
466 1938 812 2005 ἀνεϐάλλετο,
846 1939 997 2007 φόϐῳ
1030 1939 1108 2008 τῷ
1143 1939 1243 2008 τῆς
1286 1940 1617 2010 ἀποτυχίας·
1655 1942 1752 2008 τῆς

161 2028 374 2097 σκηνῆς
405 2024 497 2082 οῦν
527 2028 667 2100 αῦτη
699 2029 978 2100 λαθραίως
1011 2028 1401 2095 ὑπεξελθοῦσα,
1437 2029 1630 2100 μηνύει
1661 2031 1752 2084 τὸν

163 2122 417 2190 χρησμὸν
466 2125 643 2176 πάντα
681 2122 756 2192 τῷ
800 2122 1148 2194 ’Δρτασείρᾳ,
1183 2123 1479 2193 παροξύνει
1524 2140 1584 2176 τε
1617 2125 1754 2194 πρὸς

162 2212 225 2265 το
258 2213 420 2282 ἔργον
473 2213 569 2267 καὶ
605 2214 796 2282 λόγους
844 2215 1085 2280 ἀπαιτεῖ,
1124 2216 1200 2278 ὼς
1239 2215 1329 2279 ἂν,
1375 2216 1422 2268 εί
1480 2215 1755 2287 ἐγκρατὴς

165 2310 396 2378 γένηται
441 2309 540 2379 τῆς
595 2307 827 2379 Πάρθων
872 2308 1068 2378 ἀρχῆς,
1115 2309 1373 2362 κοινωνὸν
1423 2308 1594 2378 αὑτὴν
1644 2309 1756 2378 εχοι

167 2401 291 2469 βίου
351 2402 444 2454 καὶ
495 2403 594 2471 τὴν
631 2400 909 2468 βασιλείαν
948 2402 1088 2472 αὐτῇ
1133 2401 1359 2472 ὀνόματί
1390 2419 1447 2455 τε
1485 2401 1582 2454 καὶ
1614 2401 1759 2473 πρά-

164 2509 342 2560 γματι
373 2492 785 2561 συμμερίζοιτο.
827 2491 887 2545 Ὀ
910 2492 964 2545 δὲ
997 2493 1296 2563 προθύμως
1347 2491 1502 2562 ὤμνυ
1539 2509 1598 2545 τε
1631 2494 1759 2555 τοὺς

168 2581 460 2652 πατρῴους
506 2583 682 2648 θεοὺς,
716 2585 810 2639 καὶ
863 2585 1036 2656 πέρας
1071 2585 1442 2654 ἐπηγγέλλετο
1475 2583 1662 2637 λαϐεῖν
1693 2584 1759 2636 τὰ

167 2676 568 2744 ὀμωμοσμένα,
607 2679 748 2730 κατὰ
793 2677 892 2747 τὴν
943 2675 1115 2746 ἀρχὴν
1155 2677 1354 2731 αὐτίκα
1392 2677 1491 2746 τῆς
1523 2677 1763 2747 ἀναρρή-

170 2785 332 2828 σεως.
373 2769 480 2820 Καὶ
508 2769 677 2820 ταῦτα
704 2770 1045 2840 αἰτησαμένη
1079 2771 1173 2821 καὶ
1205 2769 1271 2822 τὰ
1301 2770 1469 2822 πιστὰ
1498 2768 1761 2837 λαϐοῦσα,

172 2856 316 2922 μετᾶ
367 2858 603 2926 σπουδῆς
643 2859 801 2920 αὖθις
836 2860 935 2930 ’τὴν
972 2859 1259 2929 βασιλικὴν
1297 2859 1527 2929 σκηνὴν,
1560 2859 1762 2928 πολλὴν

169 2945 269 2999 τοῦ
294 2946 478 3000 λαθεῖν
511 2950 807 3019 ποιουμένη
855 2952 1110 3020 πρόνοιαν
1139 2952 1432 3022 ἀποτρέχει
1461 2966 1476 2984 ο
1502 2952 1672 3021 ὄνομα
1707 2949 1763 3002 δὲ

169 3040 252 3108 τῷ
300 3043 512 3112 γυναίῳ
569 3043 959 3109 ⁸Αρταδοῦκτα.
1029 3043 1088 3097 ’0
1139 3039 1232 3095 οὖν
1275 3047 1638 3116 Ἀρτασείρας
1685 3047 1766 3112 είς

173 3131 303 3183 νοῦν
335 3133 432 3202 τῆς
452 3135 722 3202 γυναικὸς
773 3135 872 3204 τὴν
917 3133 1177 3204 ἀγγελίαν
1211 3134 1526 3204 βαλόμενος,
1574 3137 1766 3199 δεινῶς

1835 659 2017 720 astris,
2046 666 2100 712 et
2130 672 2196 711 ex
2225 656 2333 709 illis
2354 654 2558 724 aliquid
2579 652 3072 714 animadvertisset,
3097 666 3218 705 cum
3251 665 3418 705 uxore

1838 750 2116 805 dormiens
2151 748 2204 801 itt
2251 745 2624 810 tabernaculo,
2657 745 2706 798 ei
2744 743 2880 798 dixit
2910 761 2922 797 :
2953 740 3028 795 Ex
3059 742 3146 799 iis.
3179 755 3299 810 qua:
3333 755 3420 794 me

1839 842 2038 896 docent
2071 853 2267 894 cursus
2317 846 2613 900 astrorum,
2659 835 2700 889 si
2735 835 2857 904 quis
2893 834 2945 886 in
2992 834 3244 902 praesenti
3278 841 3420 884 tem-

1841 950 1974 1001 pore
2003 934 2298 987 meditetur
2348 929 2808 984 insurrectionem
2849 929 3110 982 adversus
3139 941 3294 980 suum
3325 925 3424 977 do-

1844 1028 2074 1089 minum,
2129 1026 2217 1080 ille
2263 1024 2506 1093 quidem,
2548 1032 2608 1076 ut
2638 1021 2896 1085 arbitror,
2932 1035 3040 1074 non
3079 1017 3429 1073 frustrabitur

1845 1133 1944 1172 suo
1979 1131 2150 1185 scopo
2179 1125 2232 1170 et
2263 1115 2558 1170 desiderio.

1917 1208 1977 1262 ll.
2009 1208 2137 1264 Haec
2162 1223 2285 1262 cum
2330 1207 2575 1270 dixisset,
2612 1218 2910 1260 conversus
2940 1212 3022 1255 est
3053 1202 3116 1254 ad
3149 1211 3426 1253 somnum.

1850 1301 1965 1356 Una
1999 1311 2180 1355 autem
2222 1316 2286 1354 ex
2335 1300 2400 1352 iis
2464 1313 2586 1367 quae
2641 1295 2956 1350 serviebant
2994 1295 3214 1354 reginae.
3257 1306 3320 1342 ex
3364 1289 3433 1342 iis

1849 1402 1974 1446 nata
2031 1392 2121 1460 qui
2165 1400 2320 1446 erant
2356 1389 2551 1444 illustri
2586 1403 2809 1459 genere.
2844 1397 3161 1455 corpoream
3199 1383 3434 1435 habebat

1849 1485 2309 1538 consuetudinem
2339 1498 2461 1537 cum
2503 1481 2736 1552 quodam
2776 1495 2839 1533 ex
2873 1479 2939 1533 iis
2982 1477 3074 1546 qui
3108 1476 3313 1546 primos
3342 1474 3438 1544 goi-

1853 1575 2046 1628 rebant
2091 1574 2460 1644 magistratus,
2503 1573 2594 1642 qui
2631 1572 2898 1642 originem
2945 1567 3164 1638 quidem
3202 1566 3437 1619 ducebat

1852 1683 1914 1723 ex
1968 1666 2227 1737 Assyriis,
2273 1667 2570 1720 vocabatur
2616 1672 2798 1719 autem
2831 1663 3124 1716 Artasiras.
3163 1659 3264 1712 Hic
3293 1673 3440 1728 saepe

1855 1760 2075 1828 quidem
2104 1758 2246 1829 apud
2280 1774 2338 1814 se
2369 1758 2554 1812 animo
2596 1755 2960 1810 meditabatur
2987 1751 3348 1824 tyrannidem,
3383 1759 3440 1804 et

1854 1867 1976 1905 cum
2010 1849 2075 1903 iis
2108 1851 2199 1920 qui
2236 1865 2301 1904 ex
2334 1849 2523 1904 amicis
2555 1857 2711 1903 erant
2769 1845 3068 1901 ﬁdelissimi
3120 1843 3249 1897 illud
3279 1857 3436 1896 arca-

1788 1917 1825 1969 Β
1859 1955 1989 1992 num
2031 1917 2474 1994 communicabat
2507 1956 2517 1991 :
2553 1938 2604 1992 id
2642 1947 2823 1992 autem
2863 1936 2929 1991 ad
2979 1934 3236 1990 eﬂectum
3266 1932 3438 1988 dedu-

1857 2048 1981 2087 cere
2013 2031 2322 2097 din‘erebat,
2353 2031 2496 2102 quod
2525 2032 2742 2086 timeret
2767 2045 2836 2084 ne
2867 2045 2955 2085 res
2986 2027 3328 2082 succederet.
3365 2024 3437 2079 Ea

1857 2141 2013 2195 ergo,
2042 2126 2178 2180 clam
2198 2140 2414 2196 egressa
2446 2141 2476 2177 e
2501 2123 2874 2183 tabernaculo.
2902 2133 3070 2177 totam
3097 2137 3208 2176 rem
3238 2121 3444 2174 indicat

1859 2219 2137 2282 Artasiraa,
2191 2228 2244 2272 et
2308 2218 2372 2271 ad
2421 2232 2560 2288 opus
2608 2218 2834 2281 excitat,
2879 2217 3208 2286 promissum
3253 2213 3320 2267 ab
3375 2228 3443 2267 eo

1857 2312 2100 2382 exigens.
2124 2319 2204 2374 ut,
2241 2310 2285 2364 si
2319 2309 2644 2366 Parthorum
2682 2310 2920 2380 potiatur
2952 2307 3201 2377 imperio,
3237 2320 3356 2360 eam
3388 2313 3445 2358 et

1857 2403 1983 2458 vita:
2015 2404 2212 2458 habeat
2242 2403 2470 2466 sociam,
2535 2411 2590 2456 et
2625 2417 2746 2455 cum
2779 2416 2842 2454 ea
2878 2415 3102 2470 regnum
3135 2409 3190 2453 et
3223 2398 3447 2452 nomine

1862 2504 1918 2548 et
1965 2510 2026 2548 re
2071 2493 2297 2551 dividat.
2331 2492 2425 2548 Ille
2457 2500 2637 2549 autem
2671 2498 2926 2561 prompto
2959 2499 3013 2543 et
3058 2489 3224 2543 alacri
3264 2489 3448 2540 animo

1859 2585 2072 2653 juravit
2134 2586 2266 2638 deos
2299 2584 2507 2653 patrios
2540 2601 2553 2635 :
2587 2593 2641 2637 et
2677 2599 2798 2652 qua:
2839 2581 3037 2650 iuravit
3059 2579 3332 2649 pollicitus
3364 2585 3449 2632 est

1869 2679 2031 2732 linem
2063 2688 2376 2746 acceptura.
2401 2691 2526 2729 cum
2561 2678 2797 2745 primum
2833 2689 2924 2727 rex
2964 2673 3130 2728 fuerit
3160 2670 3448 2726 renuntia-

1864 2780 1971 2825 tus.
1997 2769 2131 2824 Cum
2164 2769 2279 2823 hmo
2313 2769 2574 2838 petiisset,
2619 2776 2673 2822 et
2716 2766 2878 2821 [idem
2914 2766 2983 2820 ab
3013 2780 3077 2818 eo
3126 2763 3447 2833 accepisset,

1863 2878 2095 2935 propere
2131 2864 2363 2917 recurrit
2398 2862 2450 2916 in
2487 2862 2696 2932 regium
2748 2859 3184 2922 tabernaculum,
3223 2869 3282 2912 ut
3314 2858 3450 2912 latc-

1867 2968 1969 3017 ret,
2005 2957 2298 3026 diligenter
2328 2957 2645 3026 providens.
2664 2954 2873 3008 Mulieri
2903 2963 3083 3006 autem
3110 2967 3310 3006 nomen
3335 2959 3454 3005 erat

1868 3049 2185 3102 Artaducta.
2221 3045 2494 3100 Artasiras
2514 3060 2664 3113 ergo,
2701 3043 2945 3097 mulieris
2987 3042 3239 3095 nuntium
3269 3039 3453 3094 animo

1867 3140 2103 3210 agitans,
2135 3147 2326 3207 captus
2351 3147 2467 3192 erat
2495 3136 2804 3191 vehementi
2835 3133 3098 3206 regnandi
3131 3133 3406 3187 desiderio
3437 3151 3450 3187 :

171 3223 255 3293 τῷ
287 3223 390 3292 τῆς
426 3227 597 3296 ἀρχῆς
629 3227 883 3298 ἡλίσκετο
931 3229 1114 3296 ἔρωτι,
1150 3229 1243 3279 καὶ⁵
1283 3229 1608 3294 συναγαγὼν
1638 3229 1764 3289 τοὺς

1872 3241 1924 3286 et
1954 3247 2077 3285 cum
2143 3232 2449 3298 collegisset
2496 3246 2561 3284 ex
2607 3228 2789 3284 Persis
2833 3237 2888 3283 et
2937 3229 3171 3295 Assyriis
3221 3241 3315 3281 eos
3359 3227 3453 3294 qui

175 3320 235 3369 tv
271 3316 422 3368 τέλει
461 3318 684 3386 Περσῶν
732 3334 790 3370 τε
823 3317 918 3370 καὶ
957 3319 1278 3387 Ἀσσυρίων,
1316 3316 1396 3382 οἷς
1432 3319 1663 3390 μάλιστα
1691 3318 1765 3384 ὡς

177 3411 530 3471 πιστοτάτοις
577 3408 838 3480 ἐθάρρει,
899 3411 991 3463 καὶ
1039 3414 1298 3465 κατεῖπεν
1329 3415 1385 3463 ἐν
1429 3413 1541 3474 τοῖς
1593 3413 1772 3480 λόγοις

176 3502 278 3569 τῆς
314 3501 548 3570 Πάρθων
587 3502 929 3567 ἀλαζονείας,
975 3507 1043 3556 τὰ
1090 3505 1250 3573 ὃμοια
1299 3504 1773 3573 συμϐουλεύοντας

180 3595 273 3645 καὶ
298 3594 497 3656 αὑτοὺς
529 3594 802 3664 εὑρίσκει·
837 3596 931 3648 καὶ
975 3597 1083 3664 γὰρ
1111 3595 1344 3666 ηὕχοντο
1375 3599 1642 3659 κάκεῖνοι,
1671 3596 1772 3665 τῆς

186 3690 286 3754 μὲν
330 3687 611 3753 Παρθικῆς
641 3686 1023 3753 ἀπαλλαγῆναι
1074 3686 1413 3754 τυραννίδος,
1456 3687 1514 3749 ἐξ
1544 3688 1774 3755 αἵματος

181 3780 238 3830 δὲ
285 3776 491 3828 οἰκείου
539 3776 634 3844 τὴν
679 3775 904 3844 Περσῶν
957 3776 1083 3828 ίδεῖν
1119 3777 1368 3842 ἐξουσίαν
1424 3776 1768 3846 ίθυνομένην.

183 3870 532 3937 Ψηφίζονται
569 3867 698 3932 γοῦν
728 3867 918 3938 ὥσπερ
951 3869 1049 3939 τῆς
1086 3869 1279 3940 βουλῆς
1311 3872 1577 3940 ἡγεμόνα,
1633 3869 1775 3922 οὓτω

185 3966 278 4020 καὶ
311 3963 422 4014 τῶν
454 3961 710 4032 πράξεων
743 3964 925 4022 αὑτιῖς
971 3963 1223 4030 γενέσθαι
1257 3963 1348 4015 τὸν
1393 3964 1773 4033 Ἀρτασείραν,

188 4055 284 4105 καὶ
306 4053 622 4121 πέμπουσιν
646 4052 915 4117 ἀγγέλους
944 4053 1077 4121 πρὸς
1120 4051 1483 4122 Ἀρταϐάνην,
1516 4055 1776 4120 ἐκστῆναι

188 4144 592 4214 παραινοῦντες
643 4145 736 4212 τῆς
784 4144 1060 4213 βασιλείας
1111 4146 1279 4215 χωρὶς
1357 4144 1624 4198 κινδύνων
1681 4146 1778 4198 καὶ

186 4240 298 4293 τῶν
329 4238 506 4292 ἄλλων
539 4238 602 4290 ὲκ
626 4238 720 4289 τοῦ
749 4237 986 4306 πολέμου
1017 4239 1424 4308 συμϐαινόντων
1459 4240 1665 4293 κακῶν.
1718 4239 1776 4290 Ὀ

185 4329 243 4380 δὲ
283 4327 420 4398 πρὸς
447 4328 508 4380 τὸ
539 4330 736 4380 οἰκεῖον
761 4326 1072 4394 ἀνενεγκὼν
1102 4330 1412 4398 μάντευμα.
1467 4333 1558 4382 καὶ
1587 4329 1777 4398 χρόνον

187 4421 289 4487 τὴν
341 4420 586 4490 κεφαλὴν
639 4421 941 4486 ὲπικλίνας,
985 4421 1303 4491 ἀπράκτους
1343 4425 1441 4490 μὲν
1499 4423 1623 4485 τοὺς
1676 4425 1780 4476 ἀπ-

189 4510 566 4579 εσταλμένους
600 4515 910 4582 ἐκπέμπει,
958 4513 1246 4564 ἐπαπειλεί
1301 4514 1376 4574 δὲ,
1406 4514 1479 4575 ὡς
1518 4516 1564 4564 εἰ
1622 4515 1780 4568 πάλιν

189 4601 440 4657 τοιοῦτόν
484 4619 536 4655 τι
584 4604 1024 4670 ἀπαγγελοῦντες
1065 4605 1374 4658 ἐλεύσονται

195 4692 436 4764 πρώτων
485 4692 581 4757 τὰς
615 4693 716 4762 τῆς
759 4693 970 4764 ὕϐρεως
1017 4695 1246 4764 λήψεται
1291 4695 1465 4760 δίκας.
1499 4699 1680 4768 Ζήκας
1711 4693 1776 4767 ἦν

193 4788 294 4842 καὶ
325 4785 574 4856 Καρίνας
604 4787 790 4850 αὑτοῖς
814 4787 883 4840 τὰ
915 4787 1178 4856 ὀνόματα.

269 4879 348 4933 I".
376 4881 486 4933 Kal.
504 4881 950 4950 ὑποστρέψαντες
983 4879 1417 4948 ἀπαγγέλλουσιν
1454 4881 1783 4952 Ἀρτασείρᾳ

195 4976 294 5026 καὶ
330 4974 444 5034 τοῖς
488 4973 717 5034 λοιποῖς,
769 4974 868 5025 ὅσα
899 4974 926 5024 ό
958 4972 1211 5043 βασιλεὺς
1244 4973 1364 5028 εῐπέ
1406 4991 1463 5026 τε
1496 4977 1588 5029 καὶ⁸
1623 4977 1784 5042 ἠπει-

197 5069 430 5136 λήσατο.
460 5062 592 5118 Εἶτα
620 5069 1006 5135 συγκροτεῖται
1068 5070 1158 5119 καὶ
1191 5069 1319 5138 παρ’
1360 5069 1638 5138 ἑκατέροις
1677 5067 1781 5119 πό-

197 5161 394 5229 λεμος.
425 5159 561 5229 Πρὶν
611 5159 643 5228 ἢ
696 5159 753 5211 δὲ
805 5160 1147 5230 συρραγῆναι
1195 5160 1383 5212 τοῦτον
1431 5161 1784 5232 Ἀρτασείρας

197 5249 456 5319 πέμψας,
501 5251 623 5314 ἄγει
677 5249 775 5320 τὴν
821 5249 1223 5319 ’Λρταδοὺκταν
1263 5252 1394 5320 πρὸς
1428 5251 1640 5312 ἑαυτὸν,
1695 5250 1788 5301 καὶ

198 5343 411 5408 ταύτην
442 5340 498 5388 ιν
534 5341 886 5411 ίσχυρωτάτῳ
919 5342 1163 5411 φρουρίῳ
1194 5345 1332 5409 μετὰ
1360 5343 1454 5410 τῆς
1480 5343 1662 5403 οὑσίας
1690 5343 1788 5392 αὑ-

201 5452 297 5488 του
346 5434 528 5501 πάσης
577 5435 919 5504 καθίστησιν.
983 5435 1070 5498 ’ος
1108 5435 1164 5488 δὲ
1219 5438 1298 5499 εἱς
1343 5439 1530 5506 χεῖρας
1583 5434 1689 5488 τῶν
1729 5453 1788 5487 τε

206 5527 441 5595 Περσῶν
476 5523 568 5576 καὶ
595 5524 700 5576 τῶν
738 5527 968 5597 Πάρθων
994 5530 1050 5580 αί
1079 5529 1339 5596 δυνάμεις
1374 5527 1656 5596 συνῆλθον,
1697 5529 1788 5579 πί-

207 5633 407 5670 πτουσι
444 5619 543 5687 μὲν
579 5618 918 5688 ἑκατέρωθεν
961 5621 1202 5672 πλεῖστοι
1230 5636 1241 5650 ο
1273 5620 1544 5687 ἀπέϐλεψε
1571 5620 1625 5671 δὲ
1654 5621 1791 5690 πρὸς

202 5711 298 5762 τὸν
334 5709 696 5778 Ἀρτατείραν
730 5709 926 5780 ἠνίκη.
957 5713 1224 5782 Δευτέρας
1251 5713 1304 5765 δὲ
1336 5713 1606 5783 συμϐολῆς
1641 5730 1792 5779 γενο-

213 5805 407 5871 μένης,
466 5803 526 5851 τὸ
578 5803 674 5869 μὲν
721 5801 994 5869 Παρθικὸν
1024 5804 1098 5868 τῷ
1150 5805 1394 5875 πολεμίῳ
1449 5807 1791 5876 κατακράτος

207 5897 541 5965 ἀνηλίσκετο
575 5894 734 5962 ξίφει,
767 5899 842 5960 ei;
873 5897 1048 5966 φυγὴν
1077 5897 1130 5950 δὲ
1158 5901 1248 5953 καὶ
1276 5901 1427 5963 αὐτὸς
1449 5887 1793 5970 Ἀρταϐάνης

1874 3325 2135 3395 gert-bant
2177 3323 2546 3394 magistratus,
2592 3322 2810 3390 quibus,
2855 3329 3046 3390 utpote
3102 3317 3452 3376 ﬁdelissimis.

1875 3416 2182 3472 conﬁdebat
2216 3415 2468 3474 maxime.
2504 3423 2559 3468 et
2591 3414 2645 3467 in
2671 3429 2767 3467 sua
2816 3413 2882 3466 ad
2935 3429 3029 3467 eos
3083 3413 3332 3465 oratione
3400 3411 3455 3466 in

1875 3514 2113 3568 medium
2134 3513 2448 3565 adduxisset
2472 3509 2794 3564 Parthorum
2829 3508 3221 3579 arrogantiam,
3250 3507 3461 3562 invenit

1876 3622 1971 3662 eos
1999 3618 2216 3674 quoque
2263 3604 2461 3657 similia
2492 3603 2853 3656 consulentes.
2898 3600 3110 3654 Etenim
3143 3601 3213 3654 illi
3245 3614 3462 3669 quoque

1877 3698 2140 3767 optabant
2173 3712 2201 3750 a
2254 3695 2507 3751 Parthica
2547 3693 2768 3763 quidem
2806 3692 3025 3746 liberari
3072 3691 3396 3764 tyrannide:
3431 3706 3463 3748 a

1877 3805 1977 3842 suo
2001 3798 2178 3840 autem
2199 3789 2464 3857 sanguine
2491 3787 2676 3842 videre
2695 3788 2804 3857 regi
2831 3787 3114 3840 Persarum
3145 3784 3458 3854 imperium.

1878 3878 2189 3932 Decernunt
2241 3879 2442 3946 itaque,
2493 3885 2550 3929 ut
2592 3876 2869 3944 quomodo
2904 3875 3138 3938 consilii,
3189 3876 3264 3927 ita
3296 3873 3464 3928 etiam

1879 3986 2063 4024 rerum
2104 3970 2343 4039 ipsarum
2384 3967 2744 4039 gerendarum
2786 3977 2930 4022 esset
2964 3967 3072 4022 dux
3117 3976 3171 4020 et
3211 3966 3465 4035 princeps

1878 4063 2189 4117 Artasiras:
2225 4070 2280 4116 et
2317 4063 2542 4115 mittunt
2594 4061 2817 4115 nuntios
2867 4059 2932 4114 ad
2981 4061 3337 4119 Artabaneni,
3380 4071 3466 4110 ro-

1879 4165 2068 4226 gantes
2103 4164 2160 4208 ut
2201 4172 2230 4208 e
2262 4170 2429 4224 regno
2462 4157 2746 4209 excederet
2785 4159 2902 4207 sine
2944 4151 3207 4222 periculo,
3239 4164 3294 4204 et
3340 4150 3467 4203 aliis

1882 4246 2056 4309 malis,
2105 4259 2225 4315 quze
2269 4261 2300 4299 e
2354 4241 2497 4300 bello
2537 4244 2818 4299 eveniunt.
2862 4243 2954 4299 Ille
2994 4251 3178 4297 autem
3233 4256 3356 4295 cum
3398 4244 3467 4296 ad

1880 4353 2032 4393 suam
2064 4338 2456 4393 divinationem
2487 4348 2540 4394 et
2569 4349 2785 4409 tempus
2811 4347 2976 4408 caput
2998 4337 3336 4394 inclinasset.
3370 4349 3468 4390 eos

1881 4431 2100 4502 quidem
2132 4431 2220 4501 qui
2255 4432 2402 4486 missi
2437 4431 2653 4486 fuerant
2700 4431 2920 4484 dimittit
2953 4445 3010 4483 re
3052 4428 3249 4482 infecta
3280 4445 3291 4480 :
3331 4442 3468 4497 pra:-

1885 4534 2030 4579 terea
2054 4534 2232 4578 autem
2270 4525 2529 4582 minatur.
2565 4525 2730 4591 quod,
2766 4522 2809 4575 si
2833 4521 2935 4575 tale
2969 4522 3097 4592 quid
3133 4519 3386 4576 venerint
3416 4522 3467 4572 el

1397 4648 1409 4668 .
1453 4606 1546 4658 ἀπ’
1597 4608 1777 4682 αὐτῶν
1812 4619 1853 4671 D
1886 4631 2072 4668 rursus
2106 4614 2430 4672 nuntiaturi.
2465 4622 2646 4667 sumet
2677 4613 2911 4684 primum
2954 4627 3142 4683 pcenas
3171 4611 3236 4668 de
3276 4624 3467 4664 eorum

1885 4705 2242 4762 contumelia.
2273 4703 2442 4758 Zecas
2470 4714 2523 4758 ct
2557 4704 2798 4759 Carenas
2827 4712 2984 4757 erant
3009 4703 3090 4755 eis
3117 4703 3358 4758 nomina.

1961 4890 2046 4946 Ill.
2099 4888 2318 4942 Reversi
2365 4897 2544 4940 autem
2582 4884 2902 4940 renuntiant
2948 4881 3207 4935 Artasirzn
3248 4891 3302 4936 et
3339 4881 3466 4934 reli-

1887 4987 2011 5054 quis
2044 4999 2104 5036 ca
2137 4999 2255 5052 qua:
2287 4998 2380 5034 rex
2417 4982 2624 5034 dixerat
2663 4988 2718 5033 et
2771 4976 3009 5030 minatus
3045 4974 3240 5029 fuerat.
3263 4971 3467 5032 Deinde

1890 5076 2088 5130 bellum
2140 5076 2207 5127 ab
2263 5073 2368 5126 illis
2418 5083 2782 5139 comparatur.
2850 5067 3172 5137 Priusquam
3229 5080 3356 5117 vero
3418 5067 3470 5120 id

1889 5174 2224 5236 erumperet,
2259 5165 2406 5219 misit
2432 5162 2726 5224 Artasiras,
2754 5161 2845 5228 qui
2878 5160 2943 5213 ad
2977 5174 3035 5212 se
3063 5159 3285 5211 duceret
3317 5159 3473 5213 Arta-

1869 5261 2154 5316 ,ductam:
2196 5267 2249 5310 et
2292 5270 2411 5309 eam
2451 5254 2502 5307 in
2562 5254 2894 5310 validissimo
2947 5251 3177 5306 collocat
3220 5249 3472 5319 prtesidio

1891 5370 2014 5408 cum
2046 5351 2300 5405 omnibus
2331 5350 2447 5402 suis
2494 5346 2862 5402 facultatibus.
2904 5343 3037 5399 Cum
3069 5352 3249 5396 autem
3279 5340 3470 5395 Persa-

1894 5461 2011 5498 rum
2072 5455 2125 5498 et
2169 5441 2492 5495 Parthorum
2558 5439 2725 5508 capia:
2767 5452 2960 5491 manus
3023 5435 3470 5495 conscruisscnt,

1896 5538 2150 5605 utrinque
2209 5535 2428 5604 quidem
2497 5533 2699 5586 cadunt
2751 5529 2968 5599 plurimi
3005 5547 3017 5583 :
3056 5528 3122 5582 ad
3171 5526 3472 5582 Artasiram

1894 5637 2075 5682 autem
2117 5627 2325 5694 aspexit
2357 5625 2604 5678 victoria.
2655 5621 2907 5674 Secundo
2951 5632 3133 5674 autent
3183 5618 3474 5674 commisso

1898 5718 2100 5790 praelio,
2125 5717 2311 5771 Parthi
2351 5717 2569 5785 quidem
2608 5731 2705 5784 per
2736 5714 2842 5767 vim
2863 5714 2929 5767 ab
2961 5714 3140 5767 hostili
3166 5727 3294 5765 ense
3321 5708 3476 5764 fuere

1897 5807 2229 5877 consumpti,
2287 5808 2339 5860 in
2376 5807 2553 5876 fugant
2605 5817 2787 5860 autem
2822 5820 3008 5858 versus
3041 5802 3139 5856 fuit
3173 5805 3283 5872 ipse
3315 5802 3476 5856 Arta-

1900 5908 2081 5960 banes.
2113 5902 2248 5957 Cum
2292 5916 2348 5957 se
2378 5910 2562 5956 autem
2603 5915 2789 5954 rursus
2818 5897 3144 5968 collegisset,
3183 5906 3234 5950 et
3268 5894 3332 5948 ad
3366 5893 3477 5949 bel-
