3956 6454
551 377 652 444 947

1776 392 2057 454 MENSIS
2094 394 2384 453 SEPTEM
2398 396 2562 454 BER.

3699 401 3808 467 948

558 493 666 544 lum
701 495 997 561 gerendum
1033 512 1217 553 rursus
1255 501 1520 572 coegisset
1551 507 1756 570 capias,
1779 509 1960 562 animo
1990 523 2116 561 eon-

2232 509 2426 576 ἐχώρει
2449 522 2464 537 ⁸
2500 507 2812 560 Ἀναλαϐὼν
2846 509 2899 560 δὲ
2933 509 3092 561 πάλιν
3116 511 3328 575 εαυτδν,
3349 513 3441 564 καὶ
3478 517 3811 582 συναγαγὼν

554 581 684 635 fidit.
742 581 1007 639 Caeterum
1065 597 1238 644 totum
1299 606 1503 646 annum
1555 595 1843 666 aliquando
1893 599 2114 668 quidem

551 675 731 733 Persis
777 691 963 736 contra
1027 683 1280 751 Parthos,
1338 688 1628 758 aliquando
1675 704 1855 748 autem
1901 695 2118 750 Parthis

549 771 811 828 adversus
841 774 1036 830 Persas
1067 780 1483 836 ostendentibus
1517 785 1687 839 multa
1726 787 1963 840 audacize
1989 787 2122 842 faci-

549 879 680 918 nora
712 875 766 920 et
795 867 916 920 belli
948 871 1315 937 experientiae.
1354 889 1475 928 cum
1531 886 1805 944 postremo
1837 879 2119 946 utriusque

551 962 722 1023 partis
773 959 918 1014 acies
949 975 1119 1030 prope
1168 978 1373 1026 essent.
1408 969 1559 1021 aiunt
1591 970 1888 1023 Artasiram
1921 971 2118 1026 dixisse

550 1049 806 1104 Artabani
842 1053 974 1121 regi,
1007 1069 1073 1106 ne
1111 1064 1311 1111 temere
1343 1059 1564 1124 faceret,
1602 1072 1654 1115 et
1681 1062 1931 1130 perderet
1959 1078 2120 1132 gene-

550 1150 608 1190 ra
657 1138 939 1197 Persarum
988 1154 1043 1197 et
1092 1146 1416 1203 Parthorum
1450 1167 1465 1204 :
1497 1168 1718 1220 regnum
1775 1155 1918 1208 enim
1977 1157 2117 1211 nolle

549 1231 804 1300 deinceps
835 1250 1056 1289 manere
1085 1239 1226 1307 apud
1265 1242 1613 1305 Artabanem,
1656 1245 1749 1298 sed
1783 1248 2010 1300 transire
2049 1249 2118 1303 ad

549 1323 868 1377 Artasiram.
905 1324 983 1378 Tu
1014 1339 1193 1382 autem
1220 1370 1235 1395 ,
1285 1333 1480 1400 inquit,
1513 1335 1556 1388 si
1595 1351 1680 1390 me
1719 1337 1926 1401 audias,
1967 1339 2118 1393 vives

547 1411 686 1464 citra
723 1413 884 1467 ullam
931 1418 1255 1472 molestiam.
1301 1420 1445 1475 Dabo
1489 1426 1632 1476 enim
1683 1426 1778 1479 tibi
1820 1427 2116 1496 regionem,

547 1515 667 1571 qua:
694 1503 898 1558 affatim
935 1509 1302 1577 suppeditabit
1332 1515 1510 1566 omnia
1563 1529 1681 1584 qua:
1713 1517 1778 1571 ad
1813 1534 1968 1571 usum
1997 1533 2121 1588 per-

551 1590 742 1644 tinent.
793 1590 1018 1660 Oportet
1060 1607 1241 1654 autem
1291 1617 1396 1654 non
1442 1603 1550 1655 alio
1617 1619 1778 1672 quam
1830 1606 2004 1675 teipso
2044 1608 2117 1660 uti

548 1680 805 1749 magistro
835 1684 952 1751 ejus
978 1687 1120 1754 quod
1153 1699 1235 1742 est
1289 1691 1439 1752 utile,
1470 1701 1522 1744 et
1551 1694 1862 1748 meminisse
1893 1711 2121 1762 respon-

547 1768 588 1819 si
637 1769 781 1837 quod
831 1772 1126 1840 aliquando
1187 1777 1385 1845 regina:
1423 1777 1606 1832 dixisti
1647 1780 1701 1832 in
1749 1781 2115 1835 tebernaculo.

546 1859 650 1912 Sed
687 1861 802 1914 haec
837 1862 1056 1929 quidem
1088 1867 1376 1921 Artasiras.

618 1954 706 2008 IV.
743 1955 1047 2010 Artabanes
1081 1967 1260 2013 autem
1296 1961 1443 2030 prius
1473 1964 1740 2032 aspiciens
1767 1965 1832 2018 ad
1853 1965 2113 2033 quosdam

547 2062 673 2100 suos
698 2047 1029 2104 familiares:
1063 2051 1233 2116 Quam
1260 2055 1438 2122 gravis
1474 2071 1560 2111 res
1590 2066 1693 2120 est,
1731 2059 1928 2126 inquit.
1963 2059 2117 2111 feini-

549 2154 634 2190 na.
661 2140 826 2193 Amor
847 2143 1084 2211 conjugii
1113 2144 1290 2212 potius
1323 2146 1539 2211 laeserit,
1559 2165 1718 2216 quam
1747 2149 1968 2217 juverit.
1993 2149 2116 2204 llaec

547 2246 669 2282 cum
693 2230 940 2292 dixisset.
960 2233 1114 2302 jubet
1135 2237 1367 2290 transire
1393 2239 1677 2305 quemdam
1692 2255 1756 2292 ex
1771 2240 2113 2306 satellitibus,

545 2332 599 2375 et
627 2323 933 2377 interficere
963 2325 1225 2396 reginam.
1261 2326 1620 2382 Existimahat
1653 2333 1796 2382 enim
1829 2345 1946 2384 eam
1988 2347 2116 2399 prou-

545 2414 751 2468 didisse
783 2426 1079 2470 secretum.
1123 2418 1434 2473 Conversus
1473 2429 1652 2472 autem
1685 2420 1751 2473 ad
1794 2420 2113 2487 Artasiram,

545 2507 822 2574 respondit
856 2522 972 2561 esse
1007 2509 1107 2562 sibi
1135 2509 1290 2577 longe
1318 2509 1608 2578 Optabilius
1633 2513 1790 2572 mori,
1819 2528 1978 2581 quam
2012 2510 2115 2566 Ar-

546 2598 745 2660 tasirae,
783 2599 875 2668 qui
904 2610 1025 2653 erat
1058 2615 1274 2667 servus,
1331 2617 1500 2671 regno
1549 2603 1762 2656 cedere.
1788 2601 1917 2668 Quae
1957 2603 2113 2656 simul

545 2699 705 2759 atque
733 2693 978 2754 dixisset,
1039 2694 1228 2746 insane
1256 2703 1307 2747 et
1351 2695 1666 2748 bacchantis
1698 2710 1847 2749 more
1881 2695 2038 2748 irruit
2061 2695 2112 2746 in

547 2777 763 2845 Persas,
835 2792 888 2835 et
931 2797 996 2835 ex
1031 2783 1110 2836 eis
1145 2784 1362 2851 quidem
1410 2785 1610 2838 multos
1655 2785 1883 2847 sauciat,
1936 2785 2117 2851 plures

544 2876 725 2927 autem
767 2872 965 2926 occidit
1001 2892 1012 2926 :
1055 2873 1236 2944 dirigit
1264 2889 1390 2927 vero
1425 2877 1588 2928 etiam
1618 2877 1826 2928 hastam
1854 2873 2115 2928 adversus

546 2965 860 3019 Artasiram.
899 2964 994 3019 llle
1029 2975 1210 3019 autem
1247 2966 1519 3036 (habebat
1548 2967 1692 3022 enim
1729 2983 1921 3021 manus
1953 2966 2115 3036 sagit-

544 3055 694 3108 tandi
725 3055 944 3123 peritas.
974 3064 1028 3108 et
1057 3071 1175 3123 qua:
1203 3057 1305 3112 hac
1335 3058 1387 3111 in
1420 3074 1478 3112 re
1517 3075 1732 3127 semper
1774 3072 1962 3125 magna
1990 3071 2113 3109 cum

543 3143 703 3197 laude
755 3142 1130 3213 versabantur)
1182 3145 1360 3216 fugam
1410 3147 1630 3214 quidem
1685 3143 1926 3198 simulat.
1979 3143 2109 3197 Dum

544 3247 665 3290 eum
695 3246 874 3289 autem
902 3204 1582 3304 persequiturjArtabanes
1606 3237 1844 3292 immittit
1870 3237 2034 3290 telum
2059 3236 2110 3289 in
2138 3204 2184 3267 δ

545 3338 734 3396 pectus
765 3335 986 3396 propter
1010 3329 1358 3382 mammillam
1383 3331 1502 3399 ejus
1525 3331 1615 3400 qui
1667 3330 2114 3398 persequebatur.

543 3419 697 3483 Quod
729 3433 874 3482 cum,
897 3418 965 3472 ob
988 3420 1132 3473 vires
1161 3421 1278 3490 ejus
1307 3422 1400 3490 qui
1431 3421 1604 3474 fuerat
1632 3420 1920 3488 jaculatus,
1953 3417 2116 3472 susti-

544 3509 662 3563 neri
702 3523 809 3561 non
844 3511 1133 3579 potuisset,
1175 3511 1374 3579 rumpit
1409 3510 1663 3562 Artabani
1701 3514 1975 3561 thoracem
2016 3526 2029 3560 :
2063 3515 2117 3559 et

546 3601 772 3668 trajecto
803 3611 1039 3670 pectore,
1081 3600 1280 3655 excidit
1333 3616 1363 3655 e
1415 3601 1600 3665 dorso,
1633 3609 1687 3653 et
1721 3609 1892 3652 morte
1936 3599 2114 3652 statim

547 3691 708 3745 allicit
730 3692 1080 3745 Artabanem.
1116 3692 1233 3744 Mox
1262 3695 1441 3743 autem
1474 3690 1863 3744 cenvenicntes
1897 3690 2033 3743 inter
2056 3705 2115 3744 se

547 3781 732 3834 l’arthi
770 3790 825 3835 et
877 3781 1078 3846 Persae,
1114 3797 1293 3850 regem
1325 3782 1641 3835 renuntiant
1673 3781 1994 3841 Artasiram,
2023 3779 2113 3847 qui

548 3874 867 3927 ostendebat
918 3890 974 3928 se
1026 3890 1274 3942 magnam
1320 3889 1508 3928 eorum
1550 3887 1750 3942 gerere
1811 3887 2018 3934 curam,
2063 3879 2118 3922 et

547 3979 656 4016 non
689 3980 909 4032 parvam
944 3981 1062 4018 esse
1089 3981 1242 4018 suam
1281 3966 1332 4017 in
1365 3980 1457 4018 eos
1491 3964 1904 4018 humanitatem.
1939 3964 2005 4018 Et
2029 3963 2116 4017 ille

548 4056 768 4124 quidem
797 4070 916 4108 cum
944 4056 1020 4110 sic
1044 4071 1101 4110 se
1127 4056 1371 4122 haberet,
1420 4057 1766 4111 Artaduclan'i
1799 4057 1948 4110 ducit
1980 4071 2116 4109 uxo-

549 4164 688 4212 rem,
721 4163 880 4217 quam
921 4148 1104 4202 datum
1140 4149 1519 4216 jusjurandum
1556 4151 1603 4203 ei
1633 4150 1784 4218 prius
1809 4149 2115 4217 desponde-

549 4245 634 4290 rat
665 4254 677 4288 :
709 4245 763 4289 et
792 4252 909 4289 eam
950 4239 1096 4305 eligit
1132 4243 1394 4306 reginam.

620 4326 681 4382 ν.
713 4327 920 4382 CuSaro
971 4337 1155 4381 autem
1197 4329 1483 4382 Artabanis
1523 4329 1708 4393 frater,
1758 4328 1849 4398 qui
1892 4343 2113 4398 regnum

548 4435 755 4490 magnae
794 4419 1075 4473 obtinebat
1115 4420 1418 4483 Armeniae,
1467 4437 1586 4473 cum
1633 4421 1985 4475 intellexisset
2030 4437 2114 4483 ea,

2226 599 2459 667 δύναμιν
2523 600 2601 659 είς
2663 598 2723 650 τὸ
2778 600 3059 667 πολεμεῖν,
3110 601 3452 670 ἀνεθάρσησε
3527 605 3625 656 καὶ
3685 607 3808 657 ὅλον

2222 688 2487 747 ἐνιαυτὸν,
2541 689 2612 755 πῇ
2658 686 2758 754 μὲν
2815 688 3065 754 Περσῶν,
3132 692 3206 758 πῇ
3257 689 3309 742 δὲ
3363 692 3598 760 Πάρθων
3633 695 3808 746 πολλὰ

2221 779 2341 829 κατ’
2367 776 2610 844 ἀλλήλων
2635 777 2772 846 ἔργα
2819 776 3020 846 τόλμης
3048 795 3103 828 τε
3139 773 3231 830 καὶ
3268 781 3564 847 ἐμπειρίας
3599 783 3809 833 ἐπιδει-

2221 867 2526 934 κνυμένων,
2556 866 2741 934 ἐπειδὴ
2771 867 2830 916 τδ
2853 867 3158 918 τελευταῖον
3179 869 3233 918 αί
3272 870 3608 936 παρατάξεις
3638 874 3806 938 ἐγγυς

2221 957 2484 1024 ἐκατέρου
2516 957 2714 1024 μέρους
2741 955 3010 1024 ἐγένοντο,
3045 960 3210 1027 φασὶν
3252 960 3621 1028 Ἀρτασείραν
3666 963 3805 1025 πρὸς

2233 1048 2576 1117 Ἀρταϐάνην
2615 1051 2790 1100 εἰπεῖν
2830 1051 2919 1101 τὸν
2957 1050 3215 1118 βασιλέα,
3265 1053 3339 1120 μὴ
3372 1053 3553 1120 μάτην
3595 1057 3803 1114 πονεῖν,

2219 1143 2313 1191 καὶ
2352 1140 2592 1209 φθείρειν
2621 1140 2690 1191 τά
2725 1141 2950 1209 Περσῶν
2981 1157 3042 1193 τε
3078 1143 3172 1194 καὶ
3215 1143 3441 1212 Πάρθων
3487 1145 3659 1210 γένη·
3704 1143 3804 1210 τὴν

2220 1233 2327 1301 γὰρ
2358 1232 2632 1300 βασιλείαν
2661 1232 2761 1284 οὐκ
2793 1233 3104 1304 Ἀρταϐάνη
3149 1235 3333 1285 λοιπὸν
3387 1235 3594 1286 ἐθέλειν
3627 1251 3806 1301 παρα-ι

2223 1323 2427 1391 μένειν,
2478 1322 2592 1376 ἀλλ’
2650 1325 2729 1384 είς
2779 1324 3143 1394 Ἀρτασείραν
3202 1325 3580 1393 μεταϐαίνειν.
3627 1324 3697 1374 Συ
3746 1323 3804 1372 δὲ

2221 1411 2436 1482 βιώσεις
2460 1411 2701 1473 ἀλύπως,
2729 1412 2795 1481 ἢν
2815 1414 2935 1480 ἐμοὶ
2957 1413 3139 1482 πείθῃ,
3163 1413 3325 1465 δώσω
3349 1415 3455 1481 γάρ
3483 1429 3563 1464 σοι
3593 1411 3804 1480 χώραν,

2218 1503 2455 1571 δαψιλῶς
2493 1505 2558 1555 τὰ
2612 1503 2748 1572 πρὸς
2803 1505 2903 1570 τὴν
2951 1505 3139 1571 χρείαν
3189 1505 3366 1556 πάντα
3404 1504 3797 1571 παρέχουσαν·

2217 1593 2296 1646 δεῖ
2321 1595 2373 1646 δὲ
2405 1594 2478 1662 μὴ
2517 1593 2835 1646 διδάσκαλον
2879 1592 3060 1652 ἄλλον,
3098 1593 3230 1645 ἀλλά
3269 1593 3490 1643 σεαυτὸν
3523 1591 3618 1644 τοῦ
3661 1607 3802 1656 συμ-

2219 1685 2475 1750 φέροντος
2513 1685 2807 1746 ποιεῖσθαι,
2834 1683 3038 1736 καὶτοῦ
3068 1682 3319 1754 χρησμοῦ
3347 1682 3707 1749 μνημονεύειν
3738 1681 3805 1730 ὄν

2222 1790 2349 1825 ποτε
2385 1775 2525 1826 κατά
2566 1777 2664 1844 τὴν
2704 1776 2910 1844 σκηνὴν
2953 1777 3178 1836 ἀνεῖπες
3213 1777 3277 1843 τῇ
3331 1771 3588 1840 βασιλίδι.
3636 1771 3801 1822 mm

2145 1857 2192 1916 Β
2221 1863 2394 1916 ταῦτα
2424 1867 2522 1930 μὲν
2559 1867 2938 1933 Ἀρτασείρας.

2291 1953 2362 2008 Δ’.
2416 1955 2754 2024 Ἀρταϐάνης
2793 1955 2848 2006 δὲ
2885 1955 3021 2024 πρός
3049 1971 3198 2017 τινας
3247 1957 3354 2007 τῶν
3399 1955 3621 2006 οἰκείων
3669 1955 3804 2018 1:96-

2218 2060 2372 2112 τερον
2393 2046 2841 2113 ἀποϐλέψας⁶.⁹Ως
2870 2047 3125 2115 χαλεπὸν,
3151 2046 3279 2114 ἔφη,
3317 2047 3473 2114 γυνὴ,
3501 2047 3595 2098 καὶ
3620 2046 3677 2096 τὸ
3700 2045 3798 2110 τῆς

2225 2136 2484 2204 συζυγίας
2548 2137 2772 2207 φίλτρον
2841 2139 3064 2208 βλάψειε
3101 2138 3303 2207 μᾶλλον
3357 2139 3388 2205 ἦ
3457 2137 3793 2204 ὠφελήσειε.

2223 2227 2406 2279 Ταῦτα
2441 2228 2632 2286 εἰπὼν,
2663 2231 2719 2279 ὲν
2749 2230 2887 2298 ὀργῇ
2937 2231 3056 2282 τινά
3084 2229 3192 2282 τῶν
3218 2229 3532 2297 δορυφόρων
3584 2227 3796 2278 κελεύει

2217 2317 2481 2370 διαϐάντα
2527 2318 2739 2370 ἀνελεῖν
2770 2321 2867 2388 τὴν
2924 2320 3207 2386 βασιλίδα·
3253 2320 3458 2387 ταύτην
3499 2319 3608 2388 γὰρ
3660 2319 3798 2388 ᾣετο

2218 2411 2470 2480 προδότιν
2511 2409 2605 2462 τοῦ
2657 2411 2904 2482 χρησμοῦ
2935 2411 3286 2481 γεγενῆσθαι.
3318 2412 3714 2477 Ἐπιστραφεὶς
3742 2408 3798 2459 δὲ

2217 2502 2351 2569 πρὸς
2396 2501 2772 2570 Ἀρτασύραν,
2801 2503 2982 2555 θανεῖν
3012 2503 3347 2571 ἀπεκρίνατο
3371 2503 3505 2552 πολὺ
3550 2502 3617 2552 ἂν
3648 2498 3797 2566 αὑτῷ

2224 2593 2422 2660 μᾶλλον
2454 2592 2811 2661 αἱρετώτερον
2841 2595 2948 2660 εἴη,
2983 2595 3014 2662 ἢ
3046 2593 3216 2660 δούλῳ
3242 2609 3303 2658 γε
3331 2591 3444 2643 δντι
3473 2590 3553 2658 τῷ
3603 2592 3797 2659 Ἀρτα⁶

2222 2683 2376 2750 σείρα
2420 2681 2519 2749 τῆς
2570 2682 2844 2746 βασιλείας
2893 2681 3317 2750 παραχωρῆσαι.
3367 2679 3471 2733 Καὶ
3530 2683 3646 2748 ᾰμα
3689 2681 3800 2743 τοῖς

2218 2771 2394 2837 λόγοις
2439 2774 2578 2824 κατά
2631 2772 2854 2841 Περσῶν
2927 2774 3144 2842 ἑφορμᾷ
3200 2773 3554 2842 παράϐακχὸν
3601 2791 3652 2824 τι
3707 2773 3800 2825 καὶ

2223 2864 2470 2931 μανικόι.
2500 2865 2604 2916 Καὶ
2636 2865 2861 2928 πολλοὺς
2905 2867 3006 2934 μὲν
3074 2864 3250 2918 αὐτῶν
3307 2866 3646 2934 τιτρώσκει,
3700 2882 3798 2915 κα-

2217 2954 2471 3007 ταϐάλλει
2499 2956 2555 3006 δὲ
2586 2955 2824 3020 πλείους,
2872 2958 3038 3009 ἰθύνει
3083 2957 3139 3008 δὲ
3170 2959 3261 3010 καί
3297 2958 3432 3022 πρὸς
3480 2956 3572 3006 τὸν
3603 2955 3800 3023 ’Δρτα-

2221 3047 2404 3113 σείραν
2431 3046 2490 3096 τδ
2518 3046 2666 3114 δόρυ.
2705 3046 2763 3097 '0
2799 3047 2852 3098 δὲ
2882 3049 3087 3115 (χεῖρας
3118 3048 3223 3114 γὰρ
3253 3043 3363 3113 εἶχε
3392 3045 3633 3110 τοξεύειν
3666 3049 3798 3113 dy:-

2220 3134 2338 3199 θὰς,
2397 3136 2490 3187 καὶ
2538 3137 2665 3205 περὶ
2716 3134 2872 3188 τοῦτο
2911 3133 2970 3187 εὖ
3011 3136 3154 3205 μάλα
3207 3136 3504 3204 φιλοτίμως
3559 3137 3649 3187 ἀεὶ
3703 3154 3802 3188 πο-

2216 3227 2512 3296 νουμένας)
2568 3228 2918 3299 ὑποκρίνεται
2970 3228 3068 3297 μὲν
3109 3229 3208 3296 τὴν
3241 3228 3439 3298 φυγὴν,
3489 3231 3700 3299 πέμπει
3746 3231 3801 3281 δὲ

2214 3320 2539 3388 διωκόμενος
2584 3322 2642 3372 τὸ
2668 3321 2817 3390 βέλος
2852 3323 2992 3373 κατά
3015 3323 3082 3375 τὰ
3107 3322 3302 3390 στέρνα
3329 3323 3480 3392 παρὰ
3508 3325 3601 3375 τὸν
3631 3324 3800 3391 μαζὸν

2215 3411 2309 3462 τοῦ
2358 3411 2668 3472 διώκοντος,
2715 3413 2811 3461 καὶ
2843 3415 2908 3479 τῇ
2956 3413 3114 3480 ῥώμῃ
3163 3413 3254 3464 τοῦ
3289 3414 3542 3481 βαλόντος
3590 3416 3799 3464 ἀνυπό-

2218 3520 2410 3554 στατον
2441 3503 2662 3571 γεγονδς
2683 3544 2695 3566 ,
2726 3504 2815 3553 τόν
2851 3519 2909 3555 τε
2952 3503 3174 3571 θώρακα
3203 3503 3432 3570 ῥήγνυσι
3479 3503 3575 3554 τοῦ
3606 3503 3804 3571 Ἀρτα-

2217 3595 2404 3661 ϐάνου,
2455 3597 2546 3647 καὶ
2590 3594 2842 3648 διελάσαν
2863 3594 2929 3647 τὰ
2958 3594 3188 3664 στέρνα,
3221 3595 3327 3646 τών
3364 3594 3550 3646 νώτων
3589 3594 3804 3658 διεκπί-

2217 3703 2362 3748 πτει,
2415 3689 2508 3738 καὶ
2555 3688 2745 3754 νεκρὸν
2791 3688 2990 3740 αὐτίκα
3036 3685 3270 3740 δεικνύει
3303 3687 3393 3737 τδν
3427 3685 3799 3754 Ἀρταϐάνην.

2215 3782 2305 3839 Εἰς
2340 3781 2630 3846 ὁμολογίαν
2677 3781 2732 3830 δὲ
2782 3781 2842 3830 τδ
2889 3779 3160 3847 Παρθικὸν
3189 3780 3350 3842 εὐθὺς
3386 3780 3479 3831 καὶ
3528 3780 3801 3850 Περσικὸν

2219 3871 2594 3933 συνελθόντες,
2653 3871 3012 3940 Ἀρτασείραν
3078 3872 3473 3940 ἀναγορεύουσι
3515 3868 3798 3942 βασιλέα,

2216 3964 2347 4015 πολὺ
2374 3963 2431 4014 τδ
2461 3963 2594 4030 πρὸς
2625 3962 2816 4023 αὐτοὺς
2845 3957 3123 4013 δεικνύντα
3164 3965 3515 4031 κηδεμον;κδν
3547 3967 3644 4017 καὶ
3677 3966 3800 4033 φιλ-

2219 4055 2522 4122 άνθρωπον.
2556 4054 2661 4106 Καὶ
2688 4057 2711 4106 ὁ
2741 4053 2840 4122 μὶν
2891 4051 3064 4114 οὕτως
3095 4051 3232 4120 ἔχων
3277 4057 3372 4121 τὴν
3394 4055 3800 4126 Ἀρταεούκταν

2215 4148 2405 4211 ἄγεται
2457 4148 2714 4213 γυναῖκα,
2773 4146 2840 4214 ἢν
2899 4144 3168 4212 αὐτῷκαὶ
3225 4145 3486 4213 πρότερον
3542 4148 3591 4197 οι
3647 4149 3802 4216 ὅρκοι

2217 4240 2679 4306 κατηχγυὴσαντο,
2708 4239 2796 4290 καὶ
2829 4237 3071 4306 βασιλίδι
3106 4239 3306 4306 ταύτην
3341 4241 3662 4306 χειροτονεῖ.

2287 4327 2362 4381 Ε’.
2396 4327 2663 4396 Κουσαρὼ
2709 4329 2764 4381 δὲ
2807 4331 2835 4382 ὀ
2869 4330 3094 4398 ἁδελφὸς
3128 4328 3463 4399 Ἀρταϐάνου
3496 4327 3595 4396 τὴν
3639 4327 3797 4396 βασι-

2216 4422 2363 4473 λείαν
2393 4423 2529 4490 ἔχων
2559 4424 2658 4491 τῆς
2692 4423 2934 4492 μεγάλης
2963 4423 3279 4490 Ἀρμενίας,
3309 4423 3375 4474 τά
3404 4421 3797 4490 συνενεχθέντα

547 4527 666 4579 quae.
705 4520 1021 4572 evenerant,
1078 4521 1129 4561 et
1160 4512 1301 4577 quod
1333 4514 1398 4565 ad
1443 4511 1634 4567 Persas
1664 4513 1764 4566 fuit
1798 4514 2112 4565 translatum

2223 4513 2428 4582 μαθὼν,
2478 4514 2571 4565 καὶ
2600 4513 2672 4574 ώς
2709 4515 2741 4580 ἡ
2771 4513 2998 4581 Πάρθων
3030 4513 3172 4579 ἁρχὴ
3217 4513 3512 4576 μετέπεσεν
3539 4519 3621 4576 εἰς
3655 4517 3797 4584 Πέρο

547 4603 874 4655 Parthorum
911 4601 1240 4668 imperium,
1281 4617 1474 4671 magno
1513 4606 1697 4657 dolore
1730 4614 1812 4656 est
1839 4604 2065 4656 aﬂ’ectus
2097 4621 2110 4655 :

548 4701 603 4746 et
634 4691 813 4745 valido
868 4701 1057 4745 coacto
1100 4692 1342 4746 exercitu
1388 4708 1452 4745 ex
1487 4693 1708 4746 Albanis
1743 4701 1796 4746 et
1837 4689 2022 4755 Iberis,
2063 4701 2115 4744 et

547 4792 810 4853 praeterea
839 4797 902 4836 ex
929 4783 1161 4844 Hunnis,
1203 4792 1315 4836 toto
1345 4799 1486 4838 anno
1513 4785 1851 4852 comparavit
1898 4800 1959 4838 ea
1993 4801 2114 4854 quae

551 4875 616 4928 ad
653 4875 852 4928 bellum
890 4875 1257 4942 pertinebant.
1287 4874 1531 4944 Magnam
1563 4886 1740 4927 autem
1776 4891 1992 4927 manum
2025 4890 2111 4927 se-

553 4982 672 5018 cum
701 4965 927 5028 ducens,
963 4967 1363 5034 expeditionem
1411 4966 1636 5034 suscipit
1681 4976 1866 5019 contra
1903 4965 2114 5024 Persas.

554 5067 606 5108 et
628 5057 800 5124 ipsum
821 5056 1138 5109 Artasiram.
1164 5055 1265 5118 Qui
1294 5070 1472 5110 autem
1506 5056 1791 5110 Persarum
1824 5057 2114 5126 imperium

555 5163 727 5216 nuper
767 5147 868 5200 sibi
903 5155 1189 5214 usurparet
1217 5146 1498 5204 Arlasiras.
1532 5148 1615 5199 vel
1649 5147 1847 5200 invitus
1880 5148 2040 5201 struit
2063 5155 2116 5198 et

553 5237 735 5291 educit
761 5236 931 5290 aciem
974 5235 1233 5291 adversus
1275 5252 1454 5306 regem
1493 5238 1783 5290 Armeniae.
1823 5237 1902 5290 Fit
1933 5248 2110 5290 autem

555 5330 604 5381 in
640 5328 822 5396 praelio
850 5343 1039 5397 magna
1074 5330 1248 5381 cedes
1282 5331 1584 5384 Persarum.
1627 5329 1782 5399 Fugit
1805 5341 1980 5382 autem
2012 5329 2117 5380 Ar-

555 5420 768 5481 tasiras,
803 5429 857 5470 et
889 5420 1070 5473 hostes
1098 5419 1445 5489 insequentes
1477 5422 1722 5474 irruunt:
1755 5432 1806 5473 et
1841 5419 2114 5474 Persidem

552 5518 739 5579 tegunt
772 5511 1089 5580 corporibus
1150 5528 1333 5566 eorum
1370 5513 1461 5580 qui
1503 5513 1966 5567 interﬁciebantur
2000 5529 2013 5565 :
2063 5522 2115 5564 et

554 5616 674 5652 cum
704 5603 902 5656 multos
933 5603 1206 5672 cepissent
1249 5607 1511 5673 captivos,
1565 5620 1686 5657 cum
1729 5619 1852 5672 rege
1896 5619 1993 5657 suo
2027 5619 2112 5657 re-

557 5691 726 5746 deunt
749 5693 801 5746 iu
832 5694 1166 5756 Armeniam,
1193 5695 1424 5749 dexteris
1459 5697 1670 5749 onustis
1709 5693 1921 5762 opibus.
1958 5693 2114 5745 Anno

557 5791 737 5836 autem
778 5785 1024 5852 sequenti
1057 5800 1243 5840 rursus
1276 5787 1652 5840 Armeniorum
1681 5785 1787 5856 regi
1818 5787 1869 5838 in
1904 5785 2108 5856 Syriam

2219 4619 2338 4663 σας,
2368 4604 2424 4652 ὲν
2459 4602 2667 4672 μεγάλῃ
2711 4600 2851 4669 λύπῃ
2885 4597 3035 4651 ταῦτ’
3072 4602 3306 4657 ἐποιεῖτο
3328 4616 3340 4630 ⁸
3373 4604 3469 4675 καὶ
3500 4608 3792 4671 στρατείαν

2216 4695 2272 4757 ἐξ
2304 4693 2579 4745 Ἀλϐανῶν
2615 4710 2674 4746 τε
2707 4695 2799 4745 καὶ
2840 4693 3090 4763 Ἰϐήρων,
3127 4694 3260 4762 πρὸς
3290 4693 3369 4745 ἔτι
3394 4690 3448 4745 δὲ
3489 4701 3586 4745 καὶ
3610 4696 3793 4764 διαφό-

2219 4805 2325 4856 ρων
2361 4785 2572 4839 Οῠννων
2624 4787 2852 4855 ἰσχυράν
2896 4786 3242 4855 συναγείρας,
3279 4787 3363 4838 ἐπ’
3397 4787 3644 4837 ἐνιαυτὸν
3674 4788 3792 4838 ὅλον

2216 4878 2281 4929 τά
2309 4879 2401 4929 τοῦ
2429 4877 2662 4944 πολέμου
2690 4875 3137 4938 συνεσκευάζετο·
3175 4877 3373 4946 πολλὴν
3402 4877 3458 4928 δὲ
3486 4879 3646 4944 χεῖρα
3676 4879 3794 4945 μεθ’

2218 4967 2411 5019 ἑαυτοῦ
2454 4968 2622 5033 ἄγων,
2663 4965 3017 5035 ὲκστρατεύει
3057 4967 3196 5018 κατὰ
3232 4966 3452 5034 Περσῶν
3497 4971 3589 5016 καὶ
3623 4968 3788 5020 αὑτοῦ

2229 5061 2572 5128 Ἀρτασείρα.
2608 5059 2714 5109 Καὶ
2736 5060 2761 5109 ὁ
2792 5057 2887 5127 τὴν
2925 5059 3147 5126 Περσῶν
3181 5058 3457 5127 βασιλείαν
3482 5061 3609 5125 ἄρτι
3637 5077 3789 5129 περι-

2217 5151 2548 5217 ϐεϐλημένος
2568 5141 2944 5216 ’Λρτασείρας,
2968 5149 3507 5216 ἀντιπαρατάσσεται
3527 5153 3614 5201 καὶ
3640 5151 3788 5202 ἄκων

2216 5243 2290 5311 τῷ
2324 5239 2530 5309 βασιλεῖ
2558 5241 2870 5308 Ἀρμενίας.
2905 5241 3012 5291 Καὶ
3050 5241 3256 5307 γίνεται
3309 5243 3448 5292 κατὰ
3477 5242 3576 5309 τὴν
3611 5242 3791 5308 μάχην

2219 5333 2382 5394 πολὺς
2423 5331 2513 5382 τοῦ
2562 5330 2830 5397 Περσικοῦ
2882 5332 3059 5398 φόνος.
3113 5332 3307 5396 Φεύγει
3357 5331 3410 5382 δὲ
3450 5332 3545 5382 καὶ
3593 5333 3788 5400 Ἀρτά-

2219 5425 2423 5493 σείρας,
2465 5424 2558 5474 καὶ
2586 5422 2970 5475 ἐπελαύνουσιν
3002 5425 3049 5474 οἱ
3082 5423 3352 5490 πολέμιοι,
3387 5424 3478 5476 καὶ
3506 5424 3605 5493 τὴν
3641 5425 3779 5495 Περ-

2219 5513 2337 5564 σίδα
2379 5513 2478 5580 γῆν
2522 5515 2631 5575 τοίς
2681 5512 2894 5582 σώμασι
2952 5512 3059 5564 τῶν
3093 5515 3508 5582 ἀναιρουμένων
3545 5532 3784 5568 κατακα-

2215 5604 2492 5666 λύπτουσι,
2546 5605 2638 5656 καὶ
2686 5603 2910 5666 πολλοὺς
2967 5603 3334 5673 δορυαλώτους
3379 5603 3636 5665 λαϐόντες
3692 5607 3781 5658 καὶ

2217 5695 2364 5747 λείαν
2390 5694 2588 5765 πολλὴν
2627 5694 2936 5756 ὶλάσαντες,
2979 5696 3053 5757 εἰς
3086 5695 3182 5765 τὴν
3229 5693 3527 5766 Ἀρμενίαν
3565 5697 3679 5763 ἅμα
3712 5696 3781 5763 τῷ

2221 5787 2422 5854 βασιλεί
2473 5787 2545 5856 τῷ
2599 5787 2712 5855 ἰδίῳ
2767 5785 2978 5854 πλούτῳ
3012 5785 3324 5853 βριθούσαις
3374 5787 3574 5850 δεξιαῖς
3617 5790 3770 5837 ἐπαν-
