3956 6468
183 406 289 470 ςιιε)

1126 405 1302 464 γιΤΑ
1344 408 1398 467 S.
1449 408 1831 466 GREGORII
1883 407 2510 468 ILLUMINATORIS.

3333 403 3440 467 950

180 524 397 585 ἠκουσι.
424 518 530 570 Τοῦ
561 519 616 571 δὲ
641 519 1034 588 ἐπιγενομένου
1071 520 1321 573 ἐνιαυτοῦ
1363 522 1456 574 καὶ
1485 517 1639 584 αὖθις
1679 521 1753 589 τῷ

1886 521 2084 576 acienti
2153 517 2492 574 incursiones
2518 556 2531 580 ,
2573 531 2706 587 gens
2744 515 3140 570 Saracenorum
3191 518 3340 569 venit
3387 518 3440 568 ln

193 609 483 678 Ἀρμενίας
519 608 730 677 βασιλεῖ
755 611 1138 677 κατατρέχοντι
1180 610 1279 679 τὴν
1311 612 1530 680 Συρίαν,
1558 613 1618 664 τὸ
1656 612 1762 665 Σα-

184 701 441 771 ρακηνῶν
493 700 643 762 ἔθνος
698 701 778 762 είς
824 690 1146 770 συμμαχίαν
1198 703 1608 772 προστίθενται,
1667 705 1761 757 καὶ

181 791 515 859 ληϊσάμενος
547 790 644 859 τὴν
678 791 903 858 Περσῶν
935 810 991 844 τε
1024 792 1118 844 καὶ
1159 792 1461 862 Ἀσσυρίων
1495 796 1599 862 γῆν
1626 809 1641 824 °
1669 794 1762 848 καὶ

181 884 251 934 τὰ
291 885 349 933 ὲν
382 882 516 949 αὐτῇ
566 881 744 934 πάντα
782 883 1108 946 σκυλεύσας,
1139 886 1277 952 μετά
1309 886 1406 954 τῆς
1460 886 1580 953 ίσης
1609 887 1763 955 νίκης

183 972 264 1033 είς
295 971 394 1037 τὴν
449 971 587 1024 ίδίαν
637 971 809 1040 ἀρχὴν
856 973 1124 1039 ἐπανήκει
1177 973 1358 1038 πάλιν,
1409 976 1501 1028 καὶ
1553 975 1765 1039 τούτοις

184 1063 299 1122 τοῖς
331 1059 717 1128 κατορθώμασι
755 1063 848 1114 καὶ
884 1064 1003 1124 ταῖς
1043 1063 1436 1133 ἀνδραγαθίαις
1492 1064 1767 1132 θαυμαζό-

189 1169 351 1221 μενος
385 1151 482 1220 μὲν
516 1152 618 1203 ὑπὸ
647 1153 754 1204 τῶν
781 1154 1106 1220 συμμάχων,
1137 1154 1535 1223 καταπλήττων
1564 1157 1617 1208 δὲ
1641 1157 1765 1219 τοὺς

185 1242 509 1310 πολεμίους,
545 1241 637 1293 ἐπὶ
686 1243 816 1293 δέκα
855 1243 1154 1295 διετέλεσεν
1184 1245 1304 1311 ἔτη.
1337 1245 1427 1296 Διὸ
1463 1247 1557 1297 καὶ
1604 1248 1631 1298 ὁ
1658 1247 1766 1298 τῶν

187 1330 417 1399 Περσῶν
450 1330 724 1398 βασιλεὺς.
766 1330 910 1401 λύπῃ
944 1331 1041 1399 μὲν
1072 1334 1446 1402 ἀπαρακλήτῳ
1485 1335 1764 1404 ἐχόμενος,

185 1420 481 1489 ἀπορία’δὲ
528 1419 622 1472 τοῦ
679 1420 731 1472 τί
786 1422 852 1474 ἂν
912 1423 1140 1491 πράξειε
1193 1423 1289 1491 τὴν
1341 1425 1516 1492 λύπην
1565 1423 1764 1489 αὔξων,

184 1510 312 1571 τοὺς
341 1509 444 1561 ὑπὸ
470 1512 626 1578 χεῖρα
655 1510 1003 1577 συναγαγὼν,
1037 1513 1427 1581 συμϐουλεύειν
1452 1516 1626 1566 ἐδεῖτο
1652 1514 1767 1578 πῶς

187 1601 255 1653 ἂν
288 1599 667 1654 ἀποδύσωνται
706 1601 808 1671 μὲν
846 1604 944 1669 τὴν
971 1604 1210 1669 ἀδοξίαν,
1243 1605 1551 1657 ἀπολίπωσι
1592 1607 1648 1658 δὲ
1672 1607 1770 1658 αύ-

188 1691 315 1751 τοίις
349 1692 405 1742 αί
459 1693 635 1745 κοιναὶ
683 1693 776 1744 καὶ
824 1693 1155 1760 πολύτροποι
1198 1697 1495 1764 συμφοραί.
1553 1697 1661 1748 Καὶ
1695 1695 1772 1766 τῷ

189 1784 420 1851 γνώμην
466 1783 831 1849 είσενεγκόντι
883 1785 1140 1848 τοιαύτην
1187 1786 1284 1853 τὴν
1344 1787 1598 1854 δευτέραν
1633 1789 1770 1856 μετὰ

1863 613 2120 665 auxilium
2152 628 2166 664 :
2195 611 2497 680 praedisque
2537 609 2673 662 actis
2697 607 2764 661 de
2791 607 3008 662 Perside
3032 615 3088 660 et
3119 599 3361 676 Assyria,
3391 617 3446 661 et

1862 703 2074 757 cunctis
2126 717 2244 770 quae
2274 709 2430 755 erant
2477 700 2531 754 in
2589 699 2669 754 eis
2725 698 2992 767 spoliatis,
3039 713 3130 751 rex
3174 697 3290 765 ipse
3321 712 3445 751 cum

1865 793 1981 863 pari
2017 792 2238 846 victoria
2269 790 2334 843 ad
2365 806 2522 844 suum
2550 805 2771 859 regnum
2804 788 3127 842 revertitur.
3153 784 3244 841 His
3261 795 3445 840 autem

1865 885 2029 939 rebus
2063 885 2280 938 fortiter
2310 896 2367 937 et
2400 883 2663 950 praeclare
2696 881 2860 951 gestis
2885 921 2898 941 ,
2933 878 3276 933 admirationi
3321 878 3446 946 qui-

1867 975 1989 1030 dem
2014 974 2197 1038 sociis,
2223 973 2420 1028 terrori
2453 981 2634 1026 autem
2667 971 2915 1025 hostibus
2934 969 3035 1024 fuit
3059 973 3246 1025 decem
3271 983 3444 1022 annos

1872 1079 2188 1136 perpetuos.
2219 1063 2580 1130 Quamobrem
2619 1079 2711 1116 rex
2747 1077 2966 1132 quoque
3004 1059 3288 1115 Persarum
3322 1075 3445 1114 cum

1869 1158 2249 1212 inconsolabili
2278 1156 2463 1210 dolore
2490 1163 2798 1224 angeretur,
2825 1163 3098 1210 cresceret
3134 1161 3315 1207 autem
3350 1151 3450 1207 do-

1869 1252 1972 1316 lor,
2015 1250 2158 1319 quod
2201 1251 2439 1304 nesciret
2471 1249 2596 1316 quid
2637 1256 2842 1317 ageret,
2871 1247 2937 1299 iis
2988 1245 3327 1316 congregatis
3350 1246 3444 1314 qui

1871 1349 2030 1393 erant
2086 1338 2140 1391 in
2195 1337 2313 1406 ejus
2370 1345 2657 1406 potestate,
2706 1335 2913 1403 rogavit
2971 1343 3031 1386 ut
3073 1335 3448 1393 consulerent.

1870 1441 2105 1494 quonam
2152 1425 2370 1493 quidem
2413 1424 2571 1477 modo
2629 1433 2865 1491 possent
2913 1430 3222 1490 susceptam
3265 1420 3450 1474 delere

1873 1515 2253 1584 ignominiam,
2285 1523 2563 1568 cessarent
2594 1525 2774 1566 autem
2815 1527 3134 1568 communes
3180 1527 3233 1566 et
3263 1511 3451 1565 multi-

1875 1607 2040 1675 plices
2086 1607 2442 1661 calamitates.
2493 1606 2554 1660 Ei
2631 1617 2812 1660 autem
2858 1606 2948 1673 qui
3001 1606 3162 1658 talem
3217 1603 3451 1657 dixisset

1875 1697 2542 1759 sententiam,secundum
2604 1707 2727 1764 post
2777 1709 2958 1765 regem
2984 1695 3271 1755 honorem,
3331 1707 3453 1760 pro-

1879 1786 2032 1855 ponit
2058 1786 2111 1838 in
2149 1786 2450 1855 praemium.
2476 1785 2626 1840 Anac
2653 1795 2835 1838 autem
2867 1784 3109 1854 quidam,
3135 1781 3226 1850 qui
3252 1795 3450 1851 genere

191 1850 422 1939 βασιλέα
447 1871 610 1940 τιμὴν
663 1870 874 1938 τίθησιν
901 1866 1083 1924 ἆθλον.
1132 1850 1298 1926 Ἀνάκ
1320 1873 1375 1927 δέ
1397 1893 1480 1939 τις
1501 1850 1770 1948 Κουσαρὼ

1886 1850 2232 1932 ιιιὶηεῢαιαό
2274 1873 2514 1929 Cursaro
2550 1891 2728 1943 regem
2761 1850 3051 1934 Armeniae.
3089 1888 3120 1928 e
3158 1850 3301 1928 ccetu
3333 1887 3454 1925 sur-

192 1961 337 2011 κατά
393 1961 546 2025 γένος
598 1961 675 2029 τῷ
710 1961 808 2029 τῆς
852 1963 1151 2031 Ἀρμενίας
1195 1964 1408 2035 βασιλεί
1457 1971 1772 2040 προσήκων,

192 2053 435 2115 ἀναστὰς
511 2056 575 2106 ἐκ
643 2055 738 2107 τοῦ
796 2056 1083 2125 συλλόγου,
1149 2063 1394 2128 γενναῖόν
1443 2081 1494 2117 τι
1557 2065 1775 2132 δράσειν

193 2142 466 2210 ὑπέσχετο
487 2183 502 2204 ,
554 2144 623 2197 δι’
652 2140 712 2198 οὗ
745 2145 811 2197 τὰ
856 2150 1159 2217 πράγματά
1200 2167 1258 2202 τε
1297 2151 1431 2219 πρὸς
1462 2152 1521 2204 τὸ
1552 2153 1774 2221 ἄμεινον

195 2235 620 2304 ἀνενεχθήσεται
661 2235 917 2304 Πέρσαις,
972 2239 1069 2292 καὶ
1123 2239 1277 2303 δίκας
1324 2243 1449 2306 τοὺς
1497 2245 1774 2307 ἐναντίους

194 2325 608 2392 εἰσπράξονται.

270 2415 360 2482 (τ’.
407 2417 514 2469 Καὶ
559 2417 843 2471 ὑπολαϐὼν
909 2421 1290 2494 Ἀρτασείρας,
1347 2422 1424 2478 Ἦ
1481 2427 1556 2496 μὴ
1606 2429 1776 2484 ταῦτα

197 2509 677 2581 καταπραξαμένῳ
705 2513 796 2562 καὶ
822 2511 1057 2582 διάδημα
1087 2517 1153 2584 τῇ
1190 2517 1399 2587 κεφαλῇ
1435 2522 1777 2589 παραχρῆμα

195 2597 483 2667 περιθήσω
532 2616 634 2664 σοι,
689 2599 816 2669 ἔφη,
857 2603 951 2654 καὶ
985 2603 1236 2674 δεύτερον
1287 2606 1384 2675 μὲν
1423 2607 1519 2676 τῆς
1551 2608 1776 2678 Περσῶν

197 2691 549 2759 ἀποδείξαιμι
584 2693 891 2760 βασιλείας,
930 2694 1210 2761 βασιλείαν
1243 2715 1306 2765 γε
1343 2699 1449 2769 μὴν
1496 2701 1591 2770 τὴν
1629 2702 1778 2771 Παρ-

194 2781 357 2848 θικὴν
404 2783 695 2850 ὲγχειρίσω
749 2801 852 2839 σοι.
904 2786 960 2838 ’0
987 2787 1044 2840 δὲ
1093 2790 1161 2841 τὰ
1201 2790 1325 2841 καθ’
1365 2791 1556 2844 ἑαυτὸν
1594 2793 1693 2861 μὲν
1722 2795 1780 2848 ιν

198 2873 382 2943 ἀδήλῳ
425 2875 641 2927 κεῖσθαι
677 2876 753 2944 τῷ
802 2878 1001 2945 πέρατι
1053 2878 1190 2947 ἔφη·
1225 2880 1360 2945 τέως
1394 2899 1457 2949 γε
1497 2885 1604 2954 μὴν
1652 2885 1705 2937 εί
1729 2901 1779 2938 τι

196 2965 261 3036 δὴ
294 2967 387 3018 καὶ
421 2966 529 3018 τῶν
570 2966 851 3036 ἀδοκήτων
901 2969 1047 3041 αὐτῷ
1080 2971 1346 3042 συμϐαίη,
1405 2977 1515 3036 τοῖς
1566 2977 1780 3028 ὑπολει-

200 3056 569 3127 φθησομένοις
605 3057 696 3109 τοῦ
734 3061 924 3125 γένους
966 3062 1040 3131 μὴ
1070 3063 1366 3133 ἀχάριστον
1403 3065 1657 3132 γενέσθαι
1689 3071 1782 3121 τὸν

1886 1986 2040 2041 gens,
2077 1969 2352 2040 pollicitus
2384 1977 2467 2023 est
2510 1983 2568 2023 se
2612 1969 2932 2037 praclarum
2963 1968 3241 2036 quidpiam
3279 1965 3453 2020 factu-

1878 2079 2024 2124 rum,
2061 2078 2158 2132 per
2199 2061 2343 2133 quod
2385 2069 2440 2116 et
2492 2076 2580 2116 res
2619 2060 2796 2115 Persis
2829 2059 3041 2115 felicius
3069 2060 3450 2120 succederent,

1878 2163 1934 2208 et
1965 2169 2157 2224 poenas
2193 2161 2472 2208 sumerent
2503 2154 2571 2207 de
2608 2152 2880 2207 hostibus.

1950 2429 2037 2484 Vl.
2085 2429 2374 2498 Excipiens
2408 2436 2592 2480 autem
2640 2424 2954 2479 Artasiras:
2987 2422 3220 2487 Revera,
3256 2424 3456 2492 inquit,

1879 2524 1924 2578 si
1961 2525 2075 2576 haec
2109 2521 2323 2581 feceris,
2352 2520 2602 2587 protinus
2646 2519 2921 2587 imponam
2953 2526 3048 2570 tuo
3078 2515 3240 2586 capiti
3275 2515 3461 2570 diade-

1880 2630 1987 2677 ma,
2020 2621 2073 2666 et
2114 2621 2165 2665 le
2204 2609 2433 2663 eﬂiciam
2479 2610 2696 2676 quidem
2735 2609 3033 2662 secundum
3078 2607 3226 2677 regni
3265 2608 3463 2662 Persa.

1881 2719 2024 2767 rum,
2069 2701 2276 2757 tradam
2321 2709 2503 2754 autem
2549 2699 2647 2753 tibi
2697 2713 2925 2768 regnum
2981 2697 3323 2752 Parthicum.
3368 2697 3463 2752 Ille

1883 2804 2088 2854 autem,
2113 2792 2258 2862 quod
2289 2789 2356 2844 ad
2392 2804 2449 2844 se
2499 2788 2720 2859 quidem
2756 2788 2971 2844 attinet.
3003 2786 3136 2840 dicit
3189 2787 3462 2842 incertum

1881 2898 2000 2938 esse
2030 2883 2190 2936 finem
2223 2899 2237 2934 :
2277 2881 2321 2934 si
2355 2879 2482 2944 quid
2517 2894 2644 2932 vero
2674 2878 2892 2932 interim
2919 2877 2969 2932 ei
2991 2878 3232 2932 evenerit
3258 2882 3462 2946 praeter

1883 2971 2219 3041 Opinionem,
2243 2969 2452 3039 rogavit
2476 2969 2796 3030 Artasiram,
2839 2984 2908 3021 ne
2953 2977 3099 3022 esset
3129 2969 3372 3037 ingratus
3399 2968 3466 3022 iis

1885 3065 1974 3134 qui
2027 3061 2391 3117 remanserint
2444 3076 2509 3114 ex
2552 3074 2752 3127 genere
2790 3075 2804 3112 :
2854 3058 2947 3113 sed
2989 3073 3201 3113 memor
3240 3058 3464 3127 quidem

211 3149 569 3217 Ἀρτασείραν
601 3149 776 3218 ἠξίου,
811 3153 945 3204 ἀλλά
990 3155 1462 3224 διαμνημονεύσας
1503 3157 1603 3225 μὲν
1634 3159 1779 3228 αὐτῷ

1887 3165 2033 3211 esset
2085 3157 2205 3223 ejus
2237 3171 2338 3224 pro
2388 3154 2505 3222 ipso
2539 3153 2773 3222 prompti
2809 3160 2864 3207 et
2891 3151 3087 3207 alacris
3123 3152 3290 3206 animi
3325 3170 3338 3205 :
3368 3166 3466 3223 pro

197 3239 298 3308 τῆς
333 3238 472 3307 ὑπὲρ
505 3239 670 3293 αὑτοῦ
698 3242 1027 3310 προθυμίας,
1057 3244 1288 3312 χάριτας
1323 3245 1377 3297 δὲ
1411 3245 1615 3307 τούτοις
1643 3247 1779 3317 ὑπὲρ

1886 3263 1949 3300 eo
1989 3259 2168 3300 autem
2194 3288 2207 3311 ,
2237 3248 2316 3300 eis
2350 3246 2580 3298 referret
2622 3245 2845 3314 gratias.
2883 3243 3008 3298 Haec
3043 3259 3166 3298 cum
3198 3243 3465 3308 dixisset.

197 3333 370 3399 αὐτῆς
427 3331 744 3385 ἀποδοῦναι.
809 3333 996 3386 Ταῦτα
1051 3333 1242 3397 είπὼν,
1304 3335 1394 3385 τὸν
1443 3335 1671 3403 ἀδελφόν
1725 3354 1781 3389 τε

202 3424 474 3492 συνεργὸν
506 3423 948 3493 παραλαμὸάνει,
993 3425 1087 3477 καὶ
1124 3425 1182 3477 ἐν
1215 3426 1516 3495 αὐτομόλου
1547 3430 1784 3499 σχήματι

198 3516 450 3583 γυναιξὶν
503 3514 617 3584 ἅμα
657 3516 749 3568 καὶ
804 3516 1163 3591 παιδίοις-καὶ
1215 3518 1327 3591 ὃλιμ
1362 3519 1496 3589 οἴκῳ
1552 3523 1645 3573 καὶ
1675 3523 1788 3584 τοῖς

198 3607 425 3669 οἰκείοις
462 3608 594 3660 πᾶσι
641 3604 718 3677 τῷ
748 3607 845 3675 τῆς
884 3606 1171 3676 Ἀρμενίας
1199 3613 1511 3677 προσχωρεῖ
1550 3611 1782 3679 βασιλεῖ,

202 3700 301 3753 καὶ
326 3699 382 3761 ὃς
408 3702 473 3769 τῇ
507 3716 564 3751 τε
601 3700 734 3768 ἄλλῃ
776 3699 974 3761 αὐτοὺς
1006 3698 1322 3769 ὑποδέχεται
1353 3701 1658 3772 φιλοτιμίᾳ,
1691 3704 1786 3756 καὶ

201 3793 396 3854 δεξιῶς
443 3792 510 3842 τά
546 3790 781 3858 μάλιστα
837 3790 1273 3854 κατασπάζεται.
1305 3792 1368 3844 Ol
1404 3792 1460 3845 δὲ
1498 3793 1782 3861 θωπείαις,

201 3886 367 3937 αὑτὸν
409 3883 732 3948 ὑπελθόντες
779 3885 900 3937 ὅλον
930 3884 1281 3946 οίκειοῦνται,
1320 3885 1414 3952 καὶ
1464 3888 1614 3940 οὐδὲν
1648 3887 1786 3940 ὓπο-

203 3990 340 4025 πτον
388 3961 477 4026 ἐπ’
510 3975 695 4043 οαύτῆς
736 3975 878 4044 ἔχειν
915 3975 1420 4042 παρασκευάζουσι,
1448 3977 1540 4028 καὶ
1571 3979 1786 4045 μάλισθ’

194 4068 286 4118 ὅτι
333 4066 579 4132 γυναιξὶν
632 4067 751 4136 ἅμα
813 4069 910 4120 καὶ
952 4069 1066 4131 τοῖς
1117 4069 1395 4137 φιλτάτοις
1457 4065 1599 4139 ἦσαν
1655 4071 1787 4142 παρ’

200 4157 414 4207 ἐκεῖνον
449 4157 956 4230 αὐτομολήσαντες·
991 4162 1184 4229 ἀμέλει
1221 4164 1315 4214 καὶ
1347 4161 1510 4232 τιμὴν
1541 4165 1568 4215 ό
1621 4163 1786 4216 Ἀνάκ

201 4246 474 4317 δευτέραν
512 4248 612 4320 τὴν
664 4251 800 4318 μετά
844 4247 1066 4316 βασιλέα
1122 4248 1413 4320 λαμϐάνει.
1453 4252 1511 4304 '0
1552 4253 1650 4320 μὲν
1693 4251 1786 4305 οὖν

200 4340 414 4410 χειμὼν
449 4342 506 4392 ὲν
543 4342 708 4409 πολλῇ
749 4342 874 4404 τοὺς
916 4341 1238 4411 Ἀρμενίους
1271 4343 1566 4396 διανέπαυε
1595 4346 1660 4412 τῇ
1693 4347 1788 4416 ρᾳ-

202 4434 409 4502 στώνῃ,
451 4433 545 4484 καὶ
575 4432 634 4485 τὸ
665 4431 764 4504 ἒαρ
794 4433 978 4497 αὐτοῖς
1012 4435 1425 4504 παραπλησίους
1458 4437 1515 4486 ὲν
1548 4438 1612 4505 τῇ
1642 4438 1789 4508 οἰκίᾳ

1884 3339 2103 3394 fratrem
2154 3340 2384 3392 assumit
2431 3339 2737 3406 adiutorem
2772 3353 2786 3389 :
2820 3345 2876 3390 et
2924 3337 3105 3406 specie
3147 3335 3464 3406 transfuga,

1887 3449 2009 3487 cum
2061 3432 2375 3486 mulieribus
2403 3431 2564 3485 simul
2601 3439 2657 3484 et
2688 3428 3011 3493 infantibus,
3039 3435 3094 3482 et
3133 3437 3243 3481 tota
3283 3428 3465 3491 domo,

1886 3523 2246 3590 omnibusque
2276 3522 2607 3583 domesticis,
2638 3520 2932 3576 acceditad
2967 3535 3145 3590 regem
3172 3519 3465 3573 Armenit.

1887 3612 1982 3665 llle
2046 3620 2226 3664 autem
2271 3621 2325 3664 et
2368 3611 2474 3664 alio
2507 3626 2602 3665 eos
2647 3612 2857 3666 honore
2894 3611 3112 3679 accipit,
3143 3619 3198 3664 et
3238 3610 3473 3680 benigno

1887 3703 2178 3759 admodum
2208 3717 2303 3759 eos
2331 3703 2548 3758 salutat.
2587 3702 2667 3756 llli
2703 3709 2908 3767 autem,
2952 3717 3010 3755 se
3051 3700 3328 3756 blanditiis
3368 3702 3469 3772 ipsi

1889 3798 2248 3861 insinuantes,
2279 3811 2404 3850 eum
2440 3795 2676 3850 reddunt
2710 3795 2935 3849 omnino
2968 3793 3071 3848 sibi
3108 3792 3428 3848 familiarem
3452 3835 3468 3858 ,

1887 3896 1942 3942 et
1977 3888 2236 3949 efficiunt,
2274 3898 2334 3940 ut
2362 3901 2458 3942 eos
2489 3887 2626 3940 nihil
2657 3886 2884 3942 haberet
2913 3894 3221 3954 suspectos,
3267 3892 3325 3940 et
3353 3899 3472 3938 ma-

1889 3979 2034 4032 xime
2082 3978 2227 4047 quod
2275 3977 2435 4033 simul
2481 3992 2604 4032 cum
2647 3975 2928 4038 uxoribus,
2970 3986 3025 4031 et
3083 3977 3153 4031 iis
3187 3990 3308 4045 quae
3342 3983 3473 4029 sunt

1889 4069 2236 4132 charissima,
2291 4069 2356 4122 ad
2415 4069 2564 4124 illum
2605 4067 3042 4138 transfugisseut.
3093 4067 3276 4136 itaque
3322 4066 3474 4120 Anac

1889 4158 2190 4214 secundum
2215 4159 2476 4214 honorem
2508 4169 2628 4228 post
2657 4175 2835 4228 regem
2855 4158 3072 4226 accipit.
3099 4159 3274 4226 Atque
3295 4158 3476 4213 hieme

1890 4254 2113 4324 quidem
2162 4252 2403 4307 Armenii
2439 4252 2491 4304 in
2545 4266 2760 4304 summo
2800 4252 3126 4318 quieverunt
3172 4249 3284 4302 otio
3323 4264 3338 4302 :
3379 4262 3475 4302 ver

1893 4360 2109 4414 quoque
2133 4344 2213 4397 eis
2245 4343 2440 4397 multas
2471 4343 2774 4412 voluptates
2809 4342 2860 4394 in
2891 4356 2984 4394 sua
3019 4340 3189 4408 patria
3213 4339 3476 4409 largieba-

1893 4447 1979 4491 tur
2016 4453 2029 4488 :
2063 4445 2246 4490 a'statc
2276 4444 2457 4488 autem
2487 4445 2692 4496 auster,
2728 4434 2901 4487 calido
2925 4432 3048 4485 ﬂatu
3074 4432 3309 4499 spirans,
3345 4444 3472 4484 coe-

199 4530 303 4587 τὰς
346 4524 538 4594 ἡδονὰς
587 4527 895 4596 ἐχαρίζετο,
926 4526 1020 4578 τοῦ
1053 4527 1110 4578 δὲ
1142 4526 1334 4594 θέρους
1369 4529 1396 4578 ό
1428 4527 1580 4590 νότος
1616 4532 1779 4583 πνέωε.

1895 4531 1971 4599 git
2005 4545 2183 4600 regem
2210 4530 2440 4597 migrare
2481 4530 2533 4580 in
2567 4530 2758 4578 Ararat
2792 4524 2952 4579 simul
2983 4537 3106 4576 cum
3143 4522 3478 4590 magistrati-

201 4616 430 4684 θερμὸς,
467 4621 739 4686 μετοικεῖν
770 4617 859 4668 τὸν
895 4616 1117 4684 βασιλέα
1143 4617 1233 4668 ἐπὶ
1256 4619 1322 4668 τά
1367 4618 1605 4690 Ἀραρατ
1624 4624 1789 4690 ἀνάγ-

202 4709 344 4772 καζε
405 4710 542 4778 μετά
598 4709 707 4761 τῶν
766 4711 824 4761 ὲν
859 4709 1025 4770 τέλει,
1092 4710 1228 4761 ὅπου
1280 4710 1372 4762 καὶ
1441 4712 1579 4763 κατά
1631 4713 1788 4781 θέρος

200 4802 397 4869 ὧσπερ
432 4803 487 4853 ἐν
509 4802 710 4871 ἐαρινῷ
737 4801 928 4854 θάλπει
961 4801 1055 4853 καὶ
1082 4801 1244 4870 ψύχει
1276 4803 1480 4870 διῆγον.
1520 4803 1787 4856 Ἐνταῦθα

199 4893 501 4959 διατρίϐων
550 4896 576 4945 ό
611 4894 864 4961 βασιλεὺς
901 4895 1041 4946 κατά
1090 4893 1190 4962 τῆς
1247 4894 1508 4963 Περσίδος
1559 4898 1788 4948 ἐκινεῖτο

1891 4624 2014 4684 bus,
2058 4622 2147 4676 ubi
2181 4621 2449 4690 degebant
2478 4629 2735 4687 tanquam
2769 4617 2820 4670 in
2851 4631 3018 4670 verna
3052 4612 3335 4682 temperie.
3360 4612 3477 4667 Rex

1889 4714 1975 4767 hic
2003 4727 2228 4767 versans
2285 4712 2604 4766 movebatur
2637 4723 2824 4764 rursus
2864 4710 3126 4762 adversus
3174 4705 3473 4759 Persidem.

1889 4806 2037 4859 Anac
2068 4813 2248 4858 autem
2279 4805 2595 4857 recordatus
2630 4800 3011 4868 jurisjurandi,
3065 4795 3208 4866 quod
3245 4795 3474 4848 dederat

1886 4896 2166 4960 Artasirae,
2186 4905 2239 4948 et
2261 4895 2526 4948 donorum
2560 4907 2824 4946 accensus
2854 4890 3172 4958 cupiditate.
3198 4901 3256 4940 se
3287 4900 3469 4953 regem

201 4984 390 5037 πάλιν,
437 4983 496 5035 'U
535 4985 590 5036 δὲ
623 4984 788 5036 Ἀνὰκ
835 4985 942 5035 τῶν
996 5003 1052 5038 τε
1105 4986 1200 5038 τοῦ
1247 4987 1575 5055 ’Λρτασείρα
1619 4989 1779 5056 ὅρκωι

1895 4989 2165 5041 Armeniae
2197 5001 2443 5039 seorsum
2493 4985 2628 5039 velle
2693 4983 2891 5052 alioqui
2928 4981 3089 5037 simul
3138 4994 3259 5033 cum
3311 4977 3478 5030 fratre

202 5076 285 5137 είς
330 5075 554 5143 μνήμην
597 5073 767 5125 ἐλθὼν
802 5075 897 5124 καὶ
935 5073 1013 5141 τῷ
1067 5074 1427 5142 τῶνδωρεῶν
1468 5073 1799 5140 ἀναφλεγεὶς

201 5164 854 5236 ἔρωτι,’ίδιολογίσασθαι
887 5165 962 5234 τῷ
988 5164 1200 5234 βασιλεῖ
1244 5165 1534 5234 Ἀρμενίας
1576 5167 1692 5234 ἅμα
1721 5165 1795 5236 τῷ

204 5259 426 5326 ἀδελφῷ
459 5260 956 5327 προφασισάμενοι,
996 5257 1313 5326 ἀναγκαίων
1343 5257 1506 5309 τινῶν
1543 5261 1796 5327 πραγμά-

201 5366 318 5402 των
352 5349 514 5419 πέρι,
545 5351 640 5401 καὶ
689 5350 841 5417 μόνοι
896 5349 1032 5419 πρὸς
1084 5351 1242 5420 μόνον
1294 5348 1652 5412 εἰσελθόντες,
1695 5369 1797 5420 μα-

1898 5089 2205 5148 praatexens
2240 5080 2306 5132 de
2338 5080 2501 5133 rebus
2527 5078 2874 5138 necessariis,
2909 5091 3030 5132 cum
3064 5073 3162 5127 soli
3195 5071 3260 5127 ad
3300 5070 3475 5123 solum

1898 5180 2083 5225 essent
2129 5170 2380 5242 ingressi,
2423 5172 2598 5238 ipsum
2642 5169 2837 5221 tollunt
2868 5168 2934 5219 de
2969 5163 3192 5218 medio:
3241 5170 3297 5216 et
3335 5159 3476 5213 fama

1899 5261 2160 5315 exercitui
2215 5260 2418 5314 caedem
2491 5260 2872 5322 annuntiante,
2898 5258 2986 5312 isti
3047 5252 3478 5310 conscendentes

1899 5370 2089 5422 equos,
2133 5355 2260 5406 totis
2297 5353 2505 5408 viribus
2535 5353 2763 5421 fugiunt.

207 5443 429 5510 11591:;
472 5442 633 5495 αὑτὸν
669 5440 976 5512 ἀναιροῦσι,
1023 5444 1116 5493 καὶ
1183 5443 1282 5511 τῆς
1354 5444 1539 5512 φήμης
1582 5442 1656 5492 τῶ
1712 5449 2048 5515 στρατοπέδῳ
2093 5447 2401 5516 μηνυούσης
2458 5450 2548 5499 τὸν
2606 5446 2782 5513 φόνον,
2816 5448 2922 5505 τοῖς
2957 5447 3143 5504 ἵπποις
3195 5439 3476 5493 ἐπιϐάντες

209 5529 360 5585 οἷτοι
395 5535 690 5603 φεύγουσιν
717 5535 1048 5600 ἁνακράτος.

282 5625 354 5679 Ζ’.
402 5628 464 5678 Ol
499 5628 627 5694 γοῦν
677 5628 954 5696 σατράπαι
1001 5628 1098 5696 τῆς
1135 5629 1428 5698 Ἀρμενίας
1475 5631 1646 5700 λόχοις
1703 5631 1795 5683 καὶ

211 5718 471 5787 λοχαγοῖς
523 5719 628 5770 τῶν
690 5716 936 5783 διεξόδων
994 5719 1088 5782 τὰς
1149 5719 1367 5781 πλείους
1422 5721 1794 5791 διειληφότες,

210 5808 653 5881 προκαταλαϐεῖν
705 5809 882 5864 αὐτῶν
932 5810 1027 5878 τὴν
1062 5812 1235 5882 φυγὴν
1266 5815 1324 5864 ἐκ
1366 5815 1560 5878 παντὸς
1595 5816 1792 5884 τρόπον

1980 5627 2089 5680 νιι.
2121 5629 2361 5699 δαιτσριε
2390 5639 2572 5682 autem
2619 5626 2889 5680 Armeniae
2934 5639 3056 5678 cum
3104 5622 3395 5691 manipulis
3425 5632 3479 5674 et

1905 5723 2133 5776 militum
2167 5723 2483 5776 ductoribus
2518 5721 2777 5790 plurimos
2802 5725 3160 5786 occupassent
3196 5713 3474 5774 transitus,

1906 5813 1957 5866 in
2008 5815 2189 5868 animo
2244 5812 2512 5867 habebant
2557 5811 2809 5864 omnibus
2853 5807 3026 5862 modis
3067 5804 3243 5874 fugam
3286 5817 3475 5857 eorum
