3956 6446
537 363 636 429 951

1773 377 2060 435 MENSIS
2099 379 2388 441 SEPTEM
2404 383 2574 446 BER.

3700 385 3807 448 952

537 479 858 548 praevenire.
885 477 1150 544 Quocirca
1191 495 1288 534 nec
1313 479 1392 534 eis
1421 481 1620 536 frustra
1649 486 1815 538 cessit
1855 486 2114 541 studium.

2224 497 2521 550 διενοοῦντο
2551 515 2564 529 ’
2588 497 2709 551 ὅθεν
2755 498 2873 552 οὑδέ
2905 499 2986 560 είς
3021 497 3198 566 μάτην
3229 498 3410 562 αὑτοῖς
3449 499 3739 570 ἐχώρησεν
3776 503 3807 569 ή

535 571 670 625 Cum
709 587 805 627 eos
834 572 979 625 enim
1023 572 1294 642 fugientes
1335 574 1390 626 in
1437 575 1616 628 medio
1657 577 1890 645 quodam
1943 591 2112 648 ponte

539 660 977 732 intercepissent,
1014 663 1066 717 in
1101 663 1266 717 lluvio
1299 663 1733 721 submerserunt.
1767 667 1830 722 Et
1861 683 1982 723 cum
2027 687 2111 723 re-

537 752 676 805 versi
710 762 890 805 essent
921 761 1320 820 persecutores.
1355 753 1524 820 ipsius
1551 753 1700 809 Anac
1725 767 1779 810 et
1813 756 1994 810 fratris
2028 759 2113 810 in.

537 843 803 896 tcrlicitur
832 844 1010 897 omnis
1045 847 1344 914 generatio,
1383 862 1503 899 cum
1538 862 1703 915 agens
1743 849 1993 917 spiritum
2020 865 2110 903 rex

537 929 916 989 Armeniorum
964 935 1070 990 hoc
1111 945 1414 992 extremum
1461 941 1795 1006 mandasset,
1842 951 1902 994 ut
1945 957 2114 1009 genus

539 1039 727 1076 eorum
759 1022 851 1090 qui
887 1023 1063 1092 ipsum
1127 1025 1514 1080 interemerant
1560 1028 1805 1081 funditus
1851 1029 2111 1082 interiret.

538 1110 606 1169 Et
642 1114 720 1168 sic
753 1115 969 1184 quidem
1000 1117 1278 1184 perierunt
1311 1134 1523 1183 omnes,
1571 1129 1768 1186 przeter
1811 1119 1946 1172 duos
1981 1119 2116 1173 filios

543 1205 692 1258 Anac
721 1221 922 1274 eosque
957 1206 1109 1261 valde
1146 1207 1403 1266 infantes.
1434 1217 1487 1260 et
1525 1208 1617 1275 qui
1643 1218 1795 1262 erant
1831 1208 2006 1263 adhuc
2034 1209 2116 1261 in-

542 1297 707 1349 voluti
762 1297 966 1364 fasciis,
1023 1309 1076 1353 et
1119 1298 1411 1352 iactabant.
1456 1298 1603 1364 Quos
1648 1316 1769 1354 cum
1814 1301 2116 1355 seduxisset

539 1387 760 1453 quidam
787 1403 852 1442 ex
882 1389 947 1442 iis
987 1389 1080 1457 qui
1105 1390 1172 1442 ad
1195 1405 1320 1442 eum
1347 1391 1666 1453 attinebant,
1703 1407 1870 1445 unum
1897 1391 2113 1460 quidem

540 1482 792 1551 deposuit
820 1483 873 1536 in
898 1485 1146 1552 partibus
1178 1483 1431 1548 Persidis,
1459 1486 1687 1540 alterum
1715 1497 1898 1540 autem
1927 1487 1977 1538 in
2008 1487 2114 1541 Ro-

542 1586 700 1624 mana
730 1571 956 1627 ditione.
989 1571 1036 1628 ls
1067 1573 1166 1626 fuit
1189 1572 1501 1643 Gregorius.
1537 1576 1692 1645 cujus
1724 1577 1980 1644 praeclara
2016 1591 2114 1646 pro

541 1662 740 1730 pietate
778 1664 1076 1717 certamina
1111 1679 1329 1733 agressa
1367 1675 1448 1719 est
1486 1666 1554 1719 ab
1589 1667 1746 1721 initio
1778 1665 1954 1719 dicere
1994 1681 2115 1719 ora-

544 1757 637 1808 tio.
670 1752 815 1823 Rege
844 1763 1025 1808 autem
1045 1755 1424 1810 Armeniorum
1450 1771 1515 1811 eo
1546 1757 1708 1810 modo
1752 1772 1860 1824 quo
1884 1757 2116 1811 diximus

542 1842 856 1905 interfecto,
895 1842 1039 1896 felici
1093 1844 1168 1898 rei
1206 1859 1462 1898 successu
1495 1856 1677 1898 motus
1726 1843 2117 1904 Persa.movet
2149 1833 2188 1888 Β

542 1933 842 1987 exercitum
878 1933 1139 1988 adversus
1182 1935 1534 1988 conturbatos
1561 1935 1829 1988 Armenos
1861 1951 1875 1988 :
1917 1943 1971 1989 et
2000 1949 2118 1988 ma-

543 2039 647 2092 gna
695 2034 814 2077 acta
855 2025 1058 2092 praeda,
1108 2034 1162 2077 ct
1197 2025 1384 2078 multis
1417 2025 1663 2078 abductis
1695 2027 1942 2094 captivis,
1977 2041 2117 2096 pra:-

543 2117 688 2169 clare
739 2130 937 2169 rursus
995 2114 1048 2168 in
1101 2130 1254 2170 suam
1306 2117 1598 2170 revertitur
1642 2119 1939 2187 regionem.
1981 2117 2118 2170 Cum

543 2216 723 2260 autem
765 2205 1069 2260 invenisset
1097 2206 1239 2261 inter
1263 2207 1508 2276 captivos
1537 2224 1703 2262 unutn
1737 2225 1802 2262 ex
1833 2208 1956 2262 filiis
1980 2207 2119 2262 Cur-

543 2311 687 2356 saro.
724 2296 944 2352 nomine
984 2295 1316 2362 Teridatem,
1349 2313 1474 2351 eum
1510 2300 1729 2367 quidem
1772 2315 1879 2352 non
1910 2301 2122 2353 interfi-

545 2390 618 2444 cit
645 2399 864 2458 pr0pter
893 2399 1136 2444 teneram
1165 2389 1342 2445 adhuc
1370 2400 1583 2444 atatem
1613 2408 1627 2444 :
1662 2391 1826 2444 mittit
1853 2401 2034 2444 autem
2067 2392 2118 2444 in

545 2481 794 2535 exsilium
829 2481 882 2536 in
919 2481 1286 2538 Romanorum
1327 2484 1625 2553 regionem.
1657 2481 1752 2537 llic
1784 2493 1868 2538 est
1895 2483 2120 2539 Terida-

546 2583 650 2638 tes,
695 2573 785 2642 qui
839 2589 1066 2644 regnum
1109 2574 1494 2628 Armeniorum
1541 2575 1828 2645 posteriori
1880 2585 2122 2646 tempore

547 2664 794 2718 Romano
846 2664 1047 2719 auxilio
1089 2667 1381 2735 acquisivit
1412 2676 1467 2720 et
1493 2668 1723 2736 accepit,
1767 2676 1822 2722 et
1871 2684 2122 2738 maguum

545 2758 864 2828 Gregorium
901 2759 1183 2814 tormentis
1226 2759 1457 2827 subjecit
1493 2760 1979 2814 innumerabilibus
2009 2776 2021 2812 :
2073 2770 2127 2814 et

545 2851 636 2920 qui
663 2866 769 2903 non
794 2851 968 2904 solum
993 2865 1118 2904 eum
1147 2849 1371 2904 abduxit
1393 2865 1420 2903 a
1455 2850 1675 2919 pietate,
1695 2849 1788 2903 sed
1813 2851 1927 2919 ipse
1946 2853 2125 2919 potius

547 2943 670 3011 ejus
697 2941 1000 2996 admirabili
1033 2942 1335 2996 constantia
1371 2951 1426 2996 et
1457 2942 1609 3012 plaga
1645 2943 1879 3012 desuper
1911 2942 2121 2998 immis-

546 3050 603 3087 sa
631 3049 660 3087 a
688 3034 870 3088 divina
894 3034 1265 3095 Providentia,
1299 3033 1364 3086 ad
1393 3034 1537 3086 illius
1570 3035 1729 3086 fidem
1765 3035 1861 3086 fuit
1893 3049 2124 3089 conver-

548 3141 661 3180 sus.
692 3124 797 3178 Sed
832 3125 950 3180 haec
979 3125 1197 3194 quidem
1245 3125 1554 3196 singulatim
1591 3125 1896 3194 procedens
1945 3125 2126 3182 decla-

551 3217 687 3272 rabit
711 3218 911 3274 oratio.

621 3422 761 3481 Vlll.
789 3426 1055 3481 Artasiras
1083 3425 1266 3498 igitur,
1290 3427 1529 3497 quitum:
1548 3437 1663 3481 erat
1695 3441 1782 3480 rex
1810 3426 2119 3492 Persarum,

548 3526 755 3588 partem
801 3519 882 3572 sui
935 3519 1146 3589 imperii
1181 3519 1349 3588 ipsam
1383 3535 1597 3589 quoque
1628 3518 1756 3573 fecit
1783 3518 2122 3572 Armeniam.

547 3611 844 3680 Gregorius
883 3622 1063 3664 autem
1101 3612 1241 3664 filius
1271 3612 1440 3673 Anac,
1481 3622 1539 3664 ut
1571 3612 1826 3674 diximus,
1855 3613 1946 3681 qui
1983 3611 2124 3666 Cur-

547 3717 671 3755 saro
701 3702 1070 3764 interfecerat,
1097 3702 1300 3770 degens
1345 3701 1396 3754 in
1441 3701 1659 3754 civitate
1692 3701 1952 3755 Caesareae
1979 3701 2124 3771 Cap-

550 3794 813 3859 padociae,
863 3802 918 3848 et
964 3793 1122 3848 aliam
1174 3793 1361 3848 didicit
1399 3793 1723 3855 doctrinam,
1767 3801 1822 3848 et
1857 3793 1909 3847 in
1963 3795 2124 3849 rebus

549 3885 878 3940 Christianis
931 3887 1224 3954 diligenter
1273 3887 1376 3940 fuit
1426 3885 1780 3940 exercitatus.
1840 3885 2124 3941 Tcridates

551 3977 802 4046 proinde,
838 3976 929 4044 qui
963 3986 1082 4030 erat
1109 3992 1174 4030 ex
1206 3975 1468 4043 sanguine
1504 3976 1670 4041 regio,
1701 3975 2037 4030 referebatur
2068 3977 2122 4030 in

551 4083 838 4122 numerum
858 4067 1228 4119 Romanorum
1253 4066 1686 4136 magistratuum.
1719 4065 1836 4119 Non
1869 4068 2124 4136 ignorans

548 4168 730 4213 autem
759 4157 1053 4229 Gregorius
1102 4169 1156 4213 et
1200 4174 1317 4228 qum
1363 4157 1492 4212 fecit
1524 4159 1642 4226 ejus
1684 4168 1838 4228 pater
1870 4160 2040 4220 Anac,
2071 4169 2125 4213 et

546 4267 668 4319 qua:
707 4251 776 4306 ab
819 4251 936 4319 ipso
983 4266 1175 4320 passus
1205 4261 1287 4306 est
1327 4262 1481 4319 pater
1519 4250 1811 4315 Teridatis,
1846 4265 1907 4304 ea
1942 4259 2122 4303 tamen

546 4352 755 4396 secreta
783 4341 923 4410 apud
956 4356 1013 4394 se
1046 4351 1256 4406 tenens,
1282 4343 1490 4396 accedit
1521 4341 1586 4394 ad
1614 4339 1947 4404 Teridatem,
1971 4357 2028 4394 se
2058 4340 2123 4394 ad

547 4433 912 4486 voluntarium
933 4433 1051 4501 ejus
1071 4433 1290 4486 tradens
1313 4433 1694 4491 ministerium.
1726 4440 1780 4484 et
1804 4433 1935 4485 citra
1961 4431 2122 4484 ullam

2217 589 2444 657 σπουδὴ,
2469 588 2603 640 ἀλλά
2636 587 2938 655 φεύγοντας
2961 588 3184 648 τούτους
3231 589 3370 640 κατὰ
3398 590 3648 658 γέφυράν
3681 608 3807 644 τινα

2219 681 2390 749 μέσην
2414 680 2796 743 ἀπολαϐόντες,
2825 679 3192 748 ὑποϐρυχίους
3221 679 3296 748 τῷ
3323 681 3557 749 ποταμῷ
3587 683 3802 735 ἔδοσαν.

2216 776 2329 829 Καὶ
2392 773 2501 826 τῶν
2551 774 2854 826 διωκόντων
2915 771 3372 841 ὑποστρεψάντων
3432 775 3644 838 γίνεται
3708 774 3808 841 τῆς

2216 867 2408 933 γενεᾶς
2451 867 2609 933 φόνος
2663 867 2904 932 ἀπάσης,
2936 865 3102 918 αὑτοῦ
3155 881 3213 916 τε
3242 862 3335 916 τοῦ
3364 864 3535 916 Ἀνάκ
3573 867 3667 916 καὶ
3709 865 3804 917 τοῦ

2218 955 2471 1022 ἀδελφοῦ,
2505 956 2816 1007 τελευταῖον
2856 955 3011 1007 τοῦτο
3060 953 3191 1016 ἔπος
3236 951 3329 1004 τοῦ
3363 952 3680 1020 Ἀρμενίων
3714 953 3808 1020 βα-

2220 1049 2409 1112 σιλέως
2440 1051 2496 1100 ἐν
2527 1049 2782 1117 ἐσχάταις
2830 1049 3020 1108 πνοαῖς
3059 1047 3491 1116 ἐπισκήψαντος,
3528 1049 3632 1114 τὴν
3661 1063 3803 1098 mv-

2215 1141 2343 1208 τελῆ
2379 1141 2470 1193 τοῦ
2503 1141 2694 1206 γένους
2718 1139 2826 1192 τῶν
2859 1141 3154 1194 ἀνελόντων
3179 1139 3482 1192 ἀπώλειαν.
3525 1141 3642 1191 Καὶ
3662 1138 3805 1190 οὑτω

2221 1234 2319 1301 μὲν
2361 1233 2640 1285 ἀπώλοντο
2686 1233 2908 1295 πάντες,
2966 1230 3105 1300 πλὴν
3147 1232 3238 1283 δύο
3272 1231 3436 1282 τινῶν
3479 1230 3576 1282 τοῦ
3634 1230 3802 1282 ’Λνάκ

2217 1326 2445 1384 παίδων,
2470 1325 2563 1376 καὶ
2595 1323 2801 1376 τούτων
2842 1323 3040 1392 κομιδῇ
3084 1322 3297 1390 νηπίων
3326 1323 3423 1373 καὶ
3453 1323 3512 1373 ἐν
3543 1323 3804 1389 σπαργάο

2220 1435 2328 1478 νοις
2378 1417 2458 1468 ἐτι
2495 1417 2588 1467 καὶ
2617 1415 2842 1483 γάλαξιν
2875 1415 3067 1475 ὄντων,
3129 1413 3219 1476 οὒς
3253 1415 3364 1466 τῶν
3410 1414 3804 1484 προσηκόντων

2177 1562 2179 1564 .
2218 1525 2300 1570 τις
2326 1507 2696 1576 .ὑφελόμενος,
2749 1507 2840 1558 τὸν
2881 1507 2982 1575 μὲν
3016 1509 3073 1559 ἐν
3120 1509 3235 1570 τοῖς
3277 1510 3374 1576 τῆς
3405 1506 3671 1576 Περσίδος
3711 1506 3809 1571 μέο

2219 1613 2359 1670 ρεσι,
2396 1600 2486 1651 τὸν
2509 1598 2568 1651 δέ
2598 1600 2656 1650 ἐν
2697 1601 2764 1669 τῇ
2805 1599 3089 1667 Ῥωμαϊκῇ
3124 1598 3417 1662 ὑπεξέθετο
3448 1598 3804 1667 ἐπικρατείᾳ.

2217 1691 2519 1760 Γρηγόριος
2549 1693 2576 1742 6
2603 1689 2746 1751 θεῖος
2785 1684 2941 1752 οὗτος
2966 1671 3063 1758 ἦν,
3092 1680 3153 1741 οὑ
3184 1690 3310 1750 τοὺς
3337 1689 3634 1756 λαμπροὺς
3664 1690 3807 1756 ὑπὲρ

2219 1780 2498 1843 εὐσεϐείας
2526 1781 2746 1843 ἀγῶνας
2769 1782 2794 1832 6
2838 1780 2994 1848 λόγος
3026 1777 3281 1848 ἀπαρχῆς
3309 1780 3490 1830 εἰπεῖν
3520 1779 3805 1846 ὥρμηται.

2218 1871 2325 1926 Τοῦ
2355 1873 2412 1925 δέ
2451 1873 2753 1940 Ἀρμενίων
2794 1871 3061 1941 βασιλέως
3090 1871 3150 1924 δν
3186 1871 3401 1939 εἴρηται
3435 1871 3643 1937 τρόπον
3670 1871 3804 1936 avn-

2221 1963 2480 2033 ρημένου,
2525 1963 2602 2032 τῷ
2634 1965 2981 2032 εὐτυχήματι
3023 1961 3284 2030 ἐπαρθεὶς
3309 1965 3336 2013 6
3373 1962 3617 2031 Πέρσης,
3645 1975 3803 2012 τετα·

2221 2055 2515 2126 ραγμένοις
2542 2053 2924 2124 ἐπιστρατεύει
2960 2055 3067 2114 τοῖς
3095 2051 3429 2120 Ἀρμενίοις,
3471 2054 3567 2103 καὶ
3605 2051 3809 2118 πολλὴν

2219 2147 2644 2214 περιϐαλόμενος
2694 2144 2845 2196 λείαν
2872 2144 2966 2195 καὶ
2994 2143 3376 2210 δορυαλώτους
3405 2142 3487 2194 δτι
3517 2141 3807 2204 πλείστους

2219 2236 2422 2298 λαϐὼν,
2466 2236 2548 2298 εῖς
2598 2234 2698 2303 τὴν
2748 2234 2957 2286 οἰκείαν
3002 2233 3270 2302 λαμπρῶς
3304 2233 3582 2300 ἐπανῆκεν
3626 2227 3806 2292 αὖθις.

2222 2323 2411 2392 Εὑρὼν
2454 2324 2508 2375 δὲ
2554 2325 2610 2375 ἐν
2647 2325 2759 2384 τοῖς
2791 2321 3159 2391 αἰχμαλώτοις
3206 2324 3299 2374 ἕνα
3329 2323 3437 2373 τῶν
3480 2322 3612 2373 υίών
3663 2321 3808 2374 Κου-

2224 2414 2376 2482 σαρὼ
2413 2412 2722 2483 Τηριδάτην
2752 2414 2942 2482 ὄνομα,
2981 2414 3080 2464 οὑκ
3127 2413 3341 2482 ἀναιρεῖ
3371 2414 3470 2482 μὲν
3515 2414 3678 2465 αὑτὸν
3717 2413 3808 2465 διὰ

2220 2508 2280 2560 τὸ
2326 2509 2610 2576 Ῥωμαίων
2643 2508 2748 2577 non
2782 2508 3096 2576 φυγαδεύει.
3138 2502 3306 2568 Οὗτός
3351 2509 3466 2558 ὲστι
3497 2506 3809 2575 Τηρ;δάτης

2221 2602 2248 2654 6
2273 2603 2364 2654 καὶ⁸
2395 2602 2492 2670 τὴν
2513 2599 2815 2670 Ἀρμενίων
2841 2601 3014 2670 ἀρχὴν
3041 2603 3220 2670 χρόνῳ
3253 2601 3481 2668 ὕστερον
3518 2598 3807 2666 Ῥωμαϊκῇ

2227 2691 2515 2760 συμμαχία
2535 2693 2629 2742 καὶ
2655 2691 2820 2760 ψήφῳ
2846 2689 3329 2758 κατακτησάμενος
3360 2688 3453 2740 καὶ
3487 2686 3810 2752 ὑπολαδὼν,

2226 2786 2318 2837 καὶ
2353 2784 2443 2836 τὸν
2480 2784 2655 2854 μέγαν
2689 2783 2992 2852 Γρηγόριον
3028 2781 3285 2850 βασάνοις
3325 2780 3634 2850 ἀμυθήτοις
3673 2781 3808 2831 ὑπο-

2224 2875 2428 2939 λαῦὼν,
2461 2877 2554 2927 καὶ
2588 2875 2662 2945 μὴ
2697 2875 2862 2944 μόνον
2907 2875 2981 2944 μὴ
3009 2876 3329 2944 ἀποστήσας
3367 2871 3562 2925 τοῦτον
3589 2871 3684 2937 τῆς
3724 2871 3811 2922 εὖ·

2227 2967 2462 3032 σεὸείας,
2514 2969 2648 3022 ἀλλά
2695 2967 2785 3020 καὶ
2834 2967 2996 3030 αὑτὸς
3045 2967 3218 3034 δήπου
3279 2969 3346 3034 τῇ
3393 2982 3453 3017 τε
3483 2963 3577 3015 τοῦ
3617 2962 3809 3033 ἀνδρὸς

2226 3060 2497 3127 ὑπερφυεῖ
2530 3059 2812 3128 καρτερία,
2843 3057 2936 3109 καὶ
2963 3061 3028 3126 τῇ
3057 3057 3277 3118 ἐκθείας
3307 3055 3568 3124 προνοίας
3601 3055 3811 3108 ἀνωθεν

2230 3149 2477 3216 μάστιγι,
2510 3134 2646 3218 πρὸς
2678 3150 2776 3217 τὴν
2803 3148 3017 3200 ἐκείνου
3049 3148 3230 3199 πίστιν
3265 3145 3610 3215 μεταϐαλών.
3645 3147 3810 3199 Ἀλὶά

2228 3240 2396 3297 ταῦτα
2432 3242 2531 3313 μὲν
2555 3243 2697 3296 κατά
2732 3243 2898 3314 μέρος
2929 3240 3133 3312 προῖὼν
3171 3243 3198 3294 6
3223 3240 3380 3308 λόγος
3407 3240 3668 3310 δηλώσει.

2299 3425 2382 3481 Η’.
2423 3424 2786 3494 Ἀρτασείρας
2835 3425 2881 3478 δ’
2914 3423 3007 3478 οὖν
3042 3425 3160 3478 τότε
3188 3427 3214 3478 ὁ
3238 3425 3344 3478 τῶν
3378 3424 3610 3494 Περσῶν
3657 3422 3812 3487 βασι-

2225 3515 2349 3579 λεὺς
2393 3518 2558 3584 μέρος
2605 3515 2704 3585 τῆς
2738 3515 2872 3578 ιδίας
2919 3518 3092 3584 ἀρχῆς
3122 3515 3215 3567 καὶ
3248 3515 3346 3583 τὴν
3389 3516 3690 3581 Ἀρμενίαν
3717 3515 3814 3564 a6-

2224 3609 2323 3680 τὴν
2359 3610 2674 3677 ἐποιήσατο.
2725 3608 2783 3662 '0
2823 3607 2881 3662 δὲ
2911 3609 3002 3661 τοῦ
3029 3589 3204 3660 ”Ανάκ
3249 3609 3375 3669 παῖς
3402 3603 3500 3658 τοῦ
3531 3606 3628 3656 τὸν
3670 3606 3811 3656 Κου-

2228 3701 2380 3770 σαρὼ
2411 3700 2693 3762 ἀνελόντος
2725 3701 2841 3770 ἅμα
2887 3699 2964 3768 τῷ
3001 3697 3216 3767 ἀδελφῷ
3246 3696 3535 3768 Γρηγορίῳ
3564 3697 3624 3749 ἐν
3659 3694 3812 3748 πόλει

2228 3793 2567 3860 Καισαρείας
2607 3796 2705 3860 τῆς
2746 3791 3152 3851 Καππαδοκίας
3194 3791 3418 3856 διάγων.
3459 3791 3718 3842 παιδείαν
3750 3805 3810 3840 τε

2225 3886 2324 3954 τήν
2357 3885 2522 3956 ἀλλην
2561 3883 2854 3952 ἐμάνθανε,
2889 3882 2983 3936 καὶ
3023 3883 3087 3934 τὰ
3115 3881 3459 3948 Χριστιανῶν
3503 3881 3812 3946 φιλοπόνως

2226 3980 2466 4048 ἠσκεῖτο.
2499 3976 2806 4047 Τηριδάτης
2843 3977 3034 4028 τοίνυν
3049 3969 3134 4027 οἷα
3163 3974 3228 4042 δὴ
3259 3971 3542 4042 βασιλικοῦ
3578 3975 3814 4041 αἵματος

2226 4069 2301 4122 ὢν
2351 4073 2462 4132 τοῖς
2529 4073 2602 4135 ἐν,
2657 4069 2799 4120 τέλει
2855 4070 3242 4137 συνηριθμεῖτο
3310 4068 3631 4136 Ῥωμαίων.
3697 4068 3812 4119 Οὐκ

2226 4159 2436 4225 ἀγνοῶν
2464 4156 2554 4210 οὖν
2593 4160 2619 4211 6
2649 4149 2952 4229 Γρηγόριος
2978 4157 3012 4210 ἃ
3041 4173 3099 4209 τε
3140 4159 3166 4208 6
3191 4157 3382 4209 τούτου
3422 4157 3608 4224 πατὴρ
3645 4159 3814 4209 Ἀνὰκ

2227 4250 2256 4303 δ
2281 4250 2554 4321 επράξατο
2581 4252 2674 4304 καὶ
2700 4251 2735 4303 ἃ
2764 4252 2790 4302 6
2821 4251 3123 4321 Τηριδάτου
3160 4249 3288 4318 παρ’
3316 4247 3481 4301 αὑτοῦ
3511 4249 3810 4312 πέπονθεν,

2229 4343 2505 4413 ἀνέκφορα
2550 4341 2607 4395 δέ
2646 4343 2797 4410 ὅμως
2835 4344 2969 4407 παρ’
3015 4342 3191 4410 ἐαυτῷ
3228 4341 3499 4408 κατέχων,
3557 4343 3812 4411 πρόσεισι

2227 4435 2303 4506 τῷ
2345 4436 2620 4506 Τηριδάτῃ
2656 4435 2735 4498 είς
2764 4434 3011 4486 ἑκούσιον
3055 4434 3247 4486 ἑαυτὸν
3279 4435 3594 4502 ὑπηρεσίαν
3635 4438 3813 4503 ἐγχει-

545 4524 956 4578 excusationem
1004 4523 1242 4578 Teridati
1295 4523 1350 4578 in
1401 4523 1658 4577 omnibus
1718 4523 1931 4578 fidelem
1969 4537 2118 4576 suam

2231 4530 2415 4599 ρίζων,
2459 4529 2551 4581 καὶ
2591 4524 2660 4598 ἦν
2706 4528 3114 4596 ἀπροφάσιστον
3150 4527 3207 4578 ἐν
3247 4526 3380 4577 πᾶσι
3425 4524 3500 4592 τῷ
3531 4526 3811 4597 Τηριδάτῃ

548 4616 825 4681 praebebat
851 4629 1093 4683 operam.
1117 4614 1254 4668 Cum
1283 4624 1461 4668 autem
1481 4616 1779 4684 accepisset
1799 4614 2120 4685 Gregorium

547 4707 914 4768 Christianam
956 4715 1144 4760 tenere
1184 4706 1518 4774 religionem,
1552 4721 1693 4774 aegre
1731 4705 1940 4759 ferebat
1973 4704 2124 4758 Teri-

551 4801 858 4868 dates,qui,
888 4799 988 4853 etsi
1018 4799 1152 4852 nihil
1185 4801 1500 4867 proﬁceret,
1538 4814 1644 4852 non
1667 4800 1915 4852 cessabat
1942 4809 2120 4852 tamen

549 4908 673 4946 eum
700 4891 1004 4961 increpare.
1031 4890 1216 4946 Gotthi
1249 4906 1374 4944 vero
1403 4893 1492 4946 illo
1514 4901 1758 4960 tempore
1785 4889 2122 4961 populaban-

551 4992 641 5035 tur
675 4993 730 5035 et
769 4985 1049 5036 vastabant
1072 4997 1232 5052 agros
1264 4983 1519 5037 Romane
1549 4982 1805 5053 regionis.
1847 4981 2002 5037 Unde
2032 4980 2122 5047 qui

552 5089 682 5129 tunc
707 5073 1008 5128 Romanum
1059 5075 1340 5129 obtinebat
1375 5075 1661 5144 imperium
1713 5073 1950 5128 surrexit
2009 5071 2123 5141 ipse

551 5183 768 5237 quoque
822 5165 954 5219 totis
993 5165 1244 5220 viribus:
1279 5176 1336 5220 et
1377 5183 1496 5236 qua:
1537 5167 1602 5220 ad
1650 5166 1849 5220 bellum
1892 5166 2123 5235 pertine-

553 5266 684 5312 bant
735 5258 980 5327 parabat,
1033 5272 1232 5325 eosque
1283 5259 1511 5312 advocat
1548 5259 1637 5327 qui
1690 5258 1822 5327 .ejus
1859 5258 2123 5326 parebant

552 5351 778 5412 ditione,
812 5365 872 5402 ac
919 5366 976 5403 se
1028 5348 1252 5403 omnino
1312 5350 1614 5404 instruebat
1666 5351 1730 5404 ad
1784 5350 2124 5403 ulciscendos

553 5441 802 5499 Gottlios.
854 5440 988 5494 Cum
1056 5444 1237 5511 itaque
1283 5443 1418 5495 alter
1482 5461 1544 5497 ex
1610 5445 1840 5498 adverso
1901 5445 2125 5498 alterius

557 5532 921 5590 castrantetati
975 5543 1180 5598 essent,
1239 5543 1292 5587 et
1339 5533 1514 5586 aciem
1579 5535 1793 5602 utrique
1840 5535 2124 5589 instruxis-

557 5638 697 5693 sent,
730 5637 784 5684 et
815 5643 1006 5681 manus
1038 5641 1158 5678 mox
1191 5635 1374 5684 essent
1406 5631 1728 5688 conserturi,
1759 5627 1867 5680 dux
1898 5627 2124 5682 Gottho-

558 5735 676 5774 rum
720 5721 1030 5789 provocavit
1088 5735 1267 5790 regem
1316 5721 1685 5778 Romanorum
1733 5720 1797 5772 ad
1855 5721 2124 5790 singulare

561 5822 854 5870 certamen.
898 5811 986 5869 llle
1015 5822 1194 5870 autem
1230 5814 1424 5883 (neque
1466 5814 1606 5869 enim
1638 5819 1847 5883 poterat
1873 5816 1982 5870 suis
2016 5830 2125 5869 mae

2227 4621 2321 4675 καὶ
2355 4623 2551 4688 πιστὴν
2595 4620 2879 4682 ἀποδιδοὺς
2925 4619 3251 4688 ὑπηρεσίαν.
3287 4616 3492 4671 Μαθὼν
3529 4617 3587 4669 δέ
3625 4621 3708 4670 ὅτι
3745 4619 3810 4669 τά

2226 4712 2576 4778 Χριστιανῶν
2620 4711 2914 4778 θρησκεὺει
2947 4711 3281 4778 Γρηγόριος,
3339 4710 3699 4776 ἐδυσχέραινέ
3753 4724 3807 4761 τε

2225 4799 2379 4864 οὗτος
2424 4804 2451 4854 ό
2493 4802 2801 4872 Τηριδάτης
2851 4802 2945 4852 καὶ
2993 4801 3042 4852 εί
3068 4801 3233 4869 μηδὲν
3265 4800 3451 4869 ήνυεν,
3488 4799 3644 4867 ὅμως
3694 4801 3808 4850 ἐπιο

2225 4896 2401 4964 τιμῶν
2434 4895 2532 4946 οὐκ
2587 4894 2751 4947 ἀνίει.
2794 4893 2983 4945 Γότθοι
3025 4892 3080 4944 δὲ
3111 4892 3233 4944 κατ’
3273 4895 3449 4945 ἐκεῖνο
3499 4893 3702 4961 καιροῦ
3745 4893 3809 4944 τά

2237 4987 2528 5057 Ῥωμαίων
2559 4987 2734 5058 χωρία
2763 4983 2956 5055 ἐδῄουν
2986 5003 3042 5038 τε
3069 4987 3162 5040 καὶ
3191 4985 3673 5054 ἠνδραποδίζοντο.
3704 4990 3809 5040 Καὶ

2226 5081 2253 5131 6
2294 5082 2586 5150 Ῥωμαίοις
2634 5081 2691 5131 δέ
2743 5079 2864 5131 τότε
2913 5079 3012 5148 τὴν
3067 5078 3343 5148 βασιλείαν
3381 5078 3610 5137 διέπων,
3661 5083 3806 5132 διανο

2232 5169 2414 5222 ίστατο
2455 5175 2547 5221 καὶ
2593 5169 2752 5230 αὐτὸς
2792 5171 2955 5221 παντὶ
2999 5169 3196 5232 σθένει,
3239 5170 3333 5220 καὶ
3368 5171 3435 5218 τά
3468 5168 3549 5229 είς
3575 5169 3672 5221 τὸν
3717 5175 3806 5225 πό-

2228 5260 2391 5330 λεμον
2437 5261 2578 5328 μετά
2621 5260 2730 5311 τών
2775 5260 2878 5310 ὑπὸ
2911 5260 3066 5327 χεῖρα
3097 5256 3476 5326 ηὐτρεπίζετο,
3521 5261 3619 5310 καὶ
3663 5261 3800 5329 ἀμυ-

2235 5352 2440 5406 νεῖσθαι
2461 5353 2690 5416 Γότθους
2719 5349 3370 5414 συνεσκευάζετο.Ἐνθεν
3390 5367 3471 5403 τοι
3495 5351 3620 5403 ἀντὶ
3650 5371 3803 5421 στραο

2228 5446 2712 5512 τοπεδευσαμένων
2747 5446 2810 5495 ἐκ
2854 5442 2946 5494 τοῦ
2979 5441 3220 5494 ἐναντίου
3257 5440 3538 5509 ἀλλήλοις,
3580 5444 3672 5493 καὶ
3708 5446 3800 5512 τήν

2231 5541 2490 5605 στρατιάν
2561 5537 2828 5604 ἑκατέραν
2886 5531 3274 5594 διαταξάντων,
3348 5534 3440 5583 καὶ
3489 5533 3569 5593 εἰς
3617 5537 3800 5604 χεῖρας

2228 5629 2351 5681 ὅσον
2403 5627 2618 5680 ιὺδέπω
2683 5629 2889 5684 ἰόντων,
2935 5625 2962 5673 6
3006 5623 3113 5675 τών
3156 5622 3369 5674 Γότθων
3416 5622 3660 5688 ἀρχηγὸς
3724 5624 3798 5682 είς

2233 5721 2572 5791 μονομαχίαν
2609 5715 2968 5788 προεκαλεῖτο
2996 5714 3086 5768 τὸν
3119 5713 3343 5784 βασιλέα
3391 5711 3699 5782 Ῥωμαίων.
3744 5712 3794 5764 ’0

2229 5815 2279 5868 δέ
2311 5813 2398 5883 (οὐ
2441 5814 2550 5881 γάρ
2594 5805 2702 5870 οἶός
2743 5823 2801 5859 τε
2853 5801 2928 5876 ἦν
2969 5805 3173 5876 χερσὶν
3203 5802 3429 5869 οἰκείαις
3475 5802 3787 5859 καταϐαλεῖν
