3956 6474
197 402 303 465 953

1144 410 1320 470 VITA
1365 411 1424 471 S.
1465 411 1848 475 GREGORII
1889 417 2534 490 ILLUMINATOBIS.

3345 439 3453 501 954

192 515 288 565 τὸν
319 511 670 583 ἀντίπαλον),
708 513 790 577 τίς
822 514 886 568 ἂν
912 516 1116 570 ἐκεῖνον
1141 519 1456 590 ὑποκριθιὶς
1486 522 1563 594 τῷ
1595 521 1755 595 Γότθιε

1879 529 2042 586 nibus
2072 545 2424 602 prosternere
2453 538 2850 610 adversarium)
2884 541 3182 611 quaerebat,
3202 543 3448 612 quisnam

192 602 529 674 1:9006di.).0t
580 606 645 657 ἑκ
678 604 786 657 τῶν
815 607 944 676 παρ’
982 608 1158 678 ἑαυτῷ
1194 609 1468 682 ἐπιζήτει.

265 786 346 839 Θ’.
380 788 721 851 Δικιννιανδς
749 791 806 844 δέ
848 807 940 873 τις.
981 792 1122 863 ἀνὴρ
1152 795 1262 848 τῶν
1302 799 1360 851 ὲν
1413 803 1771 870 στρατηγίαις

189 876 601 947 ἐξεταζομένων
633 882 694 934 τὸ
724 884 1025 951 τηνικαῦτα
1061 886 1286 958 θαρρεῖν
1349 891 1663 946 ὑποτίθεται
1693 895 1769 965 τῷ

191 966 439 1036 βασιλεῖ’
466 966 733 1039 εἶναιγὰρ
775 974 938 1026 πάλαι
967 975 1073 1028 τῶν
1105 978 1234 1044 παρ’
1264 980 1412 1050 αὑτῷ
1465 1000 1763 1050 στρατευο-

192 1059 379 1127 μένων
433 1062 551 1114 τινὰ
575 1105 590 1126 ,
627 1064 933 1135 Τηριδάτην
964 1070 1169 1122 ἐκεῖνον
1220 1071 1312 1124 τὸν
1339 1075 1418 1134 είς
1453 1074 1515 1126 τὸ
1561 1076 1770 1144 βασιλι-

188 1151 288 1202 κον
319 1153 420 1221 τῆς
466 1156 758 1223 Ἀρμενίας
785 1157 1130 1225 ἀναφέροντα
1154 1156 1310 1231 αἷμα,
1351 1165 1519 1232 ἄνδρα
1540 1168 1764 1237 δυνάμει

188 1243 286 1292 καὶ
319 1245 507 1312 χερσὶν
539 1247 774 1314 ἄμαχον,
810 1249 904 1301 καὶ
929 1249 1130 1321 πολλὴν
1161 1253 1217 1303 ἐν
1250 1255 1467 1318 πολλοῖς
1496 1258 1765 1312 δεδωκότα

190 1338 393 1404 πεῖραν
424 1337 520 1403 τῆς
545 1339 707 1389 αὑτοῦ
748 1342 1147 1407 γενναιότητος.
1174 1339 1346 1410 Οὗτος
1378 1350 1470 1401 καὶ
1493 1350 1589 1402 νῦν
1617 1355 1766 1415 παρὰ

187 1425 267 1492 τῷ
302 1427 554 1496 παλατίῳ
584 1429 850 1499 διατρίϐει
879 1434 1061 1501 φησίν.
1113 1436 1339 1504 Ἀγεται
1375 1440 1503 1505 γοῦν
1527 1443 1766 1511 Τηριδά-

185 1532 289 1584 της
319 1519 398 1577 εἰς
434 1519 618 1586 μέσον,
657 1522 749 1572 καὶ
781 1521 879 1592 τὴν
911 1523 1197 1595 βασιλικὴν
1237 1529 1390 1601 αὐτῷ
1422 1534 1766 1603 περιτίθησιν

184 1611 215 1660 ὁ
242 1609 498 1677 βασιλεὺς
524 1611 842 1681 ἁλουργίδα,
875 1618 966 1668 καὶ
996 1618 1066 1670 τὰ
1110 1621 1210 1689 τῆς
1240 1622 1416 1692 ἀρχῆς
1456 1627 1765 1697 παράσημα

188 1703 394 1766 πάντα,
429 1702 504 1765 ὡς
533 1706 596 1757 ἂν
622 1706 806 1777 δοκοίη
839 1709 929 1760 καὶ
954 1709 1206 1777 βασιλεὺς
1237 1709 1399 1775 εῖναι,
1427 1719 1454 1768 ό
1483 1719 1580 1786 τὴν
1604 1738 1762 1789 μονο-

191 1796 401 1863 μαχίαν
437 1798 571 1864 προς
620 1799 708 1850 τὸν
763 1798 1041 1869 βάρϐαρον
1107 1804 1522 1873 ἀναιρούμενος.
1583 1813 1762 1865 Κατα-

189 1890 418 1948 σιάντες
447 1885 540 1942 οὖν
571 1893 650 1953 εἰς
680 1893 861 1962 μάχην
913 1894 940 1946 ὃ
970 1909 1027 1946 τι
1056 1894 1146 1947 τὸν
1194 1897 1419 1966 βασιλέα
1478 1903 1766 1972 Ῥωμαίων

188 1981 627 2050 ὑποκρινόμενος
662 1984 993 2056 Τηριδάτης,
1035 1991 1128 2041 καὶ
1153 1990 1316 2053 αὐτὸς
1363 1993 1389 2044 6
1416 1993 1521 2046 τῶν
1553 1995 1766 2051 Γὸτοων

188 2073 464 2140 ἀρχηγὸς,
497 2075 648 2144 παρὰ
680 2077 935 2130 τοσοῦτον
997 2080 1308 2150 Τηριδάτης
1359 2085 1631 2155 ἐκράτησε
1669 2091 1764 2143 τοῦ

191 2163 497 2235 βαρὸἀρου,
555 2168 651 2228 ὡς·
699 2170 835 2236 μηδὲ
888 2169 1042 2237 ξίφος
1097 2171 1183 2223 ἐπ’
1244 2176 1405 2227 αὐτὸν
1451 2178 1763 2234 σπάσασθαι

193 2257 333 2324 μηδὲ
363 2258 490 2324 δόρυ
561 2259 804 2324 κινῆσαι,
853 2261 969 2314 ἀλλ’
1034 2265 1276 2332 ἁρπάσαι
1315 2283 1374 2319 τε
1419 2268 1609 2322 τοῦτον
1634 2275 1760 2335 ταῖς

187 2351 347 2415 χερσὶ
381 2348 534 2416 ῥᾷον,
569 2350 660 2401 καὶ
701 2350 849 2427 αὐτῷ
893 2351 1107 2422 βασιλεί
1141 2362 1494 2428 παραστῆσαι
1555 2361 1760 2426 ζῶντα.

191 2437 385 2489 Ἔνθεν
409 2456 488 2491 τοι
511 2441 632 2495 οὐδὲ
660 2443 898 2510 ἀναξίων
955 2449 1088 2518 παρ’
1147 2452 1314 2505 αὐτοῦ
1346 2457 1602 2524 τυγχάνει
1655 2459 1765 2512 τῶν

186 2529 384 2590 ἄθλων.
404 2531 665 2600 Χρήμασι
694 2551 746 2586 τε
774 2538 881 2604 γὰρ
904 2540 1066 2592 αὐτὸν
1092 2543 1492 2610 φιλοφρονεῖται
1526 2548 1760 2614 πολλοῖς,

186 2623 284 2674 καὶ
310 2625 622 2694 πορφυρίδα
679 2627 1025 2697 περιϐάλλει,
1090 2633 1181 2685 καὶ
1222 2634 1489 2706 βασιλικῷ
1521 2640 1621 2709 τὴν
1671 2659 1763 2694 κε·

185 2716 368 2785 φαλὴν
395 2719 692 2788 ἐπικοσμεῖ
747 2721 1062 2793 διαδήματι,
1113 2715 1208 2780 καὶ
1259 2729 1338 2790 είς
1371 2730 1471 2801 τὴν
1503 2734 1760 2804 πατρῴαν

185 2809 362 2876 ἀρχὴν
395 2811 794 2880 ἀποκαθίστησι
824 2815 912 2868 τὸν
953 2818 1282 2890 Τηριδάτην.
1318 2823 1391 2875 Τὸ
1421 2825 1604 2892 μέντοι
1633 2829 1762 2882 Γοτ-

185 2899 364 2966 θικδν,
396 2902 713 2970 ,παραλόγου
743 2906 841 2974 τῆς
870 2908 1039 2977 τύχης
1065 2911 1205 2965 οὕτω
1239 2917 1611 2986 πειραθέντες,
1669 2925 1763 2976 καὶ

188 2990 565 3060 συλληφθέντα
596 2993 685 3046 τὸν
719 2996 961 3067 ἀρχηγζν
1000 3002 1063 3053 ὲκ
1089 3002 1183 3054 τοῦ
1236 3006 1502 3072 αἰφνιδίου
1537 3013 1759 3082 ίδόντες,

181 3083 533 3138 διεσκέδαστό
558 3103 616 3140 τε
652 3089 799 3143 ἆπαν
856 3093 950 3144 καὶ
994 3093 1166 3158 ὀλίγοι
1225 3097 1362 3166 πρὸς
1413 3099 1512 3167 τὴν
1549 3104 1757 3157 οἰκείαν

1875 636 1939 676 ex
1973 625 2088 679 suis
2124 640 2182 679 se
2223 626 2374 681 illum
2415 643 2538 684 esse
2577 630 2841 686 simulans
2901 647 3024 687 cum
3070 631 3274 690 Gottlto
3321 651 3452 692 con-

1874 716 2213 783 grederetur.

1944 809 2034 863 IX.
2071 811 2387 868 Licinianus
2427 823 2610 869 autem
2643 816 2725 869 vir
2755 817 2974 886 quidam
3020 833 3085 872 ex
3135 819 3218 883 iis,
3257 821 3348 888 qui
3393 825 3446 876 in

1873 901 2138 955 ducendis
2179 903 2511 959 exercitibus
2561 916 2691 960 tunc
2740 919 2891 961 erant
2936 908 3164 974 pulchre
3219 913 3446 976 versati.

1871 993 2024 1060 jubet
2074 997 2451 1061 imperatorem
2509 997 2650 1051 bono
2701 1013 2820 1052 esse
2855 1000 3086 1053 animo:
3127 1015 3248 1054 esse
3301 1002 3445 1054 enim

1875 1100 2042 1136 unum
2077 1101 2142 1138 ex
2198 1085 2262 1138 iis
2303 1085 2390 1153 qui
2427 1088 2566 1154 apud
2613 1088 2790 1156 ipsum
2844 1091 3093 1152 militant.
3140 1089 3445 1146 Teridatem

1874 1175 2082 1228 sciliCet
2103 1175 2274 1237 illum.
2298 1177 2388 1244 qui
2410 1180 2574 1232 refert
2601 1195 2770 1247 genus
2800 1180 2864 1232 ad
2893 1183 3098 1250 regium
3129 1184 3445 1252 sanguinem

1871 1266 2164 1328 Armeniae.
2201 1269 2399 1328 virum.
2436 1270 2525 1338 qui
2571 1269 2776 1323 viribus
2816 1280 2870 1323 et
2915 1273 3082 1326 armis
3107 1284 3187 1326 est
3219 1274 3447 1342 inexpu-

1871 1358 2119 1426 gnabilis.
2163 1369 2219 1413 et
2265 1360 2356 1428 qui
2391 1361 2442 1412 in
2481 1361 2662 1414 multis
2700 1377 2809 1416 sua:
2837 1362 3048 1416 virtutis
3094 1364 3240 1418 dedit
3282 1381 3448 1434 expe-

1873 1452 2143 1506 rientiam.
2205 1451 2256 1505 ls
2317 1467 2463 1505 nunc
2517 1469 2752 1523 quoquc,
2817 1454 3028 1523 inquit.
3082 1466 3330 1509 versatur
3390 1458 3442 1510 in

1871 1545 2137 1599 exercitu.
2188 1545 2245 1598 ln
2300 1546 2536 1599 medium
2577 1546 2758 1614 itaque
2799 1549 3014 1603 ducitur
3053 1547 3354 1611 Teridates.
3390 1559 3445 1603 et

1869 1650 1991 1689 eum
2026 1637 2374 1705 imperatoria
2407 1637 2580 1690 induit
2616 1640 2910 1707 imperator
2945 1656 3206 1709 purpura,
3239 1649 3294 1694 et
3325 1656 3442 1694 0m-

1869 1729 2032 1782 nibus
2077 1728 2382 1796 insignibus
2428 1729 2665 1797 imperii,
2719 1739 2780 1783 ut
2837 1732 3114 1784 videretur
3166 1735 3278 1800 ipse
3318 1747 3444 1786 esse

1871 1821 2212 1884 imperator.
2269 1823 2360 1890 qui
2429 1824 2694 1878 adversus
2748 1824 3038 1878 barbarum
3110 1825 3444 1893 suscipiebat

1870 1914 2144 1983 singulare
2173 1922 2472 1968 certamen.
2505 1914 2640 1969 Cum
2673 1918 2740 1970 ad
2782 1933 3015 1986 pugnant
3047 1933 3176 1981 ergo
3222 1931 3444 1985 proces-

1869 2007 2090 2065 sissent.
2152 2016 2208 2061 et
2252 2008 2342 2075 qui
2397 2005 2761 2060 Romanorum
2808 2010 2998 2077 agebat
3057 2011 3442 2077 imperatorem

1867 2097 2170 2151 Teridates.
2216 2107 2270 2151 et
2306 2100 2420 2167 ipse
2459 2101 2566 2153 dux
2595 2099 2946 2162 Gotthorum.
2983 2116 3154 2170 usque
3187 2101 3322 2154 adeo
3351 2116 3442 2153 su-

1869 2190 2077 2258 peravit
2109 2190 2394 2245 Teridates
2425 2191 2737 2252 barbarum.
2779 2203 2837 2247 ut
2872 2209 2969 2247 nec
3002 2209 3189 2248 ensem
3220 2194 3440 2262 quidem

1867 2283 1920 2336 in
1981 2281 2157 2349 ipsum
2209 2282 2511 2344 strinxerit,
2565 2298 2742 2351 neque
2795 2285 3002 2337 hastam
3033 2285 3263 2337 vibrarit
3298 2303 3311 2337 :
3344 2285 3440 2338 sed

1865 2389 1988 2428 eum
2047 2389 2211 2427 manu
2271 2372 2427 2426 facile
2485 2375 2746 2441 rapuerit.
2799 2383 2854 2428 et
2903 2376 3080 2428 vivum
3116 2375 3332 2429 duxerit
3372 2375 3441 2428 ad

1866 2465 2044 2535 ipsum
2069 2466 2479 2534 imperatorem.
2513 2465 2634 2531 Quo
2667 2466 2832 2537 facto,
2866 2483 2973 2520 non
3016 2467 3233 2537 indigna
3275 2467 3342 2519 ab
3376 2481 3442 2520 eo

1865 2557 2218 2622 consequitur
2266 2559 2506 2624 praemia.
2555 2556 2689 2610 Nam
2729 2566 2783 2612 et
2825 2559 3055 2627 benigne
3109 2562 3158 2612 ei
3209 2559 3440 2612 multum

1865 2645 2091 2714 largitur
2126 2649 2372 2713 pecunia:
2403 2657 2456 2700 et
2499 2648 2676 2699 induit
2721 2664 2845 2701 eum
2887 2664 3148 2717 purpura.
3183 2661 3238 2702 et
3276 2657 3443 2718 caput.

1863 2738 1980 2805 ejus
2032 2738 2180 2805 regio
2223 2747 2381 2789 ornat
2414 2737 2742 2800 diademate.
2785 2749 2838 2791 et
2884 2755 2991 2792 non
3030 2740 3202 2792 multo
3229 2753 3349 2808 post
3384 2743 3439 2794 in

1864 2839 2153 2900 paternum
2214 2829 2500 2898 imperium
2558 2831 2796 2885 restituit
2853 2831 3182 2887 Tcriilatem.
3251 2832 3438 2886 Gotthi

1862 2929 2048 2974 autem
2095 2935 2218 2972 cum
2261 2921 2339 2974 sic
2375 2931 2569 2989 praeter
2613 2923 2880 2976 rationem
2915 2923 3194 2977 adversam
3242 2925 3443 2978 sensis-

1862 3024 1984 3070 sent
2019 3013 2312 3077 fortunam,
2363 3022 2418 3066 et
2470 3013 2662 3066 ducem
2704 3028 2860 3066 suum
2911 3026 3137 3082 repente
3177 3015 3439 3068 vidissent

1865 3105 2341 3169 comprehensum,
2373 3101 2606 3171 dispersi
2651 3113 2780 3157 sunt
2813 3117 3023 3163 omnes.
3069 3112 3126 3158 et
3161 3105 3317 3172 pauci
3351 3119 3438 3158 re-

182 3177 480 3246 ἐπανῆκον,
515 3180 616 3250 τῆς
652 3185 938 3251 συμφορᾶς
986 3185 1226 3253 ἄγγελοι.
1270 3190 1338 3241 '0
1369 3207 1430 3256 γε
1476 3191 1583 3261 μὴν
1624 3194 1755 3246 Ῥω-

1863 3196 2085 3249 dierunt
2115 3196 2168 3249 in
2206 3195 2430 3250 domum
2459 3210 2610 3250 suam
2655 3196 2833 3250 nuntii
2882 3195 3222 3254 calamitatis.
3261 3196 3438 3266 Impe-

184 3269 361 3336 μαίων
387 3270 637 3340 βασιλεὺς
673 3278 810 3341 μετὰ
844 3277 1116 3346 λαμπρῶν
1168 3285 1447 3349 τροπαίων
1497 3285 1755 3356 εὐδαιμο-

179 3361 412 3414 νέστατα
435 3364 752 3432 ἀνεζεύγνυ.

253 3451 308 3504 l'.
349 3453 660 3522 Τηριδατης
693 3455 748 3508 δὲ
773 3457 833 3509 τὸ
856 3459 982 3529 ἑξῆς
1021 3459 1310 3533 ’Λρμενίας
1331 3465 1633 3535 βασιλεύων
1658 3470 1758 3540 τῆς

179 3542 443 3614 πατρῴας
479 3547 680 3615 μᾶλλον
723 3552 902 3622 εἶχετρ
985 3554 1430 3627 δεισιδαιμονίας,
1488 3562 1668 3626 ἄλλοις
1699 3581 1756 3616 τε

178 3637 331 3690 θύειν
367 3639 606 3702 τίδώλσις
637 3644 730 3694 καὶ
755 3645 819 3713 δὴ
857 3647 949 3697 καὶ
995 3645 1296 3719 ’Λρτέμιδι,
1344 3655 1410 3722 ἢν
1471 3658 1635 3725 ἐτίμα
1694 3675 1754 3710 τε

177 3732 549 3803 διαφερόντως
601 3736 695 3787 καὶ
745 3737 909 3803 φίλην
941 3741 1128 3806 ἠγεῖτο
1161 3741 1301 3795 θεόν.
1345 3744 1627 3799 Ἐεοῦλετο
1656 3751 1755 3815 μὲν

175 3819 274 3874 οὖν
305 3825 400 3888 τῆς
428 3821 618 3882 θυσίας
645 3830 919 3877 κοινωνεῖν
952 3828 1101 3896 αὐτῷ
1127 3833 1217 3882 καί
1243 3831 1333 3883 τὸν
1367 3834 1512 3902 ίερὶν
1547 3836 1756 3906 Γρηγό-

179 3926 316 3979 ριον.
348 3909 484 3978 Τῇδε
542 3911 651 3982 γὰρ
686 3914 762 3984 τῷ
793 3915 1068 3988 Τηριδὰτῃ
1105 3923 1199 3974 καὶ
1253 3924 1416 3988 αὐτὸς
1450 3927 1652 3982 εἵπετο.
1693 3928 1752 3985 Ὀ

175 4002 234 4056 δὲ
271 4002 371 4055 οὐκ
397 4006 665 4075 ἠνείχετο.
699 4010 1008 4082 Τηριδατης
1038 4016 1220 4068 τοίνυν
1251 4020 1451 4089 πολλὴν
1489 4024 1634 4092 αὑτῷ
1658 4026 1755 4095 τῆς

175 4110 236 4144 τε
273 4093 438 4164 ἄλλης
475 4099 803 4167 ὑπηρεσίας,
837 4107 926 4155 καὶ
961 4106 1023 4174 δὴ
1073 4108 1287 4177 καὶτῆς
1316 4113 1422 4163 τῶν
1456 4115 1596 4166 ὅλων
1634 4134 1754 4176 ,κοι-

175 4185 378 4248 νωνίας
405 4189 566 4259 χάριν
592 4190 896 4258 ὁμολογῶν.
941 4193 1000 4246 Ὀ
1037 4197 1220 4264 μέντοι
1255 4200 1395 4262 θεῖος
1429 4203 1749 4273 Γρηγόριος·

173 4277 273 4368 τας
307 4277 408 4346 μὲν
453 4282 797 4350 σωματικὰς,
841 4287 996 4352 φησὶ,
1072 4289 1440 4359 λειτουργίας,
1488 4296 1611 4348 ὅσαι
1678 4297 1752 4368 μὴ

171 4365 356 4439 ψυχὴν
385 4371 814 4440 διαφθείρουσιν,
847 4375 1029 4448 εὐνοίᾳ
1064 4384 1158 4434 καὶ
1189 4383 1340 4454 φιλίᾳ
1399 4386 1509 4438 τῶν
1557 4365 1750 4440 δεσποέ

171 4463 286 4516 τῶν
309 4467 335 4516 ὁ
360 4465 540 4524 κοινὸς
565 4467 715 4536 ,ἡμᾶς
750 4469 1020 4539 δεσπότης
1055 4473 1448 4543 ὑπηρετεῖσθαι
1485 4479 1748 4546 διδάσκει,

171 4555 433 4624 καὶπρὸς
464 4557 668 4617 ταύτας
725 4559 783 4610 οὐ
822 4562 1096 4631 Δεσπότης
1170 4582 1250 4616 σοι
1306 4567 1430 4619 οὕτε
1491 4572 1748 4640 ἀσχολίαν

171 4647 689 4716 προεφασισαμεθα,
719 4649 841 4702 οὔτε
867 4652 1126 4723 ῥαθύμως
1163 4656 1616 4731 ὑπηρετησαμεν,
1649 4667 1753 4718 ὅσα

167 4738 225 4790 δὲ
260 4738 393 4805 πρὸς
422 4739 590 4810 αὐτὴν
615 4741 766 4812 φέρει
802 4745 894 4796 τὸν
953 4743 1196 4799 κίνδυνον
1241 4750 1340 4820 τὴν
1391 4753 1587 4821 ψυχὴν,
1653 4757 1748 4808 καὶ

169 4829 267 4883 τοῦ
298 4830 631 4901 δημιουργοῦ
665 4835 856 4905 πόρρῳ
918 4839 1083 4901 ποιεῖ,
1133 4839 1338 4892 τούτων
1371 4844 1470 4894 οὐκ
1496 4845 1562 4896 ἂν
1595 4848 1623 4898 ὁ
1654 4865 1747 4899 πε-

170 4925 530 4992 παιδευμένος
568 4926 740 4996 ἑτέρῳ
779 4934 1105 4999 κοινωνῆσαι
1146 4933 1454 5002 ἀνάσχοιτο,
1486 4940 1588 4990 κᾶν
1657 4941 1745 4992 δε-

173 5018 387 5080 σπότης
416 5015 445 5066 ὁ
476 5017 565 5068 ἐπὶ
595 5016 770 5070 ταῦτα
806 5023 1137 5088 παρακαλῶν
1181 5026 1287 5095 εἴη,
1319 5028 1422 5078 κᾶν
1470 5030 1745 5097 βασιλεὺς,

169 5109 274 5160 κᾶν
305 5111 351 5160 εί
382 5111 471 5161 καὶ
511 5108 606 5174 τῆς
651 5110 793 5180 ζωῆς
824 5115 996 5182 αὐτῆς
1049 5117 1258 5186 κύριος.
1313 5121 1496 5174 Ταῦτα
1554 5128 1742 5197 ἐπειδὴ

170 5202 383 5271 μακρὸν
407 5202 654 5254 ἀπέτεινε
708 5202 866 5271 λόγον
917 5209 944 5258 ὁ
1003 5208 1142 5278 ἱερὸς
1191 5209 1505 5281 Γρηγὸριος,
1567 5215 1742 5285 θυμοῦ

165 5309 247 5350 τε,
283 5293 732 5362 ὑπιρεπίμπλατο
789 5295 1114 5369 Τηριδὰτης,
1171 5305 1263 5355 καὶ
1319 5304 1551 5368 ὀξύτατα
1621 5312 1742 5363 κατ’

168 5385 337 5437 οὑτοῦ
394 5387 641 5452 ἐκινεῖτο,
736 5389 830 5441 καὶ
893 5390 1102 5443 δέδεται
1164 5395 1262 5462 μὲν
1319 5398 1479 5461 εὐθὺς
1538 5402 1565 5451 ὁ
1622 5417 1743 5466 γεν-

165 5478 330 5540 νάδας
387 5479 444 5544 ἐξ
497 5481 674 5531 αὐτῶν
709 5484 972 5550 ἀγκώνων
998 5499 1014 5515 ο
1075 5485 1251 5540 ὀπίσω
1281 5489 1355 5540 τὼ
1385 5494 1552 5560 χεῖρε.
1606 5491 1737 5550 Εἶτα

164 5568 322 5634 ξύλον
357 5573 434 5640 τῷ
478 5572 705 5640 στόματι
735 5576 926 5628 τούτου
980 5577 1328 5646 ἐμϐαλόντες,
1383 5584 1499 5634 κατ’
1563 5586 1739 5654 ἄκραν

163 5658 468 5711 ἀπόστασιν
493 5664 591 5730 τὴν
619 5661 732 5714 ἄνω
762 5664 860 5730 τῆς
909 5669 1058 5720 κάτω
1086 5670 1273 5735 γένυος
1320 5673 1587 5738 διιστώσι,
1647 5681 1738 5732 καὶ

166 5750 372 5821 βώλους
408 5753 503 5804 ἐπὶ
532 5756 640 5806 τῶν
666 5755 833 5825 ὤμων
861 5758 1008 5826 αὑτῷ
1039 5760 1131 5812 τοῦ
1183 5763 1330 5832 παρὰ
1379 5767 1489 5829 τοῖς
1537 5767 1733 5838 Ἀρμε-

162 5845 292 5906 νίοις
377 5844 616 5914 ὁρνκτοῦ
687 5849 1131 5920 ἐπιφορτίζουσιν
1213 5856 1423 5920 into;
1504 5859 1733 5918 Ἐπίιτα

1864 3295 2011 3339 ratur
2072 3295 2252 3339 autem
2297 3285 2666 3340 Romanorum
2716 3302 2840 3342 cum
2891 3287 3168 3356 praeclaris
3215 3287 3436 3357 lropris

1861 3378 2018 3432 rediit
2054 3375 2394 3431 felicissime.

1929 3469 1997 3524 X.
2029 3469 2314 3525 Teridates
2339 3478 2546 3536 autem,
2572 3467 2828 3537 deinceps
2853 3483 3077 3539 regnum
3107 3468 3159 3522 in
3185 3468 3438 3522 Armenia

1861 3565 2138 3630 obtinens,
2177 3563 2367 3631 patria!
2406 3572 2528 3617 erat
2555 3563 2772 3617 deditus
2816 3563 2967 3618 falsae
3003 3563 3272 3632 religioni.
3309 3577 3436 3617 cum

1860 3656 1982 3710 aliis
2027 3656 2343 3710 sacrificans
2394 3656 2722 3719 simulacris,
2783 3667 2894 3709 tum
2946 3657 3176 3709 maxime
3233 3655 3436 3719 Dianae.

1859 3767 2020 3820 quant
2053 3759 2105 3804 et
2135 3763 2348 3802 summo
2380 3746 2588 3801 honore
2621 3748 2906 3805 alliciebat.
2938 3759 2992 3801 et
3020 3750 3249 3800 amicam
3279 3748 3434 3800 deam

1859 3842 2227 3895 existimabat.
2292 3843 2470 3911 Atque
2517 3853 2920 3897 sacrosanctum
2956 3841 3171 3911 quidem
3223 3840 3436 3895 volebat

1858 3933 2176 4003 Gregorium
2206 3950 2323 3988 esse
2356 3937 2564 3989 socium
2607 3938 2892 3999 sacrificii;
2923 3953 3042 3992 nam
3081 3938 3194 4004 ipse
3217 3950 3434 4006 quoquo

1860 4026 2168 4080 Teridatetn
2231 4044 2297 4081 eo
2349 4038 2464 4082 erat
2504 4038 2741 4082 secutus.
2779 4028 2867 4081 Ille
2911 4039 3092 4080 autem
3125 4029 3173 4080 id
3209 4029 3433 4082 minime

1858 4122 2184 4188 patiebatur.
2220 4122 2501 4174 Tetidatcs
2534 4136 2663 4190 ergo
2716 4121 2807 4188 qui
2835 4131 2888 4175 et
2929 4135 3026 4189 pro
3057 4120 3161 4174 alio
3181 4119 3434 4176 ministe-

1855 4210 1960 4271 rio,
2021 4217 2074 4262 et
2135 4223 2232 4277 pro
2290 4209 2668 4262 universorum
2723 4211 3219 4265 communicatione
3274 4227 3330 4266 se
3379 4212 3432 4265 ei

1857 4303 2085 4356 multum
2111 4304 2310 4356 debere
2335 4304 2620 4360 fatebatur.
2653 4303 2876 4370 jubebat
2901 4318 2967 4356 ue
2993 4304 3044 4355 in
3082 4304 3342 4372 religione
3364 4305 3433 4357 ab

1857 4409 1922 4445 eo
1957 4394 2315 4460 discreparet.
2367 4392 2589 4445 Dis-inus
2619 4403 2800 4446 autem
2849 4392 3144 4460 Gregorius
3179 4411 3190 4444 :
3224 4393 3433 4463 Corpo-

1859 4487 1986 4538 ralia
2014 4485 2252 4554 quidem.
2290 4485 2489 4553 inquit.
2531 4485 2831 4538 ministeria
2887 4502 3005 4553 quis
3039 4501 3145 4538 non
3186 4501 3433 4539 corrum-

1859 4588 1991 4648 punt
2019 4578 2282 4639 animum,
2317 4577 2577 4631 benevole
2608 4588 2661 4628 et
2690 4576 2882 4638 amice,
2920 4577 3158 4629 dominis
3204 4592 3232 4628 a
3276 4579 3431 4632 nobis

1854 4670 2096 4724 exhiberi
2137 4671 2294 4722 ducet
2326 4684 2424 4720 nos
2448 4669 2758 4721 communis
2790 4668 3074 4732 Dominus.
3116 4684 3293 4738 neque
3323 4687 3431 4734 quo

1855 4764 2036 4815 minus
2070 4777 2130 4814 ea
2181 4775 2628 4828 exsequerentur.
2685 4761 2778 4814 tibi
2818 4777 3053 4827 unquam
3101 4763 3249 4814 illum
3289 4778 3430 4830 prae-

1855 4856 2124 4908 texuimus
2158 4863 2433 4922 negotium
2469 4868 2646 4920 neque
2675 4850 3009 4921 negligenter
3057 4853 3426 4908 insertiimns.

1852 4946 2199 5013 Qumcunque
2219 4955 2397 4996 autem
2429 4945 2597 5010 ipsam
2625 4945 2859 4998 animam
2892 4944 3172 4998 adducunt
3203 4960 3253 4996 tn
3283 4945 3427 5014 peri-

1850 5038 2050 5097 culum.
2079 5047 2132 5089 et
2167 5039 2349 5102 procul
2412 5036 2692 5091 abducunt
2731 5037 2798 5089 ab
2841 5037 3034 5104 opifice
3090 5053 3279 5090 eorum
3332 5037 3423 5105 qui

1851 5139 1932 5182 est
1971 5129 2239 5192 eruditus,
2261 5143 2601 5197 nequaquam
2632 5129 2954 5182 sustinuerit
2985 5129 3120 5181 inire
3160 5145 3282 5182 cum
3319 5130 3424 5182 alio

1849 5237 2316 5287 communionem,
2374 5225 2584 5276 etiamsi
2653 5225 2948 5292 imperator
2982 5260 2996 5284 .
3055 5223 3266 5277 etiamsi
3329 5228 3420 5293 qui

1850 5314 2013 5364 vitam
2064 5313 2225 5366 habet
2289 5315 2338 5364 in
2381 5321 2670 5380 potestate.
2710 5315 2917 5382 jubcat.
2965 5314 3101 5366 Cum
3146 5316 3258 5367 haec
3305 5316 3423 5368 fuse

1848 5416 2224 5459 sacrosanctus
2252 5405 2478 5457 dixis‘Set
2508 5407 2802 5476 Gregorius
2828 5445 2840 5468 .
2882 5411 2956 5460 ira
2993 5422 3152 5474 supra
3199 5409 3419 5459 modum

1847 5501 2087 5568 repletus
2139 5508 2221 5552 est
2279 5498 2586 5565 Teridates,
2647 5515 2700 5556 et
2747 5504 3010 5556 acerrime
3056 5503 3108 5555 in
3147 5518 3270 5555 eum
3321 5503 3420 5556 fuit

1846 5599 2150 5642 commotus
2183 5607 2195 5643 :
2233 5603 2288 5645 et
2323 5595 2536 5646 vinctus
2566 5592 2782 5660 quidem
2819 5593 2918 5644 fuit
2947 5592 3128 5645 statim
3172 5593 3252 5643 vir
3281 5607 3420 5659 pm-

1844 5679 2041 5732 clarus.
2096 5681 2300 5736 Deinde
2340 5700 2460 5736 cum
2493 5685 2696 5753 lignum
2748 5683 2828 5737 ori
2870 5685 2987 5752 ejus
3039 5683 3412 5746 immisissent.

1843 5789 2001 5841 quam
2041 5776 2276 5829 maximo
2313 5787 2540 5846 possunt
2582 5778 2776 5846 spatio.
2822 5778 3153 5844 superiorem
3206 5785 3413 5842 partem

1843 5864 2156 5935 disjungunt
2204 5869 2268 5922 ab
2328 5867 2592 5938 infcriori,
2643 5880 2694 5924 ct
2739 5885 2855 5940 eius
2890 5871 3144 5923 humeros
3187 5875 3420 5925 onerant
