3956 6442
544 387 649 450 955

1795 390 2076 450 MENSIS
2114 388 2590 451 SEPTEMBER.

3700 396 3796 457 956

542 505 713 575 glebis
742 502 890 567 salis,
920 505 1012 573 qui
1042 514 1125 559 est
1157 506 1297 577 apud
1338 507 1627 561 Armenios
1657 506 1876 563 fossilis.
1916 508 2116 562 Deinde

2224 510 2469 579 σχοίνους
2497 505 2592 560 τοῦ
2628 508 2773 579 ἱεροῦ
2805 511 3130 581 ἐκδήσαντες
3162 514 3413 582 σώματος
3448 515 3548 567 κοιλ⁵
3601 510 3792 566 τοῦτον

543 598 766 652 funibus
791 607 1144 653 sacrosancto
1168 599 1383 667 corpori
1411 599 1664 668 alligatis,
1689 616 1812 654 cum
1837 616 1958 654 eum
1988 604 2115 655 sub-

541 688 667 742 lime
706 690 1075 752 sustulissent,
1127 698 1266 744 totos
1304 700 1510 757 septem
1564 691 1679 744 dies
1727 693 1776 745 ei
1819 693 1920 747 hoc
1963 709 2115 747 acer-

541 778 672 833 bum
705 780 1010 848 producunt
1037 782 1384 849 supplicium.
1412 781 1539 836 Post
1589 785 1878 852 septimum
1931 794 2111 839 autem

540 882 665 921 cum
714 885 802 921 rex
842 869 988 921 illum
1040 869 1168 923 hinc
1215 869 1553 935 deduxisset,
1625 873 1999 939 interrogavit,
2046 888 2111 926 an

542 962 824 1016 didicisset
856 964 905 1015 id
941 965 1087 1031 quod
1114 974 1195 1016 est
1222 964 1435 1021 melius.
1484 973 1538 1019 et
1568 966 1804 1034 priorem
1851 974 2115 1019 mutasset

541 1054 876 1121 opinionem,
903 1054 1077 1107 ctdiis
1096 1057 1371 1109 statuisset
1392 1056 1589 1109 offerre
1614 1055 1957 1111 sacrificium.
1979 1057 2111 1109 Cum

542 1156 724 1195 autem
763 1143 895 1195 vidit
935 1159 1056 1195 eum
1102 1146 1271 1214 magis
1304 1146 1477 1198 zelum
1523 1148 1823 1213 spirantem
1876 1162 1969 1212 pro
2003 1147 2114 1214 pie-

544 1246 674 1296 tate,
713 1236 805 1287 dat
836 1252 958 1288 eum
1006 1239 1260 1290 secundis
1294 1238 1603 1301 tormentis,
1647 1238 1917 1306 prioribus
1955 1239 2113 1291 mini-

544 1341 631 1378 me
663 1326 1129 1380 clementioribus.
1162 1326 1466 1395 Suspendit
1504 1343 1626 1381 eum
1677 1329 2003 1397 praecipitem
2045 1346 2111 1383 ex

540 1416 713 1469 altero
770 1417 903 1484 pede
955 1419 1276 1485 appendens
1315 1436 1327 1468 :
1363 1426 1417 1471 et
1473 1433 1574 1471 nec
1620 1434 1687 1473 eo
1747 1419 1848 1472 fuit
1890 1419 2109 1487 quidem

540 1518 858 1570 contentus,
889 1509 981 1561 sed
1012 1508 1173 1561 etiam
1201 1509 1388 1563 decem
1428 1510 1669 1570 lictores,
1701 1512 1873 1581 virgas
1906 1512 2110 1566 baben-

540 1607 623 1652 tes
657 1597 708 1649 in
743 1598 1013 1658 manibus.
1046 1599 1187 1652 circa
1219 1614 1343 1652 eum
1385 1600 1573 1653 statuit
1604 1619 1616 1653 :
1658 1609 1710 1654 et
1749 1602 1874 1655 liino
1900 1601 2110 1656 inferne

541 1685 835 1744 substrato,
878 1685 1053 1753 ignem
1089 1686 1140 1737 in
1174 1701 1297 1739 eum
1333 1685 1593 1746 immittit.
1632 1688 1766 1741 adeo
1800 1698 1859 1741 ut
1909 1698 2111 1760 martyr

539 1776 701 1828 simul
731 1786 784 1829 et
810 1778 973 1845 virgis
1004 1777 1402 1839 verberaretur,
1440 1787 1495 1832 et
1519 1778 1746 1832 fetidum
1771 1779 1975 1832 fumum
2008 1795 2104 1832 na-

542 1864 692 1917 ribus
725 1866 1000 1934 exciperet
1034 1885 1046 1921 :
1090 1878 1146 1919 ut
1172 1868 1404 1920 densum
1466 1880 1519 1922 et
1551 1870 1871 1922 continuum
1914 1870 2113 1923 anheli.
2141 1838 2186 1897 Β

544 1967 678 2020 ιυιη,
719 1974 879 2025 quem
932 1960 1215 2013 effundere
1268 1961 1564 2030 cogebatur
1610 1977 1639 2016 a
1691 1963 1881 2032 plagis,
1928 1962 2113 2017 fumus

542 2050 831 2117 impediret
875 2060 929 2102 et
964 2050 1291 2115 Obstrueret,
1347 2068 1416 2106 ne
1461 2053 1770 2108 concedens
1798 2056 2012 2123 quidem
2055 2063 2112 2109 ut

541 2140 796 2208 spiraret,
833 2142 926 2194 sed
943 2141 1270 2209 fulginosum
1300 2144 1448 2196 illum
1482 2145 1592 2198 fimi
1632 2160 1883 2214 vaporem
1914 2148 1965 2199 in
1993 2147 2113 2215 ejus

542 2234 753 2285 viscera
795 2232 1113 2287 imniittcns.
1150 2234 1273 2286 Scio
1309 2234 1388 2288 vel
1424 2236 1489 2290 ad
1531 2236 1705 2290 solum
1739 2238 1982 2291 auditum
2019 2253 2114 2293 eos

540 2326 631 2392 qui
660 2324 856 2377 adsunt
894 2324 1176 2393 caligasse.
1208 2323 1300 2380 Ille
1328 2338 1508 2381 autem
1541 2344 1647 2380 non
1705 2329 1876 2381 solum
1905 2329 2114 2382 fortiter

543 2414 775 2477 ferebat,
811 2416 907 2470 sed
934 2418 1099 2470 etiam
1142 2417 1371 2473 Domino
1413 2433 1632 2483 magnas
1662 2420 1850 2488 agebat
1893 2423 2112 2488 gratias,

542 2518 595 2562 et
629 2522 753 2562 cum
795 2508 860 2561 iis
908 2509 998 2577 qui
1039 2509 1267 2562 aderant
1316 2508 1485 2563 multa
1517 2511 1583 2564 de
1625 2509 1736 2567 Deo
1773 2513 2111 2581 loquebatur,

542 2609 596 2652 et
639 2598 718 2652 eis
759 2599 1077 2653 ostendebat
1133 2600 1408 2670 pietatem,
1442 2603 1657 2656 etiamsi
1716 2618 1824 2656 non
1877 2606 2115 2673 perfecte

545 2691 937 2759 intelligebant,
969 2693 1113 2760 quod
1151 2693 1365 2746 scilicet
1406 2693 1548 2746 Deus
1581 2694 1633 2746 in
1666 2696 1935 2763 principio
1963 2713 2117 2752 crea-

544 2784 844 2837 vitcaalum
902 2794 957 2837 et
1001 2794 1223 2847 terram,
1293 2785 1655 2855 formavitque
1713 2788 2012 2853 hominem,
2060 2798 2117 2843 et

544 2876 729 2942 posuit
753 2891 875 2928 eum
909 2875 960 2928 in
998 2875 1266 2943 paradiso,
1296 2891 1359 2930 ex
1387 2892 1495 2946 quo
1514 2888 1700 2945 postea
1734 2879 1996 2946 expulsus
2015 2878 2117 2932 fuit

543 2976 769 3036 prepter
799 2967 1036 3023 mandati
1070 2970 1576 3039 transgressionem.
1623 2968 1827 3025 Deinde
1871 2971 2117 3029 meminit

544 3060 942 3124 molestiarum,
991 3076 1109 3129 quae
1140 3069 1423 3131 postquam
1458 3063 1524 3116 ab
1556 3063 1661 3118 illis
1693 3064 1925 3132 paradisi
1958 3065 2116 3121 bonis

2220 599 2677 669 μετεωρίσαντες,
2720 602 2801 663 είς
2834 602 2981 654 mea
3006 605 3132 668 δλας
3180 607 3393 675 ἡμέρας
3435 607 3539 671 τὴν
3594 604 3794 673 πικρὰν

2215 691 2423 759 ταύτην
2451 690 2603 760 αὐτῷ
2638 693 3025 760 παρατείνουσι
3050 696 3343 766 τιμωρίαν.
3394 696 3556 749 Μετὰ
3584 696 3641 750 δὲ
3700 700 3793 767 τὴν

2216 783 2451 854 ἑϐδόμην
2478 782 2809 852 καταγαγὼν
2837 784 3001 838 αὑτὸν
3025 785 3238 839 ἐκεῖθεν
3268 788 3296 839 ὀ
3327 786 3609 855 βασιλεὺς,
3637 791 3792 841 errav-

2216 873 2408 926 θάνετο
2434 874 2482 926 ει
2511 874 2570 925 τὸ
2607 873 2820 943 βέλτιον
2858 876 3211 943 μεταμαθὼν,
3248 877 3347 946 τῆς
3399 879 3683 946 προτέρας
3738 892 3791 928 τε

2219 963 2481 1033 μετέϐαλε
2516 964 2693 1033 δόξης,
2734 965 2827 1017 καὶ
2874 966 2989 1027 τοῖς
3022 968 3166 1029 θεοῖς
3202 964 3343 1031 ἔγνω
3370 965 3569 1018 θυσίαν
3618 981 3790 1034 προσ-

2215 1058 2478 1122 ενεγκεῖν.
2525 1056 2741 1125 Ἐπειδὴ
2788 1056 2845 1109 δὶ
2890 1058 3057 1127 ζήλου
3105 1056 3307 1127 μᾶλλον
3334 1057 3474 1127 ὑπὲρ
3501 1056 3789 1121 εὐσεϐείας

2214 1150 2445 1202 πνέοντα
2471 1146 2601 1213 εἶδε,
2642 1150 2925 1217 δευτέραις
2954 1150 3119 1203 αὐτὸν
3148 1149 3330 1202 δίδωσι
3365 1148 3650 1218 βασάνοις,
3688 1165 3789 1217 μη-

2210 1240 2301 1294 δέν
2329 1258 2382 1293 τι
2418 1240 2528 1293 τῶν
2565 1241 2852 1311 προτέραν
2902 1241 3473 1311 φιλανθρωποτέραις.
3533 1242 3789 1310 Κρεμάν·

2212 1348 2332 1383 νυσι
2365 1332 2497 1398 γοῦν
2531 1331 2690 1384 αὑτὸν
2736 1333 2877 1385 κατὰ
2933 1333 3196 1399 κεφαλῆς,
3248 1333 3490 1401 θατέρου
3548 1335 3661 1384 τοῖν
3699 1349 3789 1383 πο-

2209 1424 2318 1477 δοῖν
2348 1424 2673 1491 ἐξαρτήσας·
2708 1426 2797 1477 καὶ
2826 1424 2946 1477 οὐδὲ
2977 1425 3140 1493 μέχρι
3165 1424 3359 1477 τούτου
3383 1426 3631 1488 ἵσταται,
3657 1422 3788 1475 ἀλλά

2211 1517 2307 1567 καλ⁵
2379 1517 2510 1569 δέκα
2561 1516 2789 1583 δημίους
2852 1515 3081 1583 ῥάϐδους
3151 1514 3241 1567 διὰ
3332 1515 3538 1584 χειρῶν
3599 1515 3788 1580 ἄνδρας

2210 1607 2430 1675 ἔχοντας
2492 1610 2651 1661 αὑτὸν
2726 1611 3062 1678 περιΐστησι,
3100 1608 3193 1659 καὶ
3255 1608 3459 1676 κόπρον
3548 1605 3787 1658 κάτωθεν

2211 1697 2605 1765 ὑποστρώσας,
2687 1697 2796 1766 πῦρ
2879 1699 3001 1750 κατ’
3102 1697 3274 1767 αὐτῆς
3348 1696 3650 1765 ἐμϐάλλει,
3715 1696 3789 1758 ὡς

2212 1790 2349 1858 ὁμοῦ
2381 1807 2439 1842 τε
2468 1795 2587 1853 ταῖς
2631 1790 2848 1860 ῥάϐδοις
2892 1790 2983 1842 τὸν
3036 1790 3291 1858 μάρτυρα
3346 1787 3638 1849 παίεσθαι,
3698 1789 3790 1839 καὶ

2212 1882 2304 1932 τὸν
2333 1881 2538 1949 δυσώδη
2567 1882 2774 1933 καπνὸν
2804 1880 2945 1933 κατά
2964 1881 3071 1935 τῶν
3107 1880 3271 1951 eam
3305 1877 3695 1949 ὑποδέχεσθαι,
3722 1876 3787 1929 ἵν’

2213 1972 2261 2024 εί
2288 1975 2381 2024 καὶ
2400 1974 2531 2024 δασὺ
2566 1972 2625 2023 τὸ
2652 1967 2838 2041 ἆσθμα
2871 1973 2963 2024 καὶ
3005 1973 3223 2038 συνεχὲς
3258 1971 3515 2039 προχέειν
3551 1969 3658 2022 ὑπὸ
3683 1968 3789 2021 τῶν

2214 2062 2440 2132 πληγῶν
2495 2063 2880 2129 ἀναγκάζοιτο,
2951 2062 3068 2117 ἀλλ’
3128 2062 3155 2113 δ
3196 2061 3404 2122 καπνὸς
3457 2060 3787 2127 ἀποτειχίζοι

2213 2154 2369 2207 τοῦτο
2404 2155 2497 2208 καὶ
2524 2156 2888 2224 ἀποφράττω,
2935 2154 3071 2223 μηδὲ
3099 2154 3362 2207 ἀναπνεῖν
3392 2151 3485 2204 τὸν
3512 2152 3653 2219 ἀέρα
3680 2170 3784 2204 πα-

2218 2247 2501 2315 ραχωρῶν,
2563 2246 2700 2299 ἀλλά
2735 2247 2795 2299 τὸ
2827 2246 3121 2315 λιγνυῶδες
3175 2246 3357 2298 έκεῖνο
3406 2245 3509 2311 τῆς
3556 2246 3787 2313 κόπρου,

2216 2336 2354 2387 κατά
2400 2336 2507 2388 τῶν
2539 2336 2865 2406 σπλάγχνων
2904 2336 3053 2405 αὐτῷ
3113 2337 3341 2398 καθιείς.
3395 2332 3509 2389 οἷδ⁹
3562 2337 3645 2388 ὅτι
3699 2337 3791 2388 καὶ

2215 2425 2353 2497 πρὸς
2400 2425 2500 2497 τὴν
2562 2427 2734 2498 ἀκοὴν
2798 2428 2847 2479 oi
2916 2427 3183 2498 παρόντες
3242 2428 3609 2493 1λιγγιάσατε.
3645 2426 3790 2479 Ἀλλ’

2213 2518 2421 2579 έκεῖνος
2451 2517 2512 2570 οὐ
2546 2517 2811 2583 γενναίως
2849 2517 3010 2587 ἔφερε
3047 2516 3228 2587 μόνον,
3268 2517 3404 2570 ἀλλὰ
3438 2519 3535 2570 καὶ
3586 2517 3786 2586 πολλὴν

2218 2608 2296 2677 τῷ
2325 2608 2568 2677 Δεσπότῃ
2617 2608 2717 2677 τὴν
2767 2607 3117 2677 εὐχαριστίαν
3156 2607 3467 2677 ἀνέπεμπε,
3514 2608 3688 2665 πολλὰ
3733 2622 3793 2665 τε

2218 2702 2347 2770 περὶ
2375 2699 2511 2754 Θεοῦ
2542 2703 2654 2763 τοῖς
2698 2702 2967 2770 παροῦσιν
3001 2701 3326 2774 ἐφθέγγετο,
3369 2706 3463 2758 καὶ
3512 2706 3613 2777 «τὴν
3647 2708 3795 2760 εὐσέ-

2216 2791 2373 2843 ϐειαν
2407 2791 2593 2851 αὐτοῖς
2640 2790 2991 2862 παρεδείκνυ,
3033 2797 3081 2847 εἰ
3117 2795 3317 2866 καὶμὴ
3361 2795 3564 2859 τελέως
3624 2795 3795 2849 συνίε-

2218 2898 2347 2948 σαν,
2371 2884 2457 2951 ἐφ’
2492 2875 2575 2948 οἷς
2589 2885 2682 2938 καὶ
2710 2886 2802 2937 τὸν
2829 2887 3047 2954 πρῶτον
3078 2888 3365 2956 ἄνθρωπον
3400 2890 3791 2957 κατῳκτίζετο,

2215 2972 2304 3029 διὰ
2331 2976 2428 3045 τὴν
2468 2976 2709 3046 εντολὴν,
2737 2976 2826 3029 διὰ
2863 2978 2962 3048 τὴν
2988 2978 3325 3048 παράϐασιν,
3355 2978 3445 3030 διὰ
3477 2980 3575 3045 τὴν
3610 2982 3701 3031 ἐπὶ
3730 2983 3793 3049 τῇ

2217 3068 2527 3136 παραϐάσει
2573 3068 2670 3121 τοῦ
2728 3070 3037 3130 πλάσαντος
3101 3068 3423 3138 καταδίκην.
3489 3065 3607 3123 Εἶθ’
3647 3070 3795 3139 ἑξῆς,

541 3152 939 3206 excidissemus
964 3195 978 3218 ,
1036 3168 1135 3207 nos
1180 3155 1377 3208 misere
1407 3154 1517 3225 (hei
1551 3154 1683 3209 mihi
1706 3157 1745 3226 l)
1780 3156 2111 3211 invaserunt.

2219 3158 2286 3210 τὰ
2314 3159 2494 3224 ἀγαθά
2560 3159 2950 3228 ἀπηριθμεῐτο,
2988 3151 3062 3212 ὧν
3122 3158 3491 3229 ἀθετήσαντες
3524 3162 3626 3231 τὴν
3658 3163 3799 3213 hmo

543 3240 673 3297 Post
705 3242 820 3298 hac
851 3244 1132 3313 subiunxit
1160 3246 1251 3300 Dei
1283 3246 1335 3299 in
1361 3262 1461 3299 nos
1492 3246 1903 3314 benignitatem,
1931 3262 2117 3315 quem-

544 3335 838 3388 admodum
870 3336 1125 3389 videlicet
1150 3352 1336 3390 curam
1363 3352 1556 3405 gerens
1586 3347 1783 3391 nostra:
1813 3338 2027 3401 salutis,
2048 3338 2116 3392 ad

543 3441 646 3480 nos
697 3426 843 3479 misit
873 3426 1127 3488 doctores
1164 3434 1216 3481 et
1255 3428 1570 3496 prophetas,
1611 3428 1701 3496 qui
1750 3428 2117 3497 praedicabant

546 3516 819 3590 Unigeniti
852 3521 1030 3573 carnis
1060 3521 1482 3588 susceptionem,
1508 3531 1561 3575 et
1590 3531 1837 3583 cunctas,
1869 3537 1990 3592 quae
2019 3538 2116 3591 pro

543 3611 947 3677 nobisingratis
968 3612 1035 3663 ab
1063 3625 1130 3663 eo
1161 3621 1427 3678 suscepta:
1451 3613 1689 3672 fuerunt,
1719 3614 2116 3680 perpessiones,

547 3702 830 3767 colaphos,
863 3718 1104 3767 crucem,
1152 3703 1417 3767 lanceam,
1457 3702 1819 3755 voluntariam
1860 3714 2113 3771 mortem,

545 3793 667 3860 ejus
698 3794 1178 3856 resurrectionem,
1228 3805 1466 3845 nostrain
1515 3794 1933 3860 correctionem,
1966 3811 2120 3851 revo-

544 3885 815 3938 cationem
864 3885 929 3939 ad
976 3886 1211 3955 primum
1264 3885 1462 3940 bonum
1519 3885 1777 3941 reditum.
1835 3887 2117 3943 Postremo

545 3979 777 4033 docebat
807 3979 1043 4046 ’,θεμιοά
1089 3979 1282 4048 dignos
1307 3978 1508 4043 exeipit
1548 3993 1773 4047 regnum
1830 3979 2118 4045 caelorum,

542 4081 602 4125 et
647 4070 791 4140 quod
846 4072 1003 4132 malis
1031 4078 1365 4124 tormentum
1402 4079 1486 4123 est
1514 4083 1782 4138 paratum,
1812 4071 1972 4141 ignis,
2023 4070 2118 4140 qui

547 4179 654 4217 non
706 4163 1114 4232 exstinguitur:
1168 4162 1424 4227 tenebras,
1480 4176 1599 4231 quae
1642 4176 1754 4214 non
1812 4163 2116 4215 desinunt:

544 4257 748 4310 vermis
778 4256 1115 4317 immortalis,
1150 4265 1203 4310 et
1231 4255 1591 4324 quodcunque
1619 4253 1764 4309 aliud
1793 4252 2119 4324 supplicium

549 4348 651 4400 sibi
687 4348 1129 4411 recondidcrunt,
1162 4348 1253 4415 qui
1286 4357 1413 4399 sunt
1439 4346 1582 4399 servi
1610 4346 1840 4415 peccati.

2216 3248 2313 3317 λὴν
2358 3249 2603 3312 ’ἑαυτοὺς
2659 3247 3093 3321 ἀπεκλείσαμεν,
3170 3251 3264 3304 καὶ
3311 3249 3470 3312 αὖθις
3518 3251 3798 3320 ἐμέμνητο

2219 3339 2313 3393 καὶ
2344 3340 2773 3411 τῶνλλυπηρῶν,
2821 3342 2921 3394 ὅσα
2992 3342 3128 3411 μετὰ
3186 3343 3284 3409 τὴν
3329 3341 3555 3392 ἐκείνων
3585 3344 3795 3395 ἀποτυα

2217 3429 2362 3498 χίαν,
2402 3429 2457 3480 of
2489 3430 2610 3497 μοι1
2659 3428 2955 3481 κατέλαϐεν
3010 3429 3208 3489 ἀθλίως
3251 3428 3397 3495 ἡμᾶς
3429 3426 3525 3479 ἐπὶ
3583 3429 3794 3490 τούτοις

2217 3520 2286 3572 τά
2316 3520 2413 3588 τῆς
2430 3518 3175 3588 φιλανθρωπίαςέπήγαγεν,
3208 3517 3355 3579 ὅπως
3381 3518 3477 3585 τῆς
3516 3519 3794 3586 ἡμετέρας

2220 3612 2519 3680 φροντίζων
2567 3612 2596 3665 ὁ
2640 3610 2986 3682 Δημιουργδς
3051 3610 3347 3679 σωτηρίας,
3435 3608 3793 3671 διδασκάλους

2220 3704 2352 3773 ἡμῖν
2377 3705 2669 3758 ἀπέστειλε
2714 3704 2807 3756 καὶ
2850 3705 3140 3774 προφήτας
3192 3702 3290 3771 τὴν
3319 3700 3415 3753 τοῦ
3446 3699 3797 3767 Μονογενοῦς

2220 3798 2589 3864 κηρύττοντας
2645 3797 2944 3865 σάρκωσιν,
3014 3796 3209 3848 ἔπειτα
3273 3796 3365 3847 καὶ
3415 3796 3520 3863 τὴν
3582 3795 3793 3848 ἐκείνου

2225 3888 2448 3941 κάθοδον
2472 3889 2564 3940 καὶ
2586 3888 2653 3941 τὰ
2695 3888 2833 3957 ὑπὲρ
2882 3888 3037 3957 ἡμῶν
3075 3888 3183 3940 τῶν
3240 3889 3563 3957 ἀχαρίστων
3618 3890 3797 3957 παθή-

2227 3995 2394 4049 ματα,
2432 3979 2499 4031 τά
2532 3979 2876 4049 ῥαπίσματα,
2902 3980 2994 4035 τὸν
3026 3979 3281 4048 σταυρὸν,
3326 3977 3424 4048 τὴν
3453 3979 3680 4049 λόγχην,
3708 3982 3798 4032 τὸν

2222 4069 2471 4122 ἑκούσιον
2523 4070 2773 4133 θάνατον,
2816 4072 2966 4135 τέλος
3017 4072 3117 4140 τὴν
3176 4070 3555 4141 ἐπανόρθωσιν
3614 4072 3796 4141 ἡμῶν,

2222 4162 2319 4229 τὴν
2350 4161 2670 4229 ἀνάκλησιν,
2698 4163 2798 4230 τὴν
2828 4165 2909 4223 είς
2941 4162 3002 4215 τὸ
3034 4162 3253 4231 πρῶτον
3288 4163 3493 4229 ἀγαθὸν
3534 4162 3797 4215 ἐπάνοδον

2227 4251 2367 4319 μετὰ
2429 4251 2604 4303 ταῦτα
2677 4252 2778 4321 τὴν
2851 4253 3216 4322 ἐκδεχομένην
3290 4256 3417 4316 τοὺς
3456 4251 3647 4318 ἀξίους
3693 4254 3798 4307 τῶν

2225 4341 2473 4412 οὗρανῶν
2507 4341 2809 4410 βασιλείαν,
2837 4346 2937 4412 τὴν
2980 4346 3351 4415 ἀποκειμένην
3403 4348 3517 4406 τοῖς
3568 4346 3797 4414 φαύλοις
3830 4401 3836 4405 ,

547 4439 803 4509 βάσανον,
856 4440 917 4491 τὸ
973 4442 1046 4500 μὴ
1083 4439 1445 4505 σϐεννύμενον
1498 4438 1630 4505 πῦρ,
1671 4440 1733 4491 τὸ
1796 4441 1868 4509 μὴ
1922 4440 2089 4510 λῆγον
2139 4436 2349 4503 σκότος,
2400 4437 2491 4490 τὸν
2540 4436 2804 4492 ἀθάνατον
2876 4436 3152 4506 σκώληκα,
3208 4438 3303 4492 καὶ
3344 4438 3474 4509 ὅσην
3527 4440 3702 4511 ἀλλην
3752 4431 3798 4493 σί

545 4537 646 4604 τῆς
698 4535 971 4603 ἁμαρτίας
1023 4532 1200 4585 δοῦλοι
1251 4532 1471 4585 κόλασιν
1514 4532 1746 4593 ἑαυτοῖς·
1776 4530 2155 4601 έθησαὺρισαν.

615 4627 708 4678 Χι.
748 4624 873 4679 Haec
913 4625 1435 4687 cumtdisseruisset,
1468 4628 1785 4692 firmamque
1832 4634 1888 4677 et
1929 4624 2116 4686 immoa

2295 4620 2397 4675 IA'.
2429 4619 2614 4676 Ταῦτα
2651 4620 2970 4687 διεξελθὼν,
3011 4621 3107 4674 καὶ
3158 4622 3564 4691 ἀπερίτρεπτον
3619 4626 3800 4692 ἑαυτῷ

547 4721 711 4792 bilem
748 4717 850 4772 sibi
883 4728 1135 4787 precatus
1170 4728 1311 4770 esset
1341 4717 1759 4779 confessionem,
1786 4716 1875 4770 ille
1898 4715 2116 4785 quidem

547 4814 711 4867 linem
761 4810 1018 4877 imposuit
1060 4807 1380 4878 precationi.
1421 4807 1647 4871 Quidam
1697 4819 1876 4862 autem
1922 4825 1986 4863 es
2017 4810 2120 4863 cir-

548 4902 978 4964 cumstantibus,
1008 4916 1129 4953 cum
1170 4918 1289 4969 qua:
1343 4900 1429 4954 ille
1474 4900 1681 4954 dixerat
1719 4901 1934 4968 scriptis
1971 4918 2121 4954 man-

548 4996 793 5049 (lassent.
825 4993 890 5045 ad
927 5006 1107 5060 regem
1143 5006 1204 5043 ea
1254 4989 1430 5043 statim
1486 4990 1747 5043 referunt.
1784 4988 1959 5056 Atque
1984 4989 2121 5043 Gre-

550 5089 708 5159 gorio
732 5085 945 5153 quidem
980 5085 1115 5153 pede
1166 5098 1451 5151 SUSpenso,
1483 5097 1697 5135 rursum
1730 5090 1981 5151 peractus
2008 5090 2127 5133 erat

551 5188 763 5244 septem
793 5174 1003 5228 dierum
1056 5188 1266 5226 cursus.
1315 5170 1406 5224 ille
1454 5185 1576 5223 cum
1628 5185 1750 5223 eum
1810 5184 1995 5223 rursus
2029 5170 2127 5223 de-

550 5269 819 5329 duxisset,
843 5264 1189 5318 existimabat
1225 5278 1348 5316 cum
1384 5276 1505 5315 esse
1552 5276 1894 5329 persuasum,
1927 5262 2124 5314 victum

552 5377 583 5410 ο
629 5358 916 5425 supplicio.
947 5355 1085 5409 Cum
1120 5364 1300 5408 autem
1333 5354 1561 5407 vidisset
1590 5367 1712 5406 eum
1746 5354 2047 5421 promptius
2072 5359 2126 5403 et

551 5452 786 5509 alacrius
807 5465 837 5503 e
860 5452 962 5503 vita
980 5450 1366 5508 discessurum,
1383 5462 1542 5514 quam
1571 5463 1600 5499 a
1620 5446 1725 5499 fide
1747 5446 1799 5499 in
1825 5444 2124 5503 Christum,

554 5565 613 5600 se
651 5544 951 5614 graviorem
986 5540 1204 5611 martyri
1239 5541 1805 5610 paratadversarium,
1836 5554 1892 5592 se
1915 5538 2127 5592 confert

554 5642 621 5691 ad
676 5636 779 5690 alia
824 5633 1182 5703 excogitanda
1231 5642 1524 5696 tormenta,
1559 5631 1753 5699 quibus
1799 5646 1905 5686 non
1961 5628 2126 5698 possit

632 5799 833 5853 ‘Marc.
871 5814 939 5863 ix,
970 5796 1053 5849 45.

2225 4713 2595 4781 ἐπευξάμενος
2626 4715 2720 4765 καὶ
2750 4712 2945 4780 ἀκλινῆ
2981 4712 3079 4779 τὴν
3125 4712 3436 4779 ὁμολογίαν,
3464 4714 3493 4765 δ
3521 4712 3625 4779 μὶν
3648 4716 3800 4775 τέλος

2225 4804 2462 4873 ἐπέθηκε
2492 4806 2557 4873 τῇ
2586 4804 2750 4873 εὐχῇ·
2784 4803 2892 4854 τῶν
2923 4803 2977 4854 δὲ
3010 4802 3388 4870 περιεστώτων
3414 4804 3585 4871 τινὲς,
3611 4810 3798 4876 γραφῇ

2225 4896 2293 4949 τὰ
2338 4895 2426 4947 ὑπ’
2457 4897 2666 4947 ἐκείνου
2713 4895 2979 4963 εἰρημένα
3024 4894 3393 4959 διαλαϐόντες,
3429 4896 3800 4967 ἀναφέρουσιν

2225 4990 2383 5051 εὐθὺς
2414 4988 2489 5051 ὡς
2531 4987 2621 5039 τὸν
2656 4986 2896 5056 βασιλέα.
2932 4986 3021 5056 Τῷ
3061 4988 3158 5055 μὲν
3214 4984 3307 5039 οὖν
3367 4987 3664 5059 Γρηγορίῳ
3710 4990 3800 5043 τοῦ

2225 5080 2383 5139 ποδὸς
2423 5078 2830 5148 ἀπῃωρημένῳ,
2856 5077 3083 5144 ἕϐδομος
3110 5076 3332 5144 ἡμερῶν
3349 5076 3585 5146 ἀριθμὸς
3611 5079 3802 5145 ἠνύετο

2224 5174 2404 5226 πάλιν.
2448 5170 2506 5222 Ὀ
2533 5172 2587 5222 δὲ
2626 5170 2721 5221 καὶ
2759 5165 2913 5228 αὖθις
2946 5167 3301 5234 καταγαγὼν,
3358 5169 3661 5221 πεπεῖσθαι
3701 5170 3801 5237 μὲν

2225 5263 2384 5317 αὑτὸν
2424 5261 2558 5330 (fasto
2593 5262 2692 5328 τῆς
2725 5260 2995 5321 κολάσεως
3020 5261 3355 5329 ἡττηθέντα*
3385 5260 3580 5330 ἐπειδὴ
3606 5261 3664 5313 δὲ
3696 5260 3803 5317 εἶδε

2228 5356 2510 5427 πρόθυμον
2544 5353 2670 5405 ὄντα
2697 5356 2794 5421 τῆς
2843 5353 3018 5421 ψυχῆς
3049 5351 3361 5420 ἀποστῆναι
3397 5351 3601 5419 μᾶλλον
3637 5357 3671 5427 ἢ
3704 5358 3800 5425 τῆς

2234 5449 2312 5509 εἰς
2344 5444 2577 5515 Χριστὸν
2608 5443 2866 5505 πίστεως,
2903 5440 3202 5511 βαρύτερον
3239 5444 3651 5513 ἀνταγωνιστὴν
3681 5448 3804 5498 εαυ-

2234 5536 2323 5591 τὸν
2365 5533 2774 5604 παρασκευάζει
2812 5534 2886 5601 τῷ
2955 5531 3217 5601 μάρτυρι,
3264 5534 3362 5586 καὶ
3418 5534 3558 5600 πρὸς
3604 5536 3805 5604 ἑτέρων

2238 5625 2485 5695 βασάνων
2520 5623 2759 5685 ἐπινοίας
2794 5624 2979 5691 χωρετ,
3029 5622 3289 5679 οὐδειιίαν
3340 5623 3802 5694 ὑπερϐολὴνάπο-
