3956 6468
136 429 238 492 957
1077 423 1254 485 VITA
1293 424 1351 483 S.
1395 419 1771 482 GREGORII
1813 423 2443 486 ILLUMINATORIS.
3280 424 3384 487 958

136 536 405 599 λιπούσας
425 534 727 606 ὠμότητοςο
752 534 845 587 καὶ
877 533 1055 588 σανίσι
1078 535 1145 587 τά
1166 534 1495 602 ἀντικνήμια
1521 530 1711 583 τούτου
1749 572 1754 587 α

1861 552 1944 591 sse
1981 539 2183 608 aliquid
2228 538 2501 593 crudelius
2536 556 2550 593 :
2589 549 2642 593 et
2690 554 2812 592 cum
2849 538 3045 593 tabulis
3087 539 3386 594 anteriore:

140 627 475 699 περιλαϐὼν,
506 624 628 680 εἶτα
660 628 856 697 σχοίνῳ
896 624 1097 689 ταύτας
1125 626 1359 696 ἰσχυρῶς
1392 620 1712 689 διασφίγξσς

1861 629 1959 683 hia
1989 638 2170 697 partes
2214 630 2733 699 comprehendisset,
2769 638 2823 685 et
2872 629 3069 684 deinde
3116 645 3211 685 eas
3254 629 3387 685 fune

138 720 317 782 οὕτως
353 716 623 781 ἐκπιέζει,
653 717 728 781 ὡς
756 719 852 770 καὶ
883 718 1062 770 αὐτῶν
1114 717 1177 785 δή
1233 733 1335 767 που
1376 716 1483 767 τῶν
1529 715 1714 782 ἄκρων

1861 721 2253 780 mstrinxisset.
2288 723 2366 775 sic
2394 721 2672 787 exprimit,
2710 732 2767 775 ιιι
2801 736 2865 774 ex
2902 722 3034 789 ipsis
3054 720 3215 775 etiam
3240 735 3403 773 sum--

140 811 235 864 τοῦ
267 811 427 873 ποδὸς
469 808 747 862 δακτύλων
781 810 1044 875 σταγόνας
1105 808 1336 873 αἵματος
1387 805 1715 869 ἀποστάξαι.

1861 814 1917 868 iis
1955 814 2149 881 pedum
2182 813 2365 882 digitis
2393 822 2557 882 guttae
2586 813 2866 881 sanguinis
2898 810 3387 865 distillarent.Cum

153 904 286 969 Ὀψὲ
348 903 525 957 τοίνυν
593 902 693 970 τῆς
744 901 1037 964 κακώσεως
1082 900 1296 969 ἐκείνης
1340 899 1467 961 τοὺς
1553 897 1717 960 πόδας

1861 921 1947 975 rgo
1979 906 2060 957 vix
2095 904 2310 957 tandem
2348 905 2516 973 pedes
2560 904 2832 958 eduxisset
2871 903 3046 957 exilla
3072 900 3388 962 afflictione.

142 996 458 1063 ἔξαγαγὼν,
486 995 736 1064 σιδηροῦς
758 992 897 1045 κατά
922 992 1031 1044 τῶν
1058 992 1349 1062 πελμάτων
1378 994 1718 1060 ἑμπήγνυσιν

1861 1012 1873 1049 ι
1938 995 2135 1064 plantis
2197 994 2347 1064 pedis
2411 994 2616 1048 ferreos
2675 995 2847 1064 inﬁgit
2904 994 3104 1056 clavos,
3160 1007 3215 1045 et
3250 993 3391 1061 cOgit

142 1088 313 1153 ἦλους
342 1089 437 1139 καὶ
462 1087 677 1157 τρέχειν
701 1088 791 1138 τὸν
814 1083 1051 1154 ἀθλητὴν
1069 1083 1393 1151 ἀναγκάζει,
1429 1082 1608 1151 πολλῴ
1657 1083 1719 1134 τὸ

1861 1089 2075 1142 thletam
2106 1101 2347 1149 currere,
2382 1085 2550 1139 multo
2582 1085 2845 1153 sanguine
2877 1084 3047 1137 solum
3080 1081 3389 1153 subjectum

148 1181 512 1247 ὑποκείμενον
543 1179 731 1245 ἔδαφος
760 1176 953 1243 αἵματι
986 1176 1253 1245 ραίνοντα.
1285 1173 1406 1242 Ἐφ’
1436 1169 1478 1240 ᾦ
1508 1175 1599 1226 καὶ
1628 1174 1721 1226 ἀλ-

1861 1188 2219 1250 spergentem.
2257 1178 2623 1243 Quamobrem
2655 1192 2909 1247 magnum
2946 1175 3110 1230 corde
3153 1175 3392 1228 dolorem

145 1273 450 1340 γυνόμενος
470 1271 671 1338 σφόδρα
703 1270 801 1336 τὴν
835 1267 1062 1336 καρδίαν
1110 1269 1139 1320 6
1184 1265 1392 1333 μάρτυς
1447 1265 1562 1335 (καὶ
1603 1264 1720 1327 πῶς

1861 1272 2069 1326 entiens
2136 1282 2335 1337 martyr
2403 1268 2712 1337 (quomodo
2762 1267 2930 1330 enim,
2976 1266 3077 1318 nisi
3151 1265 3395 1319 dolorem

147 1364 264 1431 γὰρ
288 1365 354 1416 ἂν
392 1363 466 1430 μὴ
502 1358 794 1426 ἀλγοῦντος
823 1362 849 1410 ὁ
884 1357 1047 1417 πόθος
1086 1359 1112 1409 6
1145 1355 1279 1424 πρδς
1312 1355 1544 1424 Χριστὸν
1586 1355 1724 1406 ἐδεί-

1861 1363 2073 1427 entiret,
2136 1362 2519 1416 ostenderetur
2570 1360 2688 1423 ejus
2743 1359 2796 1411 in
2847 1357 3121 1411 Christum
3176 1356 3392 1411 deside-

150 1470 320 1507 κνυτο
342 1458 403 1517 ;).
440 1472 457 1503 ι
482 1452 842 1520 Πορευόμενοι
861 1449 1207 1516 ἐπορεύοντο,
1226 1447 1375 1513 ἔλεγε
1403 1447 1493 1499 καὶ
1512 1444 1723 1498 ἔκλαιον

110 1535 117 1542 ’
153 1543 445 1613 βάλλοντες
479 1542 546 1592 τά
580 1541 869 1608 σπέρματα
902 1535 1083 1590 αὐτῶν
1108 1552 1123 1567 ·
1158 1537 1442 1606 ἐρχόμενοι
1473 1535 1530 1586 δὲ
1557 1536 1723 1603 ἥξου-

153 1652 243 1689 σιν
295 1635 353 1686 ίν
394 1632 709 1699 ἀγαλλιάσει
746 1630 994 1701 αἴροντες
1030 1629 1099 1681 τά
1142 1628 1429 1697 δράγματα
1478 1628 1716 1682 αὐτῶν.»

152 1725 344 1778 Ταῦτα
373 1726 401 1776 6
433 1723 532 1793 μὶν
600 1719 771 1789 ἡδέως
853 1719 1182 1787 ὑπόψαλλεν.
1224 1716 1282 1769 '0
1320 1716 1376 1769 δὲ
1419 1718 1725 1787 Τηριδάτης

150 1815 437 1884 ὠμότερον
458 1812 620 1865 αὐτὸν
668 1813 780 1871 τοῖς
813 1806 1175 1877 περιεστῶσιν
1222 1805 1441 1857 ἐκέλευε
1509 1806 1720 1857 παίειν·

156 1907 274 1970 ἕνα,
308 1908 500 1974 φησὶν,
525 1906 582 1956 ὲν
601 1900 760 1967 ὀδύνῃ
792 1899 998 1950 πλείονι
1026 1898 1119 1951 καὶ
1148 1894 1407 1965 κλαυθμῷ
1435 1898 1467 1965 ἠ
1500 1896 1727 1964 προσδο-

156 1999 385 2068 κωμένη
407 1996 595 2047 τοῦτον
626 1990 787 2061 ἡδονὴ
818 1987 1140 2044 καταλάϐοι.
1183 1987 1343 2040 Ἀλλά
1380 1987 1473 2039 καὶ
1500 1987 1725 2040 τοιαῦτα

159 2093 390 2159 πάσχων
436 2086 510 2148 ὼς
557 2084 650 2138 καὶ
704 2080 1012 2151 κορεννύεον
1057 2083 1171 2140 τοῖς
1233 2079 1429 2134 πάθεσι
1487 2081 1579 2132 καὶ
1641 2096 1731 2150 μι-

160 2178 402 2231 σούντων
453 2173 629 2245 ψυχὰς
656 2174 808 2244 ὅμως
836 2173 1191 2241 ἀνδρειότατα
1213 2173 1300 2226 διά
1321 2171 1554 2241 Χριστὸν
1603 2170 1730 2241 ἐφε-

162 2287 282 2341 ρεν.

236 2360 339 2413 IB'.
390 2357 517 2411 Ἐπὶ
570 2358 780 2421 τούτοις
843 2357 1103 2411 ἀπλοῦσιν
1156 2352 1317 2409 αὑτὸν
1363 2353 1553 2409 ὕπτιον
1591 2356 1733 2409 κατά

160 2447 259 2501 τοῦ
290 2448 543 2516 ἐδάφους,
580 2448 738 2501 τοῦτο
791 2447 1148 2508 κελεύσαντος
1179 2446 1272 2497 τοῦ
1304 2447 1564 2516 τυράννου
1591 2463 1603 2476 ·
1639 2448 1736 2499 καὶ

164 2540 266 2609 τὴν
347 2545 445 2609 μὲν
519 2540 763 2606 κεφαλὴν
812 2537 1109 2605 τεκτονικῷ
1164 2554 1269 2589 τινι
1316 2537 1736 2599 ἐναπολαδόντες

166 2630 407 2700 ὀργάνῳ,
432 2629 757 2698 ἰσχυρότατα
785 2626 1126 2689 ἐκπιέζουσι,
1154 2629 1219 2693 τῇ
1256 2625 1363 2696 ῥινὶ
1396 2624 1453 2679 δὲ
1482 2626 1737 2678 αὐλίσκον

169 2720 634 2791 ἀναρμοσάμενοι,
663 2720 845 2788 νίτρον
874 2718 967 2769 καὶ
997 2716 1133 2779 ἅλας
1178 2710 1291 2780 ὄξει
1337 2717 1738 2786 κεκραμένους,

172 2811 517 2882 κμτ⁹αύτοὺς
568 2811 757 2880 ἡρέμα
790 2810 1063 2877 ἐγχέουσι,
1120 2808 1213 2859 καὶ
1275 2807 1373 2878 τὴν
1434 2805 1741 2877 δριμύτητα

172 2899 311 2973 πρός
344 2918 403 2953 τε
431 2902 497 2953 τά
536 2902 633 2970 τῆς
660 2901 899 2967 κεφαλῆς
941 2899 1278 2968 κοιλώματα,
1312 2902 1403 2952 καὶ
1428 2901 1555 2969 παρ’
1577 2900 1740 2950 αὑτὸν

173 2997 540 3064 εἰσπέμπουσι
573 2994 663 3045 τὸν
696 2990 1023 3059 ἐγκέφαλον.
1061 2990 1338 3042 Ἐντεῦθεν
1377 2992 1563 3060 ἓτερον
1593 2990 1740 3059 αὐτῷ

175 3089 474 3149 κακώσεως
501 3088 700 3156 τρόπον
750 3082 1045 3145 ἐπινοοῦσι,
1086 3083 1177 3133 καὶ
1208 3083 1305 3149 τὴν
1324 3082 1545 3135 ἐκείνων
1598 3084 1745 3153 ὡμό-

1825 1457 2025 1523 rium?)
2058 1472 2115 1508 τι
2157 1453 2359 1508 Euntes
2384 1454 2555 1516 ibant,
2590 1451 2823 1513 dicebat,
2856 1461 2909 1503 et
2935 1448 3156 1510 flebant,
3179 1447 3398 1501 mitten-

1826 1556 1908 1601 tes
1939 1547 2149 1600 semina
2200 1561 2296 1599 sua
2332 1564 2344 1597 :
2391 1544 2675 1599 venientes
2716 1549 2899 1595 autem
2954 1540 3174 1593 venient
3212 1538 3265 1592 in
3305 1554 3401 1591 ex-

1828 1638 2135 1699 sultatione.
2163 1638 2413 1690 tollentes
2446 1634 2751 1702 manipulos
2782 1632 2999 1687 suos’.»
3023 1631 3151 1685 llaec
3177 1639 3400 1683 sanctus

1827 1731 2043 1801 quidem
2078 1726 2339 1799 psallebat
2360 1727 2617 1783 suaviter.
2650 1725 2935 1779 Teridates
2962 1735 3141 1776 autem
3172 1722 3402 1789 iubebat

1830 1823 2311 1877 circumstantibus
2370 1821 2533 1875 ferire
2585 1818 2855 1873 crudelius
2890 1810 2904 1871 ἐ
2940 1816 3042 1881 Ut,
3098 1816 3293 1885 inquit,
3349 1815 3403 1868 in

1835 1914 2023 1981 maiori
2058 1914 2244 1967 dolore
2272 1921 2326 1965 et
2356 1910 2485 1964 ﬂetu
2507 1911 2573 1964 ad
2605 1925 2728 1963 eum
2766 1909 3067 1978 perveniat,
3097 1921 3217 1975 qua
3248 1906 3314 1960 ab
3340 1921 3406 1959 eo

1835 2016 2201 2075 exspectatur,
2233 2008 2503 2074 voluptas.
2537 2004 2644 2058 Sed
2685 2003 2811 2057 licet
2842 2010 2919 2056 tot
2941 2010 2993 2053 et
3021 2010 3167 2054 tanta
3197 2008 3409 2069 patere-

1839 2108 1945 2159 tnr.
1979 2108 2037 2153 ut
2070 2099 2181 2151 suis
2212 2087 2654 2166 perpessionibus
2681 2109 2869 2149 eorum
2907 2093 3088 2155 etiam,
3118 2092 3208 2159 qui
3230 2091 3407 2158 ipsum

1839 2190 1965 2245 odio
1996 2188 2288 2247 habebant,
2314 2187 2525 2239 animos
2558 2186 2801 2245 satiaret,
2830 2179 3121 2235 fortissime
3144 2186 3322 2233 tamen
3345 2194 3408 2231 ea

1841 2280 2044 2335 ferebat
2077 2289 2301 2348 propter
2332 2278 2630 2331 Christum.

1914 2371 2027 2425 χιι.
2064 2370 2191 2423 Post
2238 2372 2350 2423 haec
2393 2386 2515 2423 eum
2577 2366 2725 2421 humi
2781 2366 3035 2435 supinum
3089 2360 3410 2426 extendunt,

1843 2480 1965 2520 cum
2000 2464 2101 2517 hoc
2128 2462 2379 2531 iussisset
2409 2470 2668 2531 tyrannus
2701 2476 2715 2512 :
2752 2469 2801 2513 et
2833 2473 2955 2511 cum
2991 2465 3153 2526 caput
3193 2456 3412 2525 quidem

1844 2561 2024 2615 fabrili
2061 2559 2295 2628 quodam
2330 2556 2755 2625 intercepissent
2807 2554 3200 2611 instrumento,
3226 2547 3412 2617 expri-

1847 2662 2003 2707 munt
2033 2651 2390 2705 validissime.
2428 2649 2563 2703 Cum
2592 2663 2727 2701 naso
2761 2656 2943 2699 autem
2984 2642 3216 2697 listulam
3250 2640 3417 2710 appli-

1851 2755 2092 2811 cassent,
2125 2745 2329 2797 nitrum
2360 2752 2413 2795 et
2443 2740 2609 2794 salem
2637 2740 2862 2792 mistnm
2896 2746 3072 2799 aceto,
3106 2736 3157 2787 in
3190 2748 3309 2786 eam
3338 2733 3420 2784 in-

1849 2841 2105 2898 fundunt.
2160 2848 2214 2892 et
2262 2851 2474 2890 acorem
2530 2830 2596 2888 ad
2670 2830 2935 2900 profumla
2996 2828 3187 2898 capitis
3238 2839 3294 2882 et
3350 2827 3417 2880 ad

1851 2930 2026 2997 ipsum
2062 2923 2443 2980 transmittunt
2477 2922 2782 2976 cerebrum.
2813 2918 3016 2973 Deinde
3046 2920 3163 2987 eius
3190 2915 3419 2969 vexandi

1851 3020 2014 3076 alium
2047 3033 2263 3085 quoque
2311 3014 2533 3069 modum
2589 3012 2913 3081 excogitant,
2960 3008 3052 3075 qui
3106 3018 3159 3062 et
3206 3008 3419 3059 illorum

1851 3110 2341 3171 crudelitatem,et
2400 3105 2655 3173 martyris
2710 3102 2875 3157 animi
2932 3098 3299 3154 fortitudinem
3353 3112 3422 3151 ex

175 3201 332 3252 τητα,
365 3181 460 3235 καὶ
493 3180 587 3250 τὴν
623 3178 716 3231 τοῦ
754 3178 1030 3247 μάρτυρος
1061 3177 1283 3246 ἀνδρίαν
1333 3177 1529 3246 ἐπίσης
1580 3177 1747 3245 ἄμφω

1861 3217 2006 3269 equo
2034 3198 2380 3255 ostendebat.
2412 3194 2543 3249 Nam
2577 3207 2701 3246 eum
2764 3189 3037 3247 calathum
3090 3187 3421 3250 attulissent,

176 3271 510 3324 δεικνύοντα.
531 3270 772 3321 Θύλακον
799 3274 904 3335 γάρ
933 3268 1245 3334 ενεγκόντες
1274 3268 1572 3335 καμιναίας
1604 3268 1745 3339 πλη-

181 3363 367 3432 ροῦσιν
385 3360 633 3426 αἰθάλης,
672 3360 763 3409 καὶ
797 3358 953 3409 τοῦτο
974 3359 1072 3425 τὴν
1121 3361 1467 3427 μαρτυρικὴν
1526 3360 1751 3428 ἐκείνην

182 3453 515 3522 ἐμϐάλλουσι
554 3450 817 3519 κεφαλὴν,
854 3449 968 3501 καὶ-
992 3448 1069 3519 τῷ
1100 3448 1192 3501 τοῦ
1242 3449 1451 3502 δικαίου
1498 3451 1753 3522 τραχήλῳ

184 3547 277 3599 τὸν
310 3544 544 3627 Θύλακον
566 3542 877 3603 ἀποδέουσι,
908 3541 1003 3595 καὶ
1031 3543 1109 3604 είς
1140 3541 1309 3611 ἕκτην
1352 3544 1518 3595 αὑτὸν
1545 3546 1758 3614 ἡμέραν

186 3642 255 3709 τῇ
294 3638 508 3708 χαλεπῇ
539 3635 712 3705 ταύτῃ
757 3635 975 3703 βασάνῳ
1025 3635 1311 3697 πιέζεσθαι
1347 3637 1758 3692 καταλείπουσι.

190 3730 273 3799 Τῇ
304 3729 506 3796 ἑὸεόμῃ
530 3716 709 3778 τοίνυν
743 3725 1243 3794 μεταπεμψάμενος
1275 3727 1760 3797 ριύτδνΤηριδάτης

196 3824 335 3893 μετὰ
363 3820 456 3871 τοῦ
491 3818 752 3886 συνήθους
782 3817 1056 3889 μυκτῆρος
1080 3819 1171 3870 καὶ
1200 3822 1295 3889 τῆς
1331 3819 1491 3889 φίλης
1525 3821 1757 3889 μωκίας·

197 3910 368 3963 Πόθεν
395 3910 546 3978 ἡμῖν,
579 3902 623 3961 ὧ
654 3903 829 3975 οὗτος,
849 3908 943 3963 νῦν
973 3909 1262 3978 ὲπανῆκες,
1284 3912 1409 3979 ἔφη,
1434 3908 1543 3982 ἆρά
1576 3928 1637 3980 γε
1660 3912 1765 3964 ἀπὸ

196 4004 300 4075 τῆς
334 4003 615 4076 βασιλείας
647 4004 741 4055 καὶ
773 4003 881 4055 τῶν
918 4003 1137 4069 ἀγαθῶν
1162 4004 1404 4067 ἐκείιων,
1434 4004 1467 4057 ἃ
1505 4007 1767 4074 πρότερον

202 4101 309 4153 ὑπὸ
350 4100 543 4152 πλατεῖ
572 4098 649 4166 τῷ
682 4099 907 4166 στόματι
954 4094 1208 4165 διεξῄεις,
1240 4095 1333 4147 καὶ
1394 4089 1469 4147 (Iv
1528 4098 1768 4149 ἀπολαύ-

204 4192 397 4247 σεσθαι
427 4190 781 4260 προσεδόκας.
821 4190 928 4241 Καὶ
958 4190 985 4242 6
1012 4191 1257 4256 γενναῖος
1287 4191 1768 4258 ἀπαρρησιάσιωςο

202 4284 396 4347 Οῦπω,
425 4284 609 4353 φησὶν,
643 4274 686 4333 ὧ
719 4280 959 4350 βασιλεῦ,
997 4282 1134 4350 πρὸς
1160 4281 1256 4350 τὴν
1288 4282 1523 4350 ἄρρητον
1561 4283 1772 4347 ἐκείνην

203 4376 554 4445 εὐδαιμονίαν
608 4356 1013 4441 ἀποδεδήμηκα.
1053 4373 1169 4424 Ἐτι
1199 4372 1304 4441 γάρ
1363 4371 1423 4423 ’.δ
1451 4371 1587 4443 βαρὺ
1616 4370 1775 4424 τοῦτο

204 4468 529 4537 περίκειμαι
554 4464 647 4518 τοῦ
673 4464 919 4533 σώματος
944 4464 1181 4532 φορτίον.
1200 4459 1341 4515 Ἀλλ’
1383 4466 1501 4515 ἐπεὶ
1521 4466 1775 4516 τοιούτων

1853 3290 2050 3346 camini
2088 3306 2208 3342 cum
2246 3286 2476 3356 implent
2500 3283 2742 3352 fuligine,
2775 3282 2901 3335 etin
2928 3296 3049 3333 eum
3074 3278 3422 3347 martyricum

1857 3382 1986 3437 illud
2018 3388 2182 3450 caput
2235 3379 2555 3437 immittunt,
2597 3386 2650 3430 et
2674 3375 2801 3443 justi
2839 3372 2977 3427 collo
3010 3371 3278 3425 calathum
3309 3367 3428 3421 alli-

1859 3484 2009 3545 gant,
2044 3482 2095 3527 et
2134 3486 2226 3525 sex
2260 3468 2377 3522 dies
2409 3482 2531 3521 eum
2566 3465 2883 3533 relinquunt
2932 3462 3101 3531 premi
3137 3462 3239 3514 hoc
3278 3458 3427 3528 gravi

1862 3573 2155 3620 tormento.
2198 3560 2444 3630 Septimo
2468 3567 2650 3613 autem
2685 3555 2773 3608 die
2804 3569 2927 3606 cum
2956 3566 3081 3605 eum
3112 3548 3428 3603 accersivis-

1861 3665 1942 3711 set
1972 3653 2279 3715 Teridates,
2334 3665 2457 3705 cum
2500 3657 2761 3705 consueta
2799 3644 3259 3710 subsannatione,
3293 3650 3347 3696 et
3378 3640 3428 3694 ei

1864 3756 2012 3816 grata
2074 3744 2326 3804 irrisione
2361 3759 2373 3794 :
2405 3738 2713 3802 Undenam,
2767 3736 2964 3803 inquit,
3011 3748 3155 3787 nunc
3212 3733 3278 3786 ad
3333 3745 3433 3784 nos

1867 3839 2047 3892 redis?
2084 3839 2165 3889 An
2200 3854 2228 3889 a
2267 3850 2433 3901 regno
2461 3841 2514 3887 et
2542 3848 2571 3885 a
2613 3829 2771 3884 bonis
2804 3828 2934 3892 illis,
2971 3841 3091 3895 quia
3135 3824 3285 3895 prius
3310 3837 3436 3891 pro-

1866 3930 1972 3983 lixe
2022 3926 2458 3997 persequebaris,
2530 3933 2584 3975 et
2630 3937 2751 3989 qua:
2804 3918 3157 3989 exspectabas
3208 3926 3259 3969 te
3313 3926 3435 3967 esse

1868 4016 2292 4092 pereepturum?
2360 4014 2675 4070 Generosus
2747 4021 2927 4063 autem
3022 4008 3114 4061 ille
3169 4006 3340 4060 libere
3381 4013 3437 4058 et

1871 4129 2061 4181 magna
2092 4127 2214 4163 cum
2269 4109 2461 4162 fiducia
2498 4125 2513 4160 :
2549 4104 2827 4165 Nondum,
2872 4100 3068 4169 inquit,
3118 4114 3151 4153 ο
3198 4113 3310 4157 rex.
3371 4094 3439 4149 ad

1873 4206 2015 4259 illam
2050 4201 2376 4256 ineﬂabilem
2436 4199 2660 4267 migravi
2712 4196 3049 4250 felicitatem.
3107 4191 3237 4244 Sunt
3290 4189 3437 4242 enim

1872 4294 2051 4349 adhuc
2100 4292 2410 4361 implicatus
2454 4288 2602 4359 gravi
2656 4287 2759 4340 hoc
2800 4299 2965 4339 onere
3022 4280 3283 4349 corporis.
3332 4277 3438 4331 Sed

1874 4386 2128 4455 quoniam
2166 4384 2248 4437 his
2278 4398 2396 4435 sum
2423 4397 2518 4449 pro
2542 4378 2768 4433 Domino
2800 4392 2921 4431 meo
2944 4375 3209 4444 dignatus.
3230 4369 3443 4425 veniam

1879 4478 2038 4546 paulo
2069 4482 2187 4541 post
2238 4489 2359 4524 cum
2392 4470 2538 4523 illius
2566 4469 2755 4539 gloria,
2787 4464 3003 4533 quando
3043 4462 3183 4515 nuda
3224 4461 3441 4527 quidem

206 4560 350 4628 ὑπὲρ
384 4555 477 4609 τοῦ
513 4556 647 4623 ἐμοῦ
690 4554 960 4607 Δεσπὸτου
995 4552 1255 4623 ὴξίωμαι,
1320 4555 1436 4622 ἥξω
1487 4557 1623 4622 μετὰ
1678 4557 1754 4624 τῆ.

1880 4545 1936 4620 et
1965 4574 2153 4633 aperta
2184 4564 2446 4617 sistentur
2481 4560 2661 4612 omnia
2707 4569 2831 4609 ante
2877 4556 3022 4608 illius
3057 4550 3313 4605 tribunal.
3344 4549 3447 4603 Se-

204 4649 422 4701 lxsivou
456 4645 615 4713 δόξης
662 4646 856 4714 μικρὸν
893 4645 1143 4714 ὕστερον,
1182 4646 1268 4697 ὅτε
1300 4648 1483 4714 γυμνά
1530 4646 1629 4714 μὲν
1682 4649 1777 4697 καὶ

204 4737 681 4810 τετραχηλισμένα
718 4735 793 4805 τῷ
842 4736 1051 4790 ἐκείνου
1113 4738 1318 4806 βήματι
1365 4723 1774 4808 παραστήσεται

208 4835 413 4893 πάντα,
462 4830 730 4883 καθιεῖται
762 4828 818 4881 δὲ
854 4829 1015 4891 αὐτὸς
1064 4832 1092 4880 6
1138 4831 1229 4882 τοῦ
1274 4831 1409 4882 Θεοῦ
1444 4832 1612 4897 Λόγος
1657 4847 1779 4900 κρι-

208 4924 364 4980 τικὸς
388 4922 737 4988 ἐνθυμήσεων
793 4922 892 4973 καὶ
926 4920 1143 4972 ἐννοιῶν
1182 4920 1430 4989 καρδίας,
1465 4923 1779 4990 διικνούμε-

210 5030 302 5075 νος
332 5011 460 5079 ἃχρι
496 5012 766 5081 μερισμοῦ
795 5013 975 5082 ψυχῆς
1032 5015 1126 5065 καὶ
1168 5014 1367 5065 ὀστέων
1399 5017 1489 5065 καὶ
1549 5015 1781 5081 μυελῶν,

211 5108 310 5159 καὶ
334 5105 514 5173 νόμων
540 5105 748 5173 ἑκάστῳ
774 5104 840 5155 τά
872 5104 989 5156 κατ’
1012 5106 1186 5171 ἀξίαν,
1210 5106 1389 5175 ἡνίκα.
1424 5106 1522 5173 φεῦ
1549 5107 1559 5156 l
1591 5101 1699 5167 οἷός
1726 5124 1781 5159 σε

214 5201 616 5267 περιστήσεται
636 5197 899 5260 κίνδυνος,
916 5197 1054 5259 οἵαν,
1080 5198 1252 5261 ἄθλιε,
1280 5200 1377 5266 τὴν
1400 5200 1668 5267 τιμωρίαν
1690 5218 1784 5252 κα-

212 5290 413 5358 τακριθ
429 5295 552 5361 ἡσῃ.
594 5293 782 5346 Ταῦτα
818 5294 909 5343 ἐπὶ
936 5291 1095 5343 πλέον
1129 5293 1380 5360 ὲκμαίνει
1416 5294 1504 5343 τὸν
1535 5290 1783 5361 βασιλέα,

218 5383 318 5437 καὶ
335 5382 536 5436 αὐτίκα
568 5382 742 5447 δεθεὶς
784 5388 907 5447 τοὺς
934 5385 1101 5447 πόδας
1137 5386 1165 5437 6
1199 5387 1426 5453 μάρτυς,
1458 5383 1597 5435 κατὰ
1620 5400 1789 5451 κεφα-

215 5478 316 5544 λῆς
340 5478 664 5547 ἀναρτᾶται,
707 5480 797 5531 καὶ
831 5480 973 5549 ὕδωρ
997 5478 1127 5532 πολὺ
1156 5478 1242 5531 διά
1268 5478 1365 5544 τῆς
1396 5476 1602 5528 ἐκείνου
1627 5476 1788 5543 ἔδρας

218 5568 427 5619 tuom
460 5568 539 5630 είς
588 5570 685 5638 τὴν
718 5572 980 5641 γαστέρα,
1029 5570 1251 5623 κόλασιν
1312 5568 1426 5638 ἅμα
1480 5566 1637 5620 τοῦτο
1701 5572 1791 5621 καὶ

296 5840 314 5872 ²
353 5835 472 5893 Psal
526 5852 683 5901 ωιτν,

1881 4655 2028 4711 debit
2059 4664 2240 4713 autem
2293 4654 2468 4723 ipsum
2503 4649 2594 4703 Dei
2633 4646 2871 4702 Verbum
2900 4645 3064 4715 iudex
3098 4658 3205 4697 non
3239 4651 3445 4696 tantum

1884 4748 2173 4807 factorum,
2201 4745 2294 4799 sed
2330 4753 2384 4797 et
2420 4741 2584 4796 animi
2624 4738 3063 4807 conceptionum.
3088 4745 3137 4788 et
3168 4733 3449 4803 cogitatio-

1880 4854 2008 4892 num
2045 4838 2224 4891 cordis
2257 4845 2549 4905 penetrans
2576 4845 2745 4898 usque
2794 4829 2861 4883 ad
2887 4826 3204 4880 divisionem
3232 4824 3445 4882 anima,

1880 4937 1934 4979 et
1987 4926 2297 4983 ossium,et
2348 4922 2723 4977 medullarum.
2754 4928 2803 4971 et
2863 4915 3151 4977 unicuique
3203 4912 3448 4966 tribuens

1884 5034 1981 5087 pro
2015 5014 2239 5067 meritis.
2270 5012 2388 5078 Quo
2438 5021 2701 5079 tempore,
2734 5006 2821 5061 hei
2876 5006 3043 5059 mihi!
3077 5003 3236 5074 quale
3266 5013 3320 5057 te
3345 5004 3453 5056 cir-

1883 5107 2162 5163 cumsistet
2224 5091 2855 5173 periculutnlquali,'u
2921 5096 3125 5154 infelix,
3187 5092 3451 5161 supplicio

1889 5195 2279 5251 damnaberisl
2319 5193 2438 5246 Hac
2504 5206 2684 5260 regem
2734 5188 2880 5244 cient
2928 5186 3117 5255 majori
3167 5184 3369 5246 furore,
3397 5189 3451 5235 et

1887 5290 2067 5343 statim
2098 5286 2325 5355 pedibus
2370 5285 2581 5337 vinetus
2626 5291 2847 5351 martyr,
2880 5292 3121 5349 praeceps
3170 5272 3457 5343 suspendi-

1890 5392 1995 5443 tur,
2039 5392 2091 5434 et
2124 5395 2220 5447 per
2258 5375 2586 5447 posteriores
2612 5385 2794 5445 partes
2826 5374 3053 5426 multum
3083 5384 3235 5437 aqua:
3256 5365 3457 5420 immit-

1890 5481 2008 5527 tunt
2046 5472 2099 5523 in
2134 5477 2395 5527 ventrem,
2418 5466 2520 5520 hoc
2546 5466 2705 5520 simul
2737 5480 2834 5534 pro
2859 5460 3123 5531 supplicio
3146 5468 3197 5511 et
3226 5454 3457 5510 ludibrio

1892 5565 2158 5619 habentes
2231 5546 2501 5616 scelerati.
2568 5556 2757 5611 Nullus
2836 5554 2978 5607 enim
3041 5552 3215 5622 pudor
3267 5547 3457 5601 tahbus
