3956 6498
513 411 619 471 959

1750 410 2036 472 MENSIS
2078 409 2365 469 SEPTEM
2381 411 2551 472 BER.

3697 413 3806 472 960

510 530 704 594 oculis,
739 547 974 600 quorum
1032 533 1228 588 animae
1263 541 1420 588 erant
1456 531 1627 601 plena:
1673 528 1895 584 libidine
1921 535 1976 580 et
2006 541 2101 579 ne—

2230 527 2417 579 ἐλωτα
2453 526 2736 592 ποιοῦντες
2765 529 2814 580 οἱ
2870 527 3162 598 ἀλιτήριοι.
3219 528 3462 597 Οὐδεμία
3543 528 3657 598 γὰρ
3718 531 3806 579 αι·

508 620 703 690 quitia.

583 800 722 854 XIII.
754 802 887 856 Cum
917 813 1098 858 autem
1147 805 1296 858 illinc
1327 803 1515 857 fuisset
1549 803 1844 864 demissus.
1884 819 1975 856 rex
2005 818 2098 858 co-

511 894 745 948 nabatur
783 911 972 949 rursus
1011 899 1341 965 persuadere
1375 917 1388 950 :
1423 906 1496 961 et,
1531 895 1665 949 Pare
1695 896 1851 954 mihi.
1883 897 2100 952 dicebat

512 988 583 1042 ei.
643 998 699 1042 et
749 988 853 1041 diis
896 990 1148 1042 maximis
1195 989 1458 1043 sacriﬁca.
1514 989 1649 1042 Nam
1701 989 1900 1058 alioqui
1960 991 2099 1043 male

513 1084 736 1149 peribis,
772 1084 903 1136 mihi
939 1083 1157 1136 charam
1197 1085 1320 1152 juro
1346 1100 1535 1137 eorum
1564 1085 1880 1149 potentiam.
1917 1084 2100 1138 Sacri-

517 1169 820 1231 licabo,sed
856 1169 1118 1225 Salvatori
1151 1189 1270 1226 meo
1301 1174 1528 1225 omnino
1555 1172 1879 1226 sacrificium
1906 1173 2096 1238 laudis,

515 1274 744 1328 magnus
772 1262 908 1315 dixit
933 1262 1247 1332 Gregorius.
1274 1264 1404 1327 Quae
1431 1274 1612 1316 autem
1641 1278 1803 1317 sensu
1833 1272 1886 1316 et
1920 1273 2102 1318 mente

514 1361 725 1414 carent,
767 1363 821 1405 et
869 1363 995 1406 sunt
1051 1355 1276 1408 omnino
1323 1355 1560 1408 inanima
1614 1366 1668 1410 et
1720 1357 1905 1417 surda.
1938 1357 2099 1421 absit,

514 1442 736 1497 Christe
779 1444 890 1498 Rex
929 1462 1104 1508 meus,
1141 1457 1200 1500 ut
1249 1448 1454 1502 honore
1500 1449 1607 1517 ullo
1661 1457 1756 1503 aut
1807 1450 1974 1504 verbo
2025 1450 2104 1503 di-

519 1549 673 1600 gner,
734 1536 946 1590 etiamsi
1009 1539 1161 1606 plura
1214 1540 1344 1592 milii
1396 1550 1450 1593 et
1500 1541 1750 1608 graviora
1803 1540 2105 1594 inferantur

519 1627 806 1693 supplicia.
847 1627 938 1680 His
992 1630 1432 1698 disrumpebatur
1460 1630 1765 1694 Teridates,
1794 1643 1848 1686 et
1874 1632 2106 1685 suffoca-

521 1707 701 1772 batur.
772 1720 957 1793 Itaque
1010 1738 1134 1774 cum
1191 1734 1438 1776 sanctum
1486 1740 1677 1776 rursus
1704 1723 2102 1790 suspendisset.

522 1811 740 1876 ungulis
795 1811 1014 1878 quidem
1071 1813 1264 1867 ferreis
1318 1814 1554 1866 laniabat
1603 1814 1723 1881 ejus
1779 1815 1970 1876 latera,
2013 1816 2104 1882 qui

527 1909 645 1953 erat
671 1900 813 1954 ferro
840 1904 1036 1969 quovis
1068 1903 1279 1966 durior,
1305 1907 1438 1958 adeo
1477 1916 1534 1959 ut
1568 1906 1684 1972 ipsa
1719 1923 1933 1976 quoque
1963 1915 2106 1961 terra

524 1993 902 2062 inquiti-aretur
933 1996 1175 2052 fontibus
1212 2000 1511 2068 sanguinis.
1548 1999 1683 2054 Cum
1710 2013 1890 2056 autem
1939 2000 2112 2056 disse-

523 2090 722 2144 casset.
753 2098 806 2141 et
841 2090 1142 2158 profundos
1179 2092 1358 2145 sulcos
1385 2093 1436 2145 in
1482 2094 1565 2147 eis
1599 2094 1903 2154 incidisset.
1943 2095 2111 2146 muri-

524 2189 617 2226 ces
662 2174 868 2230 ferreos
923 2177 1073 2232 humi
1125 2181 1340 2236 sternit.
1397 2181 1600 2237 Deinde
1658 2183 1839 2238 nudus
1896 2185 1966 2245 is,
2019 2184 2110 2253 qui

527 2270 698 2316 totum
737 2263 1014 2320 Christum
1073 2269 1343 2332 induerat,
1377 2287 1541 2340 super
1583 2273 1731 2340 ipsos
1774 2273 2108 2327 trahebatur.

529 2352 752 2406 Interim
783 2366 964 2409 autem
1008 2359 1136 2412 dum
1179 2361 1432 2415 lictorum
1467 2378 1660 2416 manus
1695 2378 1822 2416 eum
1858 2364 1980 2432 pilis
2006 2374 2114 2416 tra-

530 2445 732 2500 hebant
781 2450 1153 2517 acerbissime,
1193 2453 1280 2508 ille
1312 2455 1531 2522 quidem
1587 2459 1808 2526 proprio
1858 2457 2112 2529 irrigatus

529 2539 811 2608 sanguine,
844 2544 1011 2612 magis
1055 2543 1277 2599 florebat
1309 2557 1362 2600 et
1409 2549 1763 2617 germinabat,
1799 2566 1904 2604 non
1951 2567 2109 2607 secus

527 2638 692 2697 atque
723 2637 1248 2704 generosa’.plaut;e,
1286 2649 1334 2690 et
1383 2639 1560 2693 fructu
1619 2641 1740 2694 litlei
1781 2644 2110 2698 abundabat.

535 2717 625 2773 Ille
652 2733 856 2784 autem,
893 2723 988 2778 Ubi
1039 2736 1141 2788 est,
1173 2727 1367 2796 inquit,
1415 2729 1557 2784 Deus
1597 2743 1740 2796 tuus,
1777 2733 2022 2804 Cregori,
2061 2737 2112 2788 in

529 2827 691 2878 ouem
727 2817 996 2883 sperasti?
1041 2819 1230 2872 Veniat
1273 2838 1422 2876 nunc
1463 2833 1518 2876 et
1552 2840 1582 2877 e
1630 2807 1769 2878 meis
1813 2835 1864 2878 te
1904 2827 2116 2897 eripiat.

534 2904 806 2960 manibus.
848 2911 1021 2976 Atque
1075 2911 1163 2964 ille
1192 2913 1411 2978 quidem
1447 2928 1568 2966 cum
1598 2914 1676 2967 sic
1710 2915 1890 2968 omnia
1927 2931 2118 2985 perva-

535 2991 698 3047 sisset
758 2997 1025 3063 supplieia
1071 3009 1125 3052 et
1157 3001 1498 3064 atlltctiones,
1527 3011 1582 3056 et
1622 3017 1713 3057 eas
1743 3005 1956 3060 tulisset
1983 3005 2114 3060 faci—

529 3082 661 3146 lius,
726 3100 888 3154 quam
935 3087 1023 3140 alii
1067 3090 1406 3161 voluptates,
1447 3105 1501 3149 et
1552 3098 1806 3152 omnibus
1853 3100 2115 3154 evasisset

538 3177 791 3243 superior
831 3197 844 3232 ε
882 3195 1072 3236 rursus
1105 3183 1159 3236 in
1195 3201 1470 3241 carcerem
1502 3190 1810 3258 conjicitur.

608 3374 750 3427 XIV.
781 3376 1042 3445 Sequenti
1085 3387 1267 3434 autem
1317 3381 1405 3438 die
1447 3399 1570 3438 cum
1613 3401 1736 3439 eum
1782 3404 1972 3445 rursus
2029 3409 2118 3447 ac-

539 3468 803 3522 cersisset
857 3469 1159 3536 Teridates,
1200 3483 1254 3528 et
1299 3476 1523 3532 vidisset
1595 3497 1717 3532 eum
1768 3493 1946 3534 aStare
1993 3499 2118 3536 cum

537 3570 795 3628 prompto
849 3572 903 3616 et
953 3563 1120 3618 alacri
1179 3567 1384 3628 animo,
1412 3575 1468 3619 et
1515 3583 1639 3620 cum
1686 3585 1820 3622 sano
1868 3587 2117 3640 corpore,

541 3651 704 3717 idque
733 3667 855 3704 cum
885 3669 1012 3707 caro
1059 3654 1253 3708 fuisset
1284 3665 1444 3710 antea
1476 3671 1796 3728 consumpta
1833 3663 2122 3719 tormentis

542 3743 685 3811 apud
721 3759 777 3797 se
817 3747 1036 3814 quidem
1074 3747 1392 3814 mirabatur,
1431 3761 1486 3806 et
1514 3751 1818 3818 dubitabat,
1852 3758 1982 3825 quin
2013 3774 2120 3813 non

545 3837 710 3888 simul
773 3851 894 3890 cum
954 3841 1207 3895 carnibus
1264 3856 1387 3894 eum
1460 3842 1750 3900 defecisset
1808 3847 2121 3916 respiratio.

552 3927 748 3996 Vipera
784 3940 964 3986 autem
999 3950 1105 3987 non
1131 3935 1436 4003 expellebat
1461 3951 1755 3999 venenum,
1800 3954 1977 4007 neque
2001 3959 2126 4012 par-

548 4021 652 4075 dus
672 4025 904 4077 exuebat
945 4027 1235 4079 varietates
1275 4046 1286 4078 :
1343 4027 1437 4080 sed
1476 4027 1656 4082 adhuc
1694 4029 1834 4083 idem
1874 4034 2129 4086 manebat

553 4111 868 4176 Teridates,
916 4125 969 4168 et
1019 4116 1070 4168 in
1133 4112 1418 4188 martyrem
1474 4121 1720 4176 eamdem
1767 4124 2129 4179 conservabat

558 4203 822 4258 saevitiam
878 4212 933 4259 et
981 4205 1455 4265 inhumanitatem.
1510 4211 1646 4266 Cum
1696 4229 1828 4283 ergo
1871 4232 1996 4269 eum
2049 4217 2129 4270 sic

557 4297 780 4351 vidisset
835 4299 1114 4362 allectum,
1141 4317 1208 4354 ne
1252 4302 1329 4356 sic
1365 4303 1585 4369 quidem
1636 4305 1965 4373 desperabat
2013 4310 2130 4378 ejus

555 4391 910 4445 mutationem
954 4409 967 4446 :
1000 4393 1094 4446 sed
1144 4394 1504 4448 contendebat
1536 4395 1737 4450 stultus
1768 4397 1988 4451 vincere
2013 4401 2132 4451 ani-

553 4495 694 4534 mam
723 4482 1162 4551 insuperabiletu.
1206 4483 1360 4540 Unde
1391 4487 1554 4540 etiam
1590 4502 1713 4541 cum
1744 4488 1936 4543 ferreis
1973 4489 2131 4543 tibia-

554 4573 696 4627 libus
727 4576 878 4628 beata
915 4579 1034 4642 eius
1065 4577 1332 4630 induisset
1362 4595 1556 4648 genua,
1594 4590 1648 4632 et.
1682 4581 2002 4651 cuneis,qui
2033 4581 2135 4652 ipsi

555 4681 774 4734 quoque
803 4676 963 4720 erant
991 4668 1178 4730 ferrei,
1204 4683 1265 4722 ea
1293 4672 1716 4742 transadegisset
1743 4689 1803 4727 ac
1833 4675 2134 4743 ﬁbulasset,

558 4765 613 4810 et
667 4767 957 4822 martyrem
1006 4762 1403 4829 suspendisset,
1464 4774 1571 4819 tres
1638 4775 1779 4822 totos
1837 4766 1955 4821 dies
2014 4783 2136 4822 eum

559 4848 734 4901 tenuit
764 4850 1075 4903 sublimem.
1103 4849 1195 4904 Ille
1226 4865 1407 4906 autem
1455 4865 1663 4909 tantum
1707 4859 1915 4923 aberat,
1949 4869 2006 4913 ut
2040 4861 2141 4915 hoc

560 4940 807 4994 cruciatu
864 4955 1022 4996 secus
1069 4959 1229 5010 quam
1284 4961 1607 5014 generosum
1656 4949 1931 5004 hominem
1985 4952 2141 5005 decet

563 5028 892 5094 alliceretur,
931 5039 1025 5084 aut
1070 5032 1483 5102 obloqueretur,
1520 5047 1577 5090 ut
1604 5048 1659 5091 et
1709 5037 1824 5107 ipsa
1867 5039 2144 5092 videretur

566 5118 743 5173 ridere
781 5127 1071 5182 tormenta,
1118 5133 1170 5174 et
1198 5138 1293 5177 eos
1325 5124 1414 5191 qui
1455 5127 1566 5194 ipsa
1590 5124 1913 5192 alIerebant,
1945 5129 1988 5183 si
2017 5143 2144 5197 spe-

574 5221 758 5265 rarent
825 5211 964 5272 fore,
1030 5220 1088 5265 ut
1139 5212 1284 5266 illius
1335 5215 1642 5269 lirmitatem
1702 5219 1753 5271 in
1814 5222 2144 5274 contrariam

568 5312 840 5356 mutarent
877 5306 1229 5360 sententiam.
1257 5303 1521 5360 Peudenti
1556 5309 1740 5377 itaque
1771 5310 1922 5378 justo
1957 5331 1969 5364 :
2004 5314 2151 5366 Non—

571 5394 701 5447 dum
740 5396 980 5458 sensisti,
1014 5396 1239 5464 Gregori
1285 5398 1456 5466 inquit
1513 5398 1817 5465 Teridates,
1857 5411 1907 5455 te.
1949 5403 2148 5456 frustra
2183 5427 2190 5437 -

567 5486 620 5538 in
660 5485 769 5540 Deo
805 5494 897 5538 ttto
928 5488 1253 5542 confidisse?
1280 5502 1372 5543 aut
1397 5491 1603 5560 alioqui
1643 5494 1797 5546 uobis
1829 5497 2076 5558 ostende,
2105 5495 2148 5548 si

566 5577 695 5643 quid
731 5578 856 5632 boni
893 5595 957 5633 ex
988 5594 1083 5647 spe
1105 5585 1160 5634 in
1191 5582 1336 5635 illum
1357 5599 1414 5635 es
1439 5595 1785 5637 consecutus.
1819 5585 1909 5638 Ille
1934 5575 2147 5640 autem:

574 5675 642 5728 At
666 5680 719 5724 tu
761 5672 898 5741 ipse,
932 5672 1128 5741 inquit,
1163 5689 1221 5761 es
1265 5675 1548 5744 insipiens,
1583 5686 1636 5728 et
1671 5684 1721 5728 te
1753 5676 1911 5744 plane
1956 5679 2149 5731 stolide

575 5770 628 5813 et
662 5773 909 5815 amenter
934 5763 1099 5831 geris,
1134 5763 1223 5830 qui
1264 5765 1521 5817 adversus
1559 5774 1608 5818 te
1654 5765 1820 5819 infers
1851 5775 1957 5820 tam
1992 5784 2152 5836 grave

566 5855 859 5927 judicium,
895 5865 947 5910 et
977 5856 1150 5926 ignem
1187 5858 1448 5923 gehennae
1485 5858 1537 5915 in
1578 5867 1726 5912 tuum
1759 5867 1920 5926 caput
1958 5873 2155 5930 conge-

2201 619 2368 689 σχὺνη
2411 621 2672 684 τοιούτοις
2699 621 2942 691 ὄμμασιν
2970 616 3045 674 ὧν
3073 625 3126 674 aI
3149 621 3318 692 ψυχαὶ
3369 623 3604 691 πλήρεις
3655 617 3806 691 ἦσαν

2199 709 2494 772 ἀκολασίας
2515 729 2571 763 τε
2603 713 2691 763 καὶ
2733 714 3088 782 φαυλότητος.

2274 799 2369 856 II”.
2442 802 2658 872 Ἐπειδὴ
2685 805 2736 856 δὲ
2780 805 2989 857 ἐκεῖθεν
3015 803 3369 874 κατενεχθεὶς
3398 799 3491 874 ἦν,
3547 805 3722 857 πάλιν
3777 805 3805 854 6

2203 893 2455 963 βασιλεὺς
2479 899 2736 967 ἐπειρᾶτο
2765 899 2993 962 πείθειν,
3016 901 3141 961 καῖ,
3182 899 3440 967 Πεισθητί
3506 916 3620 965 μοι,
3657 899 3802 965 πρὸς

2203 987 2389 1053 αὑτὸν,
2431 988 2604 1055 ἔλεγε,
2637 991 2732 1041 καὶ
2765 993 2874 1051 τοῖς
2913 993 3190 1059 μεγίστοις
3222 989 3384 1042 θῦσον
3435 989 3602 1051 Οεοίς.
3644 989 3803 1041 Ἐπεὶ

2203 1079 2392 1142 κακῶς
2425 1081 2628 1150 ἀπολῇ,
2661 1082 2762 1150 τὴν
2822 1082 2982 1150 φίλην
3040 1083 3218 1135 αὐτῶν
3273 1083 3484 1149 ὄμνυμι
3536 1082 3799 1148 δύναμιν.

2201 1173 2383 1238 Θύσω,
2419 1173 2555 1224 ἀλλὰ
2581 1175 2658 1241 τῷ
2691 1173 2797 1241 θεῷ
2831 1191 2932 1242 μου
2959 1175 3178 1236 πάντως
3211 1175 3406 1226 Θυσίαν
3460 1177 3728 1234 αἰνέσεως
3773 1177 3804 1226 6

2207 1263 2378 1331 μέγας
2420 1263 2525 1332 ἔφη
2574 1263 2896 1332 Γρηγόριος.
2956 1263 3273 1332 Δίσθήσεως
3332 1265 3386 1318 δὲ
3435 1265 3536 1317 καὶ
3582 1264 3804 1332 φρενῶν

2205 1355 2387 1422 ἔρημα
2427 1355 2519 1406 καὶ
2560 1355 2618 1406 τὸ
2644 1356 2765 1408 ὅλον
2823 1355 3006 1426 ἄψυχα
3057 1357 3149 1409 καὶ
3183 1357 3363 1424 κωψὰ,
3415 1357 3494 1427 μὴ
3556 1358 3803 1424 γένοιτο,

2205 1447 2407 1514 Χριστέ
2434 1448 2460 1497 6
2497 1447 2627 1514 ἐμὸς
2655 1447 2928 1514 βασιλεὺς,
2956 1447 3089 1517 μηδὲ
3120 1449 3284 1516 τιμῆς
3316 1466 3464 1512 τινος
3529 1450 3663 1518 μηδὲ
3695 1453 3805 1518 ῥή-

2213 1555 2377 1602 ματος
2418 1537 2668 1601 ἀξιῶσαι,
2703 1539 2803 1590 κᾶν
2835 1540 2920 1590 ἐτι
2969 1539 3184 1600 πλείους
3239 1541 3366 1608 ἐμοὶ
3427 1542 3525 1592 καὶ
3562 1539 3804 1609 βαρύτε-

2211 1639 2298 1691 ραι
2331 1622 2581 1686 κολάσεις
2627 1625 2941 1691 ἐπάγονται.
3003 1629 3375 1696 Διερρήγνυτο
3410 1631 3599 1679 τοίνυν
3659 1627 3804 1697 πρὸς

2207 1718 2418 1769 ταῦταὸ
2443 1717 2749 1786 Τηριδάτης
2781 1718 2872 1768 καὶ
2895 1718 3229 1783 ἁπεπνίγετο
3260 1716 3334 1784 τῷ
3360 1716 3541 1785 Θυμῷ.
3583 1717 3806 1783 Ἀμέλει

2213 1810 2307 1862 καὶ
2345 1809 2436 1862 τὸν
2465 1808 2619 1872 ἅγιον
2650 1810 2979 1880 ἁμαρτήσας
3013 1812 3198 1876 πάλιν,
3239 1811 3385 1876 ὄνυξι
3433 1809 3536 1878 μὲν
3576 1810 3803 1880 σιδήρου

2214 1901 2478 1967 διέξαινεν
2518 1903 2681 1956 αὐτοῦ
2727 1904 2829 1966 τὰς
2889 1905 3154 1973 πλευρὰς,
3217 1904 3245 1955 6
3302 1905 3529 1973 σιδήρου
3603 1903 3805 1964 “Imb;

2217 1995 2608 2065 σκληρότερος,
2645 1996 2719 2059 ὼς
2745 1997 2837 2048 καὶ
2873 1996 3043 2061 αὐτὴν
3083 1997 3147 2065 δή
3203 2014 3305 2050 που
3365 2000 3464 2064 τὴν
3531 1998 3638 2066 γῆν
3686 2000 3806 2059 τοῖς

2214 2089 2464 2154 κρουνοῖς
2489 2087 2597 2138 τῶν
2627 2089 2878 2155 αἱμάτων
2915 2088 3265 2156 μολύνεσθαι.
3302 2088 3585 2158 Διακόψας
3618 2089 3674 2141 δὲ
3707 2091 3807 2140 καί

2217 2178 2441 2247 βαθείας
2464 2177 2656 2237 αὐταῖς
2685 2175 2926 2246 ἐντεμὼν
2979 2177 3221 2240 αῠλακας
3255 2179 3544 2248 τριϐόλους
3575 2179 3808 2249 σιδηρᾶς

2217 2269 2629 2339 ὑποστρώννυσι
2656 2270 2796 2322 κατὰ
2827 2268 2918 2322 τοῦ
2941 2269 3200 2339 ἐδάφους,
3255 2264 3378 2322 εἶτα
3424 2271 3634 2340 γυμνὸς
3657 2272 3683 2322 ὁ
3711 2271 3808 2323 τὸν

2216 2362 2455 2429 Χριστὸν
2510 2363 2630 2414 ὅλον
2667 2362 3019 2432 ἐνδεδυμένος
3067 2363 3153 2415 ἐπ’
3189 2363 3373 2416 αὐτῶν
3427 2364 3669 2415 εἵλκετο.
3717 2360 3808 2413 Ἐν

2214 2457 2324 2525 ὅσῳ
2357 2455 2413 2509 δὲ
2446 2455 2607 2507 αὑτὸν
2626 2456 2679 2508 al
2719 2455 2828 2508 τῶν
2855 2456 3069 2524 δημίων
3103 2459 3280 2526 χεῖρες
3308 2457 3626 2525 πικρότατα
3663 2462 3807 2506 κατα

2222 2551 2332 2601 τῶν
2385 2547 2649 2617 τριϐόλων
2702 2541 2902 2610 εἷλκον,
2942 2548 2970 2598 6
3025 2552 3124 2615 μὲν
3161 2547 3236 2613 τῷ
3273 2547 3463 2613 οἰκείῳ
3505 2547 3809 2613 ἀρδόμενος

2217 2642 2434 2706 αἵματι,
2478 2640 2628 2710 ἤνθει
2663 2639 2863 2706 μᾶλλον
2901 2637 3042 2695 κατὰ
3084 2637 3148 2688 τὰ
3180 2637 3383 2705 εὖγε·ιῆ
3452 2637 3566 2688 τῶν
3621 2635 3810 2705 φυτῶν

2219 2737 2311 2784 καὶ
2353 2731 2638 2794 ἁνέΟαλλε,
2671 2731 2763 2781 καὶ
2798 2730 2874 2798 τῷ
2897 2730 2995 2798 τῆς
3026 2730 3263 2791 πίστεως
3296 2730 3502 2798 καρπῷ
3539 2729 3806 2782 ἐπλεόνα-

2219 2825 2328 2887 ζεν.
2365 2821 2422 2874 '0
2456 2821 2509 2874 δὲ
2562 2821 2670 2873 Ποῦ
2721 2823 2866 2874 ἐστὶν
2903 2823 2928 2874 6
2966 2821 3095 2885 Θεός
3129 2839 3240 2885 σου,
3275 2821 3574 2892 Γρηγοριε,
3629 2823 3715 2890 ἐφ’
3750 2821 3809 2874 δν

2225 2917 2462 2986 ἧλπισας
2493 2933 2505 2980 ;
2542 2914 2776 2966 Ἐλοέτω
2811 2913 2903 2966 νῦν
2942 2917 3035 2967 καὶ
3075 2915 3182 2968 τῶν
3213 2916 3362 2983 ἐμῶν
3421 2932 3484 2966 σε
3547 2915 3809 2985 ῥυσάσθω

2219 3008 2441 3080 χειρῶν.
2482 3007 2541 3060 Ὀ
2577 3007 2676 3076 μέν
2713 3005 2803 3059 οὖν
2870 3007 3013 3060 οὕτω
3062 3007 3150 3058 διὰ
3189 3007 3378 3058 πασῶν
3415 3005 3589 3056 ἐλθὼν
3632 3023 3808 3073 τιμω-

2225 3102 2356 3173 ριῶν
2389 3102 2485 3152 καὶ
2535 3100 2972 3162 κακώσειιιν,καὶ
3007 3101 3135 3166 ῥᾷον
3202 3095 3443 3162 ἐνεγκὼν
3513 3098 3721 3157 ταύτας
3778 3100 3810 3166 ἢ

2147 3198 2191 3254 c
2223 3193 2322 3254 τὰς
2346 3191 2536 3259 ἡδονὰς
2559 3191 2762 3259 ἕτεροι,
2792 3190 2886 3241 καὶ
2911 3189 3090 3252 πάσας
3120 3187 3364 3256 ἐλέγξας,
3395 3184 3554 3252 αὖθις
3591 3192 3656 3258 τῇ
3693 3192 3809 3258 etp-

2230 3287 2330 3354 κτῇ
2365 3283 2589 3337 δίδοται.

2297 3375 2372 3431 IA'
2427 3376 2540 3445 Τῆς
2600 3375 2654 3428 δὲ
2695 3375 2962 3446 ἐπιούσης
3021 3376 3359 3446 μετακλητον
3412 3376 3577 3430 αὑτὸν
3649 3376 3815 3429 πάλιν

2233 3472 2604 3538 ποιησάμενος
2635 3469 2965 3536 Τηριδάτης,
2996 3470 3069 3529 ὠς
3105 3469 3201 3518 σὶιν
3235 3468 3519 3536 προθυμία
3553 3471 3645 3520 καὶ
3671 3470 3814 3537 μετὰ

2235 3562 2484 3628 σώματος
2510 3558 2698 3625 ὑγιοῦς
2731 3562 3097 3626 παραστάντα
3135 3551 3263 3621 εἶδε,
3301 3558 3393 3608 καὶ
3454 3558 3634 3610 ταῦτα
3692 3563 3817 3620 ταῖς

2234 3653 2486 3723 βασάνοις
2518 3651 2667 3720 αὐτῷ
2701 3651 2798 3719 τῆς
2830 3650 3033 3720 σαρκὸς
3082 3649 3595 3727 προαναλωθείσης,
3654 3650 3819 3702 ἐθαύ-

2235 3747 2375 3818 μαζε
2438 3747 2535 3817 μὲν
2597 3744 2684 3814 ἐφ’
2729 3743 2925 3798 ἐαυτοῦ
2971 3746 3061 3798 καὶ
3109 3743 3444 3816 διηπορεῖτο,
3498 3745 3650 3807 ὅπως
3698 3745 3822 3813 οὐχὶ

2233 3839 2329 3892 καὶ
2362 3840 2422 3891 τὸ
2456 3841 2718 3891 ἀναπνεῖν
2763 3838 2925 3890 αὑτὸν
2957 3837 3094 3907 μετὰ
3131 3837 3236 3889 τῶν
3283 3837 3508 3906 σαρκῶν
3546 3838 3818 3889 ἐπιλίποι.

2249 3932 2311 3984 'II
2348 3931 2462 4000 εχις
2493 3931 2550 3984 δέ
2581 3931 2671 3984 τὸν
2706 3931 2782 3982 ἱὸν
2816 3933 2917 3983 οὐκ
2969 3926 3277 3995 άπωθεῖτο,’
3309 3930 3429 3981 οὐδὲ
3455 3931 3488 3997 ἡ
3555 3931 3821 3998 πάρδαλις

2236 4022 2504 4075 ἀπεδύετο
2532 4020 2602 4074 τὰ
2624 4022 2959 4092 ποικίλματα
2984 4037 2996 4050 ·
3063 4021 3178 4073 ἀλλ’
3211 4023 3238 4074 6
3268 4019 3432 4081 αὐτὸς
3459 4019 3622 4086 ἔμενε
3654 4022 3826 4088 Τηρι-

2236 4111 2402 4176 δάτης
2437 4111 2539 4173 ἐτι,
2562 4111 2660 4164 καὶ
2686 4110 2784 4181 τὴν
2814 4112 2985 4181 αὐτὴν
3033 4111 3299 4179 ὠμότητα
3339 4109 3418 4178 τῷ
3450 4110 3697 4179 μάρτυρι
3731 4112 3826 4163 καὶ

2241 4202 2342 4270 τὴν
2365 4201 2767 4270 ἀπανθρωπίαν
2795 4203 3007 4271 ἐτήρει.
3044 4201 3203 4254 Οὕτω
3227 4201 3410 4253 τοίνυν
3437 4201 3825 4270 αὐτὸνεχοντα

2242 4294 2390 4360 ἰδὼν,
2421 4293 2541 4348 οὐδὲ
2571 4292 2716 4346 οὕτω
2764 4294 2863 4363 τὴν
2897 4291 3203 4364 μεταϐολὴν
3272 4293 3648 4362 ἀπηγόρευεν,
3710 4294 3808 4347 ἀλλ

2241 4388 2565 4456 ἐφιλονείκει
2603 4389 2629 4440 6
2663 4387 2914 4458 μάταιος,
2941 4386 3210 4457 κρείττων
3231 4383 3487 4450 γενέσθαι
3545 4386 3642 4452 τῆς
3698 4389 3829 4456 ἀητ-

2242 4481 2408 4547 τήτου
2447 4479 2648 4548 ψυχῆς.
2673 4480 2838 4533 Ὅθεν
2868 4481 2961 4533 καὶ
3017 4481 3242 4549 σιδηρᾶς
3270 4478 3830 4550 περικνημίδαςτοῖς

2247 4569 2540 4641 μακαρίοις
2567 4569 2728 4620 αὑτοῦ
2765 4571 2985 4636 γόνασιν
3036 4569 3313 4638 ἐμὸαλίυν,
3352 4571 3446 4623 καὶ
3478 4572 3827 4639 σξηνίσκοις,

2243 4661 2462 4733 σιδήρου
2498 4661 2593 4713 καὶ
2626 4661 2809 4722 αὐτοῖς
2834 4656 2953 4713 οὖσι
2986 4661 3398 4732 διαπερονήσας
3447 4664 3687 4728 ταύτας,
3739 4667 3830 4719 καὶ

2241 4756 2333 4806 τὸν
2367 4754 2619 4823 μάρτυρα
2672 4753 2980 4824 κρεμάσας,
3010 4754 3088 4814 εις
3119 4755 3269 4821 τρετς
3297 4753 3424 4813 ὅλας
3463 4754 3684 4823 ἡμέρας
3741 4773 3832 4825 μι-

2242 4847 2448 4914 τέωρον
2479 4846 2636 4898 αὑτὸν
2663 4841 2828 4916 εἶχεν.
2873 4845 2932 4898 Ὀ
2955 4845 3013 4897 δὲ
3041 4845 3298 4897 τοσοῦτον
3349 4846 3546 4914 ἀπεῖχε
3586 4844 3688 4898 τοῦ
3725 4848 3829 4899 τῶν

2246 4939 2486 5006 ἀγεννῶν
2511 4955 2564 4989 τι
2609 4940 2744 5005 πρὸς
2777 4939 2874 5007 τὴν
2910 4937 3169 5007 τοιαύτην
3203 4937 3395 4990 παΟείν
3448 4938 3753 5011 ἐπιΰουλὴν
3797 4940 3829 5011 ἢ

2245 5033 2338 5082 καὶ
2372 5029 2730 5096 φθέγξασθαι.
2760 5031 2869 5098 ὅσῳ
2903 5029 2995 5079 καὶ
3050 5029 3358 5098 καταγελᾷν
3430 5029 3598 5098 ἐῴκει
3651 5032 3832 5083 αὐτῶν

2246 5139 2304 5173 τε
2335 5122 2717 5189 τῶνβαπὰνων
2747 5121 2839 5174 καὶ
2871 5121 2979 5172 τῶν
3008 5120 3327 5187 ἐπαγόντων
3355 5119 3544 5184 αὐτὰς,
3580 5123 3629 5171 εί
3663 5124 3834 5174 τοιού-

2248 5231 2357 5276 τοις
2383 5215 2616 5283 ἧλπισαν
2641 5214 2736 5282 τὴν
2768 5212 2977 5265 ἐκείνου
3042 5214 3378 5282 στερρότητα
3429 5218 3791 5278 μεταπείσειν
3815 5234 3828 5246 ’

2253 5305 2602 5374 Κρεμαμένῳ
2633 5306 2809 5356 τοίνυν
2828 5305 2903 5373 τῷ
2922 5305 3175 5374 γενναίῳ,
3198 5302 3364 5357 Οὔπω
3395 5303 3588 5374 ᾔσθου,
3623 5307 3832 5374 Γρηγό·

2255 5415 2356 5463 ριε.
2384 5397 2516 5466 φησὶ
2560 5397 2890 5465 Τηριδάτης.
2931 5398 3107 5465 μάτην
3135 5397 3228 5447 ἐπὶ
3260 5396 3335 5464 τῷ
3370 5396 3446 5462 σῷ
3479 5396 3602 5464 Θεῴ
3643 5415 3830 5449 πεποιο

2254 5488 2395 5550 οώς;
2429 5488 2459 5555 ἢ
2499 5487 2632 5538 ἀλλὰ
2662 5487 2836 5548 δεῖξον
2863 5488 2991 5555 ἡμῖν
3020 5488 3127 5538 εῐτι
3164 5487 3400 5553 χρηστὸν
3433 5486 3529 5552 ﬁt;
3552 5486 3640 5536 ἐπ’
3673 5488 3830 5540 αὐτὸν

2255 5577 2465 5637 ἐλπίδος
2494 5575 2826 5638 ὰπέλαυσας.
2869 5575 2929 5628 '0
2951 5576 3006 5625 δὲ
3036 5591 3046 5602 ·
3081 5576 3324 5638 Matuta;
3347 5573 3511 5635 αὐτὸς
3556 5569 3628 5636 εἴ,
3678 5577 3830 5634 εὐθὺς

2257 5669 2612 5736 ἁπεκρίνατο,
2649 5669 2744 5719 καὶ
2779 5669 2924 5734 πέρα
2979 5668 3072 5720 καὶ
3105 5668 3277 5733 αὑτῆς
3318 5666 3685 5736 ματαιότητος
3742 5668 3826 5717 καὶ

2256 5763 2510 5823 ἀπονοίας
2534 5763 2600 5812 τὰ
2629 5762 2696 5813 σα
2729 5763 2902 5829 κρῖμα
2938 5759 3176 5829 χαλεπὸν
3206 5759 3348 5812 οὕτω
3385 5761 3525 5811 κατᾶ
3563 5761 3661 5810 σοῦ
3717 5761 3826 5809 ἐπει

2260 5854 2514 5924 φέροντα,
2559 5854 2649 5906 καὶ
2680 5852 2736 5906 τὸ
2766 5852 2862 5922 τῆς
2897 5853 3118 5922 γεέννης
3158 5853 3294 5905 κατὰ
3326 5853 3418 5923 τῆς
3456 5854 3551 5922 σῇς
3591 5851 3821 5918 κεφαλῆς
