3956 6466
137 404 236 469 96l

1108 415 1286 475 νιτΑ
1331 416 1394 474 S.
1433 413 1816 476 GREGOHII
1862 417 2498 488 lLl.UMlNATORlS.

3325 441 3432 503 962

132 522 558 593 ἐπισωρεὺοντα
591 522 723 595 πῦρ.
775 524 914 592 Ἐγὼ
940 527 994 579 δὲ
1034 529 1267 581 πέποιθα
1301 529 1396 582 ἐπὶ
1437 527 1512 599 τῷ
1547 530 1722 602 Κυρέιε

1850 532 1945 585 ris.
2000 533 2111 605 Ego
2157 544 2338 591 autem
2391 540 2607 594 confido
2667 542 2718 596 in
2767 541 2996 602 Domino
3044 565 3188 616 meo,
3222 561 3437 623 quiest

137 631 280 683 μου,
308 614 367 678 δς
402 616 760 688 ἀντιλήπτωρ
795 635 898 688 μου
952 620 1072 672 ἐστὶ
1122 622 1215 675 καὶ
1262 623 1558 695 καταφυγή
1606 640 1730 693 μου,

131 707 234 760 καὶ
265 705 358 760 ἐπ’
388 707 541 778 αὐτῷ
566 709 794 778 ήλπισα.
829 711 950 765 Τῶν
979 711 1035 766 δὲ
1066 715 1215 784 παρὰ
1251 714 1345 768 σοῦ
1381 734 1471 785 μοι
1500 720 1730 772 διασπαο

137 800 508 868 ρασσομινων
533 801 758 870 σαρκῶν
819 803 975 872 ὀλίγη
1001 805 1242 873 φροντίς.
1280 807 1434 877 Ὀσῳ
1477 809 1585 880 γάρ
1640 810 1736 862 τὸν

134 892 250 956 ιξω
272 891 432 960 ἡμῶν
461 891 786 961 φθείρεσθαι
835 894 1143 962 ἄνθρωπον,
1178 899 1419 968 τοσούτῳ
1472 901 1561 953 τὸν
1597 902 1733 953 ἐσω-

137 981 236 1034 θεν
285 983 741 1050 άνακαινοῦσθαι,
779 987 871 1038 καὶ
918 987 1289 1058 διδασκόμεθα
1337 991 1430 1043 καὶ
1473 992 1732 1045 πιστεύο-

139 1091 267 1144 μεν.

218 1169 325 1222 ῙΕ’.
371 1169 556 1241 θυμὸς
599 1171 690 1223 ἐπὶ
734 1170 944 1236 τούτοις
999 1173 1272 1245 λαμϐάνει
1321 1174 1411 1227 τὸν
1468 1173 1728 1244 βασιλέα,

136 1264 241 1316 καὶ
265 1263 464 1332 πικρὸν
488 1261 565 1332 τῷ
582 1263 820 1334 μάρτυρι
848 1267 1036 1319 ὲνιδών
1053 1282 1066 1296 ·
1102 1267 1341 1338 Ἐπειδὴ,
1360 1269 1514 1337 φησὶ,
1537 1269 1600 1320 σὺ
1632 1269 1732 1337 μὲν

136 1349 602 1412 ἀνακαινίζεσθαι
632 1347 813 1417 εἶπας,
866 1356 1016 1424 ἡμᾶς
1046 1355 1102 1408 δὲ
1137 1358 1268 1426 πυρὶ
1294 1358 1547 1429 ἀσϐέστῳ
1579 1359 1734 1429 δοθή-

151 1447 356 1497 σεσθαι
386 1444 692 1513 ηπειλησω,
724 1445 841 1498 ἀλλ’
868 1445 981 1514 ἐγώ
1005 1463 1065 1499 σε
1093 1449 1232 1510 τέως
1271 1447 1349 1518 τῷ
1382 1448 1734 1519 σϐεννυμένῳ

132 1542 324 1606 τούτῳ
384 1535 582 1601 διδάξω
634 1536 712 1608 μὴ
772 1535 917 1590 οὓτω
980 1541 1236 1610 φανερῶς
1303 1539 1398 1593 τοῦ
1457 1543 1734 1611 ἡμετέρου

134 1630 384 1699 κράτους
441 1629 998 1696 καταυθαδιάζεσθαι.
1043 1634 1154 1686 Καὶ
1224 1634 1421 1686 αὐτίκα
1470 1634 1736 1702 μόλυϐδον

134 1722 361 1774 κελεύει
388 1720 577 1792 λέϐητι
603 1721 952 1792 ἐμϐληθέντα
994 1724 1232 1794 ἰσχυρῶς
1259 1741 1314 1777 τε
1343 1723 1486 1792 ἄγαν
1519 1727 1735 1794 παφλά-

137 1831 259 1879 σαι,
315 1818 411 1868 καὶ
448 1816 571 1868 ὅλου
601 1816 980 1885 καταχυθῆναι
1026 1815 1120 1868 τοῦ
1170 1819 1469 1885 μάρτυρος.
1518 1818 1591 1872 Τὸ
1625 1818 1726 1886 μὲν

133 1906 205 1976 δὴ
243 1906 320 1969 ὼς
355 1907 607 1958 ἐκέλευσε
636 1907 881 1973 γέγονεν.
925 1907 984 1958 '0
1016 1906 1071 1958 δὲ
1095 1906 1268 1969 οὕτως
1292 1903 1408 1978 εἶχε
1443 1910 1729 1974 γενναίως,

134 1997 338 2065 ῶσπερ
401 1995 593 2060 ὕδατος
640 1997 790 2068 αὐτῷ
860 1997 1075 2068 ψυχροῦ
1131 2001 1567 2068 καταχεομένου.
1623 2003 1731 2053 Καὶ

132 2089 305 2141 τοῦτο
345 2088 523 2158 δῆλον,
589 2089 649 2154 ἐξ
692 2084 766 2143 ὧν
801 2092 1168 2162 φανερώτατα
1216 2091 1315 2161 μὲν
1359 2092 1460 2164 τὴν
1510 2093 1724 2146 ἑκείνου

133 2182 345 2252 ἧλεγχε
391 2183 598 2254 πλάνην
629 2185 761 2256 παρ’
789 2186 956 2238 αὑτὸν
993 2187 1082 2239 τὸν
1103 2186 1203 2256 τῆς
1239 2187 1475 2256 βασάνου
1516 2191 1729 2258 καιρόν·

134 2279 726 2348 πεπαρῤησιασμένως
784 2279 840 2330 δὲ
870 2281 983 2341 τοῖς
1015 2280 1253 2349 παροῦσι
1283 2283 1375 2334 τὸν
1425 2282 1524 2350 τῆς
1572 2284 1733 2335 εὐσε-

136 2365 304 2432 ϐείας
337 2369 591 2421 ὑπέτεινε
625 2369 784 2435 λόγον
811 2384 826 2399 ’
879 2363 960 2430 οἷς
991 2369 1054 2437 δή
1095 2387 1195 2422 που
1229 2374 1320 2422 καὶ
1351 2372 1732 2445 ὑπερεκπλητο

135 2458 368 2526 τόμενος
393 2460 423 2510 ό
475 2458 783 2527 Ἀρμένιος,
815 2459 1150 2524 ἐσπούδαζεν
1188 2462 1252 2513 ὲκ
1290 2461 1494 2526 παντὸς
1523 2466 1731 2532 τρόπου

137 2549 412 2619 κερδῆσαι
458 2550 552 2601 τὸν
598 2550 801 2621 ἄνδρα,
862 2553 955 2604 καὶ
991 2555 1038 2603 εί
1082 2552 1274 2605 τούτου
1327 2555 1615 2623 ἀποτύχοι,
1659 2557 1729 2608 τὰ

138 2641 348 2710 ἔσχατα
368 2639 714 2713 ζημιωθῆναι
737 2641 796 2695 τὸ
839 2642 1123 2714 ελληνικδν
1141 2643 1296 2715 ᾦετο.
1333 2644 1728 2701 ’Υποσκελίσαι

137 2734 328 2785 τοίνυν
395 2735 560 2797 αὐτὸς
631 2735 963 2806 βουλόμενος
1038 2739 1132 2791 καὶ
1195 2738 1292 2808 τῆς
1369 2741 1729 2810 στερρότητος

139 2826 368 2894 ἐκείνης
401 2827 493 2876 καὶ
525 2827 620 2895 τῆς
660 2827 974 2897 προθυμίας
1016 2829 1267 2894 ἑλκῦσαι,
1313 2830 1632 2897 κολακείαις
1669 2849 1730 2884 τε

141 2917 310 2970 αὑτὸν
343 2916 689 2985 ὑποδραμεῖν
746 2919 1103 2988 διεσκέψατο,
1158 2921 1255 2973 καὶ⁵
1314 2922 1572 2988 πλούτου,
1635 2926 1731 2978 καὶ

141 3011 351 3082 ἡδονῶν
385 3050 400 3074 ,
433 3013 528 3063 καλ⁵
565 3011 759 3080 τιμῆς,
820 3016 914 3065 καὶ
950 3013 1174 3082 ἀγαθῶν
1213 3015 1323 3069 τῶν
1368 3017 1544 3071 ἄλλων
1582 3019 1729 3070 ὑπο-ο

143 3105 364 3172 σχέσεσι
392 3103 668 3159 δελεάσαι.
709 3106 868 3159 Ἀλλά
906 3106 1112 3176 μεταξύ
1141 3125 1226 3171 τις
1253 3112 1366 3162 τῶν
1392 3109 1689 3178 σατραπῶν
1708 3125 1725 3142 ·

1837 643 1995 682 meus
2045 631 2319 695 defensor,
2355 643 2408 688 et
2461 637 2728 708 refugium
2779 656 2959 696 meum
3007 657 3106 700 :et
3149 649 3199 702 in
3250 651 3428 720 ipsum

1838 720 2072 787 speravi.
2132 721 2264 788 Qua:
2319 737 2504 781 autem
2545 731 2679 783 mibi
2716 747 2744 786 a
2795 744 2846 788 te
2889 735 3168 794 laniautur
3213 757 3430 812 carnes,

1837 825 2026 879 parum
2080 824 2208 866 sunt
2265 817 2395 870 mihi
2439 836 2608 874 curm.
2647 821 2923 888 Quantum
2966 832 3109 886 enim
3169 844 3433 891 externus

1837 913 2026 956 noster
2065 909 2438 977 corrumpitur
2483 913 2668 981 homo,
2699 925 2908 972 tantum
2953 921 3230 978 internum
3270 943 3433 982 reno-

1837 991 1954 1042 vari
1990 1001 2043 1044 et
2074 997 2374 1049 docemur’
2396 1009 2450 1052 et
2490 1005 2792 1059 credimus.

1910 1169 2024 1227 XV.
2065 1175 2137 1228 Ex
2173 1176 2257 1230 his
2311 1179 2386 1233 ira
2425 1181 2648 1237 incessit
2707 1203 2915 1256 regem,
2951 1201 3005 1246 et
3036 1196 3234 1250 acerbe
3282 1215 3430 1254 mar-

1838 1272 2006 1332 tyrem
2036 1265 2257 1323 intuens
2279 1288 2292 1323 :
2314 1270 2607 1336 Quoniam.
2632 1276 2825 1346 inquit,
2848 1289 2902 1333 tu
2928 1285 3148 1350 quidem
3169 1289 3349 1344 dixisti
3378 1301 3430 1345 te

1836 1358 2111 1420 renovari,
2147 1375 2246 1414 nos
2269 1366 2450 1416 autem
2477 1367 2715 1422 minatus
2748 1386 2806 1424 es
2840 1387 2962 1426 esse
2983 1376 3278 1432 tradendos
3318 1381 3425 1450 igni

1835 1450 1926 1520 qui
1968 1466 2078 1505 non
2113 1464 2293 1522 potest
2339 1459 2634 1529 exstingui,
2667 1477 2768 1530 ego
2799 1465 3020 1520 interim
3066 1470 3192 1535 hoc,
3219 1473 3308 1541 qui
3339 1489 3429 1527 ex-

1838 1543 2158 1614 atinguitur,
2197 1559 2248 1603 te
2297 1549 2526 1617 docebo,
2559 1569 2627 1607 ne
2672 1558 2746 1609 sis
2786 1568 2891 1611 tam
2943 1573 3131 1630 aperte
3186 1565 3430 1624 insolens

1838 1634 1893 1689 in
1925 1648 2168 1692 nostram
2201 1642 2522 1710 potentiam.
2562 1645 2624 1699 Et
2659 1650 2908 1716 protinus
2937 1652 3095 1720 jubet
3141 1656 3426 1725 plumbum

1838 1727 1892 1781 in
1921 1729 2152 1786 lebetem
2201 1734 2487 1805 injectum,
2523 1739 2680 1794 valde
2714 1741 2929 1797 incendi
2961 1761 3023 1799 ac
3056 1746 3344 1816 liquefieri,
3372 1761 3428 1808 et

1839 1828 2012 1875 totum
2058 1823 2112 1877 in
2147 1837 2440 1897 martyrem
2489 1831 2658 1898 injici.
2714 1835 2892 1903 Atque
2942 1836 3044 1891 hoc
3091 1840 3310 1907 quidem
3348 1849 3427 1899 sic

1837 1910 2040 1968 factum
2085 1926 2189 1983 est,
2243 1928 2302 1973 ut
2336 1920 2518 1990 jussit.
2566 1923 2658 1978 Ille
2705 1935 2888 1982 autem
2935 1944 3044 1982 non
3097 1934 3280 1987 minus
3322 1934 3428 1991 fuit

1836 2003 1961 2059 forti
2004 2017 2060 2060 et
2107 2025 2376 2078 generoso
2424 2016 2631 2079 animo,
2679 2036 2842 2088 quam
2898 2023 2942 2076 si
2989 2039 3128 2094 aqua
3196 2028 3248 2082 in
3298 2045 3423 2084 eum

1835 2097 2235 2154 effunderetur.
2268 2102 2381 2158 lloc
2430 2116 2613 2161 autem
2668 2111 2770 2165 fuit
2799 2128 2860 2167 ex
2891 2130 2956 2168 eo
2987 2119 3231 2183 evidens,
3276 2123 3421 2192 quod

1836 2186 1953 2257 ipse
1983 2191 2329 2259 apertissime
2357 2197 2575 2265 quidem
2609 2199 2755 2256 illius
2791 2207 3048 2276 arguebat
3089 2227 3333 2266 errorem
3366 2214 3422 2270 in

1836 2279 1955 2350 ipso
1990 2293 2235 2354 tempore
2259 2293 2514 2345 tormenti
2550 2313 2561 2346 :
2589 2293 2757 2350 libere
2789 2309 2972 2354 autem
3001 2312 3056 2356 et
3081 2305 3424 2361 confidenter

1841 2372 1907 2427 iis
1935 2375 2029 2442 qui
2073 2378 2302 2434 aderant
2345 2386 2666 2452 suggerebat
2694 2392 2916 2445 verbum
2951 2395 3190 2462 pietatis.
3213 2398 3423 2464 Quibus

1834 2467 2053 2533 quidem
2089 2471 2397 2528 mirandum
2433 2478 2484 2529 in
2520 2479 2736 2534 modum
2786 2484 3202 2554 obstupefactus
3230 2495 3420 2547 Arme-

1835 2559 1978 2620 nius,
2017 2564 2268 2618 studebat
2293 2583 2416 2621 eum
2439 2575 2663 2627 omnino
2691 2576 3046 2646 lucrifacere;
3086 2597 3209 2635 nam
3240 2584 3284 2638 si
3315 2585 3418 2639 hoc

1833 2666 1941 2703 non
2003 2665 2189 2719 posset
2238 2663 2480 2728 assequi,
2517 2667 2742 2731 putabat
2804 2673 3046 2736 gentium
3101 2675 3416 2745 religionem

1833 2759 2089 2810 magnum
2143 2763 2264 2804 esse
2309 2751 2569 2807 damnum
2620 2769 2990 2829 accepturam.
3030 2765 3230 2820 Volens
3287 2785 3419 2839 ergo

1833 2852 1956 2891 eum
1993 2842 2365 2910 supplantare,
2395 2856 2450 2900 et
2480 2847 2752 2904 abducere
2797 2853 2865 2906 ab
2899 2854 2985 2908 illa
3015 2856 3330 2914 infirmitate
3361 2871 3419 2917 et

1832 2935 2162 2999 constantia,
2193 2949 2554 3010 promptoque
2597 2952 2649 2995 et
2689 2946 2852 2999 alacri
2891 2950 3056 3004 animi
3087 2953 3288 3014 studio,
3319 2969 3416 3008 co-

1833 3019 2024 3090 gitavit
2055 3035 2178 3075 eum
2214 3027 2470 3092 pellicere
2516 3031 2796 3087 blanditiis
2833 3046 2887 3088 et
2925 3042 3412 3107 assentationibus.

1835 3113 2280 3188 divitiarumque,
2309 3122 2672 3192 voluptatum,
2711 3127 2934 3184 honoris
2965 3140 3019 3185 et
3057 3133 3286 3188 aliorum
3321 3139 3416 3189 bo-

138 3196 240 3248 οὺκ
287 3194 468 3258 ἔξεστι
502 3195 600 3267 ζῇν
628 3199 792 3250 αὐτὸν
822 3198 944 3250 οὐδὲ
969 3201 1181 3250 τουτονὶ
1202 3200 1294 3252 τὸν
1318 3200 1472 3268 ἦλιον
1500 3200 1654 3269 ὁρᾷν,
1683 3198 1722 3254 dt

1834 3221 2029 3260 norum
2064 3211 2352 3276 promissis
2388 3214 2656 3271 inescare.
2707 3217 2812 3273 Sed
2855 3223 3069 3278 interim
3099 3229 3316 3293 quidam
3349 3247 3414 3286 ex

141 3283 399 3355 βασιλεῦ,
454 3286 688 3357 λαμπρᾷ
730 3289 826 3340 καὶ
880 3289 1226 3358 γεγωνοτέρᾳ
1271 3291 1337 3358 τῇ
1389 3291 1541 3359 φωνῇ
1589 3293 1722 3343 ἀνα-

140 3379 469 3449 φθέγγεται,
506 3381 671 3432 παῖδα
715 3379 844 3431 ὄντα
873 3380 966 3432 τοῦ
1002 3380 1219 3451 Πάρθου
1260 3382 1446 3445 Ἄνακ,
1479 3383 1537 3445 δς
1585 3383 1722 3455 δόλῳ

137 3486 195 3522 τε
227 3471 323 3521 τὸν
384 3473 475 3522 σὸν
509 3472 735 3541 πατέρα
771 3470 1042 3544 Κουσαρὼ
1083 3474 1282 3536 ἀνεῖλε,
1328 3475 1425 3528 καὶ
1457 3473 1536 3544 τῷ
1582 3475 1725 3545 Περ-

139 3564 250 3616 σῶν
299 3565 548 3635 τυράννῳ
594 3567 948 3636 αίχμάλωτον
975 3568 1153 3621 πᾶσαν
1197 3570 1573 3640 κατεστήσατο
1625 3570 1723 3640 την

150 3657 470 3725 Ἀρμενίαν.

208 3751 330 3818 Ι<ἷ’.
379 3750 600 3804 Τούτων
638 3749 956 3804 ἀκούσαντα
1027 3750 1341 3821 Τηριδάτην
1388 3752 1619 3820 σφοδρός
1658 3769 1720 3805 τε

137 3845 283 3913 ὑπὲρ
329 3843 426 3895 τοῦ
457 3843 668 3910 πατρὸς
699 3841 877 3894 εἰσεδυ
926 3841 1086 3910 ζῆλος
1116 3860 1130 3873 ·
1167 3847 1259 3896 καὶ
1287 3844 1452 3908 εὐθὺς
1497 3846 1721 3900 πάντων

134 3935 209 3989 ῶν
247 3935 335 4003 ἐφ’
361 3934 556 3987 ἑαυτοῦ
600 3937 890 3987 ισκοπεῖτο
925 3935 1099 4007 λήθην
1140 3936 1228 3990 διὰ
1253 3937 1315 3990 τὸ
1347 3939 1602 4010 πατρῷον
1633 3935 1718 3994 αἶ·

135 4047 212 4098 μα
258 4025 462 4091 λαϐὼν,
526 4027 741 4079 κελεύει
793 4027 1015 4081 δεθέντα
1068 4029 1158 4082 τὸν
1205 4029 1383 4095 ἆγιον,
1446 4031 1720 4101 τράχηλον

133 4122 229 4174 καὶ
263 4120 450 4189 χεῖρας
480 4119 597 4189 ἅμα
626 4119 723 4172 καὶ
768 4120 933 4182 πόδας
962 4119 1040 4187 τῷ
1089 4120 1240 4188 παρὰ
1286 4123 1354 4189 τῇ
1394 4122 1548 4172 πόλει
1595 4121 1722 4191 Ἀρ-

131 4213 275 4283 ταξᾷ
333 4213 524 4284 λάκκῳ
575 4213 821 4284 δοθῆναι.
874 4212 934 4265 Ὀ
980 4211 1037 4264 δὲ
1081 4207 1150 4282 ἦν
1201 4214 1228 4263 ὁ
1281 4210 1486 4276 λάκκος
1541 4208 1718 4280 οὗτος,

133 4307 378 4374 πρᾶγμα
419 4308 515 4359 καὶ
548 4305 786 4359 ἀκοῦσαι
833 4303 1002 4372 φόϐου
1045 4302 1264 4373 μεστδν,
1309 4304 1550 4374 σεσηπδς
1592 4305 1720 4376 βόρ-

131 4396 294 4467 ϐορος
347 4395 420 4449 τὰ
465 4397 634 4462 ἔνδον,
679 4395 773 4449 καὶ
827 4394 1024 4448 ίοϐόλοι
1073 4394 1225 4462 δφεις
1274 4397 1368 4449 καὶ
1416 4395 1717 4465 σκώληκες,

133 4491 245 4542 καὶ.
265 4489 489 4544 πάντων
543 4490 645 4542 ὅσα
704 4491 847 4542 κατὰ
914 4490 1015 4558 γῆς
1071 4489 1254 4557 ῑρπει,
1318 4488 1596 4556 διατριϐὴ,
1653 4491 1716 4542 εκ

133 4581 339 4635 πολλοῦ
373 4586 486 4644 τοῖς
520 4583 833 4650 Ἀρμενίοις
867 4583 944 4643 εἰς
997 4582 1245 4633 ἐπίνοιαν
1280 4578 1521 4648 φοϐερᾶς
1552 4581 1710 4634 κολά-
1749 4558 1792 4613 D

135 4691 277 4738 σεως
301 4671 769 4743 διορωρυγμένος,
822 4669 912 4723 καὶ
947 4669 1165 4733 οὐδενὸς
1208 4669 1317 4738 πρὸ
1354 4668 1452 4721 τοῦ
1494 4670 1715 4720 πώποτε

129 4773 242 4823 τῶν
269 4771 329 4822 ιν
370 4766 520 4837 αὑτῷ
563 4765 896 4836 βληθέντων,
938 4764 1036 4834 οὐχ
1084 4763 1235 4826 ὅπως
1280 4762 1379 4814 οὑκ
1423 4761 1715 4822 ἀναδύντος

130 4859 370 4924 ἐκεῖθεν,
402 4859 519 4913 ἀλλ’
567 4859 692 4912 οὐδὲ
744 4861 824 4921 είς
881 4858 1098 4927 ἡμέραν
1159 4857 1290 4925 ὃλην
1353 4857 1710 4925 ἀρκέσαντος.

251 4954 483 5022 τοιούτῳ
510 4952 692 5005 τοίνυν
718 4951 909 5019 λάκκῳ
943 4949 1082 5019 μετὰ
1111 4950 1208 5011 τὰς
1240 4947 1448 5010 πολλὰς
1485 4947 1712 5010 ὲκείνας

128 5054 222 5102 καὶ
253 5044 708 5115 ἀνυπερϐλήτους
749 5043 958 5110 κατάγε
997 5041 1088 5093 τὸν
1139 5043 1238 5111 τῆς
1295 5040 1496 5101 κακίας
1549 5039 1707 5106 λόγον

127 5112 498 5200 επιϐουλὰςνὸ
558 5137 701 5208 ἱερὸς
759 5136 1152 5207 ἐναπορριφεὶς
1220 5133 1545 5202 Γρηγόριος,
1613 5133 1707 5184 ἐπὶ

124 5235 400 5304 τέσσαρας
432 5233 585 5296 ὅλους
618 5232 754 5304 πρὸς
784 5236 896 5294 τοῖς
931 5234 1061 5285 δέκα
1094 5233 1321 5303 χρόνους
1352 5233 1418 5301 τῇ
1450 5228 1706 5282 ἐντεῦθεν

126 5327 502 5397 ἐπολιορκεῖτο
541 5327 805 5384 κακώσει,
848 5325 987 5395 Γυνὴ
1022 5325 1077 5376 δέ
1118 5342 1198 5388 τις
1256 5326 1492 5391 συζύγου
1543 5339 1706 5391 κεχη-

128 5421 374 5491 ρωμένη,
405 5420 557 5491 παρὰ
594 5421 672 5490 τῷ
707 5418 942 5492 Ἀρταξᾷ
977 5420 1223 5490 φρουρίῳ
1251 5417 1497 5484 οἰκοῦσα,
1525 5417 1701 5485 ὅψεως

126 5517 257 5584 αὐτῇ
320 5515 476 5578 Θείας
520 5514 655 5584 δναρ

127 5612 358 5676 ἑκάστης
398 5609 617 5677 ἡμέρας
649 5607 730 5667 είς
763 5611 856 5658 τὸν
887 5608 1091 5660 λάκκον
1126 5606 1305 5674 ἠφίει·
1355 5606 1492 5672 ὅπερ
1522 5605 1698 5672 τροφὴ

126 5700 197 5768 τῷ
289 5699 559 5768 μακαρίῳ
640 5698 943 5765 γινόμενον,
1011 5697 1352 5766 ἀνελάμϐανε
1426 5713 1482 5748 τε
1553 5696 1700 5765 αὐτῷ

727 5516 1115 5584 ἐπιφανείσης,
1173 5515 1340 5583 ἄρτου
1401 5531 1452 5566 τι
1498 5513 1702 5583 τρύφος

186 5886 203 5916 ⁸
229 5886 266 5941 ll
301 5883 428 5939 Cor.
491 5883 730 5938 auxit).

1830 3307 2063 3365 satrapis
2096 3314 2113 3353 :
2145 3297 2263 3352 Non
2318 3303 2447 3356 licet
2493 3307 2541 3358 ei
2591 3310 2790 3371 vivere,
2841 3327 3016 3381 neque
3063 3317 3206 3368 hunc
3241 3319 3410 3375 solem

1825 3391 2096 3459 aspicere,
2131 3408 2164 3447 0
2223 3409 2337 3456 rex.
2376 3396 2520 3449 clara
2562 3408 2616 3450 et
2661 3399 2766 3452 alta
2813 3417 2940 3457 voce
2973 3404 3234 3474 loquitur,
3283 3427 3410 3467 cum

1828 3484 1896 3536 sit
1927 3483 2066 3537 filius
2121 3486 2302 3539 Parthi
2341 3488 2510 3547 Anac.
2542 3494 2638 3559 qui
2681 3492 2806 3545 dolo
2841 3509 3048 3563 patrem
3083 3509 3233 3552 tuum
3276 3501 3413 3558 Cur-

1825 3589 1946 3628 saro
1977 3577 2264 3638 interfecit,
2300 3590 2350 3630 et
2382 3580 2669 3636 Persarum
2698 3595 2926 3655 tyranno
2944 3597 3105 3642 totam
3141 3593 3408 3660 captivam

1827 3665 2059 3720 reddidit
2086 3668 2423 3723 Armeniam.

1897 3757 2038 3816 XVI.
2063 3761 2188 3820 Haec
2219 3780 2342 3818 cum
2377 3767 2636 3822 audiisset
2659 3767 2960 3837 Teridates,
2986 3789 3109 3827 eum
3141 3793 3238 3844 pro
3258 3790 3410 3846 patre

1826 3856 1993 3910 subiit
2049 3857 2344 3912 vehemens
2390 3861 2588 3914 zelus:
2626 3872 2678 3915 et
2743 3865 2921 3918 statim
2983 3869 3257 3928 omnium.
3288 3887 3409 3940 qua

1824 3946 1969 4015 apud
2008 3961 2066 3999 se
2099 3947 2389 4015 cogitabat,
2431 3966 2552 4002 eum
2600 3953 2767 4019 carpit
2810 3951 3010 4009 oblivio
3049 3969 3268 4028 propter
3316 3978 3410 4030 pa.

1825 4045 2040 4091 ternum
2070 4039 2418 4109 sanguinem.
2467 4037 2631 4096 Juhet
2660 4052 2841 4098 autem
2896 4059 3144 4101 sanctum
3179 4053 3402 4120 ligatum

1823 4129 1986 4193 collo,
2018 4130 2179 4184 simul
2213 4142 2269 4185 et
2299 4133 2552 4189 manibus
2575 4144 2630 4188 et
2664 4137 2918 4204 pedibus,
2940 4141 3099 4210 dejici
3124 4144 3174 4195 iu
3203 4143 3403 4209 lacum,

1823 4222 2026 4292 quiest
2064 4223 2115 4274 in
2165 4223 2382 4278 civitate
2435 4227 2681 4280 Artaxat.
2718 4227 2848 4283 Erat
2897 4244 3079 4286 autem
3121 4236 3207 4289 hic
3255 4237 3408 4293 lacus

1827 4329 1913 4368 res
1941 4313 2024 4367 vel
2056 4315 2172 4368 solo
2212 4316 2401 4370 auditu
2448 4320 2708 4376 terribilis
2740 4338 2754 4377 :
2790 4324 3154 4392 putrefactum
3184 4343 3403 4384 caenum

1825 4405 2064 4459 habebat
2092 4407 2450 4473 intrinsecus,
2475 4421 2530 4463 et
2563 4424 2862 4468 venenatos
2892 4427 3174 4484 serpentes
3203 4429 3258 4473 et
3287 4436 3406 4472 ver-

1825 4513 1958 4562 mes,
1987 4507 2040 4553 et
2076 4509 2193 4554 erat
2220 4500 2591 4558 habitaculum
2638 4505 2882 4560 omnium
2935 4522 3054 4577 quae
3081 4523 3311 4579 serpunt
3344 4511 3399 4567 in

1824 4595 2002 4658 terris,
2036 4592 2144 4660 iam
2180 4594 2308 4650 olim
2346 4599 2412 4653 ab
2441 4598 2716 4652 Armeniis
2739 4599 2970 4656 effossus
2995 4601 3060 4655 ad
3091 4605 3403 4671 excogitan-

1820 4685 1948 4739 dum
2016 4685 2262 4740 terribile
2308 4688 2662 4756 supplicium.
2705 4688 3051 4759 Quapropter
3103 4705 3166 4744 ex
3211 4693 3277 4745 iis
3307 4693 3398 4760 qui

1818 4778 1869 4831 in
1903 4794 2028 4832 eum
2071 4789 2232 4833 antea
2275 4778 2460 4847 iujecti
2502 4778 2739 4845 fuerant,
2769 4797 2876 4834 non
2911 4782 3072 4837 modo
3111 4796 3218 4837 non
3252 4785 3400 4840 illinc

1817 4869 1958 4923 ullus
2012 4872 2256 4932 emersit,
2287 4870 2380 4923 sed
2413 4885 2516 4926 nec
2551 4881 2662 4925 tcto
2705 4873 2928 4942 quidem
2959 4873 3047 4928 die
3075 4874 3274 4930 durare
3306 4891 3400 4945 po-

1817 4961 1936 5014 tuit.
1968 4960 2022 5013 ln
2054 4960 2198 5014 hunc
2233 4975 2358 5031 ergo
2392 4961 2589 5027 lacum,
2620 4973 2746 5031 post
2781 4965 2981 5018 multos
3007 4965 3124 5019 illos
3157 4975 3212 5019 et
3246 4966 3398 5020 insu-

1819 5051 2110 5120 perabiles,
2130 5053 2274 5121 quod
2291 5053 2486 5106 attinet
2502 5053 2568 5104 ad
2587 5054 2702 5104 vitii
2724 5054 3010 5118 rationem,
3037 5054 3293 5120 insullus,
3314 5070 3398 5108 sa-

1813 5155 2130 5200 crosanctus
2147 5141 2582 5212 injectusGregOI
2598 5143 2702 5205 ius.
2719 5145 3128 5214 quatuurdecim
3147 5153 3285 5198 totos
3300 5160 3396 5197 an-

1813 5252 1914 5291 nos
1933 5239 2117 5298 nimia,
2135 5253 2253 5305 quae
2279 5236 2426 5291 illinc
2453 5237 2752 5296 oriebatur.
2787 5237 3137 5290 obsidebatur
3154 5235 3394 5290 afﬂictio-

1813 5331 2166 5396 ne.Qu:L-datn
2189 5340 2371 5385 autem
2388 5333 2580 5383 tnulier
2601 5332 2813 5384 viduata
2834 5336 3216 5400 conjuge.quae
3233 5333 3390 5386 habi-

1815 5424 1961 5476 tabat
1997 5423 2048 5474 in
2092 5426 2345 5490 prtesidio
2373 5424 2616 5481 Artaxat.
2638 5436 2760 5477 eum
2793 5425 2840 5477 ei
2865 5423 3207 5492 apparuisset
3230 5427 3386 5490 visio,

1811 5515 2024 5582 aliquod
2065 5514 2294 5568 frustum
2326 5514 2481 5582 panis
2509 5515 2749 5583 quotidie
2773 5515 2824 5566 in
2855 5530 2978 5567 eum
3035 5514 3384 5571 immittebat.
3414 5503 3416 5506 l

1810 5607 1961 5672 Quod
2002 5608 2218 5676 quidem
2253 5623 2374 5660 cum
2403 5617 2547 5660 esset
2573 5608 2728 5660 beato
2746 5607 3088 5671 alimentum,
3111 5609 3390 5662 recreabat

1809 5700 1856 5752 ei
1892 5712 2111 5765 c0rpus,
2154 5699 2295 5768 quod
2347 5697 2706 5765 laboraverat,
2741 5709 2792 5751 et
2848 5714 2953 5753 non
2996 5699 3211 5751 sinebat
3259 5713 3384 5753 eum
