3956 6474
151 423 256 487 965

1101 413 1276 475 ῊΤΑ
1317 412 1376 471 S.
1421 406 1804 469 GREGORII
1853 405 2485 467 ILLUMINATURIS.

3309 407 3415 470 966

149 537 246 606 τὴν
296 535 480 604 ἄλλην.
530 523 804 586 Ἐνθεντοι
863 532 956 584 καὶ
1020 529 1347 599 ἀπαίρουσιν
1386 524 1596 578 ἐκεῖθεν
1627 523 1725 575 σὺν

1843 521 2038 578 fuerint
2069 522 2122 576 in
2157 524 2256 577 hac
2287 525 2526 584 civitate,
2573 522 2738 592 fugite
2776 523 2827 575 in
2855 522 3108 576 aliam‘.»
3158 521 3415 592 Prompto

151 628 458 701 προθυμίᾳ,
520 628 612 680 καὶ
644 627 702 678 ἐν
748 625 990 696 Ἀραρὰτ
1027 621 1354 688 κατάγονται
1407 619 1583 670 πόλει.
1621 616 1731 683 Λη-

150 717 228 764 νοὶ
262 710 488 783 δεῆσαν
538 713 734 776 αὑταῖς
788 714 820 781 ἡ
860 710 1176 778 καταγωγή.
1238 707 1461 775 Ἐπειδὴ
1496 705 1551 757 δὲ
1595 721 1731 755 παν-

153 803 397 856 τάπασιν
436 803 679 872 ἠπόρουν
723 802 832 854 τῶν
869 800 1207 868 ἀναγκαίων,
1257 799 1356 868 μία
1404 814 1490 859 τις
1546 794 1732 848 αὐτῶν

151 898 212 947 ἐν
245 897 365 956 ταῖς
395 896 553 963 χερσὶ
589 895 685 962 τὴν
721 893 912 948 ἐλπίδα
942 891 1036 944 τοῦ
1068 890 1183 960 βίου
1212 889 1437 958 θεμένη,
1467 888 1595 956 περὶ
1628 885 1726 956 τὴν

150 985 550 1053 ταλασιουργόν
578 1002 637 1036 τε
663 983 990 1054 εἷχε-τέχνην
1021 983 1112 1037 καὶ
1138 980 1231 1034 ὑπ’
1252 981 1422 1048 αὐτὴν
1458 979 1725 1037 ἐπονεῖτο,

159 1082 258 1131 καὶ
316 1078 376 1130 τὸ
412 1076 666 1129 ἐντεῦθεν
699 1078 832 1143 αὐτῇ
882 1073 1260 1141 ποριζόμενον,
1314 1074 1392 1132 είς
1435 1070 1731 1138 διατροφην

153 1169 422 1238 ἀνήλισκε
457 1169 566 1220 τῶν
606 1168 913 1237 παρθένων.
946 1162 1330 1233 Διοκλητιανδς
1368 1162 1424 1213 δὲ
1475 1162 1730 1227 πονήρως

151 1279 208 1314 τε
237 1263 342 1328 ἤδη
365 1262 441 1330 τῷ
465 1260 626 1331 ἔρωτι
655 1261 814 1328 ἔχων,
839 1261 931 1311 καὶ
954 1258 1138 1310 οὐκέτι
1162 1252 1274 1318 οἷός
1296 1271 1353 1307 τε
1375 1252 1450 1306 ὢν
1474 1256 1726 1322 ἠρεμεῖν,

153 1353 350 1422 ἐπειδὴ
382 1354 554 1404 πάντα
588 1351 733 1404 λίθον
779 1351 1010 1419 κινήσας
1058 1347 1264 1418 ἔμαθεν
1302 1346 1454 1411 παρὰ
1494 1348 1560 1414 τῇ
1585 1346 1732 1428 LAP-

155 1442 361 1511 μενίων
393 1441 546 1509 χώρα
574 1438 944 1508 τὴνῬιψίμην
971 1433 1426 1506 μεταναστεῦσαι,
1455 1430 1528 1492 ὡς
1555 1425 1726 1496 εἶχεν,

160 1531 327 1592 εὐθὺς
372 1530 570 1598 γράφει
622 1528 700 1598 τῷ
734 1528 829 1596 τῆς
871 1526 1157 1598 Ἀρμενίας
1193 1523 1402 1593 βασιλεῖ
1431 1521 1727 1589 Τηριδὰτῃ,

158 1622 298 1674 ἄλλα
334 1638 392 1674 τε
429 1621 568 1674 ιιαττ)⁴
617 1620 962 1691 Χριστιανῶν
988 1620 1087 1671 οὐκ
1134 1617 1310 1680 ὀλίγα,
1361 1615 1453 1666 καὶ
1508 1612 1583 1672 ὡς
1625 1617 1724 1679 τὴν

156 1712 452 1781 ἐρωμένην
514 1712 662 1780 αὐτῷ
727 1711 988 1780 Ῥιψίμην
1037 1706 1334 1775 πανούργῳ
1405 1705 1500 1754 καὶ
1570 1701 1727 1770 γόητι

147 1806 372 1881 ὁμιλίᾳ.
411 1804 841 1873 ὑποδραμόντες,
888 1803 1183 1856 ἀνέπεισαν
1213 1799 1312 1867 τῆς
1358 1797 1474 1866 μετ’
1519 1796 1729 1848 ἐκείνου

1840 615 2019 683 itaque
2054 623 2108 667 et
2141 616 2302 667 alacri
2353 616 2536 668 animo
2583 615 2730 668 illinc
2765 614 3208 684 proﬁciscuntur,
3241 624 3295 669 et
3325 633 3414 669 ve-

1837 702 1995 755 niunt
2026 701 2078 754 in
2113 702 2390 754 civitatem
2428 701 2641 754 Ararat.
2675 701 2988 756 Torcularia
3024 713 3208 756 autem
3261 713 3419 758 crant

1836 794 1916 846 eis
1951 793 2344 846 habitaculum.
2381 793 2518 846 Cum
2552 803 2732 846 autem
2775 793 2854 846 eis
2901 795 3080 847 omnia
3114 794 3422 847 deﬁcerent

1837 886 2177 950 necessaria,
2203 885 2445 952 quaedam
2475 900 2537 937 ex
2571 888 2671 947 eis,
2713 901 2808 953 spe
2839 887 3062 953 parandi
3107 886 3208 940 sibi
3249 887 3422 939 victus

1839 979 2012 1046 posita
2067 979 2120 1030 in
2179 977 2452 1037 manibus.
2500 977 2862 1029 versabantur
2919 987 2973 1030 et
3017 978 3338 1030 laborabant
3366 978 3419 1027 in

1837 1075 1954 1120 arte
1990 1067 2232 1130 laniﬁcii,
2282 1075 2337 1120 et
2386 1065 2530 1133 quod
2575 1065 2701 1117 hinc
2751 1066 2854 1116 sibi
2909 1066 3190 1132 parabant,
3223 1080 3422 1117 consu-

1840 1158 2063 1211 mebant
2098 1159 2160 1210 ad
2201 1169 2425 1211 caeteras
2470 1156 2693 1207 alendas
2743 1156 3001 1219 virgines.
3055 1155 3422 1207 Diocletianus

1837 1256 2020 1300 autem
2060 1264 2180 1302 cum
2216 1259 2271 1301 et
2311 1264 2496 1301 amore
2522 1250 2631 1316 jam
2669 1248 2912 1317 improbe
2947 1255 3136 1312 captus
3167 1255 3331 1305 esset,
3369 1256 3423 1298 ct

1838 1357 1948 1395 non
2000 1349 2187 1409 posset
2239 1340 2476 1406 amplius
2538 1340 2843 1408 quiescere.
2909 1346 3218 1406 postquam,
3268 1337 3416 1387 omni

1839 1439 1987 1483 moto
2041 1425 2238 1495 lapide,
2274 1428 2485 1495 acer-pit
2524 1428 2783 1496 migrasse
2815 1423 3112 1492 Ripsimem
3147 1424 3199 1476 in
3238 1424 3418 1492 regio-

1839 1535 1964 1572 nem
2011 1517 2418 1578 Armeniorum,
2455 1517 2648 1571 scribit
2688 1515 2871 1570 statim
2918 1516 2983 1567 ad
3020 1527 3198 1582 regem
3236 1515 3422 1566 Alme-

1837 1610 1940 1661 nite
1983 1607 2314 1666 Teridatetn,
2343 1616 2398 1658 et
2442 1607 2546 1659 alia
2595 1623 2704 1662 non
2753 1622 2925 1676 pauca
2979 1607 3237 1659 adversus
3263 1602 3423 1656 Chri-

1839 1698 2065 1762 stianos,
2098 1706 2151 1750 et
2183 1696 2327 1766 quod
2371 1712 2398 1750 a
2441 1712 2499 1750 se
2531 1697 2780 1750 dilectam
2829 1697 3125 1764 Ripsimcm
3177 1694 3331 1748 vafro
3367 1703 3423 1747 et

1839 1790 2084 1843 veneﬁco
2114 1803 2364 1843 sermone
2409 1788 2768 1857 pellicientes,
2804 1788 2854 1842 ei
2908 1795 3320 1856 persuaserunt,
3363 1795 3422 1839 ut

161 1877 481 1956 συνουσίας,
530 1896 628 1962 τὴν
675 1894 768 1944 ἐπὶ
813 1892 968 1962 ξένης
1017 1890 1236 1944 ἑλέσθαι
1285 1885 1591 1956 διατριϐὴν,
1641 1884 1736 1936 καὶ

1843 1884 2025 1936 mallet
2080 1883 2135 1935 in
2200 1891 2419 1935 externa
2470 1883 2656 1934 vivere
2703 1882 2965 1949 regione,
3017 1890 3070 1932 et
3123 1895 3241 1932 eam
3298 1895 3420 1933 cum

156 1987 363 2052 ἄτιμον
417 1986 474 2036 ἐν
520 1984 659 2052 αὐτῇ
705 1979 973 2051 πλανῆτὼ
1012 1981 1306 2048 περιιέναι.
1349 1978 1581 2032 Εῠκολον
1629 1977 1737 2043 γὰρ

150 2074 302 2143 γυνὴ
360 2073 496 2144 πρὸς
548 2075 764 2143 ἀπάτην
797 2074 889 2126 καὶ
924 2072 1149 2143 κοῦφον.
1187 2074 1307 2124 Δεῖν
1348 2071 1403 2122 δέ
1453 2070 1624 2137 αὐτὴν
1667 2071 1730 2118 ἐκ

156 2168 366 2228 παντὸς
407 2167 609 2236 τρόπου
663 2168 720 2217 ἐν
763 2169 830 2236 τῇ
892 2164 1194 2232 Ἀρμενίων
1223 2162 1546 2230 ἀνευρόντα,
1603 2157 1733 2226 παρ’

161 2259 330 2312 αὑτὸν
379 2259 748 2326 ἀναπέμπειν.
779 2257 840 2308 Ei
867 2256 922 2308 δὲ
954 2257 1047 2308 καὶ
1079 2255 1274 2322 ἐαυτῷ,
1306 2254 1464 2323 φησι,
1496 2250 1733 2304 συνοικί-

160 2367 342 2414 εαιτο,
373 2355 466 2402 καὶ
496 2348 652 2401 τοῦτο
680 2347 844 2400 αὑτὸν
872 2345 1164 2415 εὐφρανεῖν
1185 2344 1336 2398 οὐδὲν
1366 2338 1551 2415 ἦττον.

227 2524 327 2579 ΙΘ’.
357 2523 544 2578 Ταῦτα
598 2523 788 2594 ἐπειδὴ
842 2521 916 2584 ὡς
955 2521 1046 2574 τὸν
1096 2519 1408 2592 Τηριδάτην
1456 2518 1523 2571 τὰ
1551 2518 1732 2586 γράμη

156 2634 302 2688 ματα
331 2610 487 2689 ἧκεν,
534 2615 786 2685 ἀνίχνευε
836 2615 936 2676 τὰς
965 2613 1267 2682 παρθένους
1308 2613 1511 2672 ἐκεῖνος
1553 2626 1733 2679 παραυ

156 2711 349 2780 χρῆμα
366 2710 460 2761 καὶ
482 2708 780 2778 ἀνηρεύνα.
812 2707 899 2768 Ὠς
923 2706 978 2758 δὲ
1004 2706 1100 2758 καὶ
1121 2707 1177 2756 ἐν
1201 2706 1316 2766 τοῖς
1356 2705 1534 2773 ληνοῖς
1563 2702 1732 2767 αὑτὰς

150 2787 491 2866 ipsumam
518 2796 850 2864 μεμαθήκοι,
870 2794 1049 2855 δείσας
1071 2793 1168 2862 μὴ,
1192 2793 1619 2863 προαισθόμεναι
1639 2790 1737 2861 τὴν

157 2888 409 2956 ἔρευναν,
440 2885 652 2936 ἐκεῖθέν
677 2901 736 2935 τε
760 2882 1072 2950 διαφύγοιεν
1097 2887 1191 2934 καὶ
1224 2886 1280 2933 ἐν
1315 2882 1495 2951 ἀδήλῳ
1522 2885 1739 2950 ἀποχωο

157 2978 386 3045 ρήσωσι,
416 2976 634 3044 φρουρᾷ
663 2973 722 3024 τὸ
752 2975 952 3042 χωρίον
1001 2971 1374 3039 διαλαμὸανει.
1399 2973 1505 3024 Καὶ
1551 2971 1739 3040 μαθὼν

157 3069 263 3121 ὑπὸ
291 3068 398 3120 τῶν
433 3068 647 3119 ἰδόντων
687 3064 971 3135 Ῥιψίμην,
993 3063 1066 3126 ὡς
1091 3064 1176 3132 εἴη
1201 3064 1428 3132 περιττὴ
1447 3063 1504 3115 τὸ
1524 3062 1736 3127 κάλλος,

157 3161 254 3214 καὶ
303 3161 543 3228 χαρίτων
590 3160 826 3228 ἀφθονία
887 3159 1021 3210 πολὺ
1074 3157 1134 3208 τὸ
1171 3154 1463 3228 ἐπαγωγὸν
1520 3157 1738 3222 ἔχουσα,

158 3253 464 3316 ὑπετύφετο
495 3252 594 3319 ήδη
630 3252 706 3318 τῷ
744 3251 877 3319 πρὸς
911 3250 1084 3319 αὐτὴν
1117 3250 1302 3314 ἔρωτι,
1327 3251 1416 3299 καὶ
1453 3246 1734 3314 βασιλικὰς

158 3343 298 3409 αὐτῇ
346 3341 538 3401 στολὰς
570 3341 729 3400 εὐθὺς
770 3340 860 3390 καὶ
898 3340 1101 3407 κόσμον
1130 3338 1289 3394 ἄλλον
1322 3339 1620 3405 ἐκπέμπει,
1644 3336 1738 3388 καὶ

157 3431 375 3482 κελεύει
410 3430 507 3498 τὴν
549 3428 829 3498 Ῥιψίμην,
863 3427 1038 3482 ταῦτα
1075 3430 1325 3492 ἐνδῦσαν,
1372 3429 1448 3490 εἰς
1475 3433 1543 3481 τὶ
1586 3427 1740 3496 βατίς

155 3521 275 3573 λεια
300 3517 438 3592 ’παρ’
477 3521 641 3573 αὑτὸν
671 3521 870 3583 ἐλθεῖν,
897 3524 990 3582 τὰς
1016 3521 1071 3572 δὲ
1099 3521 1293 3580 λοιπὰς
1314 3521 1419 3571 ὑπὸ
1439 3524 1506 3588 τῇ
1529 3519 1740 3587 φρουρᾷ

158 3611 473 3678 τηρεῖσθαι.
520 3608 741 3676 Ἐκείνη
774 3611 955 3678 μέντοι
990 3609 1067 3678 τῷ
1100 3611 1176 3670 εις
1207 3609 1441 3678 Χριστὸν
1461 3608 1609 3677 πόθῳ
1631 3607 1740 3658 δια-

158 3701 471 3767 ιρλεγομένη
515 3700 608 3748 καὶ
657 3697 865 3764 σφόδρα
926 3697 1206 3766 περικαῶς
1236 3695 1401 3749 αὑτοῦ
1437 3697 1660 3767 ἔχουσα,
1685 3698 1742 3750 ὃν

157 3791 220 3858 δὴ
255 3792 348 3841 καὶ
384 3790 544 3856 μόνον
570 3787 684 3855 ᾔδει
722 3788 975 3854 νυμφίον,
1003 3789 1122 3848 ταῖς
1160 3789 1514 3855 παραινέσεσι
1545 3806 1603 3840 τε
1649 3793 1742 3840 καὶ

157 3879 461 3946 ὑποθήκαις
497 3878 757 3946 Γαῖανῆς,
801 3879 924 3948 ἦτις
975 3879 1313 3949 ἁνεθρέψατό
1362 3896 1424 3947 γε
1464 3881 1633 3950 αὐτὴν
1678 3882 1741 3935 ἐκ

159 3969 414 4047 βρέφους,
439 3971 531 4022 καί
554 3973 633 4032 εἰς
660 3971 774 4021 τόδε
825 3972 1141 4040 προήγαγεν
1214 3971 1453 4042 ἡλικίας,
1479 3975 1570 4025 ἐπὶ
1611 3974 1745 4043 μᾶλ-

157 4064 250 4114 λον
309 4063 676 4130 ὑπερζέουσα,
703 4062 826 4123 τούς
873 4078 931 4112 τε
979 4063 1072 4114 τοῦ
1123 4065 1454 4132 μισουμένου
1513 4068 1742 4134 ἐραστοῦ

156 4152 350 4219 λόγους
383 4154 599 4222 ἐπίσης,
625 4153 720 4205 καὶ
745 4153 812 4204 τὰ
843 4151 1160 4220 πεμφθέντα
1191 4154 1433 4210 διέπτυε,
1455 4159 1548 4209 καὶ
1577 4175 1746 4228 προσ-

158 4248 296 4314 ευχῇ
344 4246 485 4314 μετὰ
529 4243 637 4296 τῶν
685 4245 781 4297 σὺν
831 4247 967 4314 αὑτῇ
1017 4247 1389 4314 προσανεῖχεν.
1417 4246 1508 4301 Ἐν
1536 4250 1640 4315 ὅσῳ
1689 4253 1744 4301 δὲ

155 4342 224 4389 τὰ
254 4338 351 4404 τῆς
382 4336 548 4405 εὐχῆς
577 4336 847 4403 διηνύετο,
869 4338 962 4388 καὶ
994 4337 1191 4406 βροντὴ
1217 4338 1410 4407 ἁθρόον
1454 4340 1743 4410 ὑπερράγη

157 4431 254 4481 καὶ
296 4428 446 4497 φωνὴ
499 4428 703 4482 ἄνωθεν
724 4430 789 4496 τῇ
817 4428 1013 4496 βροντῇ
1046 4431 1333 4497 ἁπηχεῖτο,
1377 4432 1742 4500 Ἀνδρίζεσθε,

156 4519 420 4586 λέγουσα,
443 4519 538 4570 καὶ
585 4517 863 4588 θαρσεῖτε,
893 4518 1011 4587 μεθ’
1035 4518 1186 4587 ὑμῶν
1215 4521 1322 4586 γάρ
1353 4520 1468 4586 ειμι
1489 4534 1501 4547 ·
1531 4521 1622 4570 καί
1649 4537 1748 4587 φυ·

156 4610 498 4683 λαχθήοεσθὲ
540 4627 630 4682 μοι
665 4609 932 4678 ἁνέπαφοι
967 4612 1086 4672 ταῖς
1106 4608 1200 4661 τοῦ
1225 4607 1420 4678 ὲ.χοροῦ
1445 4608 1747 4678 ἐπηρείαις,

156 4705 258 4758 καὶ
282 4702 658 4756 είσελεύσεσθε
695 4701 813 4772 μετ’
835 4700 968 4771 ἐμοῦ
991 4704 1070 4762 είς
1096 4702 1185 4753 τὸν
1204 4699 1471 4770 νυμφῶνα
1488 4702 1578 4752 τὸν
1598 4702 1746 4770 ἐμὸν,

163 4798 262 4852 καὶ
299 4797 397 4863 τὴν
442 4795 860 4863 ἡτοιμασμένην
913 4794 1042 4861 ὑμῖν
1072 4792 1422 4860 ἀπολήψεσθε
1443 4791 1747 4859 βασιλείαν.

156 4887 352 4942 Ταῦτα
399 4885 434 4953 ἦ
459 4899 517 4934 τε
557 4885 709 4952 φωνὴ
730 4883 904 4951 ἔλεγε,
925 4883 1018 4936 καὶ
1047 4885 1080 4952 ἡ
1113 4881 1311 4953 βροντὴ
1335 4884 1560 4950 φοὸερδν
1588 4885 1748 4936 ἐκτύ-

157 4997 275 5043 πει,
306 4979 402 5029 καὶ
420 4975 513 5028 ἐπὶ
541 4973 871 5044 nomadum
896 4975 1384 5044 συμπαρετείνετο,
1404 4975 1496 5027 καὶ
1522 4974 1747 5042 πολλοὺς

160 5072 262 5141 μὲν
279 5071 345 5121 ἐκ
359 5066 452 5120 τοῦ
470 5065 731 5135 αἰφνιδίου
749 5067 812 5133 τῇ
832 5065 968 5132 ἀκοῇ
991 5067 1382 5133 προπραγεῖσα,
1401 5067 1480 5128 είς
1500 5066 1604 5133 γῆν
1619 5083 1714 5117 κατ
1729 5096 1744 5107 ο

157 5161 346 5222 ἐλασε,
367 5160 461 5213 καὶ
503 5158 564 5209 τὸ
599 5154 934 5226 φθέγγεσθαι
954 5155 1132 5206 αὐτῶν
1154 5156 1425 5221 ἀφείλετο,
1452 5157 1674 5219 πολλοὺς
1695 5157 1750 5209 δέ

160 5255 356 5313 ἱππεῖς
377 5251 472 5303 καὶ
492 5248 672 5302 αὐτῶν
696 5247 936 5302 ἀπέϐαλε
960 5248 1068 5300 τῶν
1092 5247 1403 5314 ῐππων,χαὶ
1426 5249 1748 5319 περιϐάντες

157 5347 359 5406 αὐτοὺς
391 5341 486 5396 καὶ
517 5342 975 5412 συμπατήσαντες
1003 5344 1050 5394 oi
1079 5341 1255 5404 ἵπποι,
1281 5341 1614 5394 ἀπέκτειναν
1651 5342 1746 5394 καὶ

156 5437 294 5494 ὅλως
327 5433 628 5503 ὲθορύὸησε
663 5434 783 5491 τοὺς
835 5433 1111 5501 παρόντας
1151 5432 1244 5482 καὶ
1299 5432 1377 5490 εἰς
1427 5431 1739 5500 ἀμηχανίαν

159 5527 438 5581 ἐνὲὄαλεν.
466 5527 527 5578 Ui
565 5524 749 5595 μέντοι
793 5525 926 5593 πρὸς
962 5521 1056 5576 τοῦ
1112 5523 1375 5592 βασιλέως
1439 5521 1738 5592 Τηριδατου

161 5619 447 5680 σταλέντες
524 5618 609 5684 ἐφ’
660 5611 703 5685 ᾧ
752 5616 852 5683 τὴν
940 5616 1199 5685 Ῥιψίμην
1258 5615 1737 5684 μετακαλέσονται,

230 5824 250 5854 ⁸
284 5820 478 5874 Matth.
511 5837 557 5872 χ.
597 5822 680 5872 ‘23.

1841 1972 2043 2042 probro
2091 1981 2146 2024 et
2193 1972 2490 2039 ignominia
2542 1982 2816 2025 errantem
2867 1971 3038 2032 obire,
3095 1987 3253 2036 quam
3295 1987 3419 2024 cum

1838 2077 1904 2116 eo
1933 2061 2194 2115 habitare.
2232 2061 2325 2115 Est
2376 2064 2521 2115 enim
2557 2062 2782 2124 femina,
2817 2064 3020 2122 aiebat,
3059 2077 3143 2115 res
3189 2063 3419 2129 deceptu

1839 2153 2036 2207 facilis.
2068 2154 2313 2223 Rogabat
2348 2160 2553 2215 autem,
2588 2161 2648 2205 ut
2673 2167 2796 2205 cum
2829 2151 3090 2205 omnibus
3128 2154 3305 2205 modis
3337 2152 3420 2218 ip-

1840 2260 1953 2299 sam
2007 2246 2304 2299 invenisset
2352 2246 2406 2298 in
2461 2244 2762 2308 Armenia,
2812 2243 2876 2298 ad
2925 2259 3049 2296 eum
3094 2242 3417 2298 remitteret.

1838 2339 1992 2406 Quod
2021 2339 2064 2392 si
2094 2354 2212 2392 eam
2245 2352 2460 2407 quoque
2491 2336 2592 2392 sibi
2621 2339 2952 2407 conjungere
2987 2333 3193 2400 mallet,
3215 2337 3268 2392 id
3294 2351 3419 2391 eum

1839 2445 1946 2482 non
1983 2430 2182 2484 minori
2215 2427 2416 2497 gaudio
2451 2427 2800 2481 aﬂ‘ecturnm.

1908 2519 2050 2574 XIX.
2085 2519 2376 2587 Postquam
2421 2518 2503 2572 ha:
2534 2518 2726 2573 litterae
2778 2527 3044 2571 venerunt
3089 2517 3154 2571 ad
3189 2515 3420 2571 Terida-

1840 2619 1971 2675 tem,
2008 2611 2096 2663 ille
2139 2612 2325 2663 statim
2361 2609 2600 2680 virgines
2649 2609 3005 2680 investigabat
3038 2621 3092 2664 et
3140 2612 3421 2663 scrutaba-

1838 2708 1947 2754 tur.
1984 2697 2120 2752 Cum
2152 2713 2333 2751 autem
2359 2699 2663 2765 accepisset
2707 2713 2800 2752 eas
2832 2700 3003 2752 latere
3043 2699 3096 2750 in
3135 2703 3422 2753 torculari-

1837 2790 1959 2856 bus,
1990 2790 2188 2844 timens
2221 2804 2310 2853 ne,
2349 2790 2394 2842 si
2426 2792 2840 2858 prmsensissent
2863 2803 2922 2842 se
2951 2790 3142 2857 quaeri,
3163 2778 3310 2844 illinc
3327 2806 3423 2844 au-

1840 2882 2114 2950 fugerent,
2144 2890 2199 2934 et
2245 2882 2299 2934 iu
2345 2881 2526 2935 locum
2583 2882 2853 2934 incertum
2903 2882 3244 2944 recederent’;
3295 2897 3420 2936 eum

1841 2970 2018 3024 locum
2053 2979 2285 3038 occupat
2316 2970 2586 3038 praesidio.
2622 2969 2836 3022 Etcum
2884 2970 3186 3038 accepisset
3233 2985 3299 3024 ex
3333 2971 3420 3032 iis,

1842 3064 1933 3135 qui
1967 3063 2213 3116 viderant
2244 3061 2562 3130 Bipsimem,
2591 3075 2709 3114 eam
2737 3075 2858 3114 esse
2887 3061 3083 3130 insigni
3118 3063 3421 3132 pulchritu-

1843 3158 1990 3214 dine.
2020 3157 2328 3232 leporisque
2351 3164 2405 3207 et
2436 3157 2620 3224 gratia:
2636 3156 2790 3223 copia
2816 3171 3042 3224 magnas
3069 3157 3270 3209 habere
3301 3155 3420 3209 ille-

1842 3237 2058 3304 cebras,
2097 3246 2208 3311 jam
2241 3246 2295 3296 in
2348 3245 2467 3309 ejus
2516 3257 2755 3297 amorem
2795 3253 3072 3297 exarserat
3111 3257 3208 3298 :et
3247 3246 3423 3314 regias

1841 3333 2093 3404 protinus
2133 3335 2200 3387 ad
2234 3349 2352 3386 eam
2386 3344 2584 3393 vestes.
2615 3343 2670 3386 et
2701 3335 2866 3388 alium
2901 3338 3158 3390 mundum
3177 3339 3418 3392 emittit:

1843 3439 1897 3482 et
1925 3429 2080 3497 jubet
2111 3426 2414 3497 Bipsimem
2444 3427 2526 3480 bis
2556 3428 2800 3480 indutam
2851 3429 2916 3481 ad
2951 3444 3011 3482 se
3043 3432 3228 3484 venire
3257 3433 3311 3484 in
3333 3448 3421 3486 re-

1843 3522 2003 3588 giam,
2044 3522 2276 3584 reliquas
2335 3530 2517 3572 autem
2569 3523 2741 3572 teneri
2786 3520 3056 3575 custodia.
3092 3519 3184 3577 illa
3239 3533 3422 3578 autem

1842 3610 2047 3664 Christi
2085 3610 2308 3662 incensa
2357 3610 2654 3672 desiderio,
2721 3620 2774 3664 et
2831 3613 2950 3676 ejus
2999 3627 3184 3663 amore
3229 3613 3425 3668 ardens

1844 3717 2006 3770 quem
2034 3703 2196 3755 etiam
2223 3699 2398 3753 solum
2445 3707 2671 3753 noverat
2716 3715 3003 3768 sponsum,
3040 3702 3422 3756 suasionibus-

1843 3807 1950 3860 que
1979 3803 2035 3844 et
2071 3792 2292 3843 monitis
2339 3791 2581 3854 Gaianae,
2625 3807 2744 3861 qua:
2784 3801 2835 3845 et
2891 3793 3060 3860 ipsam
3101 3793 3310 3847 aluerat
3355 3797 3425 3849 ab

1844 3879 2097 3945 infantia,
2135 3890 2189 3933 et
2213 3883 2278 3933 ad
2310 3896 2427 3933 eam
2458 3883 2790 3945 pet-duxerat
2836 3893 3074 3946 aetatem,
3107 3887 3279 3952 magis
3311 3885 3421 3939 fer-

1847 3988 2008 4037 vens,
2043 3985 2196 4040 atque
2220 3979 2275 4025 et
2314 3973 2476 4024 verba
2505 3973 2644 4041 ejus,
2677 3974 2768 4041 qui
2802 3983 2918 4027 erat
2951 3975 2999 4027 ei
3027 3976 3170 4035 odio,
3210 3988 3422 4032 amato-

1847 4070 1942 4128 ris,
1972 4075 2024 4118 ct
2047 4079 2168 4132 quae
2199 4064 2364 4117 missa
2401 4065 2618 4117 fuerant
2648 4068 2978 4120 abhorrebat
3006 4077 3061 4121 et
3105 4071 3420 4137 respuebat,

1849 4168 1903 4211 ct
1937 4172 2058 4208 cum
2092 4155 2178 4210 iis.
2208 4168 2328 4220 qua:
2358 4167 2541 4206 secum
2577 4165 2754 4215 erant,
2787 4159 3012 4210 vacabat
3044 4161 3298 4214 orationi.
3339 4163 3423 4214 ln-

1852 4251 2005 4302 terim
2062 4250 2240 4299 autem
2285 4246 2413 4299 dum
2457 4248 2810 4316 peragebatur
2850 4251 3044 4310 oratio,
3077 4256 3281 4304 tonitru
3332 4269 3424 4305 re-

1849 4351 2012 4411 pente
2054 4340 2256 4407 erupit,
2293 4347 2347 4392 et
2396 4354 2499 4391 vos
2541 4339 2776 4408 desuper
2827 4355 2856 4394 e
2894 4343 3095 4395 tonitru
3158 4345 3422 4405 resanuit,

1851 4433 2037 4488 dicens
2071 4450 2083 4484 :
2122 4431 2306 4484 Estote
2343 4431 2468 4484 forti
2498 4433 2705 4490 animo.
2739 4441 2793 4486 et
2824 4434 3099 4488 conﬁdite.
3121 4434 3251 4490 Sum
3275 4442 3422 4493 enim

1782 4551 1827 4606 ι)
1855 4526 2134 4578 vobiscum
2163 4546 2174 4576 :
2213 4531 2266 4575 et
2297 4523 2755 4576 conservabimiui
2806 4525 2937 4575 mihi
2983 4526 3202 4580 intactae
3235 4529 3304 4581 ab
3337 4529 3422 4580 in-

1854 4615 2087 4669 sultibus
2130 4613 2356 4676 inimici,
2380 4623 2435 4667 et
2472 4612 2848 4682 ingrediemini
2886 4630 3098 4668 mecum
3150 4617 3202 4670 in
3236 4632 3420 4672 meum

1849 4705 2183 4766 thalamum,
2228 4714 2282 4757 et
2333 4705 2612 4772 accipietis
2668 4721 2895 4775 regnum
2944 4709 3100 4762 vobis
3149 4722 3422 4777 paratum.

1848 4797 1971 4851 llaec
2001 4810 2056 4851 et
2097 4813 2196 4851 vox
2229 4798 2462 4860 dicebat,
2500 4808 2554 4851 et
2583 4801 2784 4852 tonitru
2821 4802 3111 4855 resonabat
3146 4804 3423 4856 horribili-

1850 4897 1949 4952 ter,
1984 4901 2161 4943 etuna
2195 4905 2317 4941 cum
2367 4905 2429 4942 ea
2463 4891 2552 4942 diu
2596 4891 2749 4944 aﬂuit
2785 4909 2797 4944 :
2844 4903 2900 4946 et
2946 4894 3148 4948 multos
3179 4895 3420 4962 quidem,

1849 4995 1974 5033 cum
2011 4983 2231 5047 repente
2286 4981 2560 5048 erupisset
2603 4985 2666 5034 ad
2702 4997 2884 5045 aures,
2921 4983 3065 5035 humi
3109 4983 3328 5051 dcjecil,
3369 4997 3424 5040 et

1850 5085 2158 5127 sermOnem
2197 5071 2276 5125 cis
2308 5073 2533 5125 abstulit
2563 5090 2574 5125 :
2611 5074 2740 5140 quin
2771 5073 2935 5126 etiam
2985 5073 3184 5130 multos
3210 5077 3424 5145 equites

1856 5165 2015 5233 ejecil
2075 5179 2138 5216 ex
2188 5165 2318 5232 ipsis
2370 5166 2546 5232 equis,
2605 5181 2741 5234 quos
2791 5168 2950 5236 equi,
2994 5169 3319 5222 insultantes
3370 5181 3425 5224 et

1851 5256 2253 5318 eoncultantes.
2284 5255 2605 5312 occiderunt
2636 5275 2650 5310 :
2685 5265 2740 5310 et
2785 5259 2852 5312 ad
2893 5273 3164 5312 summum
3200 5269 3422 5314 contur-

1849 5348 1994 5402 bavit
2053 5348 2267 5415 penitus
2334 5361 2428 5399 eos
2475 5348 2566 5414 qui
2633 5349 2892 5409 aderant.
2936 5364 3135 5418 eosque
3190 5353 3422 5405 reddidit

1845 5438 2012 5492 animi
2044 5438 2236 5492 dubios
2260 5447 2314 5490 et
2345 5438 2647 5506 pet-plexos.
2672 5441 2773 5504 Qui
2802 5451 2980 5496 autem
3021 5442 3168 5496 missi
3204 5441 3418 5496 fuerant

1847 5546 1875 5582 a
1914 5545 2036 5599 rege
2088 5527 2364 5593 Teridate,
2397 5538 2453 5582 ut
2508 5544 2852 5586 accerserent
2884 5534 3202 5601 Ripsimem,
3238 5537 3421 5587 animo

1849 5622 2154 5685 conterriti,
2193 5630 2542 5675 revertuntur
2579 5625 2646 5676 ad
2681 5639 2858 5693 regem
2897 5626 3148 5680 deorsum
3199 5626 3418 5678 intuen-
