3968 6442
541 371 646 434 961

1778 363 2058 426 MENSIS
2098 361 2567 423 SEPTEMBER.

3690 365 3784 428 958

542 493 644 542 tes,
675 491 728 536 et
757 479 805 534 ei
836 478 1154 534 renuntiant
1184 492 1247 532 ea
1293 490 1413 547 qua:
1455 474 1593 530 facta
1624 473 1861 539 fuerant,
1892 484 1947 529 et
1978 474 2123 543 quod

2234 475 2398 543 φόϐου
2440 473 2535 535 τὰς
2597 472 2779 542 ψυχὰς
2835 471 3296 543 ύποπλησθέντες,
3333 473 3595 528 ἐπανίασι
3654 480 3790 530 κάτω

540 587 640 627 nec
679 571 954 639 acciperet
994 568 1237 639 Ripsiine
1264 583 1326 621 ea
1387 581 1506 636 quae
1555 567 1717 619 missa
1747 564 1983 626 fuerant,
2017 578 2119 618 nec

537 664 766 717 omnino
790 664 856 718 ad
888 677 1011 718 eum
1062 662 1247 715 venire
1294 662 1347 713 in
1392 660 1635 713 animum
1684 658 1986 713 induceret.
2025 656 2121 709 Ille

539 765 723 809 autem
752 755 905 808 valde
939 753 1217 815 eﬂeratus,
1247 761 1302 805 et
1331 751 1465 805 nihil
1510 750 1754 818 cogitans
1780 761 1965 801 eorum
1998 762 2122 816 quae

544 846 930 901 renuntiabant
954 845 1063 898 illis
1108 844 1362 899 evenisse
1394 842 1687 911 (quomodo
1714 840 1861 893 enim
1896 840 1949 893 id
1973 838 2119 892 face-

540 950 621 992 ret
649 941 830 992 anima
875 952 1059 991 amore
1106 936 1255 989 ebria
1276 936 1343 999 2),
1393 948 1569 1000 neque
1611 932 1877 986 reveritus
1924 934 2122 1000 probro

540 1032 758 1083 allicere
792 1029 1057 1096 virginem
1097 1045 1109 1080 :
1142 1026 1247 1079 Sed
1296 1042 1414 1091 vos,
1451 1025 1650 1094 inquit,
1703 1040 1819 1077 eam
1868 1024 1950 1075 vel
1987 1023 2124 1075 invi-

541 1132 649 1176 tam
684 1121 957 1175 adducite.
987 1120 1065 1173 Illi
1093 1134 1222 1190 ergo
1252 1133 1376 1173 cum
1411 1132 1571 1187 quam
1604 1115 1867 1171 citissime
1890 1130 2123 1169 concur-

541 1214 741 1268 rissent
769 1214 834 1266 ad
867 1212 1187 1281 Ripsimem,
1222 1221 1279 1263 et.
1313 1224 1431 1263 eam
1468 1208 1607 1261 alius
1638 1207 1858 1260 aliunde
1890 1207 2122 1274 prehen-

539 1307 770 1371 dissent,
803 1314 861 1359 et
892 1317 1082 1375 magna
1115 1306 1165 1357 vi
1212 1303 1375 1357 simul
1429 1303 1805 1363 attraxissent,
1829 1301 1894 1354 ad
1940 1314 2120 1370 regem

540 1400 838 1453 adducunt.
878 1397 968 1451 Illa
1002 1408 1205 1459 autem,
1231 1394 1446 1450 etiamsi
1499 1396 1577 1449 sic
1610 1403 1789 1461 capta,
1822 1403 1877 1446 et
1916 1393 1983 1446 ad
2016 1392 2122 1444 hoc

543 1490 744 1541 malum
788 1497 937 1542 esset
985 1488 1224 1549 redacta,
1260 1501 1454 1556 magno
1494 1495 1549 1539 et
1597 1483 1721 1537 forti
1768 1482 1953 1535 animo
1992 1480 2121 1534 illud

544 1582 776 1634 canebat
835 1596 848 1635 :
913 1598 931 1631 ι
964 1578 1127 1649 Eripe
1174 1593 1204 1631 a
1257 1579 1593 1645 rliomphtea,
1642 1576 1850 1638 dicens,
1883 1574 2122 1626 animam

545 1685 744 1732 meam,
784 1677 838 1722 et
882 1682 913 1722 a
957 1683 1120 1721 manu
1166 1666 1316 1720 canis
1371 1667 1708 1736 unigenitam
1757 1664 1980 1717 meam':
2010 1680 2029 1713 ι
2068 1670 2126 1714 et

543 1759 836 1816 invocabat
869 1774 1069 1813 nomen
1098 1759 1283 1828 sponsi
1318 1754 1711 1810 desiderabilis.

612 1935 734 1992 XX.
766 1934 1061 2003 Postquam
1095 1942 1275 1986 autem
1315 1930 1417 1986 fuit
1448 1930 1499 1983 in
1533 1930 1648 2000 ipso
1679 1927 1930 1983 cubiculo
1953 1926 2124 1998 regio,

542 2031 732 2083 oculos
774 2029 840 2082 ad
880 2027 1160 2081 Christum
1211 2040 1335 2079 cum
1383 2032 1565 2079 mente
1595 2023 1870 2086 attollens,
1905 2035 2126 2073 revoca-

546 2119 639 2172 bat
686 2120 743 2172 in
799 2119 1114 2172 memoriam
1160 2115 1451 2177 mirabilia,
1482 2114 1770 2182 quaelacta
1808 2114 2023 2165 fuerant
2071 2109 2125 2161 in

550 2210 735 2267 Rubro
765 2210 901 2263 mari
938 2218 994 2262 et
1040 2206 1333 2261 solitudine
1371 2221 1385 2258 :
1414 2214 1467 2258 et
1514 2203 1705 2258 Jonam
1738 2203 2040 2257 adducebat
2073 2204 2127 2254 in

547 2306 790 2359 medium
839 2316 963 2357 cum
1019 2299 1302 2367 naufragio
1349 2296 1680 2359 admirabili,
1734 2306 1806 2359 et,
1859 2309 1980 2363 quae
2029 2294 2132 2348 luit

546 2400 744 2465 prater
781 2393 1137 2461 Opinionem,
1180 2386 1301 2454 ejus
1356 2385 1413 2439 in
1462 2385 1626 2438 vitam
1674 2382 2076 2437 revocationem
2112 2398 2127 2435 :

548 2484 785 2539 Danielia
844 2491 901 2536 et
940 2482 1103 2534 trium
1148 2477 1473 2532 meminerat
1526 2489 1818 2544 puerorum
1852 2481 1909 2528 et
1936 2488 2130 2542 quem-

546 2575 840 2628 admodum
882 2572 958 2625 illi
991 2580 1249 2639 tanquam
1282 2568 1339 2621 in
1390 2569 1561 2621 herba
1591 2568 1802 2620 roscida
1833 2567 1886 2619 in
1910 2565 2127 2621 ﬂamma

548 2666 913 2720 incedebant:
938 2662 1136 2718 deinde
1165 2661 1330 2716 etiam
1356 2658 1621 2714 Susanna:
1652 2659 1926 2715 referebat
1955 2658 2131 2713 factas

548 2758 799 2821 insidias,
829 2764 884 2810 et
914 2756 1347 2823 redemptionem
1383 2768 1398 2805 :
1428 2761 1487 2806 et
1533 2752 1632 2806 sibi
1662 2751 1897 2806 similem
1937 2750 2131 2803 adesse

547 2850 850 2917 adiutorem
896 2848 1119 2915 petebat
1160 2845 1211 2897 in
1265 2858 1397 2897 casu
1443 2842 1628 2895 simili.
1682 2839 1906 2893 Interim
1947 2846 2129 2892 autem

550 2946 605 2995 in
637 2940 952 2995 cubiculum
983 2940 1289 3007 ingressum
1334 2934 1645 2988 Teridatem
1684 2932 1889 2986 invadit
1917 2932 2132 3004 gravior

549 3035 761 3089 daemon
820 3030 1277 3101 intemperantia,
1315 3036 1672 3097 amenterque
1701 3034 1754 3080 et
1796 3027 1986 3079 insane
2022 3040 2130 3092 pra:

2223 566 2469 627 νεύοντες
2502 566 2634 633 πρὸς
2664 566 2755 617 τὸν
2781 563 3032 633 βασιλέα.
3056 566 3151 619 καὶ
3184 566 3334 636 αὐτῷ
3386 566 3793 633 ἀπαγγέλλουσι

2221 659 2289 711 τὰ
2328 660 2687 725 γεγενημένα,
2722 658 2810 708 καί
2841 656 2916 718 ὡς
2953 654 3079 711 οὕτε
3153 656 3365 723 δέκοιτο
3403 658 3437 727 ἠ
3481 657 3710 727 Ῥιψίμη
3736 661 3793 712 τὰ

2225 748 2566 817 πεμφθέντα,
2593 748 2704 800 οὔθ’
2727 750 2859 809 ὅλως
2889 748 3296 817 παραγενέσθαι
3314 750 3627 818 ἀνάσχοιτο.
3646 748 3702 803 Ὀ
3723 751 3793 812 δὲ,

2224 841 2476 912 χαλεπῶς
2510 842 2776 909 ἀγριάνας
2812 841 2905 894 καὶ
2950 841 3120 910 μηδὲν
3162 842 3298 910 μήτε
3356 835 3431 893 ὧν
3458 842 3793 911 ἀπήγγειλαν

2224 933 2709 1011 αύτῷθσυμσαλὼν
2733 934 2873 1003 (πῶς
2908 937 3016 1002 γὰρ
3062 933 3227 1004 ἔρωτι
3272 934 3555 1002 μεθύουσα.
3609 935 3795 1003 ψυχή);

2229 1024 2358 1093 μήτ’
2386 1023 2639 1091 αἰσχῦναι
2675 1023 2773 1092 τὴν
2800 1023 3068 1090 παρθένον
3098 1022 3444 1092 εύλιϐτ,θεί,·
3482 1023 3628 1076 Ἀλλ’
3656 1027 3799 1092 ὑμεῖς

2225 1116 2459 1184 ἀγάγετε
2494 1115 2700 1184 ταύτην
2734 1116 2826 1167 καὶ
2862 1117 3122 1181 ἀκουσαν,
3178 1116 3305 1182 ἔφη.
3352 1112 3517 1171 Οὗτοι
3547 1115 3681 1182 γοῦν
3708 1117 3801 1183 τὴν

2222 1212 2488 1277 ταχίστην
2514 1208 2606 1260 ἐπὶ
2640 1207 2739 1277 τὴν
2776 1206 3039 1277 Ῥιψίμην
3072 1208 3502 1277 συρρεύσαντες,
3528 1207 3626 1259 καὶ
3654 1206 3801 1267 ἄλλος

2223 1298 2444 1355 ἄλλοθεν
2475 1298 2762 1367 λαϐόμενοι
2784 1300 2985 1365 ταύτης
3014 1299 3106 1350 καὶ
3140 1298 3233 1368 βίᾳ
3262 1298 3430 1366 πολλῇ
3461 1313 3801 1349 συνεπισπα-

2227 1393 2454 1461 σάμενοι
2479 1390 2557 1458 τῷ
2605 1388 2814 1458 βασιλεῖ
2880 1390 3246 1459 παριστῶσιν.
3289 1390 3351 1441 Ἢ
3384 1389 3442 1441 δὲ
3495 1391 3595 1440 καὶ
3634 1388 3801 1449 οὕτως

2224 1484 2634 1551 ἀπολειφθεῖσα,
2676 1487 2768 1535 καὶ
2819 1484 2900 1544 είς
2949 1483 3108 1534 τούτο
3152 1481 3323 1535 κακοῦ
3358 1484 3694 1551 περιστᾶτα,
3720 1482 3802 1532 ἀν-

2226 1574 2513 1645 δρειότατα
2546 1576 2591 1627 δ’
2624 1570 2720 1629 οὗν
2772 1574 2922 1641 ὅμως
2964 1575 3139 1624 ἐκεῖνο
3167 1574 3337 1641 ὐπῇδε
3360 1612 3376 1637 ,
3412 1589 3431 1622 ι
3486 1573 3679 1625 ἰ’ύσαι
3705 1572 3803 1625 ἀπὸ

2231 1667 2527 1737 ῥομφαίας,
2554 1665 2787 1734 λέγουσα
2813 1662 2911 1735 τὴν
2933 1664 3111 1733 ψυχήν
3136 1680 3259 1731 μου,
3278 1666 3373 1715 καὶ
3396 1667 3461 1715 ὲκ
3498 1665 3687 1733 χειρός
3718 1681 3803 1714 xa-

2224 1761 2311 1823 νὸς
2347 1762 2447 1827 τὴν
2485 1758 2745 1828 μονογενῆ
2776 1774 2899 1826 μου,
2940 1774 2959 1807 ι
3010 1758 3102 1809 καὶ
3122 1754 3187 1808 τὸ
3220 1755 3394 1824 ὄνομα
3428 1753 3525 1807 τοῦ
3560 1754 3801 1807 ποθεινοῦ

2230 1867 2289 1901 νυ
2299 1848 2464 1917 μφίου
2497 1849 2782 1901 ὲπεόοᾶτο.

2301 1938 2384 1995 κ’.
2420 1940 2637 2009 Ἐπειδὴ
2669 1940 2724 1991 δὲ
2760 1939 2853 1991 καὶ
2888 1938 3055 1993 αὑτοῦ
3080 1939 3231 1992 ινδον
3261 1936 3482 2005 ἐγένετο
3512 1936 3611 1990 τοῦ
3654 1936 3802 2007 βασι-

2228 2034 2375 2087 λείου
2413 2033 2693 2095 κοιτῶνος,
2722 2031 2849 2095 τοὺς
2886 2030 3203 2099 ὀφθαλμοὺς
3235 2032 3461 2101 Χριστῷ
3496 2032 3644 2100 μετά
3701 2032 3803 2083 τῶν

2229 2127 2443 2197 φρενῶν
2493 2124 2829 2195 ἀνασχοῦσα,
2876 2123 2987 2176 τῶν
3032 2124 3174 2176 κατά
3226 2126 3326 2192 τὴν
3376 2124 3591 2193 ἔρημον
3650 2123 3805 2175 αὑτὸν

2229 2220 2611 2290 ἀνεμίμνησκε
2651 2216 2999 2283 θαυμασίων,
3020 2215 3116 2268 καὶ
3144 2216 3237 2268 τὸν
3273 2217 3463 2269 Ἰωνᾶν
3513 2219 3598 2279 είς
3648 2221 3806 2288 μέσον

2230 2314 2523 2382 παρήγαγε
2555 2311 2697 2377 μετά
2738 2307 2833 2359 τοῦ
2873 2306 3193 2376 θαυμαστοῦ
3247 2309 3513 2375 ναυαγίου
3555 2309 3651 2361 καὶ
3713 2308 3807 2375 τῆς

2230 2401 2536 2473 παραδόξου
2596 2396 2986 2459 ἀναδιώσεως·
3046 2395 3138 2448 τοῦ
3194 2399 3397 2465 Δανιήλ
3444 2413 3504 2449 τε
3561 2399 3659 2450 καὶ
3704 2398 3807 2448 τῶν

2229 2494 2398 2565 τριῶν
2427 2495 2702 2563 ἐμέμνητο
2727 2488 2950 2551 παίδων,
2978 2487 3071 2541 καὶ
3100 2486 3249 2549 ὅπως
3287 2486 3363 2549 ὡς
3395 2489 3490 2538 ἐπὶ
3538 2488 3807 2555 δροσερᾶς

2232 2589 2370 2651 πόας
2403 2587 2601 2639 ἐκείνοι
2631 2582 2731 2655 τῆς
2762 2582 2959 2651 φλογὸς
2998 2581 3238 2643 ἰσαινον,
3283 2574 3403 2632 εῐια
3438 2579 3534 2630 καὶ
3565 2580 3667 2646 τῆς
3703 2580 3808 2631 Σω-

2232 2682 2433 2749 σάννης
2457 2676 2660 2746 διεξῄει
2692 2674 2799 2745 τὴν
2820 2672 3112 2743 ὶπιδουλὴν
3144 2671 3240 2724 καὶ
3264 2670 3364 2742 τὴν
3396 2671 3807 2743 ἀπολύτρωσιν,

2233 2777 2327 2829 καὶ
2360 2776 2548 2843 ὅμοιον
2577 2769 2715 2835 αὐτῇ
2747 2765 3096 2835 παραστῆναι
3135 2764 3328 2835 βοηθὸν
3362 2765 3422 2817 ἐν
3450 2756 3807 2836 δμοίαιςῇτει

2231 2868 2349 2930 ταῖς
2378 2863 2750 2933 περιστάσεσι.
2776 2858 2889 2913 Καὶ
2916 2858 3125 2928 μεταξὺ
3182 2858 3581 2930 είσπηδήσαντι
3607 2862 3686 2921 είς
3718 2859 3806 2910 τὸν

2231 2959 2465 3013 κοιτῶνα
2492 2954 2568 3020 τῷ
2612 2943 2913 3024 Τήριδάτῃ,
2960 2950 3257 3020 βαρύτερος
3299 2951 3327 3001 δ
3371 2950 3471 3015 τῆς
3514 2950 3805 3009 ἀκολασίας

2233 3050 2498 3118 ἐμπίπτει
2540 3046 2771 3113 δαίμων,
2813 3044 2907 3095 καὶ
2958 3040 3279 3109 παράφορον
3328 3039 3433 3091 ὑπὸ
3470 3038 3565 3092 τοῦ
3611 3040 3810 3111 ἔρωτος

552 3141 736 3181 amore
767 3125 1127 3189 exclamabat,
1157 3132 1212 3177 et
1242 3122 1488 3176 ardebat.
1523 3129 1575 3175 et
1603 3119 1943 3188 eliquabatur
1977 3136 1989 3170 :
2028 3117 2128 3168 illi-

2234 3117 2329 3193 καὶ
2379 3135 2617 3206 ἐμμανὲς
2653 3132 2871 3196 ἀνεϐόα,
2919 3133 3013 3186 καὶ
3050 3131 3423 3200 διεφθέγγετο,
3452 3133 3547 3183 καὶ
3578 3135 3811 3202 κατετήο

552 3217 834 3285 ciebatque
859 3216 1184 3283 Ripsimem,
1208 3212 1328 3266 etei
1350 3211 1751 3269 blandiebatur,
1773 3218 1826 3262 et
1844 3206 2130 3262 vaferrime

552 3310 809 3363 omnibus
847 3306 1024 3357 modis
1073 3317 1193 3355 eam
1242 3301 1678 3372 aggrediebatur.
1724 3300 1816 3354 Illa
1864 3307 2131 3353 autemet

550 3403 904 3455 accedentem
962 3395 1339 3458 aversabatur,
1396 3404 1451 3448 et
1507 3394 1637 3448 dum
1691 3407 1811 3447 eam
1861 3400 2126 3461 tangeret,

549 3506 692 3562 aegre
723 3491 951 3553 ferebat,
982 3496 1038 3541 et
1072 3486 1273 3540 collum
1299 3483 1712 3544 cxtendentem,
1746 3490 1805 3534 ut
1838 3482 2133 3549 impudicis

550 3584 895 3635 oscularetur
936 3581 1125 3639 labris,
1161 3591 1267 3627 non
1301 3575 1624 3635 sustinebat,
1658 3581 1714 3624 ut
1738 3572 1963 3626 decebat
1989 3580 2131 3623 recte

551 3673 854 3730 institutam
915 3669 1182 3738 virginem
1229 3682 1242 3720 :
1291 3667 1515 3735 ejusque
1575 3663 1755 3718 vultus
1810 3666 2133 3733 implebatur

552 3766 782 3837 pudore,
824 3772 880 3816 et
932 3762 1143 3814 acerbis
1212 3760 1390 3813 verbis
1440 3759 1805 3812 insectabatur
1850 3757 2128 3810 hominem

553 3856 908 3927 impudicum,
941 3862 997 3907 et
1041 3866 1303 3921 sponsum
1332 3848 1953 3911 vocabatCliristtnn,et
1988 3849 2131 3900 illius

552 3948 867 4003 ierventiori
889 3960 1075 3998 amore
1106 3942 1499 3995 incendebatur
1528 3954 1542 3989 :
1569 3949 1623 3991 et
1655 3950 1713 3989 ut
1738 3939 1924 4005 paucis
1952 3938 2133 3991 absol-

554 4056 700 4103 vam,
731 4038 1011 4106 superavit
1038 4047 1186 4095 enm,
1215 4031 1303 4101 qui
1337 4038 1486 4086 tanta
1513 4036 1629 4083 erat
1653 4028 2048 4099 magnitudine,
2076 4037 2133 4081 et

556 4133 721 4188 tantis
763 4130 987 4193 viribus,
1028 4137 1082 4179 et
1133 4140 1325 4197 puram
1380 4138 1580 4193 sponso
1616 4121 1837 4175 Christo
1887 4121 2133 4191 corporis

554 4222 1019 4296 pulchritudinem
1054 4229 1110 4273 et
1154 4232 1351 4271 animae
1380 4216 1725 4270 conservavit
1765 4214 2127 4269 nobilitatem.

556 4316 648 4372 Sic
670 4316 808 4369 nihil
840 4322 924 4367 est
952 4327 1106 4379 teque
1133 4311 1569 4379 inexpugnabile,
1591 4319 1754 4377 atque
1781 4312 1831 4362 in
1852 4307 2132 4363 Christum

556 4406 929 4463 benevolentia
954 4415 1009 4462 et
1041 4420 1166 4477 spes
1194 4403 1429 4472 :quibus
1452 4401 1495 4455 si
1532 4409 1581 4453 te
1605 4401 1781 4453 solum
1813 4400 2127 4460 armaveris,

2234 3248 2392 3287 κετο·
2426 3231 2516 3285 καὶ
2565 3230 2833 3299 ὑπέτρεχε
2860 3225 2959 3297 τὴν
3009 3224 3264 3296 Ῥιψίμην
3298 3226 3391 3278 καὶ
3424 3224 3693 3286 ὲθώπευε,
3717 3228 3811 3278 καὶ

2234 3328 2414 3381 πάντα
2459 3324 2660 3396 τρόπον
2718 3321 3135 3391 πανουργότατα
3184 3318 3487 3389 ἐπεχείρει.
3540 3320 3605 3371 Ἦ
3636 3319 3811 3372 δὲκαὶ

2233 3418 2607 3485 ἀπεστρέφετο
2639 3412 2953 3479 προσιόντα,
2977 3411 3068 3461 καὶ
3093 3408 3399 3477 ἁπτομένου
3433 3408 3812 3477 ἐδυσχέραινε,

2237 3509 2328 3558 καὶ
2362 3506 2450 3556 τὸν
2482 3504 2683 3571 αὐχένα
2714 3498 3029 3551 ἐκτείνοντα
3066 3499 3386 3558 ἀκολάστοις
3420 3498 3649 3567 φιλῆσαι
3694 3501 3810 3568 χεί-

2234 3596 2381 3648 λεσιν
2414 3596 2513 3663 οὐχ
2541 3592 2801 3660 ὑπέμενε,
2825 3586 3171 3660 παρθενικῶς
3208 3582 3267 3639 εὖ
3295 3586 3441 3655 μάλα
3471 3589 3566 3639 καὶ
3610 3605 3810 3641 πεπαι-

2234 3688 2545 3759 δευμένως·
2600 3683 2943 3755 ὲρυθήματός
2990 3697 3049 3733 τε
3083 3680 3358 3749 σώφρονος
3417 3679 3812 3747 ὑπεπίμπλατο

2234 3782 2331 3851 τὴν
2361 3780 2481 3849 δψιν
2504 3794 2517 3807 ·
2550 3780 2645 3829 καὶ
2669 3773 2925 3845 είμάζειν
2944 3772 3034 3825 τὸν
3053 3771 3350 3825 ἀκόλαστον
3377 3770 3557 3839 ἔλεγε,
3596 3774 3691 3825 καὶ
3724 3774 3813 3824 τὸν

2235 3876 2466 3943 νυμφίον
2520 3870 2704 3921 ἐκάλει
2762 3868 3018 3936 Χριστὸν,
3052 3865 3145 3917 καὶ
3202 3863 3519 3932 θερμοτέρῳ
3557 3863 3636 3933 τῷ
3678 3864 3813 3935 πρὸς

2234 3967 2441 4018 ικείνον
2469 3962 2632 4029 ἔρωτι
2684 3960 3034 4025 ἀνεφλέγετο·
3064 3955 3156 4007 καί
3190 3971 3244 4007 τι
3274 3957 3381 4025 γὰρ
3410 3956 3467 4006 ὲν
3504 3955 3701 4025 βραχεί
3721 3957 3813 4009 τοῦ

2235 4053 2489 4105 τοσούτου
2559 4053 2648 4103 τὸν
2704 4051 2866 4114 ὄγκον
2924 4048 3017 4099 καὶ
3076 4046 3390 4115 τηλικούτου
3445 4047 3543 4115 τὴν
3623 4047 3816 4117 ῥώμην

2237 4146 2528 4215 ὑπερέσχε,
2560 4142 2654 4195 καὶ
2691 4140 2929 4211 καθαρὸν
2957 4136 3034 4207 τῷ
3073 4139 3288 4207 νυμφίῳ
3333 4136 3556 4207 Χριστῷ
3611 4143 3705 4191 καὶ
3760 4142 3817 4193 τὸ

2234 4239 2327 4293 τού
2369 4237 2623 4306 σώματος
2661 4232 2854 4294 κάλλος
2889 4231 2981 4283 καὶ⁸
3013 4231 3110 4301 τὴν
3141 4228 3239 4297 τῆς
3284 4229 3462 4297 ψυχῆς
3530 4232 3814 4297 εὐγένειαν

2233 4328 2545 4381 διεσώσατο.
2571 4323 2757 4387 Οὕτως
2792 4322 2944 4376 οὐδὲν
2987 4321 3201 4392 ἄμαχον
3240 4319 3313 4382 ὡς
3364 4320 3396 4390 ὴ
3438 4320 3532 4372 ἐπὶ
3579 4321 3816 4391 Χριστὸν

2236 4418 2417 4472 εὖνοισ.
2457 4419 2553 4471 καὶ
2610 4417 2797 4478 ἐλπίς⁶
2827 4416 2921 4469 καὶ
2974 4417 3022 4467 εί
3052 4414 3228 4485 ταύτῃ
3281 4414 3442 4484 μόνον
3495 4414 3721 4486 δπλίσῃ,
3756 4419 3813 4468 ού

555 4514 665 4555 non
698 4500 960 4555 accedent
985 4498 1053 4552 ad
1103 4506 1156 4552 te
1203 4494 1366 4557 mala,
1406 4506 1582 4562 neque
1627 4489 1897 4561 ﬂagellum
1937 4502 2128 4557 appro-

2237 4510 2661 4579 προσελεύσεται
2687 4508 2822 4574 πρὸς
2856 4506 2913 4558 σὲ
2948 4507 3114 4568 κακὰ,
3142 4506 3261 4558 οὐδὲ
3307 4505 3503 4575 μάστιξ
3531 4511 3713 4576 ἐγγιςί
3739 4508 3813 4579 τῷ

556 4591 844 4662 pinquabit
865 4587 1220 4644 tabernaculo
1257 4595 1351 4639 tuo
1382 4585 1425 4637 ⁸.
1455 4601 1473 4634 ι

630 4703 771 4760 XXI.
804 4704 848 4757 Δ
872 4700 1078 4773 virgine
1100 4714 1230 4769 ergo
1274 4694 1586 4767 turpissime
1619 4693 1794 4749 victus
1824 4691 2131 4759 Teridates,

556 4804 831 4878 egreditur
855 4799 1173 4861 ecubiculo,
1211 4808 1263 4850 et
1309 4795 1494 4850 eluere
1535 4790 1724 4846 volens
1756 4788 2131 4859 ignominiam,

558 4916 653 4962 aut
691 4905 870 4973 potius
916 4915 1029 4955 non
1077 4899 1263 4953 valens
1312 4895 1596 4951 continere
1629 4889 2131 4962 intemperantiam,

559 5021 738 5076 neque
764 5005 947 5059 vivere
976 5001 1275 5063 sustinens,
1299 5000 1343 5053 si
1372 5014 1480 5051 non
1502 4999 1847 5068 impudenter
1871 4993 2134 5062 probrum

560 5108 781 5163 aﬂ'erret
812 5105 1032 5177 virgini,
1068 5106 1223 5174 jubet
1246 5102 1431 5159 collari
1469 5101 1705 5155 vinctam
1747 5096 1940 5152 adduci
1976 5093 2136 5148 Gaia-

562 5224 709 5273 nam,
737 5218 793 5264 et
838 5207 972 5262 foris
1007 5214 1242 5260 stantem
1283 5203 1347 5256 ad
1379 5191 1602 5269 ianuam
1638 5200 1757 5269 cogi
1788 5214 1823 5251 a
1868 5194 2133 5251 ministris

561 5312 792 5365 suadere
826 5308 1103 5376 Ripsitnae,
1137 5321 1257 5375 quae
1288 5311 1405 5358 erat
1452 5300 1620 5366 intus,
1655 5309 1713 5353 ut
1740 5298 1849 5367 regi
1894 5303 2132 5365 pareret,

562 5425 618 5471 et
668 5412 799 5469 nulli
841 5414 943 5473 rei,
974 5424 1132 5481 quam
1182 5408 1270 5461 ille
1324 5406 1471 5469 velit,
1524 5410 1876 5473 repugnaret.
1921 5399 2140 5454 Sciebat

564 5518 708 5571 enim
728 5515 988 5570 Gaianam
1024 5527 1145 5567 esse
1185 5508 1331 5564 illius
1364 5507 1701 5577 paedagogam
1740 5513 1795 5557 et
1826 5502 2138 5572 magistram

567 5620 620 5673 in
656 5618 722 5672 iis
773 5632 893 5685 quae
918 5615 1192 5685 pertinent
1230 5614 1297 5667 ad
1333 5612 1585 5663 virtutem
1622 5625 1634 5659 :
1668 5614 1721 5659 et
1746 5606 1790 5660 si
1830 5605 1920 5661 illa
1965 5606 2139 5659 solum

567 5718 819 5782 voluerit,
854 5715 1149 5784 Ripsimem
1193 5713 1324 5765 nihil
1372 5725 1491 5764 esse
1523 5708 2016 5763 contradicturam.
2053 5702 2137 5756 ln-

639 5835 658 5864 ³
693 5831 832 5887 Psal.
867 5846 973 5896 ut,
1005 5830 1092 5884 Ἣ.
1172 5830 1189 5859 ⁶
1220 5829 1358 5883 Psal.
1397 5842 1477 5889 ac,
1512 5826 1564 5890 'l,
1598 5823 1649 5877 8.

2238 4599 2559 4669 σκηνώματι
2615 4615 2729 4649 σου.

2309 4690 2439 4746 KA'.
2465 4690 2574 4760 Τῆς
2606 4688 2875 4758 παρθένου
2901 4686 3079 4741 τοίνυν
3101 4684 3408 4756 Τηριδάτης
3435 4685 3694 4759 αἴσχιστα
3726 4692 3816 4760 ἠτ.

2233 4782 2629 4853 ετηθεὶς,ἑξεισι
2663 4779 2757 4835 τοῦ
2813 4779 3093 4844 κοιτῶνος,
3138 4780 3235 4833 καὶ
3290 4778 3676 4834 ἀπολύσασθαι
3724 4785 3816 4853 τὴν

2235 4876 2453 4943 ἀδοξίαν
2480 4876 2699 4939 ἐθέλων,
2720 4873 2920 4944 μᾶλλον
2951 4872 3007 4925 δὲ
3046 4871 3122 4942 μὴ
3156 4871 3365 4939 στέγων
3385 4875 3486 4940 τὴν
3512 4873 3815 4931 ἀκολασίαν

2241 4966 2373 5036 μηδὲ
2401 4967 2498 5035 ζῇν
2529 4964 2853 5032 ἀνεχόμενος
2879 4963 2927 5014 si
2960 4962 3035 5033 μὴ
3065 4961 3258 5031 ἀνέδην
3288 4961 3368 5023 είς
3408 4961 3507 5032 τὴν
3542 4965 3814 5033 παρθένον

2237 5057 2534 5128 ἐνυϐρίσοι,
2584 5055 2796 5109 κελεύει
2835 5054 2939 5106 ὑπὸ
2990 5052 3155 5123 κλοιῷ
3183 5053 3343 5122 ἀχθετ
3367 5068 3426 5105 σε
3456 5052 3699 5126 Γαῖανὴν
3728 5057 3815 5109 καὶ

2242 5148 2374 5216 πρὸς
2401 5148 2496 5208 τάς
2532 5144 2698 5215 θύρας
2731 5144 2930 5207 ἔξωθεν
2962 5143 3167 5195 στᾶσαν
3196 5140 3614 5209 ἀναγκάζεσθαι
3668 5147 3813 5215 παρά

2240 5240 2347 5292 τῶν
2377 5237 2791 5307 ὑπηρετούντων
2848 5237 2995 5289 ἔνδον
3039 5234 3172 5306 οὓσῃ
3217 5237 3504 5305 παραινεῖν
3532 5238 3601 5304 τῇ
3663 5236 3813 5305 Ptu-

2242 5349 2335 5401 μῃ,
2391 5330 2680 5399 πεισθῆναί
2730 5347 2786 5382 τε
2816 5328 2893 5398 τῷ
2957 5328 3190 5399 βασιλεῖ,
3236 5329 3329 5379 καὶ
3386 5325 3521 5394 πρὸς
3556 5329 3712 5382 οὐδὲν
3743 5323 3814 5386 ὧν

2241 5426 2453 5484 ἐκεῖνος
2518 5422 2757 5493 βούλοιτο
2809 5421 3129 5486 ἀντιλέγειν.
3187 5418 3340 5489 ’ῌδει
3379 5418 3488 5486 γὰρ
3530 5424 3813 5491 παιδαγω-

2242 5518 2335 5582 γόν
2364 5533 2421 5568 τε
2449 5516 2485 5569 Γ
2492 5515 2681 5585 αῖανὴν
2708 5511 2871 5566 οὖσαν
2936 5513 3192 5583 Ῥιψίμης
3250 5510 3342 5564 καὶ
3399 5511 3724 5567 διδάσκαλον
3753 5516 3813 5569 τὰ

2240 5612 2318 5671 εἰς
2368 5609 2589 5677 ἀρετὴν,
2612 5609 2705 5659 καί
2752 5606 2801 5658 εἰ
2854 5606 3017 5674 μόνον
3051 5605 3239 5674 ἐκείνη
3302 5603 3586 5676 ἐθελήσειε
3651 5608 3813 5676 μηδὲν

2244 5698 2578 5767 ἀντεροῦσαν
2655 5695 2953 5765 Ἱίιζιὶμην,
3004 5696 3221 5761 ἄθλιος,
3276 5699 3333 5759 ὃς
3394 5715 3453 5764 γε
3532 5703 3633 5751 οὐκ
3690 5702 3816 5770 ἠγα-
