3968 6458
151 432 258 493 973

1089 428 1259 486 νιΤΑ
1309 429 1366 486 S.
1415 426 1792 485 GllEGORil
1842 425 2472 487 ILLUMINATIJRIS.

3287 431 3388 490 οτι

148 548 343 606 αὑταῖς
384 545 585 614 ῥίζαις,
640 544 734 606 τὶις
775 543 1017 611 γλώττας
1059 544 1434 612 ἐκτέμνονται.
1476 538 1604 594 Εἶτα
1631 542 1724 594 καὶ

1856 546 2031 596 luntur
2061 545 2344 599 radicitus.
2385 543 2588 598 Deinde
2625 559 2745 600 cum
2772 543 3039 613 lapidibus
3086 543 3257 595 instar
3283 547 3393 613 gla-

149 637 322 699 λίθοις
355 636 642 705 μαχαιρῶν
687 637 844 704 δίκην
889 635 1297 702 ἐστομωμένοις
1334 637 1428 686 καὶ
1461 635 1719 702 τέμνουσι

151 729 254 788 τάς
305 729 580 796 γαστέρας
629 728 1010 787 άνακοπεῖσαι,
1060 725 1156 778 καὶ
1212 725 1308 794 τὴν
1349 725 1498 786 ἐντὸς
1543 727 1725 777 πᾶσαν

151 813 448 867 διάπλασιν
495 816 600 885 πρὸ
637 815 746 868 τῶν
788 814 964 868 ποδῶν
1011 813 1268 882 χυθεῖσαν
1322 812 1551 874 ἰδοῦσαι,
1585 812 1726 864 οὕτω

151 907 254 958 καὶ
289 905 388 967 τὰς
427 905 671 974 κεφαλάς
706 903 1088 972 ἀφαιροῦνται.
1145 904 1319 974 Ἐκτῃ
1374 904 1473 972 μὲν
1503 900 1595 956 οὖν
1637 905 1728 957 καὶ

154 995 336 1048 εἰκάδι
389 995 483 1048 τοῦ
542 994 917 1064 Σεπτεμϐρίου
951 994 1138 1062 μηνὸς.
1174 996 1206 1063 ἡ
1241 993 1461 1060 γενναία
1502 993 1726 1062 Tui/itm

150 1078 250 1130 τὸν
302 1080 640 1149 μαρτυρικὺν
693 1080 937 1132 ἀνείλετο
999 1081 1286 1148 στέφανον.
1345 1081 1454 1143 Τάς
1503 1083 1598 1132 ἐπὶ
1659 1084 1726 1150 τῇ

145 1169 309 1238 ἄγρᾳ
359 1169 413 1220 δέ
442 1169 546 1222 τῶν
589 1170 800 1234 ἐκείνης
842 1169 1108 1235 λειψάνων
1143 1170 1500 1238 ὁρμηθείσαςυ
1525 1171 1558 1237 ἡ
1589 1169 1728 1237 αὑτὴ

160 1261 452 1328 μάρτυρας
507 1255 644 1311 εἶδεν
697 1262 901 1330 ἡμέρα.
937 1261 1014 1330 Τῇ
1054 1261 1298 1331 ἑπομένῃ
1349 1259 1406 1311 δὲ
1439 1262 1534 1311 καὶ
1566 1261 1597 1328 ἠ
1633 1277 1731 1327 μα-

156 1351 330 1420 καρία
365 1351 566 1420 Γαῖανὴ
619 1353 758 1418 μετά
791 1352 902 1403 τῶν
944 1352 1343 1421 συμπαρθένων
1396 1353 1458 1403 τὸ
1512 1351 1610 1419 τῆς
1644 1366 1731 1402 τεο

165 1441 415 1504 λεὼσεως
452 1443 686 1512 ἔδραμον
717 1444 951 1495 στάδιον.
987 1444 1161 1512 Ἕκτη
1209 1444 1385 1497 τοίνυν
1416 1443 1476 1506 ἐξ
1523 1442 1732 1494 ἐκείνου

157 1530 381 1598 διῆλθεν
424 1533 629 1600 ἡμέρα,
670 1533 766 1584 καὶ
817 1533 1338 1601 ὑπομαραινομένης
1374 1532 1474 1600 ἤδη
1503 1531 1577 1600 τῷ
1629 1532 1739 1600 Τη-

163 1621 357 1690 ριδάτῃ
391 1625 489 1689 τῆς
518 1622 628 1673 τῶν
658 1621 882 1689 ἐρώτων
912 1622 1128 1688 φλογὸς,
1161 1622 1360 1687 μελέτη
1385 1620 1557 1688 θήρας
1586 1619 1735 1686 αὑτῷ

158 1709 374 1771 γίνεται
430 1709 524 1760 καὶ
580 1710 927 1778 παρασκευή.
967 1707 1074 1760 Καὶ
1108 1708 1135 1758 ὁ
1172 1707 1270 1774 μὲν
1323 1703 1408 1754 ἐπ’
1458 1704 1735 1771 ὀχήματος

160 1802 312 1869 ἐξῄει
344 1802 442 1867 τῆς
477 1804 717 1861 πόλεως·
747 1804 779 1870 ή
837 1801 962 1868 δίκη
993 1799 1048 1850 δὲ
1089 1798 1190 1850 οὐκ
1246 1796 1558 1866 ἐϐράδυνεν,
1603 1795 1736 1847 άλλά

161 1908 248 1952 τις
302 1893 452 1960 αὑτῷ
492 1891 856 1958 προσπαλαίει
913 1890 1100 1960 μανία.
1159 1891 1266 1942 Καὶ
1335 1888 1738 1957 δαιμονιώτατα

158 1977 322 2045 οὗτος
355 1984 631 2050 ἐμαίνετο,
674 1984 768 2036 καὶ
817 1983 1139 2052 παράφορος
1197 1978 1266 2051 ῆν
1321 1982 1442 2043 ὅλος
1499 1981 1604 2032 ὑπὸ
1643 1980 1736 2046 τῆς

165 2075 351 2138 νόσου,
385 2075 491 2126 τῶν
517 2076 662 2129 ἰδίων
687 2093 743 2127 τε
778 2075 996 2145 σαρκῶν
1049 2075 1375 2143 παρέτρωγε
1405 2077 1512 2135 τοῖς
1536 2072 1736 2131 ὀδοῦσι.

165 2167 259 2217 καὶ
302 2169 381 2229 εἷς
432 2171 616 2236 χοῖρον
657 2168 860 2237 ῆμειψε
893 2169 987 2219 καὶ
1015 2168 1075 2218 τὸ
1103 2162 1264 2229 εἶδος,
1300 2166 1743 2239 καὶ-μετῆλλάγη

164 2259 635 2325 Ναϐουχοδονόσορ
659 2263 735 2320 είς
760 2261 856 2326 τὴν
887 2258 1118 2326 μορφὴν,
1147 2259 1464 2325 μεταλαϐὼν
1493 2261 1598 2324 γὰρ
1619 2258 1745 2309 ταί-

165 2349 782 2418 τηνσὴγνόησενβοῦτον
809 2350 894 2400 τὸν
915 2350 1229 2416 μανθανέτω
1246 2351 1446 2416 τρόπον
1465 2351 1557 2402 καὶ
1581 2352 1744 2420 Τηρι-

165 2441 362 2509 δάτην,
396 2441 492 2508 τὴν
515 2441 686 2508 αὐτὴν
714 2440 906 2508 ἐκείνῳ
937 2439 1240 2508 μεταϐολὴν
1272 2441 1606 2501 ὑποστάντα,
1653 2443 1741 2491 καὶ

166 2531 349 2604 ταύτῃ
385 2537 482 2596 τὴν
521 2531 815 2583 ἀκολασίαν
879 2532 1337 2600 εἰσπραττόμενον
1387 2533 1480 2580 καὶ
1529 2532 1588 2581 τὺ
1616 2531 1743 2594 ἄγη-ς

171 2624 273 2676 καὶ
325 2621 468 2674 οὓτω
519 2623 754 2692 πικρῶς.
811 2623 914 2674 Καὶ
943 2619 1010 2688 ῆν
1058 2622 1128 2674 τά
1179 2623 1282 2687 ἔξω
1320 2622 1412 2674 τοῦ
1446 2622 1745 2691 Τηριδάτου

172 2718 384 2787 χοῖρος,
440 2715 537 2781 τῆς
591 2715 742 2766 ἔνδον
777 2714 1061 2782 ὠμότῆτός
1095 2731 1153 2765 τε
1189 2715 1283 2766 καὶ
1341 2714 1436 2765 τοῦ
1486 2713 1747 2782 βορϐόρου

172 2807 290 2858 τῶν
324 2805 550 2873 ἡδονῶν,
578 2805 672 2856 καὶ
709 2806 806 2872 τῆς
837 2805 1005 2875 ἄλλης
1035 2806 1278 2873 χοιρείας
1313 2806 1406 2857 καὶ
1445 2803 1624 2870 ψυχῆς
1658 2807 1750 2856 καὶ

176 2896 403 2964 ἀγωγῆς
433 2895 596 2947 εἰκὼ)
625 2895 740 2965 ἅμα
807 2898 900 2948 καὶ
966 2895 1273 2964 εἴσπραξις.
1310 2895 1421 2964 Οὐχ
1464 2897 1492 2946 ὀ
1523 2896 1752 2964 Τηριδά-

178 3004 282 3054 τῆς
318 2987 373 3039 δέ
433 2989 593 3056 μόνος
644 2990 819 3042 ταῦτα
865 2991 892 3041 ό
931 2988 1150 3058 μιαρὸς,
1206 2988 1343 3040 ἀλλὰ
1396 2987 1490 3040 καὶ
1531 2988 1593 3040 τὸ
1627 2990 1755 3057 περὶ

179 3087 346 3138 αὑτὸν
403 3088 801 3156 στρατιωτικὶν
852 3086 1021 3150 ἆπαν,
1075 3086 1168 3138 καὶ
1217 3085 1342 3136 ὅσον
1397 3086 1452 3135 ὲν
1504 3085 1752 3152 ἄρχουσι,

1827 635 2036 686 diorum
2071 636 2240 688 acutis
2275 646 2328 688 et
2367 636 2699 697 secantibus,
2737 637 2939 689 cxsecti
2991 635 3219 688 fuissem
3267 650 3396 688 ven-

1829 733 1957 786 tres,
1987 735 2035 777 et
2087 727 2399 780 universum
2455 727 2729 780 internum
2778 727 3090 797 figmentum
3133 727 3395 782 vidissent

1833 813 2008 867 fusum
2045 832 2140 883 pro
2185 817 2434 885 pedibus,
2472 819 2550 871 eis
2601 819 2774 888 capita
2817 828 3188 888 amputantur.
3222 822 3396 888 Atque

1836 905 2097 958 vicesimo
2127 908 2344 976 quidem
2374 920 2527 962 sexto
2559 910 2763 963 mensis
2796 909 3132 977 Septembris
3167 911 3395 979 gloriosa

1832 992 2074 1063 Ripsime
2133 1011 2385 1050 coronam
2437 1000 2673 1063 suscepit
2733 1000 3076 1068 martyricam
3139 1000 3234 1064 (Ξ).
3301 999 3402 1052 Eas

1834 1103 1984 1147 vero.
2021 1105 2140 1156 quae
2194 1101 2452 1143 venerant
2483 1091 2548 1144 ad
2603 1092 2875 1144 venandas
2931 1092 3074 1145 illius
3121 1092 3400 1158 reliquias.

1836 1177 1978 1229 idem
2014 1181 2129 1232 dies
2153 1181 2285 1233 vidit
2315 1192 2598 1250 martyres.
2631 1183 2726 1237 Die
2756 1195 2943 1236 autem
2979 1185 3229 1251 sequenti
3248 1185 3402 1237 beata

1833 1283 2048 1337 quoque
2075 1270 2276 1324 Gaiana
2324 1291 2446 1327 cum
2490 1276 2651 1330 sociis
2685 1276 2982 1346 virginibus
3017 1284 3404 1343 percurrerunt

1837 1359 2072 1414 stadium
2133 1366 2643 1420 consummationis.
2691 1366 2773 1420 Ab
2831 1366 2923 1420 illo
2977 1380 3104 1433 ergo
3163 1376 3404 1431 tempore

1839 1452 2053 1504 transiit
2079 1461 2262 1506 sextus
2296 1455 2434 1518 dies,
2463 1465 2518 1508 ct
2560 1456 2670 1523 jam
2706 1456 2920 1511 ﬂamma
2973 1471 3221 1511 amorum
3254 1456 3407 1509 Teri-

1839 1541 1976 1594 dataz
2002 1545 2202 1596 sensim
2238 1558 2626 1609 marcescente,
2661 1548 2748 1602 ille
2777 1564 3027 1616 egressus
3043 1559 3125 1600 est
3154 1549 3218 1599 ad
3248 1562 3408 1600 vena-

1840 1637 2063 1691 tionem.
2090 1639 2206 1692 Non
2241 1641 2468 1694 tardavit
2497 1651 2674 1695 autem
2705 1643 2913 1710 justitia
2947 1661 2959 1694 :
3000 1641 3091 1693 sed
3122 1656 3243 1693 eum
3263 1656 3411 1707 quae-

1838 1727 1960 1780 dam
1992 1729 2198 1783 invadit
2223 1733 2447 1794 insania,
2480 1749 2583 1801 qua
2628 1733 2840 1786 furebat
2871 1733 3027 1802 plane
3058 1731 3411 1786 dzemoniace.

1841 1827 1894 1870 et
1923 1834 2031 1888 pra:
2059 1822 2248 1875 morbo
2274 1832 2390 1876 erat
2427 1835 2618 1876 emota:
2659 1825 2874 1882 mentis.
2905 1834 2959 1877 et
3004 1824 3255 1876 dentibus
3286 1838 3411 1875 suas

1843 1912 2132 1966 arrodebat
2154 1929 2344 1968 carnes
2369 1933 2382 1969 :
2410 1925 2464 1970 et
2493 1924 2695 1968 mutata
2720 1915 2818 1968 fuit
2855 1915 3024 1968 forma
3061 1914 3179 1981 ejus
3212 1913 3262 1964 in
3287 1928 3413 1978 por-

1841 2017 1986 2057 cum.
2022 2007 2173 2067 Quod
2226 2009 2269 2062 si
2318 2009 2439 2077 quis
2471 2009 2560 2072 sit,
2592 2008 2680 2076 qui
2713 2022 2818 2060 non
2871 2008 3081 2076 ignoret
3116 2005 3280 2058 fuisse
3308 2002 3414 2055 Na-

1843 2093 2346 2149 buchodonosorem
2398 2108 2662 2151 mutatum
2699 2098 2752 2150 in
2786 2099 2922 2150 hanc
2949 2097 3201 2156 formam,
3223 2096 3412 2148 eodem

1845 2183 2004 2236 modo
2039 2185 2174 2238 sciat
2215 2188 2378 2238 etiam
2426 2187 2731 2240 Teridatem
2781 2189 3048 2248 eamdem,
3092 2202 3252 2254 quam
3301 2186 3410 2245 ille,

1847 2275 2076 2329 subiisse
2103 2279 2482 2331 mutationem.
2514 2277 2713 2345 Sicque
2753 2278 2820 2330 de
2862 2277 3084 2330 libidine
3125 2286 3178 2328 ct
3215 2275 3414 2342 ﬂagitio

1847 2377 2073 2434 sumptae
2104 2378 2227 2421 sunt
2265 2380 2370 2422 tam
2425 2370 2632 2423 acerbze
2679 2383 2850 2438 ptrnze
2879 2369 2980 2435 (5).
3013 2366 3079 2420 Et
3117 2377 3231 2421 erat
3264 2366 3416 2420 Teri-

1847 2458 2000 2512 dates
2041 2462 2380 2514 extrinsecus
2421 2475 2619 2530 porcus
2664 2481 2675 2514 :
2729 2462 2955 2514 interna
2994 2458 3330 2513 crudelitatis
3366 2467 3420 2511 et

1847 2549 2359 2617 ccenivoluptatum.
2393 2563 2444 2605 ct
2475 2555 2696 2605 alterius
2731 2553 2966 2618 porcina:
2993 2553 3186 2605 animze
3216 2567 3276 2604 ac
3300 2551 3422 2604 vita:

1849 2640 2013 2692 simul
2037 2640 2214 2711 imago
2237 2652 2289 2696 et
2325 2658 2505 2710 ptena.
2539 2643 2657 2695 Non
2701 2642 2780 2696 sic
2810 2653 2990 2696 autem
3020 2643 3167 2696 solus
3197 2653 3313 2694 erat
3345 2643 3425 2694 af-

1853 2733 2028 2786 fectus
2061 2736 2431 2789 exsecrandus
2467 2735 2746 2789 Teridates
2788 2751 2802 2786 :
2855 2735 2951 2788 sed
2985 2743 3040 2788 et
3083 2749 3297 2795 omnes,
3329 2733 3424 2801 qui

1855 2835 2010 2879 erant
2040 2842 2165 2881 cum
2195 2843 2261 2882 eo
2297 2823 2520 2888 milites.
2557 2839 2614 2882 et
2654 2830 2967 2897 quicunque
2998 2843 3061 2880 ex
3096 2829 3426 2895 magistrati-

1856 2916 1956 2968 bus
1990 2926 2045 2968 et
2083 2919 2202 2971 aliis
2241 2920 2450 2971 civibus
2484 2921 2642 2971 simul
2677 2921 3003 2971 laetabantur
3035 2921 3120 2978 iis.
3150 2935 3268 2986 quae
3301 2933 3426 2986 per-

1857 3018 2066 3079 petrata
2099 3011 2332 3072 luerant.
2363 3029 2486 3066 cum
2521 3014 2712 3067 eodem
2751 3014 3095 3068 luctabantur
3130 3015 3374 3068 daemone
3409 3033 3423 3068 :

1861 3118 1968 3156 non
2001 3105 2141 3172 quod
2175 3115 2358 3158 essent
2390 3106 2485 3174 ipsi
2517 3122 2729 3174 quoque
2772 3123 3060 3174 porcorum
3093 3107 3266 3160 induti
3304 3122 3428 3174 spe-

183 3185 279 3237 καὶ
313 3186 366 3236 εἴ
393 3203 444 3238 τι
485 3185 612 3236 ἄλλο
635 3182 727 3234 τοῦ
759 3183 1158 3251 πολιτεύματος
1189 3184 1301 3242 τοῖς
1331 3181 1750 3246 τετολμημένοις

1860 3195 1962 3255 cie,
1992 3197 2086 3246 sed
2122 3198 2171 3246 in
2205 3197 2443 3250 furorem
2480 3199 2682 3250 redacti
2715 3209 2890 3256 erant,
2917 3211 2970 3251 et
3000 3214 3026 3250 a
3058 3213 3114 3252 se
3141 3201 3296 3266 plane
3319 3201 3429 3252 dis-

184 3277 443 3345 συνήδετο
480 3275 557 3342 τῷ
591 3275 741 3344 αὐτῷ
776 3276 989 3343 δαίμονι
1017 3274 1358 3326 διαπαλαῖον.
1392 3267 1499 3323 Ἦν
1531 3268 1624 3323 οὖν
1661 3273 1755 3324 καὶ

179 3371 294 3430 τοῖς
355 3367 608 3436 κατόχοις
673 3367 752 3433 τῷ
801 3366 962 3418 πάθει
1025 3365 1186 3417 ὁπότε
1242 3364 1334 3415 καὶ
1392 3364 1754 3434 άνανήῴειαν,

181 3458 358 3527 πολλῆ
391 3459 488 3525 τῆς
520 3457 846 3524 ἀπαλλαγῆς
883 3459 914 3527 ἡ
956 3456 1246 3525 ἐπιθυμία,
1279 3456 1372 3509 καὶ
1401 3459 1510 3524 τοῖς
1537 3457 1758 3525 οἰκείοις

181 3553 216 3621 ἠ
250 3554 474 3621 φροντὶς
529 3551 630 3603 οὐκ
684 3552 944 3610 ἐλάττων,
1003 3549 1159 3602 τοῦτο
1213 3551 1312 3615 μέν
1345 3549 1486 3601 ῶστε
1543 3550 1617 3616 μὴ
1651 3552 1760 3611 τοῖς

181 3644 392 3712 ὁμοίοις
429 3643 781 3710 περιπεσεῖν,
814 3641 974 3691 τοῦτο
1027 3641 1083 3690 δὲ
1142 3639 1281 3689 ὥστε
1317 3640 1414 3703 τῆς
1446 3639 1600 3689 νόσου
1634 3640 1758 3699 τοὺς

188 3738 576 3804 προσήκοντας
606 3733 991 3800 κουφισθῆναι.

257 3823 387 3876 κεν.
439 3824 527 3875 Ἐν
577 3818 621 3890 ᾧ
664 3824 720 3874 δὲ.
773 3822 1032 3884 τοιούτοις
1088 3821 1384 3890 ἐξητάζετο
1439 3823 1670 3875 πάθεσιν
1726 3825 1757 3889 ἡ

201 3914 485 3984 Ἀρμενία,
521 3915 734 3985 δνειρος
774 3918 838 3984 τῇ
875 3914 970 3966 τοῦ
1005 3915 1272 3983 βασιλέως
1304 3915 1509 3981 ἀδελφῇ
1547 3915 1760 3964 Κουσα-

189 4008 455 4075 ροδούκτα
481 4011 758 4078 ἐπιφοιτᾷ.
795 4010 854 4061 '0
881 4008 936 4061 δέ
966 4008 1174 4076 δνειρος
1239 4005 1353 4073 φῶς
1385 4001 1452 4074 ἦν
1487 4004 1760 4075 ἀνθρώπῳ

189 4099 285 4168 τὴν
313 4100 607 4153 διάπλασιν
633 4101 828 4159 ἐοικός.
884 4099 1085 4150 Ἐδόκει
1114 4099 1167 4148 δὲ
1210 4095 1389 4162 λέγειν
1415 4095 1510 4159 ὡς,
1541 4098 1590 4148 εί
1622 4096 1762 4164 Γρη-

189 4192 375 4258 γόριον
409 4192 618 4240 ἐκεῖνον
645 4189 704 4240 ὃν
756 4188 908 4256 παρά
941 4192 1004 4254 τῇ
1036 4185 1186 4239 πόλει
1235 4185 1466 4254 Ἀρταξᾷ
1505 4185 1762 4254 βαράθρῳ

192 4280 448 4346 καθῆκαν
507 4281 868 4348 άνιμήσαιντο
921 4278 1152 4342 ἐκεῖθεν,
1211 4277 1352 4330 κατὰ
1385 4276 1549 4338 πόδας
1601 4276 1760 4338 εὐθὺς

193 4372 288 4423 καὶ
345 4373 500 4434 λύσις
556 4372 914 4440 ἀκολουθήσει
966 4375 1065 4440 τῆς
1125 4369 1430 4438 συμφορᾶς.
1493 4368 1637 4421 Είδὲ
1689 4367 1762 4437 μὴ

191 4461 366 4515 ταῦτα
404 4464 537 4532 μηδὲ
572 4463 714 4515 οὕτω
748 4461 1002 4530 ποιητέον
1032 4461 1240 4523 αὐτοῖς,
1275 4461 1410 4511 ἀλλά
1448 4461 1522 4528 μὴ
1559 4459 1757 4527 ἑτέραν

191 4557 286 4609 τοῦ
343 4554 515 4608 κακοῦ
574 4554 868 4622 θεραπείαν
925 4554 1195 4619 εὑρήσειν.
1249 4548 1434 4600 Ταῦτα
1485 4549 1578 4600 τοῦ
1629 4551 1765 4601 ὀνεί-

198 4665 294 4716 ρου
331 4647 578 4707 εἰπόντος
615 4643 960 4712 παρελθοῦσα
1000 4645 1078 4702 εἰς
1111 4642 1200 4692 τὸν
1225 4641 1395 4709 δῆμον
1454 4642 1485 4709 ή
1554 4642 1766 4695 Κοσσα-

200 4739 472 4806 ροδούκτα
512 4739 688 4809 (ἐνίκα
722 4739 832 4807 γάρ
881 4739 982 4805 τὴν
1017 4735 1148 4787 αἰδῶ
1207 4736 1238 4802 ἡ
1284 4735 1373 4784 ἐπὶ
1423 4734 1500 4801 τῷ
1550 4735 1768 4802 ἀδελφῴ

199 4832 396 4899 λύπη),
427 4831 700 4882 κοινοῦται
728 4832 824 4897 τὴν
859 4829 1003 4896 ὄψιν.
1041 4812 1102 4879 Οί
1133 4827 1188 4878 δὲ
1230 4825 1514 4893 μαίνεσθαι
1546 4827 1638 4878 καὶ
1670 4827 1766 4878 αὑ-

199 4923 299 4992 τὴν
332 4919 634 4990 οἰηθέντες,
665 4921 792 4989 (ποῦ
826 4922 933 4990 γάρ
971 4921 1036 4970 ἂν
1066 4920 1155 4970 καὶ
1187 4917 1377 4970 ὀστοῦν
1419 4918 1495 4968 ἔτι
1529 4917 1768 4986 περιλείο

201 5015 402 5068 πεσθαι
456 5013 754 5083 Γρηγορίου
804 5015 931 5082 παρ’
966 5013 1144 5074 αὐτοῖς
1198 5015 1330 5074 ὅλως
1365 5012 1680 5078 ὴ).πίζετο;)
1713 5011 1770 5060 ἐν

203 5107 498 5180 χλευασμῷ
541 5108 664 5167 τοὺς
696 5109 789 5174 τῆς
827 5106 1305 5175 Κουσαροδούκτας
1338 5104 1528 5169 λόγους
1575 5102 1768 5169 γέλωτι

208 5201 515 5255 ἐποιοῦντο.
561 5201 780 5269 Ἐπειδὴ
815 5199 866 5250 δὲ
915 5201 973 5248 τὸ
1011 5200 1176 5250 κακὸν
1209 5199 1298 5249 ἐπὶ
1327 5195 1484 5246 πλέον
1515 5194 1768 5255 ἐτείνετο,

210 5296 306 5346 καὶ
357 5296 386 5345 ὁ
428 5292 634 5363 δνειρὸς
690 5290 984 5360 ἐπιφοιτῶν
1037 5291 1134 5341 οὐκ
1187 5290 1346 5348 ἀνίει,
1403 5289 1496 5339 καὶ
1548 5287 1579 5353 ἡ
1633 5287 1770 5353 γυνὴ

209 5393 460 5443 ἐπέκειτο
520 5389 855 5457 σφοδροτέρα
919 5384 1304 5450 ἀναγκάζουσα
1335 5383 1421 5434 τὸν
1473 5382 1640 5448 δῆμον
1688 5381 1768 5440 είς

209 5485 370 5548 ἔργον
424 5483 649 5547 ἀγαγεῖν
707 5481 802 5544 τῆν
863 5479 1004 5545 ὄψιν,
1071 5475 1344 5528 στέλλεταί
1379 5490 1459 5534 τις
1499 5471 1648 5540 παρὰ
1698 5471 1773 5538 τῷ

224 5571 463 5640 ’Λρταξᾷ
529 5571 770 5641 φρουρίῳ
819 5573 923 5620 τῶν
970 5573 1270 5638 ἐπισῄμων.
1321 5566 1554 5625 Λὺταῖας
1605 5564 1774 5629 ὄνομα

277 5777 352 5844 (2)
411 5771 674 5844 Ripsitue,
727 5771 953 5844 Gaianae
998 5782 1052 5824 ct
1126 5771 1397 5844 sociarum
1480 5776 1772 5844 martyrum

213 5840 413 5903 festum
437 5842 577 5911 apud
604 5840 818 5897 Cra-cos
843 5845 908 5896 50
924 5841 1258 5910 Septembris
1283 5841 1384 5895 sub
1402 5853 1507 5892 una
1536 5841 1774 5892 solenni-

1797 4520 1844 4579 D

1861 3294 2162 3340 cesserant.
2189 3288 2315 3340 Erat
2339 3289 2502 3356 igitur
2533 3290 2616 3351 iis,
2641 3305 2778 3356 quos
2813 3291 2924 3343 haec
2955 3292 3171 3344 tenebat
3192 3290 3430 3354 all'ectio,

1862 3375 2082 3444 quando
2115 3378 2526 3445 rcsipiscebant,
2568 3379 2906 3432 liberationis
2940 3395 3191 3448 magnum
3220 3383 3433 3435 deside-

1863 3468 2004 3522 rium
2049 3486 2062 3522 :
2097 3485 2394 3538 eorumque
2449 3471 2772 3525 necessariis
2811 3488 2918 3524 non
2953 3473 3129 3524 minor
3158 3474 3318 3541 hujus
3355 3477 3431 3528 rei

1863 3576 2013 3616 cura.
2071 3563 2263 3628 partim
2311 3563 2549 3628 quidem,
2600 3577 2666 3614 ne
2723 3564 3028 3617 inciderent
3074 3565 3128 3618 in
3181 3565 3376 3619 similia
3418 3587 3430 3620 :

1863 3650 2055 3718 partim
2086 3658 2288 3709 autem.
2334 3660 2391 3702 ιιι
2419 3651 2608 3704 morbo
2633 3653 2962 3714 levarentur,
2993 3656 3084 3722 qui
3109 3655 3176 3708 ad
3211 3671 3306 3710 eos
3335 3668 3432 3709 at-

1863 3741 2130 3796 tinebant.

1935 3832 2096 3886 XXV.
2127 3833 2345 3886 Interim
2375 3844 2553 3887 autem
2588 3835 2714 3887 dum
2755 3835 2802 3886 in
2843 3836 2926 3890 his
2970 3838 3123 3892 malis
3150 3839 3433 3894 conﬂicta-

1864 3923 2025 3976 batur
2057 3923 2334 3988 Armenia,
2369 3937 2593 3992 apparet
2624 3925 2897 3980 somnium
2941 3929 3082 3996 regis
3115 3931 3288 3982 sorori
3329 3932 3435 3983 (Ju-

1865 4015 2187 4069 saroductae.
2209 4015 2490 4068 Somnium
2524 4025 2704 4069 autem
2760 4028 2876 4069 erat
2913 4015 3002 4070 lu:
3035 4018 3239 4071 homini
3267 4020 3434 4089 ﬁgura

1864 4107 2074 4158 similis.
2117 4107 2404 4159 Videbatur
2435 4119 2614 4160 autem
2655 4110 2854 4173 dicere,
2877 4111 3018 4178 quod
3047 4111 3088 4164 si
3117 4110 3432 4182 Gregorium

1868 4198 2042 4252 illum.
2064 4213 2226 4267 quem
2259 4199 2308 4252 in
2337 4199 2554 4253 civitate
2580 4203 2805 4254 Artaxat
2837 4202 2889 4254 in
2921 4204 3235 4256 barathrum
3259 4205 3435 4258 demi—

1867 4301 2076 4354 serunt,
2117 4291 2264 4345 illinc
2321 4292 2622 4356 hauserint,
2665 4308 2695 4346 e
2742 4293 2967 4363 vestigio
3006 4293 3131 4348 mali
3175 4306 3435 4363 sequetur

1867 4383 2083 4436 solutio.
2113 4382 2206 4436 Sin
2271 4384 2450 4438 minus
2509 4398 2688 4437 autem
2745 4385 2859 4439 haec
2912 4386 2988 4439 sic
3032 4386 3183 4447 ﬁant,
3232 4403 3439 4455 nequa-

1873 4489 2032 4540 quam
2071 4485 2196 4526 sunt
2240 4476 2510 4528 inventuri
2561 4476 2717 4527 aliam
2751 4475 3111 4530 curationem.
3155 4476 3275 4530 Haec
3311 4493 3435 4530 cum

1872 4566 2098 4620 dixisset
2146 4565 2437 4628 somnium,
2476 4563 2540 4617 ad
2595 4565 2851 4633 populum
2899 4565 3161 4620 accedens
3206 4566 3441 4621 Cusaro-

1873 4657 2033 4708 ducta
2082 4655 2356 4718 (vincebat
2385 4657 2530 4708 enim
2566 4657 2828 4725 pudorem
2872 4656 2935 4719 is,
2970 4672 3130 4726 quem
3178 4659 3244 4710 de
3275 4657 3439 4713 fratre

1873 4744 2176 4813 accipiebat
2207 4744 2380 4811 dolor)
2411 4744 2775 4798 communicat
2809 4745 3092 4797 visionem.
3143 4744 3216 4796 Illi
3259 4755 3436 4797 autem

1874 4851 1992 4890 eam
2023 4835 2270 4889 arbitrati
2318 4835 2558 4888 insanire
2592 4835 2886 4902 (quomodo
2940 4835 3081 4888 enim
3130 4845 3440 4904 speraretur

1875 4929 2016 4995 apud
2049 4943 2143 4980 eos
2185 4912 2407 4979 omnino
2433 4927 2700 4995 reliquum
2737 4943 2856 4980 esse
2903 4927 2978 4980 vel
3013 4942 3078 4982 os
3111 4926 3274 4980 ullum
3307 4927 3439 4981 Gre-

1874 5015 2064 5083 gorii?)
2089 5015 2251 5068 verba
2287 5015 2669 5070 Cusaroductte
2713 5015 3118 5065 subsannabant
3155 5023 3206 5066 et
3253 5015 3438 5065 irride-

1876 5108 2022 5161 bant.
2055 5105 2187 5158 Cum
2234 5116 2412 5159 autem
2457 5104 2656 5157 malum
2703 5104 3101 5165 intenderetur,
3139 5119 3236 5155 nec
3276 5104 3439 5156 inter-

1877 5199 2116 5251 mitteret
2173 5197 2462 5250 adventare
2511 5196 2808 5255 somnium.
2861 5204 2913 5247 et
2972 5195 3164 5247 mulier
3215 5194 3442 5248 instaret

1877 5291 2273 5348 vehementius,
2311 5303 2508 5357 cogens
2557 5287 2840 5356 papulum,
2873 5297 2930 5339 ut
2973 5286 3236 5340 visionem
3271 5288 3333 5336 ad
3364 5286 3441 5337 ef-

1879 5382 2074 5435 fectum
2118 5381 2434 5442 deduceret,
2471 5380 2698 5431 mittitur
2744 5379 2962 5446 quidatn
3015 5378 3093 5429 vir
3147 5377 3324 5430 clarus
3378 5379 3443 5430 ad

1876 5471 2137 5539 oppidum
2171 5470 2413 5531 Artavat.
2458 5470 2677 5522 nomine
2726 5468 3129 5522 Autaias.Cum
3164 5485 3311 5538 ergo,
3353 5483 3443 5536 qut

1878 5566 1930 5618 in
1965 5579 2032 5617 eo
2065 5575 2242 5628 erant,
2277 5574 2689 5632 rogassent,cUr
2725 5562 2928 5615 veniret
2965 5561 3201 5622 Antaias,
3229 5572 3448 5628 etquae-

1881 5779 1986 5822 tate
2019 5767 2348 5823 celebratur.
2381 5769 2575 5834 Latini,
2610 5768 2678 5821 ‘29
2712 5767 3066 5838 Septembris.

1957 5841 2032 5909 (ὅ)
2081 5840 2211 5892 Dan.
2245 5844 2295 5891 4.
