3968 6464
183 377 319 444 1001

1279 380 1738 442 MARTYRIUM
1779 379 1839 439 S.
1880 379 2341 443 CHARITINE.

3285 381 3423 447 100'!

173 503 310 558 ταῖς
372 496 630 567 πλευραῖς
680 497 848 568 αὐτῆς
902 497 1291 553 ἐπικαίεσθαιο
1343 502 1373 566 ή
1427 500 1626 562 δέ,καὶ
1655 498 1746 550 τῶκ

1865 499 2361 569 accendebantur(l
2384 498 2449 569 t),
2493 499 2761 556 intensius
2799 501 3179 572 perseverabat
3212 501 3264 556 in
3298 519 3424 557 ora-

173 587 489 657 λαμπάδων
526 589 945 658 ὑφαπτομένων,
987 590 1094 642 τῶν
1148 591 1322 661 εὐχῶν
1376 591 1760 660 ἐκτενέστερον

170 681 389 748 εἴχετο,
435 682 662 744 καὶτῆς
701 683 970 751 τιμωρίας
1008 682 1260 734 ἀνεθεῖσα
1317 682 1453 753 πρὸς
1497 681 1556 734 τὸ
1600 680 1758 733 θῦσαι

169 773 300 831 τοῖς
336 771 478 832 θεοῖς
510 772 871 838 ἠναγκάζετο.

255 861 336 914 Δ’.
380 860 531 913 Ἐπεὶ
560 863 615 915 δέ
648 865 742 915 καὶ
793 864 990 934 καρδίᾳ
1017 863 1109 915 καὶ
1159 863 1394 932 χείλεσιν
1424 863 1759 932 ἀμετάθετος

170 947 248 1021 ἦν
279 954 382 1020 τὴν
415 954 728 1019 ὁμολογίαν,
756 955 950 1022 ἐπίσης
997 955 1136 1022 αὐτῇ
1188 955 1282 1006 καὶ
1308 955 1336 1005 ὁ
1376 953 1635 1017 δικάζων,
1663 953 1760 1022 τὴν

172 1043 280 1093 ἐπὶ
317 1044 394 1112 τῷ
427 1043 583 1112 κακῷ
615 1043 864 1094 ἔνστασιν
899 1042 1175 1104 ἀνένδοτος
1198 1041 1294 1106 ῶν,
1315 1031 1527 1098 κελεύει
1553 1042 1758 1110 ταύτην

173 1132 339 1185 λίθον
389 1133 482 1184 τοῦ
527 1133 798 1202 τραχήλου
857 1133 1177 1203 ἐκδεθῆναι,
1218 1135 1312 1185 καὶ
1371 1133 1541 1196 οὓτως
1591 1134 1759 1199 αὐτὴν

175 1227 332 1278 κατά
367 1225 529 1295 βυθοῦ
548 1225 818 1293 θαλάσσης
838 1226 1206 1293 ἁποῤῥιςρῆναι
1233 1240 1245 1254 ³
1273 1218 1444 1293 οὗπερ
1491 1226 1554 1295 δὴ
1608 1241 1761 1292 γενο-

177 1320 382 1386 μένου,
428 1315 748 1384 Εὑχαριστῶ
782 1333 884 1380 σοι,
939 1315 1195 1385 Κύριε,ή
1246 1318 1454 1386 μάρτυς
1506 1317 1758 1376 ἐϐόα,ὄτι

177 1426 254 1478 με
294 1409 524 1460 διελθεῖν
552 1408 617 1460 δι’
648 1407 836 1470 ὕδατος
866 1407 1152 1458 θαλαττίου
1185 1407 1272 1459 διὰ
1296 1405 1470 1461 τοσὸν
1533 1397 1759 1478 εὐλογη-

173 1498 278 1547 τον
306 1499 503 1566 ὄνομα,
547 1494 687 1546 ῶστε
727 1497 819 1548 καὶ
876 1494 1126 1564 καθαρὰν
1167 1496 1458 1565 εὑρεθῆναι
1486 1498 1626 1549 κατὰ
1662 1497 1759 1566 τὴν

172 1588 403 1657 ἡμέραν
460 1587 560 1656 τῆς
613 1587 962 1647 ἀναστάσεως
987 1603 1000 1618 ·
1035 1586 1170 1640 ἀλλά
1227 1604 1317 1639 σου
1352 1586 1539 1651 δεῖξον,
1565 1588 1640 1648 ὡς
1674 1587 1758 1639 ἀεὶ

173 1681 286 1732 καὶ
318 1678 413 1730 νῦν
443 1679 526 1732 ἐπ’
561 1681 683 1748 ἐμοὶ
707 1679 775 1730 τὰ
799 1678 1097 1744 θαυμάσια,
1124 1680 1192 1730 δι’
1227 1673 1301 1731 ὧν
1337 1681 1427 1730 ἐπὶ
1481 1677 1643 1730 πλέον
1671 1678 1757 1729 δο-

173 1773 518 1843 ξασθήσεται
569 1773 628 1824 τὸ
682 1775 823 1839 μέγα
877 1789 970 1823 σου
1018 1772 1189 1832 ὄνομα
1239 1772 1317 1832 είς
1368 1772 1493 1831 τοὺς
1531 1770 1753 1831 αἰῶνας.

185 1866 393 1935 Ἀμήν.
438 1865 620 1915 Ταῦτα
667 1862 838 1923 οὕτως
869 1863 1048 1930 ἐκείνη
1077 1879 1136 1914 τε
1173 1862 1537 1932 προσηύχετο,
1566 1861 1659 1914 καὶ
1689 1861 1755 1912 τὰ
1784 1886 1831 1944 Β

166 1954 360 2023 δεσμὰ
389 1955 645 2019 διελύετο,
667 1954 825 2021 μόνος
850 1969 905 2004 τε
935 1953 961 2003 ὁ
991 1953 1132 2014 λίθος
1153 1953 1229 2020 τῷ
1261 1952 1405 2020 βυθῷ
1444 1951 1750 2004 κατεδύετο.

181 2047 255 2099 Ἦ
295 2048 351 2098 δὲ
387 2047 452 2116 (ὦ
489 2047 579 2100 τοῦ
622 2045 950 2114 θαύματοςί)
981 2046 1202 2113 ἀτρόμῳ
1249 2046 1367 2096 ποδὶ
1398 2047 1508 2106 τοῖς
1537 2043 1635 2112 τῆς
1662 2042 1757 2094 θα-

167 2142 390 2207 λάσσης
412 2141 598 2197 νώτοις
631 2139 890 2204 ἐφίστατο
923 2138 1014 2189 καὶ
1044 2137 1150 2188 τῶν
1182 2136 1386 2189 ὑδάτων
1412 2130 1498 2187 οἷα
1527 2136 1752 2202 στερεᾶς

169 2230 540 2283 ἐπιδαίνουσα
574 2227 708 2298 πρὸς
733 2228 823 2279 τὸν
853 2225 1098 2293 αἰγιαλὸν
1118 2227 1426 2294 ἐπορεύετο.
1469 2224 1555 2277 Ἐν
1584 2227 1756 2294 τούτῳ

169 2321 232 2373 δὲ
263 2323 358 2373 καὶ
385 2321 473 2372 τὸν
527 2318 793 2372 ὑπατικὸν
845 2317 1027 2370 ἰδοῦσα
1077 2319 1456 2388 προσμένοντα
1486 2335 1544 2370 τε
1575 2320 1666 2370 καὶ
1695 2318 1754 2368 τὸ

168 2414 272 2465 τοῦ
310 2413 632 2481 πράγματος
667 2413 842 2478 πέρας
875 2409 1022 2474 ἰδεῖν,
1067 2411 1206 2479 ὅπερ
1230 2410 1296 2462 ἂν
1332 2410 1558 2478 γένοιτο,
1605 2408 1754 2462 ἐκδε-

165 2505 432 2574 χόμενον,
463 2503 709 2572 Χαίροις,
740 2501 993 2564 ὑπατικέ,
1043 2500 1230 2567 λέγει·
1267 2501 1392 2553 οὑδέ
1441 2501 1602 2570 μέχρι
1661 2501 1755 2552 καὶ

169 2597 274 2649 νῦν
315 2597 550 2665 συνῆκας
593 2595 688 2666 τὴν
735 2594 814 2653 είς
849 2593 947 2663 ἐμὲ
981 2592 1075 2645 τοῦ
1113 2591 1465 2662 ἐνεργοῦντος
1522 2595 1578 2644 ἐν
1628 2593 1752 2660 ἐμοὶ

167 2689 417 2756 Χριστοῦ
468 2689 736 2756 δύναμιν;
774 2689 843 2740 Ἢ
891 2687 1219 2755 τυφλώττειν
1267 2686 1346 2739 ἐτι
1406 2686 1749 2754 φιλονεικεῖς,

169 2782 271 2830 καὶ
306 2780 438 2859 πρὸς
484 2781 583 2845 τὴν
640 2779 898 2847 ἀλήθειαν
952 2779 1365 2847 ἀπομάχεσθαις
1399 2778 1458 2829 El
1511 2779 1608 2846 μὲν
1638 2773 1748 2840 οὖν,

167 2871 268 2922 τοῦ
346 2871 569 2931 σκότους
640 2871 914 2937 ἀφέμενος
968 2869 1045 2937 τῷ
1102 2871 1341 2939 ἀληθινῴ
1396 2869 1754 2938 προσδράμῃς

170 2963 342 3030 φωτὶ,
389 2962 597 3030 σεαυτῷ
657 2962 1060 3031 πραγματεύσῃ
1111 2964 1208 3029 τὴν
1266 2963 1574 3030 σωτηρίαν·
1609 2964 1657 3014 εί
1697 2961 1752 3013 δὲ

169 3057 269 3106 καὶ
307 3057 386 3106 ἔτι
425 3057 536 3115 τοῖς
581 3055 868 3123 προτέροις
917 3055 1172 3122 ἐμμεῖναι
1199 3051 1470 3119 θελήσεις,
1499 3054 1621 3119 ἐμοὶ
1654 3053 1751 3120 μὲν

170 3146 388 3197 πολλῶν
445 3147 616 3206 uitta;
677 3145 916 3211 ἀγαθῶν,
963 3147 1029 3214 τῇ
1059 3144 1115 3196 δὲ
1158 3147 1223 3213 σῇ
1276 3145 1420 3212 ψυχῇ
1474 3142 1747 3204 ἀπωλείας

1865 589 2120 644 tionibus.
2157 589 2260 644 Sed
2295 607 2322 644 a
2355 593 2596 646 cruciatu
2631 594 2879 649 relaxata:
2906 594 2986 649 vis
3027 594 3206 656 ﬁebat.
3231 605 3287 650 ut
3319 595 3426 649 diis

1863 681 2214 736 sacriﬁcaret.

1934 859 2022 913 IV.
2048 860 2183 915 Cum
2213 872 2394 916 autem
2437 872 2490 918 et
2522 865 2684 920 corde
2711 875 2767 920 et
2795 867 2960 920 labris
2997 868 3048 920 in
3086 867 3426 922 confessione

1861 958 2006 1003 esset
2049 950 2425 1016 immutabilis,
2473 952 2660 1020 judex,
2692 956 2780 1023 qui
2829 971 2981 1024 teque
3025 967 3184 1025 atque
3215 958 3327 1026 ipsa
3372 957 3425 1010 in

1864 1041 2146 1095 tormentis
2188 1054 2466 1105 constans,
2501 1046 2566 1098 ad
2603 1047 2802 1100 malum
2838 1057 2954 1102 erat
2985 1048 3306 1111 obstinatus,
3337 1051 3426 1118 ju—

1864 1131 1954 1185 bet
1995 1132 2227 1200 lapidem
2262 1134 2400 1186 collo
2440 1135 2556 1202 ejus
2592 1136 2794 1205 alligari
2829 1147 2879 1190 et
2915 1138 2992 1192 sic
3019 1155 3136 1192 eam
3172 1138 3331 1209 dejici
3372 1141 3425 1193 in

1861 1220 2188 1289 profundum
2221 1224 2386 1276 maris
2419 1225 2550 1293 (l2).
2590 1226 2741 1291 Quod
2792 1228 3011 1298 quidem
3059 1244 3182 1283 cum
3225 1231 3425 1284 factum

1861 1321 2025 1370 esset.
2059 1317 2168 1383 Ago
2213 1314 2308 1367 tibi
2357 1318 2579 1384 gratias,
2612 1319 2854 1382 Domine,
2889 1321 3158 1374 clamabat
3202 1333 3424 1393 martyr,

1860 1403 2005 1471 quod
2051 1415 2110 1457 ut
2160 1421 2255 1473 per
2288 1421 2482 1475 aquam
2539 1410 2799 1464 marinam
2853 1413 3160 1474 transirem,
3207 1425 3428 1484 pr0pter

1860 1506 2106 1548 sanctum
2147 1507 2294 1550 tuum
2328 1515 2547 1562 nomen,
2587 1501 2684 1554 tibi
2719 1501 2890 1554 visum
2918 1503 3007 1566 sit,
3040 1518 3148 1571 quo
3180 1504 3427 1558 inveniar

1861 1587 2059 1638 munda
2097 1587 2148 1638 in
2197 1587 2284 1642 die
2325 1591 2776 1654 reSurrectionis;
2819 1593 2910 1645 sed
2959 1603 3046 1646 tua
3093 1596 3340 1661 ostende,
3368 1606 3428 1650 ut

1860 1692 2094 1746 semper,
2129 1695 2272 1732 nunc
2320 1697 2534 1749 quoque
2594 1683 2646 1735 in
2701 1698 2789 1736 me
2841 1683 3120 1747 miracula,
3176 1701 3271 1754 per
3304 1703 3424 1754 quze

1861 1785 2115 1840 magnum
2147 1783 2296 1826 tuum
2340 1790 2538 1829 nomen
2572 1775 2742 1844 magis
2782 1774 3114 1844 gloriﬁcetur
3144 1778 3194 1830 in
3228 1779 3422 1834 szecula

1861 1861 2205 1915 smeulorum.
2235 1864 2426 1916 Amen.
2463 1862 2583 1917 Haec
2617 1863 2703 1916 illa
2742 1863 2816 1916 sic
2850 1868 3042 1924 oravit,
3073 1875 3126 1919 et
3165 1867 3427 1922 diSSoluta

1859 1962 1984 2005 sunt
2011 1953 2241 2016 vincula,
2276 1963 2328 2007 et
2364 1954 2513 2007 solus
2544 1955 2678 2022 lapis
2701 1955 2802 2008 fuit
2830 1957 2882 2008 in
2917 1954 3184 2023 profundo
3210 1958 3426 2012 demer-

1857 2061 1971 2100 sus.
2025 2044 2112 2098 llla
2158 2055 2338 2100 autem
2387 2048 2456 2115 (ο
2501 2048 2896 2116 miraculum!)
2936 2048 3090 2102 firmo
3139 2065 3200 2102 ac
3247 2049 3424 2104 stabili

1857 2138 1992 2207 pede
2029 2136 2207 2190 stabat
2254 2151 2416 2204 super
2464 2136 2688 2190 dorsum
2741 2136 2927 2197 maris,
2989 2146 3041 2190 et
3089 2152 3185 2206 per
3235 2152 3424 2206 aquas,

1857 2240 2112 2298 tanquam
2149 2245 2246 2298 per
2273 2238 2474 2282 terram
2508 2229 2736 2284 solidam
2762 2229 3092 2298 ingrediens,
3120 2230 3428 2297 proﬁcisce-

1855 2324 2015 2378 batur
2050 2323 2115 2376 ad
2147 2323 2300 2376 littus
2330 2322 2466 2389 (l3).
2502 2323 2724 2376 Interim
2758 2337 2884 2376 vero
2913 2337 3036 2376 cum
3073 2322 3424 2376 vidissetma-

1856 2428 2076 2470 nentem
2122 2415 2464 2469 consularem
2506 2426 2559 2468 et
2586 2423 3015 2483 exspectantem,
3051 2413 3298 2482 quisnam
3343 2414 3429 2468 lu-

1857 2517 2014 2562 turus
2041 2515 2188 2560 esset
2221 2506 2295 2559 rei
2327 2506 2524 2564 exitus.
2566 2505 2698 2559 dicit
2732 2523 2743 2557 :
2782 2506 2962 2568 Salve,
2997 2505 3324 2558 consularis.
3350 2503 3428 2559 Ne

1856 2614 2004 2653 nunc
2047 2597 2262 2666 quidem
2309 2596 2620 2650 intellexisti
2675 2597 2929 2649 virtutem
2978 2594 3202 2661 Christi,
3243 2595 3333 2664 qui
3372 2597 3426 2649 in

1856 2708 1942 2745 me
1970 2688 2264 2759 operatur?
2298 2692 2375 2742 An
2410 2690 2586 2744 adhuc
2637 2689 2922 2744 contendis
2964 2689 3216 2742 caecutire
3260 2698 3313 2741 et
3345 2703 3428 2744 re-

1856 2796 2094 2850 pugnare
2121 2780 2334 2833 veritati
2359 2782 2380 2830 ?
2405 2779 2459 2832 Si
2493 2794 2621 2848 ergo
2657 2779 2856 2833 relictis
2887 2777 3127 2830 tenebris
3151 2776 3214 2830 ad
3240 2792 3422 2829 veram

1857 2872 2030 2925 lucem
2067 2872 2384 2931 accesseris,
2430 2871 2522 2923 tibi
2559 2870 2878 2938 procurabis
2907 2869 3159 2922 salutem.
3191 2867 3347 2934 Quod
3378 2868 3423 2921 si

1856 2963 2148 3033 persistere
2174 2965 2306 3017 velis
2332 2963 2382 3016 in
2407 2965 2703 3031 prioribus,
2732 2962 2864 3015 mihi
2889 2962 3105 3030 quidem
3133 2962 3241 3015 eris
3261 2976 3422 3014 causa

1855 3056 2145 3108 multorum
2205 3056 2494 3114 bonorum,
2525 3063 2628 3106 tum
2678 3063 2858 3106 autem
2903 3053 3098 3106 anim-.e
3144 3052 3422 3106 interitum

1854 3148 2190 3202 conciliabis.
2229 3148 2376 3200 llanc
2418 3145 2631 3200 dicendi
2676 3145 2975 3197 libertatem
3016 3159 3137 3196 cum
3171 3159 3278 3195 non
3315 3144 3423 3196 ler-

170 3235 437 3304 προξενος
491 3237 611 3307 ἔσῃ.
660 3236 874 3302 Ταύτην
904 3239 930 3286 ὁ
973 3238 1277 3304 κατάρατος
1311 3239 1409 3304 τὴν
1439 3237 1746 3305 παρρησίαν

1857 3249 1934 3295 ret
1967 3241 2048 3293 vir
2087 3239 2477 3299 exsecrandus.
2511 3253 2577 3294 eo
2623 3248 2827 3295 autem.
2862 3235 3005 3304 quod
3038 3236 3088 3288 in
3121 3250 3239 3288 eam
3275 3235 3423 3288 acci-

167 3331 270 3379 οὐκ
309 3324 566 3392 ἐνεγκὼν,
589 3325 668 3375 ἐτι
697 3325 750 3377 δὲ
789 3331 881 3377 καὶ
909 3325 966 3376 τὸ
998 3328 1125 3394 περὶ
1160 3327 1325 3393 αὐτὴν
1359 3325 1541 3394 θαῦμα
1572 3342 1746 3377 κατα-

171 3417 402 3482 πλαγεὶς
433 3416 678 3478 ἐξίστατο
717 3433 773 3466 τε
800 3413 1017 3477 ἐΑυτΟὗ,
1039 3415 1133 3466 καὶ
1159 3417 1373 3484 deamvi;
1391 3415 1743 3484 κατείληπτο.

185 3509 318 3576 Ὁψέ
348 3508 406 3559 δέ
435 3521 562 3560 ποτε
591 3508 687 3559 καὶ
720 3506 874 3575 μόλις
900 3505 1212 3572 ἀνενεγκὼν
1246 3507 1484 3558 συνιέναι
1518 3505 1615 3573 μὲν
1648 3507 1747 3557 οὐκ

171 3601 433 3652 ἐϐούλετο
456 3615 469 3628 ⁸
503 3600 637 3663 φησὶ
669 3597 723 3648 δὲ
750 3613 762 3626 ·
791 3597 1048 3664 Μεγάλην
1083 3596 1288 3647 οἴεσθαί
1342 3612 1410 3662 με
1453 3594 1544 3646 τοῦ
1583 3595 1742 3646 Γαλι-

170 3693 330 3743 λαίου
385 3691 482 3757 τὴν
533 3689 763 3756 δύναμιν
818 3687 1067 3739 πείθουσι
1099 3686 1164 3738 τά
1221 3687 1590 3755 γεγενημένα,
1625 3684 1742 3737 ἀλλ’

169 3786 351 3850 ἔγωγε
384 3780 606 3850 γοητείᾳ
639 3778 834 3850 μᾶλλον
863 3778 1264 3846 ἐξειργασμένα
1295 3778 1534 3843 διαλέξαι
1564 3779 1740 3832 ταῦτα

171 3878 528 3944 πειράσομαι.
571 3873 756 3932 Οὕτως
807 3871 934 3938 ἔφη,
970 3873 1061 3922 καὶ
1108 3873 1221 3932 τοῖς
1266 3872 1610 3938 παρεστῶσιν
1643 3875 1742 3925 αὑ·

169 3970 299 4018 τίκα
329 3967 425 4025 τὰς
453 3963 599 4030 beast;
634 3960 904 4013 ἐπιϐαλὼν
929 3959 1212 4028 γυμνῶσαί
1247 3976 1303 4011 τε
1334 3963 1430 4030 τὴν
1464 3963 1741 4031 μακαρίαν

169 4057 337 4119 εὐθὺς
401 4055 494 4107 καὶ
554 4058 1006 4125 περια·ίκωνᾶ,σαι
1062 4050 1389 4120 προστάττει
1445 4054 1622 4123 τροχῴ
1683 4071 1740 4106 τε

239 4262 357 4330 (ll)
395 4259 643 4313 lncvnsas
681 4257 845 4330 faces.
879 4270 984 4308 non
1014 4253 1511 4330 tantumlaterious
1540 4267 1742 4328 marty-

168 4327 314 4392 rum,
339 4327 437 4384 sed
465 4339 518 4382 et
548 4329 771 4395 singulis
802 4342 989 4378 eorum
1024 4328 1279 4377 membris
1310 4327 1553 4379 admotas
1574 4327 1744 4396 quau-

168 4409 349 4470 doque
379 4403 561 4470 luisse,
592 4407 821 4448 testatur
850 4397 1158 4470 Lactantius
1192 4396 1262 4447 De
1285 4396 1458 4470 Mori.
1480 4409 1738 4466 persecat.

169 4465 289 4540 cap.
334 4486 440 4522 ut.
489 4465 789 4540 Lamp-ades
832 4477 1008 4540 autem
1047 4468 1173 4540 inte.
1229 4479 1380 4540 utne;
1427 4465 1653 4521 Galomo
1686 4480 1740 4524 et

1851 3334 2023 3391 derat,
2054 3331 2310 3384 miraculo
2341 3338 2484 3385 esset
2520 3326 2952 3395 obstupefactus,
2985 3341 3014 3378 a
3047 3341 3105 3379 se
3148 3326 3421 3389 discessu,

1850 3436 2081 3491 eumque
2115 3437 2217 3473 vox
2249 3431 2300 3472 et
2334 3436 2511 3472 sermo
2540 3419 2760 3472 defecit.
2791 3419 2927 3472 Cum
2964 3427 3144 3472 autem
3189 3417 3272 3471 vix
3299 3428 3422 3471 tan-

1850 3516 1971 3568 dem
2024 3515 2088 3567 ad
2149 3528 2207 3567 se
2243 3512 2510 3573 rediisset,
2552 3511 2768 3564 nolebat
2824 3509 3040 3578 quidem
3097 3510 3419 3580 intelligere.

1849 3605 1995 3658 Dixit
2040 3615 2220 3658 autem
2255 3621 2266 3656 :
2303 3603 2369 3657 Ut
2410 3619 2655 3673 magnam
2699 3601 2901 3658 Galilaei
2936 3601 3044 3671 (l4)
3082 3612 3266 3671 putem
3300 3618 3421 3657 esse

1849 3695 2164 3761 potentiam,
2208 3694 2534 3763 persuadent
2563 3710 2648 3756 ea,
2672 3711 2789 3762 qua:
2822 3695 2960 3748 facta
2997 3705 3156 3760 sunt;
3194 3697 3286 3748 sed
3319 3711 3419 3767 ego

1847 3788 2084 3841 conabor
2137 3790 2445 3850 ostendere,
2507 3801 2567 3840 ea
2625 3786 2805 3856 potius
2855 3785 2991 3840 facta
3042 3800 3160 3840 esse
3205 3789 3417 3856 praesti-

1847 3876 1946 3945 giis
1981 3875 2114 3944 (15).
2151 3875 2238 3927 Sic
2269 3875 2423 3936 dixit,
2456 3885 2511 3928 et
2556 3876 2610 3928 in
2648 3893 2761 3941 eos,
2800 3878 2888 3945 qui
2925 3877 3192 3941 astabant,
3231 3881 3413 3933 statim

1847 3967 2030 4022 oeulos
2053 3967 2370 4033 conjiciens,
2396 3967 2550 4034 jubet
2590 3982 2684 4021 eos
2718 3971 2896 4021 statim
2937 3972 3142 4024 nudare
3172 3981 3414 4025 sanctam

1846 4061 2172 4115 ctmanibus
2206 4069 2328 4129 post
2374 4069 2577 4132 tergum
2611 4062 2804 4117 vinctis
2825 4076 2942 4116 eam
2987 4071 3116 4117 rota
3157 4062 3266 4130 (ιω
3294 4063 3416 4116 alli-

1844 4278 1963 4332 cap.
1994 4262 2504 4334 2|.Anonnunquam
2531 4271 2762 4316 tortores
2791 4262 3062 4332 lampades
3100 4264 3216 4317 illas
3237 4281 3412 4334 quan-

1847 4346 1958 4388 tum
1993 4337 2058 4387 ad
2089 4332 2415 4386 ﬂammantia
2452 4334 2672 4389 lumina.
2706 4336 2843 4387 haud
2875 4351 3001 4386 vero
3037 4332 3298 4404 quantum
3341 4339 3410 4390 ad

1843 4407 2097 4465 Calorem,
2120 4405 2274 4470 paulo
2308 4415 2430 4474 ante
2458 4406 2896 4471 exstinguebant.
2916 4422 3075 4474 quam
3117 4417 3410 4474 martyrum

1846 4475 2165 4542 eorpOi-ibus
2188 4487 2280 4523 eas
2312 4473 2682 4546 admoverent,
2713 4486 2769 4526 ut
2798 4479 2875 4528 sic
2909 4473 3118 4528 leutiori
3154 4473 3272 4546 igne
3295 4492 3413 4529 cre-

168 4535 464 4594 Laurentio
498 4543 563 4589 de
611 4536 792 4610 Rebus
836 4538 1062 4610 publicis
1093 4539 1248 4586 docet
1281 4535 1512 4589 Pttiscus
1556 4543 1609 4610 in
1637 4556 1734 4592 suo
1765 4549 1814 4608 υ
1847 4535 2057 4598 mandis
2084 4553 2377 4608 martyrum
2409 4543 2670 4597 membris
2700 4548 2941 4610 aptiores
2969 4557 3172 4598 essent,

169 4613 364 4665 Lexico
413 4609 819 4676 Antiquitatum,
873 4608 1072 4658 tiebant
1131 4610 1230 4656 hoc
1266 4609 1467 4658 modo:
1513 4625 1530 4658 ι
1564 4609 1735 4662 Desu-

168 4686 476 4742 mebantur,
527 4681 701 4744 inquit
750 4676 994 4729 laudatus
1039 4676 1289 4736 Pitiscus,
1333 4691 1456 4729 vasa
1491 4680 1732 4744 quaedam

168 4754 273 4804 lata
330 4753 490 4802 unius
541 4749 699 4814 patmi
733 4745 1129 4819 longitudinis,
1157 4816 1165 4819 _
1194 4746 1278 4797 vel
1308 4747 1733 4819 .aliquantulum

165 4823 412 4888 "latoris,
432 4833 551 4884 qua:
583 4818 777 4870 deinde
805 4830 834 4867 a
866 4831 1076 4868 summo
1103 4816 1166 4866 ad
1190 4816 1475 4868 arctiorein
1505 4820 1733 4874 formam

164 4886 440 4960 paululum
468 4897 809 4958 praepostera:
846 4900 1217 4960 perversa:un
1248 4888 1539 4960 pyramidis
1565 4890 1734 4943 instar

168 4955 632 5015 contrahebantur
656 4967 817 5024 atque
841 4957 1337 5024 adstringebantur.
1360 4955 1523 5009 Erant
1555 4973 1732 5014 autem

167 5048 318 5091 vasa,
358 5032 437 5083 vel
469 5041 666 5089 terrea,
707 5030 867 5080 sicuti
904 5027 1147 5078 indicant
1181 5026 1292 5088 illa,
1317 5041 1435 5093 quae
1464 5041 1526 5079 es
1562 5032 1734 5084 ruinis

169 5103 400 5168 hujusce
433 5098 590 5152 Urbis
638 5097 864 5165 (Romae)
891 5110 1280 5168 nonnunquam
1315 5106 1612 5168 eruuntur;
1653 5101 1731 5153 vel

169 5164 367 5230 ter-rea,
401 5181 458 5221 ut
513 5164 694 5220 innuit
733 5170 946 5218 Colum.
996 5181 1091 5225 xu,
1129 5165 1213 5225 t8,
1373 5164 1563 5219 Postea
1607 5185 1731 5222 vero

165 5257 292 5293 vasa
347 5241 460 5293 haec
518 5239 742 5292 hastulis
775 5236 1098 5302 quibusdam
1150 5236 1427 5304 quadratis
1473 5246 1526 5288 et
1571 5241 1731 5292 simul

163 5312 426 5381 colligatis
460 5318 630 5377 septa,
672 5325 789 5377 quas
831 5307 898 5381 ad
930 5321 1201 5381 vasormn
1229 5306 1638 5381 similitudinem
1679 5321 1732 5364 et

165 5376 316 5450 ipsa!
367 5395 398 5433 ιι
451 5376 700 5432 summo
745 5377 1002 5450 paulatim
1072 5376 1552 5450 astringebantur,
1611 5383 1731 5448 igne

164 5444 436 5505 liaiumam
466 5444 759 5503 emittente
779 5448 970 5516 repleri
1007 5444 1271 5498 solebant.
1302 5445 1469 5499 Porro
1509 5449 1607 5502 has
1634 5444 1732 5503 tia-

165 5525 360 5581 stulas.
390 5525 433 5574 si
468 5519 532 5571 ad
564 5537 646 5580 ea,
681 5519 746 5570 ad
782 5531 901 5584 qua
941 5517 1214 5582 lampades
1245 5519 1363 5567 usui
1407 5528 1582 5582 erant,
1615 5523 1730 5573 aui-

164 5609 310 5647 tnum
347 5595 664 5652 reteramus,
699 5587 1351 5658 intelligemus,quinque
1374 5598 1465 5658 aut
1497 5605 1584 5641 sex
1618 5591 1731 5658 pal—

166 5667 262 5716 mis
290 5663 413 5733 plus
443 5660 690 5733 minusve
712 5661 985 5733 exstitisse
1014 5657 1291 5733 oblongas.
1325 5675 1342 5705 ι
1393 5656 1589 5712 Harum
1618 5656 1730 5733 cill-

165 5726 308 5803 gieui
359 5730 582 5785 exhibet
627 5731 914 5803 AGalouius'
944 5731 1108 5781 citato
1155 5726 1412 5803 Tractatu
1462 5745 1579 5803 pag.
1641 5730 1725 5785 75.

163 5798 453 5866 (laterum,
511 5813 566 5853 ut
624 5801 953 5862 Lactantius,
1015 5812 1181 5866 supra
1233 5798 1502 5883 laudatus,
1549 5801 1730 5858 innuit

499 5894 765 5953 ΡΑῖῐιοι..
819 5896 934 5950 Gn.
974 5891 1147 5951 CXV.

1910 4614 2020 4680 (lit
2057 4611 2200 4664 Mare
2228 4613 2368 4665 istud
2411 4611 2575 4664 fuiSse
2616 4612 2842 4667 Pontum
2902 4613 3195 4679 Euxinum,
3227 4615 3412 4670 Amiso

1840 4686 1956 4737 urbi
1993 4681 2320 4750 proximum,
2355 4698 2417 4734 ex
2449 4684 2762 4747 conjectura
2795 4687 2952 4738 docui
2987 4701 3136 4738 num.
3175 4687 3258 4740 13.

1911 4755 2022 4822 (15)
2051 4753 2122 4806 Ita
2162 4751 2216 4804 S.
2257 4751 2466 4825 Petrus,
2503 4766 2559 4825 ut
2613 4762 2887 4807 testantur
2920 4759 3288 4825 evangelista.
3327 4757 3411 4811 di-

1838 4817 1960 4879 vina
1995 4817 2222 4894 virtute
2249 4817 2544 4874 ambulavit
2575 4837 2738 4891 super
2773 4841 2987 4894 aquam,
3025 4817 3169 4894 quod
3209 4839 3260 4881 et
3289 4829 3410 4881 aliis

1836 4894 2039 4949 sanctis
2083 4891 2394 4962 contigisse,
2445 4894 2733 4960 perhibent
2789 4891 3183 4952 E'cclesiastica:
3226 4899 3404 4952 Histo-

1838 4981 1950 5018 ΙΊὶΒ.

1907 5034 2017 5107 (lt)
2049 5033 2175 5107 Hoc_
2197 5034 2415 5107 nomine
2461 5036 2656 5107 impius
2688 5035 2868 5107 iudex,
2891 5051 2980 5104 per
3009 5037 3399 5107 blasphemiam

1834 5103 2109 5158 Christum
2153 5105 2434 5160 Dominum
2472 5103 2645 5168 vocat,
2687 5103 2906 5160 sceleris
2944 5107 3027 5160 eui
3079 5103 3399 5163 imitatorem

1836 5178 2126 5246 pessimum
2158 5187 2554 5246 posteanactus
2578 5178 2848 5235 lulianum
2877 5181 3207 5246 Apostatain,
3233 5182 3321 5246 qui
3345 5192 3402 5232 et

1836 5244 2110 5365 Fictricem
2168 5247 2258 5298 Dei
2310 5245 2498 5301 ultoris
2557 5263 2774 5301 manum
2825 5244 3119 5318 agnoscere
3177 5244 3400 5302 coactus

1860 5324 1954 5365 uit.

1860 5324 1954 5368 ΙΙΙι.

1872 5455 1880 5463 _
1906 5385 2016 5455 (l5)
2038 5387 2247 5463 .Venipe
2275 5401 2395 5442 cum
2426 5388 2666 5459 prodigia
2692 5387 2802 5449 illa,
2836 5396 2942 5440 tota
2977 5387 3298 5458 quandoque
3317 5390 3407 5463 ci»—

1833 5457 1999 5528 vitate
2037 5457 2377 5526 inspectante
2408 5457 2637 5528 patrata,
2677 5473 2873 5526 negare
2906 5471 3012 5508 non
3053 5457 3272 5523 possent
3305 5461 3409 5514 ini-

1832 5527 2077 5591 quissimi
2107 5527 2344 5594 iudices,
2384 5527 2451 5582 ne
2499 5529 2836 5581 Christianos
2883 5528 2992 5580 veri
3046 5528 3135 5582 Dei
3173 5534 3408 5582 cultores

1833 5609 1976 5658 esse,
2001 5599 2152 5648 lateri
2191 5605 2534 5664 cogerentur,
2572 5611 2666 5664 per
2711 5613 2974 5650 summam
3007 5601 3270 5652 insaniam
3303 5602 3408 5651 nti-

1836 5675 2016 5719 racula
2047 5667 2131 5718 illa
2169 5669 2475 5722 damonum
2514 5665 2800 5736 pwstigiis
2830 5671 3195 5722 ascribebant.

1904 5736 2012 5800 (l6)
2070 5737 2385 5802 Huiusmodi
2457 5739 2567 5790 fere
2624 5750 2790 5790 rotam
2855 5741 3072 5792 exhibet
3128 5737 3408 5791 Gallonius

1834 5820 1952 5876 pag.
1985 5807 2053 5859 27
2098 5811 2273 5860 littera
2327 5810 2384 5874 Β,
2422 5808 2528 5862 nisi
2561 5810 2698 5877 quod
2745 5809 3048 5862 ardentium
3104 5811 3405 5863 carbonum

3011 5899 3084 5958 32
