3968 6446
573 392 704 454 1007

1848 390 2132 453 MENSIS
2165 388 2528 452 OCTOBER.

3675 393 3794 462 1003

564 501 707 572 apud
741 500 939 573 Regem
967 512 1021 557 et
1051 500 1217 557 Deum
1248 500 1632 568 immortalem,
1665 513 1723 558 ut
1753 504 1842 576 qui
1880 506 2114 559 taberna

2236 505 2486 575 ἀθανάτῳ
2532 504 2741 574 βασιλεῖ
2774 506 2866 559 καὶ
2901 505 3018 575 Θεῷ
3074 509 3386 580 παρρησίαν
3448 512 3797 582 κτησάμενοι,

563 594 742 647 culum
773 594 991 663 quidem
1029 606 1083 649 et
1108 596 1427 661 incolatum,
1458 607 1512 651 et
1539 597 1809 659 exsilium,
1836 606 1897 650 et
1922 598 1963 651 si
1997 598 2127 666 quid

562 685 705 739 aliud
737 696 819 739 est
852 686 937 739 his
963 686 1146 750 vilius,
1180 688 1321 741 hanc
1370 688 1531 740 vitam
1572 689 1959 743 existimarent.
1992 690 2127 743 Cum

561 788 747 832 essent
778 788 957 831 autem
991 778 1114 831 boni
1166 788 1501 833 mercatores
1528 794 1636 833 suae
1663 781 1869 839 salutis.
1906 792 1980 845 et,
2008 798 2129 851 «gnte

564 880 647 923 est
671 870 721 921 in
748 869 951 931 futuro,
987 872 1148 924 vitam
1178 882 1553 937 compararent
1585 888 1676 938 per
1703 876 2011 941 praesentia,
2038 890 2130 928 ve-

562 958 659 1012 luti
700 960 986 1025 quamdam
1018 970 1188 1013 artem
1212 961 1279 1013 ad
1316 960 1461 1014 illam
1484 963 1891 1031 acquirendam,
1918 965 2129 1019 divinas

557 1051 883 1105 exercebant
918 1051 1247 1117 Scripturas,
1277 1061 1329 1105 et
1358 1068 1449 1106 eas
1479 1066 1696 1120 semper
1723 1054 1992 1106 habebant
2018 1069 2129 1120 pra

560 1142 833 1195 manibus.
882 1140 1152 1206 Quocirca
1205 1143 1316 1196 haec
1352 1158 1457 1196 non
1510 1142 1683 1211 potuit
1728 1144 1958 1195 tolerare
1990 1142 2127 1194 invi-

553 1231 675 1288 dia:
707 1241 761 1285 et
790 1248 910 1286 cum
943 1235 1163 1302 quidam
1195 1234 1305 1297 alii,
1329 1242 1439 1287 tum
1469 1233 1603 1289 alias
1632 1248 1844 1302 quoque
1871 1234 2122 1299 virtutes,

556 1334 666 1375 tum
708 1324 850 1392 apud
890 1323 1064 1393 ipsum
1096 1325 1479 1393 imperatorem
1510 1324 1781 1389 ﬁduciam,
1815 1325 1949 1379 viris
1983 1342 2121 1395 prae-

554 1415 712 1469 claris
742 1417 1070 1475 inviderent.
1102 1416 1240 1484 apud
1277 1415 1425 1470 illum
1473 1417 1647 1485 ipsum
1684 1432 1874 1471 eorum
1908 1417 2121 1472 ﬁducia.-

555 1520 849 1569 aucmrem,
918 1522 1117 1576 nempe
1178 1510 1588 1578 imperatorem.
1652 1525 1748 1563 COS
1811 1520 2116 1565 accusant:

549 1600 695 1665 quod
731 1598 874 1652 illius
906 1598 1121 1668 quidem
1154 1607 1601 1666 contempserunt
1636 1601 1950 1667 amicitiam,
1989 1601 2119 1657 deo—

554 1707 781 1759 rumque
825 1692 1031 1746 eultum
1074 1706 1291 1761 quoque
1340 1691 1732 1762 neglexerunt:
1779 1694 1888 1763 jam
1936 1703 2116 1749 autem

554 1780 620 1834 ad
658 1781 817 1834 aliam
850 1781 1197 1834 declinarunt
1235 1780 1574 1851 religionem,
1610 1797 1667 1836 se
1700 1781 2039 1838 Christianos
2064 1792 2115 1838 et

554 1870 648 1925 Dei
683 1887 870 1927 servos
902 1879 1179 1925 vocantes.

622 1962 686 2015 ll.
729 1961 1084 2017 Maximianus
1106 1972 1310 2025 autem,
1342 1962 1552 2021 etiamsi
1584 1964 1768 2029 sciret,
1800 1966 1943 2034 quod
1976 1981 2121 2035 sxepe

557 2055 709 2109 multi
739 2055 1024 2109 calumnia;
1058 2054 1311 2109 invidiam
1344 2072 1558 2111 causam
1586 2057 1808 2120 habent,
1845 2074 1952 2111 non
1983 2060 2122 2113 veri-

552 2157 736 2210 tatem,
787 2148 1020 2201 maxime
1050 2157 1232 2203 autem
1290 2164 1411 2203 cum
1446 2165 1554 2203 non
1591 2151 1885 2220 ignoraret,
1919 2159 2120 2218 quanta

549 2251 698 2295 esset
755 2254 943 2294 eorum
999 2239 1051 2293 in
1104 2240 1280 2309 ipsum
1337 2241 1716 2296 benevolentia
1760 2260 1773 2294 :
1819 2244 2119 2312 quinetiam

548 2328 731 2383 animo
758 2337 997 2384 versaret
1041 2344 1195 2383 suam
1244 2330 1507 2383 sevitiam
1552 2342 1608 2385 et
1652 2332 1999 2387 acerbitatem
2035 2336 2118 2404 (ea

547 2421 691 2473 enim
725 2420 808 2474 vel
840 2420 1073 2473 maxime
1120 2420 1239 2475 aliis
1285 2421 1653 2476 contendebat
1697 2425 2038 2493 δοιοί-σηοω)
2067 2436 2120 2481 et

547 2511 690 2578 quod
730 2513 773 2567 si
804 2510 943 2566 forte
975 2512 1200 2570 deorum
1233 2512 1693 2584 benevolentiam,
1722 2526 1777 2569 et
1810 2516 1952 2569 illius
1980 2518 2117 2570 ami-

546 2602 727 2656 citiam
780 2604 1096 2658 statuissent
1161 2604 1469 2673 despicere,
1537 2607 1838 2674 periculum
1897 2610 2114 2677 quidem

546 2701 692 2748 certe
729 2694 1074 2750 timuissent:
1113 2696 1564 2767 cxistimaretque
1596 2713 1717 2753 esse
1759 2715 1869 2753 non
1923 2702 2117 2768 proba-

546 2784 697 2849 bilia,
749 2786 843 2839 sed
868 2785 1021 2850 falsa,
1066 2801 1186 2856 qua:
1212 2786 1578 2842 dicebantur:
1612 2804 1673 2843 ea
1702 2801 1883 2844 tamen
1920 2792 2113 2846 admit-

545 2875 706 2931 tenda
735 2891 844 2930 non
884 2892 1006 2931 esse
1050 2878 1184 2931 citra
1217 2879 1694 2943 examinationem,
1730 2890 1787 2934 ut
1824 2894 2115 2936 consenta-

545 2983 706 3021 neum
760 2976 898 3032 erat,
943 2968 1346 3023 considerabat.
1402 2966 1543 3033 Quid
1590 2984 1717 3037 ergo
1774 2968 1936 3022 facit?
1980 2972 2113 3024 Cum

541 3059 887 3126 Splendidum
931 3069 987 3115 et
1007 3058 1351 3129 magniﬁCum
1390 3070 1633 3127 parasset
1664 3061 2014 3128 sacriﬁcium,
2061 3073 2115 3117 et

541 3150 853 3220 quicunque
883 3160 1038 3205 erant
1072 3150 1201 3205 clari
1229 3159 1284 3205 et
1316 3150 1570 3213 illustres,
1599 3151 1653 3205 in
1688 3154 1944 3222 templum
1983 3169 2113 3209 con-
2137 3189 2181 3252 Ο

541 3242 747 3305 venire,
794 3250 849 3296 et
889 3242 1137 3299 sacriﬁcii
1183 3257 1307 3296 cum
1346 3256 1413 3295 eo
1458 3257 1579 3297 esse
1622 3245 1914 3313 participes
1960 3248 2112 3313 prius

541 3334 807 3401 iussisset,
843 3348 953 3388 rem
980 3333 1239 3403 deinceps
1264 3333 1576 3388 examinare
1603 3336 1905 3389 constituit.
1934 3336 2112 3405 Atque

540 3428 654 3495 ipse
685 3426 902 3496 quidem
948 3426 1159 3495 primus
1190 3426 1528 3496 ingreditur:
1558 3428 1720 3481 simul
1763 3440 1940 3483 autem
1985 3446 2109 3483 cum

539 3535 606 3574 eo
636 3519 933 3590 ingreditur
962 3519 1123 3573 etiam
1158 3534 1351 3590 magna
1389 3520 1700 3581 multitudo,
1752 3530 1805 3574 et
1846 3531 1962 3574 erat
1990 3526 2112 3574 uni-

539 3624 693 3663 versa
713 3610 765 3664 in
794 3609 993 3680 templo
1015 3619 1358 3680 congregata.
1388 3608 1556 3664 Etalii
1580 3610 1798 3679 quidem
1822 3611 2113 3680 diligenter

542 3699 870 3770 peragebant
908 3699 1258 3762 sacriﬁcium,
1302 3708 1357 3753 et
1391 3710 1712 3769 praesentem
1746 3701 2110 3755 observabant

546 3789 951 3843 Maximianum.
992 3786 1212 3856 Sergius
1243 3802 1373 3840 vero
1408 3786 1727 3841 etBaccltus
1755 3788 1851 3841 viri
1879 3804 2106 3857 genero-

542 3878 766 3942 sissimi,
814 3892 882 3931 ne
931 3876 1112 3943 templi
1161 3876 1378 3946 quidem
1426 3886 1634 3945 portam
1681 3875 1931 3947 ingressi,
1979 3877 2111 3933 foris

544 3969 761 4023 stabant
814 3968 1033 4031 alicubi,
1080 3966 1203 4036 ipsi
1230 3968 1338 4021 Deo
1366 3966 1548 4036 potius
1596 3983 1790 4035 purum
1831 3977 1885 4022 et
1921 3982 2106 4022 verum

543 4071 863 4129 peragentes
906 4058 1253 4121 sacriﬁcium,
1295 4066 1351 4111 et
1394 4072 1490 4126 pro
1516 4057 1635 4110 aliis
1673 4068 1965 4129 rogantes:
2002 4059 2109 4112 Do-

543 4152 712 4215 mine,
766 4150 1015 4215 Domine,
1069 4149 1340 4215 dicebant,
1398 4150 1539 4203 Deus
1591 4148 1696 4201 Rex
1749 4149 2107 4219 singulorum,

540 4243 733 4298 exaudi
785 4258 971 4298 vocem
1014 4251 1211 4296 nostra:
1244 4242 1525 4303 orationis,
1573 4251 1627 4296 et
1680 4243 1943 4310 prepitius
1991 4250 2107 4297 esto

543 4334 850 4389 beereditati
881 4343 1005 4389 tuae.
1036 4334 1222 4395 Parce,
1243 4333 1492 4395 Domine,
1517 4343 1572 4387 et
1600 4347 1666 4386 ne
1689 4347 1783 4386 cos
1806 4332 2015 4385 dederis
2041 4333 2107 4386 ad

539 4424 879 4494 gloriandum
909 4423 1243 4477 adversario.
1281 4422 1386 4475 Sed
1412 4422 1679 4487 illumina,
1712 4423 1958 4495 Domine,
1990 4424 2109 4476 illu-

2236 594 2329 647 ἆτε
2364 594 2567 662 σκηνὴν
2594 595 2689 662 μὶν
2721 595 2810 645 τὸν
2839 596 2964 664 τῇδε
3010 595 3124 665 βίον
3180 599 3275 650 καὶ
3310 602 3611 668 παροικίαν
3636 602 3727 652 καὶ
3750 600 3800 652 τί

2232 702 2284 736 τι
2312 686 2443 737 ἄλλο
2473 686 2579 737 τῶν
2633 686 2865 737 εὐτελῶν
2902 686 3217 756 ἡγούμενοι,
3272 690 3502 759 ἔμποροι
3533 691 3590 742 δὲ
3622 690 3797 758 ἀγαθοὶ

2231 775 2329 840 τῆς
2366 775 2574 825 ἑαυτῶν
2608 776 2877 842 γινόμεναι
2912 777 3205 846 σωτηρίας.
3236 779 3329 829 καὶ
3358 779 3456 846 τὴν
3586 779 3663 846 τῷ
3690 780 3795 846 μέλ.

2230 866 2374 917 λοντι
2406 867 2550 934 ζωὴν
2582 866 2671 918 διὰ
2697 868 2803 917 τῶν
2828 869 3110 935 παρόντων
3155 870 3690 937 πραγματευόμενοι,
3719 874 3795 923 καὶ

2231 955 2420 1025 ὡσπερ
2454 958 2575 1009 τι.νά
2620 959 2753 1028 πρὸς
2796 960 2894 1026 τὴν
2929 961 3140 1027 ἐκείνης
3186 962 3429 1029 κτήσεως
3459 962 3649 1013 διδασκ
3692 962 3795 1013 λίαν

2230 1047 2324 1098 καὶ
2353 1049 2544 1115 τέχνην
2568 1049 2663 1107 τὰς
2709 1046 2856 1107 θείας
2900 1050 3166 1116 μετιόντες
3225 1049 3440 1117 Γραφάς
3475 1050 3571 1100 καὶ
3609 1052 3795 1114 ταύτας

2227 1136 2315 1189 διὰ
2370 1138 2553 1205 χειρὸς
2590 1138 2842 1205 Ἔχοντες.
2891 1138 3055 1187 ’Ὅθεν
3105 1138 3225 1187 οὐδὲ
3279 1138 3485 1189 ἀνεκτά
3539 1138 3794 1209 ταῦτατῷ

2229 1227 2408 1295 φθόνῳ
2440 1230 2697 1297 κατέστη,
2732 1228 2868 1280 ἀλλά
2925 1245 3068 1289 τινες
3124 1230 3232 1289 τοῖς
3288 1234 3559 1293 γενναίοις
3608 1233 3701 1299 τῆς
3743 1248 3793 1283 τε

2226 1318 2391 1386 ἄλλης
2438 1318 2639 1386 ἀρετῆς
2698 1320 2791 1370 καὶ
2839 1319 2903 1388 δὴ
2948 1321 3041 1371 καὶ
3096 1319 3194 1385 τῆς
3243 1320 3323 1380 εἰς
3368 1322 3535 1372 αὑτὸν
3588 1323 3794 1389 βασιλέα

2227 1413 2539 1481 πσρῤησιας
2568 1413 2823 1479 χήναντες
2850 1412 2983 1481 πρὸς
3021 1417 3226 1463 ἐκεῖνον
3251 1413 3343 1463 τὸν
3375 1414 3470 1481 τῆς
3498 1416 3793 1484 παρρησίας

2226 1501 2398 1553 αἴτιον
2460 1500 2706 1570 βασιλέα,
2758 1502 2882 1563 τοὺς
2948 1504 3146 1570 ἄνδρας
3209 1504 3684 1557 ὲνδιαϐἀλλουσιν·
3723 1508 3789 1570 ὡς

2223 1591 2611 1662 ώλιγωρήκασι
2668 1593 2766 1662 μὲν
2800 1594 3009 1646 ἐκείνου
3063 1597 3270 1662 φιλίας,
3298 1598 3578 1669 ἠλογησαν
3628 1599 3792 1651 δὲκαὶ

2220 1686 2316 1750 τῆς
2346 1687 2480 1753 πρὸς
2504 1686 2655 1755 θεοὺς
2687 1686 3004 1753 θεραπείας,
3034 1689 3126 1739 καὶ
3152 1690 3281 1757 πρδς
3322 1691 3516 1759 ἑτέραν
3542 1690 3643 1759 ήδη
3672 1692 3792 1759 θρη-

2224 1776 2414 1827 σκείαν
2444 1776 2759 1835 ἀπέκλιναν,
2784 1774 3145 1847 Χριστιανοὺς
3177 1780 3403 1841 ἑαυτοὺς
3436 1783 3534 1832 καὶ
3560 1783 3788 1852 Χριστοῦ

2155 1862 2197 1917 Β
2224 1868 2441 1929 δούλους
2472 1868 2919 1937 ἐπιφημίζοντες.

2295 1958 2369 2010 B'.
2391 1959 2736 2027 Μαξιμιανὸς
2779 1963 2961 2027 μέντοι
2989 1962 3081 2012 καί
3114 1962 3274 2023 αὐτὸς
3302 1963 3457 2026 είδὼς
3480 1965 3562 2016 ὅτι
3591 1963 3791 2025 πολλοῖς

2223 2047 2481 2110 πολλάκις
2534 2051 2591 2101 αί
2629 2050 2874 2104 διαϐολαὶ
2928 2051 3123 2119 φθόνου
3172 2055 3350 2105 αἰτίαν
3413 2058 3653 2123 ἔχουσιν,
3702 2058 3791 2108 οὐκ

2221 2141 2698 2209 ἀλήθειαν.άλ).ως
2737 2160 2794 2194 τε
2834 2143 2891 2195 δὲ
2933 2148 3022 2196 καὶ
3060 2146 3161 2214 τὴν
3205 2145 3312 2197 τῶν
3351 2146 3561 2215 ἀνδρῶν
3590 2150 3792 2200 εὔνοιαν

2222 2234 2393 2301 ὁπόση
2431 2235 2503 2303 μὴ
2536 2233 2770 2300 ἀγνοῶν,
2796 2234 2930 2287 ἀλολὰ
2966 2238 3060 2287 καὶ
3099 2237 3197 2305 τὴν
3227 2237 3434 2289 οἰκείαν
3453 2232 3718 2305 ἀπήνειαν
3740 2256 3790 2291 τε

2221 2325 2317 2375 καὶ
2367 2323 2669 2393 αὐστηρίαν
2715 2324 2808 2376 ἐπὶ
2864 2325 2989 2376 νοῦν
3034 2326 3208 2393 ἔχων
3238 2330 3411 2398 ταύτῃ
3445 2346 3530 2381 τοι
3565 2332 3672 2398 γάρ
3705 2332 3793 2382 καὶ

2224 2414 2457 2483 μάλιστα
2506 2414 2787 2482 διαφέρειν
2834 2413 2941 2465 τῶν
2987 2414 3161 2466 ἄλλων
3188 2417 3371 2478 αὐτοῖς
3404 2420 3789 2488 ἐφιλοτιμεῖτο,

2220 2506 2313 2558 καὶ
2344 2505 2418 2565 ώς
2450 2505 2497 2557 εἰ
2534 2506 2672 2575 τάχι
2709 2504 2805 2557 καὶ
2835 2506 2933 2569 τῆς
2974 2507 3185 2568 εὐνοίας
3238 2510 3436 2561 ἐκεῖνοι
3472 2512 3675 2579 ταύτης
3703 2516 3790 2566 καὶ

2217 2597 2314 2662 τῆς
2340 2596 2520 2663 φιλίας
2552 2596 2825 2664 ὑπεριδεῖν
2851 2596 3091 2665 ἔκριναν,
3134 2596 3271 2650 αλλά
3316 2600 3411 2651 τον
3452 2603 3695 2653 κίνδυνον
3733 2606 3792 2656 ἂν

2217 2686 2564 2756 εφοϐήθησαν
2585 2703 2600 2718 ο
2630 2688 2871 2740 ἀπίθανά
2893 2704 2951 2739 τε
2982 2691 3169 2757 ἠγεῖτο
3208 2690 3302 2741 καὶ
3330 2692 3501 2760 ψευδῆ
3542 2695 3611 2747 τά
3642 2695 3794 2763 λεγό-

2221 2794 2355 2847 μενα
2380 2817 2394 2841 ,
2430 2781 2523 2830 καὶ
2569 2779 2651 2830 ὅτι
2693 2782 2767 2847 μὴ
2795 2779 3168 2842 ἀϐασανίστως
3202 2782 3373 2835 ταῦτα
3403 2788 3793 2857 προσδέχεσθαι

2217 2870 2315 2932 δεῖ,
2344 2873 2483 2923 κατὰ
2540 2872 2695 2938 λόγον
2743 2872 3067 2925 ἐσκόπει.ἰ“ί
3107 2872 3199 2925 οὖν
3247 2880 3431 2937 ποιεῖ;
3470 2878 3677 2930 Θυσίαν
3710 2898 3793 2946 φι-

2217 2962 2430 3031 λότιμον
2464 2965 2558 3017 καὶ
2591 2964 2852 3032 πολυτελῆ
2879 2966 3463 3035 παρασκευασάμενος,
3487 2974 3585 3021 καὶ
3612 2973 3793 3023 συνελ-

2217 3057 2329 3110 θεῖν
2362 3060 2438 3120 εἰς
2467 3058 2527 3109 τὸ
2585 3057 2727 3124 ἱερὸν
2767 3059 2895 3109 ὅσον
2960 3060 3085 3124 περὶ
3160 3061 3322 3111 αὑτὸν
3370 3064 3639 3128 ἐπιφανὲς·
3687 3060 3789 3135 ἦν’

2216 3149 2541 3215 κοινωνῆσαί
2573 3165 2630 3198 τε
2666 3147 2813 3214 αὐτῷ
2868 3147 2964 3215 τῆς
3025 3147 3215 3208 θυσίας
3256 3150 3525 3219 πρότερον
3578 3171 3793 3220 παραγ-

2217 3240 2421 3306 γείλας,
2447 3239 2693 3290 ἐντεῦθεν
2724 3239 3016 3304 δοκιμάσαι
3044 3242 3101 3289 τὸ
3126 3241 3362 3307 πρᾶγμα
3410 3251 3504 3294 καὶ
3559 3247 3655 3313 τὴν
3678 3246 3792 3297 δια·

2215 3331 2377 3398 ϐολὴν
2402 3330 2737 3397 διεσκέψατο.
2766 3326 2951 3396 Εἰσῄει
2984 3330 3080 3398 μὲν
3100 3326 3190 3382 οὖν
3214 3334 3374 3394 αὐτος
3394 3334 3634 3402 πρῶτος,
3666 3353 3789 3388 συνο

2213 3422 2384 3491 εισῄει
2447 3423 2501 3473 δὲ
2532 3420 2681 3490 αὐτῷ
2728 3424 2821 3473 καὶ
2856 3422 2987 3473 πολύ
3029 3438 3078 3473 τι
3126 3422 3351 3490 πλῆθος,
3379 3427 3477 3477 καὶ
3507 3426 3633 3479 ὅσον
3654 3430 3789 3481 κατὰ

2212 3514 2272 3563 τὸ
2307 3513 2770 3581 ἱερὸνῆθροιστο.
2798 3514 2907 3563 Καὶ
2936 3514 2983 3565 οἱ
3022 3512 3121 3579 μὲν
3159 3515 3258 3581 τὴν
3289 3514 3485 3565 θυσίαν
3518 3519 3789 3585 ἐπιμελῶς

2212 3604 2500 3677 διετέλουν,
2532 3606 2626 3657 καὶ
2657 3604 2897 3674 παρόντα
2925 3604 3015 3657 τὸν
3044 3603 3385 3672 Μαξιμιανδν
3424 3606 3784 3675 ἐθεράπευον.

2212 3698 2431 3765 Σέργιος
2450 3698 2503 3747 δὲ
2528 3699 2621 3749 καὶ
2652 3698 2861 3766 Βάκχος
2889 3700 2937 3748 οἱ
2976 3698 3360 3763 γενναιότατοι,
3390 3699 3528 3767 μηδὲ
3554 3704 3619 3769 τῇ
3649 3701 3788 3770 οὐρα

2212 3785 2305 3838 τοῦ
2364 3787 2507 3856 ίεροῦ
2554 3785 3106 3855 προσϐαλόντες,ἐξω
3165 3798 3267 3838 που
3314 3792 3783 3855 παρειστήκεσαν,

2211 3877 2364 3929 αὐτοὶ
2398 3877 2598 3945 μᾶλλον
2630 3878 2748 3947 Θεῷ
2787 3878 2885 3947 τὴν
2908 3878 3156 3946 καθαράν
3185 3893 3244 3929 τε
3269 3877 3363 3930 καὶ
3383 3877 3563 3947 ἀληθῆ
3577 3879 3787 3932 τελοῦν-

2211 3986 2299 4031 τες
2329 3971 2539 4030 θυσίαν,
2562 3970 2657 4020 καὶ
2691 3970 2828 4039 ὑπὲρ
2857 3971 3078 4021 ἐκείνων
3107 3969 3372 4039 δεόμενοι,
3396 3970 3594 4039 Κύριε,
3615 3972 3785 4040 Κύριε

2210 4062 2481 4128 λέγοντες,
2500 4061 2528 4112 ὁ
2561 4059 2814 4129 βασιλεὺς
2842 4059 2948 4111 τῶν
2978 4059 3212 4123 αίώνων,
3244 4058 3498 4112 ἑνώτισαι
3526 4064 3627 4130 τὴν
3670 4079 3786 4129 φω-

2212 4152 2307 4221 νὴν
2336 4152 2431 4221 τῆς
2457 4150 2904 4223 δεήσεωςοήμῶν,
2923 4150 3176 4221 ἱλάσθητι
3206 4153 3270 4221 τῇ
3302 4151 3641 4221 κληρονομίᾳ
3664 4169 3782 4207 σου.

2210 4246 2413 4303 Φεῖσαι.
2447 4243 2639 4313 Κύριε,
2665 4247 2759 4296 καὶ
2793 4244 2867 4314 μὴ
2896 4243 2999 4309 δῳς
3043 4244 3238 4305 αὐτοὺς
3279 4243 3357 4305 είς
3407 4246 3673 4314 καύχημα
3708 4245 3783 4314 τῷ

2216 4336 2589 4403 ἀντικειμένῳ,
2646 4333 2778 4386 ἀλλὰ
2829 4334 3084 4401 φώτισον,
3140 4333 3329 4404 Κύριε,
3359 4336 3599 4401 φώτισον
3658 4338 3784 4399 τοὺς

2211 4424 2521 4493 ὀφθαλμοὺς
2549 4424 2656 4474 τῶν
2686 4423 2924 4492 καρδιῶν
2947 4422 3145 4485 αὐτῶν,
3175 4427 3265 4475 καὶ
3294 4424 3371 4485 είς
3403 4426 3504 4493 τὴν
3536 4428 3637 4496 σὴν
3665 4416 3785 4477 επί-

538 4518 687 4572 miua
722 4517 908 4571 oculos
949 4515 1197 4570 cordium
1245 4528 1456 4576 eorum,
1495 4524 1549 4567 et
1580 4528 1672 4567 eos
1709 4516 1882 4569 deduc
1916 4516 1981 4568 ad
2026 4516 2102 4569 tui

2218 4534 2412 4584 γνωσιν
2476 4516 2670 4578 αὐτοὺς
2725 4515 3114 4585 καθοδήγησον,
3168 4516 3215 4567 οἳ
3256 4518 3311 4568 ὲν
3342 4518 3522 4570 σκότει
3559 4518 3653 4570 νὺν
3686 4518 3783 4585 τῆς

539 4606 892 4676 agnitionem,
930 4608 1018 4674 qui
1072 4620 1217 4659 nunc
1260 4605 1311 4658 in
1362 4603 1600 4658 tenebris
1630 4604 1909 4659 ambulant
1953 4606 2105 4677 igno-

540 4698 752 4761 rantia,
782 4705 837 4751 et
873 4715 890 4747 ι
924 4705 1277 4750 mutaverunt
1303 4695 1527 4765 gloriam
1555 4706 1721 4759 tuam,
1748 4700 1839 4763 qui
1869 4713 1925 4750 es
1957 4698 2106 4751 solus

538 4788 704 4852 Deus,
761 4799 817 4842 et
874 4789 1085 4843 alienus
1144 4789 1211 4843 ab
1270 4788 1518 4850 interitu,
1577 4788 1632 4840 in
1690 4787 2104 4842 similitudinem

535 4879 861 4943 bestiarum,
893 4878 1330 4948 quadrupedum,
1356 4887 1410 4931 et
1430 4877 1767 4947 serpentium
1791 4878 1831 4941 ',
1864 4895 1882 4929 ι
1919 4888 1972 4930 et
1996 4894 2022 4929 a
2055 4888 2105 4930 te

536 4971 876 5034 defecerunt,
934 4980 988 5025 et
1028 4968 1409 5025 sacriﬁcarunt
1455 4985 1641 5023 eorum
1679 4969 2019 5039 sculptilibus
2052 4978 2106 5023 et

537 5076 738 5116 nomen
771 5070 1017 5115 sanctum
1054 5071 1204 5114 tuum
1243 5060 1582 5130 contemptui
1613 5061 1938 5115 habuerunt.
1966 5060 2105 5115 Con-

535 5164 683 5211 verte
715 5168 832 5219 eos,
868 5152 1117 5215 Domine,
1159 5164 1213 5206 et
1242 5161 1571 5224 cognoscant
1605 5153 1867 5206 mirabilia
1902 5162 2012 5217 tua,
2054 5160 2108 5205 et

536 5246 878 5317 unigenitum
914 5253 1063 5298 tuutn
1100 5240 1317 5308 Filium,
1362 5253 1417 5298 et
1450 5243 1785 5298 Salvatorem
1831 5255 2102 5310 nostrum,

536 5339 629 5408 qui
669 5336 972 5392 voluntaria
1008 5347 1170 5391 cruce
1204 5346 1257 5391 et
1288 5346 1462 5390 morte
1511 5346 1755 5391 nostram
1793 5337 2103 5406 procuravit

533 5431 784 5483 salutem.
812 5428 980 5482 Porro
1011 5438 1191 5482 autem
1226 5444 1325 5482 nos
1356 5442 1570 5498 quoque
1600 5441 1871 5483 conserva
1894 5427 2099 5482 alienus

533 5538 561 5575 a
601 5521 1028 5591 reprehensione
1079 5522 1131 5575 in
1164 5521 1246 5574 via
1288 5519 1726 5575 testimoniorum
1775 5530 2010 5574 tuorum.
2044 5527 2098 5572 ct

535 5615 589 5667 in
642 5611 888 5668 custodia
940 5621 1154 5665 tuorum
1211 5612 1612 5666 mandatorum.
1661 5610 1835 5678 Atque
1880 5612 2093 5679 quidem

536 5704 667 5757 luris
696 5713 902 5757 stantes
943 5712 1091 5755 extra
1124 5707 1306 5770 portas
1334 5702 1679 5771 templi,‘|iaec
1715 5700 2095 5767 precabantur,

539 5802 592 5847 et
622 5793 698 5843 sic
724 5793 891 5844 Deum
923 5792 1224 5855 placabunt.

614 5884 633 5918 ³
666 5878 827 5935 llam.
855 5881 897 5942 l,
939 5882 1028 5934 ‘23.

2203 4610 2421 4676 ἀγνοίας
2454 4608 2796 4680 πορεύονται,
2837 4614 2930 4660 καὶ
2988 4607 3286 4676 ἠλλαξαντο
3340 4611 3440 4679 τὴν
3479 4610 3641 4675 δόξαν
3686 4627 3781 4662 σου

2201 4698 2297 4750 τοῦ
2329 4700 2648 4765 μονογενοῦς
2680 4704 2773 4751 καὶ
2822 4701 3100 4771 ἀφθάρτου
3151 4698 3309 4764 Θεοῦ,
3367 4702 3426 4753 ὲν
3470 4704 3781 4771 ὁμοιώματι

2204 4790 2431 4861 θηρίων,
2458 4790 2553 4843 καὶ
2584 4793 2931 4861 τετραπόδων
2969 4794 3063 4845 καὶ
3098 4793 3344 4861 ἑρπετῶν
3368 4780 3693 4863 ἀπέστησάν
3719 4810 3780 4846 τε

2204 4884 2312 4937 ἀπὸ
2346 4882 2460 4947 σοῦ,
2504 4884 2596 4936 καὶ
2634 4884 2833 4937 ἔθυσαν
2866 4886 2977 4947 τοῖς
3019 4884 3277 4952 γλυπτοῖς
3326 4885 3528 4951 αὐτῶν,
3571 4888 3665 4941 καὶ
3722 4888 3784 4939 τὸ

2203 4974 2373 5043 δνομα
2405 4973 2464 5027 τὸ
2490 4974 2642 5041 ἀγιόν
2680 4991 2771 5028 σου
2797 4974 3093 5045 ἠθέτησαν.
3142 4974 3509 5047 Ἐπίστρεψον
3558 4978 3778 5040 αὐτοὺς,

2203 5066 2396 5137 Κύριε,
2427 5068 2521 5119 καὶ
2566 5066 2857 5134 γνώτωσαν
2880 5068 2950 5120 τὰ
2994 5067 3270 5138 θαυμάσιά
3296 5085 3410 5133 σου,
3431 5070 3527 5122 καὶ
3557 5070 3648 5122 τὸν
3684 5086 3781 5138 μο-

2203 5160 2398 5229 νογενῆ
2430 5176 2522 5212 σου
2556 5160 2680 5213 Υίὸν
2706 5161 2801 5214 καὶ
2854 5160 3081 5230 Σωτῆρα
3109 5162 3379 5232 ἡμέτερον
3402 5178 3415 5192 ⁶
3448 5161 3506 5224 ὃς
3541 5163 3777 5231 ἑκουσίῳ

2206 5251 2421 5321 σταυρῷ
2447 5254 2540 5305 καὶ
2577 5253 2792 5321 θανάτῳ
2829 5252 2926 5315 τὴν
2962 5253 3120 5323 ἡμῶν
3145 5252 3643 5322 ἐπραγματεύσατο
3672 5270 3779 5307 σω-

2203 5344 2421 5415 τηρίαν.
2444 5346 2547 5397 Καὶ
2572 5345 2716 5414 ἡμᾶς
2739 5343 2795 5397 δὶ
2838 5344 3105 5414 ἀμώμους
3139 5348 3194 5399 ὲν
3238 5348 3301 5413 τῇ
3334 5344 3438 5412 ὀδῷ
3486 5345 3594 5398 τῶν
3632 5363 3776 5415 μαρ-

2207 5437 2409 5505 τυρίων
2439 5454 2530 5490 σου
2569 5440 2659 5490 καὶ
2687 5440 2753 5507 τῇ
2783 5437 2891 5489 τῶν
2925 5438 3152 5490 ἐντολῶν
3188 5453 3280 5489 σου
3326 5436 3546 5508 φυλακῇ
3591 5439 3779 5505 διατὴ-

2210 5544 2393 5597 ρησον.
2414 5530 2477 5582 Ol
2508 5528 2606 5600 μὲν
2633 5523 2726 5582 οὖν
2751 5528 2855 5596 ἔξω
2880 5530 2983 5600 πρὸ
3021 5530 3127 5583 τῶν
3164 5527 3347 5583 πυλῶν
3376 5528 3472 5583 τοῦ
3520 5528 3665 5599 ἱεροῦ
3692 5528 3779 5581 ἑσ-

2205 5620 2373 5683 τῶτες
2395 5620 2617 5675 τοιαῦτα
2656 5622 3051 5693 προσηύχοντο.
