3968 6434
543 357 678 420 1015

1825 374 2110 437 MENSIS
2152 376 2521 444 OCTOBER.

3667 380 3794 447 1016

540 469 723 524 socios
755 470 944 542 ingrati
984 475 1149 530 animi
1181 479 1431 548 crimine,
1465 497 1641 554 neque
1662 496 1911 541 nostrum
1942 488 2112 543 bene-

2232 509 2373 563 ιερον
2399 493 2699 566 εὐεργέτην
2724 500 2819 549 καὶ
2848 494 3027 567 ἀληθῆ
3046 495 3181 550 Θεὸν
3208 495 3588 567 ἀρνησόμεθα.
3642 493 3722 548 Τά
3740 495 3797 549 δι

543 562 806 620 factorem
866 576 920 623 et
991 582 1180 625 verum
1229 572 1400 628 Deum
1451 589 1574 630 esse
1619 585 1928 648 negaturos.
1979 577 2112 644 Quae

542 664 726 711 autem
763 674 791 711 a
831 669 884 714 te
934 661 1309 730 proferuntur,
1380 681 1412 721 ο
1468 667 1787 737 imperator,
1837 670 1952 724 sive
2001 670 2112 725 sint

540 750 703 816 bona,
734 753 847 807 sive
881 754 1135 821 diﬂicilia,
1173 766 1227 811 et
1257 758 1338 811 vel
1366 759 1535 828 ipsam
1584 771 1813 824 mortem
1869 761 2111 817 inferen-

540 842 634 905 tia,
682 854 808 898 sunt
844 862 995 915 mque
1037 864 1065 901 a
1108 849 1265 905 nobis
1319 860 1543 921 propter
1594 852 1871 910 Christum
1932 854 2112 924 despi-

540 934 756 1000 cienda,
791 946 845 990 et
874 952 902 990 a
940 938 1099 994 nobis
1132 954 1238 994 non
1264 944 1503 998 curanda

610 1024 743 1081 VIII.
801 1026 896 1081 His
934 1029 1071 1084 adeo
1119 1041 1422 1100 opportune
1481 1042 1540 1089 et
1580 1036 1821 1107 jucunde
1879 1039 2040 1092 dictis
2080 1054 2112 1094 a

539 1120 895 1189 martyribus.
922 1119 1275 1178 Maximianus
1309 1126 1527 1194 quidem
1566 1126 1668 1181 fuit
1699 1128 1773 1182 ita
1822 1138 2002 1184 motus
2059 1139 2113 1185 et

538 1210 755 1263 volebat
785 1212 978 1266 acerbe
1019 1215 1210 1282 punire
1231 1226 1470 1276 sanctos.
1517 1214 1726 1273 Rursus
1754 1230 1934 1276 autem
1984 1238 2113 1277 cun-

540 1301 812 1365 ctabatur,
884 1312 939 1357 et
985 1303 1275 1359 dillerebat
1312 1306 1549 1375 aggredi,
1600 1310 1897 1378 respiciens
1922 1326 2110 1367 eorum

536 1391 915 1465 splendorem.
941 1405 993 1449 et
1021 1410 1134 1448 non
1163 1397 1350 1452 volens
1389 1398 1573 1453 talium
1630 1400 1871 1455 virorum
1937 1402 2114 1457 facere

537 1485 826 1556 iacturam.
863 1485 1166 1563 Verebatur
1195 1488 1372 1554 enim,
1406 1504 1475 1543 ne
1514 1490 1767 1555 cruciati,
1808 1507 1931 1546 cum
1974 1494 2116 1549 veri-

538 1586 708 1631 tatem
774 1577 828 1631 in
866 1578 1046 1633 medio
1091 1579 1389 1635 multorum
1431 1580 1605 1635 libere
1653 1592 1840 1638 essent
1888 1584 2110 1652 elocuti,

539 1670 739 1725 deinde
780 1682 1165 1739 permanerent
1192 1675 1419 1728 omnino
1444 1674 1769 1731 immobiles.
1793 1678 1900 1731 Eos
1934 1678 2114 1746 itaque

540 1764 731 1817 statuit
767 1764 1143 1818 transmittere
1165 1764 1232 1819 ad
1252 1765 1581 1821 Antiochum
1619 1767 1814 1822 ducem
1851 1769 2110 1831 Orientis.

540 1865 600 1907 ut
638 1854 728 1923 qui
764 1854 1032 1919 omnium,
1071 1855 1163 1926 qui
1197 1868 1355 1911 erant
1397 1858 1449 1911 in
1479 1858 1600 1927 ejus
1631 1866 1924 1928 potestate,
1971 1869 2117 1915 esset

539 1944 984 2012 crudelissimus,
1025 1957 1079 2001 et
1125 1948 1205 2003 vel
1235 1949 1350 2003 solo
1384 1953 1607 2005 nomine
1630 1960 1812 2020 posset
1857 1968 1953 2006 eos
1988 1968 2115 2022 per.

541 2044 750 2091 terrere
786 2047 880 2091 :et
909 2038 1053 2107 quod
1090 2047 1313 2108 propter
1356 2040 1578 2109 majoris
1617 2041 1842 2097 honoris
1893 2042 2113 2097 deside-

541 2129 704 2188 rium.
745 2129 834 2183 ille
859 2125 1242 2184 Maximianum
1276 2132 1603 2187 observandi
1660 2146 1846 2187 curam
1900 2149 2116 2205 gerens,

542 2237 573 2276 a
598 2221 761 2275 nullis
794 2222 1090 2277 abstinebit
1122 2224 1410 2287 machinis,
1446 2240 1555 2294 quo
1598 2239 1693 2279 eos
1721 2237 2023 2295 Oppugnet,
2063 2238 2121 2282 et

541 2314 607 2370 ad
641 2329 792 2369 suam
836 2319 1083 2369 traducat
1112 2317 1462 2370 sententiam.
1504 2315 1779 2371 Praeterea
1812 2328 1871 2372 ut
1901 2329 1955 2373 et
2002 2320 2120 2373 lon-

542 2421 673 2476 gum
710 2406 1328 2476 iteretignominiosum
1371 2415 1479 2460 tam
1525 2406 1795 2462 intensam
1856 2410 2123 2465 relaxaret

542 2496 934 2564 constantiam,
971 2507 1027 2552 et
1048 2512 1143 2552 eos
1166 2498 1371 2552 sensim
1397 2513 1426 2552 a
1461 2500 1661 2568 pietate
1691 2499 2017 2564 dimoveret,
2065 2510 2123 2556 et

543 2590 780 2643 maxime
801 2593 945 2659 quod
977 2590 1093 2660 ipse
1114 2606 1330 2661 quoque
1348 2593 1652 2646 Antiochus
1683 2604 1797 2647 erat
1839 2594 1918 2647 eis
1971 2598 2123 2665 prius

542 2684 846 2754 subjectus.
868 2684 1013 2750 apud
1042 2700 1204 2755 quem
1246 2685 1669 2747 erantsistendi,
1706 2699 1761 2741 et
1795 2702 1825 2740 a
1880 2703 1986 2757 quo
2033 2689 2125 2758 ju-

543 2774 780 2829 dicandi.
812 2775 866 2829 Id
901 2777 1049 2831 enim
1101 2778 1336 2832 maxime
1397 2777 1566 2847 tangit
1618 2780 1860 2831 animum
1910 2794 2120 2844 eorum,

544 2868 637 2938 qui
671 2878 800 2922 sunt
831 2868 1059 2924 honesto
1085 2869 1206 2925 loco
1233 2870 1368 2933 nati,
1413 2870 1559 2940 quod
1613 2870 1701 2938 qui
1768 2870 1918 2940 prius
1967 2883 2126 2941 pare-

545 2958 711 3026 bant,
753 2956 832 3016 eis
876 2972 1060 3032 postea
1093 2964 1410 3033 imperent,
1468 2974 1524 3018 et
1555 2965 1637 3020 eis
1694 2973 1939 3028 utantur,
2002 2974 2122 3019 tan-

546 3070 711 3125 quam
740 3056 1025 3123 subjectis,
1054 3070 1163 3109 non
1188 3057 1359 3111 multo
1382 3066 1507 3113 ante
1545 3056 1761 3113 fuerant
1808 3072 1997 3111 eorum
2029 3056 2126 3111 do-

2215 588 2370 658 παρά
2402 588 2496 641 σού
2531 589 2956 659 προτεινόμενα,
2992 588 3242 658 βασιλεῦ,
3270 590 3323 643 εῖ
3342 606 3401 642 τε
3446 588 3636 657 ἀγαθά
3666 582 3791 654 εἷεν,

2215 682 2326 735 εῐτε
2361 683 2457 734 καὶ
2484 682 2755 752 δυσχερῆ,
2790 682 2887 736 καὶ
2918 682 3079 735 αὐτὸν
3109 684 3386 750 ἐπάγοντα
3405 682 3661 743 θάνατον,
3676 681 3791 731 ἐπί-

2215 789 2318 843 σης
2352 776 2489 843 ἡμῖν
2519 775 2741 829 ἅπαντα
2772 774 3059 846 παροπτέα
3086 774 3175 828 διὰ
3219 772 3459 844 Χριστὸν
3503 773 3601 825 καὶ
3639 788 3791 841 φρον-

2212 866 2361 930 τίδος
2395 867 2660 936 οὐδεμιᾶς
2694 866 2843 931 ἀξια.

2288 1044 2372 1098 Η’.
2400 1043 2621 1099 Τούτων
2650 1046 2925 1115 εὐκαίρως
2951 1046 3093 1100 οὕτω
3122 1049 3217 1100 καὶ
3241 1047 3415 1116 ἡδέως
3440 1046 3561 1107 τοῖς
3595 1044 3793 1114 μάρτυ-

2218 1154 2301 1191 σιν
2356 1138 2870 1209 ὐπαγορευθέντων,
2920 1139 2949 1191 6
2996 1139 3338 1210 Μαξιμιανδς
3403 1125 3649 1191 ἐκινεῖτο
3702 1136 3793 1203 μὶν

2216 1232 2323 1285 ὑπὸ
2363 1232 2458 1284 τοῦ
2510 1232 2708 1299 θυμοῦ,
2758 1234 2852 1300 καὶ
2902 1233 3117 1302 πικρῶς
3158 1233 3400 1295 αἱκίζειν
3430 1231 3562 1293 τοὺς
3612 1229 3793 1297 ἁγίους

2214 1322 2478 1391 ⁴Ιισούλετο
2508 1338 2522 1353 ’
2563 1322 2727 1377 ὤκνει
2764 1324 2820 1377 δὲ
2864 1324 3031 1378 πάλιν
3061 1323 3159 1376 καὶ
3203 1322 3537 1376 ἀνεσάλλετο
3569 1322 3673 1388 τὴν
3713 1321 3797 1383 ὲγο

2216 1415 2491 1485 χείρησιν,
2540 1415 2601 1468 τὸ
2636 1417 2942 1485 περιφανὲς
2999 1416 3182 1471 αὐτῶν
3237 1414 3668 1482 εὐλαϐούμενος,
3709 1411 3794 1463 καὶ

2215 1513 2313 1563 οὐκ
2368 1507 2572 1561 ἐθέλων
2618 1507 2831 1577 ἀνδρῶν
2881 1509 3142 1562 τοιούτων
3211 1508 3524 1577 ὑποστῆναι
3572 1504 3790 1572 ζημίαν.

2229 1594 2450 1652 Ἐδεδίει
2483 1602 2591 1669 γὰρ
2634 1600 2707 1669 μὴ
2740 1600 2836 1653 καὶ
2874 1600 3290 1670 τιμωρηθέντες
3349 1600 3449 1666 τὴν
3491 1598 3669 1667 ἀρχὴν
3705 1596 3793 1648 καὶ

2218 1694 2747 1765 παρῤησιασάμενοι
2776 1693 3020 1746 εὐσεϐῶν
3049 1695 3107 1746 ἐν
3139 1694 3291 1763 μέσῳ
3326 1693 3564 1755 πολλῶν,
3592 1688 3710 1744 εἶτα
3739 1688 3797 1741 τὸ

2220 1786 2490 1855 παράπαν
2526 1786 2859 1855 ἁμετάθετοι
2887 1786 3266 1854 διαμείνωσιν.
3301 1786 3530 1853 ’Δμὲλει
3566 1786 3660 1837 καὶ
3683 1785 3796 1836 ’Δνο

2219 1876 2387 1944 τιόχῳ
2412 1874 2491 1944 τῷ
2519 1875 2620 1945 τῆς
2659 1874 2947 1945 Ἀνατολῆς
2968 1875 3122 1928 δουκὶ
3160 1877 3568 1946 παραπέμπειν
3604 1874 3796 1935 αὐτοὺς

2220 1967 2385 2036 εγνω,
2422 1967 2497 2029 ὼς
2530 1966 2596 2020 ἂν
2623 1967 2897 2037 ὠμοτάτῳ
2929 1967 3145 2020 πάντων
3180 1968 3286 2020 τῶν
3327 1966 3429 2020 ὑπ’
3456 1966 3628 2020 αὐτοῦ
3667 1966 3796 2025 δντι,

2222 2064 2317 2114 καὶ
2344 2061 2452 2114 ἀπὸ
2473 2060 2634 2130 ψιλοῦ
2660 2062 2805 2130 τάχα
2830 2060 2924 2113 καὶ
2965 2053 3059 2112 τοῦ
3085 2061 3377 2129 ὀνόματος,
3416 2058 3799 2127 ,καταπλήξειν

2222 2155 2423 2217 αὐτοὺς
2451 2153 2739 2222 δυναμένῳ
2768 2170 2781 2182 ·
2820 2154 2917 2206 καὶ
2949 2154 3031 2206 ὅτι
3062 2152 3151 2205 διά
3188 2150 3438 2221 μείζονος
3470 2153 3642 2221 τιμῆς
3684 2152 3795 2219 ἐφε-

2224 2261 2309 2297 σιν
2335 2246 2439 2315 τὴν
2464 2243 2815 2313 Μαξιμιανοῦ
2849 2243 3161 2314 θεραπείαν
3201 2245 3414 2307 ἐκεῖνος
3462 2244 3798 2307 σπουδάζων,

2222 2338 2480 2405 οὐδεμιᾶς
2525 2336 2790 2403 ἀφέξεται
2855 2337 3127 2406 μηχανῆς,
3166 2338 3315 2400 ὅπως
3352 2338 3519 2400 αὐτὸς
3574 2336 3670 2407 ἕλη
3716 2337 3799 2388 καί

2226 2428 2597 2495 μεταπείσειε.
2624 2426 2767 2496 Πρὸς
2785 2425 3020 2492 τούτοις,
3036 2426 3123 2480 ῐνα
3144 2428 3290 2498 καὶὴ
3322 2429 3512 2498 μακρά
3533 2429 3799 2495 “etrapit!

2225 2521 2319 2573 καὶ
2359 2520 2554 2588 ἄτιμος
2606 2517 2705 2587 τῆς
2742 2518 3056 2580 ,ἐνστάσεως
3106 2520 3290 2580 αὐτοῖς
3348 2518 3676 2586 ὑποχαλάηι
3712 2517 3799 2585 tiri

2225 2607 2495 2671 εὐτονίαν,
2520 2605 2636 2669 ,καὶ
2676 2606 2861 2676 ἠρέμα
2899 2609 3219 2679 μεταστήσῃ
3252 2610 3352 2676 τῆς
3373 2607 3683 2671 εὖσεῆείας,
3715 2606 3801 2659 καὶ

2229 2699 2467 2770 μάλιστα
2526 2699 2608 2751 ὃτι
2670 2699 2768 2752 καὶ
2804 2699 2909 2751 ὑπὸ
2936 2702 3089 2768 χεῖρα
3152 2700 3421 2769 πρότερον
3456 2700 3645 2763 αὐτοῖς
3690 2695 3799 2769 ἦνὲ

2240 2792 2510 2861 ’Δντίοχος
2537 2808 2550 2821 ·
2660 2792 2754 2845 καὶ
2787 2792 3137 2861 παραστῆναί
3166 2808 3225 2844 τε
3265 2795 3359 2845 καὶ
3388 2792 3479 2860 ὑφ’
3532 2789 3594 2847 οὗ
3622 2791 3799 2863 κριθή·

2230 2884 2420 2937 σεσθαι
2453 2883 2702 2952 ἔμελλον.
2745 2884 2812 2935 '0
2851 2883 2915 2953 δὴ
2947 2885 3039 2935 καὶ
3077 2882 3238 2936 πλέον
3268 2884 3368 2953 τῆς
3418 2884 3531 2936 τῶν
3566 2881 3623 2937 εὖ
3657 2899 3797 2951 γεγο-

2227 2977 2395 3029 νότων
2423 2976 2599 3046 ψυχῆς
2632 2974 2887 3042 ἅπτεται,
2928 2977 2990 3029 τὸ
3018 2977 3147 3039 τοὺς
3176 2982 3445 3047 πρότερον
3464 2979 3801 3048 ἀρχομένους

2228 3067 2420 3138 ἄρχειν
2456 3086 2513 3120 τε
2543 3069 2723 3121 αὐτῶν
2754 3069 2984 3137 ὕστερον
3015 3069 3109 3121 καὶ
3131 3071 3393 3139 ὑπηκόοις
3427 3070 3669 3140 χρῆσθαι
3700 3072 3801 3131 τοῖς

548 3147 683 3200 mini
716 3157 775 3201 et
812 3148 1211 3203 benefactores.
1260 3149 1603 3204 Consecutus
1654 3164 1888 3218 namque
1949 3147 2124 3203 fuerat

2232 3162 2288 3214 οὐ
2328 3160 2433 3229 πρὸ
2475 3160 2674 3214 πολλοῦ
2709 3161 2999 3223 δεσπόταις
3036 3160 3216 3213 αὐτῶν
3240 3161 3334 3212 καὶ
3362 3164 3688 3230 εὐεργέταις
3718 3176 3804 3229 γε·

547 3235 697 3291 hunc
720 3237 951 3292 ducatus
988 3240 1363 3308 magistratum
1395 3240 1699 3295 Antiochus
1742 3241 1914 3310 ipsius
1950 3241 2125 3301 admi-

547 3330 736 3383 rabilis
768 3330 945 3401 Sergii
987 3332 1406 3388 intercessione.
1448 3332 1553 3389 Sed
1588 3348 1774 3389 revera
1805 3334 1940 3388 nihil
1974 3333 2127 3388 vide-

548 3431 643 3475 tur
686 3431 794 3476 tam
842 3423 1000 3478 facile
1044 3439 1406 3491 marcescere,
1463 3436 1627 3496 atque
1677 3426 2005 3481 beneﬁcium
2074 3425 2126 3479 in

550 3516 738 3571 animo
777 3517 987 3589 ingrato
1011 3518 1337 3587 plantatum.
1367 3517 1418 3572 Is
1445 3519 1591 3573 enim
1619 3535 1727 3571 non
1753 3520 1929 3573 solum
1959 3533 2128 3587 appa-

554 3610 669 3665 ruit
687 3610 905 3665 minime
928 3626 1053 3666 esse
1078 3611 1395 3665 recordatus
1423 3609 1697 3671 beneﬁcii,
1736 3619 1796 3664 ut
1828 3611 2132 3677 procedens

556 3703 809 3758 ostendet
868 3705 1076 3770 oratio;
1135 3705 1231 3757 sed
1286 3703 1511 3772 perinde
1552 3718 1615 3756 ac
1658 3703 1726 3757 ab
1779 3702 1885 3756 illis
1917 3718 2128 3757 summa

553 3791 785 3847 allectus
810 3793 1032 3862 injuria,
1066 3808 1160 3847 eos
1193 3793 1462 3855 tractavit,
1493 3802 1549 3846 et
1588 3792 1666 3846 eis
1708 3795 1891 3861 gravia
1934 3794 2124 3847 intulit

553 3883 841 3953 supplicia.
918 3885 1096 3955 Atque
1149 3885 1510 3940 mittebantur
1586 3884 1806 3955 quidem
1870 3886 1937 3941 ad
2007 3901 2131 3939 eum

555 3981 754 4041 sancti,
790 3978 959 4033 vincti
988 3979 1135 4048 gravi
1164 3989 1378 4035 catena.
1409 3980 1488 4031 Ad
1529 3992 1655 4031 eum
1706 3987 1890 4033 autem
1930 3980 2131 4049 scripta

555 4084 673 4130 erat
712 4073 875 4127 etiam
903 4074 1134 4143 epistola
1168 4074 1235 4127 ab
1264 4073 1611 4141 imperatore,
1656 4086 1777 4141 quae
1834 4072 1913 4126 sic
1962 4074 2130 4127 habe-

557 4164 653 4218 bat
689 4161 961 4217 :Deorum
995 4164 1228 4216 maxima
1272 4160 1611 4232 providentia
1666 4176 1858 4216 omnes
1912 4163 2132 4232 quidem

557 4252 838 4311 homines.
880 4252 1111 4305 maxime
1161 4262 1341 4306 autem
1385 4251 1489 4305 mei
1532 4251 1741 4321 imperii
1783 4252 2041 4307 satellites
2076 4262 2135 4308 et

556 4344 869 4414 stipatores,
905 4342 959 4396 in
992 4342 1111 4399 illos
1159 4358 1279 4399 esse
1318 4343 1457 4413 pios,
1505 4352 1559 4395 et
1608 4342 1672 4397 iis
1727 4359 1939 4410 rursus,
1998 4360 2136 4415 quos

559 4436 638 4492 illi
658 4437 848 4505 dignos
877 4445 1214 4489 censuerunt
1240 4435 1492 4504 imperio,
1524 4434 1639 4487 vult
1669 4434 1918 4501 obedire,
1979 4446 2033 4491 et
2079 4438 2135 4491 in

2231 3256 2573 3323 γενημένοις.
2620 3255 2916 3325 Ἐτύγχανε
2950 3258 3059 3324 γὰρ
3087 3256 3184 3326 τὴν
3212 3257 3469 3323 τοιαύτην
3500 3256 3597 3308 τοῦ
3631 3256 3803 3316 δουκδς

2229 3346 2403 3417 ἀρχὴν
2434 3347 2463 3399 ὁ
2506 3346 2778 3416 Ἀντίοχος
2806 3348 3058 3419 μεσιτείᾳ
3082 3348 3347 3417 πρότερον
3372 3346 3469 3399 τοῦ
3496 3344 3804 3416 θαυμαστοῦ

2231 3438 2458 3509 Σεργίου
2517 3438 2894 3507 παρειληφώς.
2962 3438 3105 3490 Ἀλλ’
3160 3440 3340 3491 ἔοικεν
3389 3439 3615 3509 ἀληθῶς
3668 3438 3805 3490 οὐδὲν

2230 3531 2405 3593 οὕτως
2440 3530 2787 3599 εὐμάραντον
2851 3525 3015 3589 εἶναι,
3067 3528 3142 3589 ὡς
3199 3528 3521 3598 ἀνθρωπίνη
3579 3532 3737 3598 χάρις
3758 3528 3807 3578 ἐν

2232 3624 2508 3694 ἀχαρίστῳ
2536 3623 2683 3692 ψυχῇ
2727 3619 3075 3688 φυτευθεῖσα.
3102 3614 3271 3682 Οὗτος
3306 3624 3414 3689 γὰρ
3442 3620 3600 3672 οὐδὲν
3634 3623 3809 3686 ἀπομ-

2235 3716 2575 3786 νημονεύσας
2617 3716 2779 3785 μόνον
2811 3715 2995 3777 αὐτοῖς
3023 3716 3119 3782 τῆς
3149 3713 3473 3782 εὐεργεσίας
3515 3714 3715 3781 ἐφάνη,
3739 3711 3809 3773 ὠς

2234 3810 2302 3861 τὰ.
2339 3808 2431 3860 τοῦ
2467 3807 2627 3875 λόγου
2655 3808 2917 3876 προϊόντα
2966 3806 3218 3873 δηλώσει,
3274 3806 3411 3856 άλλά
3434 3862 3439 3869 ,
3461 3805 3720 3876 καθάπερ
3750 3804 3812 3857 τά

2234 3900 2440 3970 ἔσχατα
2474 3898 2567 3952 ὐπ’
2593 3898 2818 3951 ἐκείνων
2850 3898 3152 3967 ἀδικηθεὶς,
3200 3894 3378 3958 οὕτως
3432 3896 3625 3957 αὐτοῖς
3656 3896 3813 3963 ἐχρή-

2236 4012 2367 4048 σατο
2386 4013 2401 4028 ο
2435 3993 2529 4046 καὶ
2553 3990 2695 4045 οὕτω
2736 3989 2976 4062 χαλεπὰς
3005 3992 3251 4070 ὲπῄγαγε
3276 3989 3577 4058 τιμωρίας.
3622 3988 3814 4055 Ἐπέμ.

2235 4102 2399 4139 ποντο
2436 4086 2536 4154 μὲν
2573 4080 2667 4138 οὗν
2702 4086 2753 4137 οῖ
2786 4085 2932 4151 ᾶγιοι
2974 4081 3109 4153 πρὸς
3149 4082 3333 4144 αὐτὸν,
3381 4082 3574 4154 ἁλύσει
3626 4080 3813 4152 βαρείᾳ

2234 4177 2532 4245 δεδεμένοι.
2619 4176 2965 4246 Ἐγέγραπτο
2995 4176 3050 4228 δὲ
3074 4174 3223 4244 αὑτῷ
3250 4173 3342 4225 καὶ
3375 4172 3639 4239 ἐπιστολὴ
3675 4171 3813 4239 παρὰ

2239 4266 2503 4337 βασιλέως
2564 4265 2760 4336 ἔχουσα
2814 4264 2986 4327 οὕτως
3030 4259 3161 4319 ⁶’Ἦ
3216 4266 3326 4319 τῶν
3398 4264 3538 4316 θεῶν
3589 4263 3813 4333 μεγίστη

2238 4361 2489 4427 πρόνοια,
2532 4361 2626 4410 καὶ
2683 4356 2893 4418 πάντας
2947 4356 3047 4425 μὲν
3107 4356 3452 4426 ἀνθρώπους,
3495 4357 3736 4425 μάλιστα
3767 4355 3814 4407 δὲ

2237 4449 2364 4510 τοὺς
2392 4451 2491 4517 τῆς
2525 4451 2664 4517 ἐμῆς
2709 4448 2987 4517 βασιλείας
3039 4448 3391 4510 ὑπασπιστάς
3430 4463 3489 4499 τε
3540 4447 3639 4501 καὶ
3668 4446 3816 4517 δορυ·

558 4544 655 4585 eos
688 4542 807 4583 esse
835 4538 989 4597 grato
1020 4528 1221 4583 animo.
1253 4527 1544 4596 PrOpterea
1578 4527 1724 4583 hunc
1774 4526 2022 4597 Sergium
2078 4540 2124 4585 et

2241 4545 2461 4608 φόρους,
2506 4540 2753 4597 εὐσεϐεῖς
2792 4556 2852 4591 τε
2901 4540 2967 4591 τά
2998 4541 3077 4601 είς
3134 4542 3379 4603 ἐκείνους
3426 4523 3529 4592 ’καὶ
3572 4542 3687 4600 τοῖς
3728 4535 3814 4590 ὑπ’

557 4620 855 4679 Bacchum.
886 4620 977 4689 qui
1006 4620 1057 4672 in
1085 4622 1217 4674 deos
1271 4620 1491 4689 quidem
1532 4633 1901 4692 apparuerunt
1959 4621 2131 4690 impii,

559 4722 615 4770 et
646 4728 704 4767 se
724 4711 1162 4767 Christianorum
1213 4711 1528 4777 adiunxisse
1568 4712 1836 4780 religioni.
1895 4713 2132 4768 convicti

560 4818 691 4861 sunt
726 4815 907 4860 autem
960 4803 1203 4858 criminis
1234 4803 1426 4873 ingrati
1461 4806 1515 4858 in
1546 4819 1632 4858 me
1670 4803 1857 4869 animi,
1911 4816 1967 4858 et
2022 4808 2133 4874 jam

560 4910 752 4956 nostro
791 4898 1073 4961 tribunali,
1115 4906 1171 4951 et
1208 4906 1392 4951 nostra
1457 4896 1863 4952 exantinatione
1909 4896 2135 4965 judicati

560 5001 690 5047 sunt
725 4991 951 5059 indigni,
991 4990 1092 5043 sub
1133 4988 1398 5042 tutissima
1431 4989 1674 5041 custodia
1716 4999 1771 5041 et
1814 4987 2048 5040 vinculis
2068 4989 2134 5041 ad

561 5095 709 5140 tuam
751 5084 1149 5137 transmisimus
1178 5082 1563 5137 constantiam.
1608 5080 1663 5132 Si
1695 5095 1825 5150 ergo
1859 5080 2133 5149 poeniten-

562 5176 639 5231 tia
697 5174 848 5229 ducti
903 5173 1008 5228 diis
1059 5173 1534 5235 sacriﬁcaverint,
1606 5171 1887 5225 solvantur
1933 5174 2000 5226 ab
2056 5172 2136 5225 eis

563 5267 837 5339 impositis
877 5268 1132 5323 vinculis.
1167 5274 1219 5319 et
1248 5266 1397 5335 digni
1429 5274 1760 5320 censeantur
1813 5264 2021 5319 honore
2083 5274 2138 5320 et

561 5360 969 5417 benevolentia.
1005 5358 1424 5413 Revocabuntur
1450 5358 1594 5410 enim
1631 5372 1819 5411 rursus
1853 5372 1882 5409 a
1952 5367 2139 5411 nostra

564 5454 806 5525 potentia
834 5496 847 5515 ,
882 5452 1254 5520 recipientque
1286 5450 1495 5519 priores
1542 5449 1778 5502 honores
1802 5492 1814 5513 ,
1850 5457 1941 5501 ant
1973 5450 2139 5503 etiam

564 5546 822 5613 majores,
855 5552 1127 5612 eruntque
1157 5544 1415 5612 deinceps
1470 5541 1524 5595 in
1559 5541 1679 5595 loco
1717 5554 1771 5595 et
1813 5541 2007 5595 ordine
2059 5540 2141 5594 eis

568 5637 942 5693 convenienti.
978 5636 1075 5691 Sin
1107 5644 1288 5687 autent
1327 5633 1679 5688 immobiliter
1700 5633 1865 5701 priori
1902 5634 2143 5686 haereant

569 5734 881 5794 sententiae,
918 5730 1093 5799 legum
1129 5727 1357 5796 subjecti
1390 5728 1502 5781 sint
1526 5726 1856 5789 austeritati,
1916 5724 2143 5796 ipsaque

571 5825 811 5882 essentia
832 5834 885 5880 et
919 5823 1029 5880 vita
1058 5835 1188 5877 ense
1212 5820 1495 5894 priventur
1518 5836 1639 5878 cum
1664 5819 1801 5875 aliis.
1846 5816 1997 5875 Vale.

2239 4634 2465 4687 ἐκείνων
2500 4633 2661 4686 πάλιν
2690 4633 2883 4702 ἄρχειν
2915 4630 3266 4702 ἠξιωμένοις,
3313 4634 3444 4699 ἡμῖν
3504 4631 3813 4700 πειθηνίους

2238 4722 2380 4779 εἶναι
2414 4726 2687 4795 βούλεται,
2722 4727 2814 4777 καὶ
2840 4724 3213 4794 εὐγνώμονας.
3246 4724 3345 4776 Διά
3395 4723 3572 4776 ταῦτά
3616 4742 3697 4777 τοι
3733 4726 3817 4776 καὶ⁸

2239 4820 2461 4889 Σέργιον
2491 4819 2680 4874 τοῦτον
2711 4822 2803 4871 καὶ
2828 4820 2916 4870 τὸν
2939 4819 3034 4869 σὺν
3058 4817 3208 4884 αὐτῷ
3233 4816 3445 4887 Βάκχον
3472 4818 3696 4880 ἀσεϐεῖς
3728 4818 3818 4882 μὲν

2240 4913 2306 4964 τὰ
2341 4913 2468 4981 περὶ
2498 4914 2628 4970 τοὺς
2682 4912 2837 4972 θεοὺς
2885 4910 3280 4976 ἀναφανέντας,
3329 4912 3422 4963 καὶ
3456 4914 3521 4981 τῇ
3550 4913 3662 4963 τῶν
3693 4913 3826 4981 Χρι-⁴

2244 5005 2479 5058 στιανῶν
2512 5005 2917 5074 προσθεμένους
2955 5004 3246 5073 θρησκείᾳ,
3282 5009 3412 5073 περὶ
3452 5005 3603 5071 ἡμᾶς
3638 5004 3695 5055 δὲ
3730 5006 3817 5070 άγ·

2242 5097 2491 5165 νώμονάς
2516 5114 2574 5150 τε
2600 5100 2695 5149 καὶ
2725 5099 3055 5167 ἀχαρίστους
3092 5096 3514 5164 ἐληλεγμένους,
3551 5097 3647 5148 καὶ
3678 5096 3816 5162 παρά

2243 5188 2403 5241 τοῦτο
2460 5190 2683 5251 πολλαῖς
2734 5191 3026 5258 τιμωρίαις
3059 5188 3434 5259 ὑποόληθῆναι
3484 5191 3813 5255 ὀφείλοντας,

2246 5282 2496 5347 ἀναξίους
2528 5282 2630 5353 ἤδη
2672 5282 2765 5334 τοῦ
2801 5283 3075 5351 ἡμετέρου
3123 5282 3363 5353 βήματος
3407 5283 3503 5333 καὶ
3554 5282 3649 5349 τῆς
3696 5280 3816 5351 παρ’

2248 5376 2407 5446 ἡμῶν
2450 5375 2631 5429 αὐτῶν
2668 5375 2968 5441 ἐξετάσεως
3006 5376 3381 5443 νομισθέντας,
3419 5371 3526 5423 ὑπὸ
3578 5374 3815 5442 ἀσφαλε-

2250 5469 2418 5537 στάτη
2475 5470 2689 5539 φρουρᾷ
2718 5470 2810 5519 καὶ
2836 5468 3052 5535 δεσμοῖς
3085 5471 3149 5537 τῇ
3187 5469 3255 5535 σῇ
3289 5467 3613 5535 στερρότητι
3650 5482 3815 5535 παρε-

2250 5562 2566 5632 πέμψαμεν.
2609 5564 2669 5615 Ei
2697 5563 2796 5631 μὲν
2823 5559 2914 5613 οὖν
2951 5558 3425 5630 μεταμεληθέντες
3467 5559 3689 5611 θύσειαν
3715 5561 3816 5618 τοῖς

2251 5655 2556 5718 θεοῖςιτών
2587 5654 2803 5721 δεσμῶν
2839 5671 2898 5706 τε
2922 5654 3029 5706 τῶν
3062 5648 3427 5719 ἐπικειμένων
3452 5651 3633 5711 αὐτοῖς
3667 5650 3819 5713 λυθή-

2248 5763 2454 5810 τωσαν,
2490 5746 2585 5800 καὶ
2626 5746 2793 5814 τιμῆς
2843 5744 3233 5811 ἀξιωθήτωσαν
3269 5740 3472 5810 μᾶλλον
3524 5740 3621 5791 καὶ
3678 5738 3819 5802 25p:-

2254 5838 2439 5906 νείας·
2498 5838 2969 5909 ἁνακληθὴσονται
3027 5833 3136 5915 γὰρ
3186 5828 3346 5894 αὖθις
3393 5832 3489 5886 καὶ
3549 5828 3694 5892 παρὰ
3730 5824 3817 5878 τοῦ
