3968 6456
138 412 296 481 ΙΟΠ
1075 415 1542 476 MARTYRIUM
1582 415 1685 478 SS.

1835 415 2000 478 RGlI
2048 416 2143 478 ET
2181 417 2478 479 BACCHI.
3269 410 3414 476 1018

126 535 426 609 ἡμετέρου
459 536 697 606 κράτους
721 551 734 565 ·
770 532 866 589 καὶ
897 534 994 599 τάς
1024 552 1083 586 τε
1109 536 1380 606 προτέρας
1420 535 1790 606 ἀπολήψονται
1817 535 1978 606 τιμὰς
2004 536 2035 606 ἢ
2064 537 2156 590 καὶ
2197 537 2438 608 μείζους,
2462 537 2558 590 καὶ
2580 536 2638 590 ιν
2665 535 2816 602 τάξει
2843 536 2910 607 τῇ
2947 531 3306 607 προσηκούσῃ
3353 530 3417 585 τδ

126 632 338 686 λοιπον
390 629 642 684 ἔσονταιο
671 631 721 682 εί
760 629 818 683 δι
857 629 956 698 τῆς
1012 629 1392 700 προλαϐοὑσης
1446 630 1798 701 ἀμεταθέτως
1826 631 2038 702 ἔχονται
2093 633 2321 704 γνώμης
2359 635 2425 702 τῇ
2483 632 2855 703 αὐστηρότητι
2891 632 2998 685 τῶν
3045 632 3229 702 νόμων
3281 629 3418 682 ὑπο-

132 719 471 785 ϐληθέντες,
493 721 583 772 καὶ
609 718 742 772 αὐτὸ
765 721 903 788 μετά
929 720 1036 772 τῶν
1058 719 1232 772 ἄλλων
1259 720 1317 773 τὸ
1348 716 1487 774 εἶναι
1521 723 1616 774 καὶ
1649 723 1709 774 τὸ
1732 721 1831 792 ζῇν
1873 724 1958 777 διὰ
2001 725 2186 793 ξίφους
2225 722 2707 796 ἀφαιρεθήτωσαν.
2742 726 3015 792 Ἔρῤωσο.

223 815 309 866 Θ’.
341 814 422 865 Τὰ
449 811 672 865 τοιαῦτα
702 813 1002 884 γράμματα
1019 812 1274 877 λαϐόντες
1299 815 1348 865 οἱ
1375 815 1726 884 στρατιῶται,
1757 825 1800 878 Α

131 899 273 956 εἶτα
311 905 405 956 καὶ
461 905 587 966 τοὺς
645 904 833 970 ἁγίους
881 904 1294 972 παραλαϐόντες
1341 905 1462 957 ὁδοῦ
1498 905 1727 974 εἴχοντο.

130 996 274 1050 Τῶν
305 995 535 1049 οίκετῶν
571 997 625 1048 δέ
659 1013 823 1060 τινες,
853 996 931 1063 τῷ
959 1013 1019 1049 τε
1048 998 1220 1066 ὁμοίῳ
1259 998 1389 1066 περὶ
1425 998 1526 1066 τὴν
1572 999 1741 1067 εὗσέ-ι

130 1088 311 1140 ϐειαν
361 1088 508 1157 ζήλῳ
559 1089 651 1140 καὶ
685 1087 747 1156 δὴ
778 1089 870 1139 καὶ
899 1088 1035 1155 πρὸς
1070 1087 1195 1150 τοὺς
1235 1087 1502 1148 δεσπότας
1546 1087 1728 1159 εὐνοία

127 1180 531 1248 νενικημένοι,
596 1180 915 1230 συνείποντο
957 1180 1052 1231 καὶ
1112 1178 1292 1238 αὐτοὶ,
1357 1179 1610 1246 καθάπερ
1665 1181 1726 1233 οὐ

132 1271 302 1340 μόνῳ
327 1271 394 1323 τά
428 1271 654 1339 σώματα
677 1270 1034 1324 δεδουλῶσθαι
1069 1272 1252 1338 μόνον,
1288 1271 1425 1324 ἀλλά
1449 1274 1539 1324 καὶ
1579 1271 1728 1337 πόθῳ

126 1366 242 1428 τὰς
279 1364 460 1432 ψυχὰς
515 1363 848 1432 βουλόμενοι.
913 1363 975 1416 Οἳ
1013 1365 1107 1416 καὶ
1154 1365 1262 1417 τῶν
1304 1363 1474 1431 ἀγίων
1528 1365 1728 1433 ἢκουον

131 1457 291 1524 ’πρὸς
346 1454 606 1523 ἀλλήλους
662 1455 868 1522 μεταξὺ
913 1456 1441 1526 κοινολογουμένωνο
1489 1455 1565 1518 ὡς
1620 1455 1728 1522 ἄρα

128 1550 241 1613 τῆς
279 1546 471 1606 νυκτὸς
508 1545 631 1598 καθ’
665 1547 731 1616 ἦν
758 1548 866 1612 τῆς·
890 1548 1098 1610 πόλεως
1140 1547 1429 1616 Ῥωμαίων
1472 1545 1725 1616 ἐξῄεσαν,

133 1639 408 1708 Θειοτέρα
452 1656 533 1701 τις
564 1639 686 1708 ὄψις
739 1642 1088 1708 ἐπιφανεῖσα,
1124 1641 1346 1711 θαρρεῖν
1385 1641 1567 1700 αὐτοῖς
1607 1639 1730 1691 ἐκέ-

129 1732 275 1784 λευε
300 1732 390 1784 τὸν
419 1731 630 1798 ἀγῶνα,
665 1731 758 1784 καὶ
799 1733 1210 1802 προθυμότερον
1257 1732 1351 1800 τῆς
1383 1732 1552 1800 καλῆς
1581 1731 1730 1781 ὲκεί-

130 1843 244 1892 νης
289 1825 376 1878 διὰ
406 1825 641 1894 Χριστὸν
678 1825 898 1893 ἔχεσθαι
954 1827 1201 1893 πορείας.
1255 1824 1347 1875 Διὸ
1381 1825 1472 1874 καὶ
1526 1821 1631 1873 ὑπὸ
1661 1823 1726 1891 τῇ

129 1917 340 1970 ἁλύσει
383 1921 446 1986 τῇ
481 1917 676 1986 σιδηρᾷ
706 1917 982 1984 βαίνοντες
1009 1919 1202 1968 ἐκεῖνοι
1235 1916 1329 1966 καὶ
1359 1916 1470 1976 τοῖς
1487 1913 1727 1980 δεσμοῖς,

129 2005 374 2070 ἀλύπως
405 2008 522 2078 μεθ’
550 2008 741 2076 ἡδονῆς
762 2007 989 2076 ἔψαλλον
1010 2024 1021 2036 ·
1061 2008 1148 2060 Ἐν
1178 2011 1243 2077 τῇ
1275 2006 1375 2075 ὁδῷ
1398 2007 1506 2058 τῶν
1527 2022 1731 2073 μαρτυ-

133 2099 284 2168 ρίων
317 2118 410 2151 σου
440 2102 803 2170 ὲτέρφῢημεν,
835 2099 1028 2170 Κύριε,
1058 2099 1131 2162 ὼς
1166 2102 1257 2152 ἐπὶ
1295 2099 1459 2152 παντὶ
1489 2096 1727 2162 πλούτῳ.

1899 817 1990 872 IX.
2032 819 2166 886 Cum
2205 821 2303 874 has
2332 821 2536 875 litteras
2579 827 2632 874 et
2684 828 2903 872 sanctos
2963 815 3108 870 viros
3159 813 3406 881 accepis-

1836 921 1956 968 sent
1997 909 2215 972 milites,
2246 914 2382 966 viam
2416 923 2546 966 sunt
2573 911 2825 982 ingressi.
2858 908 3091 973 Quidam
3127 916 3308 960 autem
3346 921 3414 959 ex

1836 1005 2076 1068 famulis.
2109 1017 2164 1058 et
2187 1005 2344 1058 simili
2378 1005 2496 1057 zelo
2526 1005 2580 1057 in
2615 1005 2900 1072 pietatem,
2950 1008 3005 1053 et
3048 1000 3100 1051 in
3158 997 3411 1050 dominos

1835 1099 1964 1151 victi
1999 1096 2515 1161 benevolentia,eos
2557 1109 2777 1164 quoque
2828 1101 2957 1146 sunt
2999 1088 3198 1150 secuti,
3255 1090 3412 1155 quasi

1836 1205 1943 1242 non
1977 1204 2203 1257 corpora
2246 1189 2418 1240 solum
2443 1186 2566 1257 legi,
2599 1186 2692 1240 sed
2719 1185 2883 1238 etiam
2911 1183 3122 1236 animas
3164 1181 3410 1234 volentes

1836 1278 1949 1334 Deo
1979 1281 2203 1334 servire.
2246 1279 2350 1343 Qui
2381 1278 2544 1332 etiam
2573 1276 2864 1330 audierunt
2900 1283 3120 1326 sanctos
3159 1273 3298 1325 inter
3347 1283 3407 1324 se

1834 1371 2228 1438 colloquentes,
2265 1380 2318 1423 et
2348 1370 2616 1429 dicentes,
2660 1366 2804 1432 quod
2828 1374 3009 1427 nocte,
3046 1377 3150 1430 qua
3205 1355 3413 1430 egressi

1790 1475 1794 1481 ‘
1836 1473 1960 1516 sunt
1993 1478 2024 1515 e
2057 1463 2280 1516 civitate
2315 1460 2708 1518 Romanorum,
2734 1458 2916 1511 divina
2948 1456 3192 1523 qua-dam
3244 1464 3414 1518 appa-

1835 1572 1959 1610 rens
1985 1555 2120 1608 visio
2147 1555 2311 1622 jussit
2340 1570 2433 1607 e0s
2456 1553 2755 1615 conﬁdere,
2781 1558 2834 1604 et
2870 1550 3012 1602 bono
3045 1561 3166 1599 esse
3225 1544 3412 1597 animo

1835 1647 1902 1702 ad
1959 1640 2258 1709 certamen,
2319 1654 2377 1699 et
2431 1645 2686 1697 alacriter
2761 1640 2970 1712 ingredi
3041 1639 3246 1692 bonum
3311 1635 3413 1688 iter

1837 1753 2063 1814 propter
2113 1741 2412 1795 Christum.
2449 1739 2814 1804 Quamobrem
2857 1737 2955 1788 etsi
3010 1743 3194 1786 essent
3236 1731 3411 1784 l'errea

1837 1837 1922 1891 illa
1946 1836 2115 1890 vincti
2139 1844 2352 1896 catena,
2382 1833 2516 1887 citra
2549 1829 2852 1884 molestiam
2888 1837 2939 1879 et
2975 1840 3096 1878 cum
3132 1824 3414 1890 voluptate

1836 1926 2136 1996 psallebant
2167 1942 2180 1978 ε
2213 1923 2269 1977 1η
2299 1924 2380 1976 via
2416 1920 2855 1975 testimoniorum
2891 1927 3109 1970 tuorum
3159 1909 3414 1965 delectati

1835 2036 2044 2079 sumus,
2083 2019 2332 2076 Domine,
2368 2025 2623 2083 tanquam
2660 2009 2726 2066 in'
2756 2012 3012 2064 omnibus
3069 2005 3299 2061 divitiis.
3355 2004 3413 2056 In

1835 2109 2320 2179 justiﬁestionibus
2347 2108 2452 2160 tuis
2479 2103 2725 2159 meditati
2761 2117 2974 2162 sumus,
3032 2108 3088 2151 et
3124 2097 3257 2165 legis
3311 2105 3418 2148 tua

145 2186 245 2242 Ἐν
295 2193 406 2252 τοῖς
435 2188 768 2258 δικαιώμασί
802 2206 898 2242 σου
931 2190 1298 2259 μελετήσομεν
1329 2185 1540 2240 καὶτοῦ
1572 2185 1728 2252 νόμον

1839 2217 1947 2256 non
1973 2215 2162 2254 suuius
2179 2199 2351 2252 obliti.
2384 2199 2441 2250 In
2474 2195 2748 2250 mandatis
2772 2195 2878 2248 tuis
2916 2187 3329 2246 meditabimur,
3362 2195 3418 2240 ct

129 2297 237 2334 σου
288 2283 388 2334 οὐκ
421 2281 920 2350 ἐπιλησθησόμεθα.
963 2282 1050 2333 Ἐν
1075 2285 1194 2343 ταῖς
1220 2281 1455 2342 ἐντολαῖς
1485 2296 1577 2332 σου
1608 2278 1729 2331 ἀδο-

135 2371 506 2441 λεσχήσομεν,
538 2374 630 2425 καὶ
663 2372 1039 2440 ἐκζητήσομεν
1089 2374 1188 2433 τὰς
1217 2371 1368 2433 ὁδούς
1404 2387 1520 2422 σου.
1560 2368 1729 2436 Ζησό-

134 2461 290 2531 μεΘα
322 2464 414 2512 καὶ
448 2461 754 2530 φυλάξομεν
783 2462 907 2523 τοὺς
938 2461 1129 2528 λόγους
1154 2479 1268 2514 σου.
1301 2463 1483 2514 Πᾶσαν
1514 2459 1606 2512 οὖν
1628 2461 1726 2528 τὴν

127 2555 260 2608 ὁδὸν
294 2554 509 2624 εκείνην
537 2555 752 2617 ἀπόνως
780 2553 1098 2617 ἀνύσαντες,
1148 2551 1204 2606 ἐν
1254 2570 1358 2605 τινι
1390 2548 1726 2621 Βαρϐαλησὼ

131 2646 299 2700 πόλει
356 2651 455 2716 τῆς
515 2648 875 2717 Λιμητανέων
934 2647 1098 2714 ἐγγὺς
1163 2643 1518 2712 κατάγονται.
1557 2641 1726 2695 Ἔνθα

129 2738 472 2810 διατρίϐοντι
489 2741 563 2808 τῷ
586 2741 738 2792 δουκὶ
759 2740 1109 2808 παρέστησαν
1147 2739 1424 2807 Ἀντιόχῳ,
1447 2736 1727 2806 χαρίεντες

140 2832 249 2900 μὲν
297 2833 389 2882 καὶ
421 2833 640 2900 φαιδροὶ
672 2833 770 2900 τὴν
807 2833 952 2899 ww,
994 2832 1093 2897 τὴν
1123 2833 1177 2884 δὲ
1209 2831 1306 2900 τῆς
1351 2829 1531 2898 ψυχῆς
1564 2829 1726 2894 εὐγέ-

131 2943 293 2976 νειαν
324 2924 402 2993 τῷ
431 2923 524 2976 τοῦ
556 2925 718 2994 ἡϐους
752 2920 808 2976 εὖ
838 2923 984 2991 μάλα
1014 2923 1406 2984 διαδεικνύντες
1437 2921 1728 2990 ἐλευθερίῳ

144 3017 376 3084 Ἀμέλει
410 3021 500 3069 καὶ
531 3019 577 3069 οξ
610 3014 1112 3085 τῶνπεριεστώτων
1143 3015 1412 3082 ὀφθαλμοὶ
1451 3014 1551 3080 τῆς
1588 3012 1730 3064 ἐκεί..

133 3129 243 3161 νων
265 3108 391 3169 Θέας
417 3110 553 3172 ὅλως
571 3111 866 3180 ἐξήρτηντο
887 3127 900 3139 °
921 3109 1014 3162 καὶ
1028 3108 1150 3161 οὐδὲ
1173 3107 1368 3178 ῥᾳδίως
1419 3106 1514 3157 ἀπ’
1547 3105 1728 3156 αὐτῶν

135 3199 705 3269 ἀφίστασοσιηοελον,
747 3199 863 3253 ἀλλ’
914 3199 1145 3263 ἐκτενῶς
1174 3203 1251 3262 είς
1286 3197 1481 3260 αὐτοὺς
1518 3195 1724 3266 ἐώρων,

132 3295 232 3343 καὶ
265 3293 493 3358 γλυκεῖά
522 3309 603 3353 τις
636 3287 776 3361 ἦσαν
805 3292 1018 3360 θεάτρῳ
1047 3293 1372 3360 πανήγυρις.

213 3383 274 3434 l'.
309 3382 664 3450 Θεασάμενος
689 3386 868 3435 τοίνυν
909 3383 1105 3445 αὐτοὺς
1134 3384 1280 3444 ὅπως
1310 3378 1454 3451 εἶχον
1501 3382 1528 3434 ὁ
1575 3380 1724 3446 δοῦξ,

135 3474 260 3530 εἶτα
296 3479 391 3530 καὶ
417 3477 484 3528 τά
509 3477 769 3547 βασιλέως
797 3482 1066 3547 ἀναγνοὺς
1095 3480 1422 3550 γράμματα.
1446 3481 1573 3548 σιγῇ
1601 3477 1725 3531 καθ’

137 3569 340 3622 ἑαυτὸν
380 3567 740 3638 ἀπεθαύμαζε
767 3582 781 3596 ⁶
824 3570 920 3623 καὶ
955 3569 1116 3624 πάλιν
1151 3569 1348 3632 αὐτοὺς
1397 3569 1731 3622 ὲπανεΘεᾶτο

142 3662 292 3729 μέγα
325 3678 378 3712 τι
409 3661 501 3712 καὶ
546 3663 735 3715 καινὸν
773 3659 914 3715 εἶναι
968 3665 1234 3732 οἰόμενος,
1277 3663 1422 3725 ὅπως
1459 3665 1536 3723 είς
1573 3662 1731 3714 τοῦτο

137 3755 616 3823 γενναιότητός-τε
637 3755 730 3805 καὶ
753 3753 956 3823 τόλμης
980 3750 1166 3824 ἦλθον,
1197 3755 1270 3816 ὼς
1319 3756 1411 3805 καὶ
1453 3752 1730 3805 κολάσεων

140 3851 244 3902 καὶ
273 3845 518 3900 ἀπειλῶν
559 3845 652 3896 καὶ
675 3845 832 3914 δόξης
865 3847 957 3898 καὶ
1007 3845 1170 3898 αὖτοῦ
1214 3845 1278 3914 δὴ
1312 3847 1728 3913 καταφρονῆσαι

136 3939 236 3992 τοῦ
289 3936 556 4004 βασιλέως
590 3937 683 3989 καὶ
721 3939 852 4008 περὶ
901 3937 1190 4007 ἐλαχίστου
1223 3937 1417 3988 θέσθαι
1439 3937 1530 3988 τὸν
1563 3935 1729 3989 Θάνα-

139 4048 259 4083 τον.
294 4030 399 4082 Τὸν
428 4030 523 4098 τῆς
575 4031 782 4097 τάξεως
831 4034 889 4084 δὲ
920 4033 1066 4099 ὅμως
1109 4033 1541 4100 κομενταρήσιον
1575 4031 1728 4082 καλέο

140 4139 267 4185 σας,
304 4125 444 4188 Τοὺς
484 4126 740 4193 δεσμίους
777 4124 1022 4186 τούτους,
1057 4122 1183 4192 ἔφη,
1219 4122 1576 4194 παραλαϐὼν,
1613 4122 1723 4173 ὑπο

143 4219 367 4287 φρουρᾷ
405 4223 504 4284 μὲν
535 4219 694 4286 τήρει
739 4231 830 4285 μοι
859 4220 923 4286 τῇ
954 4217 1340 4286 ἀσφαλεστάτη
1363 4230 1375 4242 ·
1418 4214 1555 4285 πλὴν
1601 4215 1725 4282 μηδ’

138 4307 328 4381 ότιοῦν
363 4307 670 4376 λυπηρὸνῆ
718 4307 1017 4376 ἀϐούλητον
1079 4309 1484 4374 ὑπομένοντας·
1523 4308 1727 4378 ὂψομαι

139 4403 253 4466 γὰρ
284 4402 381 4452 καὶ
422 4401 502 4462 είς
542 4400 806 4472 δευτέραν
844 4401 1050 4463 αὐτοὺς
1105 4401 1374 4463 ἐξέτασιν.
1413 4393 1574 4453 Οὗτοι
1624 4393 1736 4472 μὲν

138 4491 261 4554 οὖν,
297 4494 444 4544 κατά
479 4492 538 4542 τὸ
565 4491 757 4555 δουκος
775 4494 1108 4564 πρόσταγμα
1137 4495 1192 4545 ἐν
1218 4493 1296 4560 τῷ
1320 4494 1554 4562 ἀσφαλεῖ
1581 4496 1728 4547 κλειο

139 4582 369 4644 σθέγτες
425 4581 522 4648 τῆς
555 4583 803 4650 φυλακῆς
848 4584 1088 4653 ἑσπέρας
1155 4583 1591 4655 καταλαϐούσης,
1647 4586 1727 4647 εἰς

141 4675 463 4743 προσευχὴν
522 4674 748 4737 ἑαυτοὺς
793 4677 1037 4742 ἀνῆκαν
1085 4675 1408 4744 Ἐπίϐλεψον
1437 4679 1521 4746 ἐφ’
1553 4679 1724 4747 ἡμᾶς,

139 4767 420 4835 λέγοντες,
459 4767 518 4833 ἐξ
553 4768 713 4834 ἁγίου
776 4785 891 4830 σου,
924 4769 1194 4832 Δέσποτα,
1242 4757 1668 4840 κατοικητηρίου
1702 4784 1717 4799 ο

1837 2294 2184 2364 exquiremus
2234 2292 2349 2345 vias
2387 2299 2529 2343 tuas.
2586 2287 2868 2344 Vivemus.
2930 2292 2985 2336 et
3041 2278 3416 2334 custodiemus

1838 2399 2121 2440 sermones
2182 2393 2326 2436 tuos.
2379 2380 2516 2436 Cum
2569 2395 2698 2448 ergo
2775 2388 2944 2430 totum
2980 2371 3109 2426 illud
3153 2371 3257 2422 iter
3279 2369 3415 2421 citra

1837 2479 2080 2531 laborem
2110 2475 2502 2530 confecissent.
2534 2474 2887 2525 diversantur
2917 2468 2969 2518 in
2994 2464 3226 2530 quadam
3275 2460 3411 2513 civi-

1836 2575 1945 2619 tate
1972 2608 1984 2626 ,
2022 2566 2242 2619 nomine
2272 2563 2586 2623 Barbaleso,
2624 2573 2792 2629 prope
2837 2554 3113 2622 regionem
3183 2546 3412 2600 Limita-

1827 2667 2084 2710 neorum.
2111 2655 2230 2720 Quo
2256 2657 2308 2708 in
2329 2657 2448 2708 loco
2469 2669 2591 2706 cum
2623 2655 2728 2705 dux
2757 2657 3064 2702 versaretur
3084 2637 3410 2700 Antiochus,

1837 2761 1962 2805 ante
1989 2765 2110 2804 eum
2131 2757 2258 2802 sunt
2277 2746 2551 2816 producti,
2578 2744 2682 2796 lati
2707 2740 2926 2809 quidem
2954 2745 3007 2789 et
3034 2736 3183 2787 vultu
3219 2729 3412 2791 alacri,

1837 2845 2006 2898 animi
2059 2854 2240 2898 autem
2299 2839 2636 2894 nobilitatem
2687 2832 3028 2888 liberalibus
3059 2829 3412 2882 ostendentes

1837 2939 2102 2991 moribus.
2139 2938 2339 2990 Eorum
2373 2935 2580 3002 itaque,
2606 2930 2695 3000 qui
2725 2931 2872 2997 ipsos
2901 2920 3407 2980 circumsistebant,

1836 3029 1977 3085 oculi
2005 3037 2160 3081 erant
2197 3041 2389 3079 omnes
2425 3026 2477 3076 in
2514 3039 2608 3076 eos
2648 3020 2882 3085 coniecti
2919 3035 2932 3070 :
2989 3026 3043 3070 et
3100 3029 3198 3068 nec
3247 3011 3411 3065 facile

1836 3121 2197 3183 desistebaut,
2236 3121 2328 3172 sed
2358 3118 2512 3169 ﬁrmo
2541 3125 2594 3168 et
2627 3115 2838 3165 intento
2867 3115 3060 3160 obtutu
3117 3121 3212 3158 eos
3267 3102 3415 3170 aspi-

1835 3214 2082 3276 ciebant;
2120 3222 2383 3282 erantque
2430 3209 2531 3280 ipsi
2567 3207 2780 3261 theatro
2805 3200 3107 3274 jucundum
3139 3196 3410 3267 quoddam

1834 3304 2227 3375 spectaculum.

1906 3395 1973 3450 X.
2025 3395 2161 3450 Cum
2232 3408 2330 3448 eos
2385 3407 2516 3462 ergo
2573 3391 2799 3445 vidisset
2851 3387 2956 3440 dux
3012 3383 3288 3453 quomodo
3357 3397 3418 3437 se

1837 3489 2128 3551 haberent,
2172 3499 2226 3542 et
2255 3487 2453 3540 deinde
2491 3485 2654 3538 etiam
2683 3483 2900 3550 legisset
2932 3481 3140 3532 litteras
3175 3478 3411 3540 impera-

1837 3586 1992 3645 toris,
2018 3581 2218 3634 tacitus
2251 3583 2394 3648 apud
2429 3595 2487 3632 se
2526 3575 2914 3632 admirabatur,
2964 3581 3041 3625 et-
3073 3585 3168 3622 eos
3227 3581 3419 3622 rursus

1838 3671 2328 3740 contemplabatur.
2363 3684 2618 3737 magnum
2650 3666 2780 3735 quid
2811 3678 2931 3718 esse
2955 3673 3010 3717 et
3044 3676 3245 3714 novum
3269 3659 3417 3713 exis-

1836 3768 2060 3824 timans,
2092 3763 2236 3832 quod
2257 3761 2320 3816 ad
2355 3771 2557 3815 tantam
2626 3756 3026 3826 processissent
3076 3752 3243 3804 animi
3304 3764 3423 3802 ma-

1834 3857 2206 3931 gnitudinem,
2245 3865 2303 3906 ut
2333 3866 2383 3908 et
2409 3851 2696 3922 supplicia.
2721 3860 2778 3903 et
2814 3847 3010 3908 minas,
3062 3853 3118 3898 et
3162 3842 3412 3912 gloriam,

1832 3961 1886 4007 et
1940 3952 2116 4020 ipsum
2168 3949 2334 4000 etiam
2419 3943 2774 4012 despicerent
2821 3941 3238 4009 imperatorem,
3306 3936 3414 3989 imo

1833 4051 2062 4098 mortem
2089 4053 2306 4108 quoque
2335 4037 2546 4091 minimi
2583 4034 2847 4088 iacerent.
2903 4031 3184 4083 Accersito
3229 4037 3413 4080 autem

1833 4129 2309 4188 commentariensi
2339 4146 2353 4181 :
2389 4128 2611 4195 Accipe.
2644 4124 2843 4193 inquit,
2871 4121 2972 4174 hos
3009 4122 3236 4177 vinctos.
3263 4128 3319 4172 et
3356 4119 3410 4170 in

1832 4223 2076 4278 custodia
2101 4222 2319 4291 quidem
2352 4234 2510 4272 serva
2537 4217 2807 4271 tutissima
2834 4257 2848 4278 ,
2877 4213 3012 4266 nihil
3039 4222 3221 4266 autem
3249 4224 3413 4281 grave

1831 4326 1925 4369 aut
1986 4315 2271 4368 molestum
2331 4311 2668 4366 sustinentes
2725 4325 2738 4360 :
2804 4320 2900 4359 eos
2965 4305 3112 4358 enim
3191 4318 3415 4355 reservo

1831 4407 2245 4464 examinationi.
2283 4406 2460 4474 Atque
2493 4403 2526 4454 ii
2559 4399 2782 4471 quidem
2817 4399 2974 4467 jussu
3005 4395 3163 4450 ducis
3193 4394 3249 4448 in
3293 4403 3410 4449 tuta

1832 4501 2026 4556 inclusi
2080 4497 2350 4561 custodia,
2410 4511 2534 4550 cuin
2593 4494 2838 4548 venisset
2891 4503 3143 4560 vespera,
3197 4488 3409 4556 seipsos

1830 4595 2103 4648 dederunt
2137 4590 2371 4644 orationi
2401 4611 2413 4643 ;
2447 4588 2678 4657 Adspice
2713 4586 2780 4638 ad
2813 4598 2937 4646 nos,
2978 4583 3246 4642 dicentes,
3297 4578 3408 4632 Do-

1831 4687 1998 4748 mine,
2028 4699 2059 4738 e
2092 4694 2280 4738 sancto
2318 4693 2410 4735 tuo
2441 4680 2792 4734 habitacula:
2842 4676 3100 4747 qumiiam
3153 4673 3411 4726 inimicus

1830 4793 1933 4830 nos
1958 4777 2171 4844 probris
2201 4775 2404 4834 aﬂecit,
2458 4782 2513 4826 et
2573 4771 2805 4841 p0pulus
2860 4767 3125 4836 insipiens
3183 4765 3416 4818 irritavit

142 4861 229 4912 ὃτι
260 4863 289 4912 ὁ
321 4862 513 4930 ἐχθρὸς
542 4861 824 4914 ὼνείδισ;ν
856 4864 1003 4932 ὴμάς
1057 4863 1145 4914 διὰ
1174 4864 1232 4914 το
1278 4864 1369 4914 σὺν
1399 4862 1592 4931 ϐνομα,
1627 4861 1722 4915 καὶ

1835 4883 2034 4921 nomen
2071 4877 2321 4918 sanctum
2363 4874 2538 4920 tuum.
2601 4863 2666 4916 Et
2719 4876 2786 4914 ne
2849 4860 3032 4912 tradas
3101 4853 3416 4908 horninibus

137 4954 268 5016 λαὸς
309 4953 499 5020 ἄφρων
523 4954 808 5023 παρώξυνε
829 4961 889 5009 τὸ
929 4956 1105 5025 ὄνομά
1157 4975 1252 5009 σου
1289 4960 1353 5010 τὸ
1383 4960 1539 5026 ἅγιον
1572 4975 1586 4988 ο
1623 4959 1723 5009 καὶ

143 5046 219 5115 μὴ
256 5043 516 5114 παραδῴς
554 5045 863 5114 ἀνθρώποις
897 5046 1103 5117 θηρίων
1127 5050 1489 5118 ἀγριωτέροις
1546 5049 1723 5116 ψυχάς

138 5139 650 5207 ἐξομολογουμένας
678 5155 760 5190 σοι
786 5153 800 5164 ‘
843 5141 959 5194 ἀλλ’
982 5143 1386 5214 ἐπίϐλεψονιείς
1410 5142 1507 5210 τὴν
1531 5143 1722 5210 διαθή-

140 5253 247 5306 κην
282 5252 401 5298 σου,
430 5239 522 5289 καὶ
552 5236 843 5289 ἀντιλαϐοὖ
873 5237 1051 5305 ἡμῶν,
1089 5239 1284 5307 Κύριε,
1312 5237 1406 5288 καὶ
1441 5237 1720 5306 λύτρωσαι

139 5331 292 5397 ἡμᾶς
322 5331 510 5382 ’ἐνεκεν
539 5331 634 5382 τοῦ
665 5331 924 5399 ὀνόματός
973 5346 1069 5381 σου
1099 5346 1113 5360 ·
1136 5332 1217 5382 ὅτι
1250 5332 1281 5397 ἡ
1334 5331 1722 5397 ὑπερήφανεια

139 5413 252 5476 τ’ὡν
285 5424 595 5494 μισούντων
631 5441 712 5489 σε,
749 5426 975 5492 γέγονεν
1004 5425 1089 5492 ἐφ’
1131 5426 1278 5491 ἡμᾶς
1331 5423 1554 5492 ἰσχυρά.
1617 5423 1724 5474 Καὶ

139 5521 238 5588 τῆς
264 5520 433 5588 εὐχῆς
475 5519 573 5589 ἤδη
608 5520 978 5592 τελεσθείσης,
1014 5520 1187 5588 βραχὺ
1226 5518 1357 5587 πρὸς
1409 5517 1577 5570 ὕπνον
1609 5515 1724 5566 δια-

140 5615 434 5684 τραπεῖσιν
481 5613 711 5680 ἄγγελος
765 5615 946 5675 αὐτοῖς
993 5617 1242 5676 ἐπιστὰς,
1304 5611 1437 5678 ἡλίῳ
1503 5611 1599 5678 μὲν
1627 5608 1724 5678 τὴν

145 5706 364 5778 μορφὴν
399 5705 616 5770 ἐοικὼς,
658 5705 882 5775 φαιδρὸν
905 5707 958 5758 δὲ
992 5705 1087 5758 καὶ
1146 5705 1242 5773 τῆς
1281 5704 1507 5770 ὲσίιῆτος
1558 5702 1724 5766 αὐτῆς

1543 5797 1588 5848 (μί
1625 5793 1716 5846 τοῦ

140 5802 497 5870 ἀπολάμπον.
546 5802 833 5872 Θαρσεῖτε,
889 5801 1024 5869 φησὶ
1065 5801 1199 5868 πρὸς
1260 5799 1472 5853 αὐτοὺς,

146 5894 385 5969 Χριστοῦ
417 5889 621 5960 δοῦλοι,
654 5896 745 5948 καὶ
780 5896 854 5963 μὴ
887 5893 1137 5961 φοϐεῖσθε
1164 5908 1174 5920 ⁸
1208 5889 1479 5961 ὲδραῖοιδὲ
1520 5888 1718 5957 μᾶλλον

1836 4961 1963 5014 leris
2007 4960 2419 5012 immanioribus
2463 4958 2672 5007 anitnas
2732 4952 2827 5005 tibi
2895 4950 3272 5005 conﬁtentes:
3319 4947 3416 5001 sed

1837 5055 2020 5121 aspice
2084 5052 2150 5104 ad
2202 5060 2591 5103 testamentum
2651 5057 2846 5108 tuum,
2900 5054 2956 5099 et
3015 5042 3233 5109 suscipe
3288 5053 3413 5103 nos,

1835 5143 2080 5203 Domine,
2139 5153 2193 5194 et
2261 5142 2465 5193 redime
2525 5154 2628 5192 nos
2687 5148 2908 5206 propter
2970 5148 3167 5186 nomen
3236 5141 3410 5184 tuum.

1835 5236 2100 5300 Quoniam
2132 5235 2386 5302 superbia
2423 5247 2636 5294 eorum,
2675 5231 2765 5298 qui
2800 5238 2850 5282 te
2911 5228 3173 5288 oderunt,
3225 5226 3280 5276 in
3313 5240 3412 5278 nos

1833 5331 2010 5381 cvustt
2045 5327 2343 5378 vehemens
2373 5339 2434 5376 ac
2468 5330 2685 5392 potens.
2723 5320 2964 5374 Peractis
2996 5325 3180 5370 autem
3237 5317 3410 5385 preci:

1829 5422 1950 5477 bus.
1997 5436 2120 5473 cum
2155 5421 2217 5471 ad
2239 5433 2488 5470 somnum
2519 5425 2703 5470 essent
2733 5410 3009 5473 conversi,
3035 5412 3114 5464 eis
3139 5425 3411 5480 apparens

1827 5517 2052 5582 angelus
2077 5553 2090 5574 ,
2124 5513 2217 5564 solt
2256 5511 2475 5579 quidem
2508 5512 2681 5566 {arma
2713 5511 2924 5572 similis,
2959 5517 3015 5561 et
3041 5523 3106 5562 ex
3142 5507 3256 5574 ipsa
3275 5523 3414 5574 quo-

1829 5625 1933 5678 que
1961 5616 2104 5658 veste
2139 5605 2318 5657 laetum
2356 5605 2703 5674 splendorem
2753 5604 3012 5657 emittens
3049 5616 3066 5657 :
3118 5599 3410 5663 Conﬁdite,

1829 5702 2086 5758 eisdixit,
2125 5699 2269 5751 servi
2309 5698 2538 5757 Christi.
2568 5709 2621 5751 et
2660 5697 2829 5750 nolite
2857 5697 3081 5757 timere;
3112 5693 3208 5747 sed
3265 5701 3409 5744 state

1833 5790 1972 5847 ﬁrmi
2023 5799 2076 5842 et
2133 5791 2356 5844 stabiles
2417 5789 2469 5841 in
2528 5787 2738 5840 Domini
2789 5786 2962 5840 nostri
3016 5783 3144 5838 Jesu
3200 5781 3404 5836 Christi

1827 5883 2167 5940 confessione
2211 5882 2330 5952 lpsc
2350 5883 2494 5936 enim
2510 5890 2591 5934 est
2610 5879 2908 5942 vobiscum,
2924 5876 3178 5929 defensor
3195 5878 3397 5928 vester.
