3968 6442
556 366 695 431 1023

1836 374 2117 437 MENSIS
2158 376 2518 441 OCTOBER.

3699 379 3831 440 1024

553 485 750 541 videns
806 484 1041 541 dixisses
1073 502 1197 543 cum
1217 488 1286 543 ita
1336 504 1457 544 esse
1499 488 1776 557 an‘ectum,
1808 502 1868 547 ut
1894 508 2003 547 non
2033 504 2135 548 tam

2248 494 2370 549 ἰδὼν
2422 497 2763 567 διακείμενον
2820 497 2880 551 οὗ
2950 496 3166 567 μάστιξι
3229 497 3459 568 μᾶλλον,
3530 499 3564 567 ἦ
3608 499 3829 554 ἄνθεσιν

553 577 739 648 ﬂagris
764 592 957 643 caesus,
992 594 1155 648 quam
1191 583 1371 635 vernis
1390 580 1613 637 ﬂoribus
1638 599 1968 655 conspersus
1986 587 2137 642 vide—

555 679 724 724 retur.
745 670 986 725 Tandem
1006 688 1103 741 per
1127 688 1284 727 voces
1306 675 1558 730 caelestes
1579 687 1801 732 vocatus
1818 688 1901 733 est
1919 678 1983 733 ad
2004 679 2135 734 bea-

554 772 666 814 tum
688 762 1101 830 locumquietis,
1128 764 1305 817 anima
1326 765 1571 833 deposita
1597 767 1651 819 in
1679 782 1871 822 manus
1888 769 2131 838 Opificis.

622 853 761 908 XIV.
818 854 1164 926 Martyricum
1206 867 1388 911 autem
1422 859 1567 914 illius
1616 876 1811 929 corpus
1865 877 1893 915 a
1946 862 2135 917 bestiis

549 946 773 1013 quidem
799 947 1173 1003 devorandum
1218 952 1475 1018 exposuit
1544 952 1633 1005 ille
1672 954 1836 1021 judex
1894 954 2132 1023 iniquus.

553 1037 1071 1108 lgnorabarautem.
1101 1042 1315 1110 qualem
1343 1060 1529 1097 curam
1579 1054 1730 1115 gerat
1767 1060 1978 1109 eorum,
2042 1046 2133 1115 qui

553 1130 730 1199 ipsum
758 1133 1010 1203 diligunt,
1068 1135 1211 1190 illius
1272 1136 1454 1198 Deus.
1521 1138 1613 1206 qui
1663 1138 1825 1191 etiam
1894 1136 2132 1192 ferarum

554 1230 808 1276 naturam
844 1225 949 1279 scit
976 1226 1263 1282 traducere
1288 1230 1355 1283 ad
1381 1228 1883 1292 mansuetudinem,
1933 1241 1989 1285 et
2039 1247 2136 1302 per

554 1311 676 1367 illas
707 1316 885 1370 adhuc
904 1324 1108 1388 majora
1143 1320 1322 1377 facere
1350 1324 1639 1383 miracula.
1669 1322 1821 1377 Fere
1863 1324 2006 1377 enim
2046 1339 2135 1378 re-

553 1406 743 1460 verita:
779 1411 1105 1476 certamina,
1131 1428 1253 1481 quae
1282 1428 1379 1482 pro
1405 1414 1610 1483 pietate
1642 1417 1711 1468 ab
1731 1430 1795 1467 eo
1816 1422 1973 1469 erant
2010 1431 2134 1469 sus-

462 1548 469 1555 ,
553 1509 735 1565 cepta,
762 1516 868 1555 non
902 1502 1079 1557 solum
1106 1504 1314 1557 nullum
1348 1521 1410 1560 ex
1434 1507 1555 1575 ejus
1578 1509 1839 1560 membris
1907 1507 2133 1561 omnino

553 1598 780 1659 tangere
808 1594 1225 1660 sustinuerunt;
1258 1596 1353 1651 sed
1390 1602 1578 1663 etiam,
1634 1600 1761 1652 dum
1827 1599 1894 1653 ad
1948 1600 2134 1668 sepul-

552 1696 706 1736 crum
737 1683 971 1739 ferretur
996 1704 1023 1738 a
1064 1686 1394 1746 Christianis
1420 1732 1430 1746 .
1464 1705 1587 1743 eum
1606 1692 1981 1759 sequebantur
2007 1690 2134 1745 fun-

552 1785 747 1844 gentes
778 1793 1005 1833 munere
1037 1781 1355 1845 satellitum,
1391 1794 1445 1837 et
1483 1784 1576 1837 Dei
1614 1784 1797 1837 hostes
1826 1794 2014 1854 aperte
2046 1800 2135 1838 ar-

2247 589 2484 657 ἑαρινοῖς
2511 589 2900 658 καταχέεσθαι.
2931 590 3076 653 Ἕως
3100 591 3193 643 ἰπὶ
3240 592 3331 644 τὸν
3359 596 3707 662 μακαριστὸν
3735 596 3829 664 τῆς

2245 681 2605 744 ἀναπαύσεως
2657 681 2725 735 δι’
2777 683 3104 752 ἐπουρανίου
3160 684 3347 753 φωνῆς
3378 688 3587 755 ἐκλήθη
3640 691 3826 751 τόπον,

2244 771 2367 831 ταῖς
2394 769 2487 822 τοῦ
2516 768 2853 841 δημιουργοῦ
2884 774 3039 842 χερσὶ
3068 774 3167 841 τὴν
3209 774 3388 843 ψυχὴν
3420 780 3823 846 παραθέμενος.

2317 860 2416 915 1Δ’.
2457 861 2529 912 Τὸ
2567 863 2751 930 μέντοι
2787 865 3127 931 μαρτυρικὺν
3160 866 3374 917 ἐκείνου
3426 869 3592 936 σῶμα
3630 871 3825 939 βρῶμα

2240 951 2346 1025 ,μὲν
2376 950 2569 1021 θηρσὶν
2599 954 2627 1004 ὁ
2660 954 2977 1022 παράνομος
3027 955 3288 1024 δικαστὴς
3362 958 3557 1012 ἐτίθει.
3615 963 3827 1026 Ἠγνὸει

2241 1042 2298 1095 δὲ
2334 1044 2552 1106 πάντως
2610 1044 2793 1108 ὁποῖος
2846 1040 2915 1115 ἦν
2979 1047 3238 1114 κήδεσθαι
3289 1049 3397 1100 τῶν
3447 1050 3752 1116 φιλούντων
3799 1056 3827 1106 6

2242 1136 2454 1189 ἐκείνου
2510 1138 2664 1202 Θεὸς,
2707 1138 2765 1201 ὃς
2820 1141 2914 1193 καὶ
2976 1139 3183 1210 θηρίων
3240 1138 3350 1194 οἶδε
3413 1142 3584 1209 φύσιν
3656 1164 3823 1213 μετα-

2243 1228 2457 1282 ϐάλλειν
2486 1231 2564 1293 είς
2598 1232 2933 1300 ἡμερότητα,
2971 1237 3064 1287 καὶ
3099 1234 3323 1303 μείζονα
3373 1235 3455 1287 ἔτι
3490 1236 3563 1288 δι’
3602 1238 3827 1289 ἐκείνων

2247 1316 2714 1391 θαυματουργεῖν.
2765 1322 2905 1385 ἰὀἰις
2950 1322 3059 1392 γὰρ
3110 1324 3249 1393 ὑπὲρ
3286 1327 3387 1391 τῆς
3420 1326 3707 1389 εὐσεϐείας
3745 1329 3830 1378 αί-

2243 1410 2497 1479 δούμενοι
2544 1411 2638 1464 τοῦ
2698 1412 2892 1482 ἀνδρὸς
2950 1414 3147 1476 ἄθλους
3188 1417 3235 1467 oi
3297 1415 3489 1484 θῆρες,
3544 1418 3607 1469 οὐ
3666 1419 3827 1487 μόνον

2242 1505 2363 1559 οὐδὲ
2389 1506 2595 1575 ψαῦσαί
2620 1523 2765 1570 τινος
2798 1508 2908 1559 τῶν
2936 1507 3102 1560 αὐτοῦ
3136 1508 3313 1575 μελῶν
3338 1509 3823 1580 ὄλωςὴνέσχοντο,

2244 1599 2382 1653 ἀλλὰ
2424 1602 2519 1652 καὶ
2554 1600 2687 1670 πρὸς
2747 1599 2925 1670 ταφὴν
2978 1600 3083 1653 ὑπὸ
3134 1602 3485 1670 Χριστιανῶν
3537 1607 3827 1673 φερομένῳ

2244 1693 2598 1763 παρείποντο,
2644 1693 2964 1763 δορυφόρων
3016 1692 3170 1759 τάξιν
3215 1696 3688 1764 ἀποπληροῦντες,
3731 1699 3827 1749 καὶ

2244 1786 2347 1852 τὴν
2400 1786 2479 1854 τῷ
2532 1785 2822 1854 θεομάχων
2881 1788 3070 1841 ἄνοιαν
3124 1788 3381 1858 φανερῶς
3430 1789 3823 1859 διελέγχοντες.

555 1876 789 1934 guentes
818 1871 1092 1926 amentiae.
1126 1873 1219 1927 Sic
1240 1888 1369 1940 ergo
1391 1875 1630 1945 inclytus
1663 1875 1908 1932 Bacchus
1926 1892 1989 1931 ea
2010 1892 2133 1947 quin

2248 1877 2400 1932 Οὖτω
2434 1882 2533 1948 μὲν
2563 1876 2655 1932 οὖν
2692 1881 2720 1932 6
2755 1880 2999 1949 ἀοίδιμος
3046 1856 3279 1949 Βάκχος⁷
3307 1873 3381 1931 ὧν
3422 1856 3690 1949 ἐπεθύμει
3730 1900 3827 1934 τυ-

555 1959 811 2026 cupiebat
845 1972 1152 2022 assecutus.
1178 1963 1243 2016 ad
1285 1965 1528 2020 ccelestia
1560 1968 1773 2021 transiit
1806 1968 2133 2027 habitacula.

626 2048 742 2103 XV.
783 2051 1007 2121 Sergius
1036 2064 1215 2109 autem
1245 2057 1425 2112 socius
1458 2058 1580 2125 ejus
1626 2060 1846 2115 relictus
1874 2069 1927 2115 el
1968 2064 2137 2118 mole-

555 2146 662 2199 Stia
684 2142 1089 2200 distrahebatur
1130 2157 1353 2217 propter
1386 2150 1805 2220 separationem,
1858 2162 1913 2208 et
1950 2170 2139 2212 rursus

557 2233 743 2288 laetitia
777 2247 1002 2306 propter
1024 2240 1516 2307 exspectationem.
1564 2240 1668 2298 Sed
1726 2262 1834 2299 non
1889 2247 2140 2317 despexit

556 2341 683 2379 eum
733 2342 878 2398 :cgre
941 2329 1209 2386 ferentem
1288 2336 1690 2403 separationem
1766 2338 1941 2393 dulcis
2016 2341 2137 2409 ejus

556 2421 770 2475 amicus
795 2431 850 2478 et
881 2422 1198 2479 familiaris:
1228 2428 1322 2482 sed
1366 2428 1489 2482 laeto
1525 2428 1672 2483 vultu
1722 2430 1944 2485 divinus
1996 2431 2136 2487 Bac-

562 2513 723 2579 chus,
751 2525 805 2568 et
831 2526 1096 2571 consueto
1126 2518 1314 2573 habitu
1334 2520 1548 2575 militari
1572 2533 1735 2577 noctu
1755 2524 1802 2578 ei
1835 2540 2129 2595 apparens,

553 2620 681 2658 eum
708 2606 942 2661 amicum
975 2610 1349 2673 convenisset,
1375 2621 1431 2665 et
1476 2627 1601 2667 eum
1642 2616 1981 2685 implevisset
2038 2636 2137 2674 au-

554 2695 730 2762 dacia,
766 2710 820 2753 et
843 2702 1555 2770 cjusdiscnssittristitiam,
1586 2709 1864 2779 animique
1920 2713 2140 2783 :egritu—

556 2789 768 2855 dinem,
815 2793 1188 2850 etfirmiorem
1215 2796 1606 2869 fortioremque
1632 2804 1949 2859 reddiditad
2005 2822 2138 2875 sup-

557 2882 741 2949 plicia.
793 2882 887 2937 Die
919 2897 1102 2941 autem
1170 2891 1419 2956 sequenti
1461 2891 1570 2943 dux
1621 2908 1813 2946 rursus
1851 2897 2049 2949 sedens
2084 2897 2137 2951 itt

558 2973 820 3029 tribunali
843 2993 966 3031 cum
1025 2978 1244 3034 beatum
1297 2991 1545 3037 curasset
1594 2984 1820 3052 produci
1860 2983 2135 3055 Sergium,

554 3064 829 3121 leoninam
854 3069 1047 3138 pellem
1081 3086 1289 3127 exuens
1337 3072 1664 3141 versipellis,
1713 3074 1891 3128 induit
1942 3077 2135 3146 pellem

2244 1974 2382 2044 χὼν,
2422 1972 2557 2043 πρὸς
2592 1972 2691 2036 τὰς
2728 1975 2785 2025 ἐν
2823 1973 3072 2041 οὐρανοῖς
3105 1975 3312 2041 σκηνάς
3333 1971 3629 2025 διαϐαίνει.

2314 2063 2414 2119 ΙΕ’.
2450 2066 2509 2118 ’0
2533 2063 2796 2126 σύναθλος
2817 2064 2871 2115 δὲ
2890 2064 3111 2133 Σέργιος
3138 2063 3487 2130 ἀπολειφθεὶς
3506 2063 3654 2135 λύπῃ
3674 2082 3724 2116 τε
3741 2065 3830 2117 διά

2238 2160 2329 2211 τον
2352 2159 2632 2228 χωρισμὸν
2665 2158 2755 2209 καί
2784 2156 2945 2225 ἡδονῇ
2976 2154 3139 2207 πάλιν
3163 2153 3254 2207 διὰ
3292 2155 3362 2205 τά
3392 2155 3828 2225 προσδοκώμενα

2242 2250 2550 2319 ἐμερίζετο.
2600 2248 2753 2300 Ἀλλ’
2787 2248 2847 2299 οὐ
2881 2246 3155 2316 περιεῖδεν
3207 2245 3370 2298 αὑτὸν
3424 2245 3505 2316 τῷ
3559 2247 3831 2317 χωρισμῷ

2244 2343 2531 2408 κάμνοντα
2592 2343 2619 2393 6
2683 2339 2891 2406 γλυκὺς
2948 2326 3164 2406 ἑταίρος
3220 2338 3315 2391 καὶ
3354 2339 3598 2410 ἐραστής
3643 2357 3656 2370 ·
3696 2341 3831 2394 ἀλλα

2242 2431 2447 2503 φαιδρᾷ
2497 2433 2563 2502 τῇ
2597 2430 2719 2500 ὄψει
2746 2432 2773 2484 ὁ
2806 2430 2949 2493 θεῖος
2981 2430 3194 2499 Βάκχος
3226 2431 3321 2482 καὶ
3352 2431 3581 2501 συνήθει
3609 2433 3687 2502 τῷ
3728 2432 3829 2497 τῆς

2245 2524 2531 2594 στρατείας
2592 2525 2836 2593 σχήματι
2900 2522 3093 2584 νυκτὸς
3154 2524 3443 2588 ἐπιφανεὶς
3491 2524 3589 2575 καὶ
3653 2525 3828 2575 διαλε-

2242 2616 2390 2687 χθεὶς
2431 2615 2508 2684 τῷ
2542 2616 2682 2683 φίλῳ
2713 2618 2806 2667 καὶ
2838 2614 3075 2684 θάρσους
3108 2613 3419 2683 ἐμπλήσας,
3477 2613 3540 2665 τὺ
3584 2615 3831 2682 σκυθρω-

2243 2710 2344 2763 πόν
2376 2724 2436 2761 τε
2467 2709 2566 2776 τῆς
2602 2706 2841 2775 ἀθυμίας
2868 2704 3101 2768 διέλυσε,
3133 2705 3227 2757 καὶ
3264 2702 3680 2777 ἀσφαλέστερον
3712 2706 3827 2776 ἅμα

2243 2800 2342 2852 καὶ
2396 2799 2778 2866 γενναιότερον
2839 2796 2976 2865 πρὸς
3038 2796 3138 2860 τάς
3193 2796 3504 2867 μελλούσας
3556 2800 3829 2869 τιμωρίας

2244 2890 2519 2958 διέθηκεν.
2549 2891 2643 2954 Ei;
2686 2891 2741 2944 δὲ
2768 2891 2867 2959 τὴν
2898 2889 3023 2961 ἑξῆς
3056 2889 3288 2954 καθίσας
3319 2890 3347 2943 6
3378 2891 3507 2953 δοῦξ
3539 2894 3633 2943 ἐπὶ
3659 2892 3829 2959 βήμα-

2242 2999 2357 3047 τος,
2410 2984 2505 3036 καὶ
2552 2984 2644 3036 τὸν
2700 2987 2979 3051 μακάριον
3052 2979 3401 3048 παραγαγὼν
3459 2980 3691 3051 Σέργιον
3730 2983 3829 3051 τὴν

2250 3076 2473 3146 λεοντῆν
2503 3075 2796 3129 ἀποϐαλὼν
2828 3075 2856 3125 ὁ
2892 3073 3159 3135 ποικίλος,
3187 3072 3287 3139 τὴν
3312 3071 3614 3140 ἀλωπεκῆν
3650 3073 3831 3125 ἐνδύε-

554 3160 756 3229 vulpis.
784 3162 852 3215 Et
876 3179 997 3215 cum
1031 3164 1082 3215 in
1116 3180 1239 3217 eum
1267 3167 1557 3233 quamdam
1604 3166 1851 3223 finxisset
1898 3168 2135 3223 benevo-

2248 3185 2364 3221 ται·
2397 3169 2491 3221 καί
2523 3184 2646 3220 τινα
2681 3167 3031 3235 πλασάμενος
3074 3165 3154 3227 είς
3203 3166 3370 3218 αὑτὸν
3431 3163 3677 3229 εὔνοιαν,
3728 3167 3826 3217 καὶ

552 3250 802 3317 lentiam,
854 3258 921 3308 ad
950 3255 1109 3309 fidem
1141 3256 1440 3311 faciendam
1491 3259 1695 3330 aliquid
1752 3264 2134 3317 accommoda-

553 3352 669 3399 tum
703 3348 1020 3409 ostendens,
1044 3350 1185 3417 quod
1228 3352 1436 3404 scilicet
1472 3353 1623 3405 illum
1654 3355 2031 3424 magistratum
2061 3373 2131 3412 ex

553 3450 620 3489 eo
651 3448 842 3491 nactus
877 3449 1042 3499 esset,
1079 3456 1203 3493 eum
1239 3441 1519 3497 blanditiis
1543 3446 1807 3499 evocabat
1842 3447 1906 3499 ad
1964 3449 2137 3501 sacri-

553 3525 850 3592 ficandum,
875 3531 1165 3600 perfectam
1197 3545 1250 3587 et
1272 3535 1570 3590 absolutam
1604 3553 1631 3591 a
1662 3537 1881 3593 Christo
1913 3554 2134 3609 separa-

556 3615 759 3673 tionem
790 3622 837 3675 ei
865 3622 1052 3679 volens
1076 3625 1305 3681 reddere
1345 3643 1440 3695 pro
1488 3628 1776 3695 beneficio,
1807 3635 2028 3695 stultus.
2055 3635 2136 3689 sic

552 3725 771 3780 quoque
795 3717 996 3768 sensim
1036 3732 1160 3769 eum
1183 3720 1473 3787 alloquens
1512 3737 1527 3775 :
1575 3722 1749 3777 Pudet
1798 3740 1885 3778 me
1934 3728 2137 3784 veteris

554 3804 704 3859 illius
726 3804 1024 3871 felicitatis,
1051 3818 1107 3863 et
1139 3809 1555 3877 beneficiorum,
1607 3830 1728 3884 quze
1760 3816 1812 3869 in
1862 3831 1951 3873 me
2003 3834 2138 3874 con-

554 3895 748 3962 tulisti,
783 3897 1115 3955 amicissime
1149 3901 1328 3973 Scrgi.
1387 3919 1491 3959 nec
1552 3915 1604 3960 te
1631 3907 1853 3975 quidem
1902 3910 2137 3981 amplius

554 3983 675 4038 fero
710 3987 910 4041 intueri
944 3989 1023 4041 sic
1046 4005 1197 4043 reum
1225 4000 1459 4045 stantem
1490 4009 1588 4061 pro
1619 4007 1830 4050 nostro.
1864 3998 2135 4053 Tribuna-

555 4071 615 4134 li,
649 4073 742 4141 qui
771 4090 889 4128 sum
921 4077 1198 4143 minimus,
1236 4081 1278 4134 si
1306 4098 1428 4135 cum
1464 4094 1558 4139 tuo
1582 4086 1837 4141 conferar
1878 4090 2137 4159 splendo-

554 4180 615 4219 re
633 4206 646 4229 ,
675 4176 886 4237 tuaeque
900 4173 1179 4238 amicitiae,
1206 4183 1259 4227 et
1284 4177 1543 4244 potentite
1558 4192 1720 4247 opera
1746 4196 1865 4235 sum
1893 4199 2132 4252 praesen-

556 4269 666 4313 tem
706 4273 991 4314 assecutus
1014 4264 1410 4334 magistratum.
1445 4270 1535 4323 Ille
1563 4273 1780 4338 qttidem
1809 4275 1923 4328 haec
1947 4276 2137 4331 callide

556 4351 793 4417 dicebat,
815 4355 916 4411 hoc
936 4338 1110 4411 solum
1132 4360 1477 4426 tnacltinans,
1508 4372 1566 4415 ut
1589 4379 1712 4417 eum
1736 4367 1961 4422 omnino
1984 4370 2137 4423 blan-

555 4444 640 4501 dis
665 4448 842 4502 verbis
861 4448 1107 4510 illiceret.
1133 4464 1182 4505 et
1209 4450 1584 4509 fraudulenter
1609 4458 1676 4511 ad
1697 4460 1943 4514 eamdem
1963 4463 2137 4519 dedu-

2241 3262 2431 3316 πιστδν
2458 3260 2616 3331 δῆθεν
2648 3259 2981 3323 ἐπιδεικνὺς,
3007 3261 3090 3312 ὅτι
3118 3259 3213 3331 τὴν
3244 3260 3422 3330 ἀρχὴν
3458 3257 3683 3329 ἐκείνην
3729 3260 3824 3311 ὑπ’

2242 3355 2411 3410 αὑτοῦ
2466 3357 2758 3424 κτήσαιτο,
2822 3353 3139 3416 κολακείαις
3189 3354 3355 3406 αὐτὸν
3414 3355 3497 3416 είς
3566 3355 3625 3407 τὸ
3683 3354 3826 3406 θεῖον

2242 3446 2576 3511 ἐξεκαλεῖτο,
2638 3444 2737 3512 τὴν
2788 3443 3031 3510 παντελῆ
3073 3441 3313 3509 Χριστοῦ
3360 3442 3727 3511 ἀλλοτρίωσιν
3772 3446 3832 3495 ἐν

2246 3540 2403 3605 τάξει
2453 3538 2694 3608 χαρίτων
2729 3534 3029 3589 ἀποδοῦναι
3083 3532 3428 3603 βουλόμενος,
3481 3535 3510 3584 6
3567 3535 3832 3603 θεομισὴς

2245 3631 2341 3683 καὶ
2366 3630 2619 3697 ἀνόητος,
2669 3628 2857 3697 ἡρέμα
2908 3624 2966 3677 δὲ
2998 3621 3094 3677 καὶ
3130 3621 3306 3676 ταῦτα
3348 3623 3661 3687 ὑποψωνῶν
3688 3640 3705 3655 ο
3735 3626 3832 3677 Αἱ-

2246 3725 2521 3793 σχύνομαι
2547 3721 2647 3789 τὴν
2683 3718 2918 3771 παλαιάν
2946 3716 3187 3785 ’ἐκείνην
3215 3716 3577 3785 εὐδαιμονίαν
3608 3717 3706 3770 καὶ
3731 3719 3832 3780 τὰς

2245 3820 2325 3882 εἰς
2358 3817 2455 3886 ἐμδ
2504 3815 2762 3886 χάριτας,
2815 3812 3041 3881 φίλτατε
3098 3811 3311 3881 Σέργιε,
3366 3812 3709 3881 αἰσχύνομαι
3769 3813 3833 3880 νὴ

2246 3914 2374 3976 τοὺς
2413 3911 2568 3972 θεοὺς
2609 3908 2705 3963 καὶ
2759 3908 2881 3961 οὐδὲ
2909 3906 3045 3977 δρᾷν
3077 3904 3159 3957 ἔτι
3210 3918 3268 3954 σε
3324 3903 3479 3971 φέρω
3525 3907 3829 3959 κατάδικον

2244 4003 2388 4056 οὕτω
2416 4003 2493 4069 τῷ
2521 4000 2775 4070 ἡμετέρῳ
2813 3999 3022 4068 βήματι
3078 3996 3519 4063 παριστάμενον,
3558 4000 3587 4051 6
3637 3998 3835 4051 πολλο-

2248 4094 2372 4156 στὸς
2407 4090 2521 4161 ἐγὼ
2555 4090 2691 4161 πρὸς
2736 4090 2837 4156 τὴν
2885 4085 2986 4157 σὴν
3036 4084 3384 4153 ἐπιφάνειαν,
3434 4084 3533 4137 καλ⁵
3586 4085 3692 4154 τῆς
3736 4085 3836 4154 σῆς

2246 4185 2435 4255 φιλίας
2470 4184 2564 4237 καὶ
2592 4178 2922 4243 δυναστείας
2952 4177 3122 4248 ἔργον
3170 4174 3269 4247 τὴν
3317 4173 3606 4245 παροῦσαν
3655 4177 3836 4249 ἀρχὴν

2246 4275 2657 4345 περικείμενος.
2705 4271 2766 4325 ’0
2795 4273 2892 4341 μὲν
2932 4266 3027 4324 οὖν
3063 4268 3388 4340 πανούργως
3422 4266 3579 4333 ἔλεγε
3615 4270 3688 4321 τά
3723 4286 3838 4322 τοι·

2246 4366 2412 4433 αὕτα,
2459 4366 2617 4419 τοῦτο
2670 4364 2833 4433 μόνον
2882 4380 2943 4414 τε
2982 4362 3293 4431 χρώμενος,
3350 4362 3501 4423 ὅπως
3548 4360 3722 4415 αὑτὸν
3776 4362 3837 4427 ἐξ

2245 4458 2491 4521 ἅπαντος
2543 4456 2829 4527 ὐποκλέψη
2867 4456 2963 4507 καὶ
2996 4460 3135 4524 πρὸς
3186 4452 3284 4522 τὴν
3322 4455 3445 4523 ῐσην
3488 4452 3645 4523 αὒτῷ
3698 4454 3839 4525 om-

554 4550 709 4596 ceret
734 4540 1070 4611 religionem.
1093 4542 1375 4597 llleautem
1401 4562 1413 4596 :
1443 4544 1546 4598 Sed
1575 4548 1616 4600 si
1643 4564 1748 4611 me,
1775 4550 1975 4620 inquit,
2001 4556 2135 4611 velis

2248 4553 2435 4605 σκείαν
2463 4550 2693 4618 δολερῶς
2722 4549 3105 4619 ὑπαγάγηται.
3171 4547 3231 4599 Ὀ
3249 4546 3329 4612 δὲ,
3370 4546 3513 4598 Ἀλλ’
3540 4550 3590 4601 εί
3622 4547 3838 4617 βούλει,

552 4649 703 4689 nunc
720 4650 935 4704 quoque
965 4637 1021 4690 in
1052 4637 1300 4691 maximis
1326 4637 1483 4692 bonis
1517 4641 1767 4709 accipere
1815 4644 2132 4701 benefacto-

555 4741 696 4786 retn.
720 4739 973 4798 prompto
995 4738 1051 4782 et
1074 4730 1239 4783 alacri
1261 4732 1445 4784 animo
1475 4732 1569 4785 tibi
1613 4732 1711 4787 hac
1741 4734 1797 4787 in
1848 4751 1907 4789 re
1956 4738 2131 4794 inser-

556 4820 727 4874 viam.
759 4819 890 4875 Nam
930 4838 1054 4877 eum
1124 4833 1176 4878 te
1229 4822 1533 4878 liberavero
1584 4825 1653 4878 ab
1704 4825 1804 4881 hac
1858 4830 2127 4900 profunda

558 4914 906 4981 deceptione,
939 4916 1205 4969 adducam
1241 4917 1307 4969 ad
1358 4919 1535 4971 lucem
1586 4919 1847 4991 veritatis,
1899 4935 1953 4978 et
2002 4924 2137 4997 Regi

540 5007 852 5061 'immortali
906 5010 1131 5063 reddam
1196 5009 1541 5065 familiarem.

631 5100 770 5154 XVI.
805 5100 922 5154 Non
977 5102 1232 5156 lubenter
1275 5105 1449 5159 audiit
1493 5122 1577 5170 ea,
1619 5124 1741 5177 qtue
1791 5110 2136 5173 dicebantur,

562 5194 729 5246 homo
784 5196 873 5262 qui
937 5195 1283 5252 assuefactus
1326 5201 1748 5269 eratinteritui;
1797 5204 1892 5258 sed
1954 5204 2137 5257 statim

564 5284 816 5354 Sergium
854 5291 1071 5355 gravius
1100 5300 1155 5343 et
1182 5290 1427 5343 severius
1456 5292 1730 5360 aspiciens
1763 5310 1778 5346 :
1849 5292 1924 5347 Ne
1982 5296 2134 5357 deos,

564 5378 766 5446 inquit,
833 5379 1180 5448 blasphemes
1236 5383 1590 5439 immortales.
1686 5383 1884 5457 Martyr
1958 5399 2138 5441 autem

566 5472 750 5525 acrius
784 5482 945 5525 utens
976 5474 1195 5532 dicendi
1230 5475 1495 5538 libertate,
1521 5486 1691 5530 totum
1731 5477 1962 5533 faciebat
2012 5495 2145 5534 ron-

566 5563 793 5618 trarium
823 5574 911 5618 :et
944 5549 1237 5620 illius-deos
1265 5568 1532 5621 alliciebat
1572 5569 1784 5636 probris
1835 5585 1898 5623 ac
1948 5579 2145 5623 contu-

569 5658 765 5716 meliis.
791 5669 845 5711 et
886 5673 982 5713 eos
1005 5658 1179 5712 solum
1212 5663 1435 5715 nomina
1475 5664 1700 5716 vocabat
1751 5678 1809 5717 re
1850 5666 2091 5717 carentia
2125 5682 2136 5717 :

570 5764 668 5803 eos
693 5766 843 5813 vero,
870 5752 959 5820 qui
998 5752 1115 5807 illos
1147 5752 1445 5808 adorabant
1472 5766 1528 5809 et
1550 5757 1827 5820 colebant,
1882 5756 2140 5811 ostende-

571 5840 663 5894 bat
688 5840 855 5894 multo
883 5845 1093 5899 minore
1122 5860 1282 5899 sensu
1311 5860 1431 5901 esse
1471 5848 1725 5917 praeditos
1753 5864 1911 5917 quam
1949 5847 2142 5903 surdos

2245 4645 2400 4715 φησι,
2434 4645 2527 4696 καὶ
2557 4642 2651 4694 νῦν
2681 4642 2739 4693 ὲν
2766 4644 2878 4703 τοῖς
2924 4639 3211 4709 μεγίστοις
3255 4638 3368 4693 τῶν
3408 4638 3637 4704 ἀγαθῶν
3668 4641 3837 4710 εὐερ-

2244 4740 2412 4807 γέτην
2434 4735 2618 4788 λαϐεῖν
2652 4751 2719 4803 με
2751 4732 3030 4803 πρόθυμος
3058 4730 3252 4800 ἔσομαί
3275 4746 3364 4797 γε.
3412 4729 3834 4800 Ἐλευθερὼσας

2243 4832 2351 4899 γάρ
2402 4845 2461 4881 σε
2519 4828 2619 4896 τῆς
2673 4824 2899 4895 βαθείας
2955 4824 3163 4894 ταύτης
3231 4823 3471 4894 ἀπάτης,
3548 4822 3629 4893 τῷ
3725 4825 3829 4893 τῆς

2238 4921 2500 4991 ἀληθείας
2534 4917 2791 4988 προσάξω
2826 4918 2967 4987 φωτὶ
3016 4916 3112 4968 καλ⁵
3147 4914 3358 4986 βασιλεῖ
3418 4914 3499 4983 τῷ
3555 4917 3821 4986 ἀθανάτῳ

2239 5012 2769 5083 προσοικειώσομαι.

2310 5104 2428 5173 HT.
2484 5107 2599 5159 Οὐκ
2636 5106 2872 5174 ἣκουσεν
2925 5103 3101 5172 ἡδέως
3154 5103 3262 5156 τῶν
3314 5105 3638 5174 λεγομένων
3679 5109 3709 5161 ὁ
3760 5108 3826 5178 τῇ

2237 5201 2486 5268 ἀπωλείᾳ.
2521 5196 2861 5256 συνεθισθεὶς
2893 5197 3186 5267 ἄνθρωπος
3207 5178 3361 5251 ’.ἀλλ’
3385 5197 3829 5269 ἐμϐριθέστερον

2239 5291 2435 5345 αὐτίκα
2465 5290 2677 5359 Σεργίῳ
2704 5290 2764 5341 τὸ
2792 5289 3009 5359 βλέμμα
3032 5288 3308 5341 ἐπιϐαλών
3336 5304 3350 5319 °
3384 5290 3474 5357 Μὴ
3509 5290 3831 5360 βλασφήμει

2239 5386 2363 5445 τοὺς
2395 5385 2723 5449 ἀθανάτους,
2755 5385 2885 5452 ἔφη,
2921 5380 3096 5444 θεούς.
3148 5383 3258 5469 Kal
3279 5386 3307 5435 6
3340 5384 3553 5451 μάρτυς
3584 5383 3665 5450 δξ,
3702 5386 3832 5455 θερ-

2248 5476 2475 5546 μότερον
2506 5476 2669 5528 πάλιν
2701 5479 2767 5545 τῇ
2794 5475 3083 5546 παρρησία
3108 5476 3478 5544 χρησάμενος,
3512 5477 3830 5529 τούναντίον

2248 5571 2393 5621 ἅπαν
2441 5568 2650 5621 ἐποίει·
2712 5571 2807 5619 καὶ
2844 5569 2971 5628 τοὺς
3025 5568 3237 5618 ἐκείνου
3284 5568 3440 5628 θεοὺς
3476 5566 3733 5635 ἐξύϐριζέ
3768 5584 3827 5621 τε

2249 5661 2343 5713 καὶ
2362 5660 2603 5727 ὀνόματα
2626 5659 2784 5728 μόνον
2807 5660 2999 5711 αὑτοὶκ
3026 5659 3211 5712 ἐκάλει
3237 5659 3585 5728 πραγμάτων
3607 5660 3793 5727 ἔρημα
3814 5674 3827 5688 ’

2252 5754 2345 5807 καὶ
2373 5756 2498 5816 τοὺς
2534 5752 2981 5821 προσκυνοῦντας
3012 5750 3067 5804 δὲ
3115 5753 3211 5805 καὶ
3260 5750 3594 5820 σεϐομένους
3628 5752 3828 5813 αὐτοὺς

2252 5845 2743 5915 ἁναισθητοτέρονς
2778 5845 2957 5915 πολλῷ
2980 5846 3087 5898 τῶν
3121 5844 3322 5914 κωφῶν
3353 5843 3584 5898 ἐκείνων
3620 5840 3825 5897 ἐδείκνυ
