3968 6462
103 381 266 448 1025

1082 391 1549 453 MARTYRlUM
1594 393 1699 456 SS.
1743 393 2006 455 SERGH
2049 395 2142 456 ET
2185 397 2458 458 BACCHI

3282 407 3421 473 1026

103 497 298 552 Θεῶν.
348 499 410 552 'O
444 498 572 564 δοὺε
605 499 786 554 τοίνυν
815 499 892 562 ὡς
919 499 1068 570 ἑώρα
1112 501 1409 554 κολακειῶν
1443 519 1500 554 τε
1533 503 1713 570 κρείτ·

1844 504 1964 558 illos
1993 505 2145 559 deos.
2181 505 2293 559 Dux
2323 514 2506 560 autem
2539 518 2824 577 postquam
2876 513 3004 567 vidit
3076 515 3326 586 Sergium
3365 531 3423 574 et

1192 596 1286 646 καὶ
1321 595 1431 647 οὐδ’
1481 595 1732 658 ὁπωσοῦν

102 683 458 737 ἰποδιδόντα
487 686 584 754 τῆς
616 686 951 756 παρρησίας,
980 685 1177 737 αὐτίκα
1221 687 1321 754 τὴν
1350 686 1730 754 κατεψευσμέ-

101 793 220 842 νην
259 777 492 846 ἐκείνην
531 777 715 843 φιλίαν
747 781 840 830 καὶ
875 778 937 830 τὸ
974 779 1318 844 προσωπεῖον
1372 780 1731 849 ἀποδυσάμε-

101 885 203 928 νος
243 870 396 938 ὅπερ
423 865 492 939 ἦν
537 870 784 940 ἐναργῶς
828 869 1206 933 ἀπεδείκνυτο,
1256 872 1348 923 καὶ
1400 871 1474 934 ὡς
1527 873 1726 937 ἔοικεν,

113 958 185 1012 Ἢ
213 957 402 1028 πολλὴ
429 979 555 1030 μου,
581 966 765 1028 φησὶν,
792 962 1085 1031 ἡμερότης,
1107 968 1199 1014 καὶ
1223 963 1279 1018 τὸ
1303 963 1549 1031 ἀκαίρως
1572 963 1729 1016 τοῦτο

100 1054 268 1122 πρός
307 1071 368 1106 σε
416 1054 825 1122 φιλάνθρωπον,
877 1053 1055 1106 ταῦτά
1113 1071 1172 1106 σε
1221 1054 1357 1124 πρὸς
1407 1053 1727 1117 ἀλαζονείαν

97 607 192 643 τω
255 592 365 644 καὶ
417 593 658 645 ἀπειλῶν
707 595 798 648 τὸν
852 594 1086 670 Σέργιον
1121 636 1135 658 ,

102 1145 319 1216 ἐπῆρε
352 1163 366 1176 ·
405 1148 498 1199 καὶ
543 1148 684 1198 οὕτω
732 1148 854 1198 καθ’
890 1146 1048 1215 ἡμῶν
1101 1163 1159 1198 τε
1197 1146 1374 1198 αὐτῶν
1436 1149 1532 1199 καὶ
1587 1146 1726 1198 θεῶν

100 1239 364 1306 ἠρέθισε
396 1239 504 1291 τῶν
541 1239 820 1308 μεγάλωνῖ
858 1239 1019 1291 Ἀλλὰ
1048 1240 1141 1292 καὶ¹
1171 1241 1261 1292 τὸν
1291 1238 1460 1305 τῦφον
1501 1240 1724 1307 ἀπομα-

98 1329 292 1402 θήσῃ,
329 1329 390 1382 εὖ
431 1326 570 1394 οίδα,
612 1331 703 1382 καὶ
740 1330 1057 1400 ἐπιμελήσῃ
1102 1331 1199 1398 τῆς
1241 1329 1554 1392 αὐθαδείας,
1627 1327 1723 1380 καὶ

105 1423 326 1493 γνώσῃ
364 1422 590 1473 σεαυτὸν
640 1422 700 1473 οὗ
737 1421 964 1491 μεσίτην
1016 1423 1142 1490 ἄρτι
1172 1422 1282 1472 τῶν
1315 1422 1512 1474 κοινῶν
1565 1421 1718 1486 ὄντα,

97 1515 247 1564 οὐδὲ
293 1513 446 1582 παρά
486 1513 699 1582 βασιλεῖ
731 1514 797 1565 τὰ
837 1515 1052 1583 μεγάλα
1083 1514 1406 1581 δυνάμενον,
1454 1515 1592 1567 ἀλλὰ
1626 1532 1723 1565 κα-

93 1607 394 1672 τάκριτον
449 1607 541 1657 καὶ
591 1606 884 1675 δεσμώτην
939 1610 1032 1658 καὶ
1077 1607 1130 1658 εί
1151 1623 1204 1658 τι
1236 1606 1364 1658 ἄλλο
1411 1612 1522 1669 τοῖς
1580 1608 1722 1661 οὕτω

107 1697 404 1766 φρονοῦσι
441 1699 608 1750 κακὸν
641 1698 860 1752 ἕπεται.
911 1699 1019 1750 Καὶ
1066 1699 1269 1750 αὐτίκα
1315 1699 1410 1764 τὴν
1462 1699 1570 1750 ἀπὸ
1618 1699 1717 1751 τοῦ

100 1787 399 1854 φρουρίου
435 1786 652 1856 Σουρῶν
735 1788 827 1839 ἐπὶ
880 1786 979 1858 τὴν
1033 1788 1185 1838 πόλιν
1237 1786 1536 1855 Ῥωσαφὼν
1565 1791 1719 1841 στελ-

1835 595 2132 660 blanditiis,
2167 610 2221 652 et
2247 599 2411 652 minis
2432 615 2551 654 esse
2587 603 2950 672 superiorem,
2978 616 3032 659 et
3065 608 3198 662 nihil
3228 618 3422 664 remit-

1836 699 2039 743 tentem
2075 694 2139 745 de
2169 693 2424 760 loquendi
2453 694 2720 758 libertate,
2753 697 2899 751 illam
2941 702 3122 754 statim
3181 705 3420 758 ementi-

1834 789 1941 834 tam
1973 797 2187 838 exuens
2214 787 2512 841 amicitiam
2562 800 2616 841 et
2677 805 2987 858 personam.
3017 805 3207 861 aperte
3235 808 3421 850 osten-

1829 874 1909 927 dit
1941 875 1989 927 id
2015 877 2158 944 quod
2186 888 2298 930 erat
2333 897 2344 931 :
2378 890 2454 940 et,
2491 880 2677 949 Magna
2707 900 2846 946 mea,
2901 886 3096 954 inquit.
3163 905 3421 944 mansue-

1830 965 1985 1027 tudo.
2034 977 2087 1021 et
2141 969 2257 1023 haec
2314 970 2368 1023 in
2422 982 2471 1023 te
2555 973 2868 1041 importuna
2957 977 3284 1046 benignitas.
3349 983 3417 1034 ad

1829 1060 2194 1127 arrogantiam
2229 1069 2280 1113 te
2304 1064 2645 1126 extulerunt,
2700 1074 2754 1118 et
2801 1069 2880 1120 sic
2934 1068 2988 1120 in
3042 1085 3140 1123 nos
3170 1072 3333 1139 ipsos.
3363 1084 3418 1127 et

1828 1148 1963 1205 deos
1993 1166 2222 1222 magnos
2247 1167 2633 1222 provocarunt.
2663 1156 2768 1211 Sed
2813 1159 3063 1216 dedisces
3111 1165 3215 1232 (sat
3275 1168 3414 1235 scio)

1827 1244 2164 1310 superbiam.
2201 1258 2254 1300 et
2293 1248 2635 1302 Oblivisceris
2685 1258 2789 1304 tuae
2830 1257 3171 1322 arrogantia,
3213 1268 3270 1310 et
3320 1275 3415 1312 co-

1825 1339 2058 1400 gnosces
2086 1335 2318 1404 teipsum
2346 1353 2458 1392 non
2489 1354 2610 1392 esse
2644 1356 2826 1394 rerum
2867 1347 3244 1399 communium
3297 1364 3416 1402 am-

1823 1423 1969 1492 plius
1995 1426 2448 1496 intercessorem,
2493 1447 2674 1500 neque
2721 1449 2880 1502 posse
2925 1437 3219 1504 plurimum
3271 1443 3415 1509 apud

1827 1516 2234 1584 imperatorem,
2264 1522 2357 1576 sed
2385 1537 2506 1576 esse
2537 1525 2856 1578 damnatum
2895 1537 2948 1580 et
2971 1529 3234 1592 vinctum,
3271 1545 3325 1586 et
3369 1533 3415 1588 si

1824 1613 1966 1678 quod
1990 1612 2135 1666 aliud
2171 1617 2377 1669 malum
2403 1620 2654 1686 sequitur
2683 1637 2800 1685 eos,
2831 1624 2923 1692 qui
2951 1625 3022 1678 ita
3048 1630 3314 1681 sentiunt.
3348 1630 3417 1684 Et

1823 1703 2004 1754 statim
2073 1716 2102 1755 a
2169 1706 2422 1773 praesidio
2485 1707 2753 1764 Surorum
2803 1713 2912 1766 dux
2959 1715 3312 1782 proﬁciscens
3356 1718 3412 1772 in

1823 1793 2096 1848 civitatem
2129 1794 2530 1866 Rosaphurum,
2569 1802 2731 1855 elﬁcit
2789 1815 2846 1856 ut
2889 1805 3164 1860 calceetur
3209 1809 3415 1864 athleta

97 1876 358 1943 >.όμενος
419 1878 646 1947 πορείαν
678 1879 706 1929 ὁ
760 1879 909 1943 δοὺξ,
965 1878 1214 1948 σιδηραῖς
1272 1883 1533 1948 κρηπῖσιν
1569 1879 1713 1950 ἥλοις

1826 1887 2087 1954 crepidis,
2143 1887 2339 1943 ferreis
2373 1891 2542 1945 clavis
2604 1894 2878 1948 conlisis:
2932 1905 2988 1948 et
3028 1898 3414 1953 conscendens

91 1968 266 2036 ὀξέσι
316 1970 777 2039 ὲμπεπαρμὲναις
813 1970 907 2021 τὸν
954 1967 1196 2039 ἀθλητὴν
1239 1969 1568 2037 ὐποδεθῆναι
1609 1987 1718 2023 πα-

93 2063 457 2130 ρασκευάζει
489 2079 504 2094 ο
544 2066 635 2115 καὶ
664 2064 939 2132 ὀχήματος
983 2064 1142 2126 αὐτὸς
1193 2064 1416 2127 ἐπιϐὰς,
1463 2063 1713 2134 ῐμπροσ-

93 2158 195 2208 θεν
277 2158 352 2220 ὡς
379 2153 489 2228 εἶχε
518 2159 694 2214 ποδῶν
741 2159 960 2229 τρέχειν
991 2159 1082 2210 τὸν
1134 2157 1290 2225 ἅγιον
1345 2161 1439 2212 ἐπὶ
1484 2159 1718 2230 ἑὸδομή-

97 2251 294 2305 κοντὰ
328 2268 428 2302 που
466 2252 716 2314 σταδίους
742 2254 872 2320 ἄχρι
913 2251 1343 2321 Τετραπυργίας
1376 2253 1714 2320 ἠνάγκαζεν.

95 2342 281 2394 Ὅσοι
336 2344 436 2410 μὲν
496 2343 589 2396 οὖν
647 2346 922 2413 ἀπορρέον
981 2345 1040 2394 τὸ
1092 2344 1273 2396 ποδῶν
1327 2339 1465 2412 αἷμα
1518 2347 1710 2415 ἑώρων

97 2434 436 2501 Θαυμάζειν
468 2451 528 2486 τε
569 2436 752 2496 αὐτοῖς
789 2435 1032 2504 ἀτεχνῶς
1070 2433 1250 2503 ἐπῄει,
1292 2439 1384 2486 καὶ
1424 2439 1514 2488 τὸν
1541 2439 1709 2506 ἀθλη-

99 2527 213 2595 τὴν
254 2526 357 2594 τῆς
395 2529 698 2596 καρτερίας
734 2525 1160 2596 ἐκπλήττεσθαι.
1226 2527 1454 2594 Ἐκείνῳ
1495 2527 1548 2579 δὲ
1602 2529 1714 2597 ἄρα

97 2624 158 2670 αἱ
207 2621 325 2672 τῶν
370 2621 840 2690 προσδοκωμένων
883 2621 1097 2684 ἐλπίδες
1169 2621 1382 2691 ῥανίδες
1429 2621 1711 2691 παρακλή-

102 2730 260 2774 σεως
299 2709 442 2782 ἦσαν
477 2715 537 2777 ἐξ
581 2714 816 2782 οὐρανοῦ
856 2716 1131 2779 στάζουσα
1199 2716 1290 2768 καὶ
1326 2717 1385 2767 τὸ
1436 2713 1574 2783 βαρὺ
1608 2715 1714 2768 τῶν

97 2807 319 2860 ὀδυνῶν
357 2809 746 2876 ὑπεκοὺιριζον,
804 2810 1028 2871 ἀλύπως
1075 2827 1132 2862 τε
1185 2812 1364 2880 εἴχετο
1415 2811 1515 2878 τῆς
1563 2809 1705 2870 ὀδοῦ,

100 2919 201 2952 καί
220 2903 322 2953 σὺν
345 2902 502 2971 ἡδονῇ
525 2903 696 2954 ταῦτα
718 2903 1044 2972 ὑπέψαλλεν·
1060 2922 1078 2952 ι
1105 2903 1428 2970 Ὑπομένων
1445 2905 1712 2972 ὑπέμεινα

99 2997 201 3046 τὸν
229 2995 438 3064 Κύριον
463 3012 473 3025 ·
513 2995 782 3066 προσέσχε
806 3013 892 3066 μοι
924 3000 1015 3048 καὶ
1035 2997 1325 3062 εἰσήκουσε
1353 3002 1448 3064 τῆς
1472 2997 1713 3066 δεήσεώς

1825 1977 2163 2041 vehiculum,
2194 1983 2373 2050 coegit
2406 1993 2653 2038 sanctum
2725 1987 2798 2039 ita
2845 1987 3075 2055 pedibus
3130 1991 3413 2050 allectum.

1822 2077 1950 2122 ante
1978 2071 2158 2140 ipsum
2186 2089 2413 2128 currere
2445 2075 2510 2128 ad
2536 2079 2879 2146 septuaginta
2918 2081 3089 2133 stadia
3127 2097 3302 2150 usque
3344 2083 3414 2138 ad

1825 2158 2263 2233 Tetrapyrgiam.
2301 2167 2481 2236 Atque
2533 2169 2846 2238 quicunque
2889 2171 3110 2239 quidem
3154 2173 3415 2230 videbant

1821 2259 2142 2324 sanguinem
2170 2273 2198 2311 e
2235 2260 2468 2328 pedibus
2491 2262 2845 2327 deﬂuentem,
2887 2264 2966 2318 eis
3016 2267 3176 2333 plane
3239 2267 3414 2320 admi-

1825 2349 1932 2400 rari
1985 2350 2235 2403 veniebat
2267 2352 2318 2403 in
2349 2361 2610 2413 mentem,
2639 2362 2692 2406 et
2733 2357 2954 2408 athletae
2995 2367 3219 2425 stupere
3282 2359 3414 2411 tole-

1825 2443 2080 2495 rantiam.
2110 2442 2330 2513 Martyri
2354 2454 2534 2499 autem
2565 2460 2692 2513 spes
2711 2461 2924 2506 eorum,
2957 2463 3079 2514 qua:
3129 2460 3413 2516 exspecta-

1821 2531 2045 2594 bantur,
2071 2544 2228 2588 erant
2253 2548 2417 2604 gutta:
2440 2538 2854 2598 consolationis,
2881 2555 3002 2608 quae
3055 2540 3324 2595 cadebant
3378 2556 3412 2598 e

1822 2626 1984 2685 creto,
2041 2636 2096 2678 et
2138 2629 2392 2682 levabant
2449 2632 2699 2685 dolorum
2747 2632 3095 2702 gravitatem.
3155 2632 3218 2686 Et
3274 2635 3410 2688 citra

1822 2723 2128 2776 molestiam
2167 2724 2424 2793 pergebat
2454 2727 2802 2795 iteringredi.
2852 2727 2901 2780 ei
2966 2729 3080 2781 haec
3138 2727 3408 2797 psallebat

1827 2831 1951 2868 cum
1985 2814 2167 2868 laetitia
2202 2833 2215 2870 :
2259 2834 2276 2865 ι
2307 2813 2638 2887 Exspectans
2667 2818 2977 2886 exspectavi
3013 2819 3325 2882 Dominum.
3356 2832 3411 2875 et

1822 2906 2064 2959 intendit
2084 2907 2235 2959 mihi.
2263 2905 2326 2960 Et
2352 2908 2629 2962 exaudivit
2651 2909 3096 2978 deprecationem
3119 2927 3327 2966 meam:
3354 2922 3411 2968 et

1818 2998 2005 3052 eduxit
2026 3014 2111 3050 tne
2133 3000 2198 3051 de
2224 3000 2338 3052 lacu
2365 3001 2749 3061 alllictionis,et
2772 3017 2800 3055 e
2829 3003 2939 3055 luto
2963 3003 3200 3057 [πόλει
3223 3005 3412 3060 statuit

108 3105 220 3155 μου
247 3103 262 3115 ·
318 3087 414 3139 καὶ
454 3089 698 3158 ἀνήγαγε
741 3107 807 3158 με
844 3093 905 3141 ἑκ
933 3089 1140 3140 λάκκου
1164 3086 1566 3157 ταλαιπωρίας,
1608 3090 1705 3139 καὶ

1822 3089 1874 3142 in
1898 3089 2186 3144 latitudine
2211 3090 2377 3158 pedes
2399 3105 2568 3149 meos,
2595 3100 2648 3142 et
2670 3091 2870 3144 direxit
2894 3108 3113 3158 gressus
3148 3110 3300 3146 meos
3325 3095 3400 3146 ‘.o

102 3183 219 3233 ἁπὸ
273 3182 448 3250 πηλοῦ
513 3185 681 3247 ιλύος,
738 3187 835 3236 καὶ
890 3185 1119 3253 ἔστησεν
1173 3185 1230 3235 ὲν
1287 3181 1590 3252 εὐρυχώρῳ
1639 3183 1766 3242 τοὺς
1828 3184 1993 3243 πόδας
2028 3202 2128 3253 μου
2167 3185 2260 3237 καὶ
2288 3184 2588 3237 κατεὺθυνε
2617 3180 2684 3237 ἰδ
2714 3186 3031 3255 διαδήματα
3066 3203 3190 3256 μου.

186 3274 288 3328 ΙΖ’.
353 3275 451 3338 Ὠς-
488 3276 544 3327 δὲ
593 3275 687 3327 καὶ
721 3276 818 3342 τὴν
854 3276 1269 3346 τετραπυργίαν
1319 3273 1420 3342 ἤδη
1470 3271 1702 3323 κατελα-

107 3367 233 3429 6ον,
273 3369 440 3418 αὑτὸν
482 3367 582 3430 μὲν
634 3370 690 3417 εν
746 3369 963 3437 φυλακῇ
1017 3367 1306 3436 δεσμώτην
1360 3365 1708 3433 ἐλάμϐανεν·

104 3461 255 3512 οὕτω
292 3460 632 3529 προσταχυὲν
660 3460 764 3513 ὑπὸ
803 3461 899 3513 τοῦ
937 3461 1126 3523 δουκὸς
1155 3475 1166 3486 ·
1199 3461 1406 3511 ἐκεῖνον
1456 3459 1514 3511 δὲ
1546 3475 1712 3526 φρον-

118 3572 144 3605 τ
160 3554 272 3614 iis;
301 3555 358 3604 ὲν
379 3557 535 3622 χερσὶ
555 3554 834 3623 δημοσίων
856 3555 1202 3623 πραγμάτων
1222 3549 1388 3620 εἶχον.
1430 3552 1708 3620 Ἐσπέρας

111 3646 171 3698 δὲ
207 3649 312 3718 ἢδη
349 3647 649 3714 γενομένης
700 3645 860 3714 μόνος
894 3646 1047 3712 παρὰ
1076 3646 1138 3714 τῇ
1167 3643 1383 3712 φυλακῇ
1421 3643 1449 3694 ὁ
1492 3643 1707 3712 μάρτυς

106 3737 470 3803 ἀπολειφοεὶς
513 3753 530 3784 ι
563 3736 623 3785 Ui
662 3734 955 3796 'taOiovrs;,
989 3753 1004 3786 ο
1038 3735 1288 3803 ἔψαλλεν,
1324 3753 1341 3784 ι
1377 3733 1574 3803 ἄρτους
1606 3750 1707 3802 μου

108 3832 468 3898 ἐμεγάλυναν
513 3827 599 3879 ἐπ’
656 3826 756 3896 ἐμὲ
817 3829 1219 3896 πτερνισμόν.»
1285 3828 1396 3879 Καὶ
1449 3826 1708 3896 σχοινίοις

111 3923 393 3974 διέτειναν
444 3920 656 3989 παγίδα
697 3922 808 3980 τοῖς
857 3919 986 3970 ποσί
1042 3936 1166 3988 μου,
1216 3920 1309 3970 καὶ
1342 3918 1709 3984 διελογίσαντο

107 4013 204 4067 τοῦ
257 4014 622 4066 ὑποσκελίσαι
673 4016 758 4066 τὰ.
800 4013 1115 4082 διαδήματα
1164 4027 1293 4081 μου.
1350 4010 1704 4074 ’Δλλ⁹αὑτὸς,

112 4110 318 4178 Κύριε,
356 4108 552 4180 Κύριε,
605 4107 925 4178 πρόφοασον
964 4108 1163 4168 αὐτοὺς
1207 4105 1302 4157 καὶ
1345 4104 1708 4159 ὑποσκέλισον

110 4200 346 4264 αὐτοὺς,
381 4202 478 4251 καὶ
511 4198 674 4268 ῥῦσαι
708 4199 818 4252 ἀπὸ
859 4199 1075 4252 ασεὸῶν
1102 4198 1199 4266 τὴν
1236 4198 1416 4268 ψυχὴν
1457 4215 1582 4268 μου,
1615 4197 1708 4250 καὶ⁸

111 4295 176 4346 ὲκ
212 4294 396 4364 χειρὸς
454 4295 616 4355 κυνὸς
675 4294 774 4360 τὴν
840 4291 1108 4360 μονογενῆ
1181 4308 1307 4362 μου.
1363 4291 1531 4344 Ὅθεν
1581 4291 1705 4344 οὑδὶ

111 4388 513 4456 ἀπαράκλητον
547 4385 714 4439 αὑτοῦ
747 4373 845 4458 τῆν
871 4385 1051 4456 ψυχὴν
1085 4386 1248 4438 πάλιν
1277 4389 1303 4438 ὁ
1337 4385 1466 4446 τοὺς
1504 4384 1706 4452 στεφά·

111 4497 206 4532 νου
257 4480 411 4548 αὐτῷ
429 4479 645 4532 πλέκων
669 4481 878 4533 ἄνωθεν
899 4481 1172 4544 περιεῖδεν
1191 4495 1203 4509 ·
1224 4477 1358 4530 αλλὰ
1378 4476 1708 4545 κηδεμονίαν

1892 3271 2054 3326 XVII.
2089 3272 2385 3343 Postquam
2415 3284 2598 3328 autem
2628 3275 2738 3345 jam
2783 3277 3165 3345 pervenissent
3210 3278 3408 3334 Tetra-

1815 3365 2081 3434 pyrgiam,
2110 3365 2288 3433 ipsum
2329 3365 2548 3434 quidem
2601 3372 2821 3434 excepit
2855 3368 3124 3432 custodia,
3167 3371 3405 3424 duceita

1809 3457 2087 3528 iubente:
2145 3457 2294 3512 illum
2355 3467 2537 3513 autem
2581 3469 2838 3529 urgentes
2887 3475 3032 3515 cura
3093 3461 3406 3531 reipublicas

1817 3561 2111 3606 tenuerunt
2143 3551 2667 3621 occupatum.‘Cum
2717 3563 2898 3607 autem
2943 3554 3053 3622 jam
3100 3565 3247 3609 esset
3312 3571 3406 3610 ve-

1817 3656 1969 3710 Sper,
2003 3653 2208 3711 martyr
2240 3645 2462 3696 relictus
2493 3645 2644 3696 solus
2701 3644 2753 3696 in
2778 3650 3048 3706 custodia,
3094 3647 3354 3714 psallebat
3387 3666 3403 3703 :

1817 3752 1836 3786 ι
1875 3731 1978 3799 Qui
2009 3735 2372 3788 comedebaut
2413 3749 2582 3802 panes
2628 3751 2799 3798 meos,
2855 3737 3271 3806 magnilicarunt
3309 3755 3406 3794 su-

1813 3842 1910 3894 per
1942 3841 2026 3879 me
2057 3826 2556 3894 supplantationem
2581 3827 2652 3882 ’.i
2696 3825 2759 3880 Et
2792 3825 3017 3882 funibus
3038 3831 3404 3886 extenderunt

1809 3918 2062 3988 laqueum
2095 3917 2321 3986 pedibus
2351 3921 2504 3983 meis,
2540 3927 2594 3971 et
2645 3921 3023 3988 cogitaverunt
3054 3924 3407 3991 supplantare

1811 4024 2030 4082 gressus
2049 4024 2225 4065 meas.
2250 4010 2356 4064 Sed
2388 4021 2466 4075 tu,
2497 4011 2742 4071 Domine,
2779 4008 3026 4075 Domine,
3060 4015 3318 4080 praeveni.
3346 4023 3404 4067 et

1812 4105 2103 4173 supplanta
2144 4120 2240 4158 eos
2273 4123 2288 4158 :
2322 4115 2376 4157 et
2403 4105 2574 4158 libera
2599 4105 2668 4158 ab
2700 4104 2882 4172 impiis
2913 4105 3150 4157 animam
3178 4120 3352 4158 meam
3383 4121 3400 4160 :

1811 4211 1866 4251 et
1888 4198 1954 4250 de
1989 4212 2153 4249 manu
2187 4196 2348 4251 cauis
2383 4195 2599 4250 unicam
2628 4210 2845 4256 meam.
2898 4194 3077 4260 Quare
3134 4211 3238 4248 nec
3267 4211 3404 4250 con-

1811 4290 2098 4346 solationis
2127 4300 2410 4359 expertem
2469 4290 2590 4358 ejus
2622 4288 2863 4342 animam
2908 4302 3099 4342 rursus
3143 4288 3404 4359 dexpexit

1811 4386 1878 4449 is,
1921 4387 2012 4455 qui
2053 4401 2084 4439 e
2111 4384 2326 4453 superis
2355 4384 2404 4436 ei
2443 4382 2699 4436 nectebat
2745 4396 2998 4444 coronas,
3030 4381 3126 4436 sed
3166 4391 3222 4434 et
3257 4382 3406 4434 mul-

1813 4486 1921 4531 tam
1958 4491 2016 4531 se
2045 4477 2166 4546 ejus
2194 4491 2381 4529 curam
2430 4489 2622 4544 gerere
2664 4475 2930 4537 ostendit,
2956 4483 3007 4528 et
3067 4473 3319 4544 angelum
3351 4473 3403 4530 ei

113 4591 174 4626 τε
205 4574 414 4642 πολλὴν
467 4574 595 4644 περὶ
620 4576 811 4626 τουτον
855 4573 1248 4633 ἐπιδείκνυται,
1333 4570 1427 4622 καὶ
1474 4571 1706 4637 ἄγγελον

1822 4572 1962 4626 misit
1993 4573 2169 4625 media
2203 4581 2363 4625 nocte
2422 4592 2434 4623 :
2465 4568 2580 4638 qui,
2614 4584 2739 4622 cum
2785 4567 2937 4638 prius
2967 4566 3113 4622 illius
3159 4567 3400 4622 animam

113 4669 267 4737 αὑτῴ
301 4667 444 4719 κατὰ
477 4667 652 4736 μέσην
678 4665 959 4734 ἐκπέμπει
982 4664 1079 4733 τὴν
1112 4662 1283 4715 νύκτα
1305 4684 1319 4695 ο
1349 4662 1710 4736 δς·πρότερον

111 4763 216 4830 τὴν
261 4762 475 4814 ἐκείνου
511 4759 692 4829 ψυχὴν
746 4758 921 4828 ἡδέως
950 4759 1427 4828 ἀνακτησάμενος,
1465 4754 1585 4810 εἶτα
1620 4759 1713 4810 καὶ

113 4854 212 4906 τοῦ
267 4853 524 4921 σώματος
575 4851 955 4920 ἐπιμεληθεὶς,
1009 4852 1263 4914 καὶτοὺς
1315 4851 1483 4912 πόδας
1542 4847 1710 4903 αὑτοῦ

116 4947 376 5014 πονήρως
427 4943 531 4994 ὑπὸ
583 4942 692 4996 τῶν
746 4942 975 5012 πληγῶν
1018 4942 1243 5012 ἔχοντας
1299 4942 1560 5010 ὑγιάσας,
1618 4941 1713 4995 καὶ

115 5037 372 5105 καθάπερ
425 5034 630 5106 ἑταίρῳ
692 5035 800 5087 τινὶ
855 5036 948 5088 καὶ
990 5033 1299 5105 συμπολίτῃ
1356 5033 1701 5100 φιλικώτατα

114 5128 428 5201 διαλεχθεὶς
503 5130 599 5181 καί
667 5130 1194 5195 κατασπασάμενος,
1256 5123 1710 5197 προσθυαότερον

118 5221 302 5290 πολλῷ
346 5221 476 5289 πρὸς
520 5219 610 5273 τὸν
661 5218 850 5286 ἀγῶνα
909 5217 1184 5290 διέθηκεν.

188 5312 302 5364 lll'.
349 5309 559 5362 Ἐωθεν
611 5312 794 5364 τοίνυν
846 5307 1081 5373 καθίσας
1145 5312 1240 5363 ἐπὶ
1297 5310 1391 5364 τοῦ
1460 5310 1708 5381 βήματος

117 5405 286 5458 πάλιν
319 5402 517 5467 ὁδουξ,
573 5402 786 5455 κελεύει
830 5405 941 5458 τισὶ
978 5404 1090 5455 τῶν
1141 5405 1530 5476 περιεστώτων
1566 5409 1706 5472 ἀφε-

119 5498 384 5566 λομένους
420 5497 515 5549 τὸν
560 5497 834 5567 μακάριον
889 5500 995 5551 ἀπὸ
1035 5496 1132 5566 τῆς
1168 5499 1421 5569 φυλακῆς
1463 5500 1544 5572 (οὐ
1603 5501 1712 5570 γὰρ

124 5591 284 5654 αὐτὸς
319 5590 554 5644 δυνατὸν
591 5584 728 5645 εἶναι
758 5593 1070 5661 χρήσασθαι
1096 5594 1208 5656 τοῖς
1269 5596 1428 5646 ποσὶν
1463 5594 1568 5648 ὑπὸ
1603 5596 1714 5648 τῶν

124 5682 348 5754 πληγῶν
401 5681 564 5752 ᾤετο)
600 5683 735 5748 πρὸς
782 5684 976 5736 ἑαυτὸν
1029 5687 1213 5739 καὶτὸ
1264 5685 1420 5756 βῆμα
1461 5687 1711 5758 κομίσαι.

195 5849 212 5881 ⁶
247 5847 391 5900 Psal.
426 5857 612 5907 xxxix,
656 5844 671 5895 Ι
712 5862 828 5914 sqq.
947 5848 963 5875 ⁷
995 5847 1134 5900 Psal.
1174 5863 1258 5912 λι,
1291 5846 1378 5903 10.

1805 4667 2048 4736 jucunde
2081 4671 2407 4725 recreasset,
2437 4671 2492 4714 et
2541 4661 2744 4715 deinde
2781 4661 2945 4714 etiam
2986 4675 3186 4730 corpus
3213 4675 3403 4714 curas-

1812 4768 1921 4823 set,
1954 4767 2008 4814 et
2037 4759 2226 4828 pedes,
2263 4755 2353 4826 qui
2398 4755 2538 4808 male
2575 4769 2635 4808 se
2677 4753 2974 4820 habebant,
3023 4764 3293 4817 sanassct,
3343 4762 3401 4808 et

1813 4859 2071 4921 tanquam
2108 4864 2234 4902 cum
2267 4848 2503 4917 quodam
2536 4848 2715 4900 amico
2763 4855 2817 4898 et
2849 4845 3077 4898 concive
3130 4858 3230 4898 suo
3261 4843 3400 4896 ami-

1812 4947 2034 5000 cissime
2065 4951 2212 4996 esset
2241 4941 2477 5003 locutus,
2515 4950 2571 4992 et
2600 4953 2726 4993 eum
2754 4936 3062 5008 amplexus,
3095 4935 3254 5008 longe
3280 4937 3396 4990 ala-

1814 5038 2049 5093 criorem
2081 5033 2318 5090 reddidit
2348 5033 2414 5087 ad
2442 5035 2741 5088 certamen.

1887 5303 2079 5360 XVIII.
2110 5301 2267 5358 Mane
2299 5315 2431 5372 ergo
2481 5298 2686 5354 sedens
2732 5295 2839 5352 dux
2878 5297 2931 5350 in
2982 5294 3263 5356 tribunali,
3309 5294 3400 5362 ju-

1820 5400 1912 5454 bet
1937 5397 2262 5467 quibusdam
2291 5411 2355 5449 ex
2401 5393 2488 5456 iis,
2524 5392 2617 5463 qui
2668 5391 2979 5452 adstabant,
3037 5399 3094 5442 ut
3147 5397 3397 5441 sanctum

1817 5492 2074 5546 tollentes
2102 5505 2133 5544 e
2156 5487 2403 5543 custodia
2437 5487 2638 5556 (neque
2665 5483 2811 5538 enim
2847 5482 3067 5554 putabat
3098 5482 3213 5535 liert
3238 5496 3399 5548 posse

1816 5602 1926 5656 prae
1951 5584 2146 5655 plagis,
2187 5591 2246 5635 ut
2269 5589 2514 5635 uteretur
2544 5579 2816 5649 pedibus),
2849 5577 2916 5629 ad
2961 5591 3122 5630 suum
3152 5575 3404 5629 deferant

1817 5679 2075 5734 tribunal.
2107 5676 2245 5732 Cum
2274 5674 2347 5729 illi
2389 5682 2572 5728 autem
2604 5671 2967 5728 accessissent
2988 5670 3045 5725 in
3070 5670 3404 5731 custodiam,
