3968 6432
557 356 695 421 1027

562 472 745 526 statim
809 466 911 524 fuit
964 474 1187 538 martyr,
1252 474 1312 520 ut
1362 465 1567 535 aquila,
1622 474 1934 531 renovatus,

557 563 736 616 ablata
794 568 1078 614 senectute
1114 558 1206 611 sed
1260 556 1515 610 omnibus
1562 555 1893 609 vulneribus.
1949 553 2135 624 Neque

556 656 704 709 enim
739 668 876 721 opus
909 652 1096 704 habuit
1130 664 1320 710 manu,
1354 663 1475 717 qua!
1522 662 1646 701 eum
1695 648 2008 709 sustineret,
2043 655 2137 699 aut

557 749 607 799 ei
646 746 871 799 omnino
923 758 1078 809 opem
1140 742 1306 794 terret
1353 742 1417 794 ad
1469 740 1906 810 ingrediendum,
1949 740 2042 791 sed
2082 747 2137 792 et

560 837 751 888 leviter
803 832 1230 902 ingrediebantur,
1297 839 1352 881 et
1411 829 1636 898 pulchre
1702 830 2036 889 movebatur,
2082 834 2137 880 et

557 938 668 980 erat
708 942 896 978 revera
931 923 1088 975 testis
1139 923 1242 974 [ide
1295 922 1489 991 dignus
1540 921 1753 975 invictze
1784 929 1837 973 et
1880 919 2136 986 omnipo-

557 1018 721 1072 tentis
752 1016 956 1068 Christi
994 1014 1227 1065 virtutis.
1259 1010 1394 1065 Cum
1428 1014 1573 1065 enim
1626 1013 1704 1065 sic
1740 1012 1994 1064 allectum
2027 1010 2134 1061 dux

552 1110 861 1177 aSpexisset
887 1106 1120 1168 eminus,
1154 1104 1294 1173 apud
1322 1120 1379 1157 se
1424 1104 1725 1157 mirabatur
1753 1104 1969 1156 tacitus.
1999 1100 2133 1155 Cum

554 1208 737 1252 autem
769 1196 882 1263 jam
917 1210 1085 1261 prope
1120 1203 1287 1256 esset,
1319 1208 1437 1247 eam
1486 1208 1596 1245 rem
1623 1193 1850 1245 vocabat
1879 1192 2132 1261 magiam,

554 1296 608 1341 et
661 1288 794 1339 deos
841 1285 1082 1352 jurabat,
1120 1292 1177 1334 et
1226 1297 1319 1335 eos
1367 1286 1595 1336 vocabat
1650 1284 1701 1335 in
1758 1284 2133 1336 testimonium

558 1397 746 1436 eorum
779 1395 903 1448 qua:
943 1377 1179 1431 dicebat.
1229 1376 1364 1440 Quid
1406 1387 1488 1430 est
1532 1377 1677 1429 enim
1714 1375 1884 1439 aliud,
1937 1375 2135 1437 aiebat,

566 1479 712 1543 quod
744 1482 799 1525 et
829 1470 967 1538 apud
1010 1467 1391 1536 imperatorem
1420 1467 1467 1520 ei
1494 1469 1643 1537 prius
1672 1476 1873 1521 tantam
1907 1467 2137 1535 praebuit

568 1568 843 1628 liduciam,
887 1570 941 1616 et
984 1576 1130 1613 nunc
1178 1565 1359 1615 statim
1410 1560 1573 1630 50piit
1623 1568 1677 1613 et
1729 1559 1941 1614 ohtudit
1983 1573 2136 1612 acres

563 1659 782 1714 dolores
809 1658 1116 1719 vulnerum,
1158 1654 1264 1710 nisi
1295 1663 1481 1723 aperta
1524 1653 1717 1720 magia.
1749 1660 1804 1706 et
1832 1650 1992 1704 verba
2018 1665 2139 1718 qua:

557 1767 617 1811 ut
670 1756 967 1824 plurimum
1005 1752 1221 1806 curiose
1282 1758 1337 1803 et
1397 1747 1695 1816 sophistice
1755 1744 2137 1800 incantantur?

1846 353 2134 414 MENSIS
2176 352 2544 415 OCTOBER.

3681 358 3813 426 1028

2020 480 2131 519 non
2160 468 2211 528 Α
2239 466 2359 518 Τῶν
2409 466 2463 518 δὲ
2520 464 2655 533 πρὸς
2690 466 2788 535 τὴν
2826 468 3074 537 φυλακὴν
3123 469 3609 537 παραγενομένων,
3657 471 3810 536 ἀετὸς

2234 554 2303 628 ἦν
2336 560 2397 611 ἐκ
2432 561 2622 627 καινῆς
2656 561 2683 610 ό
2721 560 2933 628 μάρτυς
2970 560 3030 612 ού
3060 560 3119 612 τὸ
3153 561 3349 629 γῆρας,
3385 560 3521 613 ἀλλὰ
3558 565 3655 624 τὰς
3682 564 3808 633 πλη-

2234 652 2335 719 γὰς
2388 650 2569 712 πάσας
2603 652 3043 719 ἀποξυπάμενος.
3076 652 3210 704 Οὐδὲ
3258 657 3367 719 γὰρ
3400 652 3598 722 ἐδεήθη
3632 656 3808 724 χειρὸς

2236 746 2634 815 ἀνεχούσης,ἦ
2696 750 2753 798 τὸ
2797 749 3055 815 παράπαν
3122 748 3269 817 αὐτῷ
3326 748 3809 817 συλλαμϐανούπης

2238 839 2375 907 πρὸς
2414 838 2514 907 τὴν
2578 838 2827 906 πορείαν,
2885 840 3018 891 ἀλλὰ
3073 841 3290 907 κούφως
3352 858 3412 892 τε
3475 842 3659 892 ἔϐαινε
3719 843 3810 893 καὶ

2239 932 2468 998 σοϐαρὸν
2500 933 2755 995 ἐκινεῖτο,
2798 934 2892 983 καὶ
2948 934 3158 1001 μάρτυς
3214 929 3282 1001 ἦν
3337 932 3559 998 ἀληθῶς
3600 931 3806 995 51561::-

2238 1040 2361 1085 στος
2387 1022 2485 1092 τῆς
2517 1025 2728 1091 ἀμάχου
2758 1034 2851 1077 καὶ
2886 1025 3220 1087 tati/362w};
3266 1024 3355 1077 τοῦ
3383 1025 3627 1094 Χριστοῦ
3657 1025 3809 1077 Suvi-

2238 1133 2403 1186 μεως.
2447 1117 2602 1167 nam
2634 1118 2687 1167 δὲ
2712 1117 2877 1168 αὑτὸν
2912 1120 2937 1168 ὁ
2967 1117 3093 1181 δοῦξ
3112 1120 3304 1187 ἔχοντα
3333 1118 3624 1187 πόρρωθεν
3659 1136 3809 1169 κατι-

2234 1208 2360 1272 δὼν,
2402 1208 2579 1276 ἡσυχῆ
2615 1207 2737 1259 καθ’
2772 1208 2963 1259 tua»;
3010 1208 3403 1275 ἀπεθαύμαζεν
3430 1226 3443 1239 ·
3484 1208 3560 1269 ὡς
3604 1208 3659 1259 δὲ
3718 1208 3809 1260 καὶ

2237 1301 2465 1368 πλησίον
2497 1302 2707 1367 γένοιτο
2730 1300 2851 1369 ἤδη,
2884 1300 3119 1368 μαγείαν
3149 1317 3207 1352 τε
3248 1303 3307 1352 τὸ
3339 1304 3578 1370 πρᾶγμα
3605 1301 3807 1362 ἐκάλει,

2238 1393 2331 1445 καὶ
2364 1391 2518 1451 θεοὺς
2553 1390 2800 1459 ἐπώμνυ,
2862 1393 2956 1444 καὶ
2987 1394 3269 1461 μάρτυρας
3328 1395 3526 1456 αὐτοὺς
3579 1395 3811 1445 ἐποιεῖτο

2238 1486 2345 1538 τῶν
2374 1485 2700 1552 λεγομένων.
2735 1486 2799 1537 Τί
2831 1486 2939 1552 γάρ
2973 1487 3119 1537 ἐστιν
3148 1486 3356 1553 ἕτερον,
3412 1488 3624 1553 ἔλεγεν,
3656 1487 3682 1538 ὃ
3720 1487 3808 1537 καὶ

2241 1578 2389 1646 παρὰ
2422 1578 2636 1644 βασιλεῖ
2667 1583 2934 1647 πρότερον
2961 1577 3109 1645 αὐτῷ
3141 1579 3414 1648 τοσαύτην
3448 1581 3682 1648 παρεῖχε
3717 1578 3812 1647 τὴν

2242 1670 2582 1740 παρρησίαν,
2620 1670 2714 1722 καὶ
2750 1668 2844 1721 νῦν
2875 1670 3038 1721 πάλιν
3081 1671 3177 1731 τὰς
3208 1670 3388 1735 ὀξείας
3438 1670 3546 1723 τῶν
3593 1671 3813 1736 πληγῶν

2239 1762 2428 1823 ὀδύνας
2458 1760 2704 1839 ἐκοίμισέ
2728 1777 2787 1813 τε
2841 1762 2933 1813 καὶ
2982 1762 3287 1831 ἤμϐλυνεν,
3347 1763 3429 1813 ὅτι
3468 1765 3542 1831 μὴ
3609 1764 3813 1832 μαγεία

556 1849 770 1904 Exhinc
794 1848 903 1913 jam
942 1846 1009 1899 de
1071 1843 1261 1910 Sergio
1322 1854 1469 1909 spem
1502 1839 1792 1907 abjiciebat
1834 1856 1847 1891 :
1899 1847 1953 1892 et
2003 1852 2125 1893 cum

2243 1856 2417 1923 σαφὴς
2449 1835 2543 1907 καί
2566 1825 2725 1922 λόγου
2763 1825 3075 1923 περιέργως
3110 1856 3186 1917 ὡς
3218 1856 3287 1907 τὰ
3318 1825 3489 1908 πολλα
3662 1825 3810 1923 σοφι-

557 1959 683 1997 eum
720 1949 967 1995 curasset
996 1952 1156 2005 quam
1185 1934 1429 2005 proxime
1456 1933 1782 1997 sistendum,
1818 1932 1861 1987 si
1894 1929 2029 1985 forte
2054 1930 2136 1983 fa-

558 2034 875 2088 miliaritate
899 2044 1023 2083 eum
1055 2028 1131 2081 sic
1153 2028 1419 2089 alliceret,
1442 2024 1652 2093 placide
1678 2040 1800 2077 eum
1827 2024 2133 2091 alloquens,

560 2135 616 2179 et
669 2126 735 2177 ad
801 2122 1035 2191 priorem
1101 2129 1385 2173 revertens
1438 2118 1864 2170 assentationem
1926 2131 1940 2172 :
2004 2115 2135 2167 Rem

557 2219 867 2289 quamdam,
924 2216 1123 2274 aiebat.
1172 2215 1410 2266 arbitror
1460 2211 1698 2264 divinam
1747 2220 1802 2264 et
1841 2209 2132 2264 incredibi-

561 2316 688 2372 lem.
728 2311 875 2378 quod
927 2312 982 2361 in
1014 2305 1200 2359 multis
1249 2304 1813 2364 deliciis,etdivitiis,
1864 2312 1919 2356 et
1970 2304 2140 2355 hone-

560 2405 660 2457 stis
693 2398 938 2453 m0ribus
973 2397 1256 2457 educatus,
1290 2403 1398 2445 tam
1433 2392 1645 2444 fortiter
1682 2392 1866 2444 tuleris
1894 2381 1995 2445 hoc
2030 2402 2136 2444 tam

557 2508 719 2564 grave
749 2499 1109 2544 tormentum.
1144 2485 1251 2539 Sed
1290 2487 1410 2552 ejus
1459 2498 1773 2536 sermonem
1827 2486 2009 2537 statim
2057 2486 2138 2535 in-

562 2593 915 2648 terrumpens
945 2587 1149 2644 martyr
1184 2593 1198 2628 :
1230 2573 1346 2627 Non
1366 2582 1493 2626 sunt
1516 2573 1667 2635 mihi,
1688 2572 1881 2641 inquit.
1906 2572 2134 2641 ojudcx,

562 2685 897 2729 tormentum
929 2667 1248 2739 praesentia,
1282 2668 1375 2720 sed
1405 2681 1559 2720 sacra
1609 2677 1831 2736 propter
1859 2665 2136 2719 Christum

552 2776 780 2838 ‘pompa,
823 2773 877 2817 et
926 2764 1125 2815 I'esttun
1175 2759 1408 2819 celebre.
1444 2772 1530 2811 me
1580 2758 1646 2810 ad
1703 2759 1875 2825 ipsum
1938 2760 2136 2810 malum

557 2857 958 2928 jucundissime
989 2851 1383 2906 transmittens.
1420 2848 1536 2902 Dux
1578 2849 1757 2917 itaque
1799 2848 1976 2901 adhuc
2027 2863 2139 2900 nia-

561 2954 643 3022 gis
681 2951 1000 3016 desperans,
1034 2952 1283 2998 sanctum
1339 2940 1662 2995 transmittit
1701 2942 1753 2993 in
1804 2940 2133 2994 custodiant.

561 3044 681 3113 Ipse
712 3053 891 3096 autem
946 3040 1164 3094 interim
1194 3050 1413 3105 operam
1447 3034 1609 3087 dabat
1660 3046 1967 3086 mensarum
2019 3030 2139 3082 lau-

2240 1946 2443 2009 στικῶς
2503 1946 2862 2017 ὲπᾳδόμενοις
2931 1946 3213 1998 Ἐντεῦθεν
3278 1950 3369 1998 καὶ
3431 1949 3813 2014 ἀπεγίνωσκεν

2238 2040 2336 2109 ἤδη
2372 2038 2620 2107 Σέργιον,
2657 2038 2750 2089 καὶ
2770 2037 2862 2087 τὸν
2896 2036 3062 2105 ἄνδρα
3096 2039 3177 2089 ὃτι
3207 2039 3497 2105 ἐγγυτάτω
3526 2056 3814 2109 παραστη-

2238 2132 2494 2200 σάμενος,
2528 2130 2581 2181 εἴ
2610 2147 2726 2192 πως
2767 2129 2870 2182 κᾶν
2902 2128 3074 2189 οὕτως
3103 2130 3387 2200 ὑποκλέψῃ
3419 2134 3539 2195 ταῖς
3597 2134 3814 2185 οἰκειώ-

2240 2239 2409 2283 σεσιν,
2440 2221 2665 2290 ἡμέρως
2719 2237 2777 2273 τε
2829 2220 3102 2282 διατεθεὶς
3143 2217 3218 2282 ὡς
3266 2222 3527 2291 μάλιστα,
3569 2225 3669 2273 καὶ
3718 2224 3814 2292 τῆς

2240 2317 2511 2384 προτέρας
2570 2316 2731 2367 πάλιν
2781 2317 2919 2385 πρὸς
2967 2314 3130 2369 αὐτὸν
3207 2315 3449 2375 Θωπείας
3504 2317 3815 2383 γενόμενος,

2239 2408 2391 2460 Θεῖύν
2423 2424 2495 2473 τι,
2524 2406 2731 2474 ξλεγεν,
2752 2407 2989 2476 ἠγοῦμαι
3016 2409 3107 2459 καὶ
3130 2406 3379 2480 ἄπιστον⁹
3410 2406 3527 2468 πῶς
3561 2411 3619 2459 ἐν
3653 2407 3817 2476 πολλῇ

2242 2500 2509 2569 θεραπείᾳ
2571 2501 2667 2550 καὶ
2703 2499 2919 2567 πλούτῳ
2967 2500 3061 2552 καὶ
3116 2500 3305 2569 ἧθεσιν
3347 2500 3531 2559 ἄλλοις
3563 2499 3817 2568 τραφεὶς,

2238 2595 2336 2663 τὴν
2395 2592 2708 2662 βαρυτάτην
2775 2593 3008 2661 βάσανον
3075 2591 3277 2661 ταύτην
3340 2592 3485 2643 οὕτω
3554 2592 3820 2657 γενναίως

2241 2685 2580 2754 ὑπήνεγκας.
2652 2682 2815 2736 Ἀλλὰ
2872 2684 2969 2753 τὴν
3020 2683 3243 2752 ὁμιλίαν
3312 2681 3477 2744 εὐθὺς
3524 2682 3553 2734 ὁ
3607 2683 3819 2752 μάρτυς

2240 2778 2386 2847 αύτῷ
2444 2776 2713 2845 ὲπικόψας
2739 2792 2754 2808 ο
2792 2775 2868 2831 Ού
2905 2777 3136 2845 βάσανός
3192 2793 3297 2846 μου
3346 2777 3415 2827 τὰ
3471 2778 3743 2844 παρόντα,
3776 2769 3819 2827 ὦ

2239 2865 2489 2930 δικαστὰ,
2522 2860 2637 2917 ἀλλ’
2673 2867 2794 2934 ἱερὰ
2847 2865 2933 2918 διὰ
2975 2867 3212 2934 Χριστὸν
3267 2866 3464 2935 πομπὴ
3506 2871 3602 2918 καὶ
3639 2870 3818 2938 πανή-

2246 2975 2408 3026 γυρις
2448 2957 2583 3026 πρὸς
2614 2958 2778 3011 αὐτόν
2810 2974 2874 3026 με
2902 2958 2990 3010 τὸν
3020 2958 3251 3027 οὐρανὸν
3274 2959 3472 3027 ἥδιστα
3512 2961 3815 3028 παραπέμ-

2242 3068 2444 3105 πουσα.
2496 3050 2553 3104 '0
2588 3050 2715 3113 δοίιξ
2739 3050 2921 3101 τοίνυν
2972 3052 3064 3101 ἐπὶ
3103 3050 3267 3101 πλέον
3310 3049 3469 3113 αὖθις
3506 3051 3823 3122 ἀπαγορεύ-

562 3137 692 3189 tilia:
721 3145 774 3189 et
814 3136 1033 3194 laetitiae,
1063 3130 1243 3198 utqui
1292 3144 1401 3181 non
1442 3126 1615 3182 solum
1670 3125 1762 3176 ine
1800 3132 1855 3175 et
1910 3123 2137 3178 crudeli-

2245 3159 2365 3205 σας,
2400 3144 2467 3211 τῇ
2523 3142 2739 3213 φυλακῇ
2784 3144 3151 3213 παραπέμπει
3194 3143 3284 3196 τὸν
3332 3145 3514 3210 ἅγιον.
3544 3145 3714 3205 Δύτδς
3764 3144 3821 3197 δὲ

564 3229 688 3282 tatis
723 3226 816 3280 sed
852 3224 1017 3278 etiam
1046 3220 1338 3290 voluptatis
1370 3219 1533 3273 vellet
1561 3232 1682 3271 esse
1712 3228 1927 3269 servus.

634 3521 775 3575 XIX.
805 3518 943 3573 Cum
970 3525 1154 3570 autem
1192 3513 1333 3566 viam
1367 3522 1557 3563 rursus
1584 3516 1729 3566 esset
1771 3507 2136 3576 ingressurus,

561 3620 616 3665 et
644 3612 710 3663 ad
745 3610 1124 3677 Rosaphornm
1157 3603 1513 3658 contenderet
1540 3599 1873 3671 praasidium,
1906 3599 1972 3652 ad
1995 3598 2137 3668 quod

566 3704 820 3763 tendens,
863 3716 891 3754 a
924 3700 1071 3753 Sutis
1098 3696 1375 3766 profectus
1408 3692 1606 3752 fuerat,
1655 3690 1917 3742 athletam
1951 3701 2140 3739 rursus

563 3797 841 3863 prioribus
880 3794 1180 3845 calceatum
1226 3786 1480 3853 crepidis,
1536 3798 1566 3835 a
1601 3780 1947 3849 Tetrapyrgia
1984 3778 2139 3831 duxit

565 3896 735 3958 usque
765 3884 829 3937 ad
870 3880 1143 3950 Rosapha.
1176 3878 1311 3932 Cum
1341 3887 1520 3930 autem
1550 3890 1676 3929 eum
1736 3874 1925 3927 eadem
1950 3885 2138 3926 rursus

564 3979 858 4031 luctantem
914 3974 1238 4028 necessitate
1274 3969 1496 4021 vidisset
1524 3978 1836 4035 martyrem,
1870 3966 2138 4026 eamdem.

564 4079 662 4123 aut
716 4069 879 4121 etiam
954 4065 1217 4132 majorem
1277 4058 1569 4115 ostendere
1629 4052 2031 4119 fortitudinem,
2087 4064 2144 4109 et

562 4160 731 4223 viam,
784 4173 903 4226 quae
937 4166 1018 4209 est
1071 4171 1101 4208 a
1133 4153 1286 4208 Suris
1331 4166 1503 4220 usque
1561 4149 1627 4204 ad
1688 4145 1964 4217 Bosapha,
2017 4162 2142 4201 cum

565 4250 757 4306 ferreis
782 4249 887 4302 illis
915 4247 1155 4315 crepidis
1182 4246 1317 4298 citra
1359 4243 1603 4297 laborem
1650 4242 1972 4305 coniecisse,
2028 4255 2144 4293 om-

567 4344 700 4398 nino
727 4340 1030 4410 desperans
1058 4339 1177 4394 fore
1203 4348 1261 4391 ut
1288 4344 1614 4397 mutaretur,
1642 4335 1801 4406 jubet
1835 4335 1975 4390 beati
2001 4350 2143 4389 mar-

567 4434 697 4504 tyris
722 4443 886 4504 caput
917 4431 1184 4502 amputari
1234 4428 1429 4499 gladio.
1481 4426 1706 4480 Ducitur
1754 4429 1937 4495 itaque
1997 4442 2144 4480 mar-

568 4537 653 4600 tyr
680 4543 709 4580 a
745 4526 1007 4580 militibus
1047 4526 1113 4579 ad
1167 4524 1347 4578 locum
1397 4519 1907 4577 consummationis.
1953 4517 2142 4589 Magna
2177 4512 2217 4565 Ι)

567 4631 747 4676 autem
806 4620 1098 4673 multitudo
1153 4618 1393 4671 virorum
1440 4625 1495 4671 et
1524 4614 1814 4669 mulierum
1870 4619 1925 4667 et
1968 4610 2146 4667 omnis

567 4714 741 4768 aetatis
778 4710 1236 4779 consequebatur,
1290 4719 1349 4761 ut
1414 4723 1539 4763 eum
1574 4707 1821 4760 viderent
1859 4715 1914 4760 et
1955 4704 2144 4760 decer—

574 4814 805 4868 tantem,
872 4812 929 4859 et
966 4803 1302 4863 vincentem,
1340 4810 1395 4856 et
1454 4810 1802 4855 coronatum.
1834 4799 2144 4865 Quinetiam

570 4897 701 4969 ipsae
732 4910 953 4965 quoque
1016 4894 1164 4956 ferae,
1223 4894 1389 4948 veluti
1446 4903 1618 4964 capte
1677 4893 1909 4962 quodam
1962 4907 2145 4945 amore

569 4987 813 5048 athletre,
847 4985 1057 5040 relictis
1098 4987 1333 5054 propriis
1374 4985 1644 5047 cavernis,
1694 4998 1817 5038 eum
1856 4980 2063 5052 placide
2093 4991 2147 5037 et

572 5088 863 5135 mansuete
899 5078 1267 5139 deducebant,
1333 5076 1477 5130 illius
1516 5078 1733 5144 quidem
1785 5076 2000 5128 beatum
2046 5076 2147 5128 iter

570 5169 976 5236 quodammodo
1009 5171 1322 5238 probantes,
1357 5179 1413 5222 et.
1446 5170 1916 5230 commendantes,
1950 5168 2147 5238 impios

573 5271 757 5316 autem
800 5277 857 5315 re
894 5262 1006 5331 ipsa
1032 5272 1347 5332 arguentes,
1380 5262 1522 5330 quod
1550 5277 1713 5331 quem
1752 5262 1878 5315 fera:
1906 5272 2035 5315 sunt
2059 5276 2146 5313 re-

573 5352 778 5419 verita,
810 5355 912 5425 ipsi
952 5355 1110 5424 plane
1138 5356 1265 5409 caeci
1302 5354 1654 5409 interficiunt.
1690 5354 1783 5408 Ille
1814 5366 1996 5410 autem
2023 5370 2145 5409 cum

572 5440 764 5508 ab‘iis,
794 5448 884 5514 qui
925 5463 1051 5504 eum
1082 5447 1376 5512 ducebant,
1421 5448 1687 5503 militibus
1720 5451 1885 5502 breve
1926 5448 2146 5519 aliquod

574 5550 792 5608 tempus
821 5541 1068 5607 petiisset
1118 5541 1187 5595 ad
1222 5541 1554 5601 orationem,
1587 5550 1642 5595 et
1691 5542 1760 5595 ab
1816 5542 1923 5597 illis
1972 5545 2148 5613 impe-

577 5642 795 5696 trasset,
837 5631 903 5684 ad
937 5646 1095 5685 suum
1148 5635 1333 5687 statim
1379 5633 1665 5689 Dominum
1716 5645 1879 5689 totam
1909 5638 2145 5691 animam

576 5724 787 5777 extollit
812 5738 935 5778 cum
977 5724 1174 5778 oculis.
1211 5725 1435 5790 Deinde,
1488 5740 1611 5780 cum
1656 5729 1705 5781 ei
1748 5740 2056 5784 revocasset
2093 5733 2145 5785 in

580 5818 893 5870 memoriam
924 5832 1076 5873 suam
1116 5818 1647 5875 commiserationem
1694 5822 1759 5877 ad
1792 5839 1979 5880 eorum
2014 5841 2151 5894 quo.

2242 3252 2306 3287 πε
2318 3240 2369 3305 (it
2394 3236 2675 3304 τραπέζας
2698 3233 2810 3305 εἶχε
2837 3238 2930 3290 καὶ
2955 3238 3042 3290 τὸν
3069 3235 3273 3305 μεταξὺ
3300 3237 3481 3288 πάντα
3505 3236 3820 3304 καοουπαγιι

2241 3329 2433 3397 καιρὸν
2493 3328 2684 3399 ὥσπερ
2714 3331 2775 3382 οὑ
2803 3329 2976 3398 Θυμοῦ
3007 3330 3169 3399 μόνον
3192 3332 3286 3382 καὶ
3309 3329 3623 3401 ὠμότητος,
3676 3332 3816 3387 ἀλλὰ

2241 3421 2334 3473 καὶ
2372 3420 2565 3490 ἡδονῆς
2604 3418 2744 3474 εἶναι
2803 3421 3145 3490 βουλόμενος.

2319 3511 2419 3569 ΙΘ’.
2466 3514 2618 3565 Ἐπεὶ
2669 3514 2725 3567 δὲ
2774 3514 3045 3569 ἅπτεσθαι
3079 3516 3174 3568 καὶ
3213 3516 3374 3568 πάλιν
3424 3516 3548 3569 όδοῦ
3601 3517 3819 3586 ἔμελλε,

2241 3606 2334 3659 καὶ
2370 3604 2504 3672 πρὸς
2535 3606 2597 3657 τὸ
2653 3605 2954 3673 Ῥωσαφῶν
3012 3609 3274 3675 ὴπείγετο
3332 3608 3623 3678 φρούριον,
3660 3610 3742 3676 ἐφ’
3779 3604 3820 3675 ᾧ

2244 3698 2337 3748 καὶ
2368 3699 2467 3765 την
2500 3698 2679 3766 ἀρχὴν
2715 3699 2935 3767 ἀπορῶν
2968 3698 3215 3770 ὥρμητο,
3249 3703 3368 3762 ταῖς
3397 3704 3699 3772 προτέραις
3729 3704 3825 3756 αὖ-

2242 3791 2324 3854 Θις
2354 3791 2445 3843 τὸν
2473 3790 2714 3861 ἀθλητὴν
2747 3791 3023 3862 ὑποδήσας
3052 3797 3305 3863 κρηπῖσι,
3333 3794 3433 3862 τὴν
3466 3798 3579 3847 ἀπὸ
3611 3798 3826 3869 Τετρα⁹

2244 3885 2485 3951 πυργίας
2523 3883 2688 3952 μέχρι
2734 3884 3034 3951 Ῥωσαςῶν
3088 3886 3250 3938 αὑτὸν
3304 3886 3559 3953 ἤλαυνεν.
3632 3890 3720 3951 Ὠς
3771 3890 3826 3941 δὲ

2240 3979 2307 4045 τῇ
2341 3977 2477 4046 αὐτῇ
2512 3977 2673 4027 πάλιν
2706 3978 2922 4047 ἀνάγκη
2955 3977 3277 4038 παλαίοντα,
3315 3981 3414 4046 τὴν
3464 3978 3639 4048 αὐτὴν
3672 3980 3705 4049 ἢ
3734 3981 3828 4034 καὶ

2247 4068 2420 4139 μείζω
2453 4068 2752 4138 καρτερίαν
2800 4069 3249 4139 ἐπιδεικνύμενον
3281 4065 3388 4123 εἶδε
3420 4070 3514 4123 τόν
3546 4073 3825 4144 μάρτυρα,

2248 4164 2342 4215 καὶ
2389 4162 2490 4230 τὴν
2536 4163 2645 4214 ἀπὸ
2694 4163 2911 4232 Σουρῶν
2950 4165 3079 4233 ἄχρι
3146 4162 3448 4232 Ῥωσαφῶν
3502 4165 3631 4218 ὁδον
3692 4169 3831 4238 μετὰ

2244 4255 2353 4307 τῶν
2380 4255 2615 4323 σιδηρῶν
2649 4256 2930 4326 κρηπίδων
2955 4258 3180 4311 ἐκείνων
3203 4258 3434 4327 ἀπονητὶ
3462 4257 3826 4325 διανύσαντα,

2245 4348 2345 4415 τὴν
2397 4345 2702 4416 μεταϐολὴν
2775 4349 3125 4402 παντάπασιν
3177 4348 3474 4416 ἀπογνοὺς,
3526 4348 3674 4419 ξίφει
3732 4353 3830 4421 τὴν

2250 4440 2531 4511 μακαρίαν
2596 4438 2768 4493 αὑτοῦ
2832 4443 3077 4513 κεφαλὴν
3139 4442 3535 4513 ἀποτμηθῆναι
3591 4445 3827 4499 κελεύει.

2250 4540 2481 4607 Ἀγεται
2517 4538 2618 4609 μὶν
2648 4534 2741 4593 οὖν
2797 4541 2902 4593 ὑπὸ
2960 4541 3067 4593 τῶν
3114 4541 3214 4611 τῆς
3256 4542 3465 4605 τάξεως
3492 4542 3714 4607 λοιπὸν,
3741 4545 3830 4595 lxi

2244 4630 2335 4684 τὸν
2384 4632 2482 4699 τῆς
2530 4631 2871 4697 τελειώσεως
2928 4635 3146 4687 τόπονό
3180 4633 3412 4702 μάρτυς.
3477 4634 3726 4705 Ἀνδρῶν
3776 4638 3829 4690 δὲ

2246 4721 2380 4774 πολύ
2412 4739 2463 4775 τι
2492 4721 2699 4791 πλῆθος
2739 4724 2835 4777 καὶ⁵
2873 4721 3151 4790 γυναικῶν
3189 4724 3285 4777 καὶ
3328 4724 3549 4793 ἡλικίας
3584 4724 3826 4796 ἀπάσης,

2245 4814 2437 4883 ὥσπερ
2465 4818 2522 4866 ἐν
2551 4816 2730 4884 σκότῳ
2764 4816 2939 4883 φωτὸς
2970 4816 3049 4877 εις
3077 4814 3175 4885 τὴν
3197 4816 3351 4868 πόλιν
3378 4818 3825 4887 προηγουμένου.

2246 4906 2446 4970 πάντες
2507 4907 2915 4978 ἐπηκολούθουν
2969 4906 3110 4962 ὥστε
3183 4911 3597 4979 ἀγωνιζόμενον
3665 4914 3829 4967 αὐτὸν

2249 5001 2401 5065 ιδεϊν,
2442 5002 2534 5054 καὶ
2573 5001 2812 5055 νικῶντα
2864 5002 2957 5055 καὶ
3008 5003 3463 5071 στεφανούμενον.
3521 5005 3690 5058 Ἀλλὰ
3731 5006 3828 5059 καὶ

2246 5091 2409 5162 Θῆρες
2446 5092 2650 5161 ἄγριοι,
2680 5093 2930 5163 καθάπερ
2968 5110 3020 5145 τι
3077 5094 3341 5163 ἐρωτικὸν
3378 5096 3470 5147 καὶ
3504 5092 3655 5150 οὗτοι
3691 5100 3829 5167 1:943;

2244 5185 2335 5237 τὸν
2359 5186 2596 5255 ἀθλητὴν
2648 5188 2932 5250 παθόντες,
2982 5185 3094 5239 τῶν
3123 5189 3343 5239 οἰκείων
3366 5187 3686 5255 ἀπάραντες
3715 5208 3825 5258 φω-

2246 5275 2409 5338 λεῶν,
2450 5277 2673 5347 ἡμέρως
2734 5277 2899 5330 αὐτὸν
2935 5277 3029 5330 καὶ
3053 5278 3367 5346 προσηνῶς,
3424 5279 3823 5349 παρέπεμπον,

2247 5368 2452 5422 ἐκεῖνον
2493 5370 2591 5437 μὲν
2617 5369 2715 5439 τῆς
2753 5371 3035 5439 μακαρίας
3068 5369 3262 5438 ὥσπερ
3303 5371 3532 5438 πορείας
3562 5374 3828 5443 ἀποδεχό·

2259 5478 2438 5529 μενοι,
2477 5462 2605 5523 τοὺς
2631 5463 2848 5525 ἀσεϐεῖς
2896 5464 2951 5515 δὲ
2983 5463 3270 5532 πράγματι
3320 5462 3713 5535 διελέγχοντες.
3747 5467 3827 5518 ὅτι

2245 5553 2305 5607 ὃν
2337 5556 2432 5607 καί
2488 5554 2649 5624 θῆρες
2696 5556 3005 5625 ᾐδέσθησαν
3053 5557 3210 5609 αὐτοὶ
3241 5556 3363 5609 λίαν
3404 5560 3819 5626 τυφλώττοντες

2246 5647 2587 5717 ἀναιροῦσιν.
2632 5648 2692 5701 Ὀ
2726 5647 2782 5699 δὲ
2814 5649 2939 5709 τοὺς
2965 5648 3197 5716 ἄγοντας
3234 5654 3579 5720 στρατιώτας
3617 5649 3826 5723 βραχύν

2248 5755 2371 5792 τινα
2402 5738 2594 5806 καιρὸν
2620 5741 2700 5801 είς
2746 5742 3058 5811 προσευχὴν
3098 5744 3355 5811 αἰτήσας,
3392 5743 3487 5791 καὶ
3524 5741 3654 5815 παρ’
3681 5738 3827 5794 ἐκεί.

2260 5844 2365 5881 νων
2395 5828 2577 5879 λαϐὼν
2632 5828 2759 5899 ὅλην
2810 5831 2972 5897 εὐθὺς
3005 5833 3144 5900 πρὸς
3192 5832 3283 5883 τὸν
3312 5831 3508 5884 ἑαυτοῦ
3554 5832 3817 5902 δεσπόιην
