  <div class='ocr_page' id='page_1' title='image "/cluster/home/n/w/nwhite01/storage/ocr_20150623/115/ien.35556001659887/525.png"; bbox 0 0 3968 6446; ppageno 0'>
   <div class='ocr_carea' id='block_1_1' title="bbox 582 361 716 429">
    <p class='ocr_par' dir='ltr' id='par_1_1' title="bbox 582 361 716 429">
     <span class='ocr_line' id='line_1_1' title="bbox 582 361 716 429; baseline -0.03 0"><span class='ocrx_word' id='word_1_1' title='bbox 582 361 716 429; x_wconf 80' lang='grc'><strong>1031</strong></span> 
     </span>
    </p>
   </div>
   <div class='ocr_carea' id='block_1_2' title="bbox 1828 348 2560 422">
    <p class='ocr_par' dir='ltr' id='par_1_2' title="bbox 1828 348 2560 422">
     <span class='ocr_line' id='line_1_2' title="bbox 1828 348 2560 422; baseline -0.007 1"><span class='ocrx_word' id='word_1_2' title='bbox 1828 348 2155 422; x_wconf 68' lang='grc' dir='ltr'><strong>ΜΕΝδιδ</strong></span> <span class='ocrx_word' id='word_1_3' title='bbox 2194 356 2560 421; x_wconf 81' lang='lat' dir='ltr'><strong>OCTOBER.</strong></span> 
     </span>
    </p>
   </div>
   <div class='ocr_carea' id='block_1_3' title="bbox 3690 353 3811 418">
    <p class='ocr_par' dir='ltr' id='par_1_3' title="bbox 3690 353 3811 418">
     <span class='ocr_line' id='line_1_3' title="bbox 3690 353 3811 418; baseline 0 -1"><span class='ocrx_word' id='word_1_4' title='bbox 3690 353 3811 418; x_wconf 78' lang='lat'><strong>1032</strong></span> 
     </span>
    </p>
   </div>
   <div class='ocr_carea' id='block_1_4' title="bbox 577 461 2189 545">
    <p class='ocr_par' dir='ltr' id='par_1_4' title="bbox 577 471 2189 545">
     <span class='ocr_line' id='line_1_4' title="bbox 577 471 2189 545; baseline 0.001 -17"><span class='ocrx_word' id='word_1_5' title='bbox 577 471 999 542; x_wconf 77' lang='lat' dir='ltr'><strong>magniﬁcentia,</strong></span> <span class='ocrx_word' id='word_1_6' title='bbox 1026 488 1171 528; x_wconf 89' lang='lat' dir='ltr'><strong>nunc</strong></span> <span class='ocrx_word' id='word_1_7' title='bbox 1214 482 1270 529; x_wconf 86' lang='lat' dir='ltr'><strong>et</strong></span> <span class='ocrx_word' id='word_1_8' title='bbox 1303 487 1538 545; x_wconf 78' lang='lat' dir='ltr'><strong>semper,</strong></span> <span class='ocrx_word' id='word_1_9' title='bbox 1570 483 1626 527; x_wconf 88' lang='lat' dir='ltr'><strong>et</strong></span> <span class='ocrx_word' id='word_1_10' title='bbox 1657 472 1709 528; x_wconf 89' lang='lat' dir='ltr'><strong>in</strong></span> <span class='ocrx_word' id='word_1_11' title='bbox 1740 473 1932 531; x_wconf 62' lang='lat' dir='ltr'><strong>secula</strong></span> <span class='ocrx_word' id='word_1_12' title='bbox 1974 487 2148 527; x_wconf 78' lang='lat' dir='ltr'><strong>saecu-</strong></span> <span class='ocrx_word' id='word_1_13' title='bbox 2176 500 2189 530; x_wconf 58' lang='grc' dir='ltr'><em>Α</em></span> 
     </span>
    </p>
   </div>
   <div class='ocr_carea' id='block_1_5' title="bbox 2231 461 3811 545">
    <p class='ocr_par' dir='ltr' id='par_1_5' title="bbox 2250 461 3811 538">
     <span class='ocr_line' id='line_1_5' title="bbox 2250 461 3811 538; baseline -0.003 -18"><span class='ocrx_word' id='word_1_14' title='bbox 2250 466 2450 538; x_wconf 72' lang='grc' dir='ltr'>τυρικὰ</span> <span class='ocrx_word' id='word_1_15' title='bbox 2519 462 2814 519; x_wconf 74' lang='grc' dir='ltr'><strong>κατέθεντο</strong></span> <span class='ocrx_word' id='word_1_16' title='bbox 2865 461 3098 531; x_wconf 70' lang='grc' dir='ltr'>λείψανα</span> <span class='ocrx_word' id='word_1_17' title='bbox 3146 464 3223 528; x_wconf 81' lang='grc' dir='ltr'><strong>είς</strong></span> <span class='ocrx_word' id='word_1_18' title='bbox 3255 465 3412 529; x_wconf 82' lang='grc' dir='ltr'>δόξαν</span> <span class='ocrx_word' id='word_1_19' title='bbox 3443 463 3584 518; x_wconf 77' lang='grc' dir='ltr'>Θεοῦ</span> <span class='ocrx_word' id='word_1_20' title='bbox 3612 468 3811 535; x_wconf 81' lang='grc' dir='ltr'>Πατρος</span> 
     </span>
    </p>
   </div>
   <div class='ocr_carea' id='block_1_6' title="bbox 577 562 1006 618">
    <p class='ocr_par' dir='ltr' id='par_1_6' title="bbox 577 562 1006 618">
     <span class='ocr_line' id='line_1_6' title="bbox 577 562 1006 618; baseline 0.005 -3"><span class='ocrx_word' id='word_1_21' title='bbox 577 562 777 616; x_wconf 88' lang='lat' dir='ltr'><strong>lorum.</strong></span> <span class='ocrx_word' id='word_1_22' title='bbox 804 564 1006 618; x_wconf 91' lang='lat' dir='ltr'><strong>Amen.</strong></span> 
     </span>
    </p>
   </div>
   <div class='ocr_carea' id='block_1_7' title="bbox 2254 552 3805 627">
    <p class='ocr_par' dir='ltr' id='par_1_7' title="bbox 2254 552 3805 627">
     <span class='ocr_line' id='line_1_7' title="bbox 2254 552 3805 627; baseline -0.001 -17"><span class='ocrx_word' id='word_1_23' title='bbox 2254 562 2349 612; x_wconf 83' lang='grc' dir='ltr'><strong>καί</strong></span> <span class='ocrx_word' id='word_1_24' title='bbox 2381 559 2586 627; x_wconf 77' lang='grc' dir='ltr'><strong>Κυρίου</strong></span> <span class='ocrx_word' id='word_1_25' title='bbox 2619 558 2775 624; x_wconf 76' lang='grc' dir='ltr'><strong>ἡμῶν</strong></span> <span class='ocrx_word' id='word_1_26' title='bbox 2819 558 2998 623; x_wconf 87' lang='grc' dir='ltr'><strong>Ἰησοῦ</strong></span> <span class='ocrx_word' id='word_1_27' title='bbox 3047 557 3309 624; x_wconf 81' lang='grc' dir='ltr'><strong>Χριστοῦ,</strong></span> <span class='ocrx_word' id='word_1_28' title='bbox 3341 552 3385 624; x_wconf 81' lang='grc' dir='ltr'>ᾧ</span> <span class='ocrx_word' id='word_1_29' title='bbox 3431 560 3643 627; x_wconf 77' lang='grc' dir='ltr'>πρέπει</span> <span class='ocrx_word' id='word_1_30' title='bbox 3664 558 3805 625; x_wconf 73' lang='grc' dir='ltr'>τιμὴ,</span> 
     </span>
    </p>
   </div>
   <div class='ocr_carea' id='block_1_8' title="bbox 2253 648 3805 719">
    <p class='ocr_par' dir='ltr' id='par_1_8' title="bbox 2253 648 3805 719">
     <span class='ocr_line' id='line_1_8' title="bbox 2253 648 3805 719; baseline 0.001 -19"><span class='ocrx_word' id='word_1_31' title='bbox 2253 648 2479 719; x_wconf 83' lang='grc' dir='ltr'>κράτος,</span> <span class='ocrx_word' id='word_1_32' title='bbox 2538 649 2894 718; x_wconf 79' lang='grc' dir='ltr'><strong>μεγαλωσύνη</strong></span> <span class='ocrx_word' id='word_1_33' title='bbox 2944 665 3006 700; x_wconf 79' lang='grc' dir='ltr'><strong>τε</strong></span> <span class='ocrx_word' id='word_1_34' title='bbox 3061 651 3155 701; x_wconf 73' lang='grc' dir='ltr'>καὶ</span> <span class='ocrx_word' id='word_1_35' title='bbox 3212 648 3687 719; x_wconf 74' lang='grc' dir='ltr'><strong>μεγαλοπρέπεια,</strong></span> <span class='ocrx_word' id='word_1_36' title='bbox 3722 650 3805 701; x_wconf 73' lang='grc' dir='ltr'><strong>νῦν</strong></span> 
     </span>
    </p>
   </div>
   <div class='ocr_carea' id='block_1_9' title="bbox 2252 739 3741 808">
    <p class='ocr_par' dir='ltr' id='par_1_9' title="bbox 2252 739 3741 808">
     <span class='ocr_line' id='line_1_9' title="bbox 2252 739 3741 808; baseline 0 -17"><span class='ocrx_word' id='word_1_37' title='bbox 2252 742 2349 792; x_wconf 74' lang='grc' dir='ltr'>καὶ</span> <span class='ocrx_word' id='word_1_38' title='bbox 2372 739 2480 802; x_wconf 76' lang='grc' dir='ltr'>ἀεὶ,</span> <span class='ocrx_word' id='word_1_39' title='bbox 2514 741 2609 791; x_wconf 71' lang='grc' dir='ltr'>καὶ</span> <span class='ocrx_word' id='word_1_40' title='bbox 2641 740 2720 802; x_wconf 85' lang='grc' dir='ltr'><strong>είς</strong></span> <span class='ocrx_word' id='word_1_41' title='bbox 2747 740 2873 802; x_wconf 80' lang='grc' dir='ltr'>τοὺς</span> <span class='ocrx_word' id='word_1_42' title='bbox 2900 739 3106 801; x_wconf 82' lang='grc' dir='ltr'><strong>αἰῶνας</strong></span> <span class='ocrx_word' id='word_1_43' title='bbox 3130 739 3241 791; x_wconf 83' lang='grc' dir='ltr'><strong>τῶν</strong></span> <span class='ocrx_word' id='word_1_44' title='bbox 3271 740 3504 792; x_wconf 82' lang='grc' dir='ltr'><strong>αἰώνων.</strong></span> <span class='ocrx_word' id='word_1_45' title='bbox 3548 741 3741 808; x_wconf 74' lang='grc' dir='ltr'><strong>Ἀμήν.</strong></span> 
     </span>
    </p>
   </div>
   <div class='ocr_carea' id='block_1_10' title="bbox 581 916 3788 947">
    <p class='ocr_par' dir='ltr' id='par_1_10' title="bbox 581 916 3788 947">
     <span class='ocr_line' id='line_1_10' title="bbox 581 916 3788 947; baseline 0.002 -6"><span class='ocrx_word' id='word_1_46' title='bbox 581 916 3788 947; x_wconf 67' lang='lat' dir='ltr'><em>W</em></span> 
     </span>
    </p>
   </div>
   <div class='ocr_carea' id='block_1_11' title="bbox 898 1088 3502 1207">
    <p class='ocr_par' dir='ltr' id='par_1_11' title="bbox 898 1088 3502 1207">
     <span class='ocr_line' id='line_1_11' title="bbox 898 1088 3502 1207; baseline 0.002 -6"><span class='ocrx_word' id='word_1_47' title='bbox 898 1090 1657 1203; x_wconf 83' lang='lat' dir='ltr'><strong>CERTAMEN</strong></span> <span class='ocrx_word' id='word_1_48' title='bbox 1762 1088 1881 1199; x_wconf 89' lang='lat' dir='ltr'><strong>S.</strong></span> <span class='ocrx_word' id='word_1_49' title='bbox 1968 1090 2663 1204; x_wconf 84' lang='lat' dir='ltr'><strong>DEMETRII</strong></span> <span class='ocrx_word' id='word_1_50' title='bbox 2751 1093 3502 1207; x_wconf 84' lang='lat' dir='ltr'><strong>MARTYRIS</strong></span> 
     </span>
    </p>
   </div>
   <div class='ocr_carea' id='block_1_12' title="bbox 1623 1310 2755 1371">
    <p class='ocr_par' dir='ltr' id='par_1_12' title="bbox 1623 1310 2755 1371">
     <span class='ocr_line' id='line_1_12' title="bbox 1623 1310 2755 1371; baseline 0.004 -5"><span class='ocrx_word' id='word_1_51' title='bbox 1623 1310 2171 1368; x_wconf 67' lang='lat' dir='ltr'><strong>THESSAL‘ONICE</strong></span> <span class='ocrx_word' id='word_1_52' title='bbox 2214 1313 2283 1369; x_wconf 80' lang='lat' dir='ltr'><strong>IN</strong></span> <span class='ocrx_word' id='word_1_53' title='bbox 2339 1312 2755 1371; x_wconf 78' lang='lat' dir='ltr'><strong>MACEDONIA.</strong></span> 
     </span>
    </p>
   </div>
   <div class='ocr_carea' id='block_1_13' title="bbox 656 1644 3804 1727">
    <p class='ocr_par' dir='ltr' id='par_1_13' title="bbox 656 1644 3804 1727">
     <span class='ocr_line' id='line_1_13' title="bbox 656 1644 3804 1727; baseline 0.001 -17"><span class='ocrx_word' id='word_1_54' title='bbox 656 1651 855 1710; x_wconf 87' lang='lat' dir='ltr'><strong>Tomo</strong></span> <span class='ocrx_word' id='word_1_55' title='bbox 892 1645 1333 1727; x_wconf 34' lang='lat' dir='ltr'><strong>sequentitin</strong></span> <span class='ocrx_word' id='word_1_56' title='bbox 1405 1645 1855 1727; x_wconf 56' lang='lat' dir='ltr'><strong>Supplementa</strong></span> <span class='ocrx_word' id='word_1_57' title='bbox 1883 1644 1965 1727; x_wconf 67' lang='lat' dir='ltr'><strong>ad</strong></span> <span class='ocrx_word' id='word_1_58' title='bbox 2024 1645 2530 1727; x_wconf 68' lang='lat' dir='ltr'><strong>Metaphrastem,</strong></span> <span class='ocrx_word' id='word_1_59' title='bbox 2582 1656 2826 1709; x_wconf 77' lang='lat' dir='ltr'><strong>exstant</strong></span> <span class='ocrx_word' id='word_1_60' title='bbox 2886 1648 3279 1712; x_wconf 83' lang='lat' dir='ltr'><strong>celeberrimi</strong></span> <span class='ocrx_word' id='word_1_61' title='bbox 3336 1653 3631 1727; x_wconf 78' lang='lat' dir='ltr'><strong>martyris</strong></span> <span class='ocrx_word' id='word_1_62' title='bbox 3672 1657 3804 1713; x_wconf 80' lang='lat' dir='ltr'><strong>Acta</strong></span> 
     </span>
    </p>
   </div>
   <div class='ocr_carea' id='block_1_14' title="bbox 579 1721 3807 1810">
    <p class='ocr_par' dir='ltr' id='par_1_14' title="bbox 579 1721 3807 1810">
     <span class='ocr_line' id='line_1_14' title="bbox 579 1721 3807 1810; baseline 0.001 -22"><span class='ocrx_word' id='word_1_63' title='bbox 579 1729 742 1810; x_wconf 66' lang='lat' dir='ltr'><strong>varia</strong></span> <span class='ocrx_word' id='word_1_64' title='bbox 789 1745 819 1787; x_wconf 75' lang='grc' dir='ltr'><strong>δ</strong></span> <span class='ocrx_word' id='word_1_65' title='bbox 868 1721 1175 1810; x_wconf 47' lang='lat' dir='ltr'><strong>_Co_r:nelio_</strong></span> <span class='ocrx_word' id='word_1_66' title='bbox 1217 1725 1381 1785; x_wconf 72' lang='grc' dir='ltr'><strong>Βίαιο</strong></span> <span class='ocrx_word' id='word_1_67' title='bbox 1415 1721 1765 1810; x_wconf 26' lang='lat' dir='ltr'><strong>in‘Octobri</strong></span> <span class='ocrx_word' id='word_1_68' title='bbox 1822 1721 2240 1810; x_wconf 68' lang='lat' dir='ltr'><strong>Bollandiano</strong></span> <span class='ocrx_word' id='word_1_69' title='bbox 2297 1728 2371 1787; x_wconf 84' lang='lat' dir='ltr'><strong>ad</strong></span> <span class='ocrx_word' id='word_1_70' title='bbox 2429 1728 2591 1810; x_wconf 84' lang='lat' dir='ltr'><strong>diem</strong></span> <span class='ocrx_word' id='word_1_71' title='bbox 2645 1727 3013 1810; x_wconf 9' lang='lat' dir='ltr'><strong>87eollecla.</strong></span> <span class='ocrx_word' id='word_1_72' title='bbox 3074 1730 3241 1810; x_wconf 80' lang='lat' dir='ltr'><strong>lnth</strong></span> <span class='ocrx_word' id='word_1_73' title='bbox 3293 1746 3362 1789; x_wconf 82' lang='lat' dir='ltr'><strong>ea</strong></span> <span class='ocrx_word' id='word_1_74' title='bbox 3395 1721 3622 1810; x_wconf 76' lang='lat' dir='ltr'><strong>legitur</strong></span> <span class='ocrx_word' id='word_1_75' title='bbox 3658 1749 3807 1807; x_wconf 79' lang='lat' dir='ltr'><strong>Opus</strong></span> 
     </span>
    </p>
   </div>
   <div class='ocr_carea' id='block_1_15' title="bbox 581 1802 3807 1886">
    <p class='ocr_par' dir='ltr' id='par_1_15' title="bbox 581 1802 3807 1886">
     <span class='ocr_line' id='line_1_15' title="bbox 581 1802 3807 1886; baseline 0.001 -18"><span class='ocrx_word' id='word_1_76' title='bbox 581 1806 917 1883; x_wconf 79' lang='lat' dir='ltr'><strong>Symeonis</strong></span> <span class='ocrx_word' id='word_1_77' title='bbox 954 1802 1384 1886; x_wconf 71' lang='lat' dir='ltr'><strong>Metaphrastm</strong></span> <span class='ocrx_word' id='word_1_78' title='bbox 1421 1803 1588 1886; x_wconf 86' lang='lat' dir='ltr'><strong>quod</strong></span> <span class='ocrx_word' id='word_1_79' title='bbox 1618 1802 1739 1886; x_wconf 18' lang='lat' dir='ltr'><strong>tibi</strong></span> <span class='ocrx_word' id='word_1_80' title='bbox 1786 1802 2059 1875; x_wconf 79' lang='lat' dir='ltr'><strong>videsis;</strong></span> <span class='ocrx_word' id='word_1_81' title='bbox 2100 1805 2590 1865; x_wconf 72' lang='lat' dir='ltr'><strong>commentarius</strong></span> <span class='ocrx_word' id='word_1_82' title='bbox 2622 1807 3011 1868; x_wconf 78' lang='lat' dir='ltr'><strong>euimAclis</strong></span> <span class='ocrx_word' id='word_1_83' title='bbox 3069 1808 3130 1867; x_wconf 91' lang='lat' dir='ltr'><strong>S.</strong></span> <span class='ocrx_word' id='word_1_84' title='bbox 3181 1802 3483 1867; x_wconf 67' lang='lat' dir='ltr'><strong>Demetrii</strong></span> <span class='ocrx_word' id='word_1_85' title='bbox 3528 1802 3807 1886; x_wconf 49' lang='lat' dir='ltr'><strong>prinﬁ&#39;xus</strong></span> 
     </span>
    </p>
   </div>
   <div class='ocr_carea' id='block_1_16' title="bbox 588 1878 1682 1962">
    <p class='ocr_par' dir='ltr' id='par_1_16' title="bbox 588 1878 1682 1962">
     <span class='ocr_line' id='line_1_16' title="bbox 588 1878 1682 1962; baseline -0.006 -17"><span class='ocrx_word' id='word_1_86' title='bbox 588 1878 825 1962; x_wconf 66' lang='lat' dir='ltr'><strong>partem</strong></span> <span class='ocrx_word' id='word_1_87' title='bbox 874 1900 907 1942; x_wconf 90' lang='lat' dir='ltr'><strong>a</strong></span> <span class='ocrx_word' id='word_1_88' title='bbox 962 1888 1094 1942; x_wconf 90' lang='lat' dir='ltr'><strong>toto</strong></span> <span class='ocrx_word' id='word_1_89' title='bbox 1122 1878 1303 1940; x_wconf 75' lang='lat' dir='ltr'><strong>avelli</strong></span> <span class='ocrx_word' id='word_1_90' title='bbox 1351 1878 1477 1941; x_wconf 84' lang='lat' dir='ltr'><strong>non</strong></span> <span class='ocrx_word' id='word_1_91' title='bbox 1510 1878 1682 1939; x_wconf 81' lang='lat' dir='ltr'><strong>sinit.</strong></span> 
     </span>
    </p>
   </div>
   <div class='ocr_carea' id='block_1_17' title="bbox 586 2026 3799 2063">
    <p class='ocr_par' dir='ltr' id='par_1_17' title="bbox 586 2026 3799 2063">
     <span class='ocr_line' id='line_1_17' title="bbox 586 2026 3799 2063; baseline -0.001 0"><span class='ocrx_word' id='word_1_92' title='bbox 586 2026 3799 2063; x_wconf 50' lang='grc' dir='ltr'>Μ</span> 
     </span>
    </p>
   </div>
   <div class='ocr_carea' id='block_1_18' title="bbox 3608 2050 3800 2063">
    <p class='ocr_par' dir='ltr' id='par_1_18' title="bbox 3608 2050 3800 2063">
     <span class='ocr_line' id='line_1_18' title="bbox 3608 2050 3800 2063; baseline 0.01 -5"><span class='ocrx_word' id='word_1_93' title='bbox 3608 2050 3800 2063; x_wconf 65' lang='grc' dir='ltr'><strong>-ν-</strong></span> 
     </span>
    </p>
   </div>
   <div class='ocr_carea' id='block_1_19' title="bbox 1458 2102 2967 2225">
    <p class='ocr_par' dir='ltr' id='par_1_19' title="bbox 1458 2102 2967 2225">
     <span class='ocr_line' id='line_1_19' title="bbox 1458 2102 2967 2225; baseline -0.003 -3"><span class='ocrx_word' id='word_1_94' title='bbox 1458 2108 1817 2225; x_wconf 88' lang='grc' dir='ltr'><strong>ΒΙΟΣ</strong></span> <span class='ocrx_word' id='word_1_95' title='bbox 1873 2110 2155 2223; x_wconf 84' lang='grc' dir='ltr'><strong>ΚΑΙ</strong></span> <span class='ocrx_word' id='word_1_96' title='bbox 2214 2102 2967 2223; x_wconf 87' lang='grc' dir='ltr'><strong>ΠΟΛΙΤΕΙΑ</strong></span> 
     </span>
    </p>
   </div>
   <div class='ocr_carea' id='block_1_20' title="bbox 986 2274 2189 2368">
    <p class='ocr_par' dir='ltr' id='par_1_20' title="bbox 986 2274 2189 2361">
     <span class='ocr_line' id='line_1_20' title="bbox 986 2274 2189 2361; baseline -0.002 0"><span class='ocrx_word' id='word_1_97' title='bbox 986 2274 1218 2361; x_wconf 86' lang='grc' dir='ltr'><strong>ΤΟΥ</strong></span> <span class='ocrx_word' id='word_1_98' title='bbox 1292 2278 1437 2361; x_wconf 87' lang='lat' dir='ltr'><strong>EN</strong></span> <span class='ocrx_word' id='word_1_99' title='bbox 1514 2275 1889 2360; x_wconf 88' lang='grc' dir='ltr'><strong>ΑΓΙΟΙΣ</strong></span> <span class='ocrx_word' id='word_1_100' title='bbox 1967 2276 2189 2361; x_wconf 89' lang='grc' dir='ltr'>ΠΑΤ</span> 
     </span>
    </p>
   </div>
   <div class='ocr_carea' id='block_1_21' title="bbox 2231 2274 3505 2368">
    <p class='ocr_par' dir='ltr' id='par_1_21' title="bbox 2231 2276 3505 2368">
     <span class='ocr_line' id='line_1_21' title="bbox 2231 2276 3505 2368; baseline 0.005 -9"><span class='ocrx_word' id='word_1_101' title='bbox 2231 2276 2405 2360; x_wconf 55' lang='grc' dir='ltr'><strong>ΡΟΣ</strong></span> <span class='ocrx_word' id='word_1_102' title='bbox 2483 2277 2654 2359; x_wconf 89' lang='lat' dir='ltr'>HM</span> <span class='ocrx_word' id='word_1_103' title='bbox 2662 2278 2812 2363; x_wconf 84' lang='grc' dir='ltr'><strong>ΩΝ</strong></span> <span class='ocrx_word' id='word_1_104' title='bbox 2890 2276 3505 2368; x_wconf 84' lang='grc' dir='ltr'><strong>ΔΙΟΝΥΣΙοΥ</strong></span> 
     </span>
    </p>
   </div>
   <div class='ocr_carea' id='block_1_22' title="bbox 1484 2396 2952 2462">
    <p class='ocr_par' dir='ltr' id='par_1_22' title="bbox 1484 2396 2952 2462">
     <span class='ocr_line' id='line_1_22' title="bbox 1484 2396 2952 2462; baseline 0.003 -9"><span class='ocrx_word' id='word_1_105' title='bbox 1484 2398 1889 2453; x_wconf 78' lang='grc' dir='ltr'><strong>ΕΠΙΣΚΟΠΟΥ</strong></span> <span class='ocrx_word' id='word_1_106' title='bbox 1925 2396 2229 2462; x_wconf 77' lang='grc' dir='ltr'><strong>ΑΘΗΝΩΝ,</strong></span> <span class='ocrx_word' id='word_1_107' title='bbox 2261 2396 2400 2452; x_wconf 84' lang='grc' dir='ltr'><strong>ΤΟΥ</strong></span> <span class='ocrx_word' id='word_1_108' title='bbox 2425 2399 2952 2458; x_wconf 75' lang='grc' dir='ltr'><strong>ΔΡΕΙΟΠΑΓΠὈΥ.</strong></span> 
     </span>
    </p>
   </div>
   <div class='ocr_carea' id='block_1_23' title="bbox 1423 2615 2969 2723">
    <p class='ocr_par' dir='ltr' id='par_1_23' title="bbox 1423 2615 2969 2723">
     <span class='ocr_line' id='line_1_23' title="bbox 1423 2615 2969 2723; baseline -0.003 0"><span class='ocrx_word' id='word_1_109' title='bbox 1423 2615 1739 2723; x_wconf 81' lang='lat' dir='ltr'><strong>VITA</strong></span> <span class='ocrx_word' id='word_1_110' title='bbox 1810 2617 1975 2718; x_wconf 88' lang='lat' dir='ltr'><strong>ET</strong></span> <span class='ocrx_word' id='word_1_111' title='bbox 2051 2615 2969 2723; x_wconf 81' lang='lat' dir='ltr'><strong>CONVERSATIO</strong></span> 
     </span>
    </p>
   </div>
   <div class='ocr_carea' id='block_1_24' title="bbox 1241 2783 3181 2875">
    <p class='ocr_par' dir='ltr' id='par_1_24' title="bbox 1241 2783 3181 2875">
     <span class='ocr_line' id='line_1_24' title="bbox 1241 2783 3181 2875; baseline 0.001 -2"><span class='ocrx_word' id='word_1_112' title='bbox 1241 2785 1665 2875; x_wconf 64' lang='lat' dir='ltr'><strong>SANCT&#39;I</strong></span> <span class='ocrx_word' id='word_1_113' title='bbox 1740 2783 2291 2873; x_wconf 84' lang='lat' dir='ltr'><strong>DlONYSll</strong></span> <span class='ocrx_word' id='word_1_114' title='bbox 2379 2787 2515 2869; x_wconf 81' lang='lat' dir='ltr'><strong>AR</strong></span> <span class='ocrx_word' id='word_1_115' title='bbox 2548 2785 3181 2875; x_wconf 69' lang='grc' dir='ltr'><strong>ΕΟΡᾹΟΙΤᾹΞ</strong></span> 
     </span>
    </p>
   </div>
   <div class='ocr_carea' id='block_1_25' title="bbox 1736 2913 2565 2970">
    <p class='ocr_par' dir='ltr' id='par_1_25' title="bbox 1736 2913 2565 2970">
     <span class='ocr_line' id='line_1_25' title="bbox 1736 2913 2565 2970; baseline 0.001 -1"><span class='ocrx_word' id='word_1_116' title='bbox 1736 2913 2046 2969; x_wconf 82' lang='lat' dir='ltr'><strong>EPISCOPI</strong></span> <span class='ocrx_word' id='word_1_117' title='bbox 2087 2914 2565 2970; x_wconf 79' lang='lat' dir='ltr'><strong>ATHENIENSIS.</strong></span> 
     </span>
    </p>
   </div>
   <div class='ocr_carea' id='block_1_26' title="bbox 1650 3011 2694 3076">
    <p class='ocr_par' dir='ltr' id='par_1_26' title="bbox 1650 3011 2694 3076">
     <span class='ocr_line' id='line_1_26' title="bbox 1650 3011 2694 3076; baseline 0 -11"><span class='ocrx_word' id='word_1_118' title='bbox 1650 3014 1797 3076; x_wconf 89' lang='lat' dir='ltr'><strong>(Opp.</strong></span> <span class='ocrx_word' id='word_1_119' title='bbox 1830 3011 2050 3070; x_wconf 76' lang='lat' dir='ltr'><strong>Dionysii</strong></span> <span class='ocrx_word' id='word_1_120' title='bbox 2079 3015 2283 3075; x_wconf 73' lang='lat' dir='ltr'><strong>Areop.,</strong></span> <span class='ocrx_word' id='word_1_121' title='bbox 2316 3020 2349 3062; x_wconf 92' lang='lat' dir='ltr'><strong>t.</strong></span> <span class='ocrx_word' id='word_1_122' title='bbox 2378 3012 2439 3073; x_wconf 85' lang='lat' dir='ltr'><strong>ll,</strong></span> <span class='ocrx_word' id='word_1_123' title='bbox 2480 3028 2525 3076; x_wconf 87' lang='grc' dir='ltr'><strong>ρ.</strong></span> <span class='ocrx_word' id='word_1_124' title='bbox 2564 3014 2694 3076; x_wconf 81' lang='grc'><strong>589.)</strong></span> 
     </span>
    </p>
   </div>
   <div class='ocr_carea' id='block_1_27' title="bbox 639 3173 2189 3259">
    <p class='ocr_par' dir='ltr' id='par_1_27' title="bbox 639 3186 2189 3259">
     <span class='ocr_line' id='line_1_27' title="bbox 639 3186 2189 3259; baseline -0.003 -12"><span class='ocrx_word' id='word_1_125' title='bbox 639 3191 780 3247; x_wconf 90' lang='lat' dir='ltr'><strong>Olim</strong></span> <span class='ocrx_word' id='word_1_126' title='bbox 828 3189 1047 3259; x_wconf 82' lang='lat' dir='ltr'><strong>quidem</strong></span> <span class='ocrx_word' id='word_1_127' title='bbox 1086 3187 1218 3243; x_wconf 84' lang='lat' dir='ltr'><strong>lides</strong></span> <span class='ocrx_word' id='word_1_128' title='bbox 1258 3187 1362 3243; x_wconf 86' lang='lat' dir='ltr'><strong>sita</strong></span> <span class='ocrx_word' id='word_1_129' title='bbox 1399 3195 1515 3243; x_wconf 87' lang='lat' dir='ltr'><strong>erat</strong></span> <span class='ocrx_word' id='word_1_130' title='bbox 1564 3186 1620 3241; x_wconf 89' lang='lat' dir='ltr'><strong>in</strong></span> <span class='ocrx_word' id='word_1_131' title='bbox 1669 3186 1874 3257; x_wconf 89' lang='lat' dir='ltr'><strong>ﬁguris,</strong></span> <span class='ocrx_word' id='word_1_132' title='bbox 1904 3196 1957 3241; x_wconf 87' lang='lat' dir='ltr'><strong>et</strong></span> <span class='ocrx_word' id='word_1_133' title='bbox 1996 3191 2125 3243; x_wconf 79' lang='lat' dir='ltr'><strong>teni-</strong></span> <span class='ocrx_word' id='word_1_134' title='bbox 2165 3197 2189 3250; x_wconf 74' lang='grc' dir='ltr'><strong>ε</strong></span> 
     </span>
    </p>
   </div>
   <div class='ocr_carea' id='block_1_28' title="bbox 2231 3173 3803 3259">
    <p class='ocr_par' dir='ltr' id='par_1_28' title="bbox 2306 3173 3803 3251">
     <span class='ocr_line' id='line_1_28' title="bbox 2306 3173 3803 3251; baseline -0.007 -16"><span class='ocrx_word' id='word_1_135' title='bbox 2306 3183 2474 3235; x_wconf 80' lang='grc' dir='ltr'><strong>Πάλαι</strong></span> <span class='ocrx_word' id='word_1_136' title='bbox 2511 3181 2606 3250; x_wconf 81' lang='grc' dir='ltr'>μὲν</span> <span class='ocrx_word' id='word_1_137' title='bbox 2636 3181 2692 3231; x_wconf 74' lang='grc' dir='ltr'><strong>ἓν</strong></span> <span class='ocrx_word' id='word_1_138' title='bbox 2715 3178 2902 3241; x_wconf 83' lang='grc' dir='ltr'><strong>τύποις</strong></span> <span class='ocrx_word' id='word_1_139' title='bbox 2928 3173 2992 3248; x_wconf 80' lang='grc' dir='ltr'><strong>ἦν</strong></span> <span class='ocrx_word' id='word_1_140' title='bbox 3018 3177 3081 3231; x_wconf 88' lang='grc' dir='ltr'><strong>τὰ</strong></span> <span class='ocrx_word' id='word_1_141' title='bbox 3114 3178 3212 3248; x_wconf 81' lang='grc' dir='ltr'>τῆς</span> <span class='ocrx_word' id='word_1_142' title='bbox 3247 3179 3481 3243; x_wconf 81' lang='grc' dir='ltr'>πίστεως</span> <span class='ocrx_word' id='word_1_143' title='bbox 3514 3183 3604 3234; x_wconf 80' lang='grc' dir='ltr'><strong>καὶ</strong></span> <span class='ocrx_word' id='word_1_144' title='bbox 3632 3186 3803 3251; x_wconf 79' lang='grc' dir='ltr'>αἱνίγ-</span> 
     </span>
    </p>
   </div>
   <div class='ocr_carea' id='block_1_29' title="bbox 571 3276 2128 3355">
    <p class='ocr_par' dir='ltr' id='par_1_29' title="bbox 571 3276 2128 3355">
     <span class='ocr_line' id='line_1_29' title="bbox 571 3276 2128 3355; baseline -0.002 -18"><span class='ocrx_word' id='word_1_145' title='bbox 571 3283 875 3355; x_wconf 89' lang='lat' dir='ltr'><strong>gmatibus,</strong></span> <span class='ocrx_word' id='word_1_146' title='bbox 919 3289 975 3335; x_wconf 90' lang='lat' dir='ltr'><strong>et</strong></span> <span class='ocrx_word' id='word_1_147' title='bbox 1015 3283 1160 3334; x_wconf 90' lang='lat' dir='ltr'><strong>nube</strong></span> <span class='ocrx_word' id='word_1_148' title='bbox 1190 3278 1394 3333; x_wconf 66' lang='lat' dir='ltr'><strong>umbrae</strong></span> <span class='ocrx_word' id='word_1_149' title='bbox 1428 3280 1571 3332; x_wconf 87' lang='lat' dir='ltr'><strong>tecta</strong></span> <span class='ocrx_word' id='word_1_150' title='bbox 1594 3287 1710 3329; x_wconf 86' lang='lat' dir='ltr'><strong>erat</strong></span> <span class='ocrx_word' id='word_1_151' title='bbox 1746 3279 1837 3328; x_wconf 78' lang='lat' dir='ltr'><strong>lux</strong></span> <span class='ocrx_word' id='word_1_152' title='bbox 1863 3276 2128 3333; x_wconf 79' lang='lat' dir='ltr'><strong>veritatis.</strong></span> 
     </span>
    </p>
   </div>
   <div class='ocr_carea' id='block_1_30' title="bbox 571 3366 2129 3440">
    <p class='ocr_par' dir='ltr' id='par_1_30' title="bbox 571 3366 2129 3440">
     <span class='ocr_line' id='line_1_30' title="bbox 571 3366 2129 3440; baseline -0.003 -14"><span class='ocrx_word' id='word_1_153' title='bbox 571 3372 865 3440; x_wconf 86' lang='lat' dir='ltr'><strong>Postquam</strong></span> <span class='ocrx_word' id='word_1_154' title='bbox 899 3377 1077 3422; x_wconf 87' lang='lat' dir='ltr'><strong>autem</strong></span> <span class='ocrx_word' id='word_1_155' title='bbox 1111 3376 1313 3420; x_wconf 64' lang='lat' dir='ltr'><strong>nostrae</strong></span> <span class='ocrx_word' id='word_1_156' title='bbox 1355 3366 1547 3421; x_wconf 87' lang='lat' dir='ltr'><strong>salutis</strong></span> <span class='ocrx_word' id='word_1_157' title='bbox 1572 3379 1824 3434; x_wconf 86' lang='lat' dir='ltr'><strong>magnum</strong></span> <span class='ocrx_word' id='word_1_158' title='bbox 1853 3379 2129 3435; x_wconf 83' lang='lat' dir='ltr'><strong>peractum</strong></span> 
     </span>
    </p>
   </div>
   <div class='ocr_carea' id='block_1_31' title="bbox 572 3455 2127 3531">
    <p class='ocr_par' dir='ltr' id='par_1_31' title="bbox 572 3455 2127 3531">
     <span class='ocr_line' id='line_1_31' title="bbox 572 3455 2127 3531; baseline -0.004 -15"><span class='ocrx_word' id='word_1_159' title='bbox 572 3462 674 3516; x_wconf 76' lang='lat' dir='ltr'><strong>fuit</strong></span> <span class='ocrx_word' id='word_1_160' title='bbox 705 3459 1044 3531; x_wconf 85' lang='lat' dir='ltr'><strong>mysterium,</strong></span> <span class='ocrx_word' id='word_1_161' title='bbox 1077 3464 1131 3511; x_wconf 90' lang='lat' dir='ltr'><strong>et</strong></span> <span class='ocrx_word' id='word_1_162' title='bbox 1161 3457 1251 3526; x_wconf 91' lang='lat' dir='ltr'><strong>qui</strong></span> <span class='ocrx_word' id='word_1_163' title='bbox 1286 3455 1440 3510; x_wconf 78' lang='lat' dir='ltr'><strong>ﬁnxit</strong></span> <span class='ocrx_word' id='word_1_164' title='bbox 1487 3456 1801 3524; x_wconf 79' lang='lat' dir='ltr'><strong>singulatim</strong></span> <span class='ocrx_word' id='word_1_165' title='bbox 1830 3456 1993 3510; x_wconf 88' lang='lat' dir='ltr'><strong>corda</strong></span> <span class='ocrx_word' id='word_1_166' title='bbox 2027 3472 2127 3511; x_wconf 90' lang='lat' dir='ltr'><strong>no-</strong></span> 
     </span>
    </p>
   </div>
   <div class='ocr_carea' id='block_1_32' title="bbox 571 3546 2129 3620">
    <p class='ocr_par' dir='ltr' id='par_1_32' title="bbox 571 3546 2129 3620">
     <span class='ocr_line' id='line_1_32' title="bbox 571 3546 2129 3620; baseline -0.005 -12"><span class='ocrx_word' id='word_1_167' title='bbox 571 3563 707 3615; x_wconf 86' lang='lat' dir='ltr'><strong>stra,</strong></span> <span class='ocrx_word' id='word_1_168' title='bbox 748 3565 859 3605; x_wconf 68' lang='lat' dir='ltr'><strong>suae</strong></span> <span class='ocrx_word' id='word_1_169' title='bbox 907 3549 1265 3620; x_wconf 76' lang='lat' dir='ltr'><strong>benignitatis</strong></span> <span class='ocrx_word' id='word_1_170' title='bbox 1308 3548 1362 3600; x_wconf 91' lang='lat' dir='ltr'><strong>in</strong></span> <span class='ocrx_word' id='word_1_171' title='bbox 1408 3561 1507 3599; x_wconf 92' lang='lat' dir='ltr'><strong>nos</strong></span> <span class='ocrx_word' id='word_1_172' title='bbox 1548 3546 1945 3608; x_wconf 84' lang='lat' dir='ltr'><strong>misericordia,</strong></span> <span class='ocrx_word' id='word_1_173' title='bbox 1990 3549 2129 3601; x_wconf 88' lang='lat' dir='ltr'><strong>citra</strong></span> 
     </span>
    </p>
   </div>
   <div class='ocr_carea' id='block_1_33' title="bbox 571 3638 2131 3713">
    <p class='ocr_par' dir='ltr' id='par_1_33' title="bbox 571 3638 2131 3713">
     <span class='ocr_line' id='line_1_33' title="bbox 571 3638 2131 3713; baseline -0.001 -17"><span class='ocrx_word' id='word_1_174' title='bbox 571 3650 856 3713; x_wconf 79' lang='lat' dir='ltr'><strong>peccatum</strong></span> <span class='ocrx_word' id='word_1_175' title='bbox 885 3648 1047 3694; x_wconf 86' lang='lat' dir='ltr'><strong>natus</strong></span> <span class='ocrx_word' id='word_1_176' title='bbox 1083 3648 1167 3693; x_wconf 89' lang='lat' dir='ltr'><strong>est</strong></span> <span class='ocrx_word' id='word_1_177' title='bbox 1198 3638 1341 3692; x_wconf 86' lang='lat' dir='ltr'><strong>sicut</strong></span> <span class='ocrx_word' id='word_1_178' title='bbox 1374 3652 1473 3691; x_wconf 89' lang='lat' dir='ltr'><strong>nos</strong></span> <span class='ocrx_word' id='word_1_179' title='bbox 1508 3656 1521 3691; x_wconf 89' lang='lat'><strong>:</strong></span> <span class='ocrx_word' id='word_1_180' title='bbox 1554 3646 1608 3692; x_wconf 91' lang='lat' dir='ltr'><strong>et</strong></span> <span class='ocrx_word' id='word_1_181' title='bbox 1650 3638 1753 3691; x_wconf 88' lang='lat' dir='ltr'><strong>alia</strong></span> <span class='ocrx_word' id='word_1_182' title='bbox 1777 3638 1966 3700; x_wconf 89' lang='lat' dir='ltr'><strong>subiit,</strong></span> <span class='ocrx_word' id='word_1_183' title='bbox 2009 3654 2131 3709; x_wconf 70' lang='lat' dir='ltr'><strong>quae</strong></span> 
     </span>
    </p>
   </div>
   <div class='ocr_carea' id='block_1_34' title="bbox 572 3727 2135 3796">
    <p class='ocr_par' dir='ltr' id='par_1_34' title="bbox 572 3727 2135 3796">
     <span class='ocr_line' id='line_1_34' title="bbox 572 3727 2135 3796; baseline -0.003 -10"><span class='ocrx_word' id='word_1_184' title='bbox 572 3739 701 3787; x_wconf 87' lang='lat' dir='ltr'><strong>sunt</strong></span> <span class='ocrx_word' id='word_1_185' title='bbox 735 3729 985 3783; x_wconf 77' lang='lat' dir='ltr'><strong>humanze</strong></span> <span class='ocrx_word' id='word_1_186' title='bbox 1017 3728 1426 3787; x_wconf 83' lang='lat' dir='ltr'><strong>imbecillitatis.</strong></span> <span class='ocrx_word' id='word_1_187' title='bbox 1460 3734 1518 3777; x_wconf 92' lang='lat' dir='ltr'><strong>ut</strong></span> <span class='ocrx_word' id='word_1_188' title='bbox 1551 3740 1650 3795; x_wconf 92' lang='lat' dir='ltr'><strong>ego</strong></span> <span class='ocrx_word' id='word_1_189' title='bbox 1674 3727 1897 3794; x_wconf 82' lang='lat' dir='ltr'><strong>primam</strong></span> <span class='ocrx_word' id='word_1_190' title='bbox 1925 3729 2135 3796; x_wconf 84' lang='lat' dir='ltr'><strong>recipe-</strong></span> 
     </span>
    </p>
   </div>
   <div class='ocr_carea' id='block_1_35' title="bbox 570 3810 2130 3886">
    <p class='ocr_par' dir='ltr' id='par_1_35' title="bbox 570 3810 2130 3886">
     <span class='ocr_line' id='line_1_35' title="bbox 570 3810 2130 3886; baseline -0.004 -8"><span class='ocrx_word' id='word_1_191' title='bbox 570 3839 685 3878; x_wconf 91' lang='lat' dir='ltr'><strong>rem</strong></span> <span class='ocrx_word' id='word_1_192' title='bbox 728 3810 1105 3883; x_wconf 85' lang='lat' dir='ltr'><strong>nobilitatem;</strong></span> <span class='ocrx_word' id='word_1_193' title='bbox 1162 3826 1214 3869; x_wconf 91' lang='lat' dir='ltr'><strong>et</strong></span> <span class='ocrx_word' id='word_1_194' title='bbox 1252 3826 1527 3886; x_wconf 87' lang='lat' dir='ltr'><strong>postremo</strong></span> <span class='ocrx_word' id='word_1_195' title='bbox 1583 3816 1977 3871; x_wconf 76' lang='lat' dir='ltr'><strong>condemnatus</strong></span> <span class='ocrx_word' id='word_1_196' title='bbox 2031 3816 2130 3872; x_wconf 82' lang='lat' dir='ltr'><strong>fuit</strong></span> 
     </span>
    </p>
   </div>
   <div class='ocr_carea' id='block_1_36' title="bbox 573 3908 2127 3978">
    <p class='ocr_par' dir='ltr' id='par_1_36' title="bbox 573 3908 2127 3978">
     <span class='ocr_line' id='line_1_36' title="bbox 573 3908 2127 3978; baseline -0.003 -10"><span class='ocrx_word' id='word_1_197' title='bbox 573 3923 747 3968; x_wconf 90' lang='lat' dir='ltr'><strong>morte</strong></span> <span class='ocrx_word' id='word_1_198' title='bbox 796 3911 977 3966; x_wconf 87' lang='lat' dir='ltr'><strong>crucis</strong></span> <span class='ocrx_word' id='word_1_199' title='bbox 1011 3928 1023 3964; x_wconf 91' lang='lat'><strong>:</strong></span> <span class='ocrx_word' id='word_1_200' title='bbox 1056 3915 1109 3963; x_wconf 87' lang='lat' dir='ltr'><strong>et</strong></span> <span class='ocrx_word' id='word_1_201' title='bbox 1168 3924 1235 3963; x_wconf 90' lang='lat' dir='ltr'><strong>ne</strong></span> <span class='ocrx_word' id='word_1_202' title='bbox 1284 3910 1463 3961; x_wconf 87' lang='lat' dir='ltr'><strong>dicam</strong></span> <span class='ocrx_word' id='word_1_203' title='bbox 1517 3908 1728 3978; x_wconf 87' lang='lat' dir='ltr'><strong>singula</strong></span> <span class='ocrx_word' id='word_1_204' title='bbox 1771 3912 1923 3976; x_wconf 93' lang='lat' dir='ltr'><strong>(sunt</strong></span> <span class='ocrx_word' id='word_1_205' title='bbox 1985 3912 2127 3965; x_wconf 90' lang='lat' dir='ltr'><strong>cnim</strong></span> 
     </span>
    </p>
   </div>
   <div class='ocr_carea' id='block_1_37' title="bbox 572 3998 2132 4070">
    <p class='ocr_par' dir='ltr' id='par_1_37' title="bbox 572 3998 2132 4070">
     <span class='ocr_line' id='line_1_37' title="bbox 572 3998 2132 4070; baseline -0.004 -11"><span class='ocrx_word' id='word_1_206' title='bbox 572 4005 739 4059; x_wconf 77' lang='lat' dir='ltr'><strong>multa</strong></span> <span class='ocrx_word' id='word_1_207' title='bbox 757 4000 1078 4057; x_wconf 87' lang='lat' dir='ltr'><strong>intermedia</strong></span> <span class='ocrx_word' id='word_1_208' title='bbox 1096 3998 1411 4051; x_wconf 63' lang='lat' dir='ltr'><strong>oeconomiae</strong></span> <span class='ocrx_word' id='word_1_209' title='bbox 1431 3998 1613 4051; x_wconf 85' lang='lat' dir='ltr'><strong>carnis</strong></span> <span class='ocrx_word' id='word_1_210' title='bbox 1643 4009 1908 4068; x_wconf 68' lang='lat' dir='ltr'><strong>susceptae</strong></span> <span class='ocrx_word' id='word_1_211' title='bbox 1930 4011 2132 4070; x_wconf 84' lang='lat' dir='ltr'><strong>myste-</strong></span> 
     </span>
    </p>
   </div>
   <div class='ocr_carea' id='block_1_38' title="bbox 572 4090 2129 4167">
    <p class='ocr_par' dir='ltr' id='par_1_38' title="bbox 572 4090 2129 4167">
     <span class='ocr_line' id='line_1_38' title="bbox 572 4090 2129 4167; baseline -0.002 -19"><span class='ocrx_word' id='word_1_212' title='bbox 572 4095 678 4161; x_wconf 85' lang='lat' dir='ltr'><strong>ria)</strong></span> <span class='ocrx_word' id='word_1_213' title='bbox 722 4092 885 4167; x_wconf 87' lang='lat' dir='ltr'><strong>ﬁnem</strong></span> <span class='ocrx_word' id='word_1_214' title='bbox 937 4090 1147 4160; x_wconf 82' lang='lat' dir='ltr'><strong>accepit</strong></span> <span class='ocrx_word' id='word_1_215' title='bbox 1204 4102 1462 4157; x_wconf 90' lang='lat' dir='ltr'><strong>corporea</strong></span> <span class='ocrx_word' id='word_1_216' title='bbox 1498 4090 1883 4155; x_wconf 83' lang='lat' dir='ltr'><strong>conversatio;</strong></span> <span class='ocrx_word' id='word_1_217' title='bbox 1936 4090 2129 4159; x_wconf 77' lang='lat' dir='ltr'><strong>incipit</strong></span> 
     </span>
    </p>
   </div>
   <div class='ocr_carea' id='block_1_39' title="bbox 574 4179 2129 4252">
    <p class='ocr_par' dir='ltr' id='par_1_39' title="bbox 574 4179 2129 4252">
     <span class='ocr_line' id='line_1_39' title="bbox 574 4179 2129 4252; baseline -0.001 -14"><span class='ocrx_word' id='word_1_218' title='bbox 574 4190 752 4238; x_wconf 87' lang='lat' dir='ltr'><strong>autem</strong></span> <span class='ocrx_word' id='word_1_219' title='bbox 784 4181 1082 4252; x_wconf 88' lang='lat' dir='ltr'><strong>spiritualis</strong></span> <span class='ocrx_word' id='word_1_220' title='bbox 1106 4198 1119 4245; x_wconf 91' lang='lat'><strong>;</strong></span> <span class='ocrx_word' id='word_1_221' title='bbox 1153 4188 1206 4233; x_wconf 90' lang='lat' dir='ltr'><strong>et</strong></span> <span class='ocrx_word' id='word_1_222' title='bbox 1234 4180 1285 4232; x_wconf 93' lang='lat' dir='ltr'><strong>in</strong></span> <span class='ocrx_word' id='word_1_223' title='bbox 1312 4179 1505 4234; x_wconf 78' lang='lat' dir='ltr'><strong>cmlum</strong></span> <span class='ocrx_word' id='word_1_224' title='bbox 1531 4180 1773 4234; x_wconf 88' lang='lat' dir='ltr'><strong>ascendit</strong></span> <span class='ocrx_word' id='word_1_225' title='bbox 1796 4196 1946 4235; x_wconf 90' lang='lat' dir='ltr'><strong>meus</strong></span> <span class='ocrx_word' id='word_1_226' title='bbox 1970 4182 2129 4236; x_wconf 88' lang='lat' dir='ltr'><strong>Chri-</strong></span> 
     </span>
    </p>
   </div>
   <div class='ocr_carea' id='block_1_40' title="bbox 572 4270 2128 4341">
    <p class='ocr_par' dir='ltr' id='par_1_40' title="bbox 572 4270 2128 4341">
     <span class='ocr_line' id='line_1_40' title="bbox 572 4270 2128 4341; baseline -0.004 -9"><span class='ocrx_word' id='word_1_227' title='bbox 572 4287 718 4337; x_wconf 76' lang='lat' dir='ltr'><strong>stus.</strong></span> <span class='ocrx_word' id='word_1_228' title='bbox 748 4283 798 4329; x_wconf 92' lang='lat' dir='ltr'><strong>et</strong></span> <span class='ocrx_word' id='word_1_229' title='bbox 834 4272 900 4326; x_wconf 85' lang='lat' dir='ltr'><strong>ad</strong></span> <span class='ocrx_word' id='word_1_230' title='bbox 931 4273 1114 4326; x_wconf 84' lang='lat' dir='ltr'><strong>sedem</strong></span> <span class='ocrx_word' id='word_1_231' title='bbox 1154 4278 1433 4340; x_wconf 84' lang='lat' dir='ltr'><strong>paternam</strong></span> <span class='ocrx_word' id='word_1_232' title='bbox 1466 4270 1793 4336; x_wconf 88' lang='lat' dir='ltr'><strong>revertitur;</strong></span> <span class='ocrx_word' id='word_1_233' title='bbox 1826 4278 1900 4336; x_wconf 90' lang='lat' dir='ltr'><strong>et,</strong></span> <span class='ocrx_word' id='word_1_234' title='bbox 1940 4272 2031 4341; x_wconf 92' lang='lat' dir='ltr'><strong>qui</strong></span> <span class='ocrx_word' id='word_1_235' title='bbox 2064 4289 2128 4326; x_wconf 80' lang='lat' dir='ltr'><strong>ex</strong></span> 
     </span>
    </p>
   </div>
   <div class='ocr_carea' id='block_1_41' title="bbox 571 4360 2133 4437">
    <p class='ocr_par' dir='ltr' id='par_1_41' title="bbox 571 4360 2133 4437">
     <span class='ocr_line' id='line_1_41' title="bbox 571 4360 2133 4437; baseline -0.003 -16"><span class='ocrx_word' id='word_1_236' title='bbox 571 4368 690 4437; x_wconf 86' lang='lat' dir='ltr'><strong>ipso</strong></span> <span class='ocrx_word' id='word_1_237' title='bbox 711 4362 973 4434; x_wconf 88' lang='lat' dir='ltr'><strong>procedit,</strong></span> <span class='ocrx_word' id='word_1_238' title='bbox 1006 4360 1266 4431; x_wconf 88' lang='lat' dir='ltr'><strong>Spiritum</strong></span> <span class='ocrx_word' id='word_1_239' title='bbox 1286 4360 1519 4415; x_wconf 88' lang='lat' dir='ltr'><strong>demittit</strong></span> <span class='ocrx_word' id='word_1_240' title='bbox 1541 4360 1842 4430; x_wconf 89' lang='lat' dir='ltr'><strong>discipulis,</strong></span> <span class='ocrx_word' id='word_1_241' title='bbox 1868 4370 1927 4416; x_wconf 89' lang='lat' dir='ltr'><strong>ut</strong></span> <span class='ocrx_word' id='word_1_242' title='bbox 1950 4372 2133 4417; x_wconf 80' lang='lat' dir='ltr'><strong>essent</strong></span> 
     </span>
    </p>
   </div>
   <div class='ocr_carea' id='block_1_42' title="bbox 571 4449 2132 4525">
    <p class='ocr_par' dir='ltr' id='par_1_42' title="bbox 571 4449 2132 4525">
     <span class='ocr_line' id='line_1_42' title="bbox 571 4449 2132 4525; baseline -0.003 -12"><span class='ocrx_word' id='word_1_243' title='bbox 571 4459 737 4513; x_wconf 89' lang='lat' dir='ltr'><strong>duces</strong></span> <span class='ocrx_word' id='word_1_244' title='bbox 766 4454 1005 4525; x_wconf 89' lang='lat' dir='ltr'><strong>gentium</strong></span> <span class='ocrx_word' id='word_1_245' title='bbox 1038 4452 1357 4507; x_wconf 87' lang='lat' dir='ltr'><strong>inﬁdelium.</strong></span> <span class='ocrx_word' id='word_1_246' title='bbox 1382 4449 1485 4505; x_wconf 85' lang='lat' dir='ltr'><strong>Per</strong></span> <span class='ocrx_word' id='word_1_247' title='bbox 1506 4467 1663 4520; x_wconf 87' lang='lat' dir='ltr'><strong>quem</strong></span> <span class='ocrx_word' id='word_1_248' title='bbox 1691 4453 1881 4507; x_wconf 88' lang='lat' dir='ltr'><strong>beatus</strong></span> <span class='ocrx_word' id='word_1_249' title='bbox 1918 4469 2132 4522; x_wconf 86' lang='lat' dir='ltr'><strong>quoque</strong></span> 
     </span>
    </p>
   </div>
   <div class='ocr_carea' id='block_1_43' title="bbox 2237 3270 3801 3344">
    <p class='ocr_par' dir='ltr' id='par_1_43' title="bbox 2237 3270 3801 3344">
     <span class='ocr_line' id='line_1_43' title="bbox 2237 3270 3801 3344; baseline 0.004 -21"><span class='ocrx_word' id='word_1_250' title='bbox 2237 3289 2391 3343; x_wconf 85' lang='grc' dir='ltr'>μασι,</span> <span class='ocrx_word' id='word_1_251' title='bbox 2420 3273 2511 3324; x_wconf 80' lang='grc' dir='ltr'>καὶ</span> <span class='ocrx_word' id='word_1_252' title='bbox 2539 3271 2597 3323; x_wconf 85' lang='grc' dir='ltr'>τὸ</span> <span class='ocrx_word' id='word_1_253' title='bbox 2616 3270 2713 3340; x_wconf 80' lang='grc' dir='ltr'>τῆς</span> <span class='ocrx_word' id='word_1_254' title='bbox 2740 3270 2990 3341; x_wconf 77' lang='grc' dir='ltr'><strong>ἀληθείας</strong></span> <span class='ocrx_word' id='word_1_255' title='bbox 3017 3270 3213 3339; x_wconf 70' lang='grc' dir='ltr'>φέγγος</span> <span class='ocrx_word' id='word_1_256' title='bbox 3242 3270 3318 3339; x_wconf 86' lang='grc' dir='ltr'>τῷ</span> <span class='ocrx_word' id='word_1_257' title='bbox 3347 3272 3443 3342; x_wconf 80' lang='grc' dir='ltr'>τῆς</span> <span class='ocrx_word' id='word_1_258' title='bbox 3479 3278 3634 3338; x_wconf 76' lang='grc' dir='ltr'>σκιᾶς</span> <span class='ocrx_word' id='word_1_259' title='bbox 3656 3278 3801 3344; x_wconf 55' lang='grc' dir='ltr'>νέψει</span> 
     </span>
    </p>
   </div>
   <div class='ocr_carea' id='block_1_44' title="bbox 2236 3362 3803 3435">
    <p class='ocr_par' dir='ltr' id='par_1_44' title="bbox 2236 3362 3803 3435">
     <span class='ocr_line' id='line_1_44' title="bbox 2236 3362 3803 3435; baseline 0.001 -18"><span class='ocrx_word' id='word_1_260' title='bbox 2236 3364 2689 3417; x_wconf 80' lang='grc' dir='ltr'>συνεκαλύπτετο.</span> <span class='ocrx_word' id='word_1_261' title='bbox 2731 3363 2881 3414; x_wconf 76' lang='grc' dir='ltr'>Ἐπεὶ</span> <span class='ocrx_word' id='word_1_262' title='bbox 2917 3362 3063 3414; x_wconf 82' lang='grc' dir='ltr'>δὲτὸ</span> <span class='ocrx_word' id='word_1_263' title='bbox 3101 3363 3241 3431; x_wconf 86' lang='grc' dir='ltr'>μέγα</span> <span class='ocrx_word' id='word_1_264' title='bbox 3282 3364 3379 3431; x_wconf 83' lang='grc' dir='ltr'>τῆς</span> <span class='ocrx_word' id='word_1_265' title='bbox 3426 3365 3587 3433; x_wconf 75' lang='grc' dir='ltr'>ἡμῶν</span> <span class='ocrx_word' id='word_1_266' title='bbox 3634 3384 3803 3435; x_wconf 66' lang='grc' dir='ltr'>σωτηο</span> 
     </span>
    </p>
   </div>
   <div class='ocr_carea' id='block_1_45' title="bbox 2236 3453 3803 3527">
    <p class='ocr_par' dir='ltr' id='par_1_45' title="bbox 2236 3453 3803 3527">
     <span class='ocr_line' id='line_1_45' title="bbox 2236 3453 3803 3527; baseline 0.001 -20"><span class='ocrx_word' id='word_1_267' title='bbox 2236 3457 2353 3526; x_wconf 70' lang='lat' dir='ltr'><strong>pia;</strong></span> <span class='ocrx_word' id='word_1_268' title='bbox 2374 3453 2791 3523; x_wconf 73' lang='grc' dir='ltr'>ὲπραγματεύθη</span> <span class='ocrx_word' id='word_1_269' title='bbox 2823 3455 3136 3523; x_wconf 79' lang='grc' dir='ltr'>μυστήριον,</span> <span class='ocrx_word' id='word_1_270' title='bbox 3158 3454 3249 3504; x_wconf 71' lang='grc' dir='ltr'>καὶ</span> <span class='ocrx_word' id='word_1_271' title='bbox 3271 3457 3297 3505; x_wconf 82' lang='grc' dir='ltr'>ὁ</span> <span class='ocrx_word' id='word_1_272' title='bbox 3326 3454 3535 3518; x_wconf 66' lang='grc' dir='ltr'>πλάτας</span> <span class='ocrx_word' id='word_1_273' title='bbox 3567 3459 3803 3527; x_wconf 81' lang='grc' dir='ltr'>καταμό-</span> 
     </span>
    </p>
   </div>
   <div class='ocr_carea' id='block_1_46' title="bbox 2232 3543 3803 3615">
    <p class='ocr_par' dir='ltr' id='par_1_46' title="bbox 2232 3543 3803 3615">
     <span class='ocr_line' id='line_1_46' title="bbox 2232 3543 3803 3615; baseline 0.001 -18"><span class='ocrx_word' id='word_1_274' title='bbox 2232 3562 2325 3607; x_wconf 90' lang='grc' dir='ltr'><strong>νας</strong></span> <span class='ocrx_word' id='word_1_275' title='bbox 2369 3544 2465 3606; x_wconf 84' lang='grc' dir='ltr'><strong>τὰς</strong></span> <span class='ocrx_word' id='word_1_276' title='bbox 2511 3543 2736 3611; x_wconf 79' lang='grc' dir='ltr'><strong>καρδίας</strong></span> <span class='ocrx_word' id='word_1_277' title='bbox 2780 3543 2932 3613; x_wconf 79' lang='grc' dir='ltr'><strong>ἡμῶν</strong></span> <span class='ocrx_word' id='word_1_278' title='bbox 2984 3544 3061 3613; x_wconf 81' lang='grc' dir='ltr'><strong>τῷ</strong></span> <span class='ocrx_word' id='word_1_279' title='bbox 3100 3544 3197 3611; x_wconf 79' lang='grc' dir='ltr'>τῆς</span> <span class='ocrx_word' id='word_1_280' title='bbox 3236 3545 3441 3606; x_wconf 78' lang='grc' dir='ltr'>οίκεξας</span> <span class='ocrx_word' id='word_1_281' title='bbox 3487 3548 3616 3614; x_wconf 75' lang='grc' dir='ltr'>περὶ</span> <span class='ocrx_word' id='word_1_282' title='bbox 3659 3552 3803 3615; x_wconf 71' lang='grc' dir='ltr'>ἡμεῖς</span> 
     </span>
    </p>
   </div>
   <div class='ocr_carea' id='block_1_47' title="bbox 2230 3635 3798 3707">
    <p class='ocr_par' dir='ltr' id='par_1_47' title="bbox 2230 3635 3798 3707">
     <span class='ocr_line' id='line_1_47' title="bbox 2230 3635 3798 3707; baseline 0.001 -18"><span class='ocrx_word' id='word_1_283' title='bbox 2230 3636 2393 3706; x_wconf 67' lang='grc' dir='ltr'>οἴκτῳ</span> <span class='ocrx_word' id='word_1_284' title='bbox 2420 3636 2782 3706; x_wconf 81' lang='grc' dir='ltr'><strong>χρηστότητος</strong></span> <span class='ocrx_word' id='word_1_285' title='bbox 2820 3636 3215 3704; x_wconf 76' lang='grc' dir='ltr'><strong>ἀναμαρτήτως</strong></span> <span class='ocrx_word' id='word_1_286' title='bbox 3247 3635 3467 3701; x_wconf 82' lang='grc' dir='ltr'>γέγονεν</span> <span class='ocrx_word' id='word_1_287' title='bbox 3500 3638 3578 3699; x_wconf 86' lang='grc' dir='ltr'>ὠς</span> <span class='ocrx_word' id='word_1_288' title='bbox 3609 3642 3798 3707; x_wconf 75' lang='grc' dir='ltr'>ἡμεῖς’</span> 
     </span>
    </p>
   </div>
   <div class='ocr_carea' id='block_1_48' title="bbox 2230 3726 3802 3796">
    <p class='ocr_par' dir='ltr' id='par_1_48' title="bbox 2230 3726 3802 3796">
     <span class='ocr_line' id='line_1_48' title="bbox 2230 3726 3802 3796; baseline 0.002 -18"><span class='ocrx_word' id='word_1_289' title='bbox 2230 3727 2397 3781; x_wconf 78' lang='grc' dir='ltr'>τᾶλλα</span> <span class='ocrx_word' id='word_1_290' title='bbox 2432 3744 2488 3779; x_wconf 87' lang='grc' dir='ltr'><strong>τε</strong></span> <span class='ocrx_word' id='word_1_291' title='bbox 2533 3726 2788 3795; x_wconf 77' lang='grc' dir='ltr'><strong>ὑπῆλθεν,</strong></span> <span class='ocrx_word' id='word_1_292' title='bbox 2818 3727 2915 3779; x_wconf 80' lang='grc' dir='ltr'>ὅσα</span> <span class='ocrx_word' id='word_1_293' title='bbox 2952 3727 3049 3796; x_wconf 80' lang='grc' dir='ltr'>τῆς</span> <span class='ocrx_word' id='word_1_294' title='bbox 3084 3726 3428 3796; x_wconf 73' lang='grc' dir='ltr'><strong>ἀνθρωπίνης</strong></span> <span class='ocrx_word' id='word_1_295' title='bbox 3467 3728 3615 3779; x_wconf 75' lang='grc' dir='ltr'>ἐστὶν</span> <span class='ocrx_word' id='word_1_296' title='bbox 3643 3730 3802 3781; x_wconf 79' lang='grc' dir='ltr'>ἀσθε-</span> 
     </span>
    </p>
   </div>
   <div class='ocr_carea' id='block_1_49' title="bbox 2229 3812 3801 3889">
    <p class='ocr_par' dir='ltr' id='par_1_49' title="bbox 2229 3812 3801 3889">
     <span class='ocr_line' id='line_1_49' title="bbox 2229 3812 3801 3889; baseline 0.004 -21"><span class='ocrx_word' id='word_1_297' title='bbox 2229 3818 2402 3882; x_wconf 86' lang='grc' dir='ltr'>νείας,</span> <span class='ocrx_word' id='word_1_298' title='bbox 2442 3818 2504 3869; x_wconf 78' lang='grc' dir='ltr'><strong>ἵν’</strong></span> <span class='ocrx_word' id='word_1_299' title='bbox 2534 3816 2642 3884; x_wconf 71' lang='grc' dir='ltr'><strong>ἐγὼ</strong></span> <span class='ocrx_word' id='word_1_300' title='bbox 2673 3818 2770 3889; x_wconf 84' lang='grc' dir='ltr'>τὴν</span> <span class='ocrx_word' id='word_1_301' title='bbox 2808 3818 3027 3889; x_wconf 76' lang='grc' dir='ltr'>πρώτην</span> <span class='ocrx_word' id='word_1_302' title='bbox 3076 3812 3329 3871; x_wconf 76' lang='grc' dir='ltr'>ἀπολάϐω</span> <span class='ocrx_word' id='word_1_303' title='bbox 3371 3821 3673 3889; x_wconf 75' lang='grc' dir='ltr'>εὐγένειαν·</span> <span class='ocrx_word' id='word_1_304' title='bbox 3712 3824 3801 3874; x_wconf 77' lang='grc' dir='ltr'>καὶ</span> 
     </span>
    </p>
   </div>
   <div class='ocr_carea' id='block_1_50' title="bbox 2228 3907 3801 3979">
    <p class='ocr_par' dir='ltr' id='par_1_50' title="bbox 2228 3907 3801 3979">
     <span class='ocr_line' id='line_1_50' title="bbox 2228 3907 3801 3979; baseline 0.004 -20"><span class='ocrx_word' id='word_1_305' title='bbox 2228 3907 2377 3968; x_wconf 81' lang='grc' dir='ltr'>τέλος</span> <span class='ocrx_word' id='word_1_306' title='bbox 2408 3908 2496 3959; x_wconf 79' lang='grc' dir='ltr'><strong>τὸν</strong></span> <span class='ocrx_word' id='word_1_307' title='bbox 2520 3908 2605 3960; x_wconf 74' lang='grc' dir='ltr'><strong>διὰ</strong></span> <span class='ocrx_word' id='word_1_308' title='bbox 2630 3908 2859 3978; x_wconf 83' lang='grc' dir='ltr'>σταυροῦ</span> <span class='ocrx_word' id='word_1_309' title='bbox 2890 3909 3116 3961; x_wconf 75' lang='grc' dir='ltr'>θάνατον</span> <span class='ocrx_word' id='word_1_310' title='bbox 3142 3910 3556 3979; x_wconf 78' lang='grc' dir='ltr'><strong>κατακρίνεται·</strong></span> <span class='ocrx_word' id='word_1_311' title='bbox 3601 3916 3696 3966; x_wconf 77' lang='grc' dir='ltr'>καὶ</span> <span class='ocrx_word' id='word_1_312' title='bbox 3721 3914 3801 3965; x_wconf 74' lang='grc' dir='ltr'><strong>ἵνα</strong></span> 
     </span>
    </p>
   </div>
   <div class='ocr_carea' id='block_1_51' title="bbox 2233 3995 3802 4073">
    <p class='ocr_par' dir='ltr' id='par_1_51' title="bbox 2233 3995 3802 4073">
     <span class='ocr_line' id='line_1_51' title="bbox 2233 3995 3802 4073; baseline 0.005 -24"><span class='ocrx_word' id='word_1_313' title='bbox 2233 3996 2305 4067; x_wconf 82' lang='grc' dir='ltr'>μὴ</span> <span class='ocrx_word' id='word_1_314' title='bbox 2325 3995 2391 4049; x_wconf 75' lang='grc' dir='ltr'><strong>τὰ</strong></span> <span class='ocrx_word' id='word_1_315' title='bbox 2422 3996 2541 4050; x_wconf 78' lang='grc' dir='ltr'>καθ’</span> <span class='ocrx_word' id='word_1_316' title='bbox 2571 3998 2796 4050; x_wconf 68' lang='grc' dir='ltr'>ἕκαστον</span> <span class='ocrx_word' id='word_1_317' title='bbox 2820 3998 2980 4065; x_wconf 85' lang='grc' dir='ltr'>λέγω,</span> <span class='ocrx_word' id='word_1_318' title='bbox 3009 3999 3199 4064; x_wconf 78' lang='grc' dir='ltr'>(πολλὰ</span> <span class='ocrx_word' id='word_1_319' title='bbox 3219 4000 3324 4067; x_wconf 75' lang='grc' dir='ltr'><strong>γὰρ</strong></span> <span class='ocrx_word' id='word_1_320' title='bbox 3346 4001 3413 4051; x_wconf 70' lang='grc' dir='ltr'>τὰ</span> <span class='ocrx_word' id='word_1_321' title='bbox 3438 4003 3497 4053; x_wconf 80' lang='grc' dir='ltr'><strong>ὲν</strong></span> <span class='ocrx_word' id='word_1_322' title='bbox 3529 4004 3679 4073; x_wconf 77' lang='grc' dir='ltr'>μέσῳ</span> <span class='ocrx_word' id='word_1_323' title='bbox 3706 4006 3802 4073; x_wconf 78' lang='grc' dir='ltr'>τῆς</span> 
     </span>
    </p>
   </div>
   <div class='ocr_carea' id='block_1_52' title="bbox 2228 4088 3800 4163">
    <p class='ocr_par' dir='ltr' id='par_1_52' title="bbox 2228 4088 3800 4163">
     <span class='ocr_line' id='line_1_52' title="bbox 2228 4088 3800 4163; baseline 0.006 -25"><span class='ocrx_word' id='word_1_324' title='bbox 2228 4088 2537 4157; x_wconf 84' lang='grc' dir='ltr'>οἰκονομίας</span> <span class='ocrx_word' id='word_1_325' title='bbox 2567 4088 2733 4141; x_wconf 78' lang='grc' dir='ltr'>αὑτοῦ</span> <span class='ocrx_word' id='word_1_326' title='bbox 2764 4089 3091 4159; x_wconf 80' lang='grc' dir='ltr'>μυστήρια’)</span> <span class='ocrx_word' id='word_1_327' title='bbox 3124 4088 3293 4160; x_wconf 86' lang='grc' dir='ltr'>πέρας</span> <span class='ocrx_word' id='word_1_328' title='bbox 3320 4090 3387 4141; x_wconf 78' lang='grc' dir='ltr'><strong>τὰ</strong></span> <span class='ocrx_word' id='word_1_329' title='bbox 3421 4092 3519 4160; x_wconf 78' lang='grc' dir='ltr'>τῆς</span> <span class='ocrx_word' id='word_1_330' title='bbox 3559 4111 3800 4163; x_wconf 80' lang='grc' dir='ltr'>σωματι-</span> 
     </span>
    </p>
   </div>
   <div class='ocr_carea' id='block_1_53' title="bbox 2228 4176 3797 4253">
    <p class='ocr_par' dir='ltr' id='par_1_53' title="bbox 2228 4176 3797 4253">
     <span class='ocr_line' id='line_1_53' title="bbox 2228 4176 3797 4253; baseline 0.006 -25"><span class='ocrx_word' id='word_1_331' title='bbox 2228 4176 2330 4245; x_wconf 79' lang='grc' dir='ltr'>κῆς</span> <span class='ocrx_word' id='word_1_332' title='bbox 2359 4178 2612 4248; x_wconf 78' lang='grc' dir='ltr'>ὲνδημίας</span> <span class='ocrx_word' id='word_1_333' title='bbox 2633 4180 2870 4249; x_wconf 86' lang='grc' dir='ltr'>δέχεται·</span> <span class='ocrx_word' id='word_1_334' title='bbox 2906 4179 2973 4232; x_wconf 77' lang='grc' dir='ltr'><strong>τὰ</strong></span> <span class='ocrx_word' id='word_1_335' title='bbox 2997 4180 3051 4232; x_wconf 84' lang='grc' dir='ltr'>δὲ</span> <span class='ocrx_word' id='word_1_336' title='bbox 3078 4178 3170 4233; x_wconf 77' lang='grc' dir='ltr'>τοῦ</span> <span class='ocrx_word' id='word_1_337' title='bbox 3204 4180 3510 4249; x_wconf 82' lang='grc' dir='ltr'>πνεύματος</span> <span class='ocrx_word' id='word_1_338' title='bbox 3540 4182 3797 4253; x_wconf 82' lang='grc' dir='ltr'>ἄρχεται·</span> 
     </span>
    </p>
   </div>
   <div class='ocr_carea' id='block_1_54' title="bbox 2229 4269 3801 4348">
    <p class='ocr_par' dir='ltr' id='par_1_54' title="bbox 2229 4269 3801 4348">
     <span class='ocr_line' id='line_1_54' title="bbox 2229 4269 3801 4348; baseline 0.008 -30"><span class='ocrx_word' id='word_1_339' title='bbox 2229 4269 2322 4319; x_wconf 74' lang='grc' dir='ltr'>καὶ</span> <span class='ocrx_word' id='word_1_340' title='bbox 2354 4270 2432 4330; x_wconf 88' lang='grc' dir='ltr'><strong>είς</strong></span> <span class='ocrx_word' id='word_1_341' title='bbox 2455 4272 2710 4339; x_wconf 69' lang='grc' dir='ltr'>οΰρανοὺς</span> <span class='ocrx_word' id='word_1_342' title='bbox 2730 4274 2756 4325; x_wconf 86' lang='grc' dir='ltr'>ὁ</span> <span class='ocrx_word' id='word_1_343' title='bbox 2782 4273 2909 4341; x_wconf 76' lang='grc' dir='ltr'>ἐμὸς</span> <span class='ocrx_word' id='word_1_344' title='bbox 2934 4274 3162 4343; x_wconf 72' lang='grc' dir='ltr'>Χριστὸς</span> <span class='ocrx_word' id='word_1_345' title='bbox 3179 4274 3526 4343; x_wconf 79' lang='grc' dir='ltr'>ἀναφέρεται·</span> <span class='ocrx_word' id='word_1_346' title='bbox 3549 4292 3642 4329; x_wconf 80' lang='grc' dir='ltr'><strong>και</strong></span> <span class='ocrx_word' id='word_1_347' title='bbox 3668 4277 3801 4348; x_wconf 71' lang='grc' dir='ltr'>πρὸς</span> 
     </span>
    </p>
   </div>
   <div class='ocr_carea' id='block_1_55' title="bbox 2228 4358 3794 4437">
    <p class='ocr_par' dir='ltr' id='par_1_55' title="bbox 2228 4358 3794 4437">
     <span class='ocr_line' id='line_1_55' title="bbox 2228 4358 3794 4437; baseline 0.005 -26"><span class='ocrx_word' id='word_1_348' title='bbox 2228 4358 2316 4411; x_wconf 79' lang='grc' dir='ltr'>τὸν</span> <span class='ocrx_word' id='word_1_349' title='bbox 2346 4361 2601 4431; x_wconf 77' lang='grc' dir='ltr'>πατρικὸν</span> <span class='ocrx_word' id='word_1_350' title='bbox 2630 4363 2869 4415; x_wconf 78' lang='grc' dir='ltr'>ἐπάνεισι</span> <span class='ocrx_word' id='word_1_351' title='bbox 2892 4365 3096 4434; x_wconf 78' lang='grc' dir='ltr'><strong>θρόνον⁵</strong></span> <span class='ocrx_word' id='word_1_352' title='bbox 3133 4365 3223 4416; x_wconf 75' lang='grc' dir='ltr'>καὶ</span> <span class='ocrx_word' id='word_1_353' title='bbox 3255 4364 3315 4417; x_wconf 81' lang='grc' dir='ltr'>τὸ</span> <span class='ocrx_word' id='word_1_354' title='bbox 3360 4366 3794 4437; x_wconf 68' lang='grc' dir='ltr'>ἐκπορευόμενον</span> 
     </span>
    </p>
   </div>
   <div class='ocr_carea' id='block_1_56' title="bbox 2228 4449 3800 4526">
    <p class='ocr_par' dir='ltr' id='par_1_56' title="bbox 2228 4449 3800 4526">
     <span class='ocr_line' id='line_1_56' title="bbox 2228 4449 3800 4526; baseline 0.004 -24"><span class='ocrx_word' id='word_1_355' title='bbox 2228 4449 2388 4502; x_wconf 71' lang='grc' dir='ltr'>αὐτοῦ</span> <span class='ocrx_word' id='word_1_356' title='bbox 2418 4449 2636 4520; x_wconf 81' lang='grc' dir='ltr'>Πνεῦμα</span> <span class='ocrx_word' id='word_1_357' title='bbox 2668 4451 2758 4504; x_wconf 75' lang='grc' dir='ltr'><strong>ἐπὶ</strong></span> <span class='ocrx_word' id='word_1_358' title='bbox 2780 4453 2877 4522; x_wconf 73' lang='grc' dir='ltr'>τὴν</span> <span class='ocrx_word' id='word_1_359' title='bbox 2908 4452 3015 4504; x_wconf 78' lang='grc' dir='ltr'><strong>τῶν</strong></span> <span class='ocrx_word' id='word_1_360' title='bbox 3049 4454 3288 4505; x_wconf 78' lang='grc' dir='ltr'>ἀπίστων</span> <span class='ocrx_word' id='word_1_361' title='bbox 3319 4453 3487 4506; x_wconf 76' lang='grc' dir='ltr'>ἐθνῶν</span> <span class='ocrx_word' id='word_1_362' title='bbox 3522 4459 3800 4526; x_wconf 83' lang='grc' dir='ltr'>καταπέμ-</span> 
     </span>
    </p>
   </div>
   <div class='ocr_carea' id='block_1_57' title="bbox 569 4525 2189 4615">
    <p class='ocr_par' dir='ltr' id='par_1_57' title="bbox 569 4525 2189 4600">
     <span class='ocr_line' id='line_1_57' title="bbox 569 4525 2189 4600; baseline -0.003 0"><span class='ocrx_word' id='word_1_363' title='bbox 569 4544 771 4600; x_wconf 81' lang='lat' dir='ltr'><strong>Paulus</strong></span> <span class='ocrx_word' id='word_1_364' title='bbox 797 4559 863 4598; x_wconf 83' lang='lat' dir='ltr'><strong>ex</strong></span> <span class='ocrx_word' id='word_1_365' title='bbox 887 4542 1077 4595; x_wconf 84' lang='lat' dir='ltr'><strong>umbra</strong></span> <span class='ocrx_word' id='word_1_366' title='bbox 1116 4541 1382 4595; x_wconf 89' lang='lat' dir='ltr'><strong>deductus</strong></span> <span class='ocrx_word' id='word_1_367' title='bbox 1413 4540 1512 4594; x_wconf 79' lang='lat' dir='ltr'><strong>fuit</strong></span> <span class='ocrx_word' id='word_1_368' title='bbox 1546 4540 1609 4594; x_wconf 86' lang='lat' dir='ltr'><strong>ad</strong></span> <span class='ocrx_word' id='word_1_369' title='bbox 1656 4542 1955 4595; x_wconf 86' lang='lat' dir='ltr'><strong>veritatem.</strong></span> <span class='ocrx_word' id='word_1_370' title='bbox 1980 4540 2130 4595; x_wconf 85' lang='lat' dir='ltr'><strong>Tunc</strong></span> <span class='ocrx_word' id='word_1_371' title='bbox 2157 4525 2189 4584; x_wconf 67' lang='grc' dir='ltr'>ε</span> 
     </span>
    </p>
   </div>
   <div class='ocr_carea' id='block_1_58' title="bbox 2231 4525 3800 4615">
    <p class='ocr_par' dir='ltr' id='par_1_58' title="bbox 2231 4539 3800 4615">
     <span class='ocr_line' id='line_1_58' title="bbox 2231 4539 3800 4615; baseline 0.005 -22"><span class='ocrx_word' id='word_1_372' title='bbox 2231 4557 2319 4594; x_wconf 89' lang='grc' dir='ltr'><strong>πει</strong></span> <span class='ocrx_word' id='word_1_373' title='bbox 2350 4545 2460 4605; x_wconf 82' lang='grc' dir='ltr'>τοῖς</span> <span class='ocrx_word' id='word_1_374' title='bbox 2479 4544 2743 4612; x_wconf 78' lang='grc' dir='ltr'>μαθηταῖς</span> <span class='ocrx_word' id='word_1_375' title='bbox 2767 4543 3010 4613; x_wconf 80' lang='grc' dir='ltr'>ὁδηγίαν,</span> <span class='ocrx_word' id='word_1_376' title='bbox 3033 4545 3097 4597; x_wconf 80' lang='grc' dir='ltr'><strong>δι’</strong></span> <span class='ocrx_word' id='word_1_377' title='bbox 3120 4539 3177 4598; x_wconf 74' lang='grc' dir='ltr'>οὗ</span> <span class='ocrx_word' id='word_1_378' title='bbox 3197 4545 3285 4597; x_wconf 75' lang='grc' dir='ltr'>καὶ</span> <span class='ocrx_word' id='word_1_379' title='bbox 3302 4546 3329 4597; x_wconf 84' lang='grc' dir='ltr'>ὁ</span> <span class='ocrx_word' id='word_1_380' title='bbox 3353 4547 3627 4615; x_wconf 76' lang='grc' dir='ltr'>μακάριος</span> <span class='ocrx_word' id='word_1_381' title='bbox 3654 4549 3800 4602; x_wconf 68' lang='grc' dir='ltr'>Παῦε</span> 
     </span>
    </p>
   </div>
   <div class='ocr_carea' id='block_1_59' title="bbox 571 4632 2132 4703">
    <p class='ocr_par' dir='ltr' id='par_1_59' title="bbox 571 4632 2132 4703">
     <span class='ocr_line' id='line_1_59' title="bbox 571 4632 2132 4703; baseline -0.003 -11"><span class='ocrx_word' id='word_1_382' title='bbox 571 4636 644 4702; x_wconf 82' lang='lat' dir='ltr'><strong>is,</strong></span> <span class='ocrx_word' id='word_1_383' title='bbox 673 4637 787 4689; x_wconf 86' lang='lat' dir='ltr'><strong>zelo</strong></span> <span class='ocrx_word' id='word_1_384' title='bbox 813 4633 1015 4689; x_wconf 87' lang='lat' dir='ltr'><strong>Christi</strong></span> <span class='ocrx_word' id='word_1_385' title='bbox 1041 4632 1302 4702; x_wconf 84' lang='lat' dir='ltr'><strong>percitus,</strong></span> <span class='ocrx_word' id='word_1_386' title='bbox 1327 4632 1778 4701; x_wconf 87' lang='lat' dir='ltr'><strong>quemadmodum</strong></span> <span class='ocrx_word' id='word_1_387' title='bbox 1801 4633 1913 4701; x_wconf 88' lang='lat' dir='ltr'><strong>ipse</strong></span> <span class='ocrx_word' id='word_1_388' title='bbox 1942 4641 2132 4703; x_wconf 85' lang='lat' dir='ltr'><strong>captus</strong></span> 
     </span>
    </p>
   </div>
   <div class='ocr_carea' id='block_1_60' title="bbox 573 4722 2130 4795">
    <p class='ocr_par' dir='ltr' id='par_1_60' title="bbox 573 4722 2130 4795">
     <span class='ocr_line' id='line_1_60' title="bbox 573 4722 2130 4795; baseline -0.001 -14"><span class='ocrx_word' id='word_1_389' title='bbox 573 4727 675 4781; x_wconf 76' lang='lat' dir='ltr'><strong>fuit</strong></span> <span class='ocrx_word' id='word_1_390' title='bbox 696 4727 760 4780; x_wconf 85' lang='lat' dir='ltr'><strong>ad</strong></span> <span class='ocrx_word' id='word_1_391' title='bbox 786 4727 1063 4795; x_wconf 86' lang='lat' dir='ltr'><strong>pietatem,</strong></span> <span class='ocrx_word' id='word_1_392' title='bbox 1090 4724 1162 4777; x_wconf 84' lang='lat' dir='ltr'><strong>ita</strong></span> <span class='ocrx_word' id='word_1_393' title='bbox 1186 4722 1346 4777; x_wconf 88' lang='lat' dir='ltr'><strong>etiam</strong></span> <span class='ocrx_word' id='word_1_394' title='bbox 1376 4724 1559 4777; x_wconf 90' lang='lat' dir='ltr'><strong>orbem</strong></span> <span class='ocrx_word' id='word_1_395' title='bbox 1586 4732 1741 4777; x_wconf 68' lang='lat' dir='ltr'><strong>terrm</strong></span> <span class='ocrx_word' id='word_1_396' title='bbox 1771 4724 1837 4777; x_wconf 84' lang='lat' dir='ltr'><strong>ad</strong></span> <span class='ocrx_word' id='word_1_397' title='bbox 1862 4739 1921 4778; x_wconf 90' lang='lat' dir='ltr'><strong>se</strong></span> <span class='ocrx_word' id='word_1_398' title='bbox 1942 4725 2130 4780; x_wconf 70' lang='lat' dir='ltr'><strong>studeo</strong></span> 
     </span>
    </p>
   </div>
   <div class='ocr_carea' id='block_1_61' title="bbox 572 4812 2132 4883">
    <p class='ocr_par' dir='ltr' id='par_1_61' title="bbox 572 4812 2132 4883">
     <span class='ocr_line' id='line_1_61' title="bbox 572 4812 2132 4883; baseline -0.002 -11"><span class='ocrx_word' id='word_1_399' title='bbox 572 4818 667 4873; x_wconf 85' lang='lat' dir='ltr'><strong>bat</strong></span> <span class='ocrx_word' id='word_1_400' title='bbox 701 4816 994 4877; x_wconf 79' lang='lat' dir='ltr'><strong>attrahere,</strong></span> <span class='ocrx_word' id='word_1_401' title='bbox 1028 4821 1081 4868; x_wconf 89' lang='lat' dir='ltr'><strong>et</strong></span> <span class='ocrx_word' id='word_1_402' title='bbox 1106 4812 1328 4867; x_wconf 80' lang='lat' dir='ltr'><strong>Christo</strong></span> <span class='ocrx_word' id='word_1_403' title='bbox 1366 4828 1461 4883; x_wconf 77' lang='lat' dir='ltr'><strong>per</strong></span> <span class='ocrx_word' id='word_1_404' title='bbox 1491 4812 1646 4867; x_wconf 89' lang='lat' dir='ltr'><strong>Iidem</strong></span> <span class='ocrx_word' id='word_1_405' title='bbox 1686 4813 2033 4883; x_wconf 87' lang='lat' dir='ltr'><strong>conjungere.</strong></span> <span class='ocrx_word' id='word_1_406' title='bbox 2066 4813 2132 4869; x_wconf 86' lang='lat' dir='ltr'><strong>Et</strong></span> 
     </span>
    </p>
   </div>
   <div class='ocr_carea' id='block_1_62' title="bbox 576 4901 2129 4973">
    <p class='ocr_par' dir='ltr' id='par_1_62' title="bbox 576 4901 2129 4973">
     <span class='ocr_line' id='line_1_62' title="bbox 576 4901 2129 4973; baseline -0.003 -12"><span class='ocrx_word' id='word_1_407' title='bbox 576 4919 634 4961; x_wconf 90' lang='lat' dir='ltr'><strong>ut</strong></span> <span class='ocrx_word' id='word_1_408' title='bbox 664 4923 727 4961; x_wconf 86' lang='lat' dir='ltr'><strong>ea</strong></span> <span class='ocrx_word' id='word_1_409' title='bbox 758 4906 1006 4960; x_wconf 85' lang='lat' dir='ltr'><strong>omittam</strong></span> <span class='ocrx_word' id='word_1_410' title='bbox 1048 4917 1168 4973; x_wconf 69' lang='lat' dir='ltr'><strong>quae</strong></span> <span class='ocrx_word' id='word_1_411' title='bbox 1210 4902 1279 4957; x_wconf 88' lang='lat' dir='ltr'><strong>ab</strong></span> <span class='ocrx_word' id='word_1_412' title='bbox 1303 4902 1422 4972; x_wconf 91' lang='lat' dir='ltr'><strong>ipso</strong></span> <span class='ocrx_word' id='word_1_413' title='bbox 1462 4901 1770 4972; x_wconf 81' lang='lat' dir='ltr'><strong>Amphipoli</strong></span> <span class='ocrx_word' id='word_1_414' title='bbox 1802 4902 1941 4956; x_wconf 80' lang='lat' dir='ltr'><strong>facta</strong></span> <span class='ocrx_word' id='word_1_415' title='bbox 1982 4912 2129 4971; x_wconf 84' lang='lat' dir='ltr'><strong>sunt,</strong></span> 
     </span>
    </p>
   </div>
   <div class='ocr_carea' id='block_1_63' title="bbox 573 4992 2133 5064">
    <p class='ocr_par' dir='ltr' id='par_1_63' title="bbox 573 4992 2133 5064">
     <span class='ocr_line' id='line_1_63' title="bbox 573 4992 2133 5064; baseline -0.003 -12"><span class='ocrx_word' id='word_1_416' title='bbox 573 5006 629 5052; x_wconf 89' lang='lat' dir='ltr'><strong>et</strong></span> <span class='ocrx_word' id='word_1_417' title='bbox 659 4998 713 5051; x_wconf 92' lang='lat' dir='ltr'><strong>in</strong></span> <span class='ocrx_word' id='word_1_418' title='bbox 752 4995 1055 5060; x_wconf 86' lang='lat' dir='ltr'><strong>Thessalia,</strong></span> <span class='ocrx_word' id='word_1_419' title='bbox 1088 5002 1142 5048; x_wconf 88' lang='lat' dir='ltr'><strong>et</strong></span> <span class='ocrx_word' id='word_1_420' title='bbox 1174 4994 1427 5047; x_wconf 81' lang='lat' dir='ltr'><strong>omnibus</strong></span> <span class='ocrx_word' id='word_1_421' title='bbox 1458 4992 1511 5046; x_wconf 89' lang='lat' dir='ltr'><strong>in</strong></span> <span class='ocrx_word' id='word_1_422' title='bbox 1545 4992 1709 5057; x_wconf 88' lang='lat' dir='ltr'><strong>locis,</strong></span> <span class='ocrx_word' id='word_1_423' title='bbox 1830 4995 1885 5050; x_wconf 91' lang='lat' dir='ltr'><strong>in</strong></span> <span class='ocrx_word' id='word_1_424' title='bbox 2013 4996 2133 5064; x_wconf 87' lang='lat' dir='ltr'><strong>qui-</strong></span> 
     </span>
    </p>
   </div>
   <div class='ocr_carea' id='block_1_64' title="bbox 574 5083 2133 5156">
    <p class='ocr_par' dir='ltr' id='par_1_64' title="bbox 574 5083 2133 5156">
     <span class='ocr_line' id='line_1_64' title="bbox 574 5083 2133 5156; baseline -0.004 -13"><span class='ocrx_word' id='word_1_425' title='bbox 574 5089 679 5143; x_wconf 87' lang='lat' dir='ltr'><strong>bus</strong></span> <span class='ocrx_word' id='word_1_426' title='bbox 709 5089 829 5156; x_wconf 90' lang='lat' dir='ltr'><strong>ejus</strong></span> <span class='ocrx_word' id='word_1_427' title='bbox 858 5098 1060 5147; x_wconf 75' lang='lat' dir='ltr'><strong>sermo.</strong></span> <span class='ocrx_word' id='word_1_428' title='bbox 1086 5084 1309 5154; x_wconf 87' lang='lat' dir='ltr'><strong>perinde</strong></span> <span class='ocrx_word' id='word_1_429' title='bbox 1349 5097 1413 5136; x_wconf 88' lang='lat' dir='ltr'><strong>ac</strong></span> <span class='ocrx_word' id='word_1_430' title='bbox 1445 5083 1689 5153; x_wconf 62' lang='lat' dir='ltr'><strong>quadam</strong></span> <span class='ocrx_word' id='word_1_431' title='bbox 1736 5099 1958 5153; x_wconf 85' lang='lat' dir='ltr'><strong>sagena.</strong></span> <span class='ocrx_word' id='word_1_432' title='bbox 1992 5084 2133 5137; x_wconf 90' lang='lat' dir='ltr'><strong>mul-</strong></span> 
     </span>
    </p>
   </div>
   <div class='ocr_carea' id='block_1_65' title="bbox 575 5171 2156 5242">
    <p class='ocr_par' dir='ltr' id='par_1_65' title="bbox 575 5171 2156 5242">
     <span class='ocr_line' id='line_1_65' title="bbox 575 5171 2156 5242; baseline -0.004 -13"><span class='ocrx_word' id='word_1_433' title='bbox 575 5186 661 5231; x_wconf 85' lang='lat' dir='ltr'><strong>tos</strong></span> <span class='ocrx_word' id='word_1_434' title='bbox 698 5182 922 5229; x_wconf 82' lang='lat' dir='ltr'><strong>venatus</strong></span> <span class='ocrx_word' id='word_1_435' title='bbox 961 5179 1045 5227; x_wconf 90' lang='lat' dir='ltr'><strong>est</strong></span> <span class='ocrx_word' id='word_1_436' title='bbox 1080 5172 1147 5226; x_wconf 87' lang='lat' dir='ltr'><strong>ad</strong></span> <span class='ocrx_word' id='word_1_437' title='bbox 1190 5173 1464 5242; x_wconf 86' lang='lat' dir='ltr'><strong>pietatem.</strong></span> <span class='ocrx_word' id='word_1_438' title='bbox 1501 5185 1688 5225; x_wconf 84' lang='lat' dir='ltr'><strong>eorum</strong></span> <span class='ocrx_word' id='word_1_439' title='bbox 1733 5171 1906 5225; x_wconf 90' lang='lat' dir='ltr'><strong>solum</strong></span> <span class='ocrx_word' id='word_1_440' title='bbox 1944 5172 2156 5227; x_wconf 87' lang='lat' dir='ltr'><strong>memi-&#39;</strong></span> 
     </span>
    </p>
   </div>
   <div class='ocr_carea' id='block_1_66' title="bbox 577 5260 2133 5336">
    <p class='ocr_par' dir='ltr' id='par_1_66' title="bbox 577 5260 2133 5336">
     <span class='ocr_line' id='line_1_66' title="bbox 577 5260 2133 5336; baseline -0.006 -13"><span class='ocrx_word' id='word_1_441' title='bbox 577 5284 729 5330; x_wconf 84' lang='lat' dir='ltr'><strong>uero,</strong></span> <span class='ocrx_word' id='word_1_442' title='bbox 762 5280 882 5336; x_wconf 82' lang='lat' dir='ltr'><strong>quae</strong></span> <span class='ocrx_word' id='word_1_443' title='bbox 927 5263 1154 5320; x_wconf 80' lang='lat' dir='ltr'><strong>Athenis</strong></span> <span class='ocrx_word' id='word_1_444' title='bbox 1211 5262 1351 5316; x_wconf 82' lang='lat' dir='ltr'><strong>facta</strong></span> <span class='ocrx_word' id='word_1_445' title='bbox 1402 5268 1553 5325; x_wconf 88' lang='lat' dir='ltr'><strong>sunt,</strong></span> <span class='ocrx_word' id='word_1_446' title='bbox 1598 5277 1692 5331; x_wconf 85' lang='lat' dir='ltr'><strong>per</strong></span> <span class='ocrx_word' id='word_1_447' title='bbox 1717 5276 1837 5329; x_wconf 74' lang='lat' dir='ltr'><strong>quae</strong></span> <span class='ocrx_word' id='word_1_448' title='bbox 1866 5261 2024 5313; x_wconf 87' lang='lat' dir='ltr'><strong>etiam</strong></span> <span class='ocrx_word' id='word_1_449' title='bbox 2064 5260 2133 5313; x_wconf 85' lang='lat' dir='ltr'><strong>ab</strong></span> 
     </span>
    </p>
   </div>
   <div class='ocr_carea' id='block_1_67' title="bbox 576 5350 2128 5429">
    <p class='ocr_par' dir='ltr' id='par_1_67' title="bbox 576 5350 2128 5429">
     <span class='ocr_line' id='line_1_67' title="bbox 576 5350 2128 5429; baseline -0.005 -17"><span class='ocrx_word' id='word_1_450' title='bbox 576 5360 833 5429; x_wconf 86' lang='lat' dir='ltr'><strong>Apostolo</strong></span> <span class='ocrx_word' id='word_1_451' title='bbox 856 5357 974 5427; x_wconf 84' lang='lat' dir='ltr'><strong>ipso</strong></span> <span class='ocrx_word' id='word_1_452' title='bbox 1005 5370 1128 5409; x_wconf 85' lang='lat' dir='ltr'><strong>vere</strong></span> <span class='ocrx_word' id='word_1_453' title='bbox 1158 5370 1389 5425; x_wconf 84' lang='lat' dir='ltr'><strong>magnus</strong></span> <span class='ocrx_word' id='word_1_454' title='bbox 1415 5362 1602 5421; x_wconf 88' lang='lat' dir='ltr'><strong>captus</strong></span> <span class='ocrx_word' id='word_1_455' title='bbox 1628 5352 1726 5405; x_wconf 85' lang='lat' dir='ltr'><strong>l‘uit</strong></span> <span class='ocrx_word' id='word_1_456' title='bbox 1757 5350 2045 5421; x_wconf 89' lang='lat' dir='ltr'><strong>Dionysius</strong></span> <span class='ocrx_word' id='word_1_457' title='bbox 2067 5354 2128 5416; x_wconf 67' lang='grc' dir='ltr'>ε,</span> 
     </span>
    </p>
   </div>
   <div class='ocr_carea' id='block_1_68' title="bbox 575 5444 2132 5521">
    <p class='ocr_par' dir='ltr' id='par_1_68' title="bbox 575 5444 2132 5521">
     <span class='ocr_line' id='line_1_68' title="bbox 575 5444 2132 5521; baseline -0.003 -20"><span class='ocrx_word' id='word_1_458' title='bbox 575 5450 690 5521; x_wconf 86' lang='lat' dir='ltr'><strong>qui,</strong></span> <span class='ocrx_word' id='word_1_459' title='bbox 724 5450 953 5518; x_wconf 83' lang='lat' dir='ltr'><strong>patriam</strong></span> <span class='ocrx_word' id='word_1_460' title='bbox 977 5446 1194 5517; x_wconf 89' lang='lat' dir='ltr'><strong>quidem</strong></span> <span class='ocrx_word' id='word_1_461' title='bbox 1222 5447 1420 5500; x_wconf 87' lang='lat' dir='ltr'><strong>claram</strong></span> <span class='ocrx_word' id='word_1_462' title='bbox 1453 5452 1505 5498; x_wconf 87' lang='lat' dir='ltr'><strong>et</strong></span> <span class='ocrx_word' id='word_1_463' title='bbox 1537 5452 1786 5512; x_wconf 87' lang='lat' dir='ltr'><strong>parentes</strong></span> <span class='ocrx_word' id='word_1_464' title='bbox 1818 5444 1995 5499; x_wconf 85' lang='lat' dir='ltr'><strong>claros</strong></span> <span class='ocrx_word' id='word_1_465' title='bbox 2012 5460 2132 5497; x_wconf 88' lang='lat' dir='ltr'><strong>con-</strong></span> 
     </span>
    </p>
   </div>
   <div class='ocr_carea' id='block_1_69' title="bbox 577 5535 2131 5610">
    <p class='ocr_par' dir='ltr' id='par_1_69' title="bbox 577 5535 2131 5610">
     <span class='ocr_line' id='line_1_69' title="bbox 577 5535 2131 5610; baseline -0.006 -12"><span class='ocrx_word' id='word_1_466' title='bbox 577 5552 820 5605; x_wconf 85' lang='lat' dir='ltr'><strong>secutus,</strong></span> <span class='ocrx_word' id='word_1_467' title='bbox 853 5541 921 5595; x_wconf 86' lang='lat' dir='ltr'><strong>ad</strong></span> <span class='ocrx_word' id='word_1_468' title='bbox 962 5555 1211 5609; x_wconf 81' lang='lat' dir='ltr'><strong>magnam</strong></span> <span class='ocrx_word' id='word_1_469' title='bbox 1260 5538 1501 5610; x_wconf 87' lang='lat' dir='ltr'><strong>pervenit</strong></span> <span class='ocrx_word' id='word_1_470' title='bbox 1549 5538 1800 5606; x_wconf 86' lang='lat' dir='ltr'><strong>gloriam.</strong></span> <span class='ocrx_word' id='word_1_471' title='bbox 1843 5535 1972 5589; x_wconf 84' lang='lat' dir='ltr'><strong>Nam</strong></span> <span class='ocrx_word' id='word_1_472' title='bbox 1998 5536 2131 5604; x_wconf 89' lang='lat' dir='ltr'><strong>justi</strong></span> 
     </span>
    </p>
   </div>
   <div class='ocr_carea' id='block_1_70' title="bbox 579 5624 2130 5704">
    <p class='ocr_par' dir='ltr' id='par_1_70' title="bbox 579 5624 2130 5704">
     <span class='ocr_line' id='line_1_70' title="bbox 579 5624 2130 5704; baseline -0.006 -17"><span class='ocrx_word' id='word_1_473' title='bbox 579 5634 794 5704; x_wconf 87' lang='lat' dir='ltr'><strong>quidem</strong></span> <span class='ocrx_word' id='word_1_474' title='bbox 832 5641 1011 5695; x_wconf 84' lang='lat' dir='ltr'><strong>erant,</strong></span> <span class='ocrx_word' id='word_1_475' title='bbox 1057 5633 1103 5686; x_wconf 80' lang='lat' dir='ltr'><strong>si</strong></span> <span class='ocrx_word' id='word_1_476' title='bbox 1144 5630 1240 5685; x_wconf 85' lang='lat' dir='ltr'><strong>ulli</strong></span> <span class='ocrx_word' id='word_1_477' title='bbox 1269 5646 1335 5685; x_wconf 77' lang='lat' dir='ltr'><strong>ex</strong></span> <span class='ocrx_word' id='word_1_478' title='bbox 1375 5628 1820 5691; x_wconf 83' lang='lat' dir='ltr'><strong>Atheniensibus,</strong></span> <span class='ocrx_word' id='word_1_479' title='bbox 1863 5640 1930 5680; x_wconf 92' lang='lat' dir='ltr'><strong>ne</strong></span> <span class='ocrx_word' id='word_1_480' title='bbox 1955 5624 2130 5680; x_wconf 83' lang='lat' dir='ltr'><strong>dicam</strong></span> 
     </span>
    </p>
   </div>
   <div class='ocr_carea' id='block_1_71' title="bbox 578 5714 2130 5793">
    <p class='ocr_par' dir='ltr' id='par_1_71' title="bbox 578 5714 2130 5793">
     <span class='ocr_line' id='line_1_71' title="bbox 578 5714 2130 5793; baseline -0.008 -11"><span class='ocrx_word' id='word_1_481' title='bbox 578 5726 700 5785; x_wconf 84' lang='lat' dir='ltr'><strong>soli.</strong></span> <span class='ocrx_word' id='word_1_482' title='bbox 744 5727 815 5776; x_wconf 86' lang='lat' dir='ltr'><strong>ita</strong></span> <span class='ocrx_word' id='word_1_483' title='bbox 841 5732 899 5775; x_wconf 85' lang='lat' dir='ltr'><strong>ut</strong></span> <span class='ocrx_word' id='word_1_484' title='bbox 924 5722 1134 5791; x_wconf 82' lang='lat' dir='ltr'><strong>justitia</strong></span> <span class='ocrx_word' id='word_1_485' title='bbox 1173 5721 1383 5793; x_wconf 87' lang='lat' dir='ltr'><strong>insigne</strong></span> <span class='ocrx_word' id='word_1_486' title='bbox 1406 5719 1512 5775; x_wconf 87' lang='lat' dir='ltr'><strong>illis</strong></span> <span class='ocrx_word' id='word_1_487' title='bbox 1542 5725 1707 5787; x_wconf 88' lang='lat' dir='ltr'><strong>esset,</strong></span> <span class='ocrx_word' id='word_1_488' title='bbox 1739 5717 1878 5788; x_wconf 70' lang='lat' dir='ltr'><strong>aequi</strong></span> <span class='ocrx_word' id='word_1_489' title='bbox 1910 5714 2130 5781; x_wconf 80' lang='lat' dir='ltr'><strong>amicis,</strong></span> 
     </span>
    </p>
   </div>
   <div class='ocr_carea' id='block_1_72' title="bbox 702 5856 1025 5908">
    <p class='ocr_par' dir='ltr' id='par_1_72' title="bbox 702 5856 1025 5908">
     <span class='ocr_line' id='line_1_72' title="bbox 702 5856 1025 5908; baseline -0.006 1"><span class='ocrx_word' id='word_1_490' title='bbox 702 5857 726 5897; x_wconf 76' lang='grc'><strong>⁸</strong></span> <span class='ocrx_word' id='word_1_491' title='bbox 751 5856 869 5908; x_wconf 84' lang='lat' dir='ltr'><strong>Act.</strong></span> <span class='ocrx_word' id='word_1_492' title='bbox 896 5869 1025 5907; x_wconf 79' lang='lat' dir='ltr'><strong>mi.</strong></span> 
     </span>
    </p>
   </div>
   <div class='ocr_carea' id='block_1_73' title="bbox 2225 4632 3798 4708">
    <p class='ocr_par' dir='ltr' id='par_1_73' title="bbox 2225 4632 3798 4708">
     <span class='ocr_line' id='line_1_73' title="bbox 2225 4632 3798 4708; baseline 0.004 -24"><span class='ocrx_word' id='word_1_493' title='bbox 2225 4632 2315 4695; x_wconf 86' lang='grc' dir='ltr'>λος</span> <span class='ocrx_word' id='word_1_494' title='bbox 2348 4632 2452 4685; x_wconf 75' lang='grc' dir='ltr'><strong>ἀπὸ</strong></span> <span class='ocrx_word' id='word_1_495' title='bbox 2482 4634 2579 4704; x_wconf 81' lang='grc' dir='ltr'>τῆς</span> <span class='ocrx_word' id='word_1_496' title='bbox 2602 4636 2753 4696; x_wconf 72' lang='grc' dir='ltr'>σκιᾶς</span> <span class='ocrx_word' id='word_1_497' title='bbox 2783 4635 3191 4705; x_wconf 80' lang='grc' dir='ltr'>ὲχειραγωγὴθη</span> <span class='ocrx_word' id='word_1_498' title='bbox 3233 4635 3365 4706; x_wconf 79' lang='grc' dir='ltr'>πρὸς</span> <span class='ocrx_word' id='word_1_499' title='bbox 3389 4636 3489 4705; x_wconf 81' lang='grc' dir='ltr'>τὴν</span> <span class='ocrx_word' id='word_1_500' title='bbox 3519 4639 3798 4708; x_wconf 78' lang='grc' dir='ltr'>ἀλήθειαν,</span> 
     </span>
    </p>
   </div>
   <div class='ocr_carea' id='block_1_74' title="bbox 2225 4721 3798 4796">
    <p class='ocr_par' dir='ltr' id='par_1_74' title="bbox 2225 4721 3798 4796">
     <span class='ocr_line' id='line_1_74' title="bbox 2225 4721 3798 4796; baseline 0.006 -21"><span class='ocrx_word' id='word_1_501' title='bbox 2225 4722 2345 4775; x_wconf 86' lang='grc' dir='ltr'>τότε</span> <span class='ocrx_word' id='word_1_502' title='bbox 2371 4722 2435 4793; x_wconf 80' lang='grc' dir='ltr'>δὴ</span> <span class='ocrx_word' id='word_1_503' title='bbox 2458 4723 2574 4775; x_wconf 87' lang='grc' dir='ltr'>τότε</span> <span class='ocrx_word' id='word_1_504' title='bbox 2599 4723 2741 4795; x_wconf 75' lang='grc' dir='ltr'><strong>ζήλῳ</strong></span> <span class='ocrx_word' id='word_1_505' title='bbox 2773 4725 2848 4794; x_wconf 85' lang='grc' dir='ltr'>τῷ</span> <span class='ocrx_word' id='word_1_506' title='bbox 2886 4727 3011 4795; x_wconf 81' lang='grc' dir='ltr'>περὶ</span> <span class='ocrx_word' id='word_1_507' title='bbox 3040 4726 3129 4779; x_wconf 74' lang='grc' dir='ltr'><strong>τὸν</strong></span> <span class='ocrx_word' id='word_1_508' title='bbox 3151 4726 3381 4796; x_wconf 83' lang='grc' dir='ltr'>Χριστὸν</span> <span class='ocrx_word' id='word_1_509' title='bbox 3432 4721 3591 4791; x_wconf 67' lang='grc' dir='ltr'>οὗτος</span> <span class='ocrx_word' id='word_1_510' title='bbox 3615 4730 3798 4794; x_wconf 78' lang='grc' dir='ltr'>ἁλοὺς,</span> 
     </span>
    </p>
   </div>
   <div class='ocr_carea' id='block_1_75' title="bbox 2224 4813 3801 4888">
    <p class='ocr_par' dir='ltr' id='par_1_75' title="bbox 2224 4813 3801 4888">
     <span class='ocr_line' id='line_1_75' title="bbox 2224 4813 3801 4888; baseline 0.006 -23"><span class='ocrx_word' id='word_1_511' title='bbox 2224 4813 2282 4865; x_wconf 82' lang='grc' dir='ltr'><strong>δν</strong></span> <span class='ocrx_word' id='word_1_512' title='bbox 2309 4813 2591 4885; x_wconf 75' lang='grc' dir='ltr'><strong>ἐζωγρήθη</strong></span> <span class='ocrx_word' id='word_1_513' title='bbox 2620 4816 2815 4886; x_wconf 86' lang='grc' dir='ltr'>τρόπον</span> <span class='ocrx_word' id='word_1_514' title='bbox 2850 4817 2978 4888; x_wconf 82' lang='grc' dir='ltr'>πρὸς</span> <span class='ocrx_word' id='word_1_515' title='bbox 3005 4818 3101 4887; x_wconf 80' lang='grc' dir='ltr'><strong>τὴν</strong></span> <span class='ocrx_word' id='word_1_516' title='bbox 3131 4816 3441 4881; x_wconf 79' lang='grc' dir='ltr'>εὐσέϐειαν,</span> <span class='ocrx_word' id='word_1_517' title='bbox 3480 4820 3672 4874; x_wconf 82' lang='grc' dir='ltr'>τοῦτον</span> <span class='ocrx_word' id='word_1_518' title='bbox 3710 4824 3801 4875; x_wconf 72' lang='grc' dir='ltr'><strong>καὶ</strong></span> 
     </span>
    </p>
   </div>
   <div class='ocr_carea' id='block_1_76' title="bbox 2226 4905 3800 4982">
    <p class='ocr_par' dir='ltr' id='par_1_76' title="bbox 2226 4905 3800 4982">
     <span class='ocr_line' id='line_1_76' title="bbox 2226 4905 3800 4982; baseline 0.006 -26"><span class='ocrx_word' id='word_1_519' title='bbox 2226 4905 2323 4975; x_wconf 74' lang='grc' dir='ltr'><strong>τὴν</strong></span> <span class='ocrx_word' id='word_1_520' title='bbox 2340 4906 2659 4976; x_wconf 82' lang='grc' dir='ltr'>οἰκουμένην</span> <span class='ocrx_word' id='word_1_521' title='bbox 2672 4906 2923 4961; x_wconf 73' lang='grc' dir='ltr'>ἔσπευδεν</span> <span class='ocrx_word' id='word_1_522' title='bbox 2940 4909 3460 4971; x_wconf 81' lang='grc' dir='ltr'>ὲπισπάσασθαι,καὶ</span> <span class='ocrx_word' id='word_1_523' title='bbox 3474 4912 3515 4963; x_wconf 86' lang='grc' dir='ltr'><strong>Χ</strong></span> <span class='ocrx_word' id='word_1_524' title='bbox 3528 4913 3700 4982; x_wconf 81' lang='grc' dir='ltr'>ριστῷ</span> <span class='ocrx_word' id='word_1_525' title='bbox 3716 4913 3800 4966; x_wconf 77' lang='grc' dir='ltr'><strong>διὰ</strong></span> 
     </span>
    </p>
   </div>
   <div class='ocr_carea' id='block_1_77' title="bbox 2226 4994 3801 5072">
    <p class='ocr_par' dir='ltr' id='par_1_77' title="bbox 2226 4994 3801 5072">
     <span class='ocr_line' id='line_1_77' title="bbox 2226 4994 3801 5072; baseline 0.008 -27"><span class='ocrx_word' id='word_1_526' title='bbox 2226 4994 2327 5061; x_wconf 83' lang='grc' dir='ltr'>τῆς</span> <span class='ocrx_word' id='word_1_527' title='bbox 2360 4995 2596 5059; x_wconf 86' lang='grc' dir='ltr'>πίστεως</span> <span class='ocrx_word' id='word_1_528' title='bbox 2641 4996 3037 5050; x_wconf 74' lang='grc' dir='ltr'>οἰκειώσασθαι.</span> <span class='ocrx_word' id='word_1_529' title='bbox 3078 5000 3186 5052; x_wconf 63' lang='grc' dir='ltr'>Καί</span> <span class='ocrx_word' id='word_1_530' title='bbox 3203 5000 3287 5051; x_wconf 82' lang='grc' dir='ltr'>ἴνα</span> <span class='ocrx_word' id='word_1_531' title='bbox 3305 5000 3371 5053; x_wconf 81' lang='grc' dir='ltr'>τὰ</span> <span class='ocrx_word' id='word_1_532' title='bbox 3397 5003 3457 5053; x_wconf 81' lang='grc' dir='ltr'><strong>ἐν</strong></span> <span class='ocrx_word' id='word_1_533' title='bbox 3474 5002 3801 5072; x_wconf 75' lang='grc' dir='ltr'>Ἀμφιπόλει</span> 
     </span>
    </p>
   </div>
   <div class='ocr_carea' id='block_1_78' title="bbox 2227 5085 3802 5166">
    <p class='ocr_par' dir='ltr' id='par_1_78' title="bbox 2227 5085 3802 5166">
     <span class='ocr_line' id='line_1_78' title="bbox 2227 5085 3802 5166; baseline 0.008 -28"><span class='ocrx_word' id='word_1_534' title='bbox 2227 5086 2319 5139; x_wconf 71' lang='grc' dir='ltr'><strong>καὶ</strong></span> <span class='ocrx_word' id='word_1_535' title='bbox 2348 5085 2614 5159; x_wconf 79' lang='grc' dir='ltr'>Θεσσαλίᾳ</span> <span class='ocrx_word' id='word_1_536' title='bbox 2640 5089 2818 5159; x_wconf 83' lang='grc' dir='ltr'>παρῶ,</span> <span class='ocrx_word' id='word_1_537' title='bbox 2846 5090 2938 5142; x_wconf 73' lang='grc' dir='ltr'><strong>καὶ</strong></span> <span class='ocrx_word' id='word_1_538' title='bbox 2966 5091 3023 5142; x_wconf 74' lang='grc' dir='ltr'><strong>ὲν</strong></span> <span class='ocrx_word' id='word_1_539' title='bbox 3044 5086 3370 5154; x_wconf 76' lang='grc' dir='ltr'>οἴςότούτου</span> <span class='ocrx_word' id='word_1_540' title='bbox 3396 5092 3574 5160; x_wconf 83' lang='grc' dir='ltr'>λόγος,</span> <span class='ocrx_word' id='word_1_541' title='bbox 3610 5094 3802 5166; x_wconf 70' lang='grc' dir='ltr'>ὥσπερ</span> 
     </span>
    </p>
   </div>
   <div class='ocr_carea' id='block_1_79' title="bbox 2227 5181 3798 5258">
    <p class='ocr_par' dir='ltr' id='par_1_79' title="bbox 2227 5181 3798 5258">
     <span class='ocr_line' id='line_1_79' title="bbox 2227 5181 3798 5258; baseline 0.008 -29"><span class='ocrx_word' id='word_1_542' title='bbox 2227 5194 2307 5239; x_wconf 88' lang='grc' dir='ltr'><strong>τις</strong></span> <span class='ocrx_word' id='word_1_543' title='bbox 2341 5181 2567 5249; x_wconf 84' lang='grc' dir='ltr'>σαγήνη,</span> <span class='ocrx_word' id='word_1_544' title='bbox 2595 5181 2719 5243; x_wconf 78' lang='grc' dir='ltr'>τοὺς</span> <span class='ocrx_word' id='word_1_545' title='bbox 2742 5181 2966 5243; x_wconf 82' lang='grc' dir='ltr'>πολλοὺς</span> <span class='ocrx_word' id='word_1_546' title='bbox 2982 5182 3118 5252; x_wconf 81' lang='grc' dir='ltr'>πρὸς</span> <span class='ocrx_word' id='word_1_547' title='bbox 3142 5183 3240 5253; x_wconf 85' lang='grc' dir='ltr'><strong>τὴν</strong></span> <span class='ocrx_word' id='word_1_548' title='bbox 3266 5183 3545 5238; x_wconf 69' lang='grc' dir='ltr'>εὐσέϐειαν</span> <span class='ocrx_word' id='word_1_549' title='bbox 3572 5186 3798 5258; x_wconf 77' lang='grc' dir='ltr'>ἧγρευε,</span> 
     </span>
    </p>
   </div>
   <div class='ocr_carea' id='block_1_80' title="bbox 2230 5267 3801 5349">
    <p class='ocr_par' dir='ltr' id='par_1_80' title="bbox 2230 5267 3801 5349">
     <span class='ocr_line' id='line_1_80' title="bbox 2230 5267 3801 5349; baseline 0.008 -32"><span class='ocrx_word' id='word_1_550' title='bbox 2230 5267 2332 5318; x_wconf 82' lang='grc' dir='ltr'>τῶν</span> <span class='ocrx_word' id='word_1_551' title='bbox 2365 5269 2421 5320; x_wconf 74' lang='grc' dir='ltr'><strong>ἐν</strong></span> <span class='ocrx_word' id='word_1_552' title='bbox 2465 5271 2709 5340; x_wconf 76' lang='grc' dir='ltr'>Ἀθήναις</span> <span class='ocrx_word' id='word_1_553' title='bbox 2741 5272 2912 5341; x_wconf 74' lang='grc' dir='ltr'>μόνων</span> <span class='ocrx_word' id='word_1_554' title='bbox 2942 5274 3337 5343; x_wconf 75' lang='grc' dir='ltr'>μνησθήσομαι,</span> <span class='ocrx_word' id='word_1_555' title='bbox 3366 5274 3433 5326; x_wconf 72' lang='grc' dir='ltr'>δι’</span> <span class='ocrx_word' id='word_1_556' title='bbox 3463 5268 3537 5327; x_wconf 81' lang='grc' dir='ltr'><strong>ὧν</strong></span> <span class='ocrx_word' id='word_1_557' title='bbox 3575 5277 3801 5349; x_wconf 76' lang='grc' dir='ltr'>θήραμα</span> 
     </span>
    </p>
   </div>
   <div class='ocr_carea' id='block_1_81' title="bbox 2233 5357 3800 5432">
    <p class='ocr_par' dir='ltr' id='par_1_81' title="bbox 2233 5357 3800 5432">
     <span class='ocr_line' id='line_1_81' title="bbox 2233 5357 3800 5432; baseline 0.007 -22"><span class='ocrx_word' id='word_1_558' title='bbox 2233 5357 2301 5427; x_wconf 73' lang='grc' dir='ltr'>τῷ</span> <span class='ocrx_word' id='word_1_559' title='bbox 2342 5359 2644 5430; x_wconf 79' lang='grc' dir='ltr'>’Δποστόλῳ</span> <span class='ocrx_word' id='word_1_560' title='bbox 2674 5362 2765 5414; x_wconf 84' lang='grc' dir='ltr'><strong>καί</strong></span> <span class='ocrx_word' id='word_1_561' title='bbox 2796 5363 2823 5412; x_wconf 86' lang='grc' dir='ltr'>ὁ</span> <span class='ocrx_word' id='word_1_562' title='bbox 2853 5362 3024 5432; x_wconf 86' lang='grc' dir='ltr'>μέγας</span> <span class='ocrx_word' id='word_1_563' title='bbox 3054 5364 3219 5426; x_wconf 78' lang='grc' dir='ltr'>ὅντως</span> <span class='ocrx_word' id='word_1_564' title='bbox 3257 5365 3579 5419; x_wconf 79' lang='grc' dir='ltr'>καθίσταται</span> <span class='ocrx_word' id='word_1_565' title='bbox 3616 5366 3800 5421; x_wconf 69' lang='grc' dir='ltr'>Διονῦ-</span> 
     </span>
    </p>
   </div>
   <div class='ocr_carea' id='block_1_82' title="bbox 2226 5451 3797 5523">
    <p class='ocr_par' dir='ltr' id='par_1_82' title="bbox 2226 5451 3797 5523">
     <span class='ocr_line' id='line_1_82' title="bbox 2226 5451 3797 5523; baseline 0.006 -21"><span class='ocrx_word' id='word_1_566' title='bbox 2226 5466 2369 5508; x_wconf 75' lang='grc' dir='ltr'>σιος·</span> <span class='ocrx_word' id='word_1_567' title='bbox 2404 5451 2461 5514; x_wconf 85' lang='grc' dir='ltr'><strong>δς</strong></span> <span class='ocrx_word' id='word_1_568' title='bbox 2501 5454 2755 5522; x_wconf 84' lang='grc' dir='ltr'>πατρίδος</span> <span class='ocrx_word' id='word_1_569' title='bbox 2794 5454 2889 5523; x_wconf 82' lang='grc' dir='ltr'><strong>μὲν</strong></span> <span class='ocrx_word' id='word_1_570' title='bbox 2921 5454 3244 5522; x_wconf 64' lang='grc' dir='ltr'>ἐπιφανοῦς,</span> <span class='ocrx_word' id='word_1_571' title='bbox 3289 5457 3568 5522; x_wconf 65' lang='grc' dir='ltr'>ἐπιφανῶν</span> <span class='ocrx_word' id='word_1_572' title='bbox 3612 5459 3669 5512; x_wconf 75' lang='grc' dir='ltr'>δὲ</span> <span class='ocrx_word' id='word_1_573' title='bbox 3707 5462 3797 5512; x_wconf 78' lang='grc' dir='ltr'>καὶ</span> 
     </span>
    </p>
   </div>
   <div class='ocr_carea' id='block_1_83' title="bbox 2227 5542 3796 5614">
    <p class='ocr_par' dir='ltr' id='par_1_83' title="bbox 2227 5542 3796 5614">
     <span class='ocr_line' id='line_1_83' title="bbox 2227 5542 3796 5614; baseline 0.006 -23"><span class='ocrx_word' id='word_1_574' title='bbox 2227 5542 2559 5613; x_wconf 80' lang='grc' dir='ltr'>γεννητόρων</span> <span class='ocrx_word' id='word_1_575' title='bbox 2591 5543 2784 5613; x_wconf 81' lang='grc' dir='ltr'>τυχὼν,</span> <span class='ocrx_word' id='word_1_576' title='bbox 2820 5547 2909 5597; x_wconf 71' lang='grc' dir='ltr'><strong>ἐπὶ</strong></span> <span class='ocrx_word' id='word_1_577' title='bbox 2949 5545 3085 5614; x_wconf 74' lang='grc' dir='ltr'>μέγα</span> <span class='ocrx_word' id='word_1_578' title='bbox 3120 5546 3274 5614; x_wconf 76' lang='grc' dir='ltr'>δόξης</span> <span class='ocrx_word' id='word_1_579' title='bbox 3302 5548 3543 5614; x_wconf 66' lang='grc' dir='ltr'>ἀφίκετο.</span> <span class='ocrx_word' id='word_1_580' title='bbox 3584 5551 3796 5601; x_wconf 75' lang='grc' dir='ltr'>Δίκαιοι</span> 
     </span>
    </p>
   </div>
   <div class='ocr_carea' id='block_1_84' title="bbox 2230 5633 3789 5711">
    <p class='ocr_par' dir='ltr' id='par_1_84' title="bbox 2230 5633 3789 5711">
     <span class='ocr_line' id='line_1_84' title="bbox 2230 5633 3789 5711; baseline 0.006 -28"><span class='ocrx_word' id='word_1_581' title='bbox 2230 5633 2327 5700; x_wconf 80' lang='grc' dir='ltr'><strong>μὲν</strong></span> <span class='ocrx_word' id='word_1_582' title='bbox 2365 5634 2491 5704; x_wconf 74' lang='grc' dir='ltr'>γὰρ,</span> <span class='ocrx_word' id='word_1_583' title='bbox 2529 5636 2684 5706; x_wconf 81' lang='grc' dir='ltr'>εἴπερ</span> <span class='ocrx_word' id='word_1_584' title='bbox 2711 5654 2792 5699; x_wconf 91' lang='grc' dir='ltr'><strong>τις</strong></span> <span class='ocrx_word' id='word_1_585' title='bbox 2837 5636 3152 5707; x_wconf 84' lang='grc' dir='ltr'>Ἀθηναίων,</span> <span class='ocrx_word' id='word_1_586' title='bbox 3187 5640 3273 5692; x_wconf 81' lang='grc' dir='ltr'><strong>ἵνα</strong></span> <span class='ocrx_word' id='word_1_587' title='bbox 3320 5640 3391 5711; x_wconf 79' lang='grc' dir='ltr'>μὴ</span> <span class='ocrx_word' id='word_1_588' title='bbox 3424 5640 3567 5707; x_wconf 79' lang='grc' dir='ltr'>λέγω</span> <span class='ocrx_word' id='word_1_589' title='bbox 3610 5642 3789 5710; x_wconf 78' lang='grc' dir='ltr'>μόνοι·</span> 
     </span>
    </p>
   </div>
   <div class='ocr_carea' id='block_1_85' title="bbox 2228 5723 3786 5803">
    <p class='ocr_par' dir='ltr' id='par_1_85' title="bbox 2228 5723 3786 5803">
     <span class='ocr_line' id='line_1_85' title="bbox 2228 5723 3786 5803; baseline 0.003 -27"><span class='ocrx_word' id='word_1_590' title='bbox 2228 5723 2320 5776; x_wconf 73' lang='grc' dir='ltr'><strong>καὶ</strong></span> <span class='ocrx_word' id='word_1_591' title='bbox 2338 5724 2647 5798; x_wconf 77' lang='grc' dir='ltr'>δικαιοσύνη</span> <span class='ocrx_word' id='word_1_592' title='bbox 2676 5730 2785 5790; x_wconf 81' lang='grc' dir='ltr'>τοῖς</span> <span class='ocrx_word' id='word_1_593' title='bbox 2816 5727 3057 5795; x_wconf 75' lang='grc' dir='ltr'>γονεῦσιν</span> <span class='ocrx_word' id='word_1_594' title='bbox 3083 5725 3147 5783; x_wconf 79' lang='grc' dir='ltr'><strong>ἦν</strong></span> <span class='ocrx_word' id='word_1_595' title='bbox 3183 5730 3242 5783; x_wconf 75' lang='grc' dir='ltr'>τὸ</span> <span class='ocrx_word' id='word_1_596' title='bbox 3273 5730 3561 5803; x_wconf 72' lang='grc' dir='ltr'>ἐπίσημον,</span> <span class='ocrx_word' id='word_1_597' title='bbox 3610 5733 3786 5802; x_wconf 50' lang='grc' dir='ltr'>γέλως</span> 
     </span>
    </p>
   </div>
  </div>
