3968 6472
185 418 329 485 1033

1148 422 1323 484 VlTA
1366 422 1429 482 S.
1472 421 1817 487 DlONYSll
1862 424 2387 488 AREOPAGITE.

3267 422 3402 489 ιοδι

184 546 476 613 ἐπιεικεῖς,
500 544 696 615 ἥμεροι
728 547 841 608 τοῖς
864 544 1050 608 ξένοις,
1075 547 1182 606 τοῖς
1212 544 1429 607 οἰκείοις
1456 542 1738 616 φιλάνθρω

1854 543 2120 599 mansueti
2168 542 2551 611 hospitalibus,
2604 540 2820 608 benigni
2873 540 2926 593 in
2977 539 3294 602 tamiliares,
3344 549 3402 593 et

191 650 307 699 ποι,
346 635 649 706 χρηστότης
682 636 863 698 αὐτοῖς
898 636 996 688 οὐκ
1036 634 1310 699 ἐπίδειξις,
1339 635 1738 707 ὑποκαθημένηε

1857 649 1981 691 vers
2015 635 2231 688 bonitas
2259 642 2376 687 erat
2405 633 2485 687 eis
2523 631 2758 696 bonitas,
2801 644 2909 684 nou
2942 629 3251 692 ostentatio,
3285 645 3407 699 qua:

183 725 266 787 ὡς
290 726 359 779 τά
400 725 569 779 πολλά
600 728 703 798 τὴν
735 728 1036 798 σκαιότητα
1064 727 1284 798 ἔχουσα,
1315 727 1451 780 ἀλλά
1492 744 1544 779 τι
1588 727 1757 794 σαφὲς

186 813 441 885 γέννημα
470 815 570 883 τῆς
595 816 791 887 ψυχῆς,
829 819 922 870 καὶ
948 818 1047 887 τῆς
1070 819 1221 871 ενδον
1269 820 1552 889 χαρακτὴρ
1582 818 1756 872 διαθέ-

187 920 350 968 σεως.
400 907 615 978 Ἐπειδὴ
639 907 695 961 δὲ
738 908 990 981 Ἀθήνῃσι
1024 908 1232 972 Παῦλος
1259 910 1501 976 ἐγένετο,
1528 910 1618 963 καὶ
1646 912 1755 971 τοῖς

201 999 599 1069 Ἐπικουρείοις
626 999 693 1051 τὰ
727 1001 1037 1070 Πυθαγόρου
1082 1001 1403 1071 κρατύνουσι
1434 1000 1749 1071 συμϐαλὼν,

184 1091 353 1158 ἔργου
377 1091 551 1160 εἴχετο
574 1092 651 1161 τῷ
693 1093 789 1161 τῆς
817 1091 1065 1154 ἀσεϐείας
1088 1094 1280 1155 αὐτοὺς
1304 1093 1604 1161 ἀποστῆσαι
1631 1092 1753 1158 δογ-

191 1179 407 1247 μάτων,
438 1182 531 1232 καὶ
574 1181 878 1251 μεταθεῖναι
914 1182 1047 1252 πρὸς
1082 1182 1181 1251 τὴν
1211 1181 1507 1244 εὐσέϐειαν,
1540 1181 1665 1243 τούς
1691 1197 1751 1233 τε

183 1269 296 1322 τῶν
320 1270 551 1324 είδὼλων
572 1272 1032 1343 καταστρέφεσθαι
1056 1274 1234 1336 ναοὺς,
1259 1274 1351 1325 καὶ
1379 1276 1558 1325 πεῖσαι
1595 1273 1749 1343 Ἀθη-

186 1360 375 1422 ναίους
405 1362 460 1413 ἐν
483 1364 544 1431 τῇ
571 1361 772 1432 ἐσχάτῃ
788 1361 969 1431 ἡμέρᾳ.
991 1362 1090 1430 τῆς
1106 1363 1336 1431 κρίσεως
1356 1361 1749 1431 ἀναστήσεσθαι

186 1449 424 1518 μέλλειν,
444 1452 536 1503 καί¹
549 1451 698 1513 δίκας
709 1450 817 1503 τῶν
834 1452 1013 1515 αὐτοῖς
1033 1451 1401 1521 εἰργασμένων
1418 1452 1749 1523 εἰσπραχθῆ-

183 1541 407 1594 σεσθαι·
442 1535 584 1593 οὗτοι
617 1542 694 1604 δέ,
718 1541 827 1594 τῶν
865 1542 1037 1595 ἄλλων
1075 1543 1168 1594 ἆτε
1208 1542 1750 1613 δεισιδαιμονέστερον

180 1634 534 1703 διακείμενοι,
570 1634 663 1685 καὶ
690 1635 770 1697 εἰς
796 1632 994 1695 πολλὰς
1032 1630 1188 1697 δόξας
1225 1633 1316 1684 καὶ
1350 1633 1558 1694 πίστεις
1595 1649 1747 1703 μερι-

180 1724 420 1793 ζόμενοι,
455 1722 802 1795 μυκτηρίζειν
829 1724 989 1776 αὑτὸν
1010 1723 1340 1793 ἐπεχείρουν,
1365 1722 1563 1774 καινῶν
1587 1722 1747 1775 τινῶν

179 1816 279 1868 καί
313 1814 477 1881 ξένων
505 1816 791 1886 δαιμονίων
817 1815 1154 1884 καταγγελέα
1184 1813 1490 1876 καλοῦντεςτ
1520 1814 1667 1877 ὅπως
1690 1814 1748 1868 δέ

181 1906 261 1976 μὴ
291 1883 652 1977 μυκτηρισμῷ
679 1908 833 1977 μόνον
865 1908 993 1979 παρ’
1026 1906 1201 1959 αὐτῶν
1235 1906 1497 1975 βάλλοιτο,
1532 1906 1667 1959 ἀλλά
1690 1924 1741 1960 τι
1772 1883 1814 1939 Β

173 1997 403 2050 καὶτῶν
433 1996 669 2069 ἀνιαρῶν
705 1998 967 2068 ὑποσταίη
1010 1998 1162 2060 δίκας
1193 1997 1299 2050 τῶν
1328 1998 1417 2051 ὑπ’
1442 1997 1606 2052 αὑτοῦ
1638 2014 1740 2067 κη-

174 2088 521 2159 ρυττομένων
532 2089 723 2153 διδοὺς,
738 2089 1115 2160 ἐπιλαϐόμενοι
1135 2090 1297 2143 αὑτοῦ
1314 2092 1405 2143 ἐπί
1423 2090 1513 2142 τὸν
1530 2091 1746 2163 Ἀρειον

174 2178 356 2246 πάγον
385 2181 619 2249 ἦγαγον⁸
649 2179 708 2241 ὃς
727 2180 889 2243 τόπος
919 2180 1015 2252 μὲν
1045 2176 1113 2251 ἦν
1143 2180 1481 2250 συναγωγῆς,
1515 2182 1607 2234 καὶ
1636 2180 1746 2234 τῶν

187 2268 430 2340 Ἀθηνῶν
457 2270 534 2323 ἔτι
561 2270 851 2324 καθίστατο
872 2271 1232 2343 δικαστήριον.
1264 2272 1325 2325 Εἰ
1344 2271 1451 2342 γὰρ
1482 2273 1572 2324 καὶ
1609 2270 1745 2326 Ῥω-

175 2364 329 2431 μαῖοι
375 2362 591 2415 πάντων
630 2362 752 2415 τότε
796 2363 1089 2433 ἐκράτουν,
1131 2363 1244 2416 ἀλλ’
1292 2362 1604 2433 Ἀθηναίους
1649 2363 1746 2418 καὶ

170 2452 631 2521 Λακεδαιμονίους
670 2452 993 2521 αὐτονόμους
1026 2454 1257 2523 ἀφῆκαν.
1292 2454 1515 2525 Εἴρηται
1542 2455 1599 2508 δὲ
1644 2471 1744 2525 μυ-

172 2541 344 2603 θικῶς
379 2541 539 2604 οὕτω,
576 2541 824 2613 καθάπερ
865 2543 1057 2595 ἐκεῖνοί
1106 2560 1286 2611 φασιν,
1328 2545 1435 2597 άπὸ
1468 2544 1561 2598 τοῦ
1587 2546 1745 2618 δίκην

171 2633 230 2684 ἐν
264 2632 412 2702 αὐτῷ
440 2632 532 2685 τὸν
565 2631 799 2685 Ποσειδῶ
820 2630 959 2686 κατὰ
993 2631 1087 2685 τοῦ
1122 2634 1327 2704 Ἄρεως
1355 2635 1628 2704 ὑποσχεῖν,
1660 2638 1740 2690 ὃτι

167 2723 265 2776 τὸν
295 2723 484 2775 τούτου
531 2724 643 2777 υἱὸν
686 2724 997 2778 ἀπέκτεινεν
1037 2724 1379 2797 Ἁλιρρόθιον.
1426 2728 1741 2795 Ἀγαγὸντες

168 2809 265 2865 οὖν
299 2815 461 2865 αὑτὸν
492 2814 633 2882 (ἐπεὶ
663 2816 756 2868 καὶ
774 2816 851 2886 τῷ
881 2815 990 2867 τῶν
1018 2816 1220 2887 θρόνων
1244 2816 1385 2886 ὕψει,
1416 2820 1509 2871 καὶ
1540 2821 1607 2890 τῇ
1638 2836 1739 2871 κα-

168 2904 517 2974 ταργουμένῃ
543 2905 701 2974 σοφία
739 2906 877 2974 μέγα
909 2908 1184 2977 ἐφρόνουν,
1212 2910 1306 2961 καὶ
1331 2908 1443 2979 ἅμα
1466 2910 1572 2961 τῶν
1605 2926 1741 2979 γινο-

173 2996 353 3065 μένων
376 2997 637 3066 ἀκροαταὶ
659 2998 752 3048 καὶ
781 2998 961 3068 κριταὶ
1001 2999 1374 3071 προεκάθηντο
1391 3018 1403 3031 ο
1444 2997 1518 3055 ὧν
1540 2997 1618 3066 εἷς
1646 3004 1739 3057 καὶ

170 3086 446 3149 Διονύσιος
486 3082 572 3157 ἦν,
618 3089 720 3140 κάν
750 3090 860 3149 τοῖς
896 3088 1069 3156 λόγοις
1109 3091 1210 3142 κᾶν
1240 3096 1351 3154 τοῖς
1377 3092 1740 3166 δικαστηρίοις

170 3176 233 3227 τὸ
266 3178 444 3230 πλεῖον
462 3180 905 3252 άποφερόμενος)⁸
938 3180 1062 3243 «Τίς
1097 3184 1130 3252 ὴ
1167 3183 1324 3252 καινὴ
1354 3184 1488 3253 αὕτη
1512 3186 1604 3236 καὶ
1636 3186 1740 3237 ὑπὸ

171 3263 269 3318 σοῦ
290 3264 610 3337 λαλουμένη,
645 3286 663 3319 ι
690 3268 823 3338 πρὸς
854 3269 943 3321 τὸν
973 3268 1179 3321 Παῦλον
1210 3271 1435 3341 ἔφησαν,
1468 3290 1485 3323 t
1531 3271 1735 3345 διδαχὴ,

167 3355 268 3407 καὶ
285 3356 354 3408 τὰ
389 3356 526 3425 σοφὰ
546 3356 639 3409 καὶ
667 3359 1088 3427 περινενοημένα
1118 3362 1452 3432 σοφίσματας
1482 3364 1576 3415 καὶ
1604 3365 1689 3425 τίς
1710 3366 1740 3417 ό

168 3449 518 3522 θεάνθρωπος
562 3448 797 3519 Ίησοῦς;
842 3450 934 3501 καὶ
972 3450 999 3500 ὁ
1037 3451 1128 3503 ἐπὶ
1158 3450 1311 3518 ξύλου
1344 3452 1608 3525 ζωοδὸτης
1646 3455 1739 3510 καὶ

168 3539 365 3609 κριτὴς
397 3538 777 3607 εὐθυνόμενος;
811 3537 1084 3604 ξενίζοντα
1126 3540 1233 3610 γάρ
1270 3556 1389 3591 τινα
1433 3541 1616 3611 φέρεις
1659 3544 1739 3605 εἰς

166 3629 267 3692 τὰς
312 3629 480 3692 ἀκοὰς
509 3629 683 3699 ἡμῶν.
723 3629 1029 3699 Βουλόμεθα
1056 3625 1147 3689 οὖν
1171 3631 1392 3697 γνῶναι,
1432 3630 1482 3681 τί
1518 3632 1582 3683 ἂν
1612 3630 1737 3699 βού-

166 3719 312 3772 λοιτο
342 3718 533 3781 ταῦτα,
561 3719 654 3772 καὶ
680 3721 813 3791 πρὸς
842 3720 869 3773 ὃ
902 3720 1145 3791 φέρουσι.
1176 3738 1192 3770 ι
1218 3721 1323 3772 Καὶ
1343 3720 1418 3784 ὃς,
1443 3720 1503 3772 τὸ
1524 3720 1736 3791 πρῶτον

167 3810 411 3880 ἐπαίρων
446 3824 505 3860 τε
529 3808 643 3878 ἄμα
675 3808 743 3861 τὰ
764 3810 983 3861 ἐκείνων
1016 3810 1107 3862 καὶ
1127 3807 1191 3860 δι’
1216 3810 1434 3862 ἐπαίνου
1459 3810 1735 3882 τιθέμενος

165 3895 278 3951 οἷον
335 3895 503 3964 εἰκδς,
566 3899 652 3953 ῖνα
675 3899 747 3971 μὴ
768 3901 879 3960 τοῖς
896 3897 1085 3968 ἀήθεσι
1109 3900 1198 3950 καὶ
1222 3898 1390 3961 ξένοι-ς
1419 3900 1594 3965 λόγοις
1611 3917 1733 3969 τρα-

165 3990 411 4058 χύνοιντο
456 3989 646 4060 (θυμὸν
680 3990 788 4061 γὰρ
839 3989 1184 4059 ὑποστρέφει,
1236 3992 1415 4060 φησὶν,
1447 3991 1734 4062 ἀπόκρισις

166 4078 600 4147 ύποπίπτουσαγ
639 4096 658 4128 ι
695 4078 937 4148 Ἄνδρες,
972 4074 1142 4140 εἷπεν,
1189 4078 1476 4150 Ἀθηναῖοι,
1510 4081 1636 4152 περὶ
1659 4074 1733 4135 ὧν

167 4168 526 4232 πυνθάνεσθε,
558 4167 801 4240 ὕστερον,
839 4170 887 4222 εἰ
932 4169 1103 4233 δοκεῖ,
1155 4170 1498 4243 διηγήσομαι·
1542 4174 1635 4226 νῦν
1677 4175 1733 4228 δὲ

164 4260 309 4313 κατὰ
324 4259 499 4313 πάντα
518 4259 591 4321 ὠς
606 4259 1187 4330 δεισιδαιμονεστέρους
1202 4262 1341 4331 ὑμᾶς
1358 4262 1563 4333 θεωρῶ.
1582 4267 1733 4334 Διερ-

162 4352 391 4421 χόμενος
404 4349 512 4419 γάρ
528 4350 697 4402 καὶτὰ
714 4350 1028 4419 σεϐάσματα
1044 4352 1073 4403 ύ
1082 4351 1194 4421 μῶν
1211 4352 1547 4425 ἀναθεωρῶν.
1576 4350 1730 4427 εὖρον

161 4440 260 4492 καὶ
296 4437 497 4508 βωμὸν,
537 4440 591 4490 ἐν
617 4430 661 4504 ᾧ
693 4438 1087 4505 ἐπεγέγραπτο·
1138 4440 1433 4509 Ἀγνώστῳ
1464 4444 1601 4509 Θεῷ.
1635 4450 1731 4500 Ὃν

162 4523 259 4581 οὖν
304 4526 619 4594 ἀγνοοῦντες
662 4526 951 4591 εὐσεϐεῖτε,
1006 4526 1192 4580 τοῦτον
1229 4530 1339 4597 ἐγὼ
1382 4536 1729 4601 καταγγέλλω

164 4620 325 4687 ὑμῖν
359 4618 406 4669 εἰ
434 4617 540 4687 ἄρα
567 4616 911 4686 ψηλαφήσετε
940 4620 1119 4685 αὐτὸν,
1156 4621 1248 4673 κα¹ι
1269 4620 1497 4691 εὕροιτε,
1533 4628 1625 4678 καί
1665 4644 1727 4695 γε

160 4709 225 4759 ού
270 4706 485 4777 μακρὰν
518 4706 609 4775 ἀφ’
644 4706 869 4759 ἑκάστου
907 4709 1056 4777 ὑμῶν
1099 4711 1422 4781 ὑπάρχοντα.
1466 4713 1550 4766 Ἐν
1581 4718 1727 4788 αὐτῷ

163 4795 274 4865 γὰρ
300 4794 479 4864 ζῶμεν
501 4797 592 4849 καὶ
617 4796 907 4865 κινούμεθα
938 4800 1029 4878 καὶ
1046 4801 1225 4870 ἐσμέν.
1252 4825 1268 4853 ι
1288 4804 1500 4857 Τούτων
1533 4808 1724 4861 ἐκεῖνοι

162 4884 515 4946 ἀκούσαντες,
539 4885 631 4938 καὶ
648 4886 727 4938 ὅτι
750 4884 959 4957 πλήρης
984 4891 1011 4940 ό
1033 4887 1185 4956 λόγος
1206 4894 1418 4963 κομιξνῆς
1438 4895 1725 4965 ἐτύγχανεν

157 4974 418 5038 διανοίας,
463 4970 549 5028 οἷα
587 4975 812 5046 βροντῆς
846 4979 959 5047 ἤχῳ
997 4982 1460 5050 καταπλαγέντες,
1515 4987 1724 5059 ἀφωνία

160 5066 487 5136 συνείχοντο.
533 5068 655 5136 Ὀψὲ
675 5067 730 5121 δὲ
764 5070 855 5120 καὶ
892 5070 1040 5137 μόλις
1076 5092 1092 5121 ι
1139 5074 1503 5143 Ἀκουσόμεοὰ
1540 5095 1631 5130 σου
1655 5082 1719 5148 τῇ

158 5158 478 5228 ύστεραίᾳ,»
526 5160 999 5229 ἐπιφθεγξάμενοι,
1039 5164 1129 5215 τοῦ
1168 5165 1513 5237 δικαστηρίου
1536 5170 1720 5221 τοῦτον

154 5248 398 5316 ἀφῆκαν.
448 5247 681 5311 Ἐξεισιν
719 5247 810 5302 οὖν
834 5251 861 5301 ό
888 5250 1096 5313 Παῦλος
1132 5255 1192 5305 οὐ
1235 5248 1416 5318 κεναῖς
1462 5260 1632 5327 χερσὶ,
1662 5260 1720 5310 τὸ

152 5338 438 5408 ᾀδόμενονσ
464 5338 575 5391 ἀλλ’
603 5340 931 5409 ἐφεπόμενον
961 5341 1049 5393 τὸν
1080 5344 1335 5415 πρόεδρον
1362 5365 1416 5398 τε
1451 5350 1541 5402 καὶ
1561 5367 1719 5419 κορυ-

152 5433 311 5497 φαῖον
337 5429 435 5498 τῆς
468 5429 573 5480 τῶν
613 5431 875 5498 σοφιστῶν
912 5435 1218 5505 συμμορίας
1254 5439 1600 5508 παραλαϐὼν,
1626 5442 1717 5495 τὸν

157 5520 329 5588 μέγαν
356 5519 542 5573 τοῦτόν
562 5538 700 5590 φημι
728 5523 997 5575 Διονύσιον
1017 5542 1027 5552 ·
1056 5528 1147 5577 καὶ
1178 5527 1363 5600 ὥσπερ
1398 5548 1479 5594 τις
1521 5534 1716 5603 Ὀλυμ-

155 5615 403 5681 πιονίκης
438 5611 471 5681 ἦ
510 5613 837 5681 στρατηγὸς,
878 5616 978 5682 τῆς
1013 5616 1146 5680 ἰδίας
1183 5620 1423 5690 γλώττης
1458 5626 1713 5697 τρόπαιον

267 5780 293 5818 ⁵
313 5780 473 5835 Pr0v.
512 5796 598 5835 xv.

484 5882 752 5940 ΡΑτιιοι..
797 5882 911 5945 Gn.
962 5882 1128 5943 CXV.

1849 728 2011 785 habet
2070 724 2467 793 improbitatem
2528 736 2720 793 magna
2795 736 2857 776 es
2920 729 3073 790 parte
3136 721 3405 776 insidian-

1850 832 1996 887 tem;
2056 822 2164 873 imo
2186 817 2404 887 quidam
2460 824 2677 885 apertus
2715 815 2908 867 anima:
2938 812 3123 876 fmtus,
3177 820 3230 869 et
3274 812 3403 868 cha-

1851 920 2033 967 racter
2084 911 2311 964 internae
2357 905 2675 960 atTectionis.
2725 904 3018 973 Postquam
3076 912 3253 959 autem
3304 903 3403 957 fuit

1850 1001 2051 1055 Paulus
2094 1000 2337 1058 Athenis.
2391 1006 2443 1051 et
2495 1011 2823 1066 congressus
2873 1011 2995 1050 cum
3039 996 3319 1066 Epicureis
3349 1004 3404 1049 et

1848 1092 2047 1147 Stoicis
2073 1132 2086 1154 ,
2136 1091 2226 1160 qui
2264 1089 2577 1159 Pythagorae
2608 1087 2855 1157 dogmata
2905 1088 3271 1151 sectabantur,
3328 1088 3403 1142 in-

1848 1184 2023 1237 stabat
2054 1182 2223 1251 operi,
2285 1195 2475 1250 nempe
2512 1188 2571 1233 ut
2618 1194 2714 1234 eos
2758 1178 3049 1233 abduceret
3103 1194 3135 1231 a
3184 1179 3405 1249 dogma-

1845 1276 1989 1329 tibus
2042 1272 2375 1342 impietatis,
2428 1278 2482 1325 et
2537 1270 2840 1323 traduceret
2893 1268 2959 1321 ad
3016 1269 3306 1337 pietatem,
3349 1277 3403 1322 et

1845 1370 2110 1418 everteret
2173 1362 2373 1432 templa
2435 1361 2885 1423 simulacrorum,
2942 1367 2997 1412 et
3051 1358 3402 1427 persuaderet

1850 1452 2292 1513 Atheniensibus.
2340 1450 2455 1505 fore
2495 1458 2553 1504 ut
2596 1456 2943 1518 resurgerent
2983 1448 3038 1501 in
3076 1448 3269 1501 ultimo
3315 1448 3404 1502 die

1841 1543 2028 1613 judicii
2056 1582 2070 1605 ,
2125 1550 2180 1597 et
2226 1540 2417 1594 darent
2451 1554 2640 1608 paruas
2693 1553 2879 1593 eorum
2937 1530 3057 1608 qua:
3098 1537 3398 1593 fecissent:

1841 1633 1900 1698 ii,
1944 1642 2001 1686 ut
2051 1632 2143 1700 qui
2199 1637 2383 1685 essent
2424 1631 2545 1684 aliis
2606 1630 2781 1685 ηπεοῑί
2837 1630 3285 1699 superstitiosius,
3346 1637 3402 1683 et

1840 1725 1897 1779 in
1945 1724 2146 1777 multas
2176 1722 2335 1776 divisi
2362 1732 2543 1777 essent
2594 1723 2895 1791 opiniones,
2952 1723 3402 1793 aggrediebantur

1839 1828 1962 1868 eum
1996 1812 2365 1873 subsannare,
2396 1819 2654 1865 vocantes
2684 1826 2806 1866 eum
2839 1812 3271 1866 annuntiatorem
3300 1827 3399 1866 no-

1840 1920 2029 1959 verum
2092 1902 2449 1972 quorumdam
2501 1903 2909 1958 daemoniorum.
2968 1900 3049 1956 Ne
3101 1909 3278 1957 autem
3326 1904 3395 1959 ab

1841 1993 1923 2049 eis
1961 1998 2302 2062 appeteretur
2345 1992 2459 2045 sola
2486 1991 2930 2052 subsanuatione.
2968 1990 3062 2045 sed
3107 1991 3392 2046 molestum

1840 2082 2006 2137 etiam
2066 2080 2270 2151 aliquid
2320 2081 2639 2145 sustineret,
2692 2080 2828 2135 dans
2880 2082 3145 2136 rationem
3203 2096 3391 2136 eorum

1839 2183 1961 2237 qua:
2011 2168 2080 2222 ab
2129 2168 2249 2238 ipso
2285 2166 2738 2237 praedicabantur,
2767 2169 3229 2239 apprehendentes
3268 2185 3392 2225 eum

1838 2258 2175 2313 duxeruntin
2192 2258 2666 2329 Areopagum,qui
2696 2268 2826 2314 tunc
2853 2260 3071 2329 quidem
3090 2267 3210 2316 erat
3239 2259 3393 2318 locus

1838 2348 2296 2421 congregationis,
2320 2357 2374 2404 et
2402 2349 2736 2405 Athenarum
2762 2357 2876 2405 erat
2899 2350 3077 2406 adhuc
3100 2351 3389 2421 judicium.

1837 2438 1974 2495 Nam
2009 2438 2111 2493 etsi
2143 2447 2273 2493 tunc
2302 2436 2529 2495 Romani
2573 2440 2627 2494 in
2657 2454 2845 2496 omnes
2883 2440 3193 2496 obtinerent
3218 2440 3391 2512 impe-

1836 2528 1998 2589 rium,
2023 2526 2382 2580 Athenienses
2406 2534 2584 2588 tamen
2613 2535 2666 2581 et
2688 2526 3123 2584 Lacedaemonios
3145 2530 3230 2584 sui
3248 2529 3390 2599 juris

1836 2615 2189 2671 demiserant.
2214 2612 2415 2668 Fabula
2441 2622 2641 2679 autem,
2676 2615 2817 2671 sicut
2838 2616 2939 2685 ipsi
2960 2616 3171 2681 dicunt,
3195 2632 3389 2673 nomen

1837 2705 2068 2774 accepit,
2100 2704 2242 2775 quod
2276 2703 2556 2775 Neptunus
2594 2706 2649 2759 in
2678 2720 2745 2759 eo
2784 2714 2973 2761 contra
3006 2705 3231 2763 Martem
3261 2722 3390 2763 cau-

1833 2810 1949 2853 Sam
1969 2796 2310 2859 sustinuerit,
2342 2796 2486 2866 quod
2510 2796 2669 2867 hujus
2691 2796 2858 2851 tilium
2887 2796 3273 2855 Halirrothium
3305 2814 3392 2855 oc-

1834 2886 2073 2943 cidisset.
2094 2884 2231 2940 Cum
2256 2900 2379 2940 eum
2400 2902 2526 2958 ergo
2553 2888 2909 2943 adduxissent
2940 2890 2994 2943 in
3018 2890 3232 2945 illorum
3259 2906 3390 2945 cono

1834 2984 2113 3048 spectum,
2156 2977 2249 3046 qui
2299 2987 2351 3031 et
2389 2988 2612 3049 propter
2650 2981 2860 3034 sedium
2904 2982 3269 3047 altitudinem,
3312 2992 3386 3046 et.

1834 3083 1955 3138 quae
1988 3076 2303 3130 evacuatur,
2342 3071 2684 3139 sapientiam,
2722 3087 2781 3127 se
2822 3073 3107 3143 magniﬁce
3153 3076 3392 3130 circum-

1835 3160 2136 3233 spiciebant
2167 3175 2179 3209 :
2210 3169 2265 3213 et
2294 3161 2455 3214 simul
2484 3177 2671 3217 eorum
2702 3179 2822 3233 qua:
2851 3164 3070 3229 ﬁebant,
3112 3166 3388 3223 auditores

1832 3264 1887 3307 et
1918 3254 2130 3322 judices
2160 3252 2543 3321 praesidebant,
2592 3270 2825 3325 quorum
2868 3272 3011 3311 unus
3061 3258 3226 3313 etiam
3274 3269 3389 3316 erat

1834 3342 2142 3413 Dionysius,
2174 3346 2333 3411 cujus
2368 3353 2422 3401 et
2455 3346 2510 3399 in
2552 3345 2814 3411 dicendo,
2848 3356 2902 3401 et
2929 3348 3225 3415 iudicando
3253 3365 3390 3419 pra-

1832 3434 2001 3503 cipuae
2032 3440 2186 3489 erant
2216 3442 2429 3503 partes;
2474 3454 2490 3486 ι
2516 3434 2771 3501 Quaenam
2799 3447 2885 3492 est
2908 3438 3019 3492 haec
3040 3453 3199 3507 nova,
3223 3456 3386 3511 quas

1833 3534 1884 3580 te
1907 3527 2128 3590 dicitur,
2162 3526 2462 3593 doctrina,»
2490 3526 2657 3582 Paulo
2676 3528 2950 3595 dixerunt,
2985 3532 3388 3603 «sapientiaque

1830 3626 1883 3672 et
1900 3620 2175 3685 ingeniosa
2203 3618 2452 3674 decreta?
2475 3630 2528 3674 et
2549 3621 2673 3691 quis
2690 3627 2774 3677 est
2791 3619 2950 3677 Jesus
2968 3620 3109 3677 Deus
3130 3630 3184 3677 et
3200 3624 3383 3687 homo.

1829 3719 1883 3764 et
1914 3709 1967 3762 in
2000 3710 2143 3779 ligno
2164 3710 2286 3763 vitae
2313 3710 2469 3765 dator
2493 3722 2545 3765 et
2564 3712 2751 3781 judex.
2786 3728 2815 3766 a
2837 3730 2944 3782 quo
2972 3715 3025 3768 in
3044 3715 3136 3783 jus
3166 3724 3388 3771 vocatur

1830 3801 2056 3869 quilibet
2095 3801 2407 3857 redditurus
2444 3803 2743 3857 rationem?
2772 3804 3029 3868 Quadam
3072 3805 3218 3859 enim
3247 3822 3384 3861 nova

1828 3901 1882 3945 et
1919 3894 2093 3946 aliena
2134 3893 2314 3947 defet‘s
2357 3895 2421 3947 ad
2471 3910 2634 3949 aures
2674 3904 2910 3951 nostras.
2955 3894 3219 3953 Volumus
3254 3913 3385 3970 ergo

1829 3981 2000 4044 scire,
2032 3979 2159 4049 quid
2201 3980 2315 4034 haec
2354 3980 2455 4035 sibi
2486 3981 2704 4043 volunt,
2738 3990 2791 4036 et
2824 3998 2933 4051 quo
2962 3984 3211 4041 tendunt.
3244 4006 3263 4039 ι
3295 3986 3385 4042 Ille

1829 4078 2007 4125 autem
2037 4083 2125 4124 res
2225 4081 2414 4123 eorum
2518 4065 2750 4139 primum
2772 4070 3037 4125 extollens
3052 4079 3106 4126 et
3133 4073 3381 4135 laudans.

1828 4170 1897 4209 ne
1921 4156 2148 4211 insuetis
2176 4165 2227 4212 et
2245 4158 2438 4213 alienis
2455 4158 2631 4212 verbis
2660 4159 3003 4215 irritarentur
3026 4160 3184 4231 (iram
3211 4162 3379 4226 enim,

1826 4249 1902 4300 ait
1932 4248 2040 4308 Ille.
2076 4248 2269 4301 avertit
2304 4263 2362 4301 se
2391 4248 2717 4303 submittens
2741 4254 3023 4319 responsio
3052 4252 3112 4322 ιι)
3148 4272 3159 4307 :
3209 4270 3227 4303 ι
3267 4252 3382 4308 Viri

1836 4338 2032 4406 inquit,
2057 4337 2434 4403 Athenienses,
2467 4339 2535 4393 de
2581 4341 2649 4395 iis
2686 4355 2805 4409 qua:
2834 4341 3197 4412 interrogatis,
3232 4355 3376 4415 post-

1827 4436 2046 4486 modum
2081 4432 2125 4485 si
2152 4431 2223 4484 ita
2251 4431 2523 4483 videbitur
2554 4431 2822 4487 disseram
2854 4448 2867 4483 :
2896 4448 3042 4489 nunc
3073 4443 3253 4491 autem
3285 4452 3381 4508 per

1826 4520 2006 4574 omnia
2036 4521 2191 4589 quasi
2220 4523 2709 4591 superstitiosiores
2734 4538 2833 4578 vos
2864 4526 3034 4581 video.
3085 4524 3380 4584 Transiens

1825 4612 1989 4674 enim,
2031 4621 2085 4665 et
2130 4612 2399 4680 aspiciens
2463 4627 2525 4665 ea
2591 4629 2713 4682 qua
2756 4617 2951 4681 colitis,
2999 4618 3179 4673 inveni
3220 4622 3380 4676 etiam

1825 4718 1991 4764 aram,
2029 4703 2082 4755 in
2114 4717 2218 4771 qua
2258 4704 2579 4773 inscriptum
2617 4716 2770 4761 erat:
2808 4705 2993 4774 Ignoto
3038 4708 3165 4762 Deo.
3209 4707 3378 4775 Quem

1824 4810 1952 4864 ergo
1982 4795 2294 4863 ignorantes
2310 4798 2511 4859 colitis.
2543 4814 2664 4854 eum
2690 4801 2955 4855 annuntio
2983 4802 3136 4857 vobis
3156 4819 3170 4867 ;
3190 4803 3234 4855 si
3256 4816 3379 4859 eum

1825 4884 1960 4941 forte
2000 4889 2491 4951 coutreetaveritis,
2538 4900 2591 4943 ct
2636 4890 2976 4954 inveneritis,
3012 4893 3113 4945 etsi
3156 4908 3264 4946 non
3310 4893 3380 4945 sit

1824 4979 1982 5047 longe
2026 4978 2093 5030 ab
2138 4993 2463 5048 unoquoque
2501 4989 2763 5034 vestrum.
2810 4979 2867 5033 In
2910 4981 3029 5050 ipso
3070 4982 3214 5035 enim
3245 4983 3381 5035 vivi-

1825 5084 1963 5131 mus,
1994 5074 2048 5121 et
2079 5083 2375 5129 movemur,
2408 5077 2461 5122 et
2491 5085 2697 5126 sumus.
2732 5090 2749 5122 ι
2771 5069 2895 5126 Ηωο
2917 5087 3038 5126 cum
3070 5073 3143 5126 illi
3176 5074 3376 5128 audiis-

1822 5168 1964 5221 sent,
1994 5161 2247 5227 quoniam
2273 5161 2528 5230 gravibus
2552 5162 2833 5217 sententiis
2856 5164 3012 5232 plena
3033 5171 3151 5218 erat
3181 5166 3373 5228 oratio,

1821 5258 2075 5318 tauquam
2104 5265 2237 5304 sono
2264 5254 2467 5305 tonitru
2501 5263 2683 5307 essent
2713 5253 3094 5321 obstupefacti,
3128 5255 3373 5323 elingues

1818 5347 1871 5393 et
1900 5343 2029 5394 ututi
2058 5344 2509 5396 evaserantﬁum
2531 5352 2707 5398 autem
2732 5345 2817 5397 vix
2841 5346 3056 5399 tandem
3080 5345 3369 5399 dixissent:

1825 5448 1843 5479 ι
1894 5429 2191 5487 Audiemus
2230 5443 2283 5487 te
2323 5435 2605 5503 postridie,
2637 5455 2654 5486 ι
2690 5451 2812 5490 eum
2844 5436 3169 5491 dimiserunt
3212 5452 3242 5491 e
3282 5436 3372 5505 ju-

1819 5520 1982 5574 dicio.
2002 5520 2425 5594 Egrediturergo
2446 5524 2666 5593 Paulus,
2696 5543 2803 5581 non
2832 5529 3103 5589 inanibus,
3134 5536 3191 5581 ut
3212 5529 3371 5596 vulgo

1817 5610 2321 5679 dicitur,manihus,
2343 5616 2434 5669 sed
2457 5631 2639 5671 secum
2663 5630 2902 5686 accepto.
2922 5620 3012 5684 Qui
3032 5634 3154 5671 eum
3178 5635 3369 5687 seque-

3040 5916 3116 5971 33
