3968 6438
583 367 729 430 1035

1836 375 2121 437 MENSIS
2160 374 2516 439 OCTOBER.

3683 378 3813 443 103G

593 499 771 556 batur,
808 496 1055 563 praeside,
1076 503 1129 549 et
1159 496 1349 552 classis
1376 498 1735 566 s0phistarum
1761 500 2142 569 principe,boc

2246 505 2407 559 αὑτὸν
2462 506 2820 576 ποιησάμενος
2860 504 2954 558 καὶ
3005 507 3211 577 καρπὸν
3253 503 3489 556 τοιοῦτον
3530 502 3629 555 τοῦ
3682 504 3810 570 πρὸς

588 601 805 656 magno,
832 586 1071 654 inquam,
1112 585 1391 657 Dionysio.
1431 587 1505 642 De
1535 604 1667 658 quo,
1698 596 1955 659 tanquam
1992 594 2145 663 quis-

587 677 732 745 piam
775 677 950 729 victor
997 674 1344 747 Olympicus,
1391 687 1483 732 aut
1528 680 1637 733 dux
1681 685 1975 747 exercitus,
2033 702 2145 742 sua!

587 766 779 835 lingua-
814 768 987 821 erexit
1017 768 1335 837 tr0phaeum,
1367 778 1421 823 et
1466 770 1609 824 hunc
1653 770 1889 826 fructum
1924 776 2144 846 collegit

583 871 647 910 ex
678 858 923 912 oratione
977 873 1136 927 quam
1164 858 1348 912 habuit
1373 858 1437 912 ad
1465 860 1845 917 Athenienses.
1880 862 1950 916 lis
1976 866 2143 933 enim,

584 961 705 1015 qua:
742 947 809 1002 de
850 946 977 1003 Iesu
1010 949 1333 1002 dicebantur
1370 965 1398 1003 a
1436 965 1685 1019 praecone
1716 954 1977 1015 veritatis,
2020 969 2143 1007 cum

582 1052 612 1089 a
643 1053 700 1093 se
728 1040 876 1107 prius
898 1040 1067 1093 visam
1087 1040 1142 1092 in
1176 1047 1419 1110 tempore
1450 1043 1721 1111 passionis
1745 1043 2143 1099 innovationem

584 1130 685 1183 sibi
712 1130 815 1198 ipsi
836 1130 1187 1198 explicuisset
1206 1131 1579 1195 luminarium,
1604 1141 1657 1187 et
1685 1132 1825 1187 hanc
1853 1134 2146 1187 humanam

581 1221 923 1289 despexisset
960 1222 1303 1290 sapientiam,
1335 1231 1578 1277 sectatur
1604 1225 1827 1278 verbum
1860 1228 2142 1291 veritatis,

582 1319 636 1364 et
689 1313 1003 1381 adjungitur
1050 1312 1419 1381 Apostolo;et
1450 1316 1876 1384 regenerationis
1933 1318 2149 1371 lavacro

584 1413 1011 1468 consummatus,
1050 1404 1105 1457 lit
1138 1405 1298 1457 simul
1332 1405 1664 1474 discipulus,
1698 1414 1751 1461 ct
1785 1421 1959 1475 praeco
1989 1406 2148 1460 Chri-

585 1496 677 1557 sti,
711 1496 802 1563 qui
841 1502 924 1548 est
951 1496 1156 1563 primus
1180 1495 1374 1548 doctor
1403 1496 1667 1551 veritatis.
1698 1496 1763 1550 Et
1793 1514 1915 1551 cum
1947 1500 2149 1568 primas

586 1587 705 1639 ﬁdei
731 1587 1146 1642 exercitationes
1172 1598 1225 1640 et
1270 1587 1589 1657 disciplinas
1618 1604 1648 1641 a
1687 1590 1845 1644 beato
1875 1594 2151 1659 percepis-

585 1686 666 1733 set
688 1677 999 1741 Hierotbeo,
1032 1685 1085 1731 et
1108 1679 1161 1731 in
1195 1679 1382 1743 verbo,
1408 1686 1461 1732 et
1498 1680 1554 1732 in
1579 1682 1686 1733 vita
1711 1681 1778 1733 ab
1802 1696 1867 1734 eo
1901 1681 2146 1745 docetur,

584 1777 637 1822 et
667 1769 842 1822 sancti
870 1767 1108 1838 Spiritus
1135 1771 1572 1823 communionem
1603 1771 1669 1824 ab
1691 1786 1755 1825 eo
1772 1772 2147 1839 consequitur.

586 1860 787 1913 Deinde
816 1861 1169 1915 ascensiones
1208 1862 1261 1915 in
1294 1860 1458 1915 corde
1484 1877 1582 1914 suo
1622 1861 1939 1930 disponens,
1974 1861 2149 1929 philo-
2170 1880 2214 1939 Β

586 1952 847 2019 sophatur
870 1954 1182 2018 veritatem;
1206 1954 1399 2021 quaerit
1427 1967 1550 2005 cum
1584 1954 1828 2018 veritate,
1852 1953 1919 2007 de
1945 1954 2147 2018 anima,

587 2044 653 2097 de
696 2058 946 2111 corpore,
980 2058 1043 2097 ac
1080 2043 1146 2097 de
1184 2045 1487 2097 substantia
1528 2059 1707 2097 rerum
1740 2044 2099 2114 gerendarum
2129 2062 2144 2101 :

588 2134 879 2188 mortilicat
910 2134 1092 2188 omnia
1119 2135 1359 2188 membra
1395 2150 1511 2201 sua,
1547 2150 1666 2204 qua
1698 2143 1824 2188 sunt
1852 2152 2012 2204 super
2039 2144 2147 2191 ter-

585 2238 724 2287 ram,
743 2227 924 2280 carnis
947 2226 1143 2279 multas
1170 2226 1314 2295 leges
1343 2228 1682 2281 constituens
1702 2226 1767 2279 ad
1787 2227 2148 2281 obediendum

587 2317 833 2385 spiritui;
864 2318 1020 2371 docet
1056 2332 1216 2371 aures
1248 2319 1556 2371 auscultare
1586 2333 1705 2386 quae
1735 2318 1934 2379 divina,
1957 2328 2009 2371 et
2032 2332 2152 2387 quae

587 2416 713 2462 sunt
742 2408 805 2462 de
829 2408 938 2463 Deo
964 2408 1261 2474 audienda;
1290 2409 1355 2462 iis
1378 2416 1555 2463 autem
1581 2424 1699 2478 qua
1734 2418 1859 2464 sunt
1894 2417 2043 2464 extra
2062 2425 2149 2476 ea,

586 2499 830 2552 divinum
869 2508 1070 2552 metum
1128 2499 1516 2553 inexorabilem
1563 2499 1780 2555 adhibet
1815 2501 2145 2570 janitorem:

586 2596 640 2643 et
671 2596 843 2643 totum
872 2590 1089 2642 oculum
1108 2588 1347 2643 traducit
1378 2588 1444 2641 ad
1474 2590 1751 2644 veritatem
1782 2592 2150 2660 contemplan-

587 2679 732 2732 dam.
766 2678 917 2744 Quod
952 2687 1132 2733 autem
1165 2679 1230 2734 ad
1262 2679 1501 2749 linguam
1532 2682 1782 2749 pertinet,
1817 2682 1920 2735 etsi
1950 2697 2059 2735 non
2092 2682 2149 2736 in

588 2771 678 2836 iis;
713 2772 767 2825 in
792 2772 990 2841 quibus
1022 2772 1328 2842 oportebat,
1360 2773 1487 2825 olim
1515 2774 1706 2826 edocta
1747 2772 1943 2833 fuerat,
1979 2772 2153 2840 philo-

589 2864 814 2931 sophice
861 2872 1041 2917 tamen
1085 2871 1138 2917 et
1168 2862 1368 2926 Attice,
1401 2864 1676 2931 multaque
1707 2877 1828 2916 cum
1871 2861 2148 2932 diligentia

588 2952 800 3010 erudita
825 2960 962 3007 erat.
996 2951 1184 3021 Itaque
1222 2952 1371 3007 brevi
1404 2951 1695 3024 Dionysius
1722 2954 1776 3023 (ο
1804 2952 2149 3022 miraculum)

588 3057 809 3118 superat
831 3060 1040 3114 omnes,
1068 3045 1160 3119 qui
1191 3054 1579 3114 prmeesserant
1663 3063 1676 3098 :
1753 3053 1807 3099 et
1906 3057 2154 3112 cumpo-

588 3148 838 3193 testatem
864 3156 970 3192 non
992 3139 1311 3194 subrui—atus
1328 3144 1493 3197 esset.
1514 3133 1608 3187 sed
1626 3148 1721 3202 per
1744 3133 1945 3202 gradus
1969 3142 2152 3189 trans-

2256 594 2568 664 ’Δθηναίους
2606 596 2760 664 λόγου
2800 595 3036 665 θερίσας.
3080 598 3201 658 Τοῖς
3236 598 3345 665 γὰρ
3384 595 3538 664 παρά
3577 593 3676 646 τιοῦ
3717 595 3807 661 τῆς

2244 685 2498 755 ἀληθείας
2541 686 2776 755 κήρυκος
2822 687 2950 756 περὶ
2992 686 3085 737 τοῦ
3135 685 3307 755 Ἰησοῦ
3349 685 3667 752 λεγομένοις
3716 684 3806 751 τὴν

2243 776 2629 847 προοραθεῖσαν
2655 774 2801 843 αὺτῷ
2829 774 2965 827 κατὰ
2995 777 3084 827 τὸν
3114 774 3296 843 καιρὸν
3336 773 3429 825 τοῦ
3462 772 3674 833 πάθους
3704 773 3806 823 τῶν

2242 868 2540 936 φωστήρων
2588 866 2925 935 καινοτομίαν
2978 866 3260 934 συμϐαλὼν
3311 867 3538 927 ἐκεῖνος,
3578 864 3668 915 καὶ
3710 865 3806 931 τῆς

2240 955 2582 1024 ἀνθρωπίνης
2614 955 2812 1025 ταύτης
2846 955 3032 1022 σοφίας
3060 954 3343 1025 ὑπεριδὼν,
3374 954 3468 1005 τοῦ
3514 954 3677 1019 λόγου
3709 956 3804 1023 τῆς

2239 1048 2494 1116 ἀληθείας
2523 1046 2760 1113 γίνεται,
2789 1048 2882 1099 καὶ
2911 1048 2988 1116 τῷ
3025 1046 3325 1114 Ἀποστόλῳ
3359 1040 3692 1097 συντίθεται·
3730 1047 3804 1115 τῷ

2237 1149 2298 1186 τε
2340 1134 2547 1204 λουτρῷ
2587 1134 2680 1202 τῆς
2720 1134 3127 1203 παλιγγενεσίας
3163 1134 3500 1196 τελειωθεὶς,
3562 1136 3801 1203 μαθητὴς

2240 1222 2370 1292 ὁμοῦ
2408 1225 2499 1275 καί
2536 1224 2708 1293 κῆρυξ
2744 1225 2977 1295 Χριστοῦ
3021 1226 3113 1277 τοῦ
3154 1225 3370 1295 πρῶτον
3410 1226 3509 1295 τῆς
3551 1226 3803 1294 ἀληθείας

2239 1312 2552 1366 διδασκάλου
2596 1316 2928 1367 καθίσταται.
2976 1316 3084 1367 Καὶ
3113 1316 3179 1368 τὰ
3218 1319 3407 1386 πρῶτα
3454 1318 3555 1385 τῆς
3594 1319 3803 1387 ἡλικίας

2239 1404 2546 1473 διατριϐῶν,
2583 1407 2673 1457 καὶ
2721 1407 2962 1468 παιδείας
3007 1408 3084 1477 τῷ
3140 1410 3416 1479 μακαρίτῃ
3473 1412 3802 1479 κοινωνήσας

2252 1495 2522 1565 Ίεροθέῳ,
2555 1497 2666 1564 βίον
2690 1497 2791 1547 ὑπὸ
2827 1497 2998 1567 τούτῳ
3028 1501 3119 1551 καὶ
3144 1500 3294 1566 λόγον
3332 1502 3671 1553 παιδεύεται·
3710 1503 3800 1553 καὶ

2237 1585 2335 1654 τῆς
2359 1587 2524 1655 αὐτῆς
2556 1586 2702 1655 αὐτῷ
2722 1585 2813 1638 τοῦ
2843 1588 2995 1655 ἁγίου
3014 1590 3149 1640 Πνεύ
3161 1607 3326 1658 ματος
3359 1592 3648 1653 κοινωνίας
3676 1610 3801 1643 κατ·

2238 1674 2499 1737 ἀξιοῦται,
2535 1677 2627 1727 καὶ
2659 1675 2945 1738 ἀναϐάσεις
2972 1678 3028 1727 ἐν
3062 1680 3125 1746 τῇ
3170 1678 3363 1747 καρδία
3398 1680 3797 1749 ἀνατιθέμενος,

2239 1770 2513 1833 φιλοσοφεῖ
2557 1767 2655 1836 τὴν
2699 1767 2984 1836 ἀληθειαν·
3034 1765 3186 1838 ζητεῖ
3232 1769 3369 1836 μετά
3403 1770 3501 1836 τῆς
3551 1772 3799 1839 ἀληθείας

2239 1858 2365 1925 περὶ
2397 1858 2589 1926 ψυχῆς,
2630 1860 2754 1928 περὶ
2782 1858 3049 1929 σώματος,
3087 1860 3213 1929 περὶ
3250 1860 3347 1928 τῆς
3376 1860 3484 1911 τῶν
3516 1864 3799 1930 πρακτέων

2241 1945 2545 2015 ὑπάρξεως
2591 1948 2766 1999 πάντα
2804 1953 2983 2020 νεκροῖ
3016 1949 3085 2001 τὰ
3134 1950 3266 2020 μέλη
3308 1950 3379 2001 τά
3418 1953 3511 2002 ἐπὶ
3545 1953 3645 2019 τῆς
3679 1953 3795 2020 γῆς,

2238 2034 2405 2087 πολλά
2425 2039 2489 2107 τῇ
2517 2039 2675 2107 σαρκὶ
2705 2039 3086 2109 νομοθετήσας,
3120 2042 3196 2101 εἰς
3225 2042 3501 2109 ὑποταγὴν
3524 2040 3618 2092 τοῦ
3648 2042 3800 2092 πνεύ-

2241 2144 2427 2197 ματος·
2460 2130 2794 2196 παιδαγωγεῖ
2816 2132 2909 2199 τὴν
2931 2132 3096 2199 ἀκοὴν
3126 2133 3225 2184 ὅσα
3257 2132 3373 2184 θεῖα
3400 2134 3494 2184 καὶ
3525 2134 3653 2201 περὶ
3671 2131 3799 2184 Θεοῦ

2237 2220 2607 2273 ἐνωτίσασθαι’
2643 2223 2761 2293 τοῖς
2788 2221 2843 2272 δὲ
2886 2224 3089 2275 τούτων
3131 2223 3287 2285 ἐκτὸς
3328 2225 3419 2275 τὸν
3464 2224 3609 2277 θεῖον
3646 2224 3800 2293 φόϐον

2238 2309 2477 2381 θυρωρὸν
2524 2312 2803 2382 ἐφίστησιν
2850 2314 3239 2384 ἀπαραίτητον·
3273 2316 3390 2367 ὅ).ον
3443 2318 3670 2386 μετάγει
3716 2318 3801 2368 τὸν

2236 2396 2509 2469 ὀφθαλμὸν
2546 2402 2634 2453 ἐπὶ
2664 2403 2760 2471 τὴν
2797 2403 3068 2473 ἀλήθειαν.
3096 2406 3175 2456 Τά
3205 2405 3311 2475 γάρ
3339 2406 3439 2473 τῆς
3461 2406 3728 2475 γλώττης,
3756 2408 3801 2457 εἰ

2238 2490 2333 2542 καὶ
2378 2492 2451 2561 μὴ
2501 2493 2558 2543 ἐν
2593 2486 2673 2554 οἷς
2706 2494 2868 2563 ἐχρῆν
2904 2495 3193 2565 πρότερον,
3230 2496 3342 2547 ἀλλ’
3376 2492 3469 2549 οὖν
3508 2495 3802 2562 φιλοσόφως

2239 2597 2296 2634 τε
2329 2582 2423 2634 καὶ¹
2469 2583 2723 2645 Ἀττικῶς
2755 2586 2848 2637 καὶ
2882 2585 3013 2653 πρὸς
3053 2584 3335 2654 ἀκρίϐειαν
3368 2584 3799 2637 ἐνεπεπαίδευτο.

2240 2679 2368 2739 Καὶ,
2407 2676 2451 2728 ὣ
2479 2674 2571 2727 τοῦ
2602 2674 2902 2742 θαύματοςί
2929 2678 2986 2726 ἐν
3032 2674 3227 2744 βραχεῖ
3256 2675 3462 2738 πάντας
3493 2675 3802 2747 ὑπερϐαίνει

2239 2768 2365 2829 τοὺς
2386 2765 2710 2836 ἔμπροσθεν,
2744 2766 2804 2817 οὐ
2838 2764 3036 2834 κλέψας
3064 2766 3160 2836 τὴν
3194 2765 3448 2830 ἐξουσίαν
3476 2767 3599 2819 οὐδὲ
3633 2768 3801 2839 ἀρπά-

2243 2875 2361 2922 σας,
2389 2857 2521 2912 me
2548 2856 2671 2921 τοὺς
2694 2856 2842 2911 κάτω
2864 2855 3100 2929 βαθμοὺς
3129 2856 3431 2923 διεξελθών.
3469 2860 3580 2913 Καὶ
3600 2861 3662 2911 τὸ
3694 2876 3803 2910 ποι-

2247 2950 2527 3021 μαίνεσθαι
2558 2950 2731 3012 καλῶς
2751 2949 3022 3019 ἐκμαθὼν,
3044 2950 3150 3002 τῶν
3171 2952 3281 3003 ἄνω
3309 2952 3445 3018 ταχὺ
3470 2951 3701 3017 γίνεται,
3717 2955 3803 3005 καὶ

2243 3042 2515 3109 ποιμαίνει
2535 3040 2669 3109 μετά
2688 3041 2781 3108 τῆς
2796 3040 2983 3108 πείρας
3003 3038 3241 3107 ὕστερον·
3263 3039 3355 3089 καὶ
3372 3040 3631 3103 ἐπιεικῶς
3647 3042 3802 3112 ἆρχε-

2246 3130 2367 3184 σθαι
2394 3131 2596 3201 μαθὼν,
2626 3131 2781 3200 ἄρχει
2809 3130 3225 3200 ἐπιεικέστερον
3259 3134 3353 3185 καὶ
3384 3132 3525 3201 μετά
3554 3134 3655 3202 τῆς
3680 3136 3804 3204 ἁλη-

585 3229 738 3285 iisset
774 3229 1082 3294 interiores,
1120 3218 1342 3299 pulchre
1380 3227 1533 3301 pasci
1561 3223 1863 3291 didicisset,
1893 3224 1958 3277 ad
1992 3239 2148 3294 supe-

2245 3223 2390 3285 θείας
2429 3220 2661 3286 διδάξας,
2701 3221 2787 3273 διὰ
2826 3221 3006 3288 πάσης
3036 3238 3094 3274 τε
3136 3221 3302 3275 ἐλθὼν
3343 3222 3631 3287 εὐταξίας,
3659 3225 3800 3286 τέλος

585 3320 731 3373 riora
759 3335 882 3373 mox
909 3322 1177 3390 pervenit,
1212 3328 1262 3375 et
1296 3321 1470 3390 pascit
1493 3323 1681 3390 postea
1716 3329 1839 3367 cum
1871 3316 2153 3383 experien-

586 3412 692 3476 tia;
737 3420 792 3464 et
843 3425 966 3465 cum
1017 3411 1260 3466 modeste
1317 3427 1508 3480 parere
1557 3406 1863 3467 didiCiSSel.
1924 3405 2153 3469 imperi“-

589 3502 919 3567 modestius;
944 3510 997 3554 et
1020 3517 1146 3554 cum
1170 3501 1446 3554 docuisset
1473 3515 1595 3554 cum
1621 3497 1864 3556 veritate,
1900 3494 2155 3546 obiisset-

586 3608 693 3661 que
724 3606 911 3645 omnes
939 3591 1064 3645 boni
1092 3592 1299 3646 ordinis
1324 3601 1528 3661 partes,
1565 3594 1781 3646 tandem
1812 3594 1860 3648 ei
1892 3586 2149 3647 mandato

585 3682 916 3736 Athenarum
959 3682 1301 3751 pontificatu,
1363 3684 1535 3735 clavis
1585 3683 1839 3751 praesidet
1870 3684 2146 3748 Ecclesiae,

588 3771 939 3839 ostenditque
986 3785 1144 3823 suum
1195 3784 1519 3839 generosqu
1567 3770 1829 3833 animum,
1863 3780 1913 3824 et
1948 3782 2151 3841 pugnat

591 3876 689 3931 pro
715 3876 875 3932 grege
908 3875 921 3911 :
957 3861 1282 3930 expellitque
1310 3860 1534 3922 bestias,
1558 3869 1611 3914 et
1627 3861 1767 3929 ejus,
1794 3862 1936 3930 quod
1963 3867 2149 3918 morbo

590 3954 820 4016 laborat,
862 3966 1050 4004 curam
1082 3953 1239 4019 gerit,
1270 3958 1324 4004 et
1353 3951 1496 4020 quod
1547 3950 1705 4018 lange
1757 3960 1840 4003 est
1882 3963 2145 4006 remotum

2242 3314 2339 3383 τὴν
2372 3313 2476 3364 τῶν
2520 3312 2751 3382 Ἀθηνῶν
2786 3313 3090 3375 πιστευθεὶς
3134 3314 3442 3383 προεδρίαν,
3475 3314 3585 3366 τῶν
3616 3317 3807 3367 οἰάκων

2242 3404 2337 3471 τῆς
2378 3404 2697 3471 Ἐκκλησίας
2734 3403 3193 3471 ὑπερκαθέζεται·
3242 3406 3301 3454 τό
3333 3421 3389 3455 τε
3447 3406 3547 3475 τῆς
3591 3405 3807 3473 γνώμης

2246 3495 2488 3560 γενναῖον
2522 3490 2876 3551 ἐπιδεικνύει,
2914 3492 3005 3542 καὶ
3040 3493 3373 3560 προπολεμεῖ
3403 3494 3503 3563 τῆς
3548 3497 3805 3563 ποίμνης,

2244 3586 2334 3636 καὶ
2355 3582 2611 3635 ἀποσοϐεῖ
2628 3583 2751 3644 τοὺς
2782 3581 2970 3652 θῆρας,
2995 3583 3086 3633 καὶ
3112 3581 3205 3633 τοῦ
3237 3584 3590 3649 νενοσηκῧτος
3624 3588 3807 3653 ἐπιμε-

2246 3673 2437 3735 λεῖται,
2483 3676 2574 3725 καί
2602 3675 2659 3724 τὸ
2705 3672 3006 3742 μακρυνθὲν
3049 3674 3340 3741 ἐπανάγει·
3378 3676 3475 3726 καὶ
3529 3677 3808 3727 συνελόντα

2245 3764 2427 3831 φάναι,
2460 3765 2590 3815 πᾶσι
2619 3762 2873 3815 τάπάντα
2903 3763 3041 3815 κατὰ
3074 3764 3161 3815 τὸν
3196 3762 3358 3816 αὑτοῦ
3390 3764 3712 3817 διδάσκαλον
3732 3767 3808 3834 γίο

2245 3871 2412 3907 νεται.
2447 3854 2598 3905 Οὕτω
2620 3869 2677 3904 τε
2708 3851 2951 3917 διδάξας,
2993 3853 3085 3904 καὶ
3111 3854 3209 3923 τὴν
3236 3852 3436 3924 Τριὰὃα
3466 3854 3807 3926 Θεολογήσας,

2249 3945 2429 4011 σαφῶς
2449 3963 2513 3997 πε
2524 3946 2574 4012 ρί
2598 3943 2703 3995 τῶν
2733 3946 2903 3997 ἄλλων
2927 3945 3275 4013 διαλαμϐάνει
3298 3946 3602 4013 δυνάμεων.

604 4043 847 4096 reducit:
883 4049 956 4105 et,
990 4048 1048 4094 ut
1090 4043 1258 4097 semel
1295 4044 1492 4108 dicam,
1539 4042 1681 4097 sicut
1718 4043 1837 4111 ejus
1886 4044 2161 4113 magister,
2202 4044 2458 4097 omnibus
2485 4043 2539 4095 ﬁt
2578 4041 2761 4094 omnia
2796 4041 2836 4091 ί.
2885 4038 3020 4091 Cum
3068 4040 3147 4092 sic
3193 4050 3371 4093 autem
3420 4042 3707 4097 docuisset
3754 4053 3803 4099 et

591 4135 665 4189 de
700 4133 979 4189 Trinitatis
1034 4135 1319 4190 divinitate
1373 4137 1747 4203 disseruisset,
1772 4136 1915 4189 clare
1944 4142 2141 4189 tractat
2170 4138 2239 4193 de
2264 4136 2517 4205 supernis
2548 4134 2860 4190 virtutibus.

649 4234 788 4290 Cum
848 4248 979 4287 vero
1031 4232 1097 4286 ad
1147 4241 1352 4284 tantam
1406 4233 1743 4300 pervenisset
1783 4236 2049 4300 gratiam,
2086 4244 2145 4287 ut

581 4327 800 4396 quando
853 4324 1125 4395 Deiparae,
1181 4323 1326 4394 quod
1383 4322 1548 4377 Deum
1610 4326 1847 4393 suscepit
1900 4324 2146 4393 corporis

587 4416 870 4483 emigravit
918 4414 1180 4481 spiritus,
1236 4413 1397 4465 simul
1437 4412 1650 4466 adesset
1687 4428 1811 4469 cum
1850 4416 2143 4482 apostolis,

2314 4231 2419 4283 Καὶ
2452 4233 2529 4291 εἰς
2561 4230 2715 4281 τοῦτο
2748 4230 2963 4299 χάριτος
2996 4229 3183 4293 ἐλθὼν,
3213 4231 3307 4293 ὡς,
3343 4230 3507 4300 ἡνίκα,
3548 4231 3611 4283 τδ
3662 4233 3807 4284 mag-

2248 4336 2322 4390 μα
2354 4321 2449 4387 τῆς
2479 4319 2734 4371 Θεοτόκου
2766 4320 3010 4391 σώματος
3048 4321 3314 4391 ἐξεδήμει,
3348 4325 3461 4384 τοῖς
3495 4323 3807 4383 ἀποστόλοις

2243 4412 2329 4464 διὰ
2365 4412 2667 4482 πνεύματος
2701 4414 2789 4466 καὶ
2823 4415 3046 4483 νεφέλης
3078 4408 3158 4483 τῇ
3182 4417 3299 4484 ἱερᾷ
3329 4415 3521 4466 τούτου
3559 4418 3806 4468 ἐπιστᾶσι

588 4503 679 4572 qui
716 4518 807 4571 per
840 4502 1090 4571 spiritum
1125 4509 1177 4554 et
1212 4501 1407 4553 nubem
1443 4499 1511 4552 ad
1545 4499 1684 4553 hanc
1716 4516 1923 4554 sacram
1956 4516 2140 4555 acces-

2245 4509 2385 4576 ταφῇ
2421 4510 2807 4577 συμπαρεῖναι·
2837 4507 2935 4557 οὐκ
2968 4507 3046 4556 ἔτι
3077 4505 3184 4556 δεῖν
3215 4504 3352 4573 ᾤετο
3388 4508 3485 4574 μιᾷ
3521 4507 3677 4559 πόλει
3698 4510 3809 4567 ταῖς

582 4602 764 4648 serant
803 4594 1168 4660 sepulturam,
1210 4605 1317 4646 non
1355 4590 1589 4658 amplius
1621 4590 1949 4644 existimavit
1985 4606 2143 4660 opor-

586 4695 702 4740 tere
739 4701 842 4738 una
885 4686 1103 4738 civitate
1133 4724 1147 4747 ,
1184 4700 1375 4753 nempe
1405 4684 1664 4747 Athenis,
1698 4684 2145 4737 circumscribere

589 4779 723 4832 tales
758 4792 889 4846 opes
928 4777 1153 4846 gratiae;
1211 4775 1305 4829 sed
1356 4775 1542 4828 volens
1580 4775 1939 4845 multiplicare
1976 4778 2146 4827 talen-

589 4876 739 4932 tum,
776 4877 829 4922 et
869 4867 1022 4936 sequi
1054 4867 1139 4921 sui
1170 4866 1411 4935 magistri
1447 4866 1672 4935 vestigia
1696 4908 1708 4929 ,
1742 4866 1944 4937 relictis
1979 4864 2143 4917 Athe-

590 4962 706 5019 nis,
740 4968 792 5014 et
834 4967 979 5013 terra
1008 4972 1060 5013 et
1088 4960 1223 5011 mari
1260 4958 1426 5010 multa
1461 4971 1652 5024 passus
1683 4956 1862 5025 gravia
1888 4993 1901 5018 ,
1936 4969 2033 5008 nec
2073 4962 2148 5008 ta.

588 5066 709 5105 men
734 5054 803 5105 ab
826 5051 905 5105 eis
929 5050 1234 5104 retardatus
1256 5090 1268 5111 ,
1295 5047 1389 5102 sed
1414 5061 1774 5114 supernarum
1802 5058 1984 5097 rerum
2014 5058 2145 5095 eon-

590 5142 941 5210 templatione
971 5140 1160 5193 inferis
1193 5139 1443 5192 ommbus
1476 5136 1746 5204 superatis
1767 5173 1780 5197 ,
1830 5133 1898 5185 ad
1943 5135 2144 5201 regiam

590 5226 781 5280 urbem
838 5227 1082 5297 pervenit
1136 5224 1402 5291 Romam;
1458 5234 1509 5279 et
1562 5224 1768 5277 accedit
1817 5221 2032 5292 quidem
2079 5220 2145 5273 ad

589 5318 953 5383 Clementem,
998 5320 1089 5388 qui
1128 5330 1255 5372 tunc
1283 5318 1461 5371 sedem
1497 5316 1713 5371 tenebat
1756 5314 2143 5383 apostolicam,

589 5402 800 5477 quique'
832 5423 861 5460 a
900 5424 1097 5479 magno
1142 5408 1301 5464 Petro
1346 5407 1523 5460 fuerat
1560 5407 1784 5460 edoctus
1816 5444 1829 5466 ,
1865 5414 1917 5456 et
1956 5402 2044 5455 cui
2079 5402 2147 5454 ab

587 5498 679 5551 illo
740 5495 916 5552 fuerat
964 5498 1171 5554 credita
1221 5500 1395 5553 sedes.
1451 5497 1530 5550 Ad
1589 5510 1711 5550 eum
1764 5510 1892 5564 ergo
1933 5493 2146 5548 accedit

585 5586 907 5660 Dionysius,
966 5603 1017 5647 et
1079 5606 1200 5645 cum
1248 5591 1295 5644 ei
1332 5606 1487 5645 suum
1529 5588 1866 5656 exposuisset
1907 5583 2155 5654 Evange-

668 5756 681 5813 ί
716 5768 733 5820 1
766 5771 890 5824 Cor.
921 5786 993 5832 Ix,
1026 5771 1115 5825 22.

2258 4595 2502 4667 Ἀθήναις
2534 4594 2624 4645 τὸν
2668 4593 2915 4646 τοσοῦτον
2966 4594 3297 4663 περιγράψαι
3332 4592 3564 4645 πλοῦτον
3593 4596 3695 4663 τῆς
3729 4596 3811 4664 χά-

2250 4705 2391 4758 ριτος
2417 4704 2428 4715 ·
2462 4685 2592 4738 ἀλλά
2620 4685 2678 4737 τὸ
2705 4686 2960 4738 τάλαντον
2996 4685 3425 4737 πολυπλασιάσαι
3467 4684 3807 4756 βουλόμενος,

2248 4779 2337 4830 καὶ
2366 4776 2481 4828 κατ’
2524 4775 2663 4846 ἴχνος
2690 4776 2913 4829 ἕπεσθαι
2944 4775 3022 4845 τῷ
3068 4776 3387 4845 διδασκάλῳ,
3430 4777 3532 4839 τάς
3588 4778 3809 4846 Ἀθήνας

2246 4866 2551 4927 ἀπολιπὼν,
2600 4866 2766 4918 πολλὰ
2830 4867 2924 4935 μὲν
2968 4866 3107 4919 κατά
3152 4866 3252 4935 γῆν
3286 4864 3506 4927 παθὼν,
3546 4867 3717 4919 πολλὰ
3759 4867 3809 4918 δὲ

2250 4959 2342 5011 καὶ
2390 4957 2528 5011 κατὰ
2561 4956 2828 5010 θάλασσαν
2862 4957 3156 5025 ὑπομείνας
3188 4957 3255 5007 τά
3288 4957 3521 5026 δυσχερῆ
3583 4958 3678 5009 καὶ
3715 4974 3809 5027 μηο

2247 5047 2302 5101 δὲ
2346 5049 2448 5101 ὑπὸ
2496 5048 2698 5099 τούτων
2756 5048 3129 5115 κατασχεθεὶς,
3185 5046 3297 5098 ἀλλ’
3350 5047 3489 5117 ὑπὲρ
3538 5048 3609 5101 τὰ
3668 5051 3811 5102 κάτω

2248 5140 2422 5191 πάντα
2458 5142 2523 5208 τῇ
2557 5136 2663 5189 τῶν
2697 5138 2806 5191 ἄνω
2839 5138 3036 5208 θεωρίᾳ
3084 5138 3403 5205 γενόμενος,
3438 5138 3537 5206 τὴν
3570 5138 3809 5207 βασιλίδα

2260 5226 2475 5295 Ῥώμην
2519 5225 2949 5295 καταλαμόάνει.
2989 5225 3079 5277 καὶ
3124 5226 3369 5293 πρόσεισι
3404 5225 3686 5294 Κλήμεντι
3728 5226 3812 5277 τὸν

2249 5316 2594 5370 ἀποστολικδν
2639 5315 2933 5384 τηνικαῦτα
2986 5314 3170 5384 θρόνον
3216 5315 3447 5366 διέποντι
3487 5332 3498 5343 ·
3537 5316 3596 5378 ὃς
3629 5317 3809 5386 Πέτρῳ

2250 5405 2327 5475 τῷ
2372 5405 2592 5475 μεγάλῳ
2620 5405 2807 5473 ἐφοίτα
2830 5445 2844 5468 ,
2881 5404 2972 5457 καὶ
3005 5402 3094 5453 τὸν
3128 5403 3314 5478 θρόνον
3347 5404 3437 5455 ὑπ’
3474 5405 3682 5457 ἐκείνου
3720 5424 3806 5457 πε-

2254 5498 2523 5551 πίστευτο.
2554 5497 2737 5566 Τούτῳ
2770 5494 2857 5550 οὖν
2884 5497 3125 5565 πρόσεισι
3150 5496 3437 5557 Διονύσιος,
3476 5496 3567 5548 καὶ
3602 5498 3662 5549 τὸ
3694 5496 3806 5549 καθ’

2256 5589 2443 5643 ἑαυτὸν
2463 5588 2817 5659 προσαναθεὶς
2856 5587 3179 5654 Εὑαγγέλιον
3221 5586 3283 5638 τό
3316 5604 3373 5639 τε
3405 5586 3504 5656 τῆς
3540 5589 3804 5649 διακονίας
