3968 6474
152 401 302 468 1037

1159 409 1330 470 VlTA
1374 410 1435 469 S.
1488 408 1825 469 DlONYSll
1870 408 2398 469 ΑΗΕΟΡΛΟΙΤΞ.

3260 406 3399 473 1038

159 536 328 604 ἔργον
379 537 454 600 ὡς
501 537 786 606 ὁμοτρόπῳ
820 535 911 588 καὶ
942 534 1274 603 ὁμογνώμονι
1308 535 1716 603 κοινωσάμενος,

1837 530 1999 592 lium,
2048 540 2101 585 et
2152 545 2289 600 Opus
2336 533 2475 585 sacri
2511 533 2831 600 ministerii,
2865 546 2923 591 ut
2961 539 3051 607 qui
3097 549 3241 592 esset
3290 540 3383 591 iis-

159 625 273 676 ὖπὺ
306 626 495 679 τούτου
531 626 891 696 προτρέπεται
960 624 1050 676 καὶ
1085 624 1221 694 πρὸς
1270 625 1501 694 ἑσπέρια
1557 640 1721 693 μετα-

157 716 327 786 ϐῆναι
378 735 516 787 μερη
549 733 562 745 ·
600 715 785 778 ἀλλους
839 716 932 785 μὲν
963 711 1054 767 οὖν
1100 713 1208 765 τῶν
1260 714 1533 783 ἑπομένων
1578 712 1723 783 αὺτῷ

156 806 492 879 λειτουργῶν
524 807 751 877 ἀλλαχοῦ
782 806 887 858 τῶν
920 805 1118 874 κωμῶν
1159 823 1218 858 τε
1252 805 1342 858 καί¹
1376 804 1579 858 πόλεων
1609 804 1723 857 δια-

155 897 391 966 νείμας,
428 900 610 951 καὶτὸ
655 897 748 949 τοῦ
796 896 928 948 Θεοῦ
978 897 1240 966 σωτήριον
1286 894 1725 962 εὐαγγελίζεσθαι

159 988 719 1056 παρεγγυησάμενος,
768 983 1075 1037 Ῥουστικδν
1119 983 1279 1046 αὐτὸς
1326 984 1417 1036 καὶ
1480 982 1723 1035 Ἐλευθέ-

162 1093 314 1146 ριον,
351 1078 441 1128 τὸν
490 1078 585 1146 μὲν
635 1076 929 1146 ἱερωσύνης
963 1076 1254 1146 χρίσματι,
1287 1074 1527 1143 διακονίᾳ
1558 1073 1613 1124 δὲ
1644 1089 1725 1124 τε·

158 1169 465 1237 τιμημένον
496 1168 588 1220 τὸν
645 1167 1007 1237 Ἐλευθέριον,
1059 1167 1364 1236 συνεργοὺς,
1400 1165 1646 1234 καθάπερ
1693 1165 1723 1216 ό

164 1260 340 1327 μέγας
386 1258 698 1320 Ἀπόστολος
748 1257 1029 1309 Σιλουανὺν
1079 1256 1169 1309 καὶ
1216 1256 1507 1325 Τιμόθεον,
1542 1272 1723 1345 παρα-

160 1350 384 1413 λαδὼν,
432 1350 523 1401 καὶ
572 1352 698 1411 τοὺς
748 1349 1029 1417 ἑσπερίους
1075 1346 1389 1400 καταλαϐὼν
1438 1345 1679 1406 Γαλάτας
1704 1383 1721 1409 ,

161 1444 221 1494 οὐ
258 1441 474 1508 διδαχῆς
510 1439 663 1508 μόνον
691 1440 945 1509 ῥήμασιν,
981 1436 1113 1489 ἀλλά
1147 1438 1238 1490 καὶ
1272 1436 1511 1505 σημείων
1543 1436 1724 1507 ἔργοις

159 1529 467 1598 ἀποστολῆς
514 1528 669 1599 ἔργον
714 1528 1027 1598 είργάζετο,
1080 1529 1242 1598 μέσος
1286 1531 1397 1589 τοῖς
1444 1527 1562 1579 καθ’
1597 1528 1725 1579 ὲκά·

161 1636 299 1689 στην
352 1619 619 1671 συνιοῦσιν
684 1619 1107 1687 ὲκφαινόμενος,
1158 1617 1283 1680 τούς
1330 1634 1389 1669 τε
1441 1618 1540 1685 τῆς
1574 1618 1726 1668 εὐσε-

159 1709 315 1772 ϐείας
348 1709 536 1775 λόγους
569 1709 923 1769 ἀδιαλείπτως
973 1707 1239 1760 ἀνακινῶν
1264 1745 1277 1768 ,
1325 1707 1416 1758 καὶ
1451 1707 1584 1776 πρὸς
1629 1707 1727 1777 τὴν

159 1798 257 1851 τοῦ
294 1799 643 1868 πεποιηκότος
688 1798 974 1861 ἐπίγνωσιν
1018 1798 1143 1857 τοὺς
1188 1794 1459 1865 ἀκροατὰς
1522 1797 1727 1863 ἑπαγό-

1834 621 1954 673 dem
2007 622 2249 675 moribus
2302 630 2354 675 et
2406 623 2669 676 sententia
2726 628 3210 690 communicasset,
3271 628 3385 695 ipse

1832 722 1953 761 eum
1992 708 2312 763 adhortatur
2363 718 2420 764 ut
2469 720 2711 767 tranSeat
2748 714 2815 768 ad
2855 724 3031 785 partes
3068 717 3383 771 occidenta-

1834 796 1931 851 les.
1966 796 2100 850 Cum
2149 814 2217 852 ex
2249 800 2316 854 iis
2347 815 2503 869 ergo,
2554 804 2642 871 qui
2680 822 2802 859 eum
2855 807 3241 875 sequebantur,
3282 808 3385 861 mi-

1833 886 2023 942 nistris
2083 904 2178 957 per
2236 892 2386 946 vicos
2442 902 2495 946 et
2554 897 2801 949 civitates
2854 898 2990 950 alios
3035 898 3159 950 alibi
3196 898 3383 951 distri-

1833 975 2076 1041 buissct,
2138 986 2192 1033 et
2255 982 2492 1036 salutare
2558 983 2651 1038 Dei
2718 984 3064 1053 Evangelium
3127 988 3383 1054 jussisset

1831 1068 2143 1135 praedicare,
2176 1072 2391 1139 ipseque
2420 1072 2700 1129 Rusticum
2731 1085 2783 1129 et
2814 1076 3199 1138 Eleutherium,
3232 1079 3381 1132 illum

1832 1158 2050 1223 quidem
2089 1160 2378 1215 chrismate
2410 1166 2727 1225 sacerdotii,
2762 1166 2907 1219 hunc
2947 1176 3123 1220 autem
3145 1206 3159 1228 ,
3191 1182 3383 1236 nempe

1828 1246 2232 1311 Eleutherium,
2294 1250 2637 1304 honestatum
2691 1253 3017 1316 diaconatu,
3078 1258 3377 1324 accepisset

1824 1341 2135 1408 adjutores,
2178 1359 2284 1395 non
2323 1359 2481 1397 secus
2540 1360 2601 1397 ac
2659 1361 2885 1413 magnus
2924 1347 3218 1415 Apostolus
3260 1346 3377 1416 Syl-

1824 1444 2023 1483 vanum
2055 1441 2107 1485 et
2143 1433 2522 1497 Timotheum,
2556 1445 2608 1489 et
2638 1437 2701 1489 ad
2736 1437 2916 1492 Gallos
2956 1442 3191 1494 venisset
3230 1442 3379 1494 occi—

1825 1520 2105 1584 dentales,
2160 1539 2265 1576 non
2309 1529 2482 1579 solum
2520 1530 2697 1582 verbis
2736 1528 3039 1588 doctrina},
3081 1531 3174 1583 sed
3214 1533 3376 1585 etiam

1824 1610 2100 1678 signorum
2132 1616 2386 1681 operibus
2422 1617 2743 1686 fungebatur
2771 1635 2992 1674 munere
3025 1624 3376 1689 apostolatus,

1825 1697 2032 1751 medius
2089 1714 2354 1767 apparens
2404 1704 2469 1757 iis
2525 1708 2614 1773 qui
2677 1708 2729 1759 in
2782 1724 3105 1777 unaquaque
3158 1712 3378 1766 civitate

1823 1790 2251 1853 conveniebant,
2285 1801 2337 1846 et
2367 1794 2431 1847 de
2462 1797 2656 1864 pietate
2688 1800 2848 1851 verba
2890 1798 3094 1854 faciens
3133 1802 3250 1854 sine
3294 1802 3377 1854 in-

164 1892 347 1961 μενος.
385 1854 566 1950 Οὕτως
600 1854 690 1939 οθν
736 1854 829 1938 τοῦ
871 1887 1026 1953 λόγου
1077 1887 1175 1955 τῆς
1220 1854 1479 1955 ’ἀληθείας
1527 1902 1716 1955 κηρυσ.

1826 1877 2198 1945 termissione,
2237 1891 2289 1935 et
2325 1884 2587 1940 inducens
2635 1888 2911 1945 auditores
2944 1891 3011 1944 ad
3053 1892 3376 1960 agnitionem

162 1980 390 2049 σομένου
423 2018 436 2038 ,
503 1978 592 2031 καὶ
652 1977 753 2044 τῆς
815 1976 909 2045 μὲν
972 1976 1118 2037 θείας
1176 1976 1577 2045 κρατυνομένης
1639 1974 1728 2026 πί.

161 2088 369 2133 στεως,
404 2069 717 2138 δαιμονικῆς
749 2068 803 2120 δὲ
838 2069 1016 2136 πάσης
1050 2067 1262 2137 ἀπάτης
1309 2068 1370 2118 ὲκ
1418 2066 1591 2118 ποδῶν
1636 2083 1726 2132 γι-

157 2162 426 2231 νομένης,
460 2161 564 2213 τῶν
599 2159 689 2213 ἐπὶ
733 2158 905 2227 τούτῳ
935 2159 1053 2209 τινὰ
1106 2161 1400 2219 συνόντων,
1436 2158 1724 2210 Λουκιανόν

158 2273 306 2325 φημι
340 2255 429 2306 τὸν
462 2255 731 2322 ἀοίδιμον·,
770 2252 828 2313 ὃς
860 2252 949 2302 καὶ
982 2254 1047 2320 τῇ
1081 2251 1174 2302 τοῦ
1211 2250 1573 2320 πρεσϐυτέρου
1600 2249 1726 2321 ἀξίᾳ

160 2345 451 2413 ἐτετίμητο
470 2384 482 2404 ,
516 2337 867 2411 (συνήπτοντο
886 2340 992 2406 γὰρ
1022 2341 1168 2409 αὐτῷ
1198 2340 1375 2391 πολλοὶ
1400 2341 1505 2392 τῶν
1528 2340 1727 2410 ἀρετῆς

162 2432 667 2500 μεταποιουμένωνσ
703 2428 779 2497 τῷ
810 2428 995 2497 ὁμοίῳ,
1032 2428 1180 2494 φασὶ,
1228 2428 1287 2479 τὸ
1320 2430 1499 2496 ὅμοιον
1520 2428 1556 2493 ·)
1592 2428 1727 2497 πρὸς

160 2520 260 2587 τὴν
294 2519 392 2586 τῆς
427 2516 808 2577 Βελουακένσις
840 2517 1004 2583 νήσου
1040 2514 1190 2566 πόλιν
1225 2515 1510 2583 ἐκπέμψας
1557 2515 1726 2583 κηρύ-

162 2607 323 2671 ξοντα
381 2609 480 2677 τὴν
544 2606 821 2658 εὐσέϐειαν
849 2644 863 2667 ,
913 2604 1071 2667 αὐτὸς
1118 2605 1232 2674 ἅμα
1277 2603 1585 2673 Ῥευστικῷυ
1631 2603 1724 2656 καὶ

175 2697 524 2767 Ἐλευθερίῳ,
567 2697 665 2767 τὴν
718 2695 938 2748 Γαλλίαν
979 2694 1148 2747 λιπὼν
1173 2736 1185 2755 ,
1222 2695 1424 2748 ἄνωθεν
1458 2694 1603 2763 αὐτῷ
1637 2712 1727 2748 κε·-

162 2787 619 2855 χρηματισμένον,
656 2788 713 2837 ἐν
747 2786 979 2856 Παρισίᾳ
1010 2786 1273 2857 λεγομένῃ
1304 2789 1367 2854 τῇ
1405 2786 1553 2837 πόλει
1577 2784 1722 2852 γίνε-

158 2893 291 2937 ται,
328 2876 397 2936 ὡς
436 2876 495 2928 ἂν
532 2876 667 2942 μετά
705 2876 1006 2944 παρρησίας
1040 2877 1172 2944 αὐτῇ
1207 2875 1295 2926 τὸν
1330 2877 1427 2942 τῆς
1472 2875 1726 2944 ἀληθείας

159 2968 318 3033 λόγον
382 2965 910 3035 ἐγκατασπείραντι,
968 2966 1059 3017 κα)⁸
1108 2967 1197 3016 τὸν
1261 2968 1355 3018 τοῦ
1425 2965 1722 3035 μαρτυρίου

163 3057 555 3127 ἀναδησαμένῳ
606 3058 901 3125 στέφανον,
959 3055 1091 3125 μετά
1149 3055 1457 3127 παρρησίας
1508 3056 1599 3107 καὶ
1647 3054 1725 3123 τῷ

162 3148 469 3219 ἀγωνοθέτῃ
520 3149 873 3216 παραστῆναι·
918 3147 1034 3216 Θεῷ
1081 3147 1335 3215 γένηται,
1405 3146 1431 3196 ὃ
1494 3144 1556 3212 δὴ
1591 3146 1725 3197 ,τῶν

164 3238 369 3303 ἐφετῶν
414 3238 560 3306 αὐτῷ
606 3238 667 3289 τὸ
712 3239 1005 3306 ἀκρότατον
1056 3256 1067 3266 ·

162 3326 317 3394 λόγος
348 3326 651 3397 δηλώσειεν.

242 3419 332 3469 Ἐν
391 3419 566 3468 τοίνυν
626 3420 691 3485 τῇ
760 3415 990 3485 Παριτίᾳ
1037 3418 1209 3485 ταύτῃ
1257 3414 1578 3483 γενόμενος,
1631 3412 1721 3464 καὶ

159 3507 340 3576 πλήρη
378 3507 476 3575 τὴν
512 3506 663 3557 πόλιν
724 3506 978 3567 ἀπιστίας
1012 3504 1220 3575 εὑρὼν,
1258 3494 1440 3557 κάλλει
1489 3504 1585 3572 μὲν
1631 3502 1722 3555 καὶ

164 3597 386 3664 μεγέθει
422 3594 511 3647 καὶ
548 3595 735 3663 πλήθει
770 3596 876 3646 τῶν
910 3599 965 3646 ὲν
999 3596 1130 3663 αὑτῇ
1169 3594 1297 3645 πολύ
1333 3612 1383 3644 τι
1416 3593 1522 3643 τ’ῶν
1558 3593 1722 3660 μεγά-

162 3685 269 3737 λων
303 3686 507 3738 πόλεων
539 3686 967 3755 ἀπολειπομένην
992 3702 1003 3713 ·
1044 3690 1110 3753 τῇ
1149 3685 1202 3736 δὲ
1236 3685 1454 3754 ἀσεϐείᾳ
1485 3684 1722 3753 τοσούτῳ

161 3774 349 3827 πασῶν
383 3774 723 3842 κρατοῦσαν,
758 3774 866 3842 ὅσῳ
918 3774 1047 3843 μηδὲ
1094 3792 1243 3845 παρα
1282 3775 1425 3827 αλεῖν
1470 3774 1723 3828 δύνασθαι

162 3866 392 3934 ἀπηνέσι
424 3881 482 3915 τε
530 3864 789 3916 πάντοθεν
822 3865 1231 3935 ἀπειλημμένην
1274 3868 1578 3933 οἰκήτορσι,
1629 3866 1721 3920 καὶ

162 3956 348 4021 ὥσπερ
395 3954 500 4004 τινὶ
558 3954 741 4023 τειχίῳ
806 3954 1320 4024 περιπεφραγμένην
1370 3952 1601 4022 ἰσχυρῶς
1650 3956 1715 4024 τῇ

162 4045 382 4096 ἐκείνων
434 4046 707 4114 ὠμότητι,
766 4046 855 4098 καὶ
919 4045 1120 4114 ταύτην
1184 4043 1296 4095 ἀντ’
1358 4042 1516 4096 ἄλλου
1574 4044 1717 4107 τινὸς

160 4132 527 4203 φυλακτηρίου
582 4135 934 4204 προϊσχουσαν
969 4150 981 4162 ⁸
1036 4132 1207 4195 ἄλλως
1269 4149 1329 4185 τε
1387 4133 1443 4184 δὲ
1494 4134 1585 4186 καὶ
1637 4134 1717 4185 ὅτι

159 4222 295 4291 πρὸς
328 4223 551 4294 καρπῶν
596 4226 844 4276 ἁπάντων
891 4223 1061 4293 φορὰν
1093 4224 1311 4293 γόνιμος
1343 4220 1411 4292 ἦν
1458 4225 1491 4291 ὴ
1524 4222 1677 4285 πόλις
1698 4261 1714 4285 ,

159 4314 251 4364 καὶ
286 4318 397 4376 τοῖς
431 4314 726 4383 φιλοτίμοις
762 4316 922 4366 πᾶσιν
955 4314 1247 4385 εὐθηνοῦσα
1282 4316 1372 4367 καὶ
1406 4316 1674 4384 περιττοῖς
1694 4359 1712 4381 ,

157 4404 188 4453 δ
233 4405 325 4456 καὶ
375 4405 567 4474 μᾶλλον
599 4405 722 4467 τοὺς
756 4404 978 4467 πολίτας
1016 4409 1231 4478 ἤλειφεν
1264 4408 1342 4467 εις
1376 4405 1570 4457 κακίαν
1605 4421 1619 4435 ο
1656 4408 1714 4458 ὲν

158 4495 293 4563 αὐτῇ
326 4494 499 4546 τοίνυν
541 4494 709 4557 οὕτως
751 4495 945 4567 ἐχούσῃ
990 4496 1305 4564 γενόμενος,
1343 4495 1552 4564 περιῄει
1598 4496 1704 4548 ἀνε-

160 4584 381 4653 ρευνῶν,
410 4584 461 4635 εἰ
486 4600 584 4635 που
617 4584 734 4635 τινὰ
768 4584 899 4653 πρὸς
926 4584 1149 4651 ἡσυχίαν
1181 4582 1325 4653 εὖροι
1357 4584 1516 4636 τόπον
1537 4582 1711 4655 ἑαυτῷ

155 4672 477 4739 ἐπιτήδειον.
544 4670 647 4720 Καὶ
709 4671 771 4739 δὴ
831 4670 921 4721 τὸν
966 4668 1286 4740 ζητούμενον
1331 4671 1506 4741 τυχὼν
1551 4672 1706 4732 ναὸν,

153 4761 313 4822 εὐθὺς
345 4760 417 4823 ὡς
451 4761 483 4828 ὴ
511 4758 731 4829 δύναμις
764 4755 893 4828 εἶχε,
927 4759 1022 4814 καὶ
1053 4762 1139 4812 οἱα
1172 4763 1229 4813 ὲν
1261 4761 1513 4831 ἀλλοτρίᾳ
1562 4763 1706 4826 ξένος

152 4851 229 4902 ὢν
262 4854 462 4912 ἐκεῖνος
496 4851 584 4903 καὶ
617 4851 817 4919 ἔπηλυς
841 4892 853 4914 ,
891 4852 979 4904 καὶ
1012 4851 1236 4914 πολλοὺς
1280 4853 1417 4921 ἔχων
1448 4855 1573 4916 τοὺς
1616 4855 1707 4905 ἀν-

150 4939 488 5006 τικειμένους
521 4940 606 4991 διὰ
637 4940 697 4992 τὸ
743 4941 1078 5011 ἐτερόδοξον,
1113 4943 1376 5012 ἀνεγείρει
1425 4944 1704 5013 εὐκτήριον

152 5028 245 5082 καὶ
297 5027 450 5089 ναὸν,
502 5030 820 5098 αὐτόχρημα
878 5030 1146 5099 σωτηρίαν
1188 5032 1389 5099 ψυχῶν.
1444 5033 1701 5101 Πάμπολυ

148 5120 259 5189 γάρ
291 5134 343 5171 τι
376 5116 572 5185 πλῆθος
606 5117 868 5169 θεοσεϐῶν
914 5122 969 5171 ἐν
1012 5118 1185 5187 τούτῳ
1221 5118 1572 5187 συναγαγὼν,
1609 5122 1701 5175 καὶ

152 5212 315 5271 θύτας
349 5209 614 5278 καθαροὺς
644 5207 722 5277 τῷ
766 5208 882 5276 Θεῴ
924 5210 1436 5278 παραστησάμενος,
1473 5212 1700 5283 ποίμνην

152 5302 329 5367 ἁγίαν,
364 5300 437 5362 ὡς
470 5303 657 5363 εἰπεὶν,
692 5300 781 5351 τὸν
814 5300 936 5352 ναὸν
984 5301 1369 5369 ἀπειργάσατο,
1404 5295 1469 5371 ἦς
1502 5304 1699 5373 ποιμὴν

148 5370 299 5454 οὗτος
333 5393 390 5445 οὺ
428 5393 692 5460 μισθωτός
725 5409 738 5421 ’
776 5393 951 5445 πάντα
980 5392 1068 5443 τὸν
1102 5392 1324 5462 ἀπιστίᾳ
1356 5392 1699 5460 πλανώμενον

148 5485 216 5550 τῇ
267 5485 363 5551 τῆς
414 5481 668 5548 ἀληθείας
720 5482 934 5551 σύριγγι
978 5482 1111 5551 πρὸς
1164 5484 1339 5534 πίστιν
1401 5482 1696 5535 ἀνακαλού-

155 5588 341 5641 μενος,
392 5572 482 5625 καί
514 5572 638 5631 τοὺς
687 5572 786 5640 μὲν
830 5577 894 5641 τῇ
929 5572 1101 5644 πλάνῃ
1135 5572 1417 5625 νοσοῦντας
1450 5580 1557 5634 τοῖς
1590 5590 1695 5625 σω-

148 5659 437 5729 τηριὼὃεσι
485 5660 593 5712 τῶν
639 5660 674 5711 Γ
681 5661 866 5729 ραφῶν
911 5666 1214 5732 φαρμάκοις
1264 5662 1519 5731 ἰώμενος,
1570 5663 1694 5727 τοὺς

237 5750 328 5822 ήδη
367 5750 851 5818 συντετριμμένους
884 5753 947 5819 τῇ
980 5751 1290 5820 διδασκαλίᾳ
1322 5751 1671 5820 καταδεσμῶν

1678 4552 1785 4605 _-.D

1819 1966 1973 2033 ejus,
2007 1970 2097 2037 qui
2130 1972 2277 2039 ipsos
2307 1978 2527 2030 creavit.
2558 1976 2689 2029 Cum
2724 1980 2802 2033 sic
2832 1996 2962 2048 ergo
2990 1984 3225 2035 veritatis
3260 1998 3377 2035 ver—

1826 2056 1954 2109 bum
2012 2064 2440 2132 prazdicaretur,
2482 2076 2535 2121 et
2574 2068 2755 2124 divina
2795 2073 3013 2139 quidem
3078 2074 3209 2129 ﬁdes
3236 2086 3389 2125 con-

1819 2149 2152 2220 ﬁrmaretur,
2214 2170 2563 2216 amoveretur
2616 2175 2797 2217 autem
2851 2168 3036 2223 omnis
3091 2167 3241 2225 fraus
3270 2166 3380 2217 dae-

1817 2249 2036 2289 monum
2058 2279 2071 2301 ,
2111 2243 2397 2306 quemdam
2431 2260 2494 2296 ex
2530 2246 2595 2297 iis
2629 2250 2719 2313 qui
2752 2264 2871 2301 cum
2904 2266 2967 2301 eo
3000 2253 3371 2313 versabantur,

1820 2324 2078 2396 inclytum
2107 2369 2120 2391 ,
2157 2332 2374 2398 inquam
2402 2372 2413 2392 ,
2449 2331 2783 2397 Lucianum,
2819 2340 2910 2406 qui
2947 2340 3110 2392 etiam
3154 2342 3375 2410 presby-

1821 2420 1922 2470 teri
1955 2419 2213 2489 dignitate
2242 2436 2355 2477 erat
2382 2435 2606 2479 ornatus
2636 2427 2797 2496 (eum
2831 2431 2970 2483 enim
3012 2432 3377 2499 sequebantur

1820 2510 1971 2559 multi
2020 2527 2082 2563 ex
2120 2514 2183 2565 iis
2238 2515 2327 2581 qui
2373 2517 2622 2570 virtutem
2660 2521 3160 2588 amplectebantur;
3198 2524 3375 2578 simile

1816 2598 1981 2659 enim,
2028 2609 2084 2651 nt
2129 2604 2345 2665 dicitur.
2385 2608 2546 2659 simili
2584 2609 2958 2679 delectatur),
3002 2613 3150 2665 misit
3190 2614 3256 2666 ad
3293 2616 3373 2668 ci-

1820 2688 2037 2741 vitatem
2088 2690 2275 2745 Insulae
2321 2693 2700 2759 Bclvacensis,
2746 2700 3160 2766 praedicatorum
3203 2704 3375 2772 pieta-

1818 2779 1968 2837 tem;
2022 2775 2136 2843 ipse
2183 2794 2308 2831 vero
2347 2781 2507 2834 simul
2538 2798 2659 2835 cum
2703 2783 2929 2839 Rustico
2968 2796 3020 2839 et
3065 2788 3375 2845 Eleutherio

1815 2860 1989 2917 Gallia
2034 2866 2307 2937 Cisalpina
2352 2873 2573 2933 relicta,
2618 2890 2739 2927 cum
2793 2877 2892 2931 hoc
2926 2893 3244 2947 responsum
3276 2882 3375 2935 ha-

1817 2953 2027 3008 buisset
2058 2958 2127 3011 ab
2159 2962 2386 3027 angelo,
2420 2965 2561 3016 venit
2597 2966 2648 3017 in
2679 2966 2948 3020 civitatem
2978 3007 2992 3031 ,
3026 2984 3147 3037 quae
3176 2970 3374 3025 dicitur

1816 3041 2041 3108 Parisii,
2077 3057 2133 3099 ut
2171 3066 2294 3102 eum
2325 3054 2377 3103 in
2407 3068 2468 3104 ea
2500 3057 2720 3107 verbum
2764 3058 3085 3112 seminasset
3126 3062 3369 3127 pietatis,

1816 3138 1870 3183 et
1905 3132 2195 3188 redimitus
2243 3147 2388 3190 esset
2433 3154 2632 3193 corona
2676 3145 2957 3212 martyrii,
3003 3161 3127 3200 cum
3176 3148 3370 3203 ﬁducia

1125 3239 1215 3288 καὶ
1248 3237 1275 3287 ό
1312 3238 1399 3303 μοὶ
1452 3233 1649 3304 προῖὼν
1695 3236 1716 3285 ό

1819 3220 2100 3277 sisteretur
2127 3240 2310 3279 coram
2338 3228 2443 3283 Deo
2469 3235 2808 3297 agonotheta,
2828 3237 2969 3303 quod
2984 3240 3232 3305 equidem
3249 3243 3297 3294 ei
3318 3242 3370 3294 in

1816 3313 1956 3364 votis
1985 3323 2120 3378 erat,
2152 3325 2207 3368 et
2234 3318 2335 3370 hoc
2368 3320 2421 3371 in
2452 3325 2802 3389 sequentibus
2850 3342 3070 3380 narrare
3100 3340 3364 3399 satagam.

1884 3399 2018 3454 Cum
2064 3419 2191 3474 ergo
2240 3408 2476 3462 venisset
2518 3412 2583 3464 ad
2625 3413 2763 3466 hanc
2801 3413 3132 3470 Parisiorum
3184 3423 3373 3474 civita-

1817 3497 1922 3543 tem
1945 3531 1958 3553 ,
2005 3500 2057 3545 et
2085 3509 2201 3547 eam
2237 3495 2529 3553 invenisset
2564 3501 2773 3570 plenam
2802 3504 3180 3561 incredulitate
3207 3525 3223 3576 ;
3255 3524 3373 3578 qua

1815 3595 2001 3633 eorum
2050 3586 2300 3650 quidem,
2342 3605 2461 3655 qua!
2502 3594 2554 3644 in
2596 3593 2710 3661 ipsa
2745 3605 2938 3658 erant,
2970 3599 3373 3666 pulchritudine

1815 3680 1869 3725 et
1909 3675 2227 3727 excellentia
2274 3680 2587 3735 civitatibus
2631 3687 2841 3751 magnis
2884 3696 3001 3739 erat
3041 3689 3199 3757 longe
3237 3691 3371 3745 infe.-

1818 3765 1947 3828 rior,
1986 3768 2257 3835 impietate
2285 3781 2462 3825 autem
2495 3774 2627 3827 adeo
2658 3788 2773 3829 erat
2804 3780 3059 3834 omnibus
3092 3785 3364 3849 superior,

1818 3863 1877 3907 ut
1923 3872 1989 3909 ne
2039 3869 2259 3924 possent
2297 3862 2511 3929 quidem
2554 3852 2675 3917 cum
2719 3882 2780 3920 ea
2825 3870 3105 3933 conferre,
3136 3873 3371 3941 undique

1816 3945 1884 3997 ab
1914 3945 2242 4003 immanibus
2276 3965 2536 4022 occupata
2572 3955 3000 4022 habitatoribus,
3034 3970 3086 4016 et
3115 3971 3369 4032 tanquam

1815 4037 1957 4091 vallo
1991 4039 2173 4109 aliquo
2209 4042 2365 4097 valde
2412 4046 2617 4098 munita
2666 4048 2878 4100 illorum
2922 4050 3270 4116 crudelitate,
3317 4066 3370 4109 et

1813 4142 1931 4181 eam
1965 4146 2272 4200 Opponcns,
2307 4142 2562 4203 tanquam
2597 4138 2813 4207 aliquod
2857 4141 3001 4194 aliud
3039 4144 3367 4211 praesidium.

1814 4218 1964 4270 Adde
2005 4220 2151 4287 quod
2191 4235 2313 4273 cum
2361 4226 2602 4279 omnium
2646 4226 2918 4282 fructuum
2963 4241 3108 4287 esset
3148 4232 3369 4290 fertilis-

1813 4310 1950 4362 sima
1971 4349 1985 4373 ,
2017 4322 2069 4365 et
2096 4313 2394 4369 abundaret
2425 4319 2657 4372 maxima
2688 4337 2866 4375 rerum
2898 4325 3137 4378 omnium
3176 4329 3363 4396 copia,

1813 4398 1958 4453 cives
1998 4417 2126 4457 suos
2169 4407 2337 4475 magis
2383 4408 2642 4463 incitabat
2678 4413 2742 4464 ad
2786 4414 2933 4468 vitia.
2965 4412 3099 4469 Cum
3138 4417 3191 4470 in
3229 4419 3368 4473 hanc

1812 4507 1942 4560 ergo
1980 4495 2057 4549 sic
2097 4496 2337 4549 affectam
2379 4501 2613 4555 venisset
2663 4504 2969 4566 civitatem.
3012 4509 3195 4563 obibat
3241 4526 3365 4578 per-

1813 4594 2062 4643 scnutans
2092 4588 2137 4639 si
2175 4604 2332 4650 quem
2375 4591 2546 4643 locum
2583 4603 2764 4660 aptum
2806 4597 3070 4652 inveniret
3109 4600 3172 4652 ad
3212 4604 3370 4669 quie-

1812 4683 1939 4731 tem.
1983 4677 2133 4740 Quod
2176 4687 2351 4732 autem
2393 4684 2664 4749 quaerebat
2700 4671 3056 4753 consecutus,
3096 4705 3195 4763 pro
3234 4692 3363 4744 viri-

1812 4765 1914 4821 bus
1947 4769 2130 4821 statim
2166 4774 2422 4840 templum
2463 4773 2690 4826 habuit:
2724 4784 2774 4827 et
2810 4784 2865 4828 ut
2907 4779 2999 4844 qui
3043 4779 3096 4831 in
3143 4782 3360 4849 regione

1810 4858 1982 4910 aliena
2014 4870 2154 4912 esset
2192 4862 2387 4930 hospes
2417 4870 2469 4913 et
2514 4863 2752 4924 advena,
2800 4875 2853 4919 et
2892 4868 3091 4922 multos
3140 4869 3360 4925 haberet

1810 4947 2065 5002 adversos
2116 4960 2333 5019 propter
2384 4950 2753 5009 diversitatem
2802 4956 3110 5029 opinionis,
3161 4962 3359 5015 excitat

1808 5040 2103 5093 oratorium
2137 5049 2189 5092 et
2220 5042 2473 5109 templum
2498 5084 2514 5107 ,
2549 5045 2691 5112 quod
2725 5048 2880 5114 plane
2911 5056 3025 5101 erat
3055 5050 3202 5104 salus
3241 5052 3357 5104 anis

1809 5144 2037 5182 marum.
2079 5128 2210 5181 Nam
2246 5148 2366 5183 cum
2400 5137 2683 5187 maximam
2716 5139 2925 5205 piorum
2959 5139 3352 5195 multitudinem

1808 5220 1863 5273 in
1910 5235 1974 5271 eo
2023 5231 2437 5291 congregasset,
2487 5234 2539 5278 et
2586 5241 2749 5294 puros
2802 5228 3199 5285 sacriﬁcatores
3249 5231 3355 5287 Deo

1807 5308 2181 5371 exhibuisset,
2221 5320 2470 5366 sanctum
2526 5330 2773 5382 gregem,
2828 5328 2884 5369 ut
2928 5320 3092 5372 semel
3138 5321 3352 5384 dicam,

1810 5400 2063 5467 templum
2096 5402 2294 5467 ellieit;
2331 5404 2489 5471 cujus
2532 5406 2645 5475 ipse
2676 5417 2791 5460 erat
2836 5418 3018 5477 pastor
3061 5427 3165 5463 non
3215 5428 3354 5467 mer—

1806 5490 2100 5542 cenarius:
2154 5492 2482 5559 quemlibet,
2534 5497 2626 5565 qui
2679 5498 2894 5550 errabat
2944 5500 3352 5567 incredulitate,

1806 5578 2049 5631 veritatis
2090 5577 2268 5631 fistula
2309 5581 2375 5632 ad
2414 5582 2573 5635 ﬁdem
2606 5600 2895 5645 revocans,
2928 5592 2982 5638 et
3013 5601 3106 5640 eos
3135 5588 3227 5655 qui
3266 5603 3353 5641 er-

1808 5682 1928 5722 rore
1962 5670 2323 5736 egrotabant,
2354 5686 2553 5726 curans
2584 5674 2911 5728 salutaribus
2946 5676 3352 5731 medicamentis

1810 5758 2209 5827 Scripturarum
2238 5781 2251 5815 ε
2282 5778 2376 5818 eos
2407 5774 2618 5828 autem,
2651 5766 2741 5834 qui
2768 5766 2879 5831 jam
2914 5776 3068 5820 erant
3095 5771 3310 5823 contriti
3330 5810 3347 5832 ,
