3968 6438
632 382 771 447 1039

1884 378 2169 441 MENSIS
2207 379 2584 439 OCTUBER.

3716 370 3851 434 1οω

629 506 874 560 doctrina
908 507 1164 576 alligans,
1196 513 1248 560 et
1280 504 1345 557 ad
1393 517 1572 558 veram
1594 502 1811 557 ducens
1870 502 2154 556 sanitatem

2254 554 2255 559 η
2294 508 2380 559 καὶ
2415 507 2543 573 πρὸς
2569 504 2665 572 τὴν
2699 503 2950 574 ἀληθινὴν
2978 502 3125 571 ἄγων
3157 503 3358 572 ὑγείαν.
3379 502 3513 555 Ἀλλ’
3540 503 3691 569 ἶναγε
3722 504 3841 557 καθ’

633 597 737 653 Sed
771 608 829 652 ut
860 607 1006 652 certa
1039 598 1191 651 nobis
1224 598 1304 649 via
1337 594 1592 664 procedat
1621 594 1814 652 oratio.
1839 592 1940 646 hoc
1966 609 2180 663 quoque

626 690 745 756 ejus
776 688 1091 742 admirabile
1112 728 1125 751 ,
1160 697 1217 741 ut
1249 703 1311 741 ex
1344 686 1491 739 illius
1522 685 1763 753 epistolis
1808 685 1934 738 sciri
1972 693 2176 753 potest,

626 780 879 833 narrabo.
949 776 1136 831 Plures
1200 776 1418 845 quidem
1474 786 1627 829 erant
1685 773 1941 845 Dionysio
2000 776 2179 829 thera-

624 878 826 936 peutaz,
861 884 1002 921 unus
1033 876 1213 920 autem
1245 881 1308 919 ex
1340 865 1405 920 iis
1434 872 1543 918 erat
1587 864 1748 918 etiam
1794 863 2173 933 DemOphilus,

622 958 714 1025 qui
745 957 879 1011 civis
909 964 1026 1011 erat
1058 956 1349 1025 provinciae
1385 954 1733 1009 Atheniensis
1754 996 1768 1020 ,
1799 955 2097 1022 habituque
2125 966 2177 1009 et

622 1046 731 1098 vita
763 1047 1093 1110 monachus;
1126 1046 1502 1099 monacliatum
1532 1054 1710 1098 autem
1735 1045 1783 1098 ei
1809 1044 2175 1111 imposuerant

622 1150 770 1202 pura:
908 1147 963 1191 et
1119 1136 1292 1190 sacris
1338 1136 1617 1189 initiantes
1658 1150 1848 1187 manus
1898 1133 2169 1203 Dionysii;

621 1226 754 1279 ordo
794 1225 879 1278 hic
928 1234 980 1279 et
1036 1227 1400 1279 ministerium
1452 1228 1567 1280 viro
1611 1227 1699 1281 ἱειί
1731 1242 1758 1278 a
1793 1224 2078 1295 Dionysio,
2112 1233 2169 1279 ut

622 1324 873 1381 praesset
899 1315 1081 1383 januis
1110 1316 1313 1384 templi.

690 1401 785 1456 Hic
843 1411 987 1474 ergo'
1031 1405 1374 1474 Demophilus
1423 1421 1544 1458 cum
1599 1405 1889 1475 aliquando
1948 1405 2169 1459 vidisset

617 1509 773 1546 suum
815 1496 1218 1564 presbyterum,
1250 1497 1539 1567 quemdam
1591 1497 1812 1565 impium
1846 1503 2007 1564 atque
2044 1510 2171 1565 pec-

615 1586 851 1636 catorein
891 1584 956 1637 ad
996 1585 1370 1652 penitentiam
1412 1598 1772 1647 conversum,
1813 1585 1995 1652 illique
2043 1598 2171 1652 pro-

614 1676 879 1727 cidentem
923 1674 1347 1727 misericorditer
1378 1675 1683 1743 excepisse,
1726 1674 1945 1727 minime
1984 1674 2167 1726 leviter

614 1767 790 1820 ferens
812 1805 825 1828 ,
859 1775 911 1818 at
937 1767 1289 1820 exacerbatus
1321 1774 1373 1819 et
1413 1765 1555 1817 intra
1586 1764 1806 1817 sacrarii
1836 1764 1993 1833 adyta
2023 1765 2169 1817 exsi-

610 1865 759 1911 stens
788 1873 907 1927 quae
950 1858 1155 1926 ingredi
1200 1871 1539 1925 nequaquam
1576 1862 1767 1915 tutum,
1799 1869 1972 1923 neque
2004 1853 2157 1906 attin-

2345 1855 2356 1866 ⁸
2378 1858 2388 1872 ι
2530 1857 2544 1881 vv
2564 1855 2607 1881 ἰλ

2267 1873 2429 1923 φαλες
2448 1896 2462 1918 ,
2497 1872 2612 1906 Oa");

610 1963 735 2016 gere
768 1959 1013 2002 sanctum
1037 1988 1049 2009 ,
1086 1946 1283 2001 Sancta
1328 1960 1635 2000 sanctorum
1679 1946 1890 2015 publice
1932 1944 2166 1999 ludibrio

608 2038 793 2091 haberi
846 2036 1012 2103 facit,
1063 2038 1261 2091 bonum
1310 2046 1486 2090 autem
1542 2037 1691 2089 illum
1739 2036 2070 2089 sacerdotem
2111 2040 2165 2087 ct

605 2138 944 2181 mansuetum
1002 2129 1171 2197 plagis
1218 2126 1650 2181 intolerabilibus
1698 2125 1952 2192 subjicit,
2003 2133 2163 2193 atque

605 2220 659 2271 in
698 2218 887 2271 faciem
923 2219 1233 2287 percutiens
1269 2218 1555 2280 obnititur,
1596 2224 1648 2270 et
1687 2231 1808 2269 cum
1847 2229 2038 2284 magna
2080 2229 2164 2269 re-

607 2309 845 2363 verentia
889 2308 1266 2370 accedentem,
1325 2307 1579 2359 audacter
1625 2306 1866 2358 calcibus
1917 2304 2159 2372 repellit,

604 2398 827 2466 impium
872 2411 935 2451 ac
982 2398 1267 2451 scelestum
1313 2395 1499 2449 dicens
1546 2409 1667 2448 eum
1714 2394 1806 2462 qui
1849 2407 1910 2447 ex
1955 2393 2163 2447 miseri-

601 2487 789 2540 cordia
821 2488 1002 2555 populi
1034 2486 1371 2555 ignorantias
1416 2484 1696 2553 despicere
1755 2483 2064 2544 statuisset,
2109 2490 2162 2534 et

603 2575 861 2647 Dionysio
892 2578 1178 2645 episcopo,
1210 2585 1371 2645 atque
1404 2578 1676 2643 pastorum
1713 2574 1974 2642 principi,
2006 2572 2159 2639 quasi

602 2680 855 2735 magnum
923 2666 1052 2734 quid
1104 2666 1170 2719 ad
1227 2667 1482 2718 virtutem
1539 2662 1840 2724 effecisset,
1900 2660 2161 2715 describit

599 2758 745 2826 quod
787 2757 1091 2820 acciderat,
1146 2770 1350 2823 susque
1388 2754 1561 2822 deque
1594 2753 1809 2820 jactans
1838 2753 1891 2804 in
1932 2752 2023 2804 illa
2063 2765 2159 2804 au-

599 2846 718 2900 daci
745 2846 1001 2915 epistola,
1034 2845 1179 2913 quod
1218 2860 1324 2897 non
1367 2851 1476 2895 tam
1517 2843 1751 2908 seipsum
1791 2855 1951 2909 quam
1992 2839 2156 2894 Deum

600 2941 749 2993 ultus
784 2947 949 2993 esset.
981 2936 1119 3003 Quid
1149 2952 1277 3006 ergo
1312 2936 1444 2990 ille?
1474 2935 1608 2989 Num
1632 2975 1645 2995 .
1676 2942 1732 2988 ut
1764 2934 1957 3002 vulgus
1986 2933 2154 2997 solet,

598 3029 700 3082 fuit
737 3029 918 3082 animo
958 3027 1345 3097 perturbatus?
1377 3035 1467 3079 aut
1509 3033 1790 3094 reputatus
1819 3030 1901 3077 est
1939 3023 2023 3077 vel
2062 3036 2158 3091 pa—

600 3135 717 3171 rum
749 3118 877 3186 quid
912 3118 1136 3171 omnino
1182 3117 1477 3169 mutavisse
1526 3116 1592 3168 de
1634 3129 1697 3167 ea
1747 3113 1987 3166 bonitate
2034 3126 2156 3180 quae

597 3210 645 3262 ei
675 3208 993 3263 coaluerat?
1020 3206 1132 3261 Hoc
1163 3206 1384 3260 minime
1412 3206 1517 3259 dici
1560 3212 1759 3275 potest.
1802 3203 1985 3271 Neque
2012 3202 2155 3257 enim

598 3299 740 3352 facto
772 3300 915 3353 ultus
949 3306 1030 3353 est
1058 3310 1212 3359 eum,
1254 3298 1345 3365 qui
1388 3303 1743 3365 peccaverat;
1786 3295 1877 3348 sed
1923 3292 2066 3346 facto
2103 3302 2157 3346 et

594 3404 842 3443 sermone
872 3389 1095 3441 salutari
1125 3389 1353 3451 erudiit,
1383 3403 1501 3455 qua:
1539 3387 1697 3440 simul
1731 3384 1794 3436 ad
1827 3385 2079 3435 virtutem
2104 3390 2156 3436 et

592 3494 805 3532 omnem
834 3480 1258 3533 moderationem
1296 3476 1553 3531 informat
1583 3485 1635 3531 et
1668 3476 1944 3544 componit
1965 3514 1978 3533 ,
2013 3473 2153 3526 illam

591 3569 839 3623 scribens
878 3570 1167 3639 epistolam
1192 3608 1206 3632 ,
1249 3576 1301 3622 et
1340 3568 1642 3637 exemplum
1684 3564 2153 3627 mansuetudinis,

591 3660 802 3722 Aaron,
845 3658 1047 3721 David,
1088 3666 1141 3712 et
1182 3660 1319 3712 alios
1361 3659 1657 3711 adducens.
1699 3657 1869 3723 Cujus
1908 3663 1965 3706 ut
2004 3652 2158 3706 omit-

592 3759 701 3802 tam
752 3750 913 3802 aliam
968 3750 1033 3802 ad
1084 3750 1285 3803 bonum
1337 3747 1808 3808 exhortationem,
1859 3744 2157 3802 meminero

590 3848 737 3893 certe
791 3840 1053 3903 visionis,
1105 3855 1267 3910 quam
1322 3840 1370 3894 ei
1425 3847 1645 3900 narrat,
1700 3848 1754 3891 ut
1803 3844 1921 3907 qua:
1967 3843 2155 3889 sancto

584 3935 761 3999 (Iarpo
803 3932 1138 3999 apparuerit.
1182 3931 1271 3983 Sic
1311 3940 1490 3983 autem
1524 3944 1581 3983 se
1611 3929 1771 3981 habet
1804 3928 1869 3979 ad
1904 3928 2148 3981 verbum.

657 4020 791 4071 Cum
827 4017 1119 4085 aliquando
1156 4018 1209 4070 in
1241 4017 1453 4071 Cretam
1487 4017 1755 4069 venissem
1778 4053 1793 4078 ,
1828 4030 1910 4067 me
1942 4015 2175 4083 Carpus-

591 4105 825 4172 hospitio
864 4105 1110 4173 excepit,
1164 4105 1267 4164 vir,
1311 4105 1357 4157 si
1397 4106 1519 4172 quis
1557 4103 1729 4165 alius,
1772 4110 1991 4171 propter
2041 4116 2153 4153 ma-

588 4208 749 4262 gnam
780 4195 978 4249 mentis
1011 4195 1300 4263 puritatem
1334 4194 1398 4245 ad
1430 4192 1757 4248 cernendum
1790 4191 1954 4245 Deum
1984 4192 2139 4261 aptis-

591 4285 781 4339 simus.
826 4283 1008 4353 Neque
1048 4285 1191 4337 enim
1232 4299 1419 4337 sacros
1458 4284 1841 4352 mysteriorum
1884 4288 2020 4335 ritus
2060 4298 2152 4351 ag-

590 4377 972 4447 grediebatur,
1022 4378 1125 4429 nisi
1174 4376 1323 4444 prius
1365 4376 1465 4442 ipsi
1514 4376 1565 4425 in
1602 4375 1667 4425 iis
1710 4373 1997 4440 precibus,
2034 4389 2152 4442 quae

2289 599 2405 652 όῶν
2433 601 2461 650 ὁ
2492 597 2643 662 λόγος
2675 597 2807 665 ἡμῖν
2839 595 3003 666 προΐῃ
3024 634 3036 657 ,
3074 595 3165 647 καὶ
3206 594 3362 646 τοῦτο
3404 595 3691 664 τεράστιον
3736 595 3845 647 τῶν

2287 688 2449 744 αὑτοῦ
2475 729 2487 750 ,
2523 689 2597 749 ὠς
2630 690 2693 741 ἐκ
2723 686 2829 739 τῶν
2862 686 3067 739 ἐκείνου
3102 686 3179 737 ενι
3216 686 3403 755 μαθεῖν
3426 725 3441 748 ,
3478 685 3839 755 διηγήσομαι·

2287 780 2539 848 Διονυσίῳ
2571 777 2897 847 θεραπευταὶ
2933 776 3031 846 μὲν
3064 778 3153 829 καὶ
3185 777 3393 846 ἕτεροι,
3429 770 3509 838 εἷς
3543 776 3601 828 δέ
3634 794 3714 839 τις
3744 777 3839 829 αὖ·

2284 872 2390 923 τῶν
2424 870 2515 923 καὶ
2548 868 2868 937 Δημόφιλος.
2906 868 3193 937 Δημοσίλῳ
3240 867 3297 919 δὲ
3347 866 3502 929 πόλις
3537 868 3572 936 ή
3604 865 3711 918 τῶν
3755 867 3837 917 Ἀ-

2283 960 2459 1030 θηνῶν
2492 958 2747 1028 ἐπαρχία,
2795 956 2979 1027 σχῆμά
3009 974 3067 1008 τε
3102 956 3192 1009 καί
3230 956 3339 1025 βίος
3377 956 3624 1025 μονήρης
3646 972 3661 985 ο
3694 954 3753 1007 τδ
3782 954 3837 1006 δὲ

2284 1052 2514 1121 μονῆρες
2546 1049 2720 1118 τούτῳ
2752 1050 2806 1101 αί
2841 1048 3075 1117 καθαραὶ
3130 1046 3218 1099 καὶ
3267 1046 3691 1115 ίεροτελεστικαὶ
3721 1048 3835 1097 Ato-

2280 1141 2458 1191 νυσίου
2494 1142 2669 1208 χεῖρες
2702 1136 2983 1190 ἐπέθεσαν.
3022 1136 3181 1198 Τάξις
3213 1135 3349 1204 αὕτη
3382 1135 3532 1203 παρὰ
3567 1136 3833 1186 Διονυσίου

2279 1231 2368 1281 καὶ
2397 1230 2702 1300 λειτουργία
2729 1228 2806 1297 τῷ
2836 1228 2987 1296 ἀνδρὶ
3005 1268 3019 1290 ,
3049 1230 3166 1287 ταῖς
3196 1225 3290 1277 τοῦ
3321 1225 3449 1277 ναοῦ
3485 1225 3685 1285 πύλαις
3714 1228 3834 1293 ἐφε-

2278 1321 2481 1373 στάναι.

2355 1408 2411 1459 Ὀ
2444 1409 2619 1458 τοίνυν
2664 1406 2964 1475 Δημόφιλος
3013 1400 3163 1466 οὗτος
3185 1444 3198 1465 ,
3233 1402 3323 1454 τὸν
3355 1403 3548 1455 ἑαυτοῦ
3598 1402 3829 1473 πρεσϐύ-

2271 1512 2426 1565 τερον
2476 1495 2802 1562 θεασάμενος
2849 1494 3249 1565 ἐπιστραφέντα
3310 1491 3430 1542 τινα
3480 1492 3618 1560 πρὸς
3667 1491 3829 1560 μετά-

2272 1604 2415 1639 νοιαν
2468 1583 2762 1653 συμπαθῶς
2814 1583 3272 1653 προσδεξάμενον,
3324 1583 3515 1651 πράως
3550 1584 3650 1634 οὐκ
3682 1585 3829 1647 ἐνεγ-

2271 1676 2410 1735 κὼν,
2458 1676 2591 1727 ἀλλά
2642 1675 2987 1743 χαλεπήνας,
3034 1672 3164 1723 εἵσω
3221 1688 3280 1723 τε
3344 1672 3453 1723 τῶν
3504 1672 3600 1723 τοῦ
3647 1672 3828 1724 θυσια-

2270 1767 2487 1836 στηρίου
2522 1766 2728 1817 ἀδύτων
2761 1765 3080 1833 γενόμενος,
3118 1756 3191 1815 ὧν
3242 1762 3541 1814 ἐπιϐαίνειν
3590 1764 3687 1814 οὐκ
3732 1764 3824 1814 ἀσ-

2589 1857 2612 1906 ἐ
2648 1852 2976 1922 προσψαύειν
3012 1854 3152 1904 ὅσιον
3176 1892 3189 1915 ,
3239 1850 3679 1920 ἐκπομπευθῆναι
3727 1851 3823 1919 μὲν

2263 1944 2330 1997 τὰ
2383 1946 2546 2011 ’Ἅγια
2590 1943 2697 1994 τῶν
2746 1942 2915 2008 ἀγίων
2957 1944 3127 2001 ποιεῖ,
3163 1941 3253 1993 τὸν
3284 1941 3337 1993 δέ
3370 1940 3573 2007 ἀγαθὸν
3622 1943 3822 1992 ἐκεῖνον

2263 2035 2413 2105 ἱερέα
2460 2035 2549 2086 καὶ
2595 2035 2795 2103 ἥμερον
2830 2032 3063 2099 πληγαῖς
3094 2032 3151 2082 οὐ
3188 2034 3444 2100 φορηταῖς
3481 2033 3767 2085 ὑποϐάλλει
3801 2048 3815 2062 ·

2261 2126 2401 2179 κατά
2434 2142 2492 2176 τε
2523 2124 2623 2192 τῆς
2657 2124 2859 2193 κόρρης
2894 2123 3068 2176 παίων
3101 2122 3363 2182 ἀντωθεῖ,
3401 2121 3493 2173 καὶ
3530 2123 3666 2190 μετά
3700 2124 3821 2175 πολ-

2258 2214 2355 2283 λῆς
2417 2215 2516 2281 τῆς
2579 2213 2757 2275 αἰδοῦς
2821 2215 3111 2283 προσιόντα
3173 2214 3415 2284 θρασέως
3446 2212 3816 2276 ἀπολακτίξει,

2256 2305 2426 2373 ἀσεϐῆ
2460 2304 2627 2370 λέγων
2662 2305 2750 2355 καὶ
2784 2303 3088 2373 ἀλιτήριον,
3123 2304 3215 2355 τὸν
3248 2304 3544 2373 ἀγαθότητι
3579 2306 3818 2373 παρορᾷν

2254 2396 2552 2467 ἠξιωμένον
2585 2395 2651 2448 τὰ
2685 2395 2777 2448 τοῦ
2810 2393 2936 2447 λαοῦ
2964 2396 3311 2464 άγνοήματα,
3344 2394 3435 2446 καὶ
3467 2395 3545 2463 τῷ
3578 2396 3818 2465 ἀρχιερεῖ

2253 2488 2509 2557 Διονυσίῳ
2545 2486 2635 2538 καὶ
2673 2484 3017 2555 ἀρχιποιμένι
3039 2524 3053 2545 ,
3083 2485 3157 2546 ὡς
3194 2485 3331 2553 μέγα
3363 2501 3415 2535 τι
3449 2485 3586 2554 πρὸς
3621 2485 3815 2553 ἀρετὴν

2252 2577 2625 2646 είργασμένος,
2659 2576 3004 2644 διαχαράττει
3036 2574 3095 2625 τὸ
3127 2575 3363 2641 γεγονὸς,
3398 2576 3510 2626 ἄνω
3544 2577 3637 2627 καὶ
3668 2576 3815 2627 κάτω

2251 2667 2490 2736 θρυλλῶν
2541 2668 2638 2736 τῆς
2672 2662 2927 2735 θρασείας
2979 2666 3191 2732 ἐκείνης
3244 2666 3567 2734 ἐπιστολῆς,
3613 2666 3686 2729 ὡς
3719 2668 3815 2734 οὐχ

2249 2757 2438 2809 ἐαυτὸν
2487 2756 2719 2826 μᾶλλον,
2767 2754 2899 2812 ἀλλά
2948 2755 3037 2807 καὶ
3082 2755 3172 2807 τὸν
3223 2756 3353 2808 Θεὸν
3387 2756 3715 2827 ἐκδικήσειε.
3753 2757 3813 2808 Τί

2248 2843 2339 2900 οὖν
2384 2851 2623 2911 ἐκεῖνος;
2658 2844 2744 2917 ἆρ’
2794 2848 2827 2917 ἢ
2873 2847 2933 2899 τὸ
2965 2846 3073 2899 τῶν
3106 2846 3309 2899 πολλῶν
3359 2847 3592 2912 ἔπαθεν,
3646 2850 3678 2917 ἢ
3724 2849 3813 2904 καὶ

2251 2939 2443 3011 μικρὸν
2492 2940 2625 3001 ὅλως
2673 2940 2772 3008 τῆς
2831 2939 3127 3008 συντρόφου
3180 2940 3500 3007 μεταϐαλεῖν
3555 2940 3812 3009 ἐνομίσθη

2246 3032 2641 3101 χρηστότητος;
2708 3029 3000 3099 οὕμενουν,
3065 3032 3162 3083 οὺκ
3223 3031 3367 3082 ἔστιν
3430 3032 3638 3083 εἰπεῖν·
3705 3032 3811 3083 οὐδ’

2246 3121 2389 3191 ἔργῳ
2433 3121 2522 3173 τὸν
2568 3123 2921 3190 ἡμαρτηκότα
2982 3120 3255 3190 ἠμύνατο,
3312 3120 3444 3173 ἀλλά
3495 3121 3640 3192 λόγῳ
3684 3119 3813 3187 θείῳ

2247 3213 2343 3264 καὶ
2400 3210 2724 3281 σωτηριώδει
2750 3211 3075 3263 πεπαίδευκε
3101 3229 3112 3240 ·
3148 3210 3245 3281 τὴν
3273 3212 3406 3282 πρὸς
3440 3212 3641 3282 ἀρετὴν
3672 3212 3804 3281 ὁμοῦ

2244 3302 2334 3355 καὶ
2370 3305 2545 3355 πᾶσαν
2578 3302 2870 3371 εὐκοσμίαν
2902 3302 3175 3356 τυποῦσάν
3206 3320 3264 3355 τε
3300 3304 3390 3354 καὶ
3440 3304 3804 3374 ῥυθμίζουσαν

2243 3394 2457 3463 ἐκείνην
2504 3394 2716 3462 γράψας
2750 3392 3032 3461 ἐπιστολὴν
3056 3432 3070 3453 ,
3108 3393 3197 3444 καὶ
3234 3395 3541 3464 πραότητος
3594 3396 3805 3449 ὑπόδει-

2243 3499 2355 3551 γμα
2385 3484 2475 3536 τὸν
2520 3482 2757 3554 Ἀαρὼν,
2792 3483 2883 3534 τὸν
2914 3482 3074 3533 Δαυὶδ
3096 3521 3111 3543 ,
3151 3484 3241 3535 καὶ
3274 3485 3490 3553 ἐτέρους
3526 3502 3806 3557 παραστη-

2243 3575 2504 3641 σάμενος·
2553 3570 2619 3643 ἧς
2660 3574 2744 3627 ἵνα
2775 3575 2874 3645 τὴν
2906 3572 3069 3641 ἄλλην
3106 3573 3241 3644 πρὸς
3283 3576 3343 3627 τὸ
3387 3576 3593 3641 ἀγαθὸν
3642 3595 3806 3629 κατα-

2240 3662 2380 3713 λίπω
2422 3663 2761 3732 παράκλησιν
2784 3704 2797 3723 ,
2834 3664 2965 3715 άλλά
2996 3665 3096 3735 τῆς
3140 3666 3381 3736 ὁράσεως
3404 3706 3418 3730 ,
3470 3661 3540 3737 ἦς
3586 3666 3804 3731 διέξεισι

2242 3752 2373 3822 πρὸς
2418 3754 2576 3805 αὐτὸν
2608 3754 2681 3817 ὡς
2716 3754 2819 3807 ὑπὸ
2849 3754 2942 3808 τοῦ
2975 3755 3084 3807 τῶν
3116 3757 3286 3824 ἁγίων
3319 3757 3630 3829 θεαθείσης,
3669 3775 3802 3828 μνη-

2240 3844 2535 3914 σθήσομαι.
2574 3843 2697 3915 Εἶχε
2729 3847 2783 3898 δὲ
2818 3848 2954 3899 κατὰ
2988 3848 3131 3917 λέξιν
3164 3848 3358 3911 οὕτως·

2309 4021 2599 4091 Γενόμενόν
2652 4023 2716 4092 μέ
2764 4040 2891 4075 ποτε
2945 4024 3082 4078 κατὰ
3133 4026 3229 4096 τὴν
3274 4028 3537 4097 Κρήτην,
3590 4033 3617 4083 ὁ
3665 4030 3804 4101 ἱερὸς

2239 4109 2610 4182 ἐξεναγὼγησε
2646 4116 2896 4182 Κάρπος,
2934 4118 3101 4187 ἀνὴρ,
3132 4117 3221 4169 καὶ
3256 4118 3309 4169 εἴ
3338 4135 3423 4180 τις
3466 4119 3627 4183 ἄλλος
3653 4161 3666 4184 ,
3720 4122 3804 4174 διὰ

2238 4199 2433 4271 πολλὴν
2468 4201 2809 4273 καθαρότητα
2844 4205 2932 4257 νοῦ
2966 4206 3101 4275 πρὸς
3134 4205 3386 4260 θεοπτίαν
3434 4209 3803 4279 ἐπιτηδειόταο

2237 4301 2325 4371 τος
2362 4302 2373 4313 ·
2412 4287 2502 4339 καὶ
2535 4288 2662 4355 γοῦν
2695 4291 2813 4343 οὐδὲ
2844 4296 2963 4356 ταῖς
2998 4294 3178 4360 ἁγίαις
3212 4295 3318 4347 τῶν
3356 4298 3679 4366 μυστηρίων
3721 4316 3805 4351 τε·

2236 4378 2413 4443 λεταῖς
2478 4382 2779 4451 ἐνεχείρει,
2837 4383 2910 4452 μὴ
2972 4386 3235 4455 πρότερον
3300 4386 3449 4455 αὑτῷ
3513 4389 3803 4452 κατὰ-τάς

591 4476 745 4521 antea
779 4468 961 4536 perfici
995 4469 1204 4529 solent,
1243 4480 1397 4519 sacra
1434 4473 1487 4518 et
1528 4465 1646 4516 laeta
1692 4464 2030 4532 apparuisset
2069 4464 2148 4513 vi-

2254 4469 2576 4536 τροτελείους
2638 4472 2837 4540 εὐχὰς,
2890 4474 3040 4543 ἱερᾶς
3104 4476 3195 4528 καὶ
3244 4476 3507 4546 εὐμενοῦς
3559 4480 3803 4550 ὁράσεως

591 4557 693 4610 sio.
748 4555 796 4611 ls
840 4559 1055 4625 quidem
1099 4556 1397 4617 narrabat,
1446 4570 1568 4607 cum
1612 4569 1639 4606 a
1671 4554 1935 4621 quodam,
1977 4552 2068 4620 qui
2121 4566 2150 4603 a

2254 4558 2673 4643 ιπιιραινομένης.
2716 4562 2935 4628 Ἔλεγεν
2981 4560 3104 4627 οὖν,
3155 4566 3268 4629 ὅτι,
3315 4566 3685 4637 λελυπηκότος
3716 4568 3807 4619 αὑ-

592 4649 691 4702 iide
727 4650 1092 4717 religioneque
1131 4656 1317 4700 nostra
1354 4646 1695 4705 abhorreret,
1739 4644 1876 4697 forte
1911 4643 2149 4698 offensus

587 4748 732 4794 esset
768 4742 784 4810 (
810 4737 1047 4794 tristitia:
1078 4747 1256 4793 autem
1286 4751 1449 4790 causa
1484 4744 1628 4797 crat,
1660 4736 1801 4803 quod
1836 4737 1922 4789 ille
1951 4737 2019 4789 ab
2050 4736 2149 4789 Ec—

588 4832 751 4883 clesia
804 4832 1092 4898 quemdam
1144 4831 1210 4883 ad
1265 4831 1490 4900 impium
1541 4830 1747 4883 cultum
1800 4822 2155 4886 traduxerat).

588 4932 699 4973 tum
739 4935 862 4974 cum
903 4921 1089 4983 etiam,
1132 4920 1200 4972 ab
1241 4920 1358 4987 ipso
1399 4920 1735 4989 (Christiano
1770 4926 1988 4986 propter
2050 4914 2148 4968 ba-

579 5010 861 5083 ptismum)
897 5010 1088 5063 hilaria
1140 5018 1463 5078 agerentur,
1526 5023 1646 5060 cum
1706 5008 1991 5076 benignam
2049 5022 2146 5075 pro

588 5109 815 5168 utroque
868 5099 933 5151 ad
992 5098 1157 5151 Deum
1217 5100 1580 5167 precationem
1636 5097 1857 5152 fundere
1920 5113 2145 5153 necesse

582 5200 763 5253 esset,
804 5191 1018 5260 Deoque
1058 5202 1334 5247 servatore
1374 5191 1623 5259 adjutore
1659 5191 1946 5258 adjuncto,
1992 5190 2139 5241 illum

583 5284 799 5352 quidem
856 5294 1199 5345 convertere,
1243 5285 1385 5337 hune
1426 5293 1605 5337 autem
1645 5284 1859 5337 vincere
1899 5280 2143 5348 benigni-

583 5384 690 5427 tate
712 5414 725 5437 ,
758 5391 855 5428 nec
896 5374 1163 5428 desistere
1203 5376 1492 5428 admonere
1538 5391 1627 5443 per
1664 5390 1821 5427 omne
1854 5373 1974 5425 vita:
2007 5380 2141 5423 tem-

584 5484 684 5537 pus
718 5482 888 5533 usque
920 5469 985 5521 ad
1019 5468 1158 5521 hunc
1193 5468 1369 5536 ipsum
1398 5468 1537 5520 diem
1563 5506 1576 5529 ,
1611 5476 1769 5535 atque
1813 5468 1883 5519 ita
1924 5466 2137 5518 demum

580 5574 672 5612 eos
705 5557 769 5609 ad
802 5555 892 5609 Dei
927 5562 1170 5612 notitiam
1204 5558 1501 5619 deducere,
1629 5557 1779 5623 quasi
1899 5557 2009 5623 jam
2042 5569 2136 5615 ea,

583 5647 648 5701 de
684 5648 883 5716 quibus
923 5656 1076 5699 antea
1115 5649 1460 5709 dubitarent,
1503 5646 1797 5715 dijudicala
1837 5654 2046 5710 essent,
2086 5651 2138 5696 et

583 5739 648 5791 ab
686 5740 750 5791 iis
782 5756 899 5808 quae
930 5738 1328 5791 inconsiderate
1360 5738 1480 5789 ausi
1510 5746 1725 5802 essent,
1764 5738 1996 5805 legitime
2028 5748 2137 5803 pm-

2234 4646 2325 4697 τόν
2360 4664 2487 4699 ποτε
2529 4648 2636 4701 τῶν
2668 4652 2909 4704 ἀπίστων
2940 4655 3084 4716 τινος
3108 4694 3121 4715 ,
3161 4656 3229 4723 (ἡ
3276 4655 3417 4722 λύπη
3469 4656 3525 4707 δὲ
3572 4652 3639 4727 ἦν
3663 4698 3677 4721 ,
3727 4659 3805 4710 ὅτι

2234 4738 2331 4807 τῆς
2378 4740 2695 4811 Ἐκκλησίας
2746 4746 2949 4807 ἐκεῖνος
3008 4745 3128 4797 τινὰ
3163 4746 3296 4815 πρὸς
3347 4746 3407 4798 τὸ
3458 4748 3619 4801 ἄθεον
3669 4751 3801 4803 ἀπε-

2237 4826 2545 4897 πλάνησεν’)
2596 4832 2674 4899 ξτι
2725 4834 2832 4884 τῶν
2878 4832 3115 4901 ἰλαρίων
3162 4835 3378 4906 ἡμερῶν
3429 4836 3581 4905 αὐτῷ
3632 4839 3805 4891 τελου-

2240 4916 2451 4986 μένων,
2499 4920 2615 4972 δέον
2677 4924 3001 4994 ἀμφοτέρων
3056 4926 3451 4997 ἀγαθοπρεπῶς
3503 4930 3804 5000 ὑπερεύξα-

2238 5007 2394 5072 σθαι,
2434 5011 2523 5063 καὶ
2568 5011 2698 5063 Θεὸν
2747 5015 2966 5085 σωτῆρα
3016 5017 3354 5087 συλλήπτορα
3387 5018 3621 5072 λαόόντα
3647 5060 3661 5081 ,
3714 5022 3801 5073 τὸν

2240 5098 2337 5167 μὲν
2370 5100 2689 5171 ἐπιστρέψαι
2723 5143 2747 5171 ι
2771 5096 2862 5157 τὸν
2893 5106 2948 5157 δὲ
2980 5107 3271 5177 ἀγαθότητι
3308 5108 3561 5176 νικῆσαι,
3598 5110 3693 5163 καὶ
3732 5102 3800 5179 μὴ

2235 5189 2496 5244 διαλιπεῖν
2532 5193 2880 5248 νουθετοῦντα
2911 5197 2997 5249 διὰ
3034 5198 3147 5267 βίου
3182 5198 3381 5260 παντὸς
3405 5239 3417 5259 ,
3452 5199 3615 5271 ἄχρις
3648 5198 3709 5255 οὗ
3743 5200 3800 5252 τὸ

2239 5282 2509 5352 σήμερον,
2547 5285 2635 5364 καὶ
2667 5287 2839 5349 οὕτως
2874 5288 2963 5340 ἐπὶ
2995 5290 3092 5358 τὴν
3127 5290 3274 5341 θείαν
3322 5290 3519 5353 αὐτοὺς
3573 5295 3798 5359 ἀγαγεῖν

2238 5374 2432 5439 γνῶσιν
2457 5415 2470 5437 ,
2504 5375 2575 5438 ὡς
2599 5378 2663 5429 ἂν
2695 5378 2791 5447 ἤδη
2828 5380 2917 5430 καὶ
2950 5378 3056 5429 τῶν
3088 5379 3585 5449 ἀμφισϐητησίμων
3619 5382 3795 5445 αὐτοῖς

2238 5468 2563 5535 κρινομένων
2586 5509 2599 5531 ,
2636 5470 2724 5520 καὶ
2756 5470 2861 5521 τῶν
2894 5469 3098 5535 ἀλόγως
3131 5469 3544 5539 θρασυνομένων
3590 5474 3796 5543 ἐννόμῳ

2234 5555 2357 5627 δίκῃ
2406 5563 2695 5625 σωφρονεῖν
2727 5560 3204 5629 ἀναγκαζομένων·
3255 5562 3367 5613 ἀλλ’
3403 5562 3460 5610 ἐν
3508 5562 3688 5631 ἐαυτῷ
3724 5562 3794 5630 μὴ

2240 5649 2498 5718 πρότερον
2531 5650 2686 5701 τοῦτο
2719 5648 2901 5701 παθὼν
2934 5690 2946 5711 ,
2988 5653 3086 5703 οὐκ
3116 5649 3213 5703 οἷδ’
3247 5652 3394 5713 ὅπως
3426 5653 3549 5706 τότε
3596 5653 3793 5719 πολλήν

2238 5756 2358 5793 τινα
2390 5740 2482 5805 τὴν
2514 5741 2830 5805 δυσμένειαν
2864 5744 2953 5793 καὶ
2988 5744 3084 5817 τὴν
3122 5742 3341 5799 πικρίαν
3376 5743 3605 5813 ἐντήξας
3655 5743 3793 5793 ἐκοι-
