3968 6480
128 460 256 525 1041

156 568 341 635 μήθη·
397 569 693 638 κατεδάρθη
732 570 829 636 μὲν
856 609 868 631 ,
905 569 963 620 οὖ

151 660 261 727 γάρ
315 654 414 728 ἦν’
472 660 594 729 περὶ
637 661 691 713 δὲ
739 662 907 729 μέσας
958 660 1150 722 νύκτας
1201 661 1414 726 (εἰώθει
1481 661 1588 730 γάρ
1635 666 1710 726 είς

150 750 302 803 τόνδε
337 750 426 802 τὸν
460 752 647 820 καιρὸν
679 750 837 814 αὐτὸς
870 752 951 817 ἐφ’
986 751 1178 803 ἐαυτοῦ
1214 750 1347 817 πρὸς
1380 752 1504 814 τοὺς
1538 751 1710 815 θείους

154 842 360 912 ὕμνους
405 844 757 913 ἐγρηγορέναι
790 844 849 911 ·)
898 842 1231 895 διανίσταται
1285 844 1400 912 μὲν.
1439 842 1555 896 οὐδὲ
1602 841 1711 896 τῶν

154 935 339 988 ὕπνων
371 933 550 986 αὐτῶν
575 974 588 996 ,
626 933 832 986 πολλῶν
862 948 925 999 γε
958 932 1126 984 όντων
1146 973 1159 995 ,
1197 934 1287 986 καὶ
1335 934 1418 986 ἀεὶ
1455 936 1713 1001 ἐγκοπτο-

158 1025 337 1094 μένων
372 1064 387 1087 ,
440 1023 543 1087 ἔξω
599 1024 842 1094 ταραχῆς
901 1023 1327 1094 παραπολαύσας
1375 1042 1388 1053 ο
1442 1023 1610 1086 ἐστὼς
1655 1023 1712 1077 δὲ

156 1114 307 1182 ὅμως
340 1115 420 1175 είς
458 1112 555 1182 τὴν
588 1112 734 1165 θείαν
764 1110 975 1181 ὁμιλίαν
1007 1112 1105 1165 οῦκ
1149 1110 1353 1178 εὑαγῶς
1399 1111 1582 1177 ἠνιᾶτο
1624 1107 1714 1161 καὶ

158 1204 536 1272 ἐδυσχέραινεν
559 1243 572 1267 ,
605 1202 704 1254 οὐκ
736 1197 870 1253 εἷναι
901 1201 1103 1254 δίκαιον
1129 1200 1317 1266 λέγων,
1354 1202 1400 1251 εἰ
1449 1197 1583 1267 ζῷεν
1624 1197 1717 1250 ἇν-

157 1294 293 1363 δρες
317 1293 462 1347 ἄθεοι
506 1292 596 1344 καὶ
628 1291 1041 1362 διαστρέφοντες
1071 1290 1171 1353 τὰς
1200 1290 1351 1351 ὁδοὺς
1386 1288 1585 1358 Κυρίου
1618 1287 1717 1349 τάς

158 1384 372 1447 εὐθείας
405 1400 418 1414 ⁸
457 1384 549 1436 καὶ
583 1383 757 1436 ταῦτα
801 1384 972 1451 λέγων
1001 1424 1014 1445 ,
1062 1383 1231 1436 ἐδεῖτο
1280 1380 1372 1432 τοῦ
1416 1379 1549 1431 Θεοῦ
1587 1394 1718 1447 πρη-

161 1474 323 1543 στῆρί
370 1491 475 1527 τινι
517 1474 617 1537 τὰς
664 1474 985 1545 ἀμφοτέρων
1028 1472 1256 1537 εἰσάπαξ
1303 1469 1540 1540 ἀνηλεῶς
1586 1471 1717 1521 ἁπο-

159 1563 367 1616 παῦσαι
413 1562 573 1626 ζωάς.
624 1563 808 1617 Ταῦτα
854 1564 908 1616 δὲ
958 1562 1163 1625 εἰπὼν,
1214 1562 1361 1629 ἔλεγε
1405 1561 1548 1623 δόξαι
1592 1559 1717 1610 ἰδεῖν

160 1652 314 1720 ἄφνω
341 1652 434 1705 τὸν
461 1649 607 1706 οἷκον
637 1656 693 1706 ἐν
718 1647 871 1724 ᾧπερ
898 1655 1141 1721 εἱστήκει
1187 1650 1561 1719 διαδονηθέντα
1595 1647 1720 1717 πρό-

158 1761 337 1815 τερον,
373 1745 464 1797 καὶ
495 1748 557 1799 ἐκ
586 1746 682 1815 τῆς
713 1746 915 1815 ὀροφῆς
944 1747 1022 1807 εἰς
1045 1744 1136 1797 δύο
1168 1744 1327 1813 μέσον
1352 1741 1716 1812 διαιρεθέντα,

162 1835 257 1888 καί
301 1854 423 1889 τινα
470 1836 647 1906 πυρὰν
691 1834 1002 1903 πολύφωτρν
1043 1834 1368 1905 ἐπίπροσθεν
1397 1831 1595 1897 αὐτοῦ,
1628 1830 1720 1885 καὶ

1117 471 1293 532 VlTA
1334 472 1393 529 S.
1434 469 1771 532 DIONYSII
1807 467 2330 531 AREOPAGlT/E.

971 588 1042 621 τω
1077 570 1254 631 κακῶς
1288 570 1423 638 ἔχων
1459 588 1472 601 ·
1509 573 1711 642 ἑσπέρα

1817 584 1912 627 nas
1949 567 2126 621 dando
2161 564 2486 636 resipiscere
2525 575 2887 635 cogerentur;
2930 574 3041 619 tum
3078 574 3259 617 tamen
3320 564 3373 617 id

3262 456 3398 523 1042

1811 660 1953 733 quod
1974 673 2255 728 nunquam
2279 659 2381 714 sibi
2405 658 2769 721 usuvenisset,
2796 658 2939 712 haud
2962 658 3075 713 scio
3096 655 3368 726 quomodo

1813 767 2006 822 magno
2035 751 2271 820 quodam
2300 758 2354 804 et
2384 750 2581 803 acerbo
2612 749 2776 802 animi
2806 749 2995 803 dolore
3025 746 3329 802 confectum
3351 784 3367 810 ,

1811 846 1979 917 quieti
2010 859 2069 899 se
2085 843 2322 904 dedisse,
2348 856 2409 894 ac
2432 840 2650 911 quidem
2674 840 2962 895 dormiisse
2990 840 3063 893 ita
3088 839 3223 894 male
3241 836 3373 893 οσο-

1813 943 1959 989 ctum
2011 934 2164 1004 (erat
2206 933 2347 987 enim
2382 932 2687 1002 vespera);
2731 931 2907 986 media
2940 926 3120 984 autem
3153 930 3375 985 circiter

1816 1033 1971 1080 nocte
1995 1024 2208 1096 (solitus
2236 1024 2378 1077 enim
2400 1034 2516 1077 erat
2543 1022 2643 1076 hoc
2670 1032 2913 1091 tempore
2939 1036 3030 1090 per
3059 1036 3117 1075 se
3143 1020 3208 1072 ad
3232 1019 3376 1073 divi-

1817 1132 1915 1174 nos
1938 1118 2166 1188 hymnos
2202 1114 2465 1186 vigilare)
2501 1114 2805 1169 surrexisse
2837 1113 3054 1182 quidem
3074 1152 3088 1175 ,
3121 1126 3243 1165 cum
3274 1126 3375 1165 nec

1814 1223 2063 1264 somnum
2097 1209 2272 1277 ipsum
2305 1206 2397 1275 qui
2430 1206 2571 1259 altus
2603 1202 2831 1266 fuisset,
2872 1211 2925 1256 et
2964 1216 3176 1269 semper
3212 1200 3377 1255 inter-

1822 1311 2049 1370 ruptus,
2094 1300 2210 1353 sine
2249 1296 2663 1352 conturbatione
2702 1294 2973 1362 cepisset;
3014 1298 3243 1344 stantem
3296 1297 3379 1342 ta-

1818 1409 1938 1445 men
1997 1391 2064 1444 ad
2122 1390 2305 1443 divina
2370 1386 2639 1455 colloquia
2666 1424 2681 1448 ,
2723 1384 3022 1452 irreligiose
3055 1380 3295 1441 doluisse
3327 1387 3381 1433 et

1817 1481 2009 1536 acerbe
2033 1481 2251 1543 tulisse,
2285 1479 2550 1532 dicentem
2581 1492 2687 1529 non
2722 1490 2844 1530 esse
2871 1489 3084 1543 acquum
3116 1473 3259 1526 viros
3282 1470 3381 1524 im-

1815 1572 1933 1641 pios
1972 1573 2188 1633 vivere,
2227 1576 2282 1623 et
2319 1568 2413 1638 qui
2462 1568 2579 1623 vias
2634 1565 2847 1619 Domini
2888 1574 3064 1619 rectas
3108 1568 3380 1632 perverte-

1816 1670 1972 1727 rent;
2010 1662 2121 1715 haec
2151 1660 2439 1721 dicentem,
2474 1665 2750 1729 precatum
2785 1670 2909 1710 esse
2954 1670 2985 1708 a
3017 1653 3147 1717 Deo,
3182 1661 3239 1706 ut
3269 1666 3383 1704 am-

1818 1753 2007 1807 borum
2041 1752 2203 1805 vitam
2236 1750 2353 1805 sine
2371 1748 2741 1803 misericordia
2764 1746 2979 1801 turbine
3014 1744 3192 1814 aliqu'o
3225 1743 3382 1812 igneo

1819 1842 2178 1910 abrumperet.
2230 1840 2360 1906 Qua:
2422 1854 2547 1894 cum
2610 1838 2873 1901 dixisset,
2928 1833 3384 1891 commemorabat

158 1925 366 1995 ταύτην
410 1925 613 1994 (ἐδόκει
642 1922 750 1994 γὰρ
798 1923 981 1977 λοιπὸν
1025 1923 1285 1994 ὕπαιθρος
1333 1926 1361 1977 ὁ
1394 1922 1612 1991 τόπος),
1657 1923 1718 1974 ἐκ

1818 1948 1879 1989 se
1908 1933 2085 1988 visum
2115 1946 2236 1987 esse
2266 1931 2451 1985 videre
2480 1936 2703 1999 repente
2738 1927 2959 1983 domum
2993 1926 3047 1980 in
3078 1941 3182 1995 qua
3213 1933 3384 1979 staret

156 2014 253 2067 τοῦ
304 2013 550 2084 οὐρανίου
593 2013 768 2085 χώρου
803 2013 991 2085 μέχρις
1018 2012 1183 2066 αὺτοῦ
1226 2011 1672 2081 καταφερομένην
1700 2026 1714 2040 ·

155 2105 251 2158 τὸν
295 2106 353 2158 δὲ
397 2105 621 2176 οὐρανὸν
668 2106 828 2158 αὑτὸν
869 2104 1333 2171 ἀναπεπταμένον,
1366 2101 1455 2153 καὶ
1498 2100 1589 2152 ἐπὶ
1639 2099 1718 2169 τῷ

158 2193 314 2265 νώτῳ
351 2196 437 2248 τοῦ
478 2195 704 2265 οὐρανοῦ
744 2195 835 2245 τὸν
879 2192 1112 2262 Ἰησοῦν,
1158 2191 1398 2260 ἀπείρων
1436 2188 1719 2258 ἀνθρωπο-

157 2286 316 2339 ειδῶν
355 2286 502 2355 αὑτῷ
541 2286 955 2355 παρεστηκότων
999 2284 1260 2351 ἀγγέλων.
1286 2282 1394 2336 Καὶ
1418 2281 1588 2335 ταῦτα
1624 2282 1720 2352 μὲν

157 2374 367 2428 ἀνωθεν
418 2375 678 2445 ὁρᾶσθαι,
739 2374 831 2428 καὶ
885 2373 1043 2426 αὑτὸν
1086 2370 1419 2441 θαυμάζειν
1465 2372 1614 2424 κάτω
1663 2371 1721 2424 δέ

159 2465 338 2533 κύψας
367 2468 396 2519 ὀ
422 2466 645 2536 Κάρπος
666 2505 680 2527 ,
729 2465 853 2518 ἰδεῖν
882 2463 982 2535 ἔφη
1014 2463 1106 2516 καὶ
1131 2462 1390 2529 τοῦδαφος
1412 2462 1546 2513 αὐτὸ
1586 2461 1722 2529 πρὸς

157 2558 358 2628 ἀχανές
401 2574 455 2610 τι
500 2558 683 2627 χάσμα
724 2556 817 2610 καὶ
860 2554 1132 2608 σκοτεινὸν
1176 2552 1594 2621 διερῤηγμένον·
1629 2550 1721 2603 καὶ

156 2651 287 2713 τοὺς
320 2651 417 2720 μὲν
447 2650 643 2721 ἀνδρας
671 2650 910 2712 ἐκείνους
933 2690 946 2712 ,
977 2644 1056 2711 οἷς
1095 2648 1367 2717 ἐπηρᾶτο,
1414 2643 1517 2715 πρὸ
1558 2641 1720 2696 αὐτοῦ

158 2740 301 2794 κατά
334 2738 394 2791 τὸ
425 2741 640 2810 στόμιον
668 2740 952 2809 ἐστηκέναι
988 2736 1082 2790 τοῦ
1133 2738 1441 2807 χάσματος,
1491 2731 1721 2803 ὑποτρό-

160 2846 331 2899 μους,
375 2828 673 2892 ἐλεεινοὺς,
722 2829 844 2881 ὅσον
891 2826 1042 2880 οὔπω
1091 2826 1566 2897 καταφερομένους
1618 2823 1722 2878 ὑπὸ

155 2920 261 2988 τῆς
288 2918 398 2971 τῶν
426 2919 640 2972 οἰκείων
673 2916 847 2970 ποδῶν
874 2918 1139 2981 ἀστασίας
1180 2935 1193 2947 ο
1240 2916 1482 2972 κάτωθεν
1527 2913 1722 2969 δὲ-ἀπδ

155 3010 253 3065 τοῦ
294 3010 566 3079 χάσματος
615 3008 764 3077 ὄφεις
801 3008 1074 3079 ἀνέρπειν,
1116 3007 1360 3076 καὶπερὶ
1404 3006 1530 3070 τοὺς
1560 3007 1739 3093 πόδας.

158 3098 338 3152 αὐτῶν
382 3098 829 3168 ὑποκινουμένους
852 3138 865 3163 ,
897 3098 1025 3151 ποτὲ
1057 3098 1151 3166 μὲν
1193 3095 1519 3167 ἀποσύρειν,
1554 3098 1722 3149 ἐπαν-

158 3190 505 3258 ειλουμένους
554 3191 668 3261 ἅμα
726 3190 817 3244 καὶ
875 3187 1302 3259 ἐπιδαροῦντας,
1354 3189 1446 3241 καὶ
1492 3188 1718 3241 ἐπανέλ-

1817 2024 2009 2092 agitari
2040 2023 2313 2091 primum,
2346 2021 2545 2076 deinde
2592 2035 2621 2073 a
2667 2021 2867 2075 vertice
2915 2018 2972 2072 in
3021 2017 3158 2072 duas
3203 2022 3383 2087 partes

1815 2110 2069 2166 dimidias
2098 2110 2292 2173 dividi,
2324 2118 2379 2164 et
2411 2119 2534 2165 ante
2578 2126 2635 2166 se
2667 2126 2855 2181 rogum
2887 2109 3173 2180 quemdam
3205 2108 3385 2177 magni

1816 2202 2040 2255 luminis
2060 2242 2074 2266 ,
2106 2216 2338 2269 eumque
2367 2202 2386 2271 (
2412 2201 2515 2256 sub
2553 2201 2642 2254 dio
2671 2200 2815 2255 enim
2846 2201 2999 2254 locus
3031 2200 3120 2253 ille
3150 2212 3273 2252 esse
3305 2197 3381 2249 vi-

1816 2288 2086 2359 debatur)
2118 2306 2147 2345 e
2174 2290 2313 2344 caelo
2343 2306 2516 2359 usque
2546 2289 2612 2343 ad
2643 2290 2883 2359 scipsum
2913 2288 3113 2343 deferri
3140 2307 3154 2341 :
3182 2287 3382 2340 calum

1816 2393 1947 2433 vero
1987 2386 2272 2446 apertum,
2316 2385 2369 2432 et
2415 2378 2468 2431 in
2516 2392 2755 2432 convexa
2798 2377 2921 2431 coeli
2967 2375 3258 2447 superﬁcie
3296 2370 3385 2428 Je-

1815 2482 1971 2532 snm,
2013 2468 2397 2522 assistentibus
2456 2468 2941 2522 innumerabilibus
2989 2465 3197 2535 angelis
3225 2506 3240 2529 ,
3286 2464 3384 2521 ho-

1814 2558 2018 2609 minum
2054 2557 2220 2627 ﬁgura
2246 2566 2301 2611 et
2333 2559 2532 2626 specie.
2582 2557 2757 2625 Atque
2790 2558 2901 2609 haec
2930 2555 3149 2625 quidem
3180 2569 3210 2607 a
3241 2556 3382 2609 cmlo

1814 2646 1986 2703 videri
2024 2663 2233 2702 summa
2282 2663 2407 2702 cum
2454 2663 2551 2704 sua
2599 2648 2976 2703 admiratione.
3023 2646 3159 2701 Cum
3201 2656 3382 2702 autem

1816 2735 1932 2806 ipse
1960 2736 2216 2791 deorsum
2245 2736 2434 2792 oculos
2464 2737 2828 2791 convertisset
2849 2775 2862 2799 ,
2894 2749 3121 2789 cernere
3149 2749 3208 2787 se
3236 2732 3382 2786 dice-

1815 2825 1909 2882 bat
1935 2826 2097 2880 etiam
2128 2833 2330 2880 terram
2365 2825 2537 2894 ipsam
2578 2823 2653 2877 ita
2690 2822 3014 2878 discessisse
3036 2858 3051 2884 ,
3089 2828 3147 2873 ut
3186 2818 3383 2873 obscu—

1817 2930 1911 2969 rus
1940 2914 2161 2984 quidam
2199 2924 2253 2968 et
2292 2896 2672 2968 ténebricosus
2713 2912 2894 2967 hiatus
2932 2910 3197 2966 exsistere
3237 2908 3385 2963 vide-

1814 3014 2003 3063 retur:
2057 3013 2221 3074 atque
2275 3003 2524 3057 homines
2579 3001 2796 3072 quidem
2846 3002 2967 3056 illos
3008 3000 3205 3070 quibus
3246 2998 3385 3053 male

1816 3104 2071 3165 precatus
2117 3105 2293 3161 esset,
2341 3102 2469 3149 ante
2513 3109 2571 3149 se
2616 3094 2685 3148 ad
2732 3108 2794 3148 os
2838 3092 3025 3147 hiatus
3074 3101 3219 3147 stare
3274 3098 3386 3146 tre-

1817 3193 2027 3238 mentes
2058 3192 2110 3239 ct
2140 3186 2403 3247 miseros,
2434 3194 2489 3240 et
2521 3186 2612 3253 qui
2652 3183 2762 3239 fere
2794 3199 2903 3253 prae
2934 3184 3128 3253 pedum
3161 3198 3384 3239 suorum

157 3297 353 3344 κοντας
383 3296 396 3310 ⁸
428 3282 557 3334 ποτέ
587 3281 642 3333 δὲ
666 3282 776 3342 τοῖς
802 3278 1009 3331 ὀδοῦσιν
1030 3318 1043 3342 ,
1076 3277 1108 3348 ἢ
1138 3280 1255 3340 τοῖς
1305 3277 1548 3348 οὐραίοις
1584 3278 1718 3330 ὐπο-

1818 3271 2174 3328 instabilitate
2227 3272 2713 3343 demergerentur:
2774 3274 2843 3327 ab
2894 3273 3151 3327 inferiore
3198 3281 3381 3326 autem

152 3371 454 3440 τύφοντας,
483 3371 516 3441 ἦ
550 3368 1109 3440 ὑπογαργαλίζοντας,
1146 3368 1235 3422 καὶ
1274 3368 1361 3422 διὰ
1403 3369 1599 3434 παντὸς
1643 3371 1721 3434 είς

150 3462 214 3514 τὺ
273 3461 472 3531 ἀχανὲς
529 3458 783 3529 ἐμϐαλεῖν
840 3459 1259 3529 μηχανωμένους
1291 3476 1304 3488 ·
1333 3454 1469 3511 εἶναι
1519 3459 1577 3513 δὲ
1630 3460 1722 3513 καὶ

152 3548 356 3619 ἄνδρας
385 3547 540 3611 τινὰς
568 3551 626 3601 ἐν
657 3547 803 3618 μέσῳ
823 3586 837 3610 ,
867 3550 978 3610 τοῖς
1006 3546 1159 3615 ὄφεσι
1202 3545 1341 3599 κατά
1372 3546 1480 3598 τῶν
1514 3546 1721 3616 ἀνδρῶν

152 3639 691 3709 συνεπιτιθεμένους·
720 3637 1087 3699 διαδονοῦντας
1136 3637 1250 3707 ἃμα
1300 3637 1392 3689 καὶ
1444 3636 1720 3690 ὑπωθοῦν-

148 3747 249 3793 τας
312 3730 406 3783 καὶ
459 3728 872 3789 καταπαίοντας.
920 3726 1162 3779 Ἐδόκουν
1216 3726 1271 3780 δὲ
1313 3710 1465 3780 εἷναί⁸
1496 3727 1630 3799 πρὸς
1662 3726 1723 3781 τὸ

154 3818 343 3869 πεσεῖν
388 3818 582 3867 ἐκεῖνοι
644 3816 711 3867 τὰ
778 3816 873 3885 μὲν
932 3816 1193 3881 ἄκοντες,
1244 3815 1311 3869 τὰ
1362 3817 1416 3868 δέ
1471 3818 1718 3879 ἑκόντες,

154 3905 263 3957 ὑπὸ
290 3903 384 3956 τοῦ
416 3904 583 3957 κακοῦ
628 3905 746 3958 κατ’
787 3905 961 3975 ὀλίγον
991 3905 1296 3977 βιαζόμενοι
1330 3906 1444 3975 ἅμα
1483 3904 1575 3957 καὶ
1605 3922 1717 3959 πει-

155 3992 391 4062 θόμενοι.

1818 3362 2039 3427 locoex
2077 3363 2228 3417 hiatu
2280 3378 2487 3434 angues
2537 3378 2756 3419 sursum
2808 3378 3058 3435 serpere,
3103 3369 3265 3433 atque
3313 3361 3378 3416 ad

1817 3470 2006 3511 eorum
2045 3455 2245 3526 pedes,
2293 3470 2417 3509 cum
2462 3457 2662 3511 sensim
2708 3464 3075 3518 moverentur,
3108 3455 3381 3510 interdum

1817 3546 2033 3617 quidem
2067 3546 2280 3601 trahere
2319 3548 2675 3616 complicatos
2704 3546 2866 3604 simul
2894 3554 2948 3601 et
2977 3545 3344 3615 deprimentes
3364 3586 3379 3609 ,

1820 3642 1982 3706 atque
2009 3635 2398 3703 detrahentes;
2432 3636 2703 3690 interdum
2748 3634 3004 3689 dentibus
3054 3644 3145 3688 aut
3187 3632 3378 3689 caudis

1820 3727 2202 3790 incendentes,
2260 3730 2343 3782 vel
2398 3728 2803 3783 demulcentes.
2855 3727 3109 3795 omnique
3168 3725 3377 3779 ratione

1818 3824 2078 3888 agentes,
2139 3828 2197 3871 ut
2248 3834 2344 3873 eos
2398 3819 2454 3872 in
2503 3819 2650 3871 illam
2697 3819 3016 3872 immensam
3067 3816 3376 3885 voraginem

1818 3908 2122 3977 praecipites
2180 3908 2415 3976 darent;
2475 3908 2644 3963 fuisse
2699 3908 2863 3962 etiam
2925 3908 3069 3962 viros
3114 3906 3378 3977 quosdam

1820 3998 1873 4052 in
1920 4001 2134 4064 modio,
2186 4002 2276 4071 qui
2331 4016 2437 4053 una
2485 4015 2607 4053 cum
2644 3998 2985 4068 serpentibus
3036 3998 3089 4051 in
3134 3990 3378 4053 homines

151 4093 277 4148 illos
327 4093 677 4163 invaderent,
724 4096 1117 4165 exagitatione,
1164 4097 1353 4167 pulsu.
1427 4109 1479 4153 et
1516 4102 1903 4183 percussione;
1963 4103 2106 4153 visos
2162 4112 2339 4154 autem
2400 4116 2518 4155 esse
2560 4102 2703 4160 viros
2744 4103 2863 4159 illos
2934 4104 3213 4168 decidere,
3252 4119 3374 4175 par-

152 4185 250 4239 tim
293 4184 530 4252 invitos,
568 4189 763 4259 partim
796 4197 1019 4259 sponte,
1064 4191 1206 4259 quod
1252 4205 1279 4243 a
1325 4193 1463 4245 malo
1494 4195 1693 4249 sensim
1724 4201 2058 4264 cogerentur.

232 4295 426 4362 Ἔλεγε
473 4297 527 4348 δε
575 4297 603 4347 ὁ
651 4296 873 4365 Κάρπος
924 4295 1113 4347 ἑαυτὸν
1155 4296 1371 4365 ἥδεσθαι
1416 4297 1563 4349 κάτω
1609 4291 1725 4364 βλέ-

159 4403 362 4439 ποντα·
420 4384 527 4437 τῶν
572 4383 684 4437 ἀνω
710 4384 765 4437 δὲ
806 4384 1024 4453 ἀμελεῖν
1069 4400 1081 4412 ·
1125 4384 1494 4454 δυσχεραίνειν
1534 4382 1589 4434 δὲ
1634 4383 1724 4435 καὶ

155 4478 473 4547 ὀλιγωρεῖν,
502 4476 584 4529 ὅτι
638 4475 711 4547 μὴ
762 4475 1110 4529 πεπτώκασιν
1149 4475 1249 4544 ἤδη
1274 4514 1288 4537 ,
1335 4475 1425 4527 καὶ
1467 4474 1544 4543 τῷ
1586 4474 1723 4544 πρά-

154 4586 329 4638 γματι
367 4567 619 4630 πολλάκις
658 4566 976 4635 ἐπιθέμενον
1020 4565 1111 4617 καὶ
1145 4565 1549 4634 ἀδυνατήσαντα
1574 4604 1588 4627 ,
1632 4564 1722 4617 καὶ
1746 4558 2057 4625 Dnondum

160 4656 491 4725 ἀχθεσθῆναι
552 4656 645 4708 καὶ
716 4653 1138 4725 ἐπαράσασθαι·
1201 4656 1293 4708 καὶ
1358 4654 1724 4709 ἀνανεύσαντα

162 4748 317 4816 μόλις
338 4788 351 4811 ,
388 4747 513 4799 ἰδεῖν
544 4748 640 4816 μὲν
668 4742 821 4810 αὖθις
848 4748 938 4800 τὸν
964 4748 1190 4818 οὐρανὸν
1214 4788 1227 4811 ,
1258 4748 1444 4819 ῶσπερ
1475 4749 1566 4801 καὶ
1596 4748 1724 4819 πρό-

156 4856 318 4909 τερον
344 4838 595 4908 ἐωράκευ
627 4838 719 4890 τὸν
747 4838 802 4890 δὲ
844 4838 1070 4908 Ἰησοῦν,
1102 4840 1399 4909 ἐλεήσαντα
1440 4839 1500 4890 τὸ
1545 4838 1726 4906 γιγνό-

159 4946 344 5002 μενον,
377 4928 733 4998 ἐξαναστῆναι
774 4928 869 4980 τοῦ
914 4930 1305 5001 ὑπερουρανίου
1356 4930 1579 5000 θρόνου,
1630 4928 1722 4983 καὶ

156 5022 266 5085 hoc
293 5020 472 5075 αὐτῶν
518 5019 861 5083 καταϐάντα,
895 5021 987 5072 καὶ
1026 5025 1181 5092 χεῖρα
1224 5020 1430 5090 ἀγαθὴν
1469 5020 1719 5089 ὀρέγειν,

157 5114 253 5167 καὶ
282 5114 409 5174 τοὺς
438 5113 698 5179 ἀγγέλους
726 5110 874 5182 αὺτῷ
905 5111 1549 5181 συνεπιλαμίανομένους,
1567 5110 1721 5163 ἀλλον

156 5202 379 5256 ἄλλοθεν
437 5202 756 5273 ἀντέχεσθαι
806 5207 920 5257 τοῖν
977 5202 1189 5273 ἀνδροῖν
1221 5219 1234 5232 ·
1270 5202 1363 5256 καὶ
1419 5203 1592 5255 εἰπεῖν
1645 5202 1723 5271 τῷ

155 5296 373 5365 Κάρπῳ
395 5294 486 5348 τὸν
528 5294 731 5363 Ἰησοῦν
750 5336 764 5356 ,
796 5294 896 5365 τῆς
925 5293 1103 5365 χειρὸς
1132 5294 1232 5364 ήδη
1264 5292 1671 5365 προτεταμένης
1703 5310 1715 5323 -

159 5403 179 5437 ι
221 5387 356 5439 Παῑε
385 5386 504 5440 κατ’
535 5385 667 5456 ἐμοῦ
699 5386 899 5440 λοιπόν’
930 5386 1143 5456 ἕτοιμος
1173 5387 1280 5455 γάρ
1305 5388 1416 5455 ειμι
1462 5385 1552 5438 καὶ
1582 5385 1720 5454 ὑπὲρ

154 5475 458 5547 hopime
512 5476 937 5545 ἀνασωζομένων
993 5475 1220 5539 παθεῖν,
1281 5476 1372 5527 καὶ
1423 5474 1715 5545 προσφιλές

157 5582 247 5639 μοι
270 5564 449 5630 τοῦτο,
472 5568 543 5638 μὴ
572 5566 743 5623 ἄλλων
770 5567 1188 5636 ἁμαρτανόντων
1217 5565 1533 5636 ἀνθρώπων.
1569 5566 1714 5637 Πλὴν

152 5660 288 5729 ὅρα,
342 5656 389 5707 εί
437 5658 617 5721 καλῶς
668 5657 779 5733 ἔχει
822 5670 943 5719 σοι,
978 5658 1077 5728 τὴν
1118 5662 1175 5711 ἐν
1219 5657 1297 5728 τῷ
1338 5657 1576 5726 χάσματι
1624 5658 1715 5711 καὶ

158 5748 297 5819 μετά
347 5746 455 5799 τῶν
504 5746 679 5815 ὄφεων
733 5749 898 5819 μονὴν
948 5747 1375 5812 ἀνταλλάξασθαι
1424 5748 1521 5816 τῆς
1580 5753 1715 5819 μετὰ

153 5841 289 5896 Θεοῦ
336 5840 428 5895 καὶ
450 5838 559 5893 τῶν
585 5839 799 5907 ἀγαθῶν
844 5843 933 5896 καὶ
961 5840 1351 5911 φιλανθρώπων
1395 5840 1655 5911 ἀγγέλων.
1691 5862 1703 5893 ι

1890 4296 2154 4353 Narrabat
2212 4314 2376 4369 porro
2433 4300 2643 4367 Carpus
2699 4317 2757 4355 se
2802 4303 3131 4371 voluptatem
3185 4317 3379 4371 capere

1820 4389 2038 4443 solitum
2063 4427 2077 4450 ,
2116 4404 2238 4443 cum
2285 4388 2544 4443 inferiora
2589 4389 2896 4457 aspiceret,
2939 4388 3220 4457 superiora
3252 4403 3379 4444 vero

1820 4481 2091 4550 negligere
2118 4499 2129 4533 :
2165 4482 2400 4548 graviter
2431 4488 2611 4534 autem
2645 4480 2785 4534 ferre
2808 4491 2862 4533 et
2894 4480 3199 4548 indignari,
3230 4479 3377 4548 quod

2191 4566 2569 4627 decidissent;
2733 4578 2897 4638 atque
2966 4570 3020 4623 in
3080 4570 3219 4624 hanc
3264 4584 3376 4624 rem

1818 4678 1943 4717 cum
1989 4676 2129 4731 sape
2177 4659 2549 4725 incubuisset,
2583 4675 2683 4715 nec
2710 4660 3065 4731 profecisset,
3098 4668 3151 4715 et
3189 4660 3384 4716 acerbe

1817 4753 2037 4811 tulisse.
2081 4760 2135 4806 et
2173 4752 2313 4806 male
2351 4760 2629 4820 precatum
2670 4769 2830 4818 esse;
2871 4768 2992 4807 cum
3036 4754 3122 4806 vix
3164 4754 3380 4808 tandem

1816 4843 2012 4897 caelum
2047 4843 2379 4911 aspexisset,
2413 4843 2614 4897 vidisse
2662 4844 2882 4911 quidem
2932 4844 3064 4897 illud
3114 4859 3328 4900 rursum
3363 4882 3379 4905 .

1815 4932 2267 5005 quemadmodum
2299 4934 2462 4985 etiam
2498 4938 2655 4986 antea
2687 4932 2931 4998 viderat;
2963 4930 3145 4987 Jesum
3176 4942 3376 4993 autem,

1816 5039 1976 5093 quem
2010 5023 2075 5079 ad
2101 5022 2534 5078 misericordiam
2562 5020 2616 5077 id
2644 5022 2786 5093 quod
2818 5025 3104 5092 gerebatur
3138 5038 3378 5078 commo-

1816 5114 2018 5176 visset,
2067 5128 2287 5167 manum
2329 5112 2617 5182 benignam
2659 5115 3105 5182 porrexisse,.et
3156 5115 3376 5183 angelos

1814 5208 1904 5275 qui
1935 5219 2039 5259 una
2072 5205 2329 5260 auxilium
2362 5205 2593 5268 ferrent,
2625 5206 2772 5259 viros
2804 5206 2967 5258 alium
2997 5204 3101 5257 alia
3130 5218 3196 5259 ex
3226 5212 3378 5274 parte

1815 5295 2136 5359 retinuisse,
2166 5295 2473 5363 dixisseque
2498 5295 2675 5365 Carpo
2705 5292 2889 5349 Iesum
2923 5306 3171 5365 porrecta
3198 5297 3373 5349 adhuc

1815 5401 1975 5440 manu
2014 5402 2027 5439 :
2066 5404 2083 5435 ι
2114 5384 2233 5439 Feri
2266 5400 2350 5441 me
2371 5386 2518 5454 jam;
2563 5395 2783 5456 paratus
2809 5402 2927 5443 sum
2953 5388 3094 5442 enim
3129 5401 3371 5450 rursum,

1812 5477 2001 5533 salutis
2044 5474 2325 5529 hominum
2367 5492 2553 5539 causa,
2587 5487 2813 5534 mortem
2846 5477 3086 5546 perpeti:
3132 5479 3372 5548 mihique

1814 5566 1916 5621 hoc
1946 5572 2254 5635 pergratum
2285 5576 2401 5629 est,
2433 5567 2561 5621 dum
2586 5568 2677 5619 alii
2701 5567 2951 5620 homines
2980 5582 3088 5621 non
3118 5578 3365 5638 peccent.

1814 5656 1918 5709 Sed
1949 5655 2105 5717 vide,
2141 5672 2271 5710 num
2304 5656 2397 5715 tibi
2433 5657 2559 5710 utile
2591 5656 2661 5711 sit
2690 5656 2832 5710 hanc
2865 5661 2917 5711 in
2952 5659 3100 5711 hiatu
3139 5668 3192 5713 et
3242 5672 3366 5711 cum

1812 5735 2159 5815 serpentibus
2195 5748 2563 5810 mansionem,
2596 5748 2864 5803 mansioni
2894 5763 3017 5802 cum
3052 5747 3160 5801 lleo
3189 5756 3242 5802 et
3273 5748 3367 5805 be-

1814 5834 1989 5904 nignis
2006 5834 2390 5907 hominumque
2410 5839 2716 5894 amantibus
2734 5840 2937 5911 angelis
2965 5847 3312 5910 anteponere.
3345 5864 3361 5894 ι
