3968 6438
596 410 730 471 1043

1846 412 2133 472 MENSIS
2180 413 2545 475 OCTOBER.

3706 410 3834 475 1044

613 510 735 564 Hzec
805 523 929 566 sunt
990 532 1108 583 qua:
1167 533 1266 586 ego
1333 520 1553 583 audita,
1620 536 1745 575 vera
1804 538 1923 577 esse
1976 524 2140 578 credo

2264 526 2443 578 Ταῦτά
2477 527 2621 576 ἐστιν
2650 521 2684 575 ἃ
2730 521 2838 586 εγὼ
2882 519 3131 587 ἀκηκοὼς
3176 519 3410 570 πιστεύω
3449 515 3621 584 ἁληθῆ
3665 511 3811 567 εἶναι.

682 600 970 669 Dionysius
998 604 1175 672 itaque
1200 609 1251 658 in
1285 608 1444 661 rebus
1467 611 1717 665 omnibus
1749 620 1865 665 erat
1894 612 2027 666 adeo
2060 614 2159 666 mi-

610 696 700 755 tis,
739 696 1069 757 misericors,
1103 706 1156 750 et
1182 700 1247 751 ab
1267 698 1344 750 ira
1375 701 1605 763 alienus,
1638 713 1691 755 ut
1714 719 1821 771 quo
1851 704 2010 757 altior
2037 718 2162 756 eva-

606 785 766 839 debat
798 787 974 839 lactis.
1002 804 1067 841 eo
1101 806 1158 842 se
1193 792 1364 857 magis
1413 793 1673 845 modestia
1717 796 2040 859 demitteret,
2072 810 2159 848 rc-

604 878 725 944 gula
759 876 932 931 factus
961 881 1216 934 onmibus
1270 883 1333 934 ad
1384 893 1684 945 veritatem,
1738 893 1790 938 et
1842 887 2061 937 lucerna
2094 886 2161 937 ad

603 967 975 1023 deducendum
1024 972 1089 1025 ad
1136 975 1185 1025 id
1219 975 1359 1041 quod
1403 984 1486 1028 est
1523 976 1733 1028 melius.
1766 976 2029 1041 Quocirca
2064 993 2161 1030 nec

603 1075 720 1112 eam
753 1064 1009 1117 abscondi
1040 1066 1142 1117 sub
1175 1065 1355 1120 modio
1381 1066 1592 1127 sivitis,
1626 1067 1715 1134 qui
1749 1075 1830 1119 est
1881 1068 2028 1120 solus
2064 1083 2159 1119 au-

604 1161 722 1203 (tor
750 1158 988 1208 omnium
1018 1176 1029 1209 :
1068 1158 1160 1211 sed
1191 1158 1244 1209 in
1277 1159 1386 1208 alto
1418 1159 1566 1225 ponit
1618 1175 1711 1226 per
1767 1160 2015 1211 virtutem
2044 1179 2055 1211 :
2109 1167 2161 1212 et

604 1242 741 1294 fama
764 1248 1011 1312 protinus
1040 1247 1362 1314 pervadens,
1394 1250 1690 1301 cauebatur
1707 1250 1759 1301 in
1781 1265 1871 1301 ore.
1894 1250 2157 1310 omnium,

602 1333 655 1384 in
685 1337 939 1389 omnibus
970 1351 1163 1389 omnes
1196 1338 1411 1390 vincere
1454 1338 1794 1407 Dionysium.
1847 1338 2014 1391 Porro
2064 1356 2160 1391 au-

602 1434 706 1477 tem
735 1442 926 1481 omnes
953 1429 1019 1479 ad
1038 1446 1157 1482 eum
1184 1430 1553 1493 conﬂuebant,
1588 1448 1694 1483 non
1725 1433 1899 1484 solum
1938 1434 2160 1500 popula-

601 1531 687 1568 res
716 1526 766 1569 et
799 1518 1061 1582 forenses,
1093 1521 1184 1574 sed
1208 1522 1299 1589 qui
1323 1530 1478 1575 erant
1502 1523 1700 1575 eruditi
1722 1531 1775 1576 et
1806 1523 2045 1591 insignes
2069 1542 2078 1574 :
2106 1531 2159 1575 et

599 1608 688 1676 qui
721 1610 873 1676 prius
898 1611 1219 1663 laborabant
1251 1612 1484 1673 insania,
1516 1620 1568 1665 et
1594 1612 1722 1666 feris
1766 1612 2040 1670 crudelius
2082 1613 2160 1663 la-

599 1702 855 1753 cerabant
880 1700 1199 1767 Ecclesiam,
1235 1703 1299 1755 ad
1345 1704 1495 1756 illum
1531 1708 1704 1757 virum
1758 1705 2035 1758 venientes
2060 1745 2073 1767 ,
2104 1712 2160 1758 et

601 1790 974 1845 admirabilem
1027 1794 1173 1845 illam
1229 1802 1282 1846 et
1311 1795 1549 1847 divinam
1584 1796 1818 1863 linguam
1850 1797 2153 1857 audientes,

2330 613 2484 666 Οὕτω
2507 613 2574 664 τὰ
2601 614 2774 665 πάντα
2793 614 2960 681 πρᾶος
2979 608 3046 680 ἦν
3075 614 3165 663 καὶ
3191 609 3473 679 συμπαθὴς
3506 611 3599 659 καὶ
3630 608 3817 676 ἀόργη-

2258 704 2477 772 τος,ὅσῳ
2496 707 2604 766 τοῖς
2629 702 2805 772 ἔργοις
2826 701 3041 769 ὑψοῦτο,
3058 701 3291 769 τοσούτῳ
3320 700 3395 767 τῷ
3418 702 3717 767 φρονήματι
3741 714 3817 748 τα-

2262 795 2609 864 πεινούμενος
2632 812 2644 823 ’
2678 792 2855 845 κανὼν
2881 796 2990 854 τοῖς
3033 794 3165 844 πᾶσι
3210 793 3341 861 πρὸς
3376 791 3605 859 ἀρετήν’
3642 788 3816 856 λύπης

2260 886 2337 945 είς
2376 883 2595 952 ὀδηγίαν
2638 882 2730 935 τοῦ
2777 882 3101 953 κρείττονος.
3134 882 3257 932 ara
3296 880 3427 950 μηδὲ
3468 880 3576 930 ὑπὸ
3605 879 3694 929 τὸν
3731 880 3812 946 μό-

2257 972 2365 1025 διον
2412 975 2437 1024 ὸ
2479 973 2585 1025 τῶν
2617 973 2867 1025 ἁπάντων
2916 970 3084 1031 αἴτιος
3122 971 3275 1039 μόνος
3310 968 3650 1039 κρύπτεσθαι
3688 984 3817 1017 σενι-

2260 1082 2531 1135 χωρησεψ
2566 1065 2678 1117 ἀλλ’
2722 1062 3028 1132 ἐφ’·ὒψηλοῦ
3054 1062 3119 1113 δι’
3166 1062 3365 1131 ἀρετῆς
3413 1060 3629 1127 τίθησι·
3670 1058 3756 1109 καὶ
3786 1059 3816 1125 ἡ

2258 1158 2432 1225 φήμη,
2457 1156 2655 1217 εὐθέως
2676 1154 2931 1216 λαϐοῦσα,
2963 1154 3047 1205 διὰ
3075 1154 3286 1204 πάντων
3319 1149 3410 1221 ᾖδε
3449 1150 3816 1219 στομάτων,ἐν

2257 1248 2387 1297 πᾶσι
2426 1246 2640 1296 παντων
2680 1248 2896 1314 κρατεῖν
2919 1244 3209 1297 Διονύσιον.
3242 1244 3349 1293 Καὶ
3382 1241 3446 1309 δὴ
3471 1241 3611 1301 πρὸς
3645 1238 3818 1290 τοῦτον

2258 1336 2455 1396 πάντες
2488 1335 2773 1404 ἐπέρρεον·
2800 1334 2860 1385 οὐ
2887 1334 2947 1385 τὸ
2974 1334 3219 1403 δημῶδες
3244 1332 3400 1401 μόνον
3428 1333 3519 1382 καὶ
3555 1333 3818 1399 ἀγοραῖον,

2258 1425 2370 1478 ἀλλ’
2405 1428 2525 1476 ὅσον
2554 1426 2646 1477 καὶ
2674 1424 2781 1475 τῶν
2816 1424 3110 1491 ἐλλογίμων
3134 1420 3198 1492 ἧν
3222 1425 3313 1474 καὶ
3338 1422 3618 1487 ἐπιφανῶν
3638 1438 3649 1448 ·
3689 1420 3738 1471 οἴ
3764 1435 3817 1470 τε

2261 1516 2519 1585 πρότερον
2540 1518 2602 1583 τῇ
2632 1516 2793 1584 μανία
2824 1515 3264 1583 κατειλημμένοι,
3294 1513 3385 1563 καὶ
3410 1512 3595 1581 θηρῶν
3628 1512 3821 1579 ὠμότε-

2263 1621 2351 1670 ρον
2377 1604 2471 1672 τὴν
2524 1604 2842 1672 Ἐκκλησίαν
2876 1606 3292 1674 σπαράττοντες,
3318 1604 3506 1665 ὡς’τὸν
3556 1606 3718 1675 ἄνδρα
3739 1622 3817 1671 γι-

2258 1695 2488 1761 νόμενοι,
2516 1696 2608 1745 καὶ
2635 1696 2730 1763 τῆς
2754 1694 3066 1763 θαυμαστῆς
3097 1694 3307 1761 ἐκείνης
3342 1694 3433 1745 καὶ
3458 1694 3610 1755 θείας
3660 1695 3819 1761 γλῶτ-

2257 1802 2353 1853 της
2381 1788 2684 1846 ἀκούοντες,
2717 1786 2851 1836 τότε
2896 1785 3003 1837 τῶν
3045 1786 3279 1855 καρδιῶν
3326 1786 3558 1855 σκληρὸν
3599 1788 3819 1854 ἐμαλάτ-

600 1883 782 1933 cordis
813 1884 896 1936 sui
930 1885 1243 1937 molliebant
1266 1886 1548 1947 duritiam,
1579 1895 1631 1937 et
1654 1886 1717 1938 ad
1752 1902 1930 1939 veram
1962 1896 2014 1940 et
2050 1888 2156 1956 pri-

2263 1892 2427 1935 εοντο,
2460 1876 2551 1926 καὶ
2590 1876 2668 1943 τῷ
2713 1874 2956 1944 ἀληθινῷ
2983 1876 3075 1927 καὶ
3114 1874 3311 1943 πρώτῳ
3349 1877 3485 1941 φωτὶ
3522 1877 3818 1945 προσῄεσαν

598 1987 738 2022 mam
772 1975 944 2025 lueem
971 1976 1305 2027 accedebant
1358 1992 1455 2043 per
1486 1976 1787 2044 baptisma;
1842 1993 1948 2045 quo
1988 1979 2159 2046 magis

596 2072 752 2117 erant
776 2064 1091 2117 inﬂammati
1123 2068 1187 2120 ad
1231 2070 1441 2131 vitium,
1462 2085 1527 2124 eo
1558 2068 1938 2122 ferventiorem
1970 2079 2154 2122 osten-

595 2154 783 2207 dentes
830 2157 1298 2211 cliristianismum
1322 2199 1337 2219 ,
1369 2169 1419 2212 et
1452 2160 1515 2212 ad
1553 2175 1819 2212 summam
1846 2200 1858 2223 ,
1892 2160 2022 2212 nillil
2046 2168 2154 2213 tam

594 2245 783 2296 eratin
806 2260 900 2297 ore
929 2248 1191 2309 omnium,
1211 2264 1371 2315 quam
1397 2250 1705 2319 Dionysius.
1736 2251 1869 2303 Cum
1896 2268 2022 2321 ergo
2046 2254 2157 2305 haec

594 2336 738 2390 fama
767 2338 845 2391 sic
869 2339 1207 2406 pervaderet,
1242 2340 1492 2394 doctrina
1533 2351 1711 2396 autem
1744 2344 2081 2407 dilataretur,
2108 2356 2157 2399 et

594 2428 726 2483 ﬁdes
778 2430 1195 2485 conﬁrmaretur
1249 2434 1553 2488 evidentius
1580 2477 1593 2497 ,
1640 2451 1727 2489 res
1760 2436 1937 2489 delata
1979 2444 2060 2490 est
2089 2437 2153 2488 ad

593 2519 981 2584 Domitianum,
1024 2522 1089 2575 ad
1121 2524 1477 2577 saevissimum
1518 2527 1734 2594 inquam
1769 2525 2151 2590 Domitianum,

593 2612 674 2663 vel
702 2622 757 2663 ut
784 2613 955 2680 magis
982 2616 1203 2681 proprie
1230 2615 1429 2672 dicam.
1462 2616 1890 2678 Dwmonianum,
1916 2618 2004 2684 qui
2027 2633 2166 2673 cono.

592 2716 672 2756 tra
706 2704 870 2757 Deum
906 2706 1120 2759 locutus
1155 2706 1255 2758 fuit
1296 2707 1637 2774 iniquitatem
1693 2707 1746 2758 in
1805 2707 2056 2775 superbia
2105 2714 2157 2760 et

592 2797 1012 2864 contemptione,
1049 2810 1100 2851 et
1126 2813 1343 2851 manum
1386 2797 1495 2852 Deo
1528 2799 1802 2852 inimicam
1834 2800 2027 2852 extulit
2058 2799 2155 2851 ad-

593 2901 782 2941 versus
808 2886 963 2941 Iidem
1006 2888 1453 2942 christianorum.
1492 2888 1586 2941 llic
1612 2904 1741 2957 ergo
1771 2890 1896 2956 quid
1949 2890 2155 2941 machi-

593 2979 790 3031 natur?
813 2981 892 3032 vel
919 2981 1099 3048 potius
1129 2981 1257 3049 quid
1290 2982 1517 3034 docetur
1541 2997 1567 3032 a
1601 2991 1753 3049 patre
1791 2997 1889 3034 suo
1915 2981 2158 3034 Sataua?

591 3068 791 3123 Omnes
814 3072 1030 3139 quidem
1068 3073 1184 3141 qui,
1223 3088 1339 3142 quae
1362 3074 1644 3127 christiani
1682 3075 1941 3133 sentiunt,
1975 3075 2156 3145 despi-

2257 1965 2342 2017 δια
2364 1966 2456 2016 τοῦ
2488 1966 2887 2034 βαπτίσματος*
2927 1968 3038 2034 ὅσῳ
3094 1967 3254 2017 πλέον
3314 1967 3420 2015 τῶν
3481 1968 3656 2019 ἄλλων
3695 1968 3821 2037 πρὸς

2258 2058 2453 2107 κακίαν
2476 2056 2659 2125 πρώην
2686 2056 3061 2124 ἐφλέγμαινον,
3088 2057 3323 2125 τοσούτῳ
3354 2056 3544 2119 ζέοντα
3574 2057 3665 2107 τὸν
3699 2060 3821 2126 Χρι-

2256 2148 2569 2215 στιανισμδν
2592 2148 2984 2216 ἐνδεικνύμενοι
3003 2165 3013 2175 ·
3046 2149 3137 2199 καὶ
3175 2148 3309 2207 ὅλως
3333 2146 3485 2198 οὐδὲν
3512 2144 3683 2206 οὕτως
3727 2146 3820 2197 ἀνὰ

2260 2240 2429 2308 στόμα
2460 2243 2570 2299 τοῖς
2602 2241 2780 2299 πᾶσιν,
2809 2240 2890 2289 ὅτι
2926 2239 2998 2307 μὴ
3031 2234 3408 2307 Διονύσιοςῆν.
3455 2238 3543 2300 Ὠς
3568 2234 3659 2289 ὠν
3687 2237 3821 2287 οὕτω

2256 2330 2447 2391 ταῦτα,
2485 2333 2575 2382 καὶ
2607 2330 2813 2399 ήφήμη
2841 2328 3134 2397 διέτρεχεν,
3168 2330 3539 2398 ὴδιδασγαλία
3572 2347 3631 2381 τε
3667 2328 3820 2380 ἐπλα-

2255 2420 2457 2482 τύνετο,
2517 2423 2669 2489 καὶὴ
2720 2422 2900 2481 πίστις
2959 2418 3269 2471 ἐϐεϐαιοῦτο
3336 2420 3704 2487 τρανότερον,
3747 2420 3819 2477 είς

2256 2512 2420 2574 ἀκοὰς
2465 2510 2587 2580 ἥκει
2638 2511 2701 2562 τὸ
2736 2513 2961 2579 πρᾶγμα
2999 2509 3335 2579 Δομετιανῷ,
3390 2507 3704 2578 Δομετιανῷ
3750 2506 3820 2575 τῷ

2258 2607 2431 2654 πάντα
2463 2602 2645 2670 δεινῷ·
2665 2601 3000 2668 Δαιμονιανῷ
3026 2600 3083 2649 δὲ
3114 2599 3310 2667 μᾶλλον
3350 2601 3527 2650 εἰπεῖν
3579 2597 3822 2650 οἰκειότε-

2257 2712 2370 2768 ρον,
2397 2694 2473 2762 τῷ
2494 2693 2781 2762 λαλήσαντι
2813 2690 2951 2743 κατὰ
2975 2690 3066 2742 τοῦ
3089 2691 3223 2742 Θεοῦ
3256 2691 3490 2752 ἀδικίαν,
3528 2693 3586 2742 ὲν
3623 2692 3818 2759 ὑπερη-

2258 2788 2422 2861 φανία
2448 2787 2538 2838 καὶ
2567 2781 2931 2846 ὲξουδενὼσει,
2957 2786 3048 2834 καὶ
3070 2786 3227 2852 χεῖρα
3256 2782 3527 2850 θεομαχον
3567 2782 3705 2832 κατα
3733 2783 3819 2849 τῆς

2255 2876 2362 2927 τῶν
2388 2872 2727 2943 Χριστιανῶν
2768 2874 2957 2941 ἄραντι
3006 2872 3257 2932 πίστεως.
3304 2868 3469 2931 Οὗτος
3513 2867 3607 2922 οὖν
3641 2872 3691 2919 τί
3729 2889 3823 2938 μη-

2257 2968 2502 3036 χανᾶται,
2531 2964 2726 3033 μᾶλλον
2751 2963 2807 3014 δὲ
2836 2963 2887 3013 τί
2920 2962 3069 3029 παρᾶ
3100 2962 3189 3013 τεῦ
3221 2962 3422 3031 πατρὸς
3452 2960 3621 3011 αὖτοῦ
3652 2962 3821 3012 Σατὶν

2257 3056 2658 3117 ὲκπαιδεὺεται;
2700 3054 2910 3105 πάντων
2955 3053 3050 3121 μὲν
3086 3052 3191 3102 τῶν
3234 3054 3345 3103 ὅσοι
3386 3052 3453 3103 τα
3492 3052 3823 3121 Χριστιανῶν

590 3174 749 3227 cere;
791 3160 1108 3233 Dionysium
1141 3173 1321 3219 autem
1377 3166 1549 3220 solum
1605 3164 1671 3219 de
1725 3166 1900 3219 medio
1932 3167 2151 3230 tollere;

2263 3148 2565 3221 φρονοῦσιν,
2616 3144 2906 3215 ὑπεριδεῖν,
2937 3144 3208 3195 Διονύσιον
3250 3144 3306 3195 δὲ
3361 3143 3522 3211 μόνον
3554 3142 3725 3203 ἑλεῖν,
3766 3138 3819 3193 εὖ

589 3252 693 3309 hoc
728 3255 928 3317 sciens,
957 3256 1103 3324 quod
1138 3258 1181 3311 si
1225 3273 1346 3311 eum
1410 3259 1584 3310 solum
1642 3257 1850 3317 vicerit,
1902 3258 2155 3314 omnibus

593 3345 754 3399 fuerit
870 3343 1119 3414 superior
1150 3360 1165 3411 ;
1280 3349 1362 3401 sin
1390 3347 1591 3408 minus,
1623 3361 1810 3399 omnes
1839 3345 1952 3399 fore
1977 3345 2155 3398 Domi-

592 3438 739 3491 tiano
763 3438 1036 3493 fortiores.
1071 3438 1367 3508 Postquam
1394 3448 1572 3491 autem
1602 3439 1716 3491 haec
1742 3446 1919 3492 mente
1952 3438 2155 3507 agitas-

590 3536 693 3590 set,
730 3544 851 3581 eum
885 3531 1086 3582 excitat
1114 3530 1191 3581 ira
1226 3529 1491 3582 adversus
1519 3537 1831 3597 martyrem,
1858 3538 1911 3581 et
1956 3528 2155 3581 furoris

592 3636 844 3688 qurerens
864 3621 1342 3680 medicamentum,
1372 3620 1577 3671 nullum
1611 3617 1754 3670 aliud
1775 3618 1994 3683 invenit,
2023 3634 2157 3688 prae-

592 3720 671 3764 ter
700 3712 817 3777 ejus
845 3721 1091 3763 mortem.
1127 3712 1259 3763 Cum
1298 3713 1477 3780 itaque
1515 3724 1724 3771 omnes,
1767 3711 1859 3777 qui
1893 3711 2010 3777 ejus
2056 3711 2154 3762 im-

592 3803 742 3872 perio
782 3802 1059 3871 parebant,
1101 3810 1505 3871 congregasset,
1539 3815 1741 3867 eosque
1773 3802 2156 3869 assumpsisset

589 3895 679 3962 qui
714 3903 866 3946 erant
899 3894 947 3946 ei
976 3893 1212 3944 amentia
1254 3891 1479 3951 similes,
1513 3890 1677 3941 mittit
1704 3888 1768 3941 ad
1809 3892 2153 3959 quaerendum

591 3992 905 4052 martyrem.
942 4000 959 4030 ι
990 3980 1073 4041 Et,
1098 3980 1139 4034 si
1171 3980 1218 4033 ei
1240 3978 1480 4048 quidem,
1522 3980 1716 4047 inquit,
1749 3981 2151 4049 persuaseritis,

591 4082 649 4126 nt
677 4073 740 4124 ad
774 4081 1015 4125 nostram
1041 4073 1356 4125 traducatur
1380 4070 1715 4139 religionem,
1751 4071 1852 4125 hoc
1875 4080 1977 4132 est,
2005 4072 2148 4140 quod

590 4166 872 4219 desidero:
913 4178 1146 4230 cumque
1200 4177 1323 4215 eum
1379 4163 1699 4230 acceperitis
1733 4162 2034 4224 vobiscum,
2074 4178 2157 4215 rc-

589 4256 883 4308 vertimini.
918 4254 1015 4306 Sin
1045 4263 1223 4305 autem
1262 4253 1439 4305 adhuc
1474 4254 1833 4320 permanserit
1886 4252 1939 4303 in
1993 4253 2153 4319 impia

592 4348 870 4414 religione,
904 4361 1027 4399 eum
1060 4352 1231 4397 morte
1260 4343 1637 4401 condemnate.
1684 4362 1700 4393 ι

662 4438 740 4491 Illi
766 4445 945 4490 autem
983 4452 1105 4490 cum
1142 4436 1255 4489 haec
1281 4436 1586 4489 audiissent
1612 4436 1678 4488 ab
1723 4434 2068 4504 imperatore,
2105 4444 2159 4491 et

2259 3240 2430 3301 εἰδὼς,
2454 3240 2547 3300 ὡς,
2572 3238 2618 3289 εί
2646 3236 2835 3289 τούτου
2854 3236 3204 3304 περιγένηται
3233 3234 3412 3303 μόνου,
3438 3235 3658 3285 πάντων
3680 3235 3823 3285 ἔσται

2259 3334 2565 3403 κρατήσας’
2607 3329 2653 3379 εί
2678 3328 2733 3377 δὲ
2767 3326 2839 3395 μὴ
2867 3326 3076 3386 τούτου,
3102 3326 3424 3394 Δομετιανοῦ
3450 3326 3649 3386 πάντες
3686 3326 3827 3391 στερ-

2260 3424 2485 3493 ρὀεροι.
2531 3421 2681 3473 Ἐπεὶ
2705 3419 2759 3471 δὲ
2792 3417 2963 3471 ταῦτα
2986 3417 3206 3479 ἐνενόει,
3235 3418 3261 3466 ὁ
3286 3416 3456 3483 θυμὸς
3494 3416 3659 3467 αὐτὸν
3689 3414 3826 3480 ἐγεί-

2260 3533 2341 3588 ρει
2370 3514 2510 3567 κατὰ
2541 3512 2631 3566 τοῦ
2669 3511 2959 3580 μάρτυρος,
2990 3510 3082 3561 καὶ
3110 3509 3286 3577 ζητῶν
3320 3510 3415 3577 τῆς
3450 3508 3647 3577 μανίας
3675 3506 3827 3574 ίαμα,

2258 3603 2413 3655 τοῦτο
2438 3604 2591 3673 μόνον
2623 3604 2881 3671 εὑρίσκει,
2911 3598 3000 3650 τὸν
3027 3598 3187 3652 αὑτοῦ
3215 3599 3463 3651 θάνατον.
3497 3599 3715 3667 Ἀμέλει
3738 3597 3829 3647 καὶ

2261 3698 2464 3757 πάντας
2488 3697 2611 3757 τοὺς
2640 3695 2743 3746 ὑπὸ
2800 3697 2955 3764 χεῖρα
3008 3692 3343 3758 συναγαγὼν.
3368 3693 3494 3752 τοὺς
3532 3689 3825 3758 ἀπηνεστὲο

2264 3805 2385 3858 ρους
2410 3803 2466 3837 τε
2496 3788 2587 3836 καὶ
2617 3785 2857 3843 ἐοικότας
2880 3782 3025 3850 αὐτῷ
3048 3782 3143 3850 τὴν
3192 3780 3451 3832 ἀπόνοιαν
3476 3777 3839 3849 παραλαϐὼν,

2261 3880 2402 3933 κατὰ
2432 3877 2652 3950 ζῄτησιν
2683 3875 2952 3944 ἐκπέμπει
2982 3873 3074 3925 τοῦ
3108 3873 3400 3941 μάρτυρος,
3434 3873 3548 3933 καὶ,
3586 3891 3603 3920 ‹
3644 3871 3704 3922 ΕΞ
3738 3872 3830 3936 μὲν

2259 3974 2335 4043 τῷ
2364 3972 2610 4042 ἡμετέρῳ
2629 3968 2831 4029 τοῦτον,
2863 3969 3014 4037 φησι,
3042 3963 3365 4035 μεταθέσθαι
3393 3963 3699 4030 σεϐάσματι
3720 3960 3833 4010 πεί-

2262 4082 2401 4123 σετε,
2434 4064 2573 4115 τοῦτ’
2606 4062 2727 4131 ἐμοὶ
2754 4060 2814 4111 τὸ
2844 4058 3174 4128 ποθούμενον
3196 4096 3208 4117 ,
3243 4057 3335 4107 καὶ
3376 4052 3636 4113 λαϐόντες
3679 4051 3852 4103 αὑτὸ-δ’

2265 4158 2379 4227 μεθ’
2412 4155 2636 4215 ἑαυτῶν,
2669 4152 3039 4221 ἁναστρέψατε
3058 4168 3071 4179 ·
3092 4152 3137 4202 εἰ
3169 4149 3222 4201 δὲ
3245 4148 3321 4200 ἔτι
3340 4150 3402 4216 τῇ
3435 4144 3690 4198 δυσσεϐεῖ
3720 4147 3831 4195 ἐπι-

2266 4249 2438 4318 μένων
2468 4248 2551 4318 είη
2584 4246 2866 4317 θρησκεία,
2899 4244 3125 4303 θάνατον
3156 4241 3319 4294 αὑτοῦ
3352 4240 3739 4309 κατακρίνατε.
3780 4257 3797 4287 ι

2328 4439 2390 4491 οι
2414 4440 2494 4495 δὲ,
2527 4438 2681 4489 τοῦτο
2710 4434 2860 4504 παρὰ
2886 4433 2979 4485 τοῦ
3015 4432 3337 4504 κρατοῦντος
3369 4432 3727 4491 ἀκούσαντες,
3771 4432 3831 4496 τῇ

596 4516 779 4583 furore
813 4530 1268 4589 accenderentur,
1323 4528 1413 4595 qui
1443 4528 1493 4579 in
1526 4528 1605 4579 eis
1643 4527 1939 4589 habitabat,
1991 4537 2043 4582 et
2091 4529 2155 4581 ad

2263 4548 2320 4584 τε
2352 4533 2580 4599 συνοίκῳ
2606 4530 2768 4598 μανίᾳ
2821 4527 3237 4595 ὑποτυφόμενοι,
3270 4526 3362 4575 καὶ
3402 4523 3725 4591 δραστήριοι
3765 4522 3836 4589 τῷ

593 4640 679 4677 res
714 4623 979 4692 gerendas
1011 4636 1167 4674 acres
1218 4620 1390 4673 videri
1446 4621 1643 4673 vellent
1702 4620 1749 4673 ei
1785 4621 1877 4687 qui
1912 4622 2155 4685 miserat,

591 4725 880 4783 postquam
913 4718 1182 4765 venerunt
1218 4712 1269 4764 in
1305 4710 1532 4765 Galliam
1562 4719 1823 4781 tanquam
1856 4712 1981 4765 fera:
2014 4729 2149 4782 qure-

590 4808 713 4859 dam
748 4806 997 4857 irruuut:
1038 4812 1091 4856 et
1122 4820 1245 4857 cum
1281 4819 1520 4865 omnem,
1553 4820 1672 4871 quae
1705 4804 1854 4857 circa
1887 4805 1993 4857 sita
2022 4815 2157 4871 erat,

591 4896 1011 4950 conturbassent
1040 4896 1339 4963 regionem,
1374 4906 1735 4963 corrumpunt
1775 4896 2156 4971 simpliciores,

593 4996 649 5040 nt
683 4988 942 5041 docerent
976 4988 1194 5040 ubinam
1239 4988 1432 5041 beatus
1478 4986 1770 5055 Dionysius
1824 4999 2156 5041 versaretur.

591 5079 886 5147 Postquam
911 5088 1088 5133 autem
1117 5079 1409 5132 audierunt
1458 5093 1581 5131 eum
1617 5079 1823 5131 versari
1858 5081 1909 5132 in
1942 5082 2160 5136 civitate

592 5170 954 5229 Parisiorum,
991 5170 1221 5224 necdum
1256 5186 1367 5225 rem
1392 5179 1561 5222 totam
1594 5170 1879 5223 audierant
1901 5185 2021 5222 cum
2054 5172 2161 5228 illic

591 5263 810 5317 adsunt.
853 5262 1059 5316 Deinde
1112 5272 1492 5331 percantantes
1530 5262 1595 5316 de
1643 5263 1803 5316 rebus
1833 5262 2160 5317 christiano-

591 5370 735 5417 rum,
761 5354 1044 5407 inveniunt
1078 5354 1200 5408 ﬁdei
1228 5355 1532 5407 doctrinam
1566 5370 1687 5409 esse
1732 5357 2035 5425 dispersam
2066 5374 2160 5426 per

591 5457 759 5501 tolarn
785 5448 1100 5501 civitatem:
1158 5448 1224 5501 de
1271 5448 1553 5501 miraculis
1580 5450 1837 5517 martyris
1878 5450 2010 5503 ﬁunt
2040 5465 2154 5503 cer-

593 5540 780 5601 tiores,
816 5538 961 5609 quod
985 5554 1174 5592 oumes
1202 5540 1429 5603 scilicet,
1467 5538 1559 5608 qui
1590 5540 1728 5593 male
1784 5555 1841 5593 se
1873 5540 2155 5603 baberent,

591 5641 871 5686 curasset:
904 5640 959 5687 et
985 5631 1105 5685 ideo
1135 5632 1537 5686 incredulorum
1578 5634 1643 5686 ad
1675 5649 1796 5687 eum
1834 5631 2161 5687 conﬂuxisse

591 5733 886 5786 catervam,
923 5734 975 5779 et
1004 5742 1059 5781 se
1079 5723 1394 5791 adiunxisse
1417 5742 1545 5781 vero
1575 5726 1663 5779 Dei
1694 5726 1893 5779 cultui:
1930 5733 1981 5779 et
2015 5724 2158 5795 quod

601 5820 777 5871 omnis
811 5817 1098 5874 Germania
1146 5836 1265 5889 quae
1300 5820 1482 5873 multis
1534 5821 1683 5889 prius
1733 5820 1981 5889 gravibus
2016 5819 2157 5873 vitiis

2264 4624 2536 4692 πέμψαντι
2560 4618 2704 4683 δόξαι
2727 4617 3183 4688 φιλοτιμούμενοι,
3204 4617 3325 4667 ἐπεὶ
3346 4614 3442 4684 τὴν
3461 4614 3694 4666 Γαλλίαν
3716 4630 3838 4665 κατ-

2265 4715 2475 4777 έλαϐον,
2534 4714 2606 4776 ὣς
2634 4730 2777 4773 τινες
2807 4710 3101 4778 είσπηδῶσι
3132 4708 3295 4779 θῆρες
3317 4723 3331 4737 ·
3378 4708 3471 4759 καὶ
3516 4710 3702 4760 πᾶσαν
3742 4706 3840 4757 δια-

2264 4805 2595 4877 ταράξαντες
2616 4807 2713 4877 τὴν
2746 4805 3070 4873 περίχωρον,
3102 4801 3493 4871 ὑποφθείρουσι
3522 4802 3653 4860 τοὺς
3696 4799 3839 4850 εὐκο-

2265 4899 2550 4968 λωτέρους,
2580 4898 2648 4950 τὰ
2671 4896 2810 4949 κατὰ
2830 4896 2918 4948 τὸν
2942 4894 3207 4965 μακάριον
3235 4892 3441 4955 διδάξαι
3462 4908 3520 4942 τε
3552 4893 3649 4945 καὶ
3679 4892 3840 4942 εἰπεῖν

2268 4990 2556 5043 Διονύσιον.
2600 4991 2685 5051 Ὠς
2713 4988 2769 5040 δὲ
2795 4987 2979 5039 τοῦτον
3009 4990 3065 5039 ὲν
3085 4986 3321 5056 Παρισία
3349 4986 3415 5053 τῇ
3448 4982 3603 5035 πόλει
3645 4980 3841 5049 διατρίο

2271 5083 2385 5134 σειν
2406 5083 2666 5135 ἐπύθοντο
2685 5121 2697 5142 ,
2729 5079 2880 5131 οὔπω
2909 5079 2968 5131 τὸ
2999 5080 3107 5131 πᾶν
3136 5076 3417 5139 ἐπύθοντο,
3470 5076 3567 5128 καὶ
3600 5078 3667 5143 τῇ
3700 5071 3841 5125 πόλει

2271 5175 2605 5241 ἐφίστανται.
2634 5168 2766 5224 Εἶτα
2782 5170 2849 5223 τὰ
2878 5172 3004 5241 περὶ
3033 5170 3139 5221 τῶν
3160 5166 3499 5237 Χριστιανῶν
3531 5163 3840 5236 ἐρευνῶσιν,

2271 5268 2581 5337 εὑρίσκουσι
2612 5267 2858 5333 πανταχῇ
2901 5264 2970 5315 τα
2987 5264 3085 5332 τῆς
3130 5261 3363 5322 πίστεως
3419 5254 3841 5324 κατεσπαρμὲνα

2270 5360 2591 5429 διδάγματα.
2628 5359 2758 5427 Περὶ
2798 5358 2893 5408 τῶν
2924 5354 3015 5407 τοῦ
3048 5354 3320 5424 μάρτυρος
3360 5349 3663 5421 τεραστίων
3713 5366 3841 5417 μανο

2274 5450 2542 5513 θάνουσιν,
2573 5451 2647 5511 ὡς
2672 5453 2797 5510 τοὺς
2829 5447 2954 5518 περί
2982 5464 3032 5499 τι
3080 5447 3328 5516 πονήρως
3372 5443 3598 5511 ἔχοντας
3643 5441 3842 5497 πάντας

2276 5545 2497 5597 ἰάσαιτο.
2559 5542 2861 5596 Κάντεῦθεν
2908 5540 2966 5592 τὸ
3012 5540 3119 5592 τῶν
3175 5540 3420 5591 ἀπίστων
3478 5535 3627 5604 αὐτῷ
3662 5538 3843 5597 στῖςρος

2270 5636 2601 5709 ὲπιρῤεὖσαν
2629 5638 2693 5703 τῇ
2726 5633 3002 5704 θεοσεϐείᾳ.
3032 5631 3309 5685 συνέθετο·
3367 5628 3459 5680 καὶ
3501 5628 3575 5687 ὡς
3620 5628 3650 5693 ή
3704 5623 3843 5673 πᾶσα

2273 5732 2547 5803 Γερμανία
2575 5727 2864 5791 πολλοῖςπὸ
2886 5724 3116 5796 πρόσθεν
3145 5722 3238 5773 καὶ
3263 5720 3453 5783 δεινοῖς
3481 5714 3841 5781 δεδουλωμένη

2276 5823 2471 5877 πάθεσί
2500 5840 2556 5875 τε
2588 5823 2678 5875 καὶ
2710 5819 2990 5889 πράξεσιν,
3013 5818 3071 5867 οὺ
3108 5816 3210 5885 μὴν
3242 5814 3374 5886 ἀλλὰ
3427 5812 3520 5863 καὶ
3551 5806 3839 5867 ιιδωλικοῖς
