3968 6474
168 400 313 474 1045

1162 402 1346 462 VITA
1378 398 1441 461 S.
1479 400 1826 463 DIONYSII
1868 399 2408 467 AREOPAGITE.

3295 401 3430 465 1046

198 514 534 583 ὑποκειμένη
570 514 889 583 σεϐασμασι,
921 516 1008 566 τὸν
1029 518 1220 568 οἰκεῖον
1250 516 1467 586 αὐχένα,
1501 519 1615 578 ταῖς
1648 521 1754 570 Διο-

1863 511 2123 566 servierat
2148 521 2201 563 et
2256 508 2413 561 factis
2440 546 2453 568 ,
2486 508 2779 575 quinetiam
2811 505 3057 575 subjecta
3089 514 3205 557 erat
3236 504 3406 560 cultui

202 604 389 657 νυσίου
418 604 672 673 διδαχαῖς,
705 605 907 656 ἐκεῖθεν
936 605 1278 670 ὑπεξελοῦσα,
1301 606 1378 675 τῷ
1404 606 1497 659 τοῦ
1529 608 1762 677 Χριστοῦ

201 696 357 766 ζυγῷ
398 696 727 765 ὑπηγάγετο.
783 697 868 758 Ὠς
900 693 988 748 οὖν
1034 697 1111 759 εἰς
1138 697 1336 763 γνῶσιν
1367 699 1542 759 αὐτοῖς
1566 738 1579 760 ,
1623 698 1763 751 οὕτω

200 788 378 841 ταῦτα
407 788 500 840 καὶ
538 787 705 839 πολλὰ
741 786 899 857 ἓτερα
951 788 1226 855 γεγονέναι
1268 789 1510 856 ἀφίκετο,
1553 791 1652 859 τήν
1703 806 1761 841 τε

203 878 301 930 τοῦ
332 878 565 948 Χριστοῦ
598 880 826 947 ποίμνην
845 878 1230 949 αὐξανομένην,
1262 881 1353 931 καὶ
1391 882 1515 942 τοὺς
1560 882 1767 935 ἑαυτῶν

204 970 365 1031 Θεους
385 971 838 1042 παρεωραμένους
869 970 1070 1040 ἐώρων,
1102 970 1197 1031 τάς
1223 987 1280 1020 τε
1312 969 1528 1031 τελετὰς
1582 988 1765 1041 περιυ-

205 1059 526 1130 ϐρισμένας,
558 1062 647 1113 καί
668 1062 746 1121 είς
774 1060 899 1126 γόνυ
944 1060 1197 1112 κλίνασαν
1224 1062 1322 1129 τὴν
1368 1060 1643 1122 ἀσέϐειαν,
1674 1061 1765 1112 ἐπὶ

208 1152 410 1220 μᾶλλον
454 1152 756 1203 ἐκκαίονται
777 1191 790 1213 ,
839 1152 930 1203 καὶ
963 1152 1050 1203 τὸν
1078 1152 1277 1203 τούτων
1320 1151 1487 1204 αἴτιον
1515 1153 1644 1203 ὅπου
1675 1153 1766 1205 καὶ

202 1241 494 1310 διατρίϐων
523 1242 627 1310 ειη,
648 1241 992 1293 πυνθάνονται
1013 1258 1023 1269 ·
1049 1243 1139 1293 καὶ
1167 1242 1255 1293 τὸν
1275 1242 1558 1313 μακάριον,
1576 1242 1763 1312 ἁθρόον

207 1333 640 1393 ἐπεισπεσόντες,
690 1334 783 1385 σὺν
828 1334 941 1402 ἅμα
991 1333 1242 1402 δεσμοῦσι
1282 1325 1392 1396 τοῖς
1436 1337 1550 1404 μετ’
1581 1334 1764 1398 αὐτοῦ,

205 1425 306 1493 τὴν
338 1424 485 1475 θείαν
530 1424 629 1475 ἀνὰ
661 1424 829 1492 στόμα
858 1424 1073 1494 διδαχὴν
1105 1425 1182 1476 Ξτι
1212 1426 1461 1494 φέροντα,
1502 1428 1593 1478 καὶ
1636 1444 1764 1497 προ·-

208 1512 472 1581 κάθηνται
503 1512 772 1574 λυσσῶδὲς
805 1530 855 1564 τι
890 1515 979 1565 καὶ
1024 1516 1244 1581 μανικὸν
1274 1517 1364 1566 ἐπὶ
1384 1515 1479 1583 τὴν
1526 1516 1766 1579 ἐξέτασιν

208 1602 480 1664 πνέοντες.
506 1603 742 1655 Εἴσεισιν
770 1599 861 1655 οὖν
888 1605 914 1653 ὁ
935 1604 1189 1668 γεννάδας
1212 1605 1326 1672 ἅμα
1366 1606 1657 1675 Ῥουστικῷ
1678 1607 1766 1658 καὶ

223 1692 560 1763 Ἐλευθερίῳ,
601 1693 822 1761 ἀτρόμῳ
865 1692 1070 1763 διανοίᾳ
1114 1694 1204 1744 καὶ
1248 1696 1769 1766 πεπαρῤησιασμένῃ

209 1782 380 1852 ψυχῇ,
413 1783 597 1851 ὥσπερ
626 1784 704 1843 είς
736 1784 948 1852 ἑορτὴν,
978 1783 1074 1834 οὐκ
1102 1785 1179 1845 είς
1207 1784 1388 1850 ἀγῶνα
1423 1785 1768 1855 καλούμενος.

1862 600 2300 660 simulacrorum,
2328 598 2525 654 collum
2550 613 2704 650 suum
2727 614 2791 650 ex
2821 598 2902 649 his
2922 599 3281 659 subtractum,
3313 597 3416 649 d0-

1862 692 2037 744 ctrina
2072 690 2340 759 Dionysii,
2373 688 2651 755 subjunxit
2692 686 3066 757 jugo'Christi.
3098 690 3231 743 Cum
3282 705 3412 757 ergo

1864 783 1995 843 haec,
2031 790 2083 835 et
2116 782 2281 833 multa
2307 781 2410 833 alia
2454 779 2595 832 facta
2626 796 2765 841 esse,
2820 783 2887 833 ad
2942 795 3127 833 eorum
3180 781 3413 835 venisset

1861 873 2251 942 cognitionem,
2292 882 2345 926 et
2399 872 2601 926 Christi
2636 888 2849 941 gregem
2905 873 3125 941 augeri,
3176 884 3223 925 et
3284 888 3409 925 suos

1861 964 1989 1017 deos
2015 964 2273 1018 vidissent
2313 963 2526 1017 habitos
2568 962 2845 1032 despectui
2875 1003 2888 1023 ,
2946 973 2999 1017 et
3028 978 3123 1017 sua
3159 965 3412 1032 mysteria

1861 1056 2157 1115 contemni.
2182 1063 2233 1108 et
2265 1054 2576 1107 inclinatam
2605 1071 2727 1108 esse
2752 1056 3103 1123 impietatem,
3134 1057 3301 1124 magis
3324 1072 3414 1107 ac—

1860 1144 2186 1207 cenduntur,
2218 1152 2270 1197 et
2297 1152 2487 1211 rogant
2520 1145 2736 1197 ubinam
2762 1145 3050 1209 habitaret,
3087 1145 3175 1212 qui
3226 1161 3413 1197 eorum

1860 1246 1976 1289 erat
2007 1243 2227 1289 auctor:
2255 1242 2305 1289 et
2343 1244 2562 1303 repente
2594 1236 2646 1288 in
2678 1236 2893 1289 beatum
2928 1236 3194 1289 irruentes
3219 1234 3414 1301 Diony-

1861 1327 2021 1389 sium,
2041 1341 2163 1379 eum
2196 1326 2355 1380 simul
2390 1326 2558 1394 ligant
2588 1342 2709 1380 cum
2737 1328 2805 1381 iis
2830 1328 3061 1396 quicum
3094 1327 3209 1397 ipso
3236 1335 3411 1390 erant,

1862 1418 1914 1471 in
1946 1434 2039 1472 ore
2069 1416 2305 1471 divinam
2333 1417 2509 1470 adhuc
2544 1418 2827 1472 habentem
2854 1418 3183 1482 doctrinam;
3230 1420 3417 1487 praesi-

1859 1507 2004 1570 dent,
2032 1508 2236 1563 rabiem
2279 1516 2331 1562 et
2366 1507 2600 1561 furorem
2624 1508 2895 1578 spirantes
2954 1508 3019 1561 ad
3061 1510 3417 1562 examinatio-

1861 1612 2001 1651 nem.
2037 1598 2336 1667 Ingreditur
2400 1614 2528 1667 ergo
2553 1600 2631 1651 vir
2654 1613 2817 1668 gener
2856 1613 2949 1653 sus
2970 1599 3131 1652 simul
3155 1615 3275 1652 cum
3306 1598 3418 1653 Ru-

1862 1690 1997 1742 stico
2025 1698 2077 1743 et
2106 1688 2434 1750 Eleutherio,
2474 1700 2651 1743 mente
2677 1690 2826 1741 lirma
2866 1705 2926 1743 ac
2960 1691 3139 1743 stabili
3162 1700 3213 1744 et
3245 1691 3417 1745 libero

1864 1781 2063 1842 animo,
2094 1782 2316 1849 perinde
2342 1797 2403 1834 ac
2437 1782 2480 1835 si
2518 1789 2801 1834 vocaretur
2831 1781 2895 1837 ad
2947 1781 3165 1843 festum,
3215 1796 3323 1834 non
3350 1782 3415 1833 ad

212 1876 323 1928 Καὶ
342 1874 404 1942 δὴ
445 1873 685 1941 θρασέως
717 1872 857 1923 οὕτω
901 1873 992 1924 καὶ
1035 1874 1347 1943 αὐστηρῶς,
1388 1875 1451 1925 ἶν’
1498 1876 1559 1926 ἐκ
1588 1892 1759 1945 προοι-

1862 1879 2154 1924 certatnen.
2204 1871 2533 1940 Arroganter
2581 1873 2743 1941 igitur
2791 1880 2843 1926 et
2899 1887 3130 1941 aspere,
3183 1880 3239 1925 ut
3293 1888 3414 1926 eum

213 1966 337 2034 μίου
362 1963 517 2024 εὐθὺς
548 1962 950 2031 καταπλήξωσι,
985 1965 1113 2031 φασὶ
1136 1964 1269 2033 πρὸς
1310 1965 1498 2015 αὐτόν’
1537 1984 1553 2014 ι
1580 1966 1649 2016 ΣΞ)
1698 1962 1766 2027 εί,

207 2049 253 2106 ὦ
282 2055 561 2123 καταράτη
591 2054 818 2123 κεφαλὴ,
849 2056 876 2105 ὁ
896 2055 1017 2116 τους
1045 2055 1340 2124 ἡμετέρους
1372 2054 1522 2115 θεοὺς
1567 2056 1621 2106 ἐν
1666 2074 1767 2125 μη-

206 2146 318 2197 δενὶ
346 2146 642 2215 τιθέμενος,
688 2149 779 2199 καὶ
808 2146 903 2215 τὴν
933 2146 1084 2214 ἡμῶν
1109 2148 1170 2198 ἐκ
1205 2146 1367 2216 μέσου
1401 2148 1619 2215 ποιῆσαι
1650 2147 1772 2216 θρη-

210 2236 395 2286 σκείαν
438 2236 782 2303 φιλονεικῶν;
832 2236 1138 2304 ’Λπόκριναι
1180 2234 1305 2298 οὗν,
1362 2238 1422 2289 τὸ
1453 2239 1626 2304 γένος,
1675 2240 1772 2309 τὴν

207 2327 597 2397 ἐνεγκαμένην,
628 2327 687 2378 τὸ
716 2327 1065 2397 ἐπιτήδευμα.
1095 2347 1111 2377 ι
1144 2330 1199 2380 '0
1229 2330 1303 2393 δὲ,
1337 2329 1771 2401 θαρραλεώτερος

211 2419 409 2486 μᾶλλον
454 2419 530 2487 τῷ
576 2420 709 2488 πρὸς
750 2420 979 2489 Χριστὸν
1018 2421 1303 2489 γενόμενος
1349 2423 1535 2492 ἔρωτι’
1575 2442 1590 2472 ι
1635 2423 1771 2490 Ἐγὼ

210 2508 328 2576 μὲν,
359 2501 402 2557 ὦ
429 2502 600 2569 οὗτος,
637 2508 817 2576 φησὶν,
868 2508 952 2560 ἵνα
996 2506 1063 2559 τὰ
1100 2508 1193 2560 τοῦ
1242 2510 1427 2575 γένους
1477 2511 1535 2562 τό
1575 2528 1635 2578 γε
1679 2512 1769 2564 νῦν

207 2594 328 2663 ἔχον
358 2596 447 2646 καὶ
485 2595 580 2663 τὴν
619 2595 847 2664 πατρίδα
881 2595 1068 2665 παρῶ,
1128 2597 1361 2666 Χριστοῦ
1415 2597 1595 2660 δοῦλος
1635 2594 1769 2653 εἶναι

204 2685 474 2751 ὁμολογῶ,
508 2687 597 2737 καὶ
631 2688 773 2755 μόνῳ
798 2686 967 2756 τούτῳ
996 2685 1072 2755 τῷ
1108 2704 1165 2738 τε
1204 2689 1421 2757 ἁναρχῳ
1464 2689 1637 2758 Πατρὶ
1680 2691 1769 2742 καὶ

204 2774 283 2843 τῷ
340 2776 587 2842 σησναῖδίῳ
643 2777 803 2826 αὐτοῦ
878 2778 1119 2846 λατρεύω
1189 2781 1487 2848 Πνεύματι·
1526 2778 1770 2847 πέφευγα

202 2864 259 2916 δὲ
292 2864 383 2915 καὶ
411 2864 506 2931 τῆς
537 2864 685 2931 ὑμῶν
717 2865 918 2933 πλάνης
939 2883 951 2895 ο
996 2868 1072 2935 τῷ
1101 2868 1205 2938 γὰρ
1243 2870 1357 2936 ἐμῷ
1405 2871 1619 2940 Χριστῷ
1670 2873 1769 2924 πέ-

206 2954 389 3011 ποιθα,
422 2951 747 3023 καθαιρέτης
784 2956 1161 3025 στερρότατος,
1214 2957 1468 3027 ἀλείπτης
1512 2962 1769 3028 Χριστιαο

203 3047 313 3105 νοῖς
366 3043 499 3112 πρὸς
559 3044 755 3115 ἀρετὴν
808 3046 1165 3115 ἑτοιμότατος.
1218 3048 1357 3118 Πρὸς
1401 3048 1569 3100 ταῦτα
1616 3052 1665 3101 ετ
1716 3068 1767 3103 τι

1860 1960 2343 2027 perterrefacerent
2402 1962 2585 2015 statim
2632 1962 2687 2015 in
2744 1964 3045 2031 principio,
3093 1963 3141 2015 ei
3179 1963 3368 2016 dicunt
3398 1978 3415 2011 :

1863 2066 1883 2098 ι
1943 2046 2022 2101 Tu
2092 2066 2183 2115 es,
2241 2066 2273 2103 ο
2331 2052 2721 2105 exsecrandum
2784 2061 2985 2120 caput,
3042 2054 3132 2121 qui
3200 2063 3418 2107 nostros

1858 2137 1988 2193 deos
2020 2139 2174 2191 nihili
2198 2138 2352 2201 facis,
2388 2148 2441 2193 et
2474 2141 2756 2194 contendis
2888 2134 2956 2191 de
3095 2141 3273 2194 medio
3320 2158 3417 2195 no-

1858 2237 2026 2281 stram
2055 2230 2245 2283 tollere
2272 2231 2618 2299 religionem?
2644 2229 2929 2299 Responde
2955 2246 3083 2300 ergo
3102 2272 3114 2293 ,
3163 2231 3304 2299 quod
3346 2234 3416 2286 sit

1860 2325 2009 2370 tuum
2041 2334 2231 2387 genus,
2261 2334 2380 2387 quae
2412 2330 2462 2371 te
2498 2319 2683 2372 tulerit
2735 2319 2928 2387 patria,
2984 2327 3035 2372 et
3078 2321 3220 2388 quod
3262 2329 3414 2375 tuum

1859 2410 2119 2464 studium.
2150 2431 2167 2460 ι
2213 2408 2305 2463 Ille
2338 2420 2537 2471 autem,
2592 2425 2775 2463 amore
2808 2410 2861 2462 in
2897 2409 3175 2465 Christum
3220 2412 3268 2465 ei
3320 2410 3415 2464 ad-

1858 2500 2016 2553 dente
2054 2501 2290 2553 animum
2316 2540 2328 2562 ,
2365 2509 2417 2554 et
2464 2499 2695 2553 faciente
2757 2514 2879 2553 eum
2931 2502 3411 2555 conlidentiorem:

1865 2608 1881 2640 ι
1907 2588 2017 2658 Ego
2048 2590 2285 2658 quidem.
2317 2590 2514 2658 inquit,
2541 2605 2573 2642 o
2604 2605 2719 2653 vos,
2753 2598 2875 2644 utet
2906 2608 3075 2659 genus
3102 2600 3154 2645 et
3185 2592 3413 2661 patriam

1858 2681 2099 2733 omittam
2136 2682 2189 2732 in
2217 2681 2531 2749 praesentia,
2554 2696 2637 2733 me
2660 2680 2865 2734 Christi
2892 2698 3105 2735 servum
3137 2698 3259 2736 esse
3285 2699 3415 2736 con-

1861 2772 2031 2835 ﬁteor,
2066 2783 2255 2826 etcum
2298 2773 2493 2835 solum,
2519 2781 2573 2826 et
2605 2770 2851 2837 Patrem,
2885 2774 2977 2842 qui
3016 2782 3163 2826 caret
3206 2776 3411 2841 princi-

1859 2866 1965 2934 pio,
1998 2874 2050 2918 et
2082 2877 2404 2919 coeetcrnunt
2428 2866 2546 2931 ejus
2572 2865 2691 2918 colo
2710 2863 2993 2934 Spiritum.
3013 2866 3208 2935 Aufugi
3236 2875 3413 2919 autem

1858 2971 1887 3009 a
1910 2965 2089 3011 vestro
2117 2972 2321 3020 errore,
2356 2956 2726 3011 validissimus
2758 2961 2834 3025 (in
2864 2972 2981 3010 meo
3012 2958 3154 3011 enim
3197 2956 3413 3012 Christo

1859 3048 2029 3102 habeo
2048 3047 2317 3116 liduciam)
2338 3058 2642 3102 vestrorum
2662 3048 2884 3101 deorum
2917 3048 3250 3110 deturbator,
3275 3048 3414 3101 chri-

206 3135 672 3204 προστεταγμένον
703 3137 848 3204 ὑμῖν,
870 3139 1153 3206 πράσσετε.
1183 3158 1199 3187 ι
1235 3141 1338 3190 Καὶ
1370 3139 1462 3209 τὴν
1491 3140 1581 3192 τοῦ
1614 3142 1759 3209 ἁγίου

1857 3140 2265 3208 stianorumque
2316 3138 2382 3191 ad
2432 3139 2687 3191 virtutem
2720 3138 3037 3191 exhortator
3067 3140 3413 3207 promptissi-

205 3226 419 3290 γνόντες
448 3225 503 3285 οἱ¹
544 3224 819 3293 δυσμενεῖς
867 3226 999 3294 μετὰ
1047 3228 1307 3289 συνέσεως
1340 3230 1621 3292 ἔνστασιν,
1676 3234 1759 3285 rei

1857 3242 1997 3281 mus.
2029 3229 2110 3280 Ad
2145 3230 2257 3282 haec
2284 3228 2464 3291 facite,
2498 3229 2544 3282 si
2576 3228 2705 3297 quid
2738 3235 2821 3283 est
2849 3228 3001 3282 vobis
3029 3228 3407 3297 imperatum.»

203 3313 374 3381 θυμὸν
399 3316 475 3375 είς
504 3313 738 3365 θωπείαν
758 3314 1060 3383 ἀμείϐουσι,
1094 3318 1205 3377 καὶ,
1244 3336 1260 3366 ι
1287 3319 1374 3388 Μὴ
1391 3318 1486 3387 τὴν
1508 3320 1604 3389 σὴν
1636 3320 1767 3372 ἐντι-

206 3422 303 3474 μον
335 3404 522 3456 πολιὰν
553 3406 849 3477 ἀτιμώσῃς,
874 3408 1023 3475 φασὶ,
1043 3408 1299 3471 Διονύσιε,
1334 3411 1464 3479 μηδέ
1495 3412 1633 3463 τέλει
1664 3412 1764 3483 τὴν

205 3495 365 3564 φίλην
396 3497 639 3565 ἑταιρίαν
670 3498 848 3567 πικρῷ
880 3499 1130 3568 παραδῷς
1151 3516 1163 3528 ·
1199 3500 1443 3567 πείσθητι
1463 3502 1528 3552 τὰ
1558 3503 1766 3571 χρηστὰ

204 3586 645 3653 συμϐουλεύουσι,
679 3589 769 3637 καὶ
799 3588 856 3637 τὸ
878 3588 969 3638 τοῦ
1002 3588 1264 3656 βασιλέως
1292 3590 1487 3658 κράτος
1528 3591 1593 3642 δι’
1612 3592 1765 3662 ἡμῶν

204 3676 440 3727 ίκετεῦόν
476 3693 530 3726 σε
572 3678 943 3747 δυσωπήθητι·
971 3679 1237 3749 πείσθητι,
1270 3681 1385 3747 φίλε
1416 3683 1615 3751 χρηστέ
1646 3686 1764 3736 Διο-

201 3767 386 3827 νύσιε,
431 3769 541 3827 τοῖς
585 3770 870 3837 ἡμετέροις
928 3770 1085 3823 θῦσαι
1142 3771 1299 3833 θεοῖς,
1359 3774 1636 3843 πείσθητισ
1673 3776 1765 3829 καὶ

201 3860 417 3929 πρῶτος
445 3858 549 3909 τῶν
586 3860 690 3910 ὑπὸ
732 3862 828 3931 τὴν
861 3862 1129 3929 βασιλείαν
1159 3862 1253 3933 ἔσῃ
1290 3862 1423 3929 μετὰ
1451 3864 1556 3913 τῶν
1588 3865 1710 3918 σῶν.
1739 3885 1758 3915 ι

214 3949 272 4000 ’0
285 3949 360 4007 δὲ,
386 3968 402 3997 ι
429 3948 796 4019 Πεπλάνησθε,
822 3951 1083 4020 orphei}:
1106 3952 1372 4021 προτέρας
1392 3952 1593 4023 πλάνην
1622 3956 1760 4025 ου(·)

201 4040 442 4109 χείρονα,
482 4042 527 4091 εί
557 4041 652 4109 ἐμὲ
672 4041 917 4110 συλήσειν
949 4043 981 4111 ἦ
1012 4058 1130 4093 τινα
1164 4042 1270 4093 τῶν
1310 4044 1456 4113 ἐμῶν
1497 4045 1630 4106 ὅλως
1656 4045 1764 4117 ᾠή-

203 4129 331 4199 θητε
358 4147 369 4159 ³
400 4132 546 4199 ἡμᾶς
573 4131 700 4202 γὰρ,
730 4128 788 4184 εὖ
823 4131 961 4195 ίστε,
992 4135 1052 4183 οὐ
1081 4134 1253 4201 τιμαὶ,
1294 4134 1389 4184 οὐκ
1422 4134 1630 4203 ἀτιμίαι
1652 4174 1665 4197 ,
1700 4136 1761 4188 οὐ

204 4220 453 4281 θωπεῖαι,
483 4224 542 4273 οὐ
576 4223 813 4290 βάσανοι,
836 4224 933 4273 οὐκ
963 4223 1086 4276 ἄλλο
1116 4240 1167 4275 τι
1196 4223 1301 4276 τῶν
1334 4224 1583 4278 ἁπάντων
1613 4226 1762 4279 οὐδὲν

201 4312 422 4379 χωρίσει
446 4311 695 4377 Χριστοῦ.
725 4329 743 4361 ι

1861 3315 2111 3371 Videntes
2143 3328 2321 3371 autem
2370 3319 2641 3383 malevoli,
2687 3320 2861 3372 sancti
2893 3319 3256 3372 constantiam
3286 3331 3410 3371 cum

1857 3408 2137 3477 prudentia
2157 3409 2529 3478 conjunctam,
2557 3409 2693 3461 iram
2713 3419 2922 3462 mutant
2944 3409 2997 3463 in
3022 3408 3409 3470 adulationem,

1855 3508 1928 3563 et,
1962 3520 1979 3550 ι
2005 3500 2080 3553 Ne
2106 3511 2271 3566 tuam,
2305 3516 2338 3555 ο
2368 3500 2608 3571 Dionysi,
2640 3500 2849 3565 dicunt,
2889 3502 3140 3555 canitiem
3169 3501 3412 3556 aﬂ'eceris

1852 3593 2198 3653 contumelia,
2225 3608 2397 3660 neque
2419 3593 2615 3646 charos
2643 3593 2855 3646 sodales
2880 3594 3037 3647 morti
3064 3594 3270 3647 acerba
3299 3600 3411 3646 tra—

1853 3682 2081 3746 dideris;
2108 3695 2235 3750 pare
2274 3689 2419 3735 recte
2449 3682 2857 3737 consulentibus
2885 3720 2899 3745 .
2957 3690 3010 3735 et
3065 3682 3409 3751 imperatoris

1852 3775 2171 3843 potentiam,
2212 3788 2305 3841 per
2343 3790 2443 3827 nos
2476 3782 2527 3827 te
2561 3784 2858 3842 rogantem,
2916 3774 3149 3827 revereri
3188 3787 3410 3841 persua-

1852 3864 2053 3925 dearis,
2088 3878 2120 3914 ο
2150 3863 2311 3915 citare
2340 3872 2391 3915 et
2428 3864 2564 3915 bone
2596 3863 2836 3932 Dionysi:
2868 3864 2973 3918 diis
2997 3866 3201 3920 nostris
3240 3868 3411 3920 sacri-

1853 3952 2014 4007 ﬁcare
2045 3954 2423 4023 persuadearis
2445 3962 2497 4009 et
2533 3955 2643 4009 eris
2682 3969 2805 4009 cum
2846 3955 2954 4009 tuis
2983 3958 3190 4023 primus
3219 3973 3410 4011 eorum

1852 4048 1945 4116 qui
1978 4048 2223 4102 suntsub
2250 4048 2498 4113 imperio.
2527 4068 2544 4098 ›
2573 4046 2663 4101 Ille
2685 4056 2894 4101 autem:
2931 4066 2948 4097 ι
2972 4046 3183 4111 Vester,
3210 4049 3407 4118 inquit,

1853 4137 1941 4191 hic
1982 4152 2135 4191 error
2178 4144 2260 4190 est
2293 4137 2441 4205 pejor
2467 4137 2665 4205 priore,
2698 4139 2741 4190 si
2797 4140 2995 4205 putetis
3040 4138 3177 4202 fore,
3208 4148 3265 4192 ut
3299 4155 3404 4204 me,

1852 4237 1945 4283 aut
1977 4230 2464 4297 meorumaliquem
2504 4229 2793 4283 seducatis.
2847 4228 2958 4282 Hoc
3007 4231 3152 4283 enim
3192 4232 3401 4293 sciatis,

1852 4319 1993 4388 quod
2024 4336 2120 4373 nos
2153 4337 2256 4372 non
2281 4321 2512 4376 honores
2534 4360 2547 4385 ,
2582 4332 2686 4373 non
2716 4321 3083 4390 contumeliae,
3116 4335 3223 4375 non
3246 4321 3402 4377 blan-

181 4407 350 4467 ditice,
390 4420 497 4459 non
532 4413 831 4470 tormenta,
878 4422 1052 4477 neque
1092 4409 1294 4478 aliquid
1332 4412 1475 4467 aliud
1521 4416 1745 4470 omnino
1775 4417 2045 4484 separabit
2086 4436 2114 4473 a
2138 4424 2418 4485 Christo.p

277 4534 552 4585 Ἐντεῦθεν
571 4574 586 4598 ,
617 4535 736 4586 ἐπεὶ
778 4535 851 4604 μὴ
902 4532 1000 4587 οἷοί
1027 4553 1085 4588 τε
1125 4538 1324 4589 πείθειν
1350 4541 1659 4609 ἐτύγχανον,
1690 4544 1749 4596 τὸ

1914 4537 2173 4605 Deinceps
2196 4553 2323 4605 ergo
2348 4552 2469 4590 cum
2511 4553 2615 4591 non
2640 4549 2859 4609 possent
2902 4544 3257 4611 persuadere,
3301 4546 3398 4598 de-

187 4628 526 4693 προσωπεῖον
556 4628 647 4677 καὶ
689 4626 786 4697 τὴν
834 4628 1119 4695 ὑπόκρισιν
1162 4630 1518 4699 ἀποθέμενοι,
1558 4633 1634 4702 τῷ
1687 4651 1746 4687 τι

186 4713 346 4781 θυμῷ
376 4714 534 4766 πλέον
565 4714 834 4778 ζέσαντες.
867 4720 958 4771 καὶ
998 4719 1094 4787 τῆς
1137 4720 1400 4790 καθέδρας
1447 4724 1666 4792 μανικόν
1693 4741 1743 4779 τι

184 4806 280 4857 καὶ
311 4808 810 4876 παρακεκινημένον
840 4807 1240 4873 ἐξαναστάντες·
1280 4831 1297 4861 ι
1336 4814 1469 4882 Παρ’
1500 4815 1669 4883 ὑμῶν,
1698 4808 1745 4868 ὦ

182 4898 422 4965 ἀνόητοι,
453 4899 709 4967 Διονυσίῳ
738 4899 867 4967 φασὶ
912 4901 1004 4951 καὶ
1045 4905 1155 4962 τοῖς
1201 4902 1336 4970 μετὰ
1362 4903 1523 4955 αὑτοῦ
1545 4944 1559 4967 ,
1589 4905 1657 4957 τά
1684 4923 1742 4958 τε

182 4987 293 5040 τῶν
324 4986 457 5039 θεῶν
485 4987 788 5057 ἁτιμοῦται,
808 4989 896 5041 καί
924 4989 989 5040 τὰ
1006 4989 1095 5041 τοῦ
1112 4992 1502 5062 αὐτοκράτορος
1533 5011 1739 5067 μυκτη-

185 5076 415 5149 ρίζεται,
448 5079 538 5130 καὶ
561 5083 816 5148 μαγικαίς
840 5081 1100 5142 ἐπινοίαις
1129 5082 1285 5151 δῆθεν
1307 5084 1379 5145 ὡς
1400 5084 1741 5158 θαυματουρ-

184 5169 335 5236 γίαις
358 5168 509 5237 ὑμεῖς
529 5173 651 5231 τοὺς
680 5169 782 5221 ὑπὸ
804 5171 900 5239 τὴν
920 5171 1119 5223 τούτων
1136 5175 1307 5243 ἀρχὴν
1328 5175 1624 5228 ὑποσυλᾶτε
1647 5180 1739 5230 καὶ

184 5258 593 5329 σφιτερίζεσθε;
620 5278 638 5310 ι
660 5260 721 5312 Οἱ
747 5259 801 5311 δὲ
819 5260 979 5327 ἅγιοι,
1004 5282 1021 5311 ι
1060 5264 1269 5332 Ὅμοιοι
1298 5266 1475 5327 αὐτοῖς
1504 5266 1738 5332 γένοιντο

180 5354 232 5404 οι
278 5352 581 5422 τιμῶντεςὶ
622 5370 640 5401 ι
670 5353 768 5421 μιᾷ
809 5352 941 5421 πρὸς
972 5353 1163 5415 αὐτοὺς
1204 5354 1407 5424 ἔφησαν
1434 5358 1497 5424 τῇ
1552 5360 1731 5427 coniﬁ-

186 5460 206 5493 ι
236 5444 395 5511 ἡμεῖς
421 5442 477 5495 δὲ
519 5442 580 5493 οὐ
628 5446 885 5509 μαγικαῖς
929 5444 1219 5505 ἐπινοίαις,
1276 5444 1349 5507 ὡς
1386 5446 1532 5497 αὐτοί
1579 5463 1732 5513 φατε,

179 5531 316 5584 ἀλλὰ
344 5534 407 5601 τῇ
437 5532 528 5583 τοῦ
572 5530 703 5583 Θεοῦ
748 5532 900 5601 ἡμῶν
942 5535 1031 5584 καὶ
1070 5536 1134 5602 τῇ
1164 5534 1255 5585 τοῦ
1286 5534 1543 5596 ζωοποιοῦ
1571 5537 1732 5589 αὐτοῦ

179 5621 491 5691 Πνεύματος
518 5621 795 5690 ἐπικλήσει
827 5624 920 5675 καὶ
970 5625 1217 5695 ἐνεργείᾳ
1260 5627 1473 5693 τυφλοῖς
1514 5626 1572 5677 τὸ
1617 5626 1731 5694 βλέ-

179 5730 324 5774 πειν,
355 5716 559 5778 κωφοῖς
588 5712 647 5763 τὸ
674 5711 869 5774 λαλεῖν,
893 5713 1045 5781 βάσιν
1074 5731 1130 5767 τε
1161 5720 1368 5783 χωροῖς,
1414 5717 1504 5767 καὶ
1546 5716 1725 5787 δαιμο-

259 5830 322 5895 (‘)
360 5829 467 5884 Aut
495 5828 780 5897 legendum
816 5832 1026 5894 χείρονα
1062 5844 1177 5890 sine
1209 5838 1289 5903 οὐ,
1324 5853 1441 5892 cum
1480 5838 1790 5913 interprete,

1842 4630 2015 4697 posita
2054 4643 2279 4694 persona
2303 4634 2355 4680 et
2385 4629 2749 4691 simulatione,
2775 4646 2899 4684 cum
2928 4633 3005 4685 ira
3037 4633 3207 4702 magis
3248 4634 3398 4687 effer-

1842 4718 2108 4779 buissent,
2145 4725 2197 4770 et
2234 4732 2264 4771 e
2302 4719 2558 4772 cathedra
2591 4720 2815 4782 furiose,
2847 4731 2900 4775 et
2934 4735 3109 4777 mente
3135 4727 3395 4792 quodam-

1841 4809 2002 4862 modo
2031 4818 2205 4861 emota
2265 4811 2661 4863 surrexissent:
2703 4830 2719 4861 ι
2745 4813 2785 4862 Α
2819 4813 2992 4875 vobis,
3041 4828 3073 4866 ο
3129 4823 3392 4874 amentes.

1841 4897 2097 4967 Dionysio
2136 4899 2341 4960 dicunt,
2382 4908 2435 4952 et
2457 4901 2523 4954 iis
2545 4903 2635 4969 qui
2662 4916 2784 4953 cum
2817 4902 2935 4969 ipso
2960 4913 3137 4966 erant,
3160 4904 3233 4958 dii
3263 4921 3391 4959 con-

1842 4990 2173 5049 temnamur,
2206 4998 2257 5042 et
2287 4990 2578 5057 imperator
2616 4991 2904 5046 irridetur:
2938 5001 2992 5047 et
3027 4996 3239 5049 artibus
3279 5012 3388 5049 ma-

1840 5081 1995 5150 gicis,
2030 5080 2249 5148 perinde
2308 5094 2370 5131 ac
2403 5079 2702 5143 miraculis,
2744 5098 2860 5145 eos,
2892 5085 2985 5152 qui
3036 5085 3155 5152 ejus
3205 5097 3393 5154 parent

1840 5170 2085 5239 imperio,
2122 5172 2188 5223 ab
2213 5185 2277 5223 eo
2308 5170 2602 5233 abducitis,
2633 5181 2684 5225 et
2713 5174 2779 5225 ad
2811 5182 3019 5228 vestras
3052 5187 3231 5244 partes
3276 5188 3389 5231 tra-

1838 5261 2071 5315 ducitis?
2095 5282 2111 5311 ι
2144 5261 2328 5315 Sancti
2349 5272 2547 5324 autem,
2577 5280 2593 5312 ι
2617 5262 2831 5319 Similes
2862 5265 2940 5318 eis
2962 5264 3111 5326 ﬁant,
3131 5267 3221 5333 qui
3242 5268 3390 5334 ipsos

1837 5355 2041 5414 colunt,
2067 5373 2083 5403 ι
2105 5354 2183 5405 eis
2198 5368 2299 5405 una
2328 5368 2454 5406 voce
2474 5353 2761 5419 dixerunt;
2786 5375 2803 5406 ι
2829 5371 2928 5410 nos
2944 5365 3120 5411 autem
3138 5373 3247 5411 non
3275 5374 3390 5411 ma-

1838 5446 1971 5513 gicis
2003 5446 2230 5505 artibus,
2258 5455 2313 5499 ut
2334 5446 2536 5507 dicitis,
2583 5444 2677 5499 sed
2724 5447 2812 5502 Dei
2866 5449 3037 5501 nostri
3078 5457 3134 5502 et
3190 5451 3387 5503 viviﬁci

1837 5538 1956 5604 ejus
1987 5535 2218 5604 Spiritus
2252 5538 2591 5591 invocatione
2632 5546 2683 5591 et
2734 5540 3067 5607 Operatione,
3102 5543 3260 5594 caecis
3309 5546 3390 5595 vi-

1828 5632 1977 5689 ‘Sum,
2016 5630 2177 5683 mutis
2210 5646 2531 5693 sermonem,
2562 5630 2771 5682 claudis
2804 5631 3105 5701 ingressum
3131 5672 3146 5694 ,
3186 5642 3237 5686 et
3275 5632 3387 5687 da:-

1839 5720 2102 5774 moniacis
2146 5722 2442 5788 pra-bemus
2482 5723 2833 5774 curationem.
2880 5722 3118 5787 Quorum
3178 5740 3244 5777 ne
3277 5724 3381 5778 sibi

1835 5850 1926 5893 aut
1958 5839 2301 5893 scribendum
2336 5836 2393 5887 οὗ
2426 5838 2722 5907 κρείττονα.
2757 5834 2908 5890 Εοιτ.
2940 5836 3104 5894 Pani.
