3968 6442
544 339 677 405 1047

1857 352 2139 412 MENSIS
2168 355 2535 417 OCTOBER.

3668 371 3795 439 1048

567 445 785 514 quidem
818 455 1045 515 possunt
1069 448 1229 503 vestri
1252 449 1325 502 dii
1349 449 1639 518 quidquam
1664 452 1919 519 praebere,
1948 464 2003 507 ut
2028 459 2116 525 qui

2217 460 2344 511 νῶσι
2376 461 2709 529 προσέχομεν
2740 462 2913 517 ίασιν·
2956 480 3031 519 ων
3085 471 3203 523 οὐδὲ
3260 474 3469 537 ἑαυτοῖς
3529 479 3675 530 ούδὲν
3717 483 3766 530 οἱ

568 535 681 591 sint
715 536 856 607 ligna
889 546 941 591 et
973 538 1195 606 lapides.
1231 538 1301 593 0:
1318 541 1453 593 enim
1477 541 1685 603 habent,
1711 552 1876 596 etnon
1908 546 2121 607 loquun-

569 635 688 677 tur:
727 626 927 689 oculos,
952 634 999 678 et
1033 642 1133 678 non
1158 625 1360 679 vident:
1395 643 1571 690 aures,
1602 639 1649 680 et
1691 646 1795 683 non
1824 631 2044 685 audiunt
2069 633 2118 691 ιι,

568 712 748 773 Unum
779 715 880 768 hoc
909 715 1082 770 solum
1111 718 1263 771 vobis
1289 716 1553 773 eliiciunt:
1588 721 1889 777 accendunt
1920 724 2117 794 ignem,

565 806 658 875 qui
681 821 956 875 nunquam
984 806 1213 861 desinet.
1242 826 1259 857 ι
1285 809 1553 865 Adversus
1576 810 1686 864 haec
1715 826 1836 865 cum
1861 829 1965 867 non
1989 831 2117 883 pos-

569 904 692 953 sent
724 898 938 967 tyranni
973 899 1365 962 contradicere,
1399 907 1550 955 torve
1573 910 1626 955 et
1645 904 1835 957 insane
1857 918 1950 957 eos
1974 908 2118 975 aspi—

565 991 794 1055 cientes,
822 991 1029 1044 strictis
1055 988 1249 1059 gladiis
1281 1005 1338 1044 se
1374 998 1565 1060 parant
1697 990 1763 1045 ad
1886 995 2116 1061 caedem;

566 1089 786 1144 etcum,
828 1089 1083 1149 tanquam
1118 1081 1271 1150 signo
1304 1081 1449 1143 dato,
1483 1096 1577 1136 eos
1617 1082 1931 1137 eduxissent
1970 1093 2119 1138 extra

566 1173 871 1237 civitatem,
910 1172 1120 1226 vinctos
1153 1172 1360 1226 ducunt
1406 1172 1471 1226 ad
1514 1172 1785 1241 quoddam
1834 1190 2115 1242 cacumen,

565 1272 619 1317 et
650 1262 871 1316 tradunt
910 1262 1219 1327 lictoribus,
1265 1271 1322 1317 ut
1369 1278 1463 1318 eos
1520 1264 1863 1318 interﬁciant.
1913 1265 2119 1321 Interea

568 1358 745 1405 autem
772 1359 965 1421 petunt
998 1353 1175 1407 sancti
1212 1362 1424 1421 tempus
1453 1354 1742 1421 precandi,
1774 1354 1995 1409 ﬂectunt
2028 1372 2120 1427 ge-

565 1456 693 1497 nua.
732 1440 869 1495 Tum
916 1452 1297 1499 sacrosanctus
1329 1443 1532 1499 Christi
1572 1455 1774 1515 martyr
1808 1445 2115 1516 Dionysius,

564 1533 794 1588 sublatis
822 1533 876 1586 in
906 1534 1103 1587 coelum
1133 1534 1339 1589 oculis:
1381 1552 1398 1583 ι
1426 1533 1651 1588 Domine
1699 1534 1838 1590 Deus
1873 1538 2120 1607 omnipo-

566 1629 710 1685 tens,
768 1621 891 1685 Fili,
948 1624 1143 1692 inquit,
1200 1624 1496 1692 unigenite,
1536 1632 1589 1678 et
1629 1633 1813 1679 sancte
1859 1624 2115 1694 Spiritus,

2216 550 2465 621 ὑμέτεροι
2497 550 2627 617 θεοὶ,
2659 553 2751 606 an
2780 554 2907 617 ξύλα
2933 560 3024 611 καὶ
3051 559 3205 623 λίθοι,
3234 562 3415 616 δοῦναι
3445 566 3764 637 δεδύνηνται·

2215 642 2407 707 Στόμα
2439 642 2547 708 γὰρ
2579 642 2808 709 ἔχουσι,
2842 648 2937 699 καὶ
2964 651 3037 702 οὐ
3067 651 3385 705 λαλοῦσιν·
3410 656 3766 723 ὀφθαλμοὺς,

2215 730 2311 781 καὶ
2342 732 2413 783 οὺ
2439 731 2813 793 βλέπουσιν·
2843 736 2980 802 ὦτα,
3011 741 3107 793 καί
3135 744 3245 794 οὐκ
3289 743 3641 798 ἀκούουσιν.
3683 749 3768 799 Ἐν

2212 819 2367 873 τοῦτο
2397 822 2550 891 μόνον
2573 826 2698 893 ὑμῖν
2727 827 3023 897 ἐνεργοῦσι,
3056 832 3115 883 τὸ
3143 832 3493 904 ἀτελεύτητον
3526 836 3637 907 πῦρ
3652 838 3769 889 ἀνα-

2215 910 2518 977 φλέγουσιν.
2546 933 2565 963 ι
2594 916 2811 979 Τούτοις
2838 919 3107 973 ἀντειπεῖν
3146 923 3207 974 οὐ
3236 924 3558 993 δυνηθέντες
3598 928 3648 976 οἱ
3686 927 3770 978 τύ-

2214 1002 2589 1073 ραννοι,δριμύ
2617 1006 2776 1057 τικαὶ
2806 1008 3119 1079 παρὰψορον
3148 1013 3226 1073 είς
3247 1013 3443 1076 αὐτοὺς
3475 1016 3765 1078 ὑπιδόντες,

2212 1090 2304 1142 καὶ
2331 1092 2398 1144 τὰ
2428 1093 2549 1164 ξίφη
2575 1097 2926 1165 σπασάμενοι,
2958 1100 3092 1167 πρὸς
3119 1102 3208 1154 τὸν
3238 1103 3392 1171 φόνον
3422 1104 3765 1166 ὁπλίζονται·

2212 1181 2304 1233 καὶ
2336 1180 2399 1251 δὴ
2442 1183 2516 1245 ὠς
2566 1185 2671 1237 ἀπὸ
2724 1188 2945 1257 σημείου
2994 1189 3214 1254 τούτους
3272 1193 3635 1260 ἐξαγαγόντες
3682 1195 3771 1263 τῆς

2212 1270 2438 1335 πόλεως,
2475 1274 2565 1325 ἐπί
2610 1291 2730 1327 τινα
2765 1280 3006 1347 κορυφὴν
3038 1279 3317 1349 δεσμώτας
3363 1285 3650 1351 ἀνάγουσι,
3687 1286 3769 1336 καὶ

2210 1362 2322 1423 τοῖς
2353 1361 2562 1431 δημίοις
2594 1364 2661 1417 τὰ
2695 1368 2828 1437 πρὸς
2879 1369 3090 1439 σφαγὴν
3123 1372 3504 1440 ἐγχειρίζουσι.
3560 1374 3767 1438 Μεταξὺ

2210 1448 2267 1501 δὲ
2303 1451 2487 1521 καιρὸν
2548 1454 2595 1504 οί
2648 1454 2791 1521 ἅγιοι
2840 1456 3051 1509 αἰτοῦσι
3098 1462 3437 1531 προσευχῆς,
3492 1467 3589 1516 καὶ
3650 1467 3767 1533 γόνυ

2211 1539 2495 1594 κλίνουσιν.
2571 1542 2643 1595 Εν
2687 1544 2926 1615 τοσούτῳ
2970 1546 3026 1599 δὲ
3070 1550 3098 1601 ὀ
3147 1551 3475 1621 ίερομάρτυς
3519 1554 3614 1605 τοῦ
3648 1557 3770 1624 Χρι-

2212 1628 2338 1683 στοῦ
2389 1630 2689 1696 Διονύσιος,
2744 1632 2803 1685 τδ
2865 1633 3016 1704 ὄμμα
3050 1638 3129 1699 είς
3177 1639 3438 1708 οὐρανοὺς
3473 1641 3764 1705 ἀνατείνας·

567 1718 755 1766 sancta
788 1710 1029 1766 Trinitas
1057 1714 1325 1783 principio
1356 1728 1581 1777 carens,
1615 1722 1668 1767 et
1711 1716 1762 1768 in
1806 1731 1965 1784 quam
2012 1733 2118 1771 non

2217 1736 2236 1769 ι
2265 1718 2505 1777 Δέσποτα
2536 1720 2635 1773 Θεὲ
2670 1724 3065 1798 παντὸκρατορ,
3104 1727 3218 1790 Υἱὲ,
3267 1731 3429 1800 φησι,
3471 1734 3766 1800 μονογενὲς,

564 1798 710 1852 cadit
732 1797 951 1862 divisio,
986 1801 1203 1868 suscipe
1225 1815 1502 1854 servorum
1531 1810 1748 1857 tuorum
1781 1804 1833 1856 in
1852 1820 1983 1873 pace
2000 1807 2117 1858 ani-

2213 1810 2303 1863 καὶ
2338 1811 2487 1896 ἅγιον
2506 1812 2748 1883 Πνεῦμα,
2771 1814 2941 1885 Τριὰς
2965 1817 3093 1885 ἁγία
3126 1797 3336 1891 ἀναρχε
3362 1822 3455 1875 καὶ
3472 1797 3765 1896 *ἀμέριστα

562 1903 701 1952 mas,
725 1891 981 1959 quoniam
1007 1899 1228 1961 propter
1260 1900 1310 1945 te
1332 1901 1505 1946 morte
1535 1894 1816 1950 allicimur.
1844 1914 1863 1946 ι
1913 1896 2119 1950 Etcum

564 1978 762 2041 sancti,
802 1996 820 2029 ι
846 1979 1039 2041 Amen,
1072 1998 1088 2030 ι
1113 1979 1529 2043 acclamassent,
1555 1996 1850 2037 conversus
1873 1983 1938 2035 ad
1965 1983 2120 2036 licto-

563 2083 682 2124 res:
723 2089 740 2120 ι
766 2067 969 2132 Facite,
998 2070 1192 2138 inquit,
1225 2070 1368 2141 quod
1400 2070 1499 2123 fuit
1528 2071 1680 2125 vobis
1715 2073 2054 2141 imperatum.
2095 2092 2113 2123 ι

564 2157 643 2210 llli
670 2162 848 2211 autem
881 2156 1115 2226 primum
1163 2140 1381 2226 quidem
1423 2159 1565 2212 beati
1617 2140 1878 2227 Dionysii.
1928 2159 2120 2214 deinde

562 2242 772 2302 Rustici
804 2253 857 2300 et
879 2245 1176 2300 Eleutherii
1216 2253 1375 2312 caput
1436 2253 1733 2314 amputant.
1786 2246 1888 2300 Sed
1920 2262 2016 2300 nec
2066 2249 2119 2301 in

563 2335 666 2389 hoc
700 2334 919 2403 quidem
948 2334 1015 2404 (ο
1040 2332 1295 2403 Dionysi)
1330 2336 1395 2397 is,
1449 2335 1541 2402 qui
1574 2342 1796 2403 propter
1826 2326 1877 2389 te
1926 2350 2121 2402 passus

561 2433 666 2487 est,
700 2424 801 2479 fuit
846 2425 1046 2478 oblitus
1086 2424 1204 2492 ejus
1246 2424 1337 2493 qui
1368 2432 1590 2493 propter
1633 2426 1807 2493 ipsum
1861 2426 2117 2490 moritur;

563 2515 658 2573 sed
688 2516 1010 2570 miraculum
1039 2516 1201 2569 etiam
1233 2515 1473 2569 ostendit
1498 2515 1550 2569 in
1583 2517 1970 2583 amputatione.
1998 2511 2121 2569 Ete—

563 2610 673 2663 nim
704 2622 827 2662 cum
868 2622 1026 2661 suum
1061 2614 1223 2674 caput
1278 2615 1538 2677 tanquam
1591 2606 1808 2675 aliquod
1840 2606 2119 2674 prannium

563 2705 768 2767 martyr
805 2698 920 2753 suis
944 2698 1244 2766 accepisset
1274 2698 1547 2760 manibus,
1600 2697 1799 2749 transit
1846 2697 1911 2747 ad
1942 2710 2120 2748 remo-

563 2789 758 2843 tiorem
786 2789 986 2843 locum.
1017 2787 1243 2842 Ferebat
1266 2801 1394 2856 ergo
1424 2788 1539 2855 ipse
1580 2796 1741 2854 caput
1766 2786 1818 2837 in
1850 2785 2119 2848 manibus,

565 2885 821 2949 tanquam
852 2876 1069 2947 aliquod
1101 2875 1422 2944 trophteum,
1459 2889 1488 2926 a
1517 2874 1700 2927 divina
1742 2876 1962 2929 omnino
1994 2886 2121 2940 por-

565 2978 710 3023 tatus
737 2969 932 3039 gratia,
967 2982 1139 3036 neque
1170 2966 1320 3034 prius
1346 2964 1573 3027 dimisit,
1601 2978 1765 3031 quam
1799 2963 2014 3013 mulieri
2040 2961 2122 3012 di-

567 3054 691 3106 vina
721 3055 955 3122 quadam
1005 3052 1227 3104 omnino
1277 3064 1574 3103 occurrens
1627 3046 1964 3117 providentia
1994 3086 2011 3112 ,
2067 3049 2121 3101 in

567 3144 713 3199 illius
758 3141 1009 3196 manibus
1047 3139 1330 3210 deposuit,
1361 3137 1528 3193 veluti
1572 3139 1859 3207 quemdam
1902 3138 2122 3192 thesau-

562 3248 701 3287 rum.
721 3230 984 3286 Jacebant
1013 3240 1191 3285 autem
1222 3228 1466 3298 neglecta
1488 3236 1801 3282 sanctorum
1827 3234 2121 3295 martyrum

562 3322 866 3378 veneranda
897 3334 1148 3392 corpora,
1179 3319 1310 3374 leris
1334 3325 1388 3372 et
1418 3318 1609 3370 avibus
1640 3316 1705 3368 ad
1732 3316 1999 3369 edendum
2030 3330 2122 3366 ex-

569 3417 767 3485 posita,
796 3422 849 3469 et
877 3429 977 3469 nec
999 3414 1149 3482 justa
1199 3408 1420 3479 quidem
1470 3407 1760 3477 sepultura:
1808 3413 2120 3459 consecuta.

635 3587 878 3643 Lictores
910 3592 1085 3639 autem
1118 3598 1185 3637 ne
1214 3582 1480 3635 hactenus
1505 3578 1723 3647 quidem
1756 3578 1917 3631 irasci
1946 3577 2140 3630 desis--

565 3687 693 3735 runt
714 3718 728 3738 ,
762 3678 855 3734 sed
886 3679 1049 3730 etiam
1088 3676 1143 3727 in
1175 3674 1323 3741 ipsas
1354 3670 1540 3723 {urunt
1564 3668 1841 3737 reliquias,
1875 3674 2122 3721 statuen-

567 3782 649 3826 tes
678 3783 771 3823 eas
795 3768 847 3820 in
870 3764 1037 3819 maris
1059 3762 1386 3833 profundum
1406 3760 1690 3831 projicere,
1720 3774 1787 3812 ne
1817 3747 1899 3812 vel
1942 3757 2122 3810 inani-

567 3871 722 3916 matae
745 3856 1017 3914 edicerent
1042 3852 1330 3915 miracula,
1358 3860 1411 3904 et
1449 3850 1573 3903 ideo
1616 3847 1954 3900 attraherent
1988 3846 2124 3897 mul-

566 3958 651 4002 tos
682 3948 748 4001 ad
793 3945 1145 4015 agnitionem.
1181 3940 1333 4006 Quod
1366 3941 1546 4002 etiam,
1578 3946 1633 3991 ut
1659 3937 1738 3992 eis
1769 3939 1943 3991 visum
1982 3942 2122 3998 erat,

567 4039 767 4092 factum
798 4043 965 4097 esset,
990 4035 1096 4087 nisi
1122 4034 1223 4086 hoc
1252 4020 1454 4086 malum
1473 4030 1757 4084 consilium
1788 4030 1851 4081 ad
1876 4027 2121 4081 elfectum

568 4128 759 4185 deduci
777 4127 919 4182 Deus
944 4124 1330 4196 prohibuisset.
1351 4122 1487 4174 Nam
1512 4135 1633 4173 cum
1658 4120 1915 4171 sensisset
1937 4131 2125 4169 eorum

568 4220 816 4277 consilia,
850 4231 911 4271 ea
944 4230 1061 4284 qua:
1090 4215 1385 4283 pretiosum
1416 4209 1668 4279 martyris
1698 4216 1859 4277 caput
1901 4220 2124 4274 accepe-

569 4317 652 4362 rat
670 4307 905 4379 (mulieri
932 4320 1125 4358 nomen
1149 4312 1264 4358 erat
1286 4303 1524 4371 Catula),
1546 4308 1779 4353 mentem
1805 4314 1955 4353 suam
1974 4312 2125 4352 com-

570 4394 1173 4456 municabatlidelibus,
1208 4400 1267 4446 ut
1315 4390 1425 4445 Deo
1470 4400 1677 4459 gratam
1726 4395 1778 4440 et
1824 4388 2197 4452 acceptam.D

570 4486 634 4542 Et
667 4503 789 4541 cum
820 4482 1155 4555 splendidam
1186 4490 1240 4536 et
1274 4483 1475 4534 lautam
1506 4488 1819 4548 apparasset
1860 4486 2121 4539 mensam,

570 4583 785 4635 lictores
816 4580 1021 4645 accepit
1044 4575 1312 4629 convivio.
1343 4572 1563 4627 Interim
1593 4584 1739 4631 vero,
1765 4569 1891 4622 dum
1913 4568 1947 4619 ii
1981 4581 2118 4620 con-

571 4672 768 4725 vivium
800 4670 1007 4723 inibant
1040 4666 1183 4736 apud
1214 4665 1518 4726 mulierem,
1544 4661 1760 4731 quidam
1794 4674 1855 4712 ex
1883 4658 2125 4711 fidelibus

569 4762 844 4833 accipiunt
875 4767 1177 4829 martyrum
1202 4756 1483 4825 reliquias,
1532 4763 1583 4808 et
1627 4768 1719 4806 eas
1764 4749 2121 4804 abscondunt.

570 4857 789 4916 Deinde,
821 4854 970 4918 linito
1001 4852 1271 4911 convivio,
1300 4864 1423 4903 cum
1454 4862 1570 4901 eam
1604 4862 1714 4899 rem
1742 4841 2127 4913 deprehendis—

569 4959 689 5003 sent
716 4948 953 5009 lictores,
990 4944 1067 4998 ira
1102 4940 1255 4996 valde
1284 4946 1438 4995 erant
1463 4937 1690 5008 perciti;
1722 4936 1817 4990 sed
1864 4934 2124 4989 fervorem

569 5036 661 5087 ira
685 5033 946 5087 sedarunt
976 5044 1222 5090 munera,
1252 5038 1307 5082 et
1342 5028 1715 5082 vehementem
1747 5022 1986 5077 furorem
2016 5022 2123 5075 dis-

570 5124 729 5178 solvit
756 5122 950 5176 mulier
972 5120 1220 5190 pecunia.
1255 5118 1389 5173 Cum
1424 5119 1500 5171 illi
1530 5127 1708 5170 autem
1742 5114 2121 5175 recessissent,

571 5219 623 5270 in
646 5217 879 5286 quadam
902 5215 1064 5269 domo
1088 5212 1311 5282 deponit
1332 5210 1522 5264 Catula
1547 5220 1839 5277 martyrum
1872 5204 2126 5274 reliquias

574 5310 732 5364 tertio
761 5307 961 5362 mensis
1017 5304 1270 5361 Octobris
1295 5342 1309 5366 ,
1465 5296 1737 5353 miraculis
1899 5296 2103 5351 affatim

574 5399 984 5468 profluentibus,
1019 5396 1241 5466 perinde
1294 5408 1357 5447 ac
1387 5393 1567 5462 aliquo
1617 5392 1760 5446 fonte
1812 5390 2033 5461 pulchre
2075 5398 2126 5445 et

575 5494 820 5548 suaviter
848 5499 1123 5545 manante.
1155 5489 1270 5544 Non
1308 5487 1535 5542 multum
1584 5484 1843 5555 temporis
1866 5484 2120 5538 interces-

662 5640 688 5685 ἰ
723 5643 865 5695 Psal.
936 5657 1089 5702 cun,
1117 5644 1165 5701 5,
1200 5638 1250 5692 6.

2212 1895 2499 1970 πρόσδεξαι
2543 1899 2641 1963 τὰς
2687 1902 2794 1953 τῶν
2849 1903 2956 1956 σῶν
3018 1906 3216 1960 δούλων
3262 1913 3319 1962 ὲν
3351 1913 3546 1984 εἰρήνῃ
3579 1895 3765 1983 ψυχὰς,

2211 1988 2292 2040 ὅτι
2325 1988 2487 2042 ἕνεκα
2545 2006 2637 2043 σου
2686 1991 3077 2063 θανατούμεθα.
3110 2016 3127 2045 ι
3196 2000 3301 2051 Καὶ
3348 2000 3455 2052 τῶν
3502 2004 3672 2069 ἁγίων
3714 2005 3769 2056 τὸ

2217 2099 2235 2130 ι
2260 2081 2427 2153 Ἀμὴν
2448 2102 2466 2132 ι
2490 2084 2969 2153 ἐπιφωνησάντων,
2992 2087 3257 2157 πρὸςτοὺς
3272 2091 3500 2161 δημίους
3519 2095 3769 2165 ἐπιστρα-

2212 2171 2331 2238 φεὶς
2352 2211 2364 2232 ,
2405 2192 2421 2221 ι
2448 2172 2518 2223 Τὸ
2552 2173 2836 2225 κελευσθὲν
2869 2175 2995 2243 ὑμῖν
3029 2177 3314 2243 ὲκτελεῖτε,
3350 2201 3367 2233 ι
3410 2183 3599 2251 φησίν.
3635 2189 3693 2237 Ut
3717 2186 3768 2236 δὲ

2213 2260 2404 2329 πρῶτα
2441 2260 2537 2327 μὲν
2567 2258 2666 2329 τὴν
2697 2260 2791 2313 τοῦ
2830 2263 3093 2334 μακαρίου
3128 2267 3420 2330 Διονυσίου,
3459 2265 3581 2322 εἶτα
3627 2271 3768 2322 Ῥου-

2212 2347 2395 2401 στικοῦ
2431 2351 2522 2401 καὶ
2567 2349 2897 2423 Ἐλευθερίου
2961 2354 3280 2424 ὲκτέμνουσι
3328 2358 3588 2427 κεφαλήν.
3641 2359 3767 2410 Ἀλλ’

2209 2438 2325 2490 οὐδὲ
2356 2439 2529 2510 τούτῳ
2584 2441 2697 2504 σοῦ,
2734 2442 2995 2506 Διονύσιε,
3047 2446 3075 2496 ὁ
3106 2444 3192 2496 διὰ
3227 2446 3286 2496 σὲ
3320 2445 3510 2497 παθὼν
3557 2446 3651 2497 τοῦ
3706 2447 3768 2498 δι’

2209 2529 2369 2581 αὑτὸν
2402 2530 2724 2601 θνήσκοντος
2758 2532 3123 2601 ἐειτιλεξληστειι⁵
3149 2534 3283 2586 ἀλλὰ
3303 2541 3353 2586 τί
3390 2536 3484 2586 καὶ
3520 2536 3647 2605 περὶ
3676 2536 3770 2606 τὴν

2210 2622 2446 2691 ἐκτομὴν
2478 2624 2763 2693 τεράστιον
2811 2624 3196 2679 ἐπιδείκνυται.
3243 2626 3350 2678 Καὶ
3384 2627 3493 2698 γὰρ
3524 2628 3620 2699 τὴν
3652 2630 3771 2681 ἑαυ-

2208 2712 2303 2765 τοῦ
2357 2712 2614 2783 κεφαλὴν,
2648 2712 2833 2784 ὥσπερ
2877 2730 2928 2766 τι
2965 2714 3234 2785 βραϐεῖον,
3271 2718 3328 2769 ὲν
3360 2720 3483 2769 ταῖν
3538 2721 3715 2789 χεροῖν
3744 2722 3771 2771 ὁ

2214 2803 2420 2872 μάρτυς
2452 2802 2758 2873 δεξάμενος,
2813 2804 2896 2873 ἐφ’
2932 2806 3111 2857 ίκανὸν
3144 2808 3306 2859 τόπον
3354 2807 3565 2859 δίεισιν.
3608 2809 3765 2874 Ἐφε-

2211 2910 2302 2964 ρεν
2334 2889 2423 2946 οὖν
2455 2896 2551 2964 τὴν
2585 2894 2841 2964 κεφαλὴν,
2877 2895 3122 2965 καθάπερ
3153 2913 3206 2947 τι
3237 2900 3519 2966 τρόπαιον,
3546 2896 3636 2947 ἐπὶ
3666 2896 3771 2948 τῶν

2208 2985 2403 3057 χειρῶν
2433 2985 2616 3046 αὐτὸς,
2641 2985 2743 3036 ὑπὸ
2776 2985 2924 3047 θείας
2959 2986 3170 3047 πάντως
3204 2987 3499 3057 φερόμενος
3533 2989 3769 3059 χάριτος,

2210 3074 2302 3127 καὶ
2335 3074 2394 3131 ού
2432 3074 2692 3145 πρότερον
2744 3075 2932 3146 ἀνῆκε,
2986 3076 3115 3146 πρὶν
3151 3077 3239 3129 ὅτε
3270 3077 3334 3148 δὴ
3382 3080 3603 3145 γυναικὶ
3638 3081 3771 3133 κατὰ

2144 3138 2357 3217 Οθείαν
2390 3138 2612 3228 πάντως.
2636 3138 2968 3235 συνενεχθεὶς
3015 3138 3269 3236 πρόνοιαν
3322 3138 3549 3235 ’ἐκείνης
3604 3168 3772 3223 παλα-

2212 3270 2358 3321 μαις,
2393 3249 2478 3306 οἷά
2537 3271 2657 3305 τινα
2719 3255 3021 3325 θησαυρὸν,
3057 3256 3365 3310 ἐναπέθετο.
3405 3258 3659 3311 Ἔχειντο
3718 3259 3773 3312 δὲ

2209 3344 2550 3414 ἀμελούμενα
2581 3344 2647 3397 τι
2679 3344 2786 3398 τῶν
2822 3347 2988 3414 ἁγίων
3026 3346 3316 3419 μαρτύρων
3348 3349 3508 3417 τίμια
3530 3350 3772 3420 σώματα

2209 3433 2369 3508 θηρσὶ
2404 3436 2536 3509 βορὰ
2571 3437 2662 3491 καὶ
2685 3437 2889 3509 ὀρνέοις
2940 3436 3290 3510 προκείμενα,
3330 3438 3465 3509 μηδὲ
3492 3440 3591 3511 τῆς
3626 3458 3769 3494 νενο-

2211 3525 2476 3594 μισμένης
2507 3525 2735 3595 λαχόντα
2766 3526 2962 3596 ταφῆς.

2280 3616 2341 3666 Οἱ
2377 3616 2557 3685 μέντοι
2599 3617 2779 3686 δήμιοι
2842 3618 2959 3670 οὐδὲ
3010 3619 3169 3688 μέχρι
3230 3616 3422 3670 τούτου
3470 3617 3575 3688 τῆς
3608 3616 3773 3689 ὀργῆς

2208 3705 2456 3777 ἔστησαν·
2493 3706 2623 3761 ἀλλά
2654 3708 2745 3761 καὶ
2776 3711 2885 3771 τοῖς
2935 3707 3200 3777 λειψάνοις
3246 3710 3426 3771 αὐτοῖς
3458 3710 3774 3779 ἐπιμαίνον-

2207 3816 2316 3863 ται,
2354 3799 2594 3871 θαλάσσῃ
2622 3799 2802 3853 δοῦναι
2837 3800 2926 3852 καὶ
2964 3799 3107 3870 βυθῷ
3161 3798 3637 3871 προθυμούμενοι,
3700 3802 3772 3865 ὡς

2208 3886 2273 3940 ἂν
2311 3888 2383 3957 μὴ
2414 3888 2512 3950 τὰς
2547 3888 2732 3949 αὑτὰς,
2770 3889 2859 3939 καὶ
2911 3889 3093 3958 ἄψυχα
3126 3887 3276 3949 ὄντα,
3328 3886 3772 3961 θαυματουργίας

2211 3978 2565 4042 ἐνδείξαιντο,
2633 3976 2920 4030 κάντεῦθεν
2964 3977 3155 4039 ἕλξωσι
3186 3978 3311 4039 τοὺς
3364 3979 3591 4042 πολλοὺς
3642 3980 3774 4051 πρὸς

2210 4067 2519 4135 ἐπίγνωσιν.
2566 4066 2628 4119 Ὃ
2674 4065 2755 4135 δὴ,
2793 4065 2867 4127 ὼς
2901 4065 3097 4127 αὐτοῖς
3131 4063 3293 4127 εδοξε,
3349 4065 3574 4132 γέγονεν
3607 4067 3693 4127 ἂν,
3727 4069 3773 4117 εξ

2214 4158 2287 4224 μὴ
2319 4159 2385 4225 τῇ
2424 4158 2631 4225 πονηρᾷ
2663 4156 2837 4224 ταύτῃ
2873 4156 3039 4227 πέρας
3074 4154 3428 4225 ἐπενεχθῆναι
3478 4154 3640 4224 βουλῇ
3674 4156 3775 4207 διε-

2212 4244 2449 4297 κώλυσεν
2480 4247 2507 4295 ὁ
2540 4245 2686 4306 Θεός.
2725 4245 3023 4313 Αἰσοομὲνη
3077 4245 3182 4316 γὰρ
3213 4244 3305 4296 τοῦ
3342 4244 3709 4315 βουλεύματος
3741 4247 3774 4315 ἡ

2210 4338 2309 4408 τὴν
2340 4337 2524 4406 τιμίαν
2551 4336 2628 4407 τῷ
2660 4335 2775 4405 θεῷ
2828 4335 3063 4406 κεφαλὴν
3108 4336 3372 4407 δεξαμένη
3426 4336 3623 4406 (ὄνομα
3667 4340 3776 4391 Κα-

2210 4431 2372 4484 τούλα
2402 4433 2468 4501 τῇ
2502 4430 2738 4501 γυναικί)
2774 4429 3043 4483 κοινοῦταί
3093 4446 3213 4482 τινα
3244 4433 3357 4491 τοῖς
3391 4432 3607 4493 πιστοῖς
3639 4430 3774 4496 γνώ-

2216 4539 2319 4592 μην
2350 4522 2423 4584 ὠς
2456 4520 2687 4590 ἀρεστὴν
2746 4519 2825 4589 τῷ
2880 4519 2997 4590 Θεῷ
3060 4520 3151 4572 καὶ
3186 4519 3500 4572 ἀπόδεκτον·
3550 4522 3644 4572 καὶ
3678 4537 3775 4572 πο-

2211 4613 2402 4682 λυτελῆ
2436 4612 2780 4683 παραθεμένη
2814 4612 2911 4682 τὴν
2943 4609 3239 4679 τράπεζαν,
3273 4611 3353 4673 είς
3383 4611 3621 4681 εὐωχίαν
3654 4612 3774 4673 τοὺς

2211 4703 2431 4773 δημίους
2493 4703 2816 4774 παρέλαὸεν.
2885 4704 2970 4756 Ἑν
3002 4705 3111 4773 ὅσῳ
3171 4703 3226 4756 δὲ
3289 4699 3430 4757 οὗτοι
3497 4704 3775 4756 εἱστιῶντο

2214 4795 2363 4866 παρὰ
2395 4799 2460 4866 τῇ
2495 4796 2743 4864 γυναικὶ,
2807 4794 2914 4850 τῶν
2946 4798 3151 4850 πιστῶν
3201 4813 3346 4858 τινες
3376 4794 3445 4848 τὰ
3479 4796 3639 4865 τίμια
3669 4794 3776 4848 τῶν

2217 4887 2503 4958 μαρτύρων
2537 4886 2970 4957 ὑπολαμϐάνουσι
3000 4888 3225 4956 λείψανα
3261 4888 3353 4940 καὶ
3385 4889 3441 4939 ὲν
3460 4880 3555 4955 ’τῷ
3583 4886 3776 4955 ἀφανεῖ

2214 4980 2607 5035 κατατίθενται.
2644 4976 2791 5045 Εἶτα,
2825 4981 2922 5051 τῆς
2955 4980 3185 5050 εὐωχίας
3216 4978 3557 5046 διαλυθείσης
3582 5018 3597 5043 ,
3663 4980 3774 5040 τοῖς

2214 5072 2422 5141 δημίοις
2454 5073 2515 5125 τὸ
2547 5073 2775 5143 πρᾶγμα
2825 5071 3136 5141 φωράσασιν
3168 5071 3260 5123 ἐπὶ
3295 5069 3435 5140 μέγα
3469 5070 3565 5123 καὶ
3611 5068 3773 5143 ’πάλιν

2215 5165 2509 5217 ἀνεκινεῖτο
2539 5162 2606 5216 τὰ
2638 5162 2730 5216 τοῦ
2764 5162 2933 5232 θυμοῦ
2972 5162 3062 5215 καὶ
3094 5161 3512 5231 διεθερμαίνετο’
3550 5161 3686 5214 ἀλλὰ
3712 5159 3773 5212 τὸ

2216 5254 2313 5323 τῆς
2345 5255 2509 5325 ὀργῆς
2542 5253 2659 5317 ζέον
2698 5253 2766 5305 τὰ
2798 5252 2944 5324 δῶρα
2976 5250 3262 5319 κατέψυξε,
3299 5249 3390 5302 καὶ
3419 5249 3480 5303 τὸ
3514 5250 3649 5303 πολὺ
3680 5249 3770 5302 τοῦ

2216 5344 2384 5413 θυμοῦ
2416 5347 2684 5414 χρήμασιν
2717 5344 2749 5413 ἡ
2783 5342 2916 5411 γυνὴ
2952 5340 3231 5411 παραλύει.
3284 5339 3565 5393 Κὰκείνων
3612 5340 3771 5393 ἁπαλ-

2218 5436 2503 5501 λαγέντων,
2540 5434 2595 5487 ἐν
2624 5452 2727 5487 τινι
2759 5434 2826 5487 τὰ
2877 5433 2983 5485 τῶν
3019 5433 3309 5504 μαρτύρων
3353 5432 3578 5500 λείψανα
3612 5437 3643 5503 η
3681 5451 3771 5503 μα·

2219 5524 2379 5595 καρία
2414 5523 2661 5576 Κατούλα
2716 5523 2986 5591 δομήματι
3041 5516 3379 5591 κατατίθησι,
3434 5521 3626 5593 τρίτην
3675 5523 3767 5574 τοῦ
