3968 6472
148 416 281 480 1049

1381 404 1551 465 VlTA
1597 401 1658 462 S.
1698 396 2007 459 ANDRON
2021 395 2138 455 [ΕΙ.

3242 382 3377 444 1050

136 521 440 592 ὀκτωσρῐου
492 518 661 591 μηνὸς
710 517 953 583 ἄγοντος.
1008 514 1132 567 Τῶν
1178 512 1234 565 δὲ
1284 511 1580 581 θαυμάτων
1621 505 1708 562 οἷά
1738 520 1772 571 Α

1864 516 1912 570 t,
1963 515 2019 558 et
2066 498 2454 556 convenientes
2494 496 2774 551 christiani
2824 493 3079 563 templum
3125 492 3376 562 gloriosis

137 632 282 678 τινος
334 614 517 681 πηγῆς
555 610 693 678 ὁμοῦ
746 608 978 676 nation;
1020 607 1113 661 καὶ
1162 604 1413 674 ἥδιστον,
1455 602 1704 671 ἀφθόνως

144 706 563 777 προχεομένων,
621 703 682 756 οὒ
742 700 875 753 πολὺ
925 698 988 751 τὸ
1034 700 1094 751 ὲν
1159 697 1309 766 μέσῳ
1360 694 1707 757 συνελθόντες

142 796 464 868 Χριστιανοὶ
502 796 628 848 ναὸν
665 795 777 856 τοῖς
816 791 1143 868 mitissime;
1193 788 1536 857 ἁνεγείρουσι
1559 826 1573 847 ,
1615 785 1710 838 καὶ

142 889 215 942 τὰ
251 889 411 958 τίμια
444 888 651 941 τούτων
685 887 743 938 ἐν
780 882 928 951 αὑτῷ
967 880 1292 935 ἀποτιοέασι
1341 877 1601 945 λείψανα·
1631 876 1713 935 εἰς

1809 599 2047 654 excitant
2080 594 2396 652 victOrihus,
2452 602 2503 644 et
2532 589 2583 641 in
2616 587 2731 657 ipso
2760 600 2945 640 eorum
2990 585 3258 653 pretiosas
3284 585 3377 636 de-

1814 699 2018 760 p0uunt
2046 686 2298 755 reliquias
2322 701 2337 739 :
2366 684 2429 737 ad
2453 681 2677 753 gloriam
2718 679 2810 733 Dei
2849 676 3049 740 Patris,
3079 687 3134 730 et
3163 675 3374 729 Domini

1818 780 1987 836 nostri
2015 778 2139 833 Jesu
2167 776 2365 831 Christi
2396 792 2410 827 :
2446 788 2606 843 quem
2642 772 2796 825 decet
2823 770 2999 823 honor
3032 778 3085 821 et
3113 767 3379 829 adoratio,

1819 887 1959 927 nunc
1985 881 2038 924 et
2063 884 2299 937 semper,
2328 876 2381 921 et
2416 868 2465 919 in
2498 866 2695 920 saecula
2727 862 3074 917 saeculorum.
3101 860 3291 913 Amen.

144 954 323 1048 δόξαν*
348 984 484 1037 Θεοῦ
526 982 776 1050 Πατρδς,
837 981 935 1031 καὶ
990 978 1196 1047 Κυρίου
1230 974 1389 1044 ἡμῶν
1441 971 1622 1043 Ἰησοῦ·
1666 966 1948 1039 Χριστοῦ,
2010 960 2055 1034 ᾧ
2093 968 2292 1037 πρέπει
2348 963 2484 1035 τιμὴ
2541 965 2634 1017 καὶ
2698 958 3072 1030 προσκύνησις
3122 956 3199 1020 εις
3254 954 3385 1017 τοὺς

147 1077 373 1140 αἰῶνας.
424 1078 615 1146 Ἀμήν.

159 1201 3359 1261 W

1080 1219 3233 1251 π

815 1396 1275 1554 VlTA
1372 1398 1529 1551 S.
1692 1391 2738 1547 ANDBONICI

1075 1687 1245 1795 ET
1323 1682 1660 1798 EJUS
1746 1677 2473 1793 CONJUGIS.

160 1911 329 1975 (Apud
369 1910 566 1961 Surium
620 1906 680 1955 ad
717 1905 849 1954 diem
888 1904 947 1954 27
986 1904 1278 1975 februarili
1307 1901 1477 1975 Drance
1501 1893 2794 1975 non-eastat‘iu'mss._Raris.;“socllLDoll\andianl
2836 1892 2993 1943 Vitam
3052 1893 3101 1942 S.
3135 1889 3397 1941 Andronici

982 1939 2610 2019 ego";LItaa'aem'teai'a:assensioneuetabas)

235 2300 278 2355 1.
322 2298 381 2352 in
412 2297 602 2351 diebus
641 2293 932 2349 Theodosii
986 2290 1160 2363 Magni
1209 2292 1571 2363 imperatoris,
1621 2303 1737 2349 erat
1763 2300 1812 2358 Α
1840 2310 2013 2365 usque
2033 2294 2101 2350 ad
2133 2294 2320 2347 horam
2353 2299 2604 2353 sextam:
2647 2300 2703 2346 et
2744 2304 3023 2352 reversus,
3058 2290 3209 2344 audit
3236 2289 3404 2363 ejula-

166 2391 221 2445 in
252 2402 446 2459 magna
500 2386 632 2439 urbe
682 2383 968 2439 Antiochia
1017 2383 1235 2451 juvenis
1283 2383 1499 2453 quidam
1542 2401 1735 2455 argen-

169 2479 364 2544 tarius,
392 2476 610 2531 nomine
640 2472 1019 2529 Andronicus.
1042 2473 1266 2541 Accepit
1304 2485 1484 2529 autem
1514 2491 1735 2529 uxorem

170 2570 336 2625 filiam
366 2567 677 2640 argentarii,
722 2564 943 2620 nomine
991 2562 1240 2618 Joannis.
1288 2565 1419 2620 Erat
1456 2581 1582 2619 vero
1621 2566 1740 2635 ejus

170 2676 375 2717 nomen
412 2659 727 2715 Athanasia.
764 2659 888 2711 Erat
923 2657 1281 2712 enimrevera
1324 2657 1641 2718 Athanasia.
1688 2659 1739 2712 id

171 2761 276 2821 est,
308 2750 724 2815 immortalis,et
748 2749 925 2813 factis,
944 2757 999 2803 et
1025 2748 1371 2818 cogitatione.
1404 2750 1533 2803 Erat
1561 2760 1741 2805 autem

173 2842 520 2898 Andronicus
549 2839 704 2894 valde
752 2840 893 2909 pius,
946 2847 1000 2892 et
1041 2840 1234 2908 plenus
1269 2838 1428 2894 bonis
1468 2840 1741 2909 operibus.

175 2935 441 2991 Similiter
496 2947 624 2987 vero
676 2931 797 3002 ejus
851 2946 1069 3002 quoque
1129 2946 1309 2984 uxor:
1368 2941 1527 2985 erant
1564 2941 1755 3007 autem

174 3026 331 3082 valde
363 3024 575 3080 divites.
611 3021 701 3078 Sic
728 3037 859 3078 vero
893 3023 1053 3077 vitam
1095 3037 1246 3076 suam
1284 3020 1515 3093 agebant
1554 3036 1748 3091 argen-

175 3118 391 3183 tariam,
414 3127 469 3172 et
494 3116 778 3171 facultates
813 3130 938 3169 suas
964 3115 1267 3170 diviserunt
1297 3117 1351 3168 in
1391 3124 1500 3169 tres
1531 3124 1745 3182 partes:

176 3225 341 3266 unam
375 3208 593 3279 quidem
636 3208 692 3261 in
728 3206 997 3261 ratio’nem
1037 3221 1361 3275 pauperum,
1392 3215 1449 3259 et
1479 3207 1637 3259 aliam
1693 3206 1749 3260 in

177 3302 449 3357 rationem
473 3297 885 3361 monachorum,
918 3304 973 3351 et
993 3295 1152 3350 aliam
1193 3294 1249 3350 in
1282 3297 1545 3350 rationem
1579 3296 1752 3350 facul-

179 3402 352 3451 tatum
382 3401 439 3447 et
468 3389 717 3447 ofﬁcina.
764 3386 1032 3444 Universa
1076 3398 1255 3443 autem
1295 3388 1487 3444 civitas
1536 3388 1755 3443 amabat

178 3484 463 3541 dominum
490 3482 861 3538 Andronicum
896 3488 1117 3551 propter
1151 3481 1269 3549 ejus
1299 3480 1643 3535 modestiam.

247 3576 318 3633 11.
358 3574 627 3648 Cognovit
657 3582 839 3629 autem
876 3588 1031 3628 suam
1067 3570 1328 3640 uxorem;
1360 3582 1416 3627 et
1451 3588 1573 3627 cum
1620 3587 1752 3627 con-

180 3668 457 3741 cepisset,
513 3666 726 3735 peperit
777 3664 983 3731 illium,
1046 3673 1100 3720 et
1151 3665 1573 3719 nominaverunt
1629 3679 1752 3719 eum

180 3759 468 3815 Joannem.
498 3755 633 3812 Cum
685 3772 816 3812 vero
863 3757 1041 3812 adhuc
1089 3754 1143 3807 in
1180 3763 1333 3807 utero
1387 3753 1752 3822 concepisset,

184 3848 395 3921 peperit
428 3847 611 3913 tiliam,
663 3856 717 3903 et
762 3845 1064 3902 nominavit
1107 3859 1225 3898 eam
1281 3841 1525 3907 Mariam,
1579 3857 1756 3912 neque

184 3938 420 4008 amplius
456 3935 915 4008 apprOpinquavit
966 3932 1119 3987 uxori
1149 3933 1514 3987 Andronicus.
1556 3933 1757 3986 Confe-

186 4032 339 4086 rebat
369 4037 548 4082 autem
580 4042 737 4081 suum
773 4024 1008 4080 studium
1034 4025 1098 4080 ad
1124 4025 1411 4095 diligenter
1434 4035 1486 4078 et
1510 4024 1758 4078 lubenter

184 4114 569 4182 laborandum,
598 4133 721 4173 cum
756 4116 876 4170 aliis
911 4116 1109 4171 Christi
1159 4115 1464 4171 sonantibus
1508 4125 1759 4185 argenta-

189 4214 306 4266 riis.
365 4210 647 4265 Dominico
701 4217 756 4262 et
803 4208 890 4263 die
943 4208 1184 4263 secundo
1239 4215 1294 4260 et
1341 4216 1538 4275 quarto
1597 4215 1649 4259 et
1704 4207 1757 4258 in

189 4304 519 4367 Parasceve,
575 4317 604 4355 a
646 4316 869 4371 vespera
923 4315 1090 4369 usque
1155 4301 1220 4353 ad
1274 4300 1594 4353 matutinum
1648 4296 1762 4349 ibat

186 4395 534 4449 Andronicus
564 4386 628 4447 ad
668 4394 925 4447 lavandos
970 4394 1113 4445 viros
1154 4406 1285 4445 suos
1335 4390 1553 4445 lrarres.
1601 4390 1759 4443 Simi-

189 4485 317 4539 liter
370 4493 551 4537 autem
608 4484 727 4553 ejus
777 4494 993 4549 quoque
1040 4497 1175 4535 uxor
1221 4480 1289 4534 ad
1329 4479 1586 4533 lavandas
1634 4481 1752 4533 dili-

190 4584 385 4648 genter
443 4575 719 4630 mulieres.
792 4572 921 4628 Post
982 4582 1196 4643 tempus
1270 4588 1399 4627 vero
1472 4571 1760 4626 duodecim

190 4680 485 4728 annorum,
528 4667 771 4736 ingressa
818 4673 900 4721 est
946 4666 1179 4735 quodam
1212 4664 1300 4719 die
1345 4677 1501 4719 mane
1544 4664 1761 4719 domina

192 4756 488 4811 Athanasia
516 4772 546 4810 a
576 4756 877 4811 voluntario
912 4756 1002 4809 illo
1030 4756 1213 4810 labore
1249 4756 1313 4809 ad
1348 4756 1606 4809 videndos
1636 4770 1761 4808 suos

194 4847 356 4911 filios,
390 4854 445 4900 et
469 4845 676 4899 invenit
706 4858 799 4898 eos
822 4843 1178 4912 suspirantes.
1209 4843 1297 4898 Illa
1325 4852 1504 4897 autent
1542 4854 1766 4898 contur-

194 4940 324 4995 bata
389 4937 636 4991 ascendit
666 4937 722 4989 in
770 4936 968 4990 lectum
1021 4949 1205 5001 suum,
1250 4944 1305 4988 et
1350 4936 1527 5003 posuit
1577 4937 1764 4991 ambos

195 5043 363 5101 supra
406 5037 594 5099 pectus
637 5042 818 5081 suum.
870 5028 1068 5081 Beatus
1121 5041 1249 5080 vero
1290 5026 1633 5081 Andronicus
1682 5028 1767 5080 in-

129 5116 133 5120 ’
198 5134 449 5194 gressus,
503 5118 672 5188 ccepit
724 5118 957 5173 clamare
1009 5120 1062 5171 in
1113 5132 1333 5171 uxorem
1374 5134 1568 5184 suam,
1622 5118 1767 5187 quod

198 5213 431 5268 multum
473 5212 757 5267 dormiret.
807 5209 899 5264 llla
945 5222 1126 5265 autem
1183 5211 1364 5265 dixit:
1416 5208 1533 5264 Noli
1584 5211 1767 5277 irasci,

198 5306 420 5361 domine
450 5306 545 5368 mi,
596 5303 747 5373 pueri
793 5303 939 5357 enim
989 5313 1115 5357 sunt
1163 5302 1376 5359 infirma
1413 5303 1768 5357 valetudine:

199 5407 257 5453 et
300 5411 424 5451 cum
469 5398 756 5467 tetigisset,
814 5396 1021 5448 invenit
1069 5410 1163 5449 eos
1200 5395 1370 5449 teneri
1421 5412 1451 5448 a
1502 5396 1671 5457 febre,
1716 5402 1771 5449 et

198 5484 335 5539 dicit
373 5484 655 5555 suspirans
688 5500 703 5537 :
742 5482 859 5538 Fiat
901 5485 1155 5539 voluntas
1200 5486 1291 5539 Dei
1327 5502 1339 5537 :
1379 5495 1433 5539 et
1467 5485 1567 5539 ivit
1612 5496 1767 5539 extra

198 5576 498 5639 civitatem,
529 5576 596 5631 ad
647 5577 978 5645 precandum
1027 5586 1279 5631 sanctum
1321 5575 1614 5631 Juliannm.
1656 5578 1771 5632 Illic

199 5668 345 5724 enim
398 5670 651 5738 [aeebant
710 5670 830 5738 ejus
886 5678 1159 5739 parentes.
1221 5667 1346 5722 Fuit
1409 5678 1588 5724 autem
1660 5668 1768 5724 illic

270 5810 289 5842 ⁸
318 5807 422 5864 Job
456 5824 493 5871 I,
527 5805 619 5860 2|.

1840 2396 1951 2440 tum
1998 2394 2050 2441 et
2096 2384 2407 2447 tumultum,
2460 2384 2551 2451 qui
2586 2381 2752 2436 ﬁebat
2793 2380 2935 2434 domi
2973 2395 3104 2433 suae.
3150 2380 3240 2435 Ille
3279 2397 3407 2435 vero

1839 2478 2191 2532 conturbatus
2228 2475 2490 2535 cucurrit,
2520 2483 2574 2527 et
2617 2474 2821 2526 invenit
2861 2487 3077 2526 omnem
3130 2472 3243 2526 fere
3278 2475 3410 2528 civi-

1841 2576 2006 2623 tatem
2036 2568 2180 2622 domi
2206 2583 2317 2621 suae
2344 2577 2398 2621 et
2431 2582 2629 2637 pueros
2656 2576 2917 2621 mortuos.

1911 2658 2001 2713 lll.
2063 2658 2307 2728 Cumque
2373 2659 2600 2713 vidisset
2654 2658 2889 2712 infantes
2946 2658 2999 2711 in
3051 2660 3191 2714 lecto
3250 2657 3414 2713 simul

1839 2751 2103 2822 jacentes,
2140 2750 2416 2821 ingressus
2449 2751 2499 2803 in
2536 2766 2692 2804 suum
2725 2750 3019 2802 oratorium
3042 2792 3057 2810 .
3090 2765 3149 2804 se
3190 2748 3416 2818 projecit

1844 2852 1971 2898 ante
2012 2842 2380 2907 Servatorem,
2413 2848 2466 2894 et
2500 2840 2634 2895 ﬂens
2676 2839 2849 2894 dixit‘
2882 2857 2895 2893 :
2942 2859 2959 2891 ι
2997 2839 3117 2909 Ipse
3167 2853 3417 2912 egressus

1847 2952 1965 2989 sum
2008 2933 2185 2987 nudus
2219 2949 2281 2987 ex
2338 2943 2490 2987 utero
2536 2932 2726 2986 matris
2772 2946 2925 2997 mese,
2973 2932 3153 2986 nudus
3204 2948 3419 3001 quoque

1848 3028 1974 3081 illuc
2006 3029 2266 3080 revertar.
2317 3026 2579 3080 Dominus
2614 3025 2785 3088 dedit,
2838 3025 3102 3079 Dominus
3152 3026 3417 3080 abstulit:

1849 3121 1990 3175 sicut
2040 3117 2269 3172 Domino
2302 3118 2481 3171 visum
2530 3125 2635 3183 est,
2685 3118 2756 3170 ita
2808 3116 2921 3171 ﬂat.
2960 3117 3042 3170 Sit
3083 3133 3278 3171 nomen
3322 3116 3424 3171 Do-

1851 3211 1985 3266 mini
2015 3209 2361 3265 benedictum
2427 3223 2492 3263 ex
2534 3208 2637 3263 hoc
2668 3222 2816 3262 nunc
2855 3216 2908 3262 et
2947 3222 3117 3277 usque
3171 3208 3223 3260 in
3256 3223 3425 3262 saecu-

1853 3303 1988 3355 lum.
2036 3319 2055 3352 ι
2094 3298 2244 3354 Uxor
2300 3309 2485 3354 autem
2529 3302 2647 3370 ejus
2683 3300 2957 3369 qumrebat
3015 3314 3075 3355 se
3136 3298 3421 3363 suﬂocare,

1853 3395 2082 3449 dicens:
2141 3391 2341 3447 Moriar
2382 3408 2506 3445 cum
2565 3394 2700 3446 meis
2754 3391 2900 3444 ﬁliis.
2971 3390 3236 3446 Convenit
3296 3409 3425 3446 vero

1857 3488 2110 3542 universa
2138 3486 2328 3540 civitas
2359 3484 2424 3539 ad
2456 3483 2767 3539 ellerendos
2801 3498 3021 3554 pueros,
3050 3484 3186 3539 adeo
3217 3494 3275 3538 ut
3316 3484 3427 3539 illic

1858 3588 2001 3633 esset
2061 3577 2365 3646 patriarcha
2417 3588 2539 3629 cum
2600 3586 2711 3629 toto
2764 3575 2913 3629 clero
2963 3590 3082 3641 suo.
3140 3575 3244 3629 Eos
3299 3591 3426 3631 vero

1858 3664 2230 3733 deposuerunt
2272 3664 2324 3716 in
2357 3662 2613 3732 martyrio
2649 3662 2818 3715 sancti
2851 3661 3046 3716 Juliani
3088 3679 3252 3732 supra
3296 3680 3428 3719 avos

1858 3771 2006 3810 suos.
2037 3756 2322 3824 Accipiens
2346 3764 2523 3812 autem
2553 3755 2769 3808 beatum
2813 3755 3179 3809 Andronicum
3217 3757 3428 3824 episco-

1860 3862 1980 3917 pus.
2019 3847 2292 3917 ingressus
2322 3855 2404 3900 est
2434 3845 2487 3899 in
2520 3845 2663 3899 aedes
2709 3846 2847 3914 ejus.
2887 3845 3033 3899 Illius
3076 3856 3254 3900 autem
3294 3863 3430 3901 uxor

1859 3940 2034 3994 noluit
2086 3938 2234 3993 abire
2297 3939 2351 3991 in
2404 3938 2625 3992 domum
2684 3952 2873 4001 suam,
2939 3938 3033 3992 sed
3095 3938 3317 3993 dormiit
3376 3940 3428 3991 in

1860 4032 2135 4101 martyrio.
2172 4028 2343 4083 Media
2394 4045 2519 4083 vero
2574 4040 2735 4083 nocte
2783 4041 3005 4099 apparet
3050 4031 3097 4085 ei
3144 4042 3344 4102 martyr
3376 4030 3427 4084 in

1863 4122 2049 4177 habitu
2085 4121 2360 4187 monachi,
2396 4121 2584 4174 dicens
2618 4120 2664 4173 ei
2697 4119 2841 4174 :Cur
2877 4137 2982 4173 non
3018 4121 3150 4175 sinis
3190 4136 3305 4181 eos.
3336 4124 3429 4191 qui

1864 4215 1951 4267 hic
1990 4224 2137 4278 sunt,
2190 4212 2567 4281 requiescere?
2620 4211 2714 4265 llla
2756 4220 2938 4265 autem
2982 4211 3157 4265 dixit:
3206 4212 3433 4267 Domine

1863 4305 1956 4366 mi,
2013 4320 2077 4357 ne
2130 4302 2260 4357 mihi
2319 4304 2593 4366 irascaris,
2654 4318 2777 4356 nam
2836 4318 2952 4356 sum
3006 4303 3161 4358 valde
3213 4303 3433 4357 alllicta.

1866 4395 2135 4449 Habebam
2167 4404 2347 4447 autem
2386 4394 2521 4447 duos
2552 4393 2696 4446 solos
2730 4392 2895 4456 ﬁlios,
2937 4403 2991 4446 et
3042 4391 3201 4447 hodie
3246 4394 3435 4447 ambos

1863 4484 2021 4538 simul
2054 4485 2240 4537 extuli.
2276 4484 2367 4536 ille
2405 4498 2529 4535 vero
2554 4483 2721 4537 dicit:
2756 4481 2898 4548 Quot
2924 4498 3096 4537 annos
3141 4483 3247 4535 nati
3282 4498 3438 4538 erant

1866 4573 1940 4627 tui
1979 4573 2170 4642 pueri?
2201 4573 2291 4627 Illa
2338 4587 2464 4627 vero
2510 4572 2641 4627 dicit
2675 4572 2725 4627 ei
2760 4590 2772 4624 :
2808 4572 2961 4628 Unus
2990 4582 3105 4626 erat
3149 4572 3433 4627 duodecim

1864 4682 2037 4722 annos
2075 4677 2254 4731 natus,
2314 4667 2455 4719 alter
2506 4680 2634 4717 vero
2670 4664 2879 4717 decem.
2937 4663 3030 4717 llle
3074 4673 3256 4718 autem
3308 4664 3441 4720 dicit

1868 4760 1919 4815 ei
1954 4758 2099 4815 :Cur
2133 4758 2295 4828 igitur
2340 4758 2459 4811 illos
2490 4754 2692 4811 defles?
2724 4756 2941 4811 Utinam
2965 4754 3195 4810 deﬂeres
3219 4765 3439 4831 peccata

1870 4862 1977 4907 tua.
2014 4852 2142 4906 Dico
2172 4851 2316 4905 enim
2353 4851 2469 4915 tibi,
2505 4851 2717 4911 mulier.
2751 4850 2893 4918 quod
2937 4850 3210 4918 quomodo
3246 4857 3440 4903 natura

1792 4973 1837 5033 ε
1870 4944 2105 4999 hominis
2134 4943 2299 5013 exigit
2341 4942 2543 5005 cibum,
2587 4951 2642 4994 et
2686 4940 2801 4995 fieri
2834 4955 2943 4995 non
2995 4947 3196 5010 potest,
3234 4948 3292 4993 ut
3328 4954 3437 4992 non

1869 5037 2027 5091 detur
2050 5034 2116 5089 ad
2150 5033 2567 5096 comedendum,
2617 5034 2689 5085 ita
2720 5033 2883 5087 etiam
2925 5032 3078 5101 pueri
3124 5034 3177 5084 in
3225 5032 3313 5085 illo
3352 5032 3441 5087 die

1872 5134 2105 5196 poscunt
2153 5140 2183 5177 a
2233 5124 2453 5178 Christo
2502 5124 2644 5178 bona
2695 5123 2897 5185 futura,
2953 5123 3245 5178 dicentes:
3290 5121 3443 5177 Juste

1871 5217 2065 5279 Judcx,
2110 5217 2332 5286 privasti
2360 5230 2459 5269 nos
2503 5215 2664 5269 rebus
2715 5214 2969 5279 terrenis,
3015 5229 3085 5268 ne
3128 5229 3226 5267 nos
3276 5213 3440 5266 etiam

1874 5309 2054 5379 prives
2094 5308 2427 5363 coelestibus.
2467 5307 2560 5361 llla
2600 5316 2780 5361 autem
2820 5321 2943 5359 cum
3001 5304 3319 5367 audivisset,
3362 5316 3446 5359 est

1878 5412 2221 5470 compuncta,
2254 5409 2307 5455 et
2338 5402 2565 5455 mutavit
2592 5400 2793 5454 luctum
2823 5399 2874 5452 in
2906 5399 3185 5468 gaudium,
3222 5399 3444 5452 dicens:

1879 5492 1931 5547 Si
1958 5509 2085 5564 ergo
2120 5493 2303 5546 vivunt
2329 5492 2423 5549 ﬁlii
2448 5494 2553 5548 mei
2590 5493 2641 5545 in
2672 5491 2836 5553 cmlo,
2869 5492 2998 5559 quid
3044 5490 3184 5545 ﬂeo?
3211 5501 3262 5545 et
3311 5504 3445 5542 con-

1878 5597 2057 5647 versa,
2108 5585 2321 5651 quaesiit
2366 5584 2611 5638 abbatem
2666 5582 2756 5653 qui
2803 5585 2850 5637 ei
2895 5583 3073 5637 fuerat
3121 5583 3353 5642 locutus,
3396 5590 3450 5634 et

1878 5686 1998 5725 cum
2039 5681 2205 5727 totum
2242 5673 2416 5728 locum
2446 5672 2688 5738 obiisset,
2720 5687 2828 5727 non
2858 5673 3079 5727 invenit.
3113 5672 3176 5725 Et
3200 5670 3445 5725 sciscita-
