3968 6456
539 376 671 441 1051

1820 379 1870 436 Μ
1887 376 2051 435 ΕΝΞοΙ
2065 376 2104 433 S
2142 372 2497 433 OCTOBER.

3650 377 3781 438 1052

538 497 626 547 tu:
677 509 707 544 a
759 490 1018 559 janitore,
1078 488 1310 543 dicens:
1362 489 1462 544 Ubi
1500 500 1583 543 est
1629 489 1818 549 abbas,
1879 485 1967 554 qui
2031 494 2115 537 est
2144 493 2186 546 Α
2219 485 2447 537 invicem
2490 484 2813 537 salutassent
2860 491 2915 535 et
2954 483 3221 551 complexi
3266 484 3516 547 fuissent,
3568 485 3782 541 fuerunt

535 584 695 639 modo
728 584 834 635 huc
858 581 1165 651 ingressus?
1194 581 1330 634 Dicit
1359 582 1406 632 ei
1446 580 1644 645 janitor
1672 596 1687 633 :
1721 578 1878 632 Vides
1913 592 2103 629 omnes

530 676 724 741 januas
749 674 1048 732 obseratas,
1080 680 1133 723 et
1167 671 1304 723 dicis
1334 690 1345 724 :
1377 669 1474 722 Ubi
1516 668 1781 721 estabbas
1817 668 1905 735 qui
1944 665 2104 717 modo

530 777 615 821 est
648 768 754 819 huc
784 764 1097 832 ingressus?
1132 762 1260 813 Eam
1310 773 1487 813 autem
1542 761 1737 813 erudiit
1786 773 2112 827 paramona—

536 861 669 920 rius,
703 866 760 909 tit
803 857 891 924 qui
948 855 1200 908 scivisset
1242 870 1358 905 eam
1417 854 1613 905 vidiSSe
1674 853 1960 903 visionem.
2014 848 2104 901 IIIa

534 965 687 1012 vero,
726 958 869 1000 metu
908 956 1179 1012 Correpta,
1234 946 1438 1011 rogavit
1479 954 1536 995 ut
1566 943 1740 994 abiret
1788 942 1838 992 in
1882 940 2102 992 domum

534 1057 712 1095 suam.
742 1043 866 1091 Eam
914 1054 1040 1090 vero
1078 1037 1288 1103 acCepit
1326 1038 1555 1107 janitor.
1603 1046 1657 1087 et
1704 1034 2004 1086 introduxit
2051 1030 2102 1083 in

532 1131 754 1185 domum
808 1144 982 1192 suam,
1038 1140 1092 1182 et
1147 1137 1386 1180 narravrt
1448 1127 1641 1179 marito
1698 1141 1796 1178 suo
1856 1140 1918 1177 ea
1987 1138 2105 1191 qua:

535 1224 762 1277 viderat.

604 1312 695 1366 IV.
738 1312 891 1364 Tunc
956 1311 1087 1363 dicit
1140 1309 1186 1362 ei
1244 1308 1396 1361 beata
1465 1308 1749 1361 Atlianasia
1797 1323 1809 1357 :
1873 1305 2104 1366 Revera,

534 1404 775 1459 domine,
828 1401 989 1452 etiam
1048 1396 1358 1452 viventibus
1409 1395 1532 1449 filiis
1591 1398 1729 1449 volui
1784 1396 1989 1455 dicere,
2054 1404 2108 1446 et

533 1492 751 1548 erubui.
785 1491 919 1543 Ecci:
951 1503 1078 1557 ergo
1109 1490 1269 1539 etiam
1309 1498 1427 1553 post
1474 1498 1703 1538 mortem
1753 1496 1941 1537 eorum
1985 1482 2109 1535 dico

536 1586 632 1638 tibi
665 1624 677 1635 .
707 1583 760 1635 Si
815 1598 899 1634 me
946 1582 1157 1637 audias.
1190 1579 1453 1644 conjicies
1488 1593 1570 1629 me
1605 1578 1656 1628 in
1694 1576 2105 1635 monasterium,

532 1686 588 1728 et
616 1672 824 1728 deflebo
858 1680 1077 1739 peccata
1140 1686 1279 1721 mea.
1340 1666 1405 1720 Et
1446 1668 1576 1719 dicit
1631 1667 1679 1717 ei
1716 1680 1733 1718 :
1788 1665 1912 1727 Abi,
1942 1664 2108 1732 proba

536 1775 682 1818 tuam
715 1762 1099 1831 cogitationem
1136 1775 1237 1812 una
1275 1760 1645 1817 liehdomada,
1682 1766 1737 1809 et
1779 1756 1821 1808 si
1857 1771 2109 1823 perman-

534 1856 671 1909 seris
703 1855 755 1905 in
787 1852 885 1905 hoc
918 1852 1222 1920 preposito,
1258 1852 1564 1917 loquemur.
1618 1849 1703 1900 Illa
1750 1860 1930 1901 autem
1982 1864 2106 1901 cum
2145 1825 2185 1882 Β

534 1961 724 1999 rursus
766 1946 1017 2003 venisset,
1062 1944 1204 1995 idem
1243 1942 1397 1995 dixit.
1439 1941 1634 1993 Beatus
1681 1956 1808 1991 vero
1839 1940 2112 1994 Androni-

534 2053 632 2093 cus
662 2037 888 2090 accersit
916 2052 1165 2089 socerum
1198 2051 1381 2095 suuin,
1414 2043 1466 2085 et
1497 2032 1543 2084 ei
1578 2033 1739 2085 tradit
1768 2048 1956 2083 omnes
1987 2048 2110 2084 suas

535 2128 839 2184 facultates,
882 2126 1114 2179 dicens:
1178 2126 1255 2177 Ad
1308 2134 1492 2177 sancta
1538 2125 1652 2175 loca
1714 2123 2111 2190 proficiscimur

533 2220 601 2273 ad
627 2221 918 2271 orandum.
977 2216 1031 2269 Si
1065 2218 1192 2281 quid
1220 2230 1349 2284 ergo
1384 2217 1540 2267 nobis
1571 2214 1828 2266 acciderit
1860 2213 2113 2269 limitani-

535 2320 645 2372 tus,
682 2306 902 2363 habebis
941 2306 1035 2355 has
1068 2304 1380 2364 facultates,
1424 2313 1479 2356 ut
1520 2307 1585 2379 de
1622 2304 1709 2371 eis
1766 2305 1930 2357 facias
1970 2304 2109 2372 quod

538 2403 633 2455 tibi
671 2399 962 2453 videbitur.
1005 2396 1149 2463 Rogo
1181 2409 1309 2464 ergo
1351 2400 1419 2459 te,
1460 2405 1515 2447 ut
1551 2407 1693 2448 recte
1718 2412 1844 2463 agas
1871 2411 1992 2448 cum
2022 2408 2109 2449 tua

536 2492 741 2552 anima,
774 2499 828 2542 et
877 2504 943 2541 ex
985 2490 1072 2549 iis,
1108 2504 1225 2554 qua:
1278 2489 1363 2540 hic
1416 2499 1563 2551 sunt,
1623 2492 1703 2540 lac
1738 2492 2109 2541 nosocomium

536 2594 592 2638 et
618 2581 1014 2636 Xenodochium
1041 2582 1426 2631 monachorum
1452 2596 1465 2630 :
1492 2591 1543 2631 et
1570 2583 1915 2633 manumissis
1943 2584 2111 2633 servis

539 2676 671 2736 suis,
720 2674 871 2725 dedit
922 2672 999 2723 eis
1058 2671 1265 2739 legata,
1315 2682 1368 2723 et
1413 2679 1628 2740 aCCepta
1687 2690 1843 2740 parva
1896 2674 2113 2724 benedi-

538 2771 719 2819 ctione
768 2773 819 2815 et
867 2764 1078 2814 duobus
1124 2763 1299 2829 equis.
1352 2765 1483 2813 exiit
1539 2774 1703 2815 noctu
1751 2780 1815 2815 ex
1869 2765 2108 2823 civitate,

540 2858 656 2927 ipse
698 2865 753 2908 et
805 2869 939 2907 uxor
978 2834 1096 2918 ejus
1149 2854 1272 2904 soli.
1336 2852 1498 2905 Beata
1571 2867 1751 2907 autem
1812 2855 2111 2908 Athanasia

532 2947 756 3013 eminus
812 2947 943 2996 vidit
1000 2948 1218 2995 domum
1264 2961 1437 3005 suam,
1494 2954 1546 2997 et
1576 2961 1788 3000 sursum
1845 2948 2112 3013 aspiciens

538 3037 594 3088 in
653 3034 849 3087 cwlum
904 3034 1089 3084 dixit:
1146 3032 1307 3095 Deus,
1364 3038 1454 3097 qui
1518 3034 1699 3084 dixisti
1780 3033 2010 3085 Abrahae
2058 3040 2112 3084 et

540 3125 690 3178 Sane
720 3126 740 3155 ³
774 3139 787 3172 :
827 3141 845 3173 r
882 3122 1147 3190 Egredere
1196 3138 1227 3175 e
1281 3134 1423 3175 terra
1474 3134 1583 3187 tua,
1628 3135 1681 3175 et
1724 3140 1752 3175 e
1789 3124 2111 3190 cegnatione

542 3227 629 3270 tua
664 3234 675 3266 :
710 3222 765 3265 et
801 3215 922 3266 veni
969 3218 1019 3263 iti
1075 3224 1298 3273 terram,
1340 3228 1501 3272 quatit
1555 3212 1839 3264 ostendant
1904 3212 2044 3275 tibi;
2087 3231 2104 3263 ι

542 3308 661 3375 ipse
693 3320 837 3357 nunc
889 3318 1104 3372 quoque
1154 3303 1331 3356 deduc
1378 3319 1474 3356 nos
1520 3307 1573 3355 in
1624 3304 1873 3357 timorem
1932 3314 2108 3357 tuum.

543 3398 684 3451 Ecce
723 3398 866 3447 enim
915 3396 1273 3462 relinquimus
1319 3397 1539 3447 domum
1600 3407 1838 3447 nostram
1871 3406 2111 3461 apertam

547 3498 764 3555 propter
796 3501 995 3537 nomen
1032 3495 1181 3536 tuum
1210 3499 1223 3532 :
1264 3498 1329 3533 ne
1370 3494 1493 3535 ante
1527 3497 1624 3535 nos
1654 3486 1873 3537 claudas
1917 3492 2113 3538 Ostium

544 3577 694 3643 regni
739 3574 846 3636 tui;
903 3584 957 3624 et
1006 3571 1199 3625 ﬂentes
1241 3574 1400 3624 ambo
1451 3572 1699 3625 abierunt
1736 3591 1748 3624 :
1799 3584 1851 3625 et
1894 3590 2014 3625 cum
2051 3575 2115 3627 ad

545 3672 732 3717 sancta
802 3665 917 3715 loca
1008 3662 1420 3731 perveniSsent,
1481 3663 1826 3714 adorarunt:
1881 3670 1942 3735 et_
1992 3676 2115 3714 cum

546 3754 745 3808 multos
783 3752 970 3807 Patres
1007 3754 1431 3813 convenisSent.,
1487 3754 1709 3803 veniunt
1754 3753 1820 3805 ad
1868 3762 2115 3826 sanctum

544 3845 759 3900 Menam
790 3844 1131 3897 Alexandria:
1151 3881 1165 3905 ,
1192 3852 1245 3896 et
1275 3845 1530 3894 fruuntur
1558 3856 1806 3910 martyre.

622 3938 683 3992 V.
719 3938 874 3990 Circa
922 3941 1109 3989 horam
1162 3947 1343 3988 autem
1376 3951 1572 3988 nonam
1610 3935 1803 4003 aSpicit
1846 3935 2120 3987 Andronio

548 4047 668 4090 eus.
704 4042 756 4083 et
786 4030 931 4082 videt
961 4028 1284 4082 monachum
1339 4024 1757 4087 contendentem
1800 4043 1921 4081 cum
1981 4028 2120 4081 laico

550 4134 606 4178 et
656 4124 706 4177 ei
754 4123 1073 4175 dicentem:
1120 4123 1230 4174 Cur
1261 4122 1510 4176 abbatem
1560 4123 1753 4191 injuria
1807 4121 2012 4174 allicis?
2070 4121 2119 4174 Is

550 4229 677 4267 vero
702 4213 751 4263 ei
783 4212 995 4263 dicebat
1030 4228 1043 4261 :
1080 4210 1329 4271 Domine,
1358 4210 1530 4262 locavi
1570 4211 1794 4263 bestiam
1830 4223 2006 4261 meam
2052 4207 2120 4260 ad

550 4304 788 4358 Scetem.
820 4300 928 4370 Ego
962 4315 1089 4353 vero
1133 4299 1180 4352 ei
1224 4300 1391 4353 dico:
1442 4299 1641 4352 Eamus
1684 4301 1817 4366 jam,
1850 4308 1907 4351 ut
1952 4309 2118 4350 totam

550 4405 769 4448 noctem
808 4374 1179 4456 ambulemus,
1217 4401 1272 4444 et
1322 4404 1444 4444 cras
1476 4404 1645 4459 usque
1689 4389 1755 4442 ad
1804 4398 2031 4451 sextam,
2064 4399 2122 4441 ut

552 4484 935 4554 perveniamus
965 4495 1091 4534 ante
1120 4492 1310 4534 testum
1345 4482 1449 4533 diei
1484 4499 1496 4533 :
1530 4491 1585 4534 et
1630 4495 1736 4533 non
1780 4481 1891 4532 vult
1921 4488 1977 4531 ut
2008 4480 2117 4547 jam
2156 4489 2195 4542 D
2228 4484 2295 4537 de
2318 4502 2383 4539 eo
2413 4489 2513 4556 ipsi
2552 4494 2906 4545 renuntiavit.
2961 4493 3137 4548 Senex
3168 4512 3296 4548 vero
3325 4497 3457 4549 dicit
3481 4498 3530 4549 ei

551 4590 760 4630 eamus.
814 4573 954 4627 Dicit
999 4573 1051 4627 ei
1104 4572 1357 4625 dominus
1422 4574 1811 4629 Andronicus;
1872 4570 2120 4624 Ilabesne

554 4666 769 4734 aliquod
804 4665 949 4718 aliud
979 4663 1216 4717 animal?
1246 4664 1292 4716 ls
1319 4677 1444 4716 vero
1475 4663 1606 4716 dicit
1637 4679 1652 4717 :
1695 4663 1939 4715 Maxime.
1980 4662 2122 4715 Dixit

554 4767 736 4823 autem
769 4755 870 4824 ipsi
906 4771 919 4807 :
950 4753 1114 4819 Vade,
1139 4755 1244 4809 duc
1276 4755 1405 4807 illud
1448 4751 1513 4809 ad
1548 4769 1653 4817 me,
1693 4764 1748 4809 et
1776 4756 1917 4817 veni,
1945 4763 1998 4807 et
2031 4771 2124 4808 ac-

555 4846 752 4914 cipiam
783 4858 881 4914 ego
913 4860 1078 4897 unum
1111 4844 1333 4907 animal,
1368 4854 1423 4896 et
1450 4847 1610 4899 abbas
1645 4860 1832 4905 unum,
1865 4848 2120 4913 quoniam

554 4951 656 5008 ego
688 4943 901 5005 qquue
946 4937 1067 4989 volo
1114 4937 1193 4989 ire
1234 4939 1300 4990 ad
1342 4939 1575 4991 Scetem.
1613 4939 1958 4991 Andronicus
1993 4953 2117 4991 vero

556 5027 686 5081 dicit
716 5028 867 5077 uxori
901 5040 1012 5078 suae
1046 5042 1057 5076 :
1111 5024 1262 5077 Mane
1306 5028 1391 5079 hic
1420 5028 1559 5095 apud
1603 5039 1848 5080 sanctum
1884 5029 2116 5094 Menam,

556 5117 730 5171 donec
758 5118 1079 5170 descendam
1130 5119 1183 5168 in
1216 5120 1449 5180 Scetem,
1500 5128 1554 5172 et
1603 5122 1859 5186 accipiam
1901 5121 2122 5174 benedi-

558 5210 796 5264 ctionem
830 5224 857 5260 a
878 5209 1147 5274 Pati-ibus,
1180 5222 1235 5261 et
1266 5222 1524 5262 revertar.
1549 5210 1683 5264 Dicit
1718 5213 1764 5264 ei
1799 5228 1931 5265 uxor
1964 5214 2117 5281 ejus:

557 5300 758 5369 Accipe
793 5314 878 5352 me
917 5308 1115 5352 tecum.
1164 5301 1255 5353 Ille
1292 5316 1419 5354 vero
1459 5304 1586 5355 dicit
1632 5304 1679 5354 ei
1714 5320 1727 5355 :
1776 5302 1964 5358 Mulier
2012 5319 2118 5357 non

563 5392 863 5460 ingreditur
899 5394 951 5444 in
980 5396 1213 5449 Scetein.
1238 5396 1327 5448 Illa
1358 5409 1535 5449 autem
1576 5395 1705 5448 dicit
1732 5397 1779 5448 ei
1809 5410 1929 5449 cum
1960 5394 2122 5449 fletu:

560 5476 793 5532 Habebis
822 5495 907 5533 me
941 5484 1082 5551 apud
1129 5497 1371 5539 sanctum
1414 5486 1658 5549 Menam,
1692 5489 1734 5541 si
1778 5492 2124 5558 remanseris,

560 5579 615 5623 et
662 5586 747 5625 me
799 5588 903 5625 non
962 5575 1242 5628 collocaris
1291 5578 1343 5629 in
1397 5580 1746 5631 monasterio.
1782 5578 2026 5651 Cumque
2067 5596 2126 5635 se

632 5750 653 5781 ⁸
686 5748 823 5803 Gen.
860 5767 954 5813 xu,
995 5752 1038 5804 l.

2206 574 2461 639 separati.
2527 572 2642 640 Ipse
2704 584 2881 624 autem
2940 573 3221 625 descmdit
3282 575 3347 626 ad
3413 574 3674 628 Scetem:
3731 587 3783 631 et

2205 677 2325 716 cum
2372 665 2648 717 adorasset
2704 672 2918 716 sanctos
2976 663 3163 717 Patres
3226 665 3277 717 in
3326 664 3522 728 Laura,
3581 672 3781 724 audivit

2206 757 2272 808 de
2304 756 2494 807 abbate
2531 756 2749 807 Daniele
2780 771 2793 818 ;
2824 766 2878 807 et
2910 770 3031 807 cum
3066 772 3131 809 eo
3158 760 3497 819 accessisset,
3531 776 3640 813 non
3672 778 3778 818 Sine

2213 861 2404 913 magna
2467 838 2777 898 dillicultate
2844 861 2967 897 eum
3025 848 3199 914 potuit
3267 849 3619 901 convenire:
3673 855 3781 905 seni

2209 952 2335 990 vero
2363 938 2545 989 omnia
2591 938 2862 1005 exposuit.
2901 938 3039 990 Dicit
3085 950 3265 991 autem
3299 942 3346 992 ei
3393 956 3567 993 senex
3605 958 3617 993 :
3667 946 3783 1010 Abi,

2207 1038 2259 1081 et
2295 1029 2471 1082 adduc
2506 1046 2725 1081 uxorem
2775 1039 2945 1091 tuam,
2995 1039 3047 1081 et
3079 1030 3273 1082 faciam
3332 1031 3423 1084 tibi
3458 1035 3687 1091 litteras,
3733 1044 3783 1087 et

2207 1118 2446 1185 depones
2486 1134 2603 1169 eam
2646 1118 2698 1169 in
2744 1118 3020 1172 Thebaide
3072 1120 3125 1172 in
3180 1123 3510 1175 monasterio
3576 1122 3783 1176 'l‘aben-

2208 1211 2567 1262 nesiotarum.
2605 1211 2947 1265 Andronicus
2982 1223 3162 1266 autem
3195 1212 3344 1275 fecit,
3384 1216 3526 1266 sicut
3577 1217 3785 1269 dixerat

2209 1303 2255 1354 ei
2316 1316 2502 1364 senex,
2557 1311 2611 1355 et
2663 1304 2882 1367 absens,
2934 1306 3087 1357 duxit
3141 1322 3260 1358 eam
3312 1307 3377 1359 ad
3430 1322 3641 1359 senem.
3692 1308 3784 1371 Qui

2210 1393 2423 1444 locutus
2457 1403 2540 1446 est
2587 1394 2667 1447 eis
2715 1397 2934 1447 verbum
2985 1398 3220 1449 salutis:
3258 1407 3310 1450 et
3361 1398 3520 1452 factis
3576 1401 3783 1465 litteris,

2211 1487 2355 1536 misit
2385 1500 2480 1538 eos
2530 1487 2594 1538 ad
2635 1490 3026 1540 monasterium
3080 1490 3632 1543 'I‘abi-nnesiotarum.
3687 1492 3786 1545 Re-

2213 1592 2368 1627 verso
2421 1592 2548 1629 vero
2598 1580 2929 1641 Andronico,
2988 1579 3139 1631 dedit
3191 1594 3356 1632 senex
3412 1582 3681 1644 habiturn,
3736 1594 3787 1636 et

2161 1711 2166 1714 .
2211 1667 2397 1720 docuit
2442 1684 2561 1736 quae
2612 1670 2679 1722 ad
2727 1679 2928 1723 statum
2990 1673 3268 1739 pertinent
3320 1675 3708 1738 inonasticum,
3739 1687 3791 1729 et

2213 1764 2413 1813 mansit
2446 1762 2581 1829 apud
2616 1778 2737 1813 eum
2772 1778 2948 1816 annos
2976 1764 3283 1819 dUodeCim.

2297 1851 2383 1905 \‘I.
2426 1852 2553 1905 Post
2587 1855 2866 1908 duodecrm
2902 1867 3082 1907 autem
3131 1870 3306 1909 annos
3339 1860 3549 1925 rogavit
3581 1875 3787 1925 senem,

2215 1953 2272 1995 ut
2320 1959 2378 1995 se
2433 1945 2730 1997 dimitteret
2776 1948 2839 1995 ad
2888 1957 3073 1998 sancta
3132 1948 3271 1998 loca.
3330 1948 3421 1999 llle
3476 1965 3606 2002 vero
3662 1952 3791 2004 bene

2214 2049 2464 2103 precatus
2524 2055 2646 2089 eum
2709 2039 2933 2089 dimisit.
2991 2041 3170 2096 Abbas
3218 2051 3400 2095 autem
3455 2043 3791 2098 Andronicus

2218 2129 2317 2180 iter
2381 2129 2585 2181 faciens
2642 2147 2735 2198 per
2785 2128 3093 2200 .Egyptum,
3145 2136 3284 2186 sedit
3344 2136 3443 2187 Sub
3510 2154 3685 2205 spina,
3736 2149 3787 2191 ut

2215 2221 2450 2271 animam
2503 2231 2773 2274 recrearet
2829 2223 2898 2275 ab
2958 2233 3114 2276 aestu.
3173 2223 3310 2278 Ecce
3367 2238 3555 2280 autem
3608 2244 3670 2281 ex
3705 2228 3790 2283 Dei

2213 2310 2620 2377 dispensatione
2675 2314 2895 2364 veniens
2944 2312 2997 2363 in
3046 2315 3233 2366 habitu
3288 2317 3422 2368 virili
3486 2318 3607 2384 ejus
3643 2335 3790 2379 uxor.

2213 2416 2331 2467 qua:
2360 2401 2469 2467 ipsa
2506 2416 2719 2467 quoque
2766 2402 2877 2453 ibat
2915 2403 2978 2453 ad
3029 2416 3218 2455 sancta
3268 2404 3407 2455 loca.
3439 2405 3686 2473 Cumque
3736 2422 3790 2458 se

2216 2492 2445 2543 invicem
2486 2494 2834 2552 salutassent,
2885 2494 3137 2559 cognovit
3186 2495 3434 2545 columba
3481 2498 3789 2564 conjugeni.

2218 2580 2333 2648 Ipse
2390 2599 2515 2633 vero
2571 2584 2843 2647 quomodo
2899 2583 3165 2647 potuisset
3217 2597 3552 2651 cognoscere
3611 2588 3787 2648 talem,

2216 2689 2335 2739 qua:
2360 2683 2721 2729 emarcucrat,
2758 2673 3241 2739 pulchritudinem,
3279 2688 3328 2728 ct
3360 2693 3479 2743 qua:
3517 2678 3791 2731 videbatur

2219 2772 2274 2811 ut
2329 2760 2618 2827 Aitliinps?
2664 2762 2799 2813 Dicit
2857 2778 2985 2831 ergo
3035 2765 3081 2815 ci
3122 2782 3135 2817 :
3180 2768 3297 2829 Quo
3354 2767 3526 2829 vadis,
3575 2770 3789 2821 domine

2219 2851 2392 2904 abba?
2453 2854 2541 2905 Ille
2603 2869 2727 2905 vero
2778 2854 2902 2905 dicit
2962 2854 3057 2907 ei:
3116 2858 3195 2909 Ad
3246 2868 3433 2910 sancta
3487 2860 3632 2911 loca.
3682 2860 3789 2927 Ipsa

2217 2953 2396 2995 autem
2429 2944 2557 2996 dicit
2604 2944 2650 2996 ei
2693 2963 2704 2995 :
2740 2945 2852 3013 Ego
2898 2960 3115 3012 quoque
3168 2948 3287 2997 volo
3344 2948 3471 2999 illuc
3518 2952 3616 3001 ire.
3680 2951 3791 3017 Ipsa

2217 3050 2345 3102 ergo
2386 3050 2578 3087 rursus
2616 3035 2746 3087 dicit
2775 3038 2823 3086 ei
2864 3052 2874 3084 :
2914 3036 2969 3085 Si
3008 3037 3159 3098 velis,
3204 3054 3392 3089 camus
3423 3040 3582 3092 ambo
3616 3043 3790 3096 simul.

2218 3123 2321 3175 Sed
2359 3134 2610 3190 tanquam
2652 3141 2756 3176 non
2801 3125 2958 3177 simul
3006 3127 3196 3191 sinitis,
3229 3130 3602 3195 ingrediamur
3634 3135 3789 3187 silen-

2221 3216 2312 3268 tio.
2349 3215 2485 3267 Dicit
2517 3215 2860 3270 Andronicus
2895 3235 2907 3269 :
2956 3218 3020 3271 Ut
3047 3220 3228 3286 jubes.
3278 3222 3484 3276 Deinde
3525 3230 3639 3293 ipsa
3671 3226 3795 3279 dicit

2216 3306 2311 3359 ei:
2369 3307 2481 3360 Non
2542 3323 2600 3360 es
2654 3324 2841 3360 revera
2893 3310 3191 3376 discipulus
3242 3313 3452 3365 abbatis
3515 3315 3791 3370 Danielis?

2218 3398 2334 3463 Ipse
2394 3410 2520 3447 vero
2582 3400 2709 3450 dicit
2745 3399 2840 3449 ei:
2892 3399 3146 3452 Maxime.
3201 3401 3334 3452 Dieit
3380 3404 3549 3469 ipsa:
3605 3407 3794 3461 Preces

2218 3482 2364 3533 senis
2390 3497 2487 3535 nos
2540 3484 2965 3539 comitabuntur.
3004 3486 3141 3539 Dicit
3184 3489 3572 3545 Andronicus:
3602 3497 3788 3548 Amen.

2217 3569 2349 3623 Cum
2407 3580 2585 3623 autem
2636 3574 2794 3625 simul
2856 3576 3085 3646 ingressi
3123 3587 3325 3642 essent,
3378 3590 3433 3632 et
3484 3583 3796 3638 adorassent

2218 3673 2401 3719 sancta
2437 3661 2573 3727 loca,
2611 3670 2813 3719 reversi
2849 3680 2988 3736 sunt
3010 3673 3413 3727 Alexandriam.
3467 3675 3606 3729 Dicit
3632 3677 3795 3730 abbas

2219 3758 2547 3809 Athanasius
2577 3759 2755 3811 abbati
2794 3763 3105 3815 Androoico
3141 3782 3152 3816 :
3183 3765 3273 3817 Vis
3305 3781 3624 3823 maneamus
3641 3768 3796 3821 simul

2222 3849 2274 3899 in
2310 3848 2486 3900 cella?
2542 3848 2679 3901 Dicit
2713 3855 3053 3907 Andronicus
3089 3873 3102 3907 :
3139 3855 3314 3916 Certe,
3360 3868 3415 3909 ut
3451 3860 3633 3926 jubes.
3672 3862 3795 3915 Volo

2220 3951 2397 3993 autem
2433 3942 2664 4008 primum
2703 3944 2801 4003 ire,
2832 3955 2884 3996 et
2930 3951 3180 4015 accipere
3220 3963 3409 4015 preces
3452 3954 3619 4005 senis.
3660 3952 3795 4006 Dicit

2221 4033 2265 4082 ei
2300 4033 2465 4084 abbas
2495 4034 2824 4086 Athanasius
2859 4050 2876 4086 :
2909 4034 3070 4101 Vade,
3108 4047 3161 4091 et
3200 4042 3536 4108 exspectabo
3560 4055 3611 4096 te
3657 4046 3795 4112 apud

2222 4121 2481 4174 Octavum
2520 4126 2835 4176 decimum:
2884 4134 2937 4177 et
2976 4127 3018 4179 si
3067 4131 3270 4189 venias,
3314 4132 3454 4183 sicut
3511 4134 3615 4185 iter
3665 4134 3795 4186 Icci-

2221 4227 2362 4271 mus,
2400 4216 2737 4267 manebimus
2764 4208 2996 4269 silentio.
3039 4217 3171 4271 Nam
3202 4222 3244 4272 si
3283 4232 3332 4274 te
3376 4239 3486 4275 non
3539 4227 3697 4290 ferat,
3731 4240 3795 4278 ne

2222 4305 2456 4359 veneris.
2511 4305 2622 4378 Ego
2655 4310 2798 4362 enim
2841 4319 2893 4363 te
2953 4313 3278 4379 exspectabo
3328 4317 3469 4381 apud
3517 4317 3793 4371 Decimum

2222 4410 2496 4453 octavum.
2529 4399 2620 4452 Ille
2648 4411 2827 4454 autem
2861 4404 3160 4471 profectus,
3198 4403 3453 4457 salutavit
3491 4421 3702 4473 senem,
3740 4421 3793 4463 et

3569 4516 3583 4553 :
3626 4499 3787 4561 Vade,

2225 4587 2279 4631 et
2307 4578 2467 4647 dilige
2491 4580 2791 4645 silentium,
2843 4594 2898 4636 et
2946 4601 3109 4639 mane
3142 4604 3262 4640 cum
3298 4588 3485 4650 fratre,
3537 4600 3622 4643 est
3650 4593 3792 4644 enim

2226 4671 2546 4735 monachus,
2583 4682 2641 4726 ut
2668 4688 2786 4727 esse
2808 4686 3041 4742 oportet.
3084 4676 3157 4730 Eo
3188 4689 3365 4733 autem
3398 4698 3640 4749 reverso,
3674 4699 3791 4737 cum

2224 4761 2524 4835 invenisset
2555 4762 2806 4817 abbatem
2839 4766 3195 4821 Athanasium
3219 4812 3233 4833 ,
3268 4784 3585 4826 manserunt
3615 4776 3791 4837 simul,

2226 4852 2416 4905 timore
2448 4852 2539 4907 Dei
2578 4858 2789 4920 muniti,
2825 4859 2963 4911 alios
3005 4859 3290 4915 duodecim
3339 4880 3513 4918 annos
3550 4884 3565 4918 :
3601 4875 3654 4919 et
3688 4883 3793 4920 non

2224 4947 2475 5013 cognovit
2519 4948 2685 5001 abbas
2734 4949 3078 5005 Andronicus
3131 4969 3248 5006 eam
3304 4969 3423 5008 esse
3477 4971 3631 5010 suam
3668 4974 3795 5012 con-

2216 5037 2424 5105 jugeni.

2301 5126 2404 5180 Vll.
2438 5128 2590 5196 Saepe
2619 5145 2746 5199 ergo
2784 5132 3113 5186 ascendebat
3148 5148 3309 5187 senex
3350 5137 3414 5187 ad
3447 5153 3543 5191 eos
3578 5141 3793 5192 visitan-

2228 5218 2347 5279 dos,
2378 5234 2439 5270 ea
2484 5215 2587 5272 illis
2617 5221 2908 5283 disserens,
2950 5240 3069 5290 qua:
3102 5224 3446 5294 pertlncbant
3490 5232 3556 5283 ad
3596 5231 3792 5282 utilita-

2233 5319 2358 5362 tem.
2402 5312 2578 5365 Semel
2630 5323 2808 5366 autem
2853 5330 2975 5367 cum
3009 5318 3345 5371 ascendisset
3385 5332 3574 5382 senex,
3622 5330 3674 5373 et
3705 5334 3792 5375 eos

2230 5400 2407 5453 valere
2432 5402 2703 5470 jussisset,
2729 5416 3014 5474 antequam
3049 5409 3151 5460 iret
3185 5408 3250 5460 ad
3282 5420 3532 5463 sanctum
3566 5409 3790 5475 Menam,

2232 5494 2376 5545 venit
2410 5495 2475 5547 ad
2510 5512 2632 5549 eum
2664 5496 2828 5551 abbas
2861 5500 3221 5564 Andronicus,
3253 5514 3305 5555 et
3335 5503 3462 5557 dicit
3500 5504 3585 5557 ei:
3620 5508 3790 5559 Abbas

2231 5582 2560 5638 Atlianasms
2619 5588 2763 5639 vadit
2838 5590 2903 5641 ad
2969 5590 3277 5646 Dominum.
3344 5592 3619 5650 Reversus
3672 5610 3789 5649 vero
