3968 6464
167 417 313 481 1053

977 420 1433 479 MARTYRIUM
1477 418 1581 480 SS.
1620 422 1992 483 EULAMPII
2038 423 2128 480 ΕΤ
2169 419 2605 479 EULAMPl/E.

3281 411 3417 475 1056

164 546 357 590 senex.
392 529 596 582 invenit
631 544 755 582 eum
787 531 998 597 magnis
1041 544 1411 599 compressum
1456 533 1739 602 angustiis,
1770 546 1816 602 Α
1848 536 2143 587 viventem.
2178 536 2219 585 A
2246 550 2355 597 quo
2394 546 2519 588 cum
2564 530 2904 600 accepissem
2956 529 3417 590 benedictionem.

164 632 225 676 et
261 622 424 687 capit
455 621 583 673 Ilere
616 620 783 674 abbas
811 621 1146 674 Athanasius
1176 637 1189 671 :
1224 631 1278 674 et
1313 623 1442 675 dicit
1471 625 1518 676 ei
1542 639 1738 677 senex:

165 708 310 765 Cum
352 720 403 763 te
442 722 717 777 oporteret
745 712 1000 780 gaudere,
1031 710 1174 779 quod
1222 712 1422 781 migras
1460 713 1526 767 ad
1559 713 1743 767 Domi.

167 817 328 864 num,
367 801 719 872 lacrytnaris?
757 802 896 855 Dicit
925 804 971 855 ei
1007 804 1174 855 abbas
1205 803 1535 858 Athanasius
1575 823 1586 855 :
1627 804 1742 858 Non

170 893 349 962 ploro.
385 894 485 947 nisi
517 904 734 963 propter
772 895 1020 949 abbatem
1066 896 1460 950 Andronicum.
1512 898 1620 951 Sed
1665 898 1748 951 fac

171 981 322 1033 hanc
370 982 714 1041 clraritateni.
767 996 1049 1051 postquam
1106 1001 1191 1038 me
1244 988 1545 1054 sepelieris.
1599 987 1751 1042 Inve-

172 1073 339 1127 niens
371 1074 681 1127 schedulam
709 1077 866 1128 sitam
900 1077 967 1129 ad
999 1086 1164 1145 caput
1208 1080 1410 1137 meum.
1453 1078 1567 1147 lege
1604 1094 1747 1141 eam,

171 1175 234 1219 et
262 1167 328 1218 da
368 1166 464 1233 ipsi
498 1166 675 1218 abbati
728 1168 1060 1221 Andronico.
1122 1167 1367 1236 Cumque
1422 1168 1522 1236 ipsi
1565 1183 1751 1235 preces

175 1258 477 1318 dixissent,
525 1258 953 1311 communicavit
1005 1266 1060 1310 et
1110 1256 1325 1312 dormiit
1385 1258 1438 1310 in
1496 1256 1747 1310 Domino.

178 1346 463 1401 Venerunt
487 1358 666 1400 autem
692 1349 758 1402 ad
798 1351 844 1403 ei
875 1349 1146 1404 faciendas
1169 1349 1454 1417 exsequias
1493 1368 1506 1403 :
1545 1358 1598 1403 et
1625 1364 1754 1402 ecce

177 1438 405 1491 inventa
456 1438 555 1491 fuit
589 1456 719 1493 sexu
785 1442 996 1502 mulier.
1029 1453 1083 1495 et
1124 1442 1367 1494 auditum
1410 1442 1511 1495 fuit
1542 1444 1595 1494 in
1645 1451 1752 1494 tota

179 1529 355 1584 Iaura.
404 1531 467 1584 Et
510 1532 728 1587 mittens
762 1548 948 1595 senex.
995 1534 1193 1588 excivit
1280 1535 1587 1587 universam
1626 1533 1755 1587 Sce-

185 1632 297 1673 tem
326 1632 379 1675 et
404 1623 718 1682 interiorem
746 1625 1092 1679 solitudinem
1128 1642 1138 1676 :
1175 1634 1229 1678 et
1259 1635 1527 1678 venerunt
1566 1640 1757 1680 omnes

182 1714 351 1766 Iaura:
384 1714 739 1778 Alexandria,
771 1726 822 1768 et
856 1717 1113 1769 convenit
1150 1717 1402 1769 universa
1453 1717 1666 1777 civitas.
1702 1727 1759 1772 et

183 1806 440 1858 monachi
480 1805 673 1879 Sceta’,
712 1806 947 1860 ferentes
983 1808 1286 1875 legumina;
1325 1808 1398 1861 ita
1444 1810 1590 1862 enim
1642 1824 1760 1863 mos

1845 626 2065 679 dormiit
2102 626 2153 677 in
2195 625 2443 679 Domino.

1917 714 2056 769 VIII.
2105 715 2363 769 Exortum
2399 726 2482 768 est
2508 728 2638 780 ergo
2672 711 2876 766 bellum
2909 711 3051 764 inter
3093 710 3280 763 Patres
3328 709 3425 763 De-

1847 807 1973 859 cimi
2026 806 2233 869 octavi,
2289 816 2344 859 et
2403 805 2695 858 Monachos
2756 802 3061 861 Scetiotas.
3126 800 3421 853 dicentes:

1848 896 2043 951 Noster
2073 908 2154 951 est
2185 898 2370 959 frater,
2409 906 2463 949 et
2490 911 2612 949 eum
2669 893 2991 947 habebimus
3038 892 3089 945 in
3147 892 3330 951 Scete.
3367 901 3427 944 ut

1852 988 2007 1042 nobis
2036 1004 2191 1056 Opem
2229 988 2404 1041 ferant
2431 990 2550 1055 ejus
2582 1001 2793 1055 preces.
2825 984 3012 1039 Patres
3054 994 3232 1040 autem
3264 982 3429 1039 Octa-

1853 1082 1903 1135 vi
1941 1081 2482 1139 decimi.diccbant:
2530 1079 2799 1133 Ponemus
2859 1092 2983 1130 eum
3036 1092 3161 1129 cum
3210 1091 3307 1128 sua
3339 1091 3427 1129 so-

1852 1189 1996 1227 rore.
2039 1172 2400 1226 Vehementer
2439 1172 2597 1241 igitur
2628 1169 2903 1222 instabant
2938 1166 3191 1221 Scetiota:
3217 1177 3271 1219 et
3300 1166 3432 1218 dicit

1863 1247 2284 1319 archimandrita
2335 1263 2518 1315 Octavi
2562 1261 2755 1315 decimi
2788 1276 2800 1311 :
2840 1258 2897 1313 Si
2920 1259 3047 1327 quid
3090 1275 3251 1311 senex
3278 1259 3432 1311 dixe-

1854 1356 1947 1419 rit.
2016 1355 2306 1409 faciamus.
2359 1354 2541 1409 Abbas
2602 1368 2732 1405 vero
2789 1350 2973 1404 Daniel
3026 1350 3241 1403 dicebat
3304 1366 3429 1402 eum

1853 1457 2106 1514 Oportere
2145 1448 2251 1499 illic
2298 1446 2539 1511 sepeliri.
2606 1444 2683 1497 Illi
2731 1452 2912 1496 autem
2958 1456 3069 1494 non
3119 1441 3435 1498 ,audiebant

1854 1552 2001 1597 eum,
2034 1539 2277 1591 dicentes
2312 1554 2325 1591 :
2368 1537 2465 1590 Est
2505 1552 2694 1595 senex.
2734 1544 2787 1587 et
2827 1550 2933 1586 non
2988 1534 3142 1586 timet
3198 1532 3436 1598 amplius

1861 1628 2057 1681 bellum
2111 1628 2374 1695 corporis.
2426 1626 2535 1681 Nos
2576 1636 2756 1679 autem
2812 1639 3000 1678 sumus
3067 1624 3335 1693 juniores.
3381 1634 3437 1677 et

1864 1720 2110 1772 volumus
2142 1718 2385 1779 fratrem.
2411 1727 2470 1770 ut
2500 1719 2657 1771 nobis
2686 1731 2844 1784 Opem
2876 1714 3053 1768 ferant
3080 1716 3195 1783 ejus
3223 1728 3435 1783 preces.

1861 1810 2069 1865 Sufficit
2099 1810 2240 1864 enim
2274 1810 2450 1873 vobis,
2501 1810 2644 1878 quod
2693 1808 3013 1875 reliquimus
3058 1806 3210 1859 vobis
3265 1806 3437 1858 abba—

184 1906 274 1951 est
305 1898 360 1949 in
399 1897 579 1951 Scete.
617 1898 749 1951 Cum
782 1900 942 1951 ramis
971 1916 1099 1970 ergo
1131 1910 1185 1953 et
1218 1901 1413 1969 palmis
1446 1903 1760 1954 extulerunt
1793 1891 1833 1950 Β
1866 1914 1971 1955 tem
2028 1901 2405 1954 Athanasium.
2459 1898 2594 1953 Cum
2648 1915 2778 1952 vero
2821 1899 3047 1952 vidisset
3095 1912 3257 1950 senex
3318 1912 3438 1949 esse

186 1986 529 2040 venerandas
563 1984 820 2055 reliquias
864 1989 1194 2051 Athanasius,
1246 1988 1412 2041 Deum
1460 1989 1764 2058 glorifican-

190 2083 315 2136 tes,
374 2073 464 2139 qui
524 2082 730 2127 tantam
809 2077 1147 2129 tolerantiam
1216 2077 1447 2146 praebuit
1522 2078 1759 2130 mulieri.

188 2162 543 2230 Exspectavit
598 2175 776 2217 autem
833 2182 999 2221 senex
1050 2168 1340 2237 septimum
1398 2168 1541 2223 diem
1594 2169 1765 2223 beatas

187 2255 527 2309 Athanasiw.
581 2255 775 2308 Postea
809 2272 935 2309 vero
968 2258 1137 2311 voluit
1178 2274 1340 2311 senex
1378 2262 1627 2327 accipere
1674 2276 1765 2313 sc—

190 2357 318 2398 Cum
369 2345 617 2397 abbatem
665 2343 1060 2407 Andronicum,
1106 2349 1199 2399 sed
1232 2364 1339 2400 non
1389 2350 1438 2401 id
1480 2350 1763 2412 sustinuit,

195 2434 388 2487 dicens
423 2451 437 2487 :
474 2434 671 2489 Moriar
712 2450 832 2488 cum
883 2451 1001 2489 mea
1059 2438 1297 2489 domina.
1344 2436 1587 2506 Cumque
1638 2452 1763 2490 cum

195 2542 387 2581 rursus
410 2526 667 2594 jussisset
711 2529 890 2583 valere
925 2544 1111 2589 senex.
1153 2530 1464 2599 priusquam
1512 2531 1624 2596 ipse
1665 2531 1769 2583 iret

195 2614 262 2666 ad
294 2625 541 2667 sanctum
578 2615 811 2681 Menam,
845 2620 991 2672 venit
1022 2621 1086 2673 ad
1127 2636 1249 2673 eum
1292 2620 1479 2683 frater,
1520 2621 1712 2675 dicens
1751 2638 1766 2673 :

196 2704 435 2758 Laborat
465 2709 632 2759 abbas
677 2709 1040 2771 Andronicus.
1085 2723 1139 2764 et
1169 2723 1251 2766 cst
1278 2714 1527 2767 redactus
1556 2714 1621 2767 atl
1665 2729 1769 2767 an-

194 2795 427 2864 gustias.
478 2794 653 2851 Senex
691 2814 817 2852 vero
869 2816 1056 2853 rursus
1090 2802 1237 2854 misit
1287 2803 1338 2855 in
1386 2803 1631 2863 Sceteni,
1692 2803 1771 2856 di-

198 2903 335 2941 cens
367 2905 381 2940 :
416 2890 615 2945 Adeste
658 2891 763 2944 huc
812 2892 1113 2953 venientes,
1165 2894 1331 2947 abbas
1379 2894 1522 2947 enim
1560 2893 1774 2947 Andro-

201 2978 358 3033 nicus
397 2982 642 3049 sequitur
689 2982 933 3036 abbatem
1002 2984 1383 3038 Athanasium.
1443 2985 1523 3038 Illi
1587 2994 1771 3038 autem

201 3085 326 3123 cum
370 3073 730 3137 audivissent.
787 3086 1137 3133 accesserunt
1175 3086 1230 3131 et
1289 3078 1608 3131 invenerunt
1649 3093 1773 3132 eum

215 3238 1125 3276 Μ

217 3259 776 3276 -ο--ᾕ--ατ
788 3264 819 3272 -
837 3264 1065 3274 -ι--σι---ν-

1267 3268 1315 3274 ..ι
1342 3269 1629 3276 --ς-ρ--ο

1146 3410 2546 3549 ΜΑΡΤΥΡΙΟΝ

1866 2007 2116 2059 magnam
2164 1992 2655 2059 perturbationem,
2703 1991 2841 2042 dicit
2869 1989 3127 2042 fratribus
3176 1988 3330 2041 suis:
3382 1986 3439 2041 Si

1868 2098 1952 2134 me
1989 2097 2097 2134 non
2130 2080 2384 2145 audiatis,
2431 2096 2530 2149 ego
2585 2094 2802 2148 quoque
2849 2079 2935 2130 hic
2976 2078 3227 2138 manebo,
3268 2087 3320 2129 et
3352 2093 3443 2129 se-

1867 2172 2037 2240 peliar
2059 2186 2181 2225 cum
2220 2162 2340 2224 meo
2388 2168 2517 2231 filio,
2550 2179 2605 2223 et
2640 2179 2766 2221 tunc
2799 2167 3147 2236 quieverunt.
3185 2176 3240 2218 et
3276 2174 3437 2217 extu-

1868 2263 2048 2316 lerunt
2090 2262 2311 2316 fratrem
2379 2263 2768 2315 Andronicum.
2824 2257 3023 2315 Dicunt
3086 2274 3212 2327 ergo
3284 2257 3443 2310 seni:

1874 2353 2076 2406 Eamus
2118 2354 2171 2405 in
2216 2354 2451 2405 Scetem.
2505 2353 2641 2404 Dicit
2686 2354 2764 2407 eis
2804 2366 2967 2403 senex
3009 2365 3023 2400 :
3070 2349 3239 2403 Sinite
3274 2358 3330 2401 ut
3366 2348 3447 2398 fa-

1872 2443 2009 2495 ciam
2040 2442 2331 2509 scptimum
2355 2442 2498 2494 diem
2544 2440 2750 2505 fratris,
2802 2450 2856 2493 et
2889 2455 2995 2493 non
3030 2440 3276 2491 siverunt
3323 2448 3447 2488 eum

1874 2546 2116 2584 manere.
2167 2530 2241 2584 Ita
2288 2532 2515 2585 confidit
2570 2532 2737 2585 abbas
2778 2531 2967 2605 Daniel
3010 2545 3110 2584 suo
3164 2526 3443 2593 discipulo.

1873 2623 2105 2678 Oremus
2137 2639 2235 2676 nos
2263 2639 2473 2691 quoque
2507 2632 2565 2675 ut
2604 2622 2885 2674 veniamus
2910 2620 2975 2672 ad
3009 2633 3317 2671 mensuram
3350 2619 3448 2669 ab-

1876 2717 2018 2771 batis
2070 2714 2400 2778 Andronici,
2482 2712 2735 2782 precibus
2803 2712 3047 2764 omnium
3134 2715 3447 2762 sanctorum

1880 2807 2079 2860 Christi
2117 2826 2130 2860 :
2166 2809 2251 2860 cui
2284 2807 2453 2875 gloria
2487 2817 2539 2858 et
2584 2804 2825 2874 potentia
2860 2800 3020 2854 simul
3052 2814 3173 2853 cum
3206 2800 3362 2853 Patre
3400 2808 3455 2851 et

1878 2905 2068 2945 sancto
2098 2894 2325 2961 Spiritu,
2372 2909 2520 2946 nunc
2558 2903 2614 2946 et
2665 2906 2883 2961 semper
2913 2899 2967 2943 et
3010 2887 3085 2941 in-
3119 2888 3317 2942 secula
3350 2902 3453 2941 sa:-

1881 2986 2149 3039 culorum.
2180 2986 2373 3039 Amen.

2546 3251 3417 3281 Ψ

1451 3644 1585 3697 ΤΩΝ
1624 3645 1826 3698 ΑΓΙΩΝ
1859 3644 2239 3700 ΜΑΡΤΥΡΩΝ

215 3803 1565 3982 ΕΥΛΑΜΠΙΟΥ
1719 3888 1910 3972 ΚΑΙ
2066 3812 3458 3987 ΕΥΛΑΜΠΙΑΣ.

1245 4259 2409 4418 MABTYRIUM

1570 4534 1667 4590 SS.
1701 4534 2089 4590 MARTYRUM

818 4718 904 4838 E
932 4714 1587 4841 ULAMPII
1685 4716 1880 4837 ET
1992 4717 2881 4843 EULAMPUE.

748 4952 947 5011 (Latine
978 4953 1105 5015 apud
1140 4951 1336 5000 Surium
1367 4952 1423 5000 ad
1459 4950 1589 5000 diem
1615 4952 1673 5001 10
1704 4949 1948 5010 Octobris,
1986 4950 2154 5001 Grece
2176 4964 2234 4999 ex
2261 4953 2368 5000 cod.
2397 4966 2485 5001 ms.
2512 4952 2663 5002 Paris.
2699 4965 2751 5002 ιι.
2781 4952 2923 5013 ιιδο)

307 5268 386 5319 A'.
423 5266 589 5333 Ἀρτι
620 5266 719 5333 τῆς
759 5263 1091 5329 Θεογνωσίας
1127 5266 1207 5326 εὶς
1249 5264 1424 5316 πάντα
1457 5262 1662 5327 κόσμον
1689 5261 1801 5313 δια·
1828 5264 1873 5322 C

233 5359 561 5427 τρεχούσης,
599 5359 693 5407 καὶ
732 5356 825 5409 τοῦ
869 5357 1117 5423 Σωτῆρος
1147 5356 1307 5423 ἡμῶν
1350 5353 1525 5419 Ἰησοῦ
1558 5352 1796 5422 Χριστοῦ

235 5451 332 5500 τοῦ
370 5452 532 5515 μόνον
558 5446 694 5496 θεοῦ
740 5448 895 5513 ἡμῶν
930 5450 1055 5505 τοὺς
1098 5444 1295 5497 ἑαυτοῦ
1340 5448 1623 5513 μάρτυρας
1656 5444 1808 5512 ἑπιρ-

242 5546 506 5613 ῥωνύντος
544 5541 637 5592 καὶ
668 5539 1045 5606 ἐπιλείψοντος
1069 5579 1084 5601 ,
1118 5538 1211 5591 τοῦ
1246 5538 1301 5589 δὲ
1329 5536 1565 5604 πονηροῦ
1597 5534 1690 5586 καὶ
1720 5552 1811 5603 μι-

245 5634 479 5688 σοκάὶοι)
529 5633 783 5700 δαίμονος
839 5634 963 5691 τοὺς
1004 5632 1235 5691 οἰκείους
1292 5629 1632 5699 θεράποντας
1678 5627 1813 5693 πρὸς

242 5726 342 5795 τὴν
400 5724 658 5776 ἁσέὄειαν
713 5724 1066 5791 ἐρεθίζοντος,
1138 5724 1350 5785 νεανίας
1400 5740 1484 5783 τις
1540 5722 1600 5773 τὸ
1656 5721 1810 5786 γένος

248 5818 580 5888 περιφανὴς,
603 5813 698 5880 τὴν
724 5816 848 5882 ὄψιν
870 5816 1216 5886 περικαλλὴς,
1243 5812 1569 5884 εὐπατρίδης
1593 5827 1648 5863 τε
1676 5827 1814 5878 γνω-

1979 5266 2019 5316 l.
2050 5264 2165 5317 Jam
2209 5265 2298 5317 Dei
2335 5263 2641 5331 cognitione
2687 5269 2856 5314 totum
2890 5259 3075 5313 orbem
3123 5260 3471 5327 pervadente,

1906 5367 1960 5408 et
2011 5356 2288 5411 Salvatore
2340 5355 2558 5422 quidem
2616 5354 2832 5406 Christo
2871 5351 3021 5411 Iesu.
3062 5353 3153 5419 qui
3206 5354 3353 5408 solus
3394 5365 3477 5410 est

1910 5446 2049 5497 Deus
2076 5459 2282 5506 noster,
2314 5460 2441 5498 suos
2485 5453 2749 5511 martyres
2787 5442 3142 5495 confirmante
3188 5460 3250 5498 ac
3290 5460 3476 5499 corro-

1913 5539 2139 5593 borante
2178 5556 2192 5589 :
2230 5537 2462 5606 maligno
2486 5548 2666 5589 autem
2716 5544 2771 5588 et
2803 5537 2957 5592 bonis
2989 5535 3185 5589 infesto
3232 5538 3479 5591 da'mone

1915 5647 2041 5683 suos
2081 5632 2149 5683 ad
2190 5630 2519 5698 impietatem
2565 5628 2824 5680 incitante
2856 5628 3085 5679 famulos
3122 5628 3479 5682 :adolescens

1922 5720 2165 5790 quidam,
2185 5715 2711 5784 Eulampiusdictus,
2738 5730 2936 5783 genere
2967 5716 3216 5785 insignis,
3247 5718 3478 5786 eleganti

1922 5811 2119 5881 specie,
2154 5823 2207 5863 et
2250 5808 2339 5878 qui
2368 5808 2506 5861 bona
2538 5824 2597 5861 ac
2642 5807 2782 5861 clara
2826 5807 3147 5863 noscebatur
3175 5821 3293 5861 esse
3324 5815 3485 5864 natus
