3968 6512
468 407 605 470 1055

1728 411 2009 470 MENSIS
2047 410 2410 469 OC'I‘OBER.

3572 404 3699 471 1056

469 516 663 586 patria.
699 531 893 584 nempe
943 516 1277 581 Nicomedia,
1300 527 1353 572 et
1395 528 1512 573 erat
1536 528 1759 573 ornatus
1784 519 2037 589 operibus

2169 521 2452 584 ιιζόμενος,
2504 520 2600 586 τῆς
2643 516 2750 586 γάρ
2787 517 3130 584 Νικομήδους
3173 516 3409 584 ὁρμᾶται
3453 516 3549 566 καὶ
3593 521 3699 575 τοῖς

468 608 706 677 pietatis,
743 623 864 661 cum
900 609 1061 662 nollet
1094 608 1339 662 habitare
1374 608 1424 662 in
1460 610 1823 664 tabernaculis
1853 626 2037 678 pecca-

469 708 671 765 torum,
702 707 757 751 et
782 698 1021 753 divinum
1048 697 1251 753 Christi
1283 714 1476 753 nomen
1502 700 1685 754 videre
1718 710 1823 753 tam
1858 700 2039 770 impu-

468 789 662 843 denter
706 789 916 843 irrideri
958 804 1021 844 ac
1064 791 1382 843 Subsanuari
1435 807 1540 844 non
1592 790 1876 845 ferendum
1920 803 2041 842 esse

468 892 743 943 censeret.
777 882 959 936 relicta
997 882 1145 935 urhis
1178 882 1531 942 habitatione.
1568 882 1915 951 amplectitur
1949 894 2042 932 so-

470 970 781 1028 litudinem.
817 973 881 1025 Et
916 987 1038 1025 cum
1070 972 1191 1025 vitae
1241 972 1587 1027 abstinentia.
1623 982 1677 1025 et
1709 984 1926 1023 secessu
1959 972 2042 1023 in-

472 1071 685 1116 ternum
728 1063 1000 1116 hominem
1050 1072 1424 1132 expurgasset.
1469 1061 1582 1114 zelo
1629 1062 1766 1114 sicut
1819 1074 2043 1130 magnus

472 1153 615 1209 Elias
642 1153 888 1207 refertam
917 1153 1139 1207 omnino
1163 1154 1385 1206 haberet
1403 1156 1660 1215 animam,
1684 1150 1867 1205 relicta
1898 1152 2043 1218 pari-

472 1258 553 1303 ter
572 1246 881 1311 solitudine,
901 1244 1181 1301 descendit
1212 1244 1279 1299 ad
1334 1243 1687 1298 habitandum
1720 1242 1774 1296 in
1800 1241 2041 1296 civitate.

545 1512 615 1567 II.
645 1511 781 1566 Cum
811 1518 991 1564 autem
1024 1508 1088 1563 ad
1122 1509 1495 1579 imperatorias
1524 1508 1937 1578 constitutiones
1960 1506 2043 1560 in-

475 1603 735 1659 tendisset
761 1602 966 1668 oculos,
998 1616 1117 1671 quae
1153 1616 1313 1669 supra
1346 1609 1527 1669 portas
1555 1600 1868 1668 proscripta:
1890 1608 2047 1653 erant

475 1695 725 1749 omnibus
761 1694 914 1747 valde
945 1693 1126 1747 ridens
1157 1692 1318 1746 talem
1350 1702 1623 1757 conatum,
1654 1692 1842 1745 fuitab
1869 1692 2047 1761 impiis

475 1786 848 1856 deprehensus
882 1784 1145 1853 protinus,
1172 1794 1226 1837 et
1259 1783 1438 1838 statim
1492 1784 1705 1836 vinctus
1738 1779 1838 1835 fuit
1865 1782 2049 1851 conje-

477 1886 601 1932 ctus
633 1877 687 1931 in
722 1876 1045 1940 custodiam,
1084 1887 1333 1943 tanquam
1365 1875 1537 1943 aliqua
1569 1874 1746 1943 praeda
1782 1874 2050 1929 sistendus

478 1984 661 2025 coram
702 1968 902 2036 judice.
945 1966 1234 2036 Postquam
1288 1975 1487 2031 autem,
1521 1966 1664 2034 quod
1697 1967 1895 2019 factum
1934 1966 2048 2020 fuc-

480 2069 585 2125 rat,
632 2060 868 2115 delatum
921 2058 1022 2113 fuit
1070 2061 1135 2114 ad
1189 2075 1348 2113 aures
1396 2059 1830 2129 magistratuum,
1888 2059 2049 2126 jussit

476 2148 640 2218 iudex
673 2163 794 2204 eum
844 2149 963 2203 duci
1001 2149 1064 2200 ad
1116 2148 1368 2203 tribunal.
1407 2146 1469 2200 Et
1513 2149 1757 2215 protinus
1786 2149 2052 2216 aSpiciens

481 2240 549 2293 ad
598 2255 722 2293 eum
768 2240 858 2307 qui
908 2238 1101 2292 ductus
1155 2234 1350 2298 fuerat,
1378 2252 1499 2292 cum
1552 2246 1769 2304 prOpter
1814 2246 2051 2290 teneram

483 2340 697 2384 aetatem
749 2337 1016 2397 sperasset
1058 2326 1171 2384 fore
1212 2336 1268 2381 ut
1305 2320 1475 2379 virum
1511 2336 1841 2397 expugnaret
1870 2326 2056 2379 fortis-

484 2425 680 2476 simum
702 2441 714 2476 :
736 2423 990 2486 Quantam
1017 2429 1118 2485 est,
1152 2421 1345 2489 inquit,
1380 2430 1523 2473 tanta
1550 2429 1659 2482 tua,
1688 2436 1807 2488 quae
1835 2419 2053 2480 dicitur.

484 2512 747 2572 amentia,
784 2526 901 2579 qua:
935 2513 1095 2563 etiam
1130 2525 1297 2578 prOpe
1337 2509 1518 2563 eﬂ'ecit
1548 2519 1606 2563 ut
1648 2512 1941 2563 deduceret
1987 2509 2054 2562 ad

486 2599 857 2668 asperitatem,
904 2598 1006 2653 nisi
1055 2598 1169 2669 ipsa
1228 2614 1347 2669 qua:
1388 2599 1484 2653 fuit
1525 2609 1812 2669 conspecta
1849 2600 2058 2667 species

489 2690 867 2761 persuasisset.
886 2706 998 2745 rem
1031 2706 1137 2744 non
1171 2691 1241 2744 ita
1285 2706 1344 2747 se
1380 2691 1577 2745 habere
1614 2709 1626 2744 :
1660 2701 1744 2745 est
1767 2692 1909 2744 enim
1937 2707 2054 2744 om-

492 2784 623 2836 nino
669 2782 928 2845 alicnum,
958 2790 1147 2835 etnon
1195 2790 1645 2845 consentaneum,
1678 2781 1817 2835 hanc
1863 2782 2059 2835 libera.

490 2870 597 2926 lem
646 2872 898 2935 formam,
929 2881 983 2926 et
1028 2884 1272 2941 apertum
1326 2874 1695 2929 characterem
1746 2874 2058 2937 nobilitatis,

495 2961 632 3019 facta
660 2964 877 3034 aggredi
918 2974 1021 3018 tam
1045 2965 1296 3020 audacia.
1334 2966 1471 3020 Ecce
1503 2982 1631 3036 ergo
1666 2966 1760 3020 tibi
1792 2966 2055 3036 proponi-

494 3062 585 3109 tur
635 3055 920 3109 multitudo
960 3056 1206 3119 deorum,
1238 3073 1357 3125 quae
1392 3058 1621 3112 diversis
1654 3058 2059 3128 operationibus

2143 611 2242 676 τῆς
2278 608 2565 669 εὐσεϐείας
2612 607 2794 675 ἔργοις
2844 606 3219 675 κοσμούμενος
3253 608 3311 658 ἐν
3350 606 3700 672 σκηνώμασιν

2144 698 2487 768 ἁμαρτωλῶν
2519 700 2791 751 κατοικεῖν
2836 699 2933 764 οὐχ
2963 696 3311 765 αἱρούμενον,
3357 701 3457 749 καὶ
3494 696 3685 759 ἀνέδην

2141 789 2283 843 οὕτω
2315 788 2376 839 τὸ
2406 786 2500 841 τοῦ
2537 786 2772 857 Χριστοῦ
2806 786 2949 838 θεῖον
2978 787 3148 855 ὄνομα
3199 788 3329 854 ὁρᾶν
3358 785 3698 854 διαχλευαζὸ-

2146 898 2323 950 μενον,
2354 880 2581 932 ἀνεκτὸν
2612 880 2707 949 οὐχ
2741 880 3064 947 ἡγούμενος,
3091 877 3309 945 ἀπάρας
3334 877 3443 927 τῶν
3478 876 3618 927 κατά
3645 877 3701 926 τι

2148 974 2283 1026 ἄστυ
2319 972 2636 1039 διατριϐῶν,
2688 972 2787 1041 τὴν
2834 972 3071 1040 ἐρημίαν
3123 970 3451 1032 ἀσπάζεται,
3511 970 3603 1020 καὶ
3632 968 3700 1035 τῷ

2144 1066 2400 1136 ἐγκρατεῖ
2437 1066 2526 1118 καὶ
2574 1063 2969 1136 ἀναχωρητικῷ
3005 1063 3103 1132 βίῳ
3142 1063 3232 1114 τὸν
3264 1063 3418 1123 ἐντὸς
3463 1058 3700 1112 ἀποκαθ-

2145 1134 2418 1228 ηράμενος
2494 1156 2778 1225 ἄνθρωπον
2808 1195 2823 1217 ,
2880 1134 2973 1207 καλ
3026 1154 3144 1215 ὅλος
3197 1152 3358 1221 ζήλου
3420 1151 3567 1203 κατά
3620 1151 3704 1201 τὸν

2150 1249 2322 1317 μέγαν
2360 1247 2545 1301 Ἠλίαν
2601 1245 2863 1315 πλησθεὶς
2915 1247 3012 1315 τὴν
3068 1244 3266 1313 ψυχὴν,
3323 1240 3423 1309 τὴν
3477 1239 3705 1307 ἐρημίαν

2144 1338 2423 1392 ἀπολιπιὶιν
2453 1334 2627 1403 αὖθις,
2664 1339 2797 1407 πρὸς
2822 1336 2921 1399 τάς
2965 1337 3021 1387 tv
3071 1334 3222 1387 πόλει
3256 1331 3537 1399 διαγωγὰς
3574 1329 3704 1382 κάτ-

2147 1447 2302 1483 εισιν.
2720 1466 2725 1473 .

2222 1523 2295 1575 B'.
2344 1520 2433 1582 ὀς
2473 1520 2527 1571 δὲ
2559 1519 2693 1589 πρὸς
2718 1518 2816 1579 τὰς
2852 1516 3137 1587 βασιλικὰς
3167 1516 3383 1584 ὴτένισε
3418 1514 3708 1577 διατάξεις,

2147 1612 2200 1664 αἳ
2229 1611 2336 1663 τῶν
2364 1608 2546 1662 πυλῶν
2571 1606 2803 1677 ὕπερθεν
2827 1607 3164 1676 ἀνάγραπτοι
3194 1607 3361 1657 πᾶσιν
3392 1604 3709 1680 ἐτύγχανον.

2152 1704 2291 1771 μέγα
2343 1699 2716 1767 καταγελάσας
2763 1697 2856 1750 τοῦ
2920 1696 3351 1765 ἐγχειρήματος,
3408 1693 3712 1760 κατάφορος

2154 1794 2316 1856 εὐθὺς
2352 1795 2469 1855 τοῖς
2519 1790 2773 1845 ἀσεϐέσιν
2825 1790 3062 1858 ἐγένετο,
3116 1791 3213 1841 καὶ
3260 1786 3480 1855 φυλακὴ
3532 1783 3714 1836 τοῦτον

2154 1882 2297 1955 εἶχεν
2338 1884 2538 1938 αὐτίκα
2581 1883 2822 1951 δέσμιον,
2867 1874 2979 1933 οἷον
3010 1895 3063 1931 τι
3109 1879 3331 1946 θήραμα
3365 1875 3713 1945 παραστησὰ-

2156 1994 2314 2046 μενον
2344 1975 2419 2043 τῷ
2457 1974 2755 2037 δικάζοντι.
2801 1972 2956 2023 Ἐπεὶ
2984 1970 3039 2022 δὲ
3072 1969 3205 2038 πρὸς
3229 1970 3326 2027 τὶς
3353 1968 3463 2020 τῶν
3493 1970 3553 2019 ὲν
3574 1966 3711 2017 τέλει

2154 2070 2319 2128 ἀκοὰς
2368 2066 2635 2135 ἀνηνέχθη
2692 2063 2753 2115 τὸ
2804 2061 3073 2128 γεγονὸς,
3133 2058 3417 2127 ἀγώγιμον
3475 2057 3638 2107 αὑτὸν
3688 2054 3714 2105 6

2157 2158 2413 2226 δικαστὴς
2447 2158 2580 2225 πρδις
2616 2156 2674 2207 τὸ
2706 2155 2853 2223 βῆμα
2896 2150 3148 2218 γενέσθαι
3175 2148 3598 2202 διεκελεύσατο·
3627 2146 3715 2197 καὶ

2160 2252 2217 2313 ὃς
2255 2254 2335 2311 εἰς
2391 2249 2553 2300 αὐτὸν
2606 2247 2841 2317 ἀχθέντα
2895 2243 3052 2303 εὐθὺς
3104 2241 3331 2301 ἀπιδὼν,
3378 2239 3472 2291 καὶ
3530 2237 3619 2289 διὰ
3664 2234 3721 2286 τὸ

2159 2344 2351 2408 νεάζον
2376 2345 2476 2411 τῆς
2508 2340 2725 2410 ἡλικίας
2756 2336 3012 2405 συλήσειν
3038 2333 3273 2394 ἐλπίζων
3299 2331 3389 2383 τὸν
3414 2327 3721 2398 γενναιότασ

2157 2454 2268 2500 τον,
2302 2436 2417 2497 Τίς,
2453 2427 2498 2487 ὧ
2526 2427 2701 2493 οὗτος,
2730 2432 2762 2499 ἡ
2795 2425 3029 2495 τοσαύτη
3064 2425 3189 2494 περὶ
3219 2422 3333 2485 σού,
3370 2422 3499 2489 ἔφη,
3543 2419 3721 2472 διαλα-

2161 2528 2397 2595 λουμένη
2442 2524 2709 2583 ἀναίδεια,
2755 2523 2791 2591 ἠ
2832 2537 2915 2583 τις
2953 2515 3149 2587 μικροῦ
3185 2532 3252 2584 με
3288 2516 3383 2566 καὶ
3415 2512 3559 2578 πρὸς
3597 2527 3722 2577 τρα-

2162 2620 2369 2688 χύτητα
2398 2615 2746 2684 ἐξενεχθῆναι
2777 2611 3096 2682 πεποίηκεν,
3132 2608 3180 2659 εί
3214 2605 3285 2676 μὴ
3330 2607 3467 2657 αὐτὸ
3496 2604 3558 2656 τὸ
3587 2598 3719 2663 εἶδος

2160 2712 2373 2773 θεαθὲν,
2411 2709 2483 2778 μὴ
2516 2706 2686 2767 οὕτως
2725 2705 2866 2774 ἔχειν
2917 2702 3237 2755 ἀνέπεισενο
3282 2696 3569 2765 ἀλλότριον
3616 2694 3721 2762 γὰρ

2161 2804 2336 2870 πάντη
2371 2800 2464 2854 καὶ
2509 2796 2893 2857 ἀνακόλουθον,
2930 2793 3062 2845 αἰδῶ
3097 2791 3352 2858 τοιαύτην
3402 2789 3500 2839 καὶ
3550 2803 3721 2854 χαρα-

2161 2897 2338 2963 κτῆρα
2392 2892 2725 2958 σαφέστατον
2786 2884 3082 2955 εὐγενείας,
3126 2882 3303 2951 ἔργοις
3367 2881 3723 2950 θρασυτέροις

2162 2990 2480 3059 ὲπιχειρεῖν.
2520 2984 2653 3037 Ἰδοὺ
2683 2980 2767 3034 abi.
2798 2981 2977 3033 τοίνυν
3007 2975 3213 3046 πληθὺς
3238 2974 3530 3042 πρόκειται
3560 2971 3716 3028 θεῶν,

2162 3082 2439 3147 διαφόροις
2495 3071 2950 3145 ἐνεργείαις.καὶ
2999 3069 3226 3137 κλήσεσι
3276 3059 3724 3116 καταπλουτοῦσα

493 3157 549 3203 et
580 3146 1011 3201 invocationibus
1057 3148 1158 3202 sibi
1204 3148 1406 3202 aﬂ'atim
1441 3159 1718 3217 comparat
1762 3150 2062 3203 veneratio-

2169 3173 2221 3225 τὸ
2257 3146 2454 3240 τίμιον,
2489 3168 2695 3237 ἀνέῳγέ
2726 3181 2808 3217 σοι
2834 3164 2926 3215 καὶ
2948 3162 3073 3222 ναὸς
3103 3157 3286 3219 αὑτός.
3346 3156 3535 3224 Βωμοὶ
3562 3154 3620 3208 δὲ
3649 3151 3723 3221 τῷ

492 3254 642 3304 nem;
670 3237 842 3305 ipsum
869 3252 1084 3307 quoque
1116 3240 1373 3307 templum
1402 3249 1484 3293 est
1509 3240 1600 3291 tibi
1636 3248 1880 3307 apettum
1903 3255 1918 3291 :
1943 3256 2036 3291 san

493 3330 656 3400 guine
686 3339 866 3382 autem
904 3344 1191 3398 conspersa
1218 3338 1518 3384 cernuntur
1538 3331 1759 3396 altaria;
1789 3330 2058 3400 publicum

495 3418 693 3473 festum
727 3418 1032 3475 celebratur
1054 3428 1109 3474 et
1139 3430 1324 3491 parata
1347 3432 1473 3476 sunt
1496 3438 1833 3492 quaecunque
1862 3438 2065 3477 conve-

498 3510 993 3566 niunt~sacrilicio.
1037 3512 1109 3566 Et
1154 3512 1249 3567 tibi
1292 3528 1420 3581 ergo
1460 3515 1664 3581 optime
1706 3514 1977 3572 consules.
2013 3522 2068 3566 et

500 3600 659 3657 nobis
678 3617 788 3655 rem
823 3611 1026 3671 gratam
1052 3602 1244 3666 facies,
1273 3603 1316 3655 si
1362 3604 1490 3657 deos
1517 3606 1772 3667 colueris,
1802 3614 1857 3658 et
1881 3605 1960 3658 eis
1984 3620 2068 3658 sa-

499 3689 849 3745 critlcaveris.
878 3690 1003 3746 Haec
1027 3702 1310 3762 tyrannus.

574 3802 663 3859 Ill.
698 3804 896 3875 Martyr
924 3817 1104 3862 autem
1144 3806 1346 3877 Spiritu
1394 3823 1582 3864 sancto
1631 3819 1774 3865 totus
1809 3812 2066 3882 repletus,

502 3909 626 3948 cum
658 3908 716 3948 se
746 3895 900 3965 signo
940 3898 1135 3960 crucis,
1172 3899 1340 3951 veluti
1379 3900 1697 3966 quibusdam
1727 3906 1909 3966 armis,
1951 3922 2068 3957 Illtl-

504 3986 695 4041 nii’sset
730 4006 742 4039 :
776 3986 921 4040 Vana
952 3998 1098 4050 sunt,
1132 3990 1429 4058 respondit,
1464 4005 1496 4044 o
1540 4006 1755 4060 praeses,
1794 4006 1913 4060 quae
1954 4008 1982 4046 a
2020 4003 2071 4045 te

506 4087 906 4149 proponuntur.
945 4080 1131 4149 Neque
1159 4083 1300 4135 enim
1330 4098 1394 4136 ex
1428 4085 1587 4138 rebus
1611 4086 1848 4139 externis
1880 4096 1933 4139 et
1955 4102 2073 4154 quae

507 4170 726 4225 minime
758 4170 959 4225 fuerint
1003 4174 1056 4225 in
1110 4182 1374 4241 potestate
1415 4175 1665 4243 alicujus,
1695 4177 1962 4229 metienda
1993 4187 2074 4231 est

508 4261 701 4328 pietas,
734 4277 851 4328 qua:
880 4273 1065 4331 aperte
1093 4271 1174 4317 est
1214 4265 1338 4318 boni
1384 4264 1615 4317 instituti
1645 4274 1696 4319 et
1733 4266 1783 4318 in
1810 4268 1975 4320 nostri
2010 4268 2074 4320 li-

507 4352 623 4406 beri
664 4353 872 4407 arbitrii
927 4355 1026 4409 sita
1078 4364 1163 4408 est
1214 4365 1497 4424 potestate.
1540 4359 1731 4423 Atque.
1763 4358 1807 4410 si
1860 4359 2074 4425 quidem

511 4443 622 4497 fieri
676 4459 785 4497 non
839 4454 1015 4513 potest
1067 4448 1156 4514 (ne
1202 4457 1252 4499 te
1300 4463 1407 4501 nou
1445 4448 1579 4505 velle
1632 4448 1864 4515 dicam),
1914 4458 1968 4501 ut
2013 4450 2076 4500 ad

2164 3263 2347 3333 λύθρῳ
2401 3261 2512 3313 τῶν
2565 3257 2815 3327 αίμάτων
2869 3252 3288 3323 περιρρεόμενοι
3331 3246 3724 3315 τεθεώρηνται,

2167 3356 2449 3423 πάνδημος
2486 3352 2659 3420 ἑορτὴ.
2702 3346 3154 3414 συγκεκρότηται,
3191 3340 3284 3392 καὶ
3332 3338 3441 3389 τῶν
3494 3336 3729 3400 ἀγγείων

2168 3451 2270 3503 ὅσα
2300 3445 2434 3514 προς
2487 3442 2676 3494 θυσίαν
2726 3436 3036 3504 κατάλληλα
3072 3428 3605 3501 προσηυτρέπισται.
3650 3423 3729 3475 Tt

2167 3540 2432 3593 κάλλιστα
2463 3533 2593 3603 γοῦν
2629 3531 2841 3600 σεαυτῷ
2880 3531 2975 3581 καὶ
3026 3526 3160 3593 ἡμῖν
3190 3519 3467 3591 χαρίσαιο,
3524 3517 3573 3569 εί
3607 3517 3728 3579 τοὺς

2169 3631 2323 3693 θεοὺς
2357 3630 2642 3697 τιμήσεισις
2699 3624 2798 3675 παὶ
2830 3620 3011 3681 αὐτοῖς
3042 3614 3349 3677 ἐπιθύσαις.
3406 3610 3601 3665 Καὶτά
3638 3608 3735 3678 μὲν

2167 3722 2259 3776 τοῦ
2292 3722 2549 3788 τυράννου
2580 3714 2822 3770 τοιαῦτα.

2242 3814 2321 3867 Γ’.
2396 3814 2455 3863 ⁸0
2520 3810 2575 3862 δὲ
2638 3808 2847 3877 μάρτυς
2902 3804 3021 3865 ὅλος
3069 3801 3203 3861 ὅλως
3258 3796 3351 3849 τοῦ
3421 3794 3737 3861 Πνεύματος

2170 3906 2263 3958 τοῦ
2327 3902 2483 3971 ἀγίου
2543 3900 2852 3967 γενόμενος,
2910 3895 3004 3947 καὶ
3070 3890 3143 3958 τῷ
3184 3886 3287 3940 τοῦ
3346 3882 3587 3954 σταυροῦ
3648 3897 3739 3951 ση-

2178 3998 2315 4065 μεῖῳ
2367 3992 2481 4047 οἷον
2539 3990 2688 4058 ὅπλῳ
2736 3989 2841 4040 τινὶ
2912 3980 3407 4052 περιφραξάμενος,
3504 3974 3736 4065 Μάταια,

2174 4080 2217 4140 ὦ
2262 4064 2504 4155 ἡγεμὼν,
2570 4080 2921 4150 ἀπεκρίνατο,
2972 4075 3040 4127 τὰ
3096 4073 3253 4142 παρὰ
3292 4069 3421 4155 σοῦ“
3462 4064 3740 4155 προτεινὸ-

2179 4149 2336 4244 μενα,
2370 4149 2491 4224 οὐδὲ
2526 4174 2632 4239 γὰρ
2682 4149 2789 4220 ἀπὸ
2844 4166 2951 4217 τῶν
3010 4162 3187 4223 ἐκτὸς,
3245 4158 3338 4210 καὶ
3386 4149 3463 4208 ὧν
3519 4155 3621 4207 οὐκ
3679 4151 3740 4203 ἀν

2175 4284 2259 4329 τις
2322 4266 2529 4332 γένοιτο
2601 4259 2823 4330 κύριος,
2906 4257 2968 4308 τὸ
3058 4250 3300 4304 εὐσεϐεῖν
3363 4246 3737 4315 δοκιμάζεται,

2182 4357 2556 4427 προαιρέσεως
2603 4351 2813 4419 ἀγαθῆς
2865 4347 2961 4397 καὶ
3008 4343 3115 4396 τῶν
3165 4340 3250 4410 ἐφ’
3303 4340 3434 4409 ἡμῖν
3485 4338 3740 4427 ἄντικρυς

2182 4423 2443 4514 ὑπάρχον.
2486 4443 2544 4494 Εἰ
2577 4441 2675 4509 μὲν
2704 4438 2795 4490 οὖν
2821 4435 3078 4490 ἀδύνατον
3103 4434 3187 4484 ἵνα
3236 4431 3309 4498 μὴ
3340 4429 3487 4493 λέγω
3510 4423 3741 4514 ἀϐούληο

515 4549 680 4588 unum
722 4542 776 4589 et
830 4536 1031 4589 trinum
1082 4538 1325 4592 omnium
1357 4539 1586 4606 aspicias
1633 4538 1978 4607 principium,
2014 4541 2062 4591 al

2185 4556 2275 4590 τον
2300 4508 2444 4600 ’τέρδς
2480 4508 2586 4602 τὴν
2619 4530 2747 4601 μίαν
2779 4545 2838 4581 σε
2877 4529 2967 4581 καὶ
2999 4524 3215 4577 πάντων
3244 4517 3533 4588 τριαδικὴν
3576 4508 3742 4583 ἀρχὴν

513 4641 701 4680 eorum
740 4626 951 4689 saltem,
985 4644 1103 4698 qua;
1138 4628 1397 4698 producta
1432 4629 1652 4685 inerunt
1692 4632 1834 4686 bono
1864 4632 2075 4697 ordine,

514 4718 664 4770 disce
688 4717 852 4770 Deum
883 4720 1279 4774 universorum.
1320 4722 1412 4775 Sin
1444 4735 1623 4777 autem
1674 4724 1897 4778 deorum
1946 4739 2079 4790 prae-

516 4806 624 4860 l'ers
656 4804 1080 4872 multitudinem,
1109 4824 1203 4876 per
1226 4826 1360 4877 quos
1376 4810 1728 4879 simpliciores
1757 4811 1978 4864 deducis
2012 4809 2079 4863 ad

517 4897 830 4952 barathrum
873 4898 1148 4963 interitus,
1178 4907 1233 4953 at
1262 4915 1362 4968 ego
1394 4902 1607 4970 quidem
1638 4918 1737 4955 nec
1786 4917 1846 4954 ea
1879 4916 1996 4969 qua:
2023 4907 2076 4952 tu

516 4988 657 5043 dicis
685 4988 874 5042 audire
902 4992 1167 5055 sustineo,
1210 5008 1384 5062 neque
1417 4994 1471 5047 in
1510 4994 1748 5047 animum
1776 4994 1992 5054 induco.
2022 5001 2081 5045 ut
2120 5052 2123 5057 λ

520 5080 718 5135 talibus
745 5080 985 5137 delecter
1023 5085 1323 5147 sacriﬁciis,
1359 5088 1527 5154 utqui
1560 5088 1659 5142 sim
1686 5088 1940 5156 praeditus
1968 5086 2086 5138 ani—

522 5186 609 5227 ina
652 5171 916 5243 participe
966 5174 1209 5236 rationis,
1254 5186 1309 5231 et
1356 5177 1422 5231 ad
1473 5192 1765 5246 supernum
1822 5176 2078 5229 mundum

524 5271 709 5330 aperte
750 5278 1077 5332 properem:
1113 5265 1214 5321 soli
1261 5277 1442 5322 autem
1496 5280 1689 5322 natura
1741 5268 1869 5331 Deo,
1899 5276 1953 5321 et
1991 5267 2083 5335 qui

524 5365 632 5406 non
664 5359 749 5405 est
791 5353 1149 5419 aspectabilis,
1175 5354 1489 5410 sacriﬁcabo
1519 5355 1843 5409 sacriﬁcium
1889 5353 2083 5415 laudis,

523 5452 577 5498 et
614 5443 713 5513 ipsi
754 5442 978 5497 reddam
1027 5455 1150 5501 vota
1182 5462 1299 5501 mea
1343 5461 1519 5501 coram
1568 5455 1678 5500 toto
1717 5446 1916 5514 populo
1946 5446 2089 5513 ejus.

527 5533 620 5592 His
644 5536 723 5590 sic
753 5537 933 5603 dictis,
976 5544 1255 5606 tyrannus,
1287 5538 1528 5609 deposita
1567 5552 1793 5607 persona
1830 5536 2087 5599 lenitatis,

524 5628 679 5695 jubet
721 5629 938 5697 quidem
990 5629 1115 5684 exui
1162 5642 1469 5702 martyrem,
1495 5641 1550 5685 et
1602 5630 1749 5684 humi
1784 5640 2087 5694 extensum,

534 5718 880 5774 vehementer
908 5720 1201 5776 verberari.

2186 4628 2421 4692 ἀπιδεῖν,
2472 4626 2571 4679 κᾶν
2623 4623 2731 4676 ἀπὸ
2765 4621 2862 4689 τῆς
2903 4618 3011 4671 τῶν
3061 4610 3434 4683 παρηγμένων
3470 4606 3743 4670 εὐταξίας,

2182 4723 2272 4775 τὸν
2328 4714 2708 4786 γενεσιουργδν
2744 4713 2852 4764 τῶν
2896 4712 3032 4761 ὅλων
3062 4705 3195 4758 Θεὸν
3228 4700 3633 4773 μαθητεύθητι.
3687 4698 3746 4749 Ei

2184 4814 2241 4867 δὲ
2272 4812 2407 4864 θεῶν
2436 4807 2647 4877 πληθὺν
2676 4802 2977 4873 προτιμᾷς,
2999 4799 3066 4852 δι’
3096 4792 3169 4851 ὧν
3199 4796 3323 4856 τοὺς
3348 4791 3747 4860 ἁπλουστέρους

2190 4902 2462 4975 χλευάζων
2489 4898 2625 4970 πρὸς
2654 4896 2712 4951 τὸ
2742 4895 2842 4964 τῆς
2873 4890 3147 4950 ἀπωλείας
3167 4886 3427 4950 κατάγεις
3452 4881 3747 4975 βάραθρον,

2192 4972 2306 5049 ἀλλ’
2343 4991 2453 5060 ἐγὼ
2514 4989 2636 5044 οὗτε
2687 4987 2906 5042 ἀκούειν
2958 4977 3032 5036 ὧν
3069 4981 3133 5031 σὺ
3164 4977 3268 5046 φὴς
3304 4975 3595 5045 ἀνέχομαι.
3632 4972 3749 5025 οὗτε

2192 5085 2404 5145 θυσίαις
2431 5081 2711 5142 τοιαύταις
2744 5077 2956 5147 χαίρειν
2988 5072 3333 5143 προῄρημαι,
3365 5069 3459 5121 ᾰτε
3486 5065 3637 5134 ψυχῇ
3670 5064 3754 5117 λο-

2193 5180 2321 5248 γικῇ
2375 5175 2651 5245 τιμηθεὶς,
2708 5170 2801 5222 καὶ
2853 5166 2989 5236 πρὸς
3046 5167 3137 5218 τὸν
3192 5164 3303 5216 ἀνω
3334 5160 3542 5225 κόσμον
3571 5156 3754 5248 σαφᾲῶς

2195 5246 2589 5339 ἐπειγόμενος·
2628 5264 2773 5331 μόνῳ
2808 5259 2864 5314 δὲ
2916 5259 2992 5330 τῷ
3040 5257 3198 5327 φύσει
3244 5251 3457 5320 ἀοράτῳ
3487 5247 3631 5316 Θεῷ,
3668 5246 3756 5296 0o-

2204 5364 2325 5416 σίαν
2358 5338 2507 5415 θύσω
2546 5357 2830 5418 αἰνέσεως,
2864 5352 2959 5405 καὶ
2986 5346 3136 5415 αὐτῷ
3165 5346 3264 5406 τὰς
3294 5340 3457 5409 εὐχάς
3492 5354 3594 5406 μου
3628 5338 3746 5387 ἀποο

2196 5452 2351 5508 δώσω
2406 5448 2649 5504 ἐναντίον
2700 5443 2901 5505 παντὸς
2966 5438 3061 5492 τοῦ
3110 5433 3241 5488 λαοῦ
3295 5430 3480 5487 αὑτοῦ.
3542 5426 3755 5479 Τούτων

2197 5530 2339 5597 ούτω
2363 5542 2681 5611 λεχθέντων,
2710 5537 2767 5590 τδ
2790 5536 2889 5602 τῆς
2917 5528 3215 5589 ἐπιεικείας
3233 5521 3568 5589 ἀποθέμενος
3594 5529 3757 5611 προσ-

2201 5639 2399 5691 ωτιεῖον
2466 5634 2494 5684 ὁ
2548 5632 2830 5701 τύραννος,
2878 5620 3229 5692 περιδύεσθαι
3285 5614 3382 5683 μὲν
3436 5610 3755 5679 προστάττει

2203 5731 2294 5781 τὸν
2347 5698 2627 5796 μάρτυρα,
2672 5719 2766 5773 καὶ
2823 5716 2912 5770 ἔπι
2966 5715 3069 5782 γῆς
3116 5707 3347 5764 ταθᾶντα
3404 5698 3757 5772 σφοδρότερον

2204 5820 2516 5874 τύπτεσθαι.
