3968 6466
189 390 329 454 1057

1012 388 1475 451 MARTYRIUM
1519 388 1603 447 SS
1638 389 2013 450 EULAMPII
2053 392 2146 451 ET
2186 392 2610 454 EULAMPUE.

3303 391 3438 460 1058

259 504 336 560 A'.
377 504 468 569 Ὠς
495 501 553 557 δὲ
592 501 859 570 γενναίως
902 502 996 556 καὶ⁵
1026 501 1293 572 άνδρικως
1319 501 1348 553 6
1397 497 1608 571 μάρτυς
1631 500 1763 553 άντ-

1940 500 2028 554 IV.
2056 501 2351 572 Postquam
2386 512 2566 558 autem
2601 511 2805 575 martyr
2833 518 3093 576 generose
3124 511 3180 558 et
3225 503 3443 560 fortiter

186 598 309 667 εῐχε
365 594 500 665 πρὸς
536 592 637 657 τὰς
674 592 968 663 βασάνους,
999 593 1093 646 καὶ
1134 593 1253 646 οὐδὲ
1291 592 1496 662 μικρὰν
1526 593 1757 644 ἐπεπόν-

185 686 274 739 θει
314 684 628 751 ἀλλοίωσιν,
660 683 1007 748 διπλασιάζει
1048 682 1109 736 τὸ
1150 683 1314 752 δριμὺ
1341 685 1440 752 τῆς
1485 681 1757 742 κολάσεως

186 780 219 830 6
267 775 531 839 δικάζων,
571 774 669 828 καὶ
723 773 936 843 νεύροις
984 773 1332 837 λεπτοτάτοις
1398 770 1756 841 μαστίξεσθαι

180 868 377 922 τοῦτον
405 868 779 939 ἀπηνέστερον
823 866 1189 919 διατάττεται.
1232 867 1298 918 Ἀ
1338 865 1495 934 δίκην
1522 864 1758 933 νιφάδων

179 961 263 1031 τῷ
313 959 637 1030 μαρτυρικῷ
681 958 1052 1028 ἐπιφερόμενα
1103 957 1337 1028 σώματι,
1389 956 1593 1025 πολλὴν
1642 957 1759 1018 τοῖς

180 1052 485 1105 πεπονθόσι
518 1050 708 1121 μέρεσι
736 1050 836 1120 τὴν
873 1049 973 1118 τῆς
1005 1049 1198 1119 ὀδύνης
1230 1048 1483 1116 αἴσθησιν
1508 1047 1758 1117 ἐνειργά-

178 1143 310 1208 ζετο
331 1161 346 1176 '
371 1145 505 1197 ἀλλά
539 1144 633 1195 καὶ
655 1140 828 1204 οὕτως
850 1143 878 1195 6
904 1143 1113 1212 μάρτυς
1135 1141 1286 1193 οὐδὲν
1314 1139 1469 1208 ὤφθη
1494 1140 1586 1191 τοῦ
1623 1155 1757 1208 φρο-

178 1237 431 1305 νήματος
476 1234 727 1299 ὕπανεὶς,
776 1234 808 1303 ἦ
876 1234 978 1301 τῆς
1032 1234 1170 1301 πρὸς
1213 1232 1304 1285 τὸν
1351 1233 1555 1302 Κύριον
1599 1231 1756 1300 ἡμῶν

177 1326 494 1388 ἐνδεδωκὼς
525 1328 781 1389 πίστεως.
829 1324 1109 1379 Ἐντεῦθεν
1154 1324 1548 1393 άλλεπάλληλοι
1586 1323 1757 1392 βασά-

178 1436 291 1470 νων
332 1416 465 1469 ίδὲαι
493 1415 745 1486 καθάπερ
792 1415 1012 1484 κύματα
1043 1413 1122 1483 τῷ
1153 1415 1391 1483 μάρτυρι
1442 1415 1754 1484 προσερῤή-

176 1524 397 1575 γνυντο.
441 1506 618 1569 Εὐθὺς
648 1506 757 1575 γάρ
787 1507 815 1559 6
846 1506 1112 1574 τύραννος
1142 1505 1278 1572 πρὸς
1316 1505 1507 1575 ἑτέραν
1539 1505 1758 1576 εὕρεσιν

184 1596 465 1667 τιμωρίας
515 1600 798 1667 ἐτρέπετο,
851 1598 949 1651 καὶ
997 1598 1140 1667 ξύλῳ
1162 1598 1255 1650 τὸν
1303 1597 1618 1664 ἀδάμαστον
1662 1599 1759 1652 άν-

178 1689 411 1759 δριάντα
454 1691 877 1760 προσαναρτῶν,
939 1688 1159 1758 ξεσμοτς
1219 1692 1319 1751 τὰς
1359 1691 1571 1760 σάρκας
1595 1708 1761 1743 κατε-

178 1782 423 1847 δαπάνα,
455 1784 548 1836 καὶ
574 1779 643 1852 ἦν
676 1783 835 1852 μέχρι
875 1782 1093 1852 μυελῶν
1118 1786 1212 1834 καὶ
1247 1781 1449 1834 ὀστέων
1477 1782 1659 1834 αὐτῶν
1696 1783 1756 1835 τὸ

176 1878 350 1945 ἄλγος
405 1876 790 1943 ὑποδυόμενον,
841 1876 939 1927 καὶ
981 1874 1089 1927 τῶν
1140 1875 1373 1943 καιρίων
1429 1874 1609 1943 μερῶν
1656 1873 1751 1926 τοῦ

176 1966 438 2037 σώματος
469 1966 872 2035 ἐφαπτόμενον.
920 1965 981 2018 ⁸0
1012 1966 1070 2019 δὲ
1105 1966 1336 2036 μάρτυς,
1365 1964 1531 2035 εὐχὴν
1558 1967 1626 2035 τῇ
1658 1964 1752 2035 βα-

174 2062 329 2129 σάνῳ
367 2060 768 2128 συγκεραννὺς,
818 2059 915 2113 καὶ
962 2061 1042 2122 εἰς
1092 2059 1412 2126 ἐπικουρίαν
1444 2056 1537 2110 τὸν
1582 2056 1749 2110 αὐτοῦ

171 2155 474 2223 semota,»
505 2154 903 2222 ἐπιϐοώμενος,
946 2153 1007 2206 οὺ
1052 2154 1284 2221 πάσχειν
1313 2149 1533 2220 μᾶλλον,
1567 2149 1597 2219 ἢ
1632 2149 1749 2201 ἐτέ-

175 2264 274 2314 ρου
300 2246 626 2315 πάσχοντος,
665 2246 829 2306 αὐτὸς
857 2238 999 2294 εἶναι
1023 2242 1217 2314 θεατὴς
1243 2241 1549 2311 ἐνομίζετο.
1595 2240 1750 2294 Ἐπεὶ

171 2338 230 2390 δέ
267 2337 473 2399 ίκανῶς
512 2336 781 2404 ἐνήθλησε
824 2336 938 2397 τοῖς
972 2334 1215 2403 ξεσμοῖς,
1272 2338 1366 2405 κα).
1405 2335 1513 2387 πᾶν
1564 2332 1751 2387 διατα-

174 2426 398 2496 ραχθέν,
439 2425 501 2477 τὸ
538 2424 697 2493 σῶμα
728 2423 1025 2494 προῦκειτο
1053 2424 1315 2492 δυσειδὲς,
1351 2424 1604 2491 δαίμονες
1650 2424 1751 2493 μέν

169 2518 249 2581 ὡς
281 2517 430 2584 είκδς
485 2516 937 2582 ὑπεξανίσταντο,
968 2516 1099 2577 Θεὸς
1125 2516 1183 2568 δέ
1210 2517 1300 2569 τὸν
1317 2519 1517 2570 οἰκεῖον
1543 2516 1750 2570 άνωθεν

171 2610 394 2679 ἐνίσχυε
427 2608 781 2678 στεφανίτην,
820 2608 915 2660 καὶ
959 2608 987 2660 6
1034 2605 1295 2676 δικαστὴς
1344 2606 1536 2659 ἐαυτὸν
1577 2607 1750 2675 ἡττώ-

173 2718 338 2771 μενον
370 2699 639 2771 καθορῶν,
675 2699 750 2762 ὡς
796 2700 931 2770 μήτε
980 2698 1161 2768 λόγοις
1197 2692 1306 2762 οἷός
1336 2715 1394 2753 τε.
1437 2696 1514 2750 ῶν
1540 2697 1749 2750 πείθειν

167 2792 263 2843 τδν
295 2791 594 2859 πάσχοντα,
643 2792 781 2861 μήτε
842 2790 1127 2857 θωπείαις,
1188 2792 1325 2861 μήτε
1375 2789 1516 2843 τισίν
1561 2789 1748 2853 ἄλλαις

170 2883 468 2948 ἐπινοίαις,
501 2883 595 2935 ἐπὶ⁵
622 2883 880 2951 τοιαύτην
925 2885 1095 2953 χωρεί
1145 2883 1401 2953 βάσανον,
1446 2878 1510 2952 ἧς
1558 2884 1749 2953 ηάκοὴ

168 2975 284 3035 τοῖς
304 2973 412 3027 dial.
434 2974 530 3027 καὶ
572 2972 734 3042 μόνον
772 2972 1145 3043 ἐμπίπτουσα,
1179 2974 1569 3043 συνταράττειν
1592 2973 1750 3027 δύνα-

172 3083 286 3129 ται,
334 3066 432 3118 καὶ
466 3066 690 3134 συγχεῖν
720 3065 813 3117 καὶ
853 3062 977 3116 νοῦν
1003 3063 1098 3115 καὶ
1122 3064 1385 3117 διάνοιαν.
1428 3062 1609 3132 Ἱμάσι
1638 3064 1746 3133 γάρ

1860 594 2059 647 restitit
2091 597 2395 660 tormentis,
2428 605 2483 650 et
2514 611 2611 651 nec
2643 596 2915 651 tantillum
2942 596 3160 666 quidem
3191 595 3293 650 fuit
3316 610 3439 650 mu-

1859 692 2021 746 tatus,
2079 687 2428 741 acerbitatem
2479 688 2729 757 supplicii
2765 688 2931 757 judex
2979 698 3157 757 auget,
3202 702 3440 757 eumque

1858 776 2040 829 nervis
2071 776 2202 830 caedi
2232 777 2571 833 tenuissimis
2613 779 2837 847 imperat
2858 778 3287 843 crudeliter.Qul
3314 792 3437 833 cum

1858 866 1983 919 nive
2018 867 2249 935 spissius
2302 869 2555 937 martyris
2598 868 2811 939 corpori
2876 868 3273 935 inﬂigerentur,
3305 868 3437 923 εσθ-

1859 956 1964 1011 ctis
2014 957 2256 1025 partibus
2282 958 2584 1013 aﬂ‘erebant
2630 975 2882 1030 magnum
2944 974 3164 1014 sensum
3213 960 3437 1015 doloris.

1861 1045 1964 1099 Sed
1998 1047 2075 1101 sic
2097 1063 2314 1117 quoque
2356 1060 2558 1119 martyr
2594 1049 2731 1105 nihil
2766 1050 2917 1104 visus
2945 1060 3029 1103 est
3072 1050 3345 1105 remisisse
3374 1051 3440 1105 de

1858 1152 1954 1191 sua
1988 1138 2154 1192 animi
2186 1140 2566 1209 magnitudine
2602 1150 2694 1194 aut
2720 1139 2787 1193 de
2815 1156 2911 1193 sua
2942 1140 3045 1195 ﬁde
3081 1140 3135 1194 in
3161 1140 3437 1196 Christum

1859 1232 2149 1287 Dominum
2183 1244 2429 1289 nostrum
2460 1234 2664 1303 aliquid
2702 1235 2992 1290 relaxasse.
3020 1234 3158 1290 Hinc
3188 1235 3441 1305 frequen-

1860 1332 1962 1387 tes,
1993 1334 2045 1381 et
2072 1341 2130 1380 se
2159 1327 2392 1380 invicem
2439 1336 2840 1396 consequentes
2888 1335 3283 1381 tormentorum
3318 1342 3440 1397 spe-

1858 1400 1990 1469 cies.
2024 1428 2278 1486 tanquam
2332 1417 2549 1481 fluctus,
2597 1419 2958 1488 erumpebant
3008 1419 3063 1473 in
3122 1427 3431 1489 martyrem.

1860 1498 2055 1559 Statim
2089 1509 2233 1561 enim
2280 1525 2579 1564 conversus
2609 1521 2691 1564 est
2732 1521 2992 1580 tyrannus
3038 1511 3105 1564 ad
3149 1510 3439 1565 invenien-

1857 1595 1986 1650 dttm
2015 1596 2159 1650 aliud
2193 1599 2518 1667 supplicium
2557 1617 2569 1651 :
2606 1612 2660 1654 et
2685 1600 2831 1671 ligno
2863 1600 3178 1669 appendens
3201 1599 3440 1653 indomi-

1860 1697 1966 1742 tam
1995 1698 2249 1753 statuam,
2276 1693 2633 1747 consumebat
2675 1706 2869 1745 carnes
2906 1692 3348 1752 lacerationibus,
3384 1698 3437 1748 et

1860 1782 1927 1836 ad
1954 1782 2219 1836 medullas
2249 1795 2300 1837 et
2342 1798 2463 1837 ossa
2497 1800 2668 1852 usque
2714 1784 2926 1838 subibat
2961 1783 3115 1838 dolor
3151 1792 3207 1838 et
3234 1782 3435 1852 princi-

1860 1873 2008 1943 pales
2039 1884 2222 1943 partes
2247 1876 2494 1943 corporis
2531 1876 2852 1945 attingebat.
2885 1875 3084 1946 Martyr
3114 1884 3293 1931 autem
3319 1887 3441 1944 pre-

1858 1964 2013 2020 cibus
2042 1969 2374 2021 tormentum
2405 1976 2850 2035 contemperans,
2885 1975 2939 2021 et
2968 1967 3051 2021 sul
3090 1966 3439 2036 Agonotbetat

1858 2057 2117 2111 auxilium
2187 2058 2470 2123 invocans,
2523 2073 2633 2111 non
2692 2058 2865 2129 magis
2919 2057 3247 2112 censebatur
3324 2059 3436 2127 patl

1857 2162 2019 2216 quam
2060 2148 2167 2202 alio
2194 2150 2435 2218 patiente
2491 2149 2605 2219 ipse
2652 2164 2773 2204 esse
2828 2160 3121 2220 spectator.
3149 2149 3435 2219 Postquam

1855 2247 2040 2293 autem
2084 2239 2217 2293 satis
2263 2238 2562 2293 decertavit
2611 2240 2875 2294 adversus
2921 2241 3439 2308 dilacerationes,et

1856 2329 2174 2384 universum
2242 2329 2593 2418 \discerptum
2663 2345 2863 2399 corpus
2930 2332 3271 2402 propositum
3333 2334 3438 2389 fuit

1856 2430 2077 2489 aspectu
2104 2430 2325 2485 tetrum,
2348 2420 2625 2475 daemones
2655 2421 2896 2491 quidem,
2929 2430 2992 2476 ut
3015 2438 3111 2491 par
3137 2432 3275 2486 erat,
3300 2436 3436 2480 mce-

1857 2512 2071 2575 rebant,
2099 2510 2243 2566 Deus
2297 2520 2479 2565 autem
2527 2526 2559 2565 e
2605 2513 2820 2579 superis
2864 2512 3169 2567 exsultabat
3216 2523 3438 2584 propter

1855 2616 2014 2656 suum
2065 2615 2266 2654 corona
2312 2601 2622 2655 redimitum
2672 2602 2951 2658 athletam.
3005 2601 3179 2657 Judex
3238 2605 3435 2661 deinde

1855 2707 2087 2747 cernens
2114 2707 2173 2747 se
2205 2706 2328 2747 esse
2374 2705 2717 2763 superatum,
2740 2710 2864 2749 cum
2920 2711 3022 2755 nec
3052 2696 3228 2751 verbis
3258 2708 3438 2767 posset

1855 2784 2186 2853 persuadere
2233 2784 2485 2853 patienti,
2524 2800 2627 2839 nec
2681 2786 2978 2850 blanditiis,
3014 2802 3116 2842 nec
3161 2788 3284 2842 ullis
3315 2788 3438 2844 aliis

1858 2875 2177 2938 rationibus,
2221 2874 2465 2944 procedit
2496 2874 2563 2928 ad
2598 2873 2703 2928 tale
2733 2877 3249 2946 tormentum.quod
3279 2878 3326 2931 si
3351 2877 3437 2932 vel

1855 2968 2032 3024 solum
2081 2968 2149 3022 ad
2194 2982 2353 3023 aures
2410 2967 2713 3036 perveniat,
2755 2974 2936 3037 potest
2996 2966 3323 3024 conturbare
3373 2985 3439 3026 ac

1853 3058 2191 3112 confundere
2213 3068 2448 3112 mentem
2476 3069 2530 3112 et
2558 3059 2964 3128 cogitationem.
2988 3056 3269 3113 Tenuibus
3287 3059 3436 3115 enim

168 3156 387 3219 λεπτοῖς
416 3155 543 3218 τοὺς
577 3153 687 3209 τῶν
709 3153 888 3207 ποδῶν
910 3154 1003 3207 καὶ
1024 3155 1222 3225 χειρῶν
1250 3171 1312 3206 πε
1320 3153 1741 3224 ρισφιγχθέντας

1855 3148 1986 3204 loris
2032 3147 2230 3219 pedum
2283 3156 2340 3201 et
2384 3161 2643 3201 manuum
2689 3148 2981 3203 adstrictos
3033 3147 3233 3217 digitos
3280 3149 3439 3220 jubet

168 3247 493 3314 δακτύλους,
530 3249 611 3311 είς
642 3247 890 3299 τούπίσω
923 3246 1342 3316 περιενεχθῆναι
1377 3246 1570 3317 βιαίως
1618 3245 1740 3306 δια-

170 3335 481 3399 κελεύεται,
507 3338 601 3388 καὶ
628 3336 783 3403 δίκην
804 3335 1062 3403 πτόρθου,
1087 3337 1157 3387 τὰ
1177 3337 1269 3387 τοῦ
1298 3338 1580 3405 μάρτυρος
1604 3336 1747 3405 μέρη

170 3442 239 3478 πε
250 3426 558 3495 ριλυγίσας,
584 3425 856 3495 ἀφόρητον
872 3424 1015 3478 οὕτω
1030 3426 1127 3495 τὴν
1146 3425 1416 3495 τιμωρίαν
1439 3426 1748 3495 εἰργάζετο.

183 3518 485 3587 ’Δγκὼνων
510 3518 619 3589 γὰρ
644 3517 1123 3588 συνθραυομένων,
1164 3518 1386 3591 σφυρῶν
1428 3518 1748 3587 συνθλωμέ-

177 3630 312 3675 νων,
374 3611 587 3664 σκελῶν
641 3610 1107 3680 ουντριὸομένων,
1156 3615 1250 3663 καὶ
1293 3614 1456 3664 οἱονεὶ
1486 3611 1751 3679 διατετρι-

177 3705 359 3771 γότων
392 3707 460 3771 τῇ
512 3702 603 3773 βία
654 3702 753 3771 τῆς
804 3704 1066 3767 στάσεως,
1124 3702 1325 3773 μικροῦ
1380 3702 1748 3756 θανατοῦσθαι

172 3795 459 3848 συνέϐαινε
490 3795 580 3846 τὸν
605 3794 867 3862 ἀθλητὴν,
894 3796 988 3846 its
1013 3797 1113 3862 τῆς
1154 3795 1421 3863 ἁρμονίας
1467 3794 1573 3847 τῶν
1614 3795 1749 3847 ὅλων

175 3885 271 3937 τοῦ
302 3882 557 3952 σώματος
581 3882 785 3951 μελῶν,
812 3883 907 3951 τῆς
934 3884 1167 3945 οἰκείας,
1192 3882 1563 3951 ἐξισταμένων
1585 3884 1746 3951 ἔδρας

172 3978 272 4030 καὶ
309 3975 541 4041 τάξεως,
585 3976 677 4029 καὶ
724 3975 804 4047 τῷ
840 3974 1084 4046 περιόντι
1126 3975 1225 4045 τῆς
1268 3975 1558 4047 ἀλγηδόνος
1611 3977 1747 4045 πρὸς

176 4064 364 4123 οῐκτον
397 4068 779 4138 ἐφελκομένων
817 4068 912 4120 καὶ
938 4066 1142 4137 ἄψυχα.

245 4160 326 4215 E'.
382 4159 527 4214 Ἀλλ’
552 4162 579 4212 6
611 4160 710 4229 μέν
739 4157 1005 4229 τύραννος
1035 4161 1171 4229 προς
1194 4158 1292 4226 τὴν
1315 4160 1405 4212 διὰ
1434 4160 1544 4211 τῶν
1568 4160 1749 4227 ἔργων

174 4255 517 4323 ἐξατονήσας
566 4250 747 4305 πειθοῖ
781 4233 919 4321 πρδς
964 4251 1063 4323 τὴν
1092 4252 1179 4305 διά
1215 4251 1323 4304 τῶν
1367 4252 1543 4319 λόγων
1581 4248 1741 4315 αὖθις

170 4346 373 4416 ἐχώρει
411 4343 491 4413 τῷ
536 4345 635 4412 τῆς
675 4342 967 4407 διαλέξεως
1014 4341 1386 4413 προσωπείῳ,
1439 4344 1500 4397 τὸ
1546 4343 1748 4395 οἰκεῖον

170 4435 553 4506 περιστέλλων
586 4434 853 4487 ἀδύνατον
877 4471 893 4497 ,
936 4433 1031 4486 καὶ
1069 4433 1262 4502 πρῶτα
1315 4434 1413 4501 μέν
1448 4433 1544 4487 ἅτε
1577 4434 1743 4486 δεισι-

1846 3241 2113 3297 violenter
2152 3240 2505 3296 circumtrahi
2534 3280 2549 3304 ,
2576 3239 2722 3308 quod
2772 3239 2821 3294 ei
2859 3239 3264 3296 intolerandum
3314 3242 3437 3297 red-

1842 3332 2007 3386 debat
2058 3332 2382 3384 cruciatum.
2419 3331 2551 3384 Nam
2608 3346 2733 3385 cum
2781 3330 3260 3401 confringerentur
3304 3333 3435 3387 arti-

1841 3422 1969 3488 culi,
1999 3430 2054 3477 et
2102 3422 2339 3476 violenta
2398 3421 2719 3476 extensione
2771 3423 3181 3491 quodammodo
3234 3423 3436 3479 stride-

1842 3524 1985 3581 reot,
2042 3516 2265 3585 contigit
2304 3515 2563 3570 athletam
2618 3530 2786 3584 prope
2838 3524 3016 3570 morte
3072 3514 3232 3581 allici,
3288 3516 3434 3587 quod

1844 3620 2136 3675 compages
2167 3606 2412 3659 omnium
2448 3606 2819 3659 membrorum
2849 3608 3099 3677 corporis
3122 3623 3151 3661 a
3184 3624 3283 3663 sua
3305 3608 3436 3665 sedo

1842 3704 1898 3751 et
1924 3698 2116 3752 ordine
2151 3697 2599 3762 dimoverentur;
2636 3702 2775 3751 adeo
2816 3705 2873 3752 ut
2908 3712 3131 3768 propter
3154 3700 3433 3773 ingentem

1842 3786 2084 3843 dolorem
2133 3789 2199 3844 ad
2237 3788 2669 3845 misericordiam
2715 3790 3067 3847 traherentur
3105 3794 3271 3849 etiam
3316 3795 3436 3849 ina-

1842 3896 2010 3933 mma.

1911 4166 1975 4219 ν.
2010 4166 2119 4221 Sed
2154 4178 2416 4238 tyrannus
2436 4171 2657 4240 quidem
2690 4188 2813 4229 cum
2839 4188 2947 4227 non
2982 4176 3248 4242 potuisset
3274 4176 3431 4233 factis

1839 4259 2192 4328 persuadere,
2220 4260 2287 4315 ad
2318 4263 2760 4330 persuadendum
2790 4265 2966 4320 verbis
2998 4280 3189 4321 rursus
3213 4280 3271 4320 se
3295 4282 3431 4321 con-

1841 4348 1969 4410 fert,
2009 4364 2241 4418 persona
2294 4350 2680 4420 disputationis
2712 4367 2865 4407 suam
2917 4361 3105 4422 tegens
3157 4354 3430 4421 impoten-

1840 4440 1991 4496 tiam.
2011 4440 2078 4495 Et
2109 4443 2341 4510 primum
2361 4444 2602 4512 quidem,
2622 4453 2681 4498 ut
2708 4446 2799 4514 qui
2824 4454 2971 4499 esset
2999 4445 3257 4515 superstit
3280 4448 3429 4501 osius

168 4521 598 4589 δαιμονὲστερον
628 4523 758 4588 περὶ
786 4520 848 4572 τὸ
879 4520 1014 4575 ἴδιον
1035 4520 1381 4590 διακείμενος
1422 4522 1605 4586 σέϐας.
1640 4523 1741 4611 την

1853 4533 2074 4590 alfeetus
2134 4533 2188 4587 in
2242 4548 2394 4588 suam
2454 4535 2814 4606 religionem,
2857 4536 3132 4592 lacerabat
3185 4538 3427 4593 divinam

166 4629 227 4665 τε
261 4609 542 4680 θεοπρεπῆ
583 4609 674 4661 τοῦ
699 4608 858 4676 λόγου
894 4609 1113 4676 διέσυρε
1178 4611 1480 4679 σάρκωσιν,
1537 4615 1630 4669 καὶ
1677 4608 1746 4666 τά

168 4701 363 4753 τούτου
404 4699 552 4767 πάθη
590 4699 686 4753 καὶ
712 4698 948 4769 σταυρὸν
976 4700 1161 4765 αὐτὸν,
1196 4705 1290 4756 καὶ
1327 4705 1428 4757 ὅσα
1471 4706 1570 4774 τῆς
1609 4708 1743 4775 ἡμε-

166 4792 339 4857 τερας
367 4791 618 4860 σύμϐολα
649 4791 928 4862 σωτηρίας
947 4832 961 4854 ,
1000 4794 1411 4863 προσκόμματα
1447 4794 1742 4849 σκανδάλου

168 4880 405 4947 ἐτίθετο,
452 4882 547 4934 ἐπὶ
600 4883 814 4943 τούτοις
874 4886 968 4937 καί⁸
1018 4884 1117 4954 τὴν
1156 4885 1265 4937 τῶν
1313 4888 1595 4955 στοιχείων
1654 4890 1747 4956 δη-

172 4975 467 5044 μιουργίαν
507 4975 881 5043 προύϐάλλετο
904 5016 917 5037 ,
955 4976 1031 5037 ὡς
1066 4978 1166 5045 μὲν
1212 4978 1395 5047 ἡδεῖαν
1428 4976 1591 5033 οὖσαν
1617 5020 1632 5044 ,
1669 4981 1742 5043 ὼς

165 5070 226 5122 δὲ
266 5069 593 5138 ἐπέραστον,
627 5071 720 5120 καὶ
751 5070 1064 5139 ἀνθρώποις
1091 5074 1169 5132 εἰς
1201 5072 1504 5123 ἀπόλαυσιν
1526 5074 1744 5140 προκεί-

171 5161 369 5230 μένην,
420 5162 516 5212 καὶ
566 5160 640 5222 ὡς
674 5159 797 5229 μηδ’
845 5162 910 5212 ἂν
959 5160 1185 5224 ἐθέλειν,
1247 5162 1383 5230 μηδὲ
1463 5164 1554 5215 τὸν
1602 5164 1744 5231 άγαν

170 5252 581 5321 τυφλώττοντα,
625 5252 725 5320 τῆς
750 5253 814 5303 ὲκ
845 5252 1056 5322 ταύτης
1086 5251 1376 5322 στέρεσθαι
1418 5253 1628 5321 ἡδονῆς.
1688 5255 1744 5307 '0

168 5347 227 5399 δέ
260 5346 476 5415 μάρτυς
506 5339 594 5412 (ἦν
635 5345 745 5414 γὰρ
783 5343 879 5412 τῆς
924 5344 1158 5413 ἀληθοῦς
1201 5345 1395 5411 σοφίας
1431 5346 1742 5415 ἀνάπλεως)

174 5435 523 5504 ἀντιπαρῆγε
604 5436 712 5487 τῶν
790 5437 1002 5488 ἐκείνου
1062 5437 1199 5489 θεῶν
1254 5438 1315 5488 τὸ
1368 5437 1595 5497 ἀσθενὲς
1652 5442 1745 5490 καὶ

170 5521 499 5596 άνδράθηλυ,
532 5527 593 5578 τὸ
628 5527 764 5595 πρὸς
810 5528 1077 5597 ἀλλήλους
1109 5529 1349 5596 μάχιμόν
1379 5545 1437 5578 τε
1478 5530 1575 5579 καὶ
1613 5546 1742 5581 στα-

173 5618 387 5680 σιῶδες,
435 5620 533 5672 καὶ
580 5619 639 5670 τὸ
693 5623 1031 5685 σωματικοῖς
1098 5618 1532 5685 ἐγκαλινόεἶσθαι
1571 5620 1743 5690 παθή-

173 5727 326 5778 μασι.
366 5716 459 5763 καὶ
489 5712 551 5763 τὸ
581 5710 703 5779 μηδ’
729 5710 906 5761 ὁτιοῦν
940 5711 1047 5761 τῶν
1083 5712 1451 5779 παρηγμένων
1490 5711 1581 5776 ἀφ’
1617 5712 1744 5761 ἐαυ-

172 5801 261 5853 τοῦ
298 5805 399 5871 τὴν
431 5803 651 5865 γένεσιν
680 5802 826 5870 ἔχειν
863 5802 955 5853 καὶ
1003 5803 1239 5871 ἄναρχον
1292 5796 1454 5861 εἶναι,
1500 5802 1615 5853 ἀλλ’
1664 5803 1740 5865 είς

1848 4623 2010 4677 Verbi
2043 4624 2226 4677 carnis
2248 4626 2678 4694 susceptionem,
2708 4628 2933 4695 ejusque
2964 4628 3345 4696 perpessiones
3369 4638 3428 4683 et

1848 4715 2018 4783 ipsam
2064 4728 2303 4777 crucem,
2350 4724 2407 4768 et
2455 4730 2793 4786 quaecunque
2844 4725 2971 4772 sunt
3027 4719 3178 4789 signa
3222 4729 3425 4775 nostra

1847 4804 2057 4864 salutis.
2083 4818 2145 4856 ea
2191 4804 2432 4861 scandali
2486 4805 2719 4859 ducebat
2767 4807 3117 4862 offensiones.
3150 4808 3279 4864 Post
3313 4810 3430 4865 haec

1850 4894 2158 4962 proferebat
2213 4895 2375 4947 etiam
2432 4894 2691 4948 fabricam
2744 4894 3157 4959 elementorum,
3200 4906 3258 4951 ut
3309 4912 3431 4967 quae

1846 4994 1990 5037 esset
2034 4984 2253 5053 quidem
2292 4985 2465 5040 dulcis
2501 4996 2555 5041 et
2604 4987 2871 5051 amabilis,
2904 4997 2958 5041 et
3011 4988 3078 5042 ad
3134 4988 3425 5043 fruendum

1848 5077 2123 5145 proposita
2163 5078 2495 5141 hominibus,
2533 5087 2587 5130 et
2623 5079 2765 5145 quod
2805 5079 2975 5132 nollet
3009 5095 3076 5133 ne
3113 5080 3268 5134 valde
3306 5081 3429 5150 qui-

1848 5168 1969 5221 dem
2017 5181 2211 5228 caecus,
2255 5183 2375 5236 qua!
2423 5184 2489 5221 ex
2529 5185 2591 5223 ea
2641 5170 2836 5233 oritur,
2871 5172 3067 5238 privari
3126 5172 3425 5242 voluptate.

1848 5256 2046 5327 Martyr
2098 5270 2277 5313 autem
2334 5263 2471 5330 (erat
2515 5264 2657 5315 enim
2709 5277 2831 5315 vera
2877 5263 3073 5331 plenus
3127 5264 3424 5334 sapientia)

1847 5354 2032 5403 conlra
2065 5352 2486 5407 all'erebatillius
2504 5353 2728 5407 deorum
2757 5354 3178 5409 imbecillitatem
3209 5368 3262 5410 et
3293 5356 3428 5411 επε-

1850 5443 2223 5503 minationem,
2260 5459 2379 5515 quae
2425 5447 2567 5499 inter
2589 5462 2646 5501 se
2678 5448 2909 5501 invicem
2951 5448 3187 5508 fuerunt,
3217 5464 3427 5519 pugnas

1848 5542 1899 5584 et
1936 5533 2254 5593 Seditiones.
2288 5546 2340 5589 et
2370 5538 2511 5603 quod
2555 5537 2925 5591 volutareutur
2976 5539 3028 5591 in
3059 5540 3303 5606 corporis
3339 5540 3420 5592 af-

1851 5624 2211 5687 lectioaibus;
2256 5640 2309 5678 et
2355 5628 2497 5694 quod
2545 5628 2681 5680 nihil
2722 5643 2913 5680 eorum
2940 5671 2953 5691 ,
2989 5645 3108 5697 quae
3160 5631 3422 5698 producta

1846 5724 1993 5773 sunt,
2032 5732 2095 5767 ex
2127 5733 2183 5770 se
2213 5729 2391 5769 ortum
2424 5720 2636 5774 habeat.
2668 5730 2723 5773 et
2761 5720 2833 5773 sit
2862 5720 2978 5773 sine
3015 5719 3421 5789 principio,sed

1848 5806 2027 5858 statim
2072 5808 2338 5862 referatur
2373 5810 2436 5862 ad
2472 5811 2700 5877 primatu
2742 5822 2792 5866 et
2820 5810 3138 5868 etiicientem
3165 5826 3416 5879 causam,
