  <div class='ocr_page' id='page_1' title='image "/cluster/home/n/w/nwhite01/storage/ocr_20150623/115/ien.35556001659887/539.png"; bbox 0 0 3968 6440; ppageno 0'>
   <div class='ocr_carea' id='block_1_1' title="bbox 536 350 667 415">
    <p class='ocr_par' dir='ltr' id='par_1_1' title="bbox 536 350 667 415">
     <span class='ocr_line' id='line_1_1' title="bbox 536 350 667 415; baseline 0.008 -4"><span class='ocrx_word' id='word_1_1' title='bbox 536 350 667 415; x_wconf 84' lang='grc'><strong>1059</strong></span> 
     </span>
    </p>
   </div>
   <div class='ocr_carea' id='block_1_2' title="bbox 1805 345 2488 408">
    <p class='ocr_par' dir='ltr' id='par_1_2' title="bbox 1805 345 2488 408">
     <span class='ocr_line' id='line_1_2' title="bbox 1805 345 2488 408; baseline -0.001 -3"><span class='ocrx_word' id='word_1_2' title='bbox 1805 345 2083 407; x_wconf 79' lang='lat' dir='ltr'><strong>MENSIS</strong></span> <span class='ocrx_word' id='word_1_3' title='bbox 2121 346 2488 408; x_wconf 78' lang='lat' dir='ltr'><strong>OCTOBER.</strong></span> 
     </span>
    </p>
   </div>
   <div class='ocr_carea' id='block_1_3' title="bbox 3636 341 3769 403">
    <p class='ocr_par' dir='ltr' id='par_1_3' title="bbox 3636 341 3769 403">
     <span class='ocr_line' id='line_1_3' title="bbox 3636 341 3769 403; baseline 0.008 -1"><span class='ocrx_word' id='word_1_4' title='bbox 3636 341 3769 403; x_wconf 65' lang='lat'><strong>1060</strong></span> 
     </span>
    </p>
   </div>
   <div class='ocr_carea' id='block_1_4' title="bbox 531 452 2120 528">
    <p class='ocr_par' dir='ltr' id='par_1_4' title="bbox 531 456 2105 528">
     <span class='ocr_line' id='line_1_4' title="bbox 531 456 2105 528; baseline -0.001 -17"><span class='ocrx_word' id='word_1_5' title='bbox 531 471 587 512; x_wconf 82' lang='lat' dir='ltr'><strong>et</strong></span> <span class='ocrx_word' id='word_1_6' title='bbox 628 460 1090 528; x_wconf 73' lang='lat' dir='ltr'><strong>omnipotentem;</strong></span> <span class='ocrx_word' id='word_1_7' title='bbox 1120 468 1175 513; x_wconf 91' lang='lat' dir='ltr'><strong>et</strong></span> <span class='ocrx_word' id='word_1_8' title='bbox 1210 458 1354 528; x_wconf 92' lang='lat' dir='ltr'><strong>quod</strong></span> <span class='ocrx_word' id='word_1_9' title='bbox 1408 456 1502 526; x_wconf 85' lang='lat' dir='ltr'><strong>qui</strong></span> <span class='ocrx_word' id='word_1_10' title='bbox 1558 456 1670 511; x_wconf 67' lang='lat' dir='ltr'><strong>hac</strong></span> <span class='ocrx_word' id='word_1_11' title='bbox 1722 458 2001 525; x_wconf 87' lang='lat' dir='ltr'><strong>relinquit,</strong></span> <span class='ocrx_word' id='word_1_12' title='bbox 2035 458 2105 524; x_wconf 76' lang='lat' dir='ltr'><strong>ad</strong></span> 
     </span>
    </p>
   </div>
   <div class='ocr_carea' id='block_1_5' title="bbox 2227 452 3769 528">
    <p class='ocr_par' dir='ltr' id='par_1_5' title="bbox 2227 452 3769 527">
     <span class='ocr_line' id='line_1_5' title="bbox 2227 452 3769 527; baseline -0.004 -18"><span class='ocrx_word' id='word_1_13' title='bbox 2227 460 2391 511; x_wconf 77' lang='grc' dir='ltr'>ιὶτίαν</span> <span class='ocrx_word' id='word_1_14' title='bbox 2421 458 2644 527; x_wconf 83' lang='grc' dir='ltr'>πρώτην</span> <span class='ocrx_word' id='word_1_15' title='bbox 2676 456 2968 525; x_wconf 81' lang='grc' dir='ltr'>ποιητικήν</span> <span class='ocrx_word' id='word_1_16' title='bbox 2996 471 3054 507; x_wconf 91' lang='grc' dir='ltr'><strong>τε</strong></span> <span class='ocrx_word' id='word_1_17' title='bbox 3086 454 3179 506; x_wconf 76' lang='grc' dir='ltr'><strong>καὶ</strong></span> <span class='ocrx_word' id='word_1_18' title='bbox 3205 452 3622 520; x_wconf 80' lang='grc' dir='ltr'>παντοδύναμον</span> <span class='ocrx_word' id='word_1_19' title='bbox 3644 453 3769 504; x_wconf 80' lang='grc' dir='ltr'>ἀνα-</span> 
     </span>
    </p>
   </div>
   <div class='ocr_carea' id='block_1_6' title="bbox 530 545 2100 617">
    <p class='ocr_par' dir='ltr' id='par_1_6' title="bbox 530 545 2100 617">
     <span class='ocr_line' id='line_1_6' title="bbox 530 545 2100 617; baseline 0.001 -17"><span class='ocrx_word' id='word_1_20' title='bbox 530 562 718 600; x_wconf 86' lang='lat' dir='ltr'><strong>eorum</strong></span> <span class='ocrx_word' id='word_1_21' title='bbox 752 548 945 602; x_wconf 88' lang='lat' dir='ltr'><strong>transit</strong></span> <span class='ocrx_word' id='word_1_22' title='bbox 970 549 1242 617; x_wconf 81' lang='lat' dir='ltr'><strong>opificem,</strong></span> <span class='ocrx_word' id='word_1_23' title='bbox 1271 564 1485 611; x_wconf 89' lang='lat' dir='ltr'><strong>eorum,</strong></span> <span class='ocrx_word' id='word_1_24' title='bbox 1529 562 1647 616; x_wconf 70' lang='lat' dir='ltr'><strong>quae</strong></span> <span class='ocrx_word' id='word_1_25' title='bbox 1690 545 1863 600; x_wconf 85' lang='lat' dir='ltr'><strong>ﬂuunt</strong></span> <span class='ocrx_word' id='word_1_26' title='bbox 1898 556 1953 601; x_wconf 90' lang='lat' dir='ltr'><strong>et</strong></span> <span class='ocrx_word' id='word_1_27' title='bbox 1992 564 2100 601; x_wconf 93' lang='lat' dir='ltr'><strong>non</strong></span> 
     </span>
    </p>
   </div>
   <div class='ocr_carea' id='block_1_7' title="bbox 531 636 2098 707">
    <p class='ocr_par' dir='ltr' id='par_1_7' title="bbox 531 636 2098 707">
     <span class='ocr_line' id='line_1_7' title="bbox 531 636 2098 707; baseline 0.001 -15"><span class='ocrx_word' id='word_1_28' title='bbox 531 646 697 697; x_wconf 81' lang='lat' dir='ltr'><strong>stant,</strong></span> <span class='ocrx_word' id='word_1_29' title='bbox 739 638 1123 691; x_wconf 85' lang='lat' dir='ltr'><strong>habitationem</strong></span> <span class='ocrx_word' id='word_1_30' title='bbox 1157 649 1419 707; x_wconf 88' lang='lat' dir='ltr'><strong>perpetua</strong></span> <span class='ocrx_word' id='word_1_31' title='bbox 1454 648 1510 691; x_wconf 92' lang='lat' dir='ltr'><strong>et</strong></span> <span class='ocrx_word' id='word_1_32' title='bbox 1536 636 1714 690; x_wconf 79' lang='lat' dir='ltr'><strong>stabili</strong></span> <span class='ocrx_word' id='word_1_33' title='bbox 1750 638 2098 703; x_wconf 73' lang='lat' dir='ltr'><strong>habitatione,</strong></span> 
     </span>
    </p>
   </div>
   <div class='ocr_carea' id='block_1_8' title="bbox 530 729 2101 800">
    <p class='ocr_par' dir='ltr' id='par_1_8' title="bbox 530 729 2101 800">
     <span class='ocr_line' id='line_1_8' title="bbox 530 729 2101 800; baseline 0.001 -16"><span class='ocrx_word' id='word_1_34' title='bbox 530 729 920 797; x_wconf 76' lang='lat' dir='ltr'><strong>ineﬂ‘abilique.</strong></span> <span class='ocrx_word' id='word_1_35' title='bbox 951 739 1005 784; x_wconf 92' lang='lat' dir='ltr'><strong>et</strong></span> <span class='ocrx_word' id='word_1_36' title='bbox 1048 745 1167 799; x_wconf 65' lang='lat' dir='ltr'><strong>quae</strong></span> <span class='ocrx_word' id='word_1_37' title='bbox 1218 745 1325 784; x_wconf 82' lang='lat' dir='ltr'><strong>.ton</strong></span> <span class='ocrx_word' id='word_1_38' title='bbox 1371 730 1586 792; x_wconf 88' lang='lat' dir='ltr'><strong>desinit,</strong></span> <span class='ocrx_word' id='word_1_39' title='bbox 1620 730 1897 800; x_wconf 83' lang='lat' dir='ltr'><strong>voluptate</strong></span> <span class='ocrx_word' id='word_1_40' title='bbox 1950 746 2101 786; x_wconf 87' lang='lat' dir='ltr'><strong>com-</strong></span> 
     </span>
    </p>
   </div>
   <div class='ocr_carea' id='block_1_9' title="bbox 530 821 2103 892">
    <p class='ocr_par' dir='ltr' id='par_1_9' title="bbox 530 821 2103 892">
     <span class='ocr_line' id='line_1_9' title="bbox 530 821 2103 892; baseline 0.002 -18"><span class='ocrx_word' id='word_1_41' title='bbox 530 831 771 875; x_wconf 90' lang='lat' dir='ltr'><strong>mutans.</strong></span> <span class='ocrx_word' id='word_1_42' title='bbox 813 821 907 874; x_wconf 84' lang='lat' dir='ltr'><strong>His</strong></span> <span class='ocrx_word' id='word_1_43' title='bbox 952 822 1094 874; x_wconf 87' lang='lat' dir='ltr'><strong>veris</strong></span> <span class='ocrx_word' id='word_1_44' title='bbox 1141 822 1391 889; x_wconf 80' lang='lat' dir='ltr'><strong>martyris</strong></span> <span class='ocrx_word' id='word_1_45' title='bbox 1446 822 1625 875; x_wconf 84' lang='lat' dir='ltr'><strong>verbis</strong></span> <span class='ocrx_word' id='word_1_46' title='bbox 1669 832 1929 892; x_wconf 83' lang='lat' dir='ltr'><strong>tyrannus</strong></span> <span class='ocrx_word' id='word_1_47' title='bbox 1964 833 2103 877; x_wconf 84' lang='lat' dir='ltr'><strong>atto-</strong></span> 
     </span>
    </p>
   </div>
   <div class='ocr_carea' id='block_1_10' title="bbox 533 912 2107 977">
    <p class='ocr_par' dir='ltr' id='par_1_10' title="bbox 533 912 2107 977">
     <span class='ocr_line' id='line_1_10' title="bbox 533 912 2107 977; baseline 0.001 -11"><span class='ocrx_word' id='word_1_48' title='bbox 533 914 704 977; x_wconf 89' lang='lat' dir='ltr'><strong>nitus,</strong></span> <span class='ocrx_word' id='word_1_49' title='bbox 741 922 795 967; x_wconf 89' lang='lat' dir='ltr'><strong>et</strong></span> <span class='ocrx_word' id='word_1_50' title='bbox 824 914 887 965; x_wconf 86' lang='lat' dir='ltr'><strong>ad</strong></span> <span class='ocrx_word' id='word_1_51' title='bbox 923 913 1053 966; x_wconf 90' lang='lat' dir='ltr'><strong>iram</strong></span> <span class='ocrx_word' id='word_1_52' title='bbox 1088 929 1152 967; x_wconf 92' lang='lat' dir='ltr'><strong>ac</strong></span> <span class='ocrx_word' id='word_1_53' title='bbox 1200 912 1438 967; x_wconf 90' lang='lat' dir='ltr'><strong>furorem</strong></span> <span class='ocrx_word' id='word_1_54' title='bbox 1485 930 1747 968; x_wconf 87' lang='lat' dir='ltr'><strong>accensus</strong></span> <span class='ocrx_word' id='word_1_55' title='bbox 1800 916 2107 967; x_wconf 86' lang='lat' dir='ltr'><strong>intolerabi-</strong></span> 
     </span>
    </p>
   </div>
   <div class='ocr_carea' id='block_1_11' title="bbox 532 1004 2103 1075">
    <p class='ocr_par' dir='ltr' id='par_1_11' title="bbox 532 1004 2103 1075">
     <span class='ocr_line' id='line_1_11' title="bbox 532 1004 2103 1075; baseline 0 -18"><span class='ocrx_word' id='word_1_56' title='bbox 532 1004 661 1065; x_wconf 87' lang='lat' dir='ltr'><strong>lem,</strong></span> <span class='ocrx_word' id='word_1_57' title='bbox 704 1005 966 1074; x_wconf 86' lang='lat' dir='ltr'><strong>processit</strong></span> <span class='ocrx_word' id='word_1_58' title='bbox 1006 1006 1229 1057; x_wconf 89' lang='lat' dir='ltr'><strong>omnino</strong></span> <span class='ocrx_word' id='word_1_59' title='bbox 1271 1006 1335 1058; x_wconf 90' lang='lat' dir='ltr'><strong>ad</strong></span> <span class='ocrx_word' id='word_1_60' title='bbox 1385 1020 1549 1059; x_wconf 90' lang='lat' dir='ltr'><strong>omne</strong></span> <span class='ocrx_word' id='word_1_61' title='bbox 1593 1022 1763 1075; x_wconf 75' lang='lat' dir='ltr'><strong>genus</strong></span> <span class='ocrx_word' id='word_1_62' title='bbox 1810 1016 2103 1067; x_wconf 89' lang='lat' dir='ltr'><strong>tormenta,</strong></span> 
     </span>
    </p>
   </div>
   <div class='ocr_carea' id='block_1_12' title="bbox 535 1095 2105 1164">
    <p class='ocr_par' dir='ltr' id='par_1_12' title="bbox 535 1095 2105 1164">
     <span class='ocr_line' id='line_1_12' title="bbox 535 1095 2105 1164; baseline 0.002 -18"><span class='ocrx_word' id='word_1_63' title='bbox 535 1095 843 1161; x_wconf 87' lang='lat' dir='ltr'><strong>lectumque</strong></span> <span class='ocrx_word' id='word_1_64' title='bbox 874 1095 1106 1147; x_wconf 84' lang='lat' dir='ltr'><strong>ferreum</strong></span> <span class='ocrx_word' id='word_1_65' title='bbox 1134 1096 1378 1162; x_wconf 84' lang='lat' dir='ltr'><strong>protinus</strong></span> <span class='ocrx_word' id='word_1_66' title='bbox 1400 1095 1551 1164; x_wconf 83' lang='lat' dir='ltr'><strong>jubet</strong></span> <span class='ocrx_word' id='word_1_67' title='bbox 1584 1096 1828 1151; x_wconf 85' lang='lat' dir='ltr'><strong>accendi.</strong></span> <span class='ocrx_word' id='word_1_68' title='bbox 1860 1095 1961 1161; x_wconf 86' lang='lat' dir='ltr'><strong>Qui</strong></span> <span class='ocrx_word' id='word_1_69' title='bbox 1983 1112 2105 1149; x_wconf 91' lang='lat' dir='ltr'><strong>cum</strong></span> 
     </span>
    </p>
   </div>
   <div class='ocr_carea' id='block_1_13' title="bbox 536 1187 2106 1257">
    <p class='ocr_par' dir='ltr' id='par_1_13' title="bbox 536 1187 2106 1257">
     <span class='ocr_line' id='line_1_13' title="bbox 536 1187 2106 1257; baseline 0.002 -17"><span class='ocrx_word' id='word_1_70' title='bbox 536 1187 729 1241; x_wconf 77' lang='lat' dir='ltr'><strong>fuisset</strong></span> <span class='ocrx_word' id='word_1_71' title='bbox 753 1202 1033 1248; x_wconf 89' lang='lat' dir='ltr'><strong>accensus,</strong></span> <span class='ocrx_word' id='word_1_72' title='bbox 1055 1187 1208 1255; x_wconf 81' lang='lat' dir='ltr'><strong>jubet</strong></span> <span class='ocrx_word' id='word_1_73' title='bbox 1240 1187 1292 1239; x_wconf 92' lang='lat' dir='ltr'><strong>in</strong></span> <span class='ocrx_word' id='word_1_74' title='bbox 1317 1202 1383 1240; x_wconf 92' lang='lat' dir='ltr'><strong>eo</strong></span> <span class='ocrx_word' id='word_1_75' title='bbox 1412 1188 1628 1240; x_wconf 77' lang='lat' dir='ltr'><strong>extendi</strong></span> <span class='ocrx_word' id='word_1_76' title='bbox 1672 1191 1978 1257; x_wconf 84' lang='lat' dir='ltr'><strong>martyrem.</strong></span> <span class='ocrx_word' id='word_1_77' title='bbox 2014 1189 2106 1243; x_wconf 90' lang='lat' dir='ltr'><strong>Ille</strong></span> 
     </span>
    </p>
   </div>
   <div class='ocr_carea' id='block_1_14' title="bbox 537 1279 2107 1349">
    <p class='ocr_par' dir='ltr' id='par_1_14' title="bbox 537 1279 2107 1349">
     <span class='ocr_line' id='line_1_14' title="bbox 537 1279 2107 1349; baseline 0.001 -18"><span class='ocrx_word' id='word_1_78' title='bbox 537 1289 716 1332; x_wconf 88' lang='lat' dir='ltr'><strong>autem</strong></span> <span class='ocrx_word' id='word_1_79' title='bbox 752 1294 874 1331; x_wconf 94' lang='lat' dir='ltr'><strong>cum</strong></span> <span class='ocrx_word' id='word_1_80' title='bbox 912 1280 1066 1346; x_wconf 77' lang='lat' dir='ltr'><strong>signo</strong></span> <span class='ocrx_word' id='word_1_81' title='bbox 1111 1279 1290 1332; x_wconf 87' lang='lat' dir='ltr'><strong>crucis</strong></span> <span class='ocrx_word' id='word_1_82' title='bbox 1325 1294 1381 1330; x_wconf 87' lang='lat' dir='ltr'><strong>se</strong></span> <span class='ocrx_word' id='word_1_83' title='bbox 1414 1280 1698 1335; x_wconf 89' lang='lat' dir='ltr'><strong>munisset.</strong></span> <span class='ocrx_word' id='word_1_84' title='bbox 1740 1290 1851 1332; x_wconf 94' lang='lat' dir='ltr'><strong>toto</strong></span> <span class='ocrx_word' id='word_1_85' title='bbox 1880 1296 2107 1349; x_wconf 90' lang='lat' dir='ltr'><strong>corpore</strong></span> 
     </span>
    </p>
   </div>
   <div class='ocr_carea' id='block_1_15' title="bbox 536 1369 2109 1439">
    <p class='ocr_par' dir='ltr' id='par_1_15' title="bbox 536 1369 2109 1439">
     <span class='ocr_line' id='line_1_15' title="bbox 536 1369 2109 1439; baseline -0.001 -17"><span class='ocrx_word' id='word_1_86' title='bbox 536 1369 639 1423; x_wconf 89' lang='lat' dir='ltr'><strong>fttit</strong></span> <span class='ocrx_word' id='word_1_87' title='bbox 668 1380 947 1424; x_wconf 72' lang='lat' dir='ltr'><strong>extensus.</strong></span> <span class='ocrx_word' id='word_1_88' title='bbox 988 1370 1054 1421; x_wconf 88' lang='lat' dir='ltr'><strong>Et</strong></span> <span class='ocrx_word' id='word_1_89' title='bbox 1082 1370 1284 1431; x_wconf 87' lang='lat' dir='ltr'><strong>statim,</strong></span> <span class='ocrx_word' id='word_1_90' title='bbox 1316 1384 1441 1422; x_wconf 89' lang='lat' dir='ltr'><strong>cum</strong></span> <span class='ocrx_word' id='word_1_91' title='bbox 1489 1384 1679 1421; x_wconf 90' lang='lat' dir='ltr'><strong>carnes</strong></span> <span class='ocrx_word' id='word_1_92' title='bbox 1715 1371 1930 1437; x_wconf 90' lang='lat' dir='ltr'><strong>quidem</strong></span> <span class='ocrx_word' id='word_1_93' title='bbox 1973 1372 2109 1439; x_wconf 83' lang='lat' dir='ltr'><strong>igni-</strong></span> 
     </span>
    </p>
   </div>
   <div class='ocr_carea' id='block_1_16' title="bbox 537 1460 2109 1527">
    <p class='ocr_par' dir='ltr' id='par_1_16' title="bbox 537 1460 2109 1527">
     <span class='ocr_line' id='line_1_16' title="bbox 537 1460 2109 1527; baseline 0.002 -16"><span class='ocrx_word' id='word_1_94' title='bbox 537 1468 649 1513; x_wconf 90' lang='lat' dir='ltr'><strong>tum</strong></span> <span class='ocrx_word' id='word_1_95' title='bbox 697 1461 898 1512; x_wconf 87' lang='lat' dir='ltr'><strong>ferrum</strong></span> <span class='ocrx_word' id='word_1_96' title='bbox 943 1461 1270 1527; x_wconf 77' lang='lat' dir='ltr'><strong>attigissent.</strong></span> <span class='ocrx_word' id='word_1_97' title='bbox 1306 1460 1789 1520; x_wconf 89' lang='lat' dir='ltr'><strong>consumebantur,</strong></span> <span class='ocrx_word' id='word_1_98' title='bbox 1822 1470 1874 1512; x_wconf 85' lang='lat' dir='ltr'><strong>et</strong></span> <span class='ocrx_word' id='word_1_99' title='bbox 1916 1462 2109 1514; x_wconf 90' lang='lat' dir='ltr'><strong>dissol-</strong></span> 
     </span>
    </p>
   </div>
   <div class='ocr_carea' id='block_1_17' title="bbox 537 1549 2111 1617">
    <p class='ocr_par' dir='ltr' id='par_1_17' title="bbox 537 1549 2111 1617">
     <span class='ocr_line' id='line_1_17' title="bbox 537 1549 2111 1617; baseline 0.001 -14"><span class='ocrx_word' id='word_1_100' title='bbox 537 1550 827 1613; x_wconf 84' lang='lat' dir='ltr'><strong>vebantur,</strong></span> <span class='ocrx_word' id='word_1_101' title='bbox 866 1561 917 1602; x_wconf 90' lang='lat' dir='ltr'><strong>et</strong></span> <span class='ocrx_word' id='word_1_102' title='bbox 964 1550 1013 1601; x_wconf 92' lang='lat' dir='ltr'><strong>in</strong></span> <span class='ocrx_word' id='word_1_103' title='bbox 1053 1550 1281 1613; x_wconf 81' lang='lat' dir='ltr'><strong>saniem,</strong></span> <span class='ocrx_word' id='word_1_104' title='bbox 1322 1549 1611 1617; x_wconf 81' lang='lat' dir='ltr'><strong>ulceraque</strong></span> <span class='ocrx_word' id='word_1_105' title='bbox 1660 1560 1713 1602; x_wconf 91' lang='lat' dir='ltr'><strong>ct</strong></span> <span class='ocrx_word' id='word_1_106' title='bbox 1750 1551 1965 1603; x_wconf 78' lang='lat' dir='ltr'><strong>vulnera</strong></span> <span class='ocrx_word' id='word_1_107' title='bbox 1995 1569 2111 1605; x_wconf 91' lang='lat' dir='ltr'><strong>tnu-</strong></span> 
     </span>
    </p>
   </div>
   <div class='ocr_carea' id='block_1_18' title="bbox 539 1642 2109 1705">
    <p class='ocr_par' dir='ltr' id='par_1_18' title="bbox 539 1642 2109 1705">
     <span class='ocr_line' id='line_1_18' title="bbox 539 1642 2109 1705; baseline 0.004 -12"><span class='ocrx_word' id='word_1_108' title='bbox 539 1644 815 1697; x_wconf 84' lang='lat' dir='ltr'><strong>tabantur.</strong></span> <span class='ocrx_word' id='word_1_109' title='bbox 850 1642 989 1705; x_wconf 88' lang='lat' dir='ltr'><strong>Ouin</strong></span> <span class='ocrx_word' id='word_1_110' title='bbox 1023 1643 1183 1695; x_wconf 82' lang='lat' dir='ltr'><strong>etiam</strong></span> <span class='ocrx_word' id='word_1_111' title='bbox 1220 1644 1479 1695; x_wconf 87' lang='lat' dir='ltr'><strong>nonnulla</strong></span> <span class='ocrx_word' id='word_1_112' title='bbox 1512 1645 1749 1696; x_wconf 86' lang='lat' dir='ltr'><strong>membra</strong></span> <span class='ocrx_word' id='word_1_113' title='bbox 1789 1644 1838 1695; x_wconf 87' lang='lat' dir='ltr'><strong>itt</strong></span> <span class='ocrx_word' id='word_1_114' title='bbox 1872 1646 2109 1699; x_wconf 88' lang='lat' dir='ltr'><strong>cinerem</strong></span> 
     </span>
    </p>
   </div>
   <div class='ocr_carea' id='block_1_19' title="bbox 536 1735 2112 1803">
    <p class='ocr_par' dir='ltr' id='par_1_19' title="bbox 536 1735 2112 1803">
     <span class='ocr_line' id='line_1_19' title="bbox 536 1735 2112 1803; baseline 0 -15"><span class='ocrx_word' id='word_1_115' title='bbox 536 1748 823 1799; x_wconf 86' lang='lat' dir='ltr'><strong>conversa,</strong></span> <span class='ocrx_word' id='word_1_116' title='bbox 858 1735 1174 1803; x_wconf 63' lang='lat' dir='ltr'><strong>prmbebant</strong></span> <span class='ocrx_word' id='word_1_117' title='bbox 1204 1735 1488 1787; x_wconf 81' lang='lat' dir='ltr'><strong>videndam</strong></span> <span class='ocrx_word' id='word_1_118' title='bbox 1525 1735 1724 1786; x_wconf 82' lang='lat' dir='ltr'><strong>nudam</strong></span> <span class='ocrx_word' id='word_1_119' title='bbox 1756 1736 1957 1787; x_wconf 84' lang='lat' dir='ltr'><strong>ossium</strong></span> <span class='ocrx_word' id='word_1_120' title='bbox 1986 1752 2112 1788; x_wconf 83' lang='lat' dir='ltr'><strong>con-</strong></span> 
     </span>
    </p>
   </div>
   <div class='ocr_carea' id='block_1_20' title="bbox 534 1824 2109 1892">
    <p class='ocr_par' dir='ltr' id='par_1_20' title="bbox 534 1824 2109 1892">
     <span class='ocr_line' id='line_1_20' title="bbox 534 1824 2109 1892; baseline 0.002 -16"><span class='ocrx_word' id='word_1_121' title='bbox 534 1826 896 1892; x_wconf 72' lang='lat' dir='ltr'><strong>iunctionem.</strong></span> <span class='ocrx_word' id='word_1_122' title='bbox 946 1828 1062 1889; x_wconf 88' lang='lat' dir='ltr'><strong>Ipse</strong></span> <span class='ocrx_word' id='word_1_123' title='bbox 1109 1840 1234 1877; x_wconf 86' lang='lat' dir='ltr'><strong>vero</strong></span> <span class='ocrx_word' id='word_1_124' title='bbox 1285 1835 1555 1877; x_wconf 76' lang='lat' dir='ltr'><strong>tormenta</strong></span> <span class='ocrx_word' id='word_1_125' title='bbox 1607 1824 1819 1877; x_wconf 77' lang='lat' dir='ltr'><strong>fortiter</strong></span> <span class='ocrx_word' id='word_1_126' title='bbox 1856 1826 2109 1891; x_wconf 87' lang='lat' dir='ltr'><strong>tolerans,</strong></span> 
     </span>
    </p>
   </div>
   <div class='ocr_carea' id='block_1_21' title="bbox 540 1916 2111 1985">
    <p class='ocr_par' dir='ltr' id='par_1_21' title="bbox 540 1916 2111 1985">
     <span class='ocr_line' id='line_1_21' title="bbox 540 1916 2111 1985; baseline 0.001 -17"><span class='ocrx_word' id='word_1_127' title='bbox 540 1926 792 1985; x_wconf 87' lang='lat' dir='ltr'><strong>tanquam</strong></span> <span class='ocrx_word' id='word_1_128' title='bbox 819 1920 869 1971; x_wconf 91' lang='lat' dir='ltr'><strong>in</strong></span> <span class='ocrx_word' id='word_1_129' title='bbox 905 1918 1054 1971; x_wconf 87' lang='lat' dir='ltr'><strong>mulli</strong></span> <span class='ocrx_word' id='word_1_130' title='bbox 1078 1916 1310 1985; x_wconf 90' lang='lat' dir='ltr'><strong>quodam</strong></span> <span class='ocrx_word' id='word_1_131' title='bbox 1335 1926 1508 1967; x_wconf 89' lang='lat' dir='ltr'><strong>strato</strong></span> <span class='ocrx_word' id='word_1_132' title='bbox 1542 1916 1881 1978; x_wconf 86' lang='lat' dir='ltr'><strong>recumbens,</strong></span> <span class='ocrx_word' id='word_1_133' title='bbox 1912 1918 1958 1969; x_wconf 90' lang='lat' dir='ltr'><strong>ei</strong></span> <span class='ocrx_word' id='word_1_134' title='bbox 1987 1933 2111 1985; x_wconf 80' lang='lat' dir='ltr'><strong>age-</strong></span> 
     </span>
    </p>
   </div>
   <div class='ocr_carea' id='block_1_22' title="bbox 541 2008 1638 2079">
    <p class='ocr_par' dir='ltr' id='par_1_22' title="bbox 541 2008 1638 2079">
     <span class='ocr_line' id='line_1_22' title="bbox 541 2008 1638 2079; baseline -0.002 -18"><span class='ocrx_word' id='word_1_135' title='bbox 541 2009 632 2062; x_wconf 88' lang='lat' dir='ltr'><strong>bat</strong></span> <span class='ocrx_word' id='word_1_136' title='bbox 663 2012 879 2077; x_wconf 68' lang='lat' dir='ltr'><strong>gratius,</strong></span> <span class='ocrx_word' id='word_1_137' title='bbox 910 2027 1007 2079; x_wconf 94' lang='lat' dir='ltr'><strong>pro</strong></span> <span class='ocrx_word' id='word_1_138' title='bbox 1029 2025 1134 2076; x_wconf 90' lang='lat' dir='ltr'><strong>quo</strong></span> <span class='ocrx_word' id='word_1_139' title='bbox 1170 2009 1282 2061; x_wconf 72' lang='lat' dir='ltr'><strong>haec</strong></span> <span class='ocrx_word' id='word_1_140' title='bbox 1315 2008 1638 2061; x_wconf 88' lang='lat' dir='ltr'><strong>sustinebat.</strong></span> 
     </span>
    </p>
   </div>
   <div class='ocr_carea' id='block_1_23' title="bbox 2207 544 3771 619">
    <p class='ocr_par' dir='ltr' id='par_1_23' title="bbox 2207 544 3771 619">
     <span class='ocr_line' id='line_1_23' title="bbox 2207 544 3771 619; baseline -0.005 -16"><span class='ocrx_word' id='word_1_141' title='bbox 2207 550 2499 619; x_wconf 75' lang='grc' dir='ltr'>φέρεσθαι,</span> <span class='ocrx_word' id='word_1_142' title='bbox 2534 551 2629 602; x_wconf 76' lang='grc' dir='ltr'><strong>καὶ</strong></span> <span class='ocrx_word' id='word_1_143' title='bbox 2658 549 2734 610; x_wconf 85' lang='grc' dir='ltr'><strong>ὡς</strong></span> <span class='ocrx_word' id='word_1_144' title='bbox 2763 550 2791 601; x_wconf 82' lang='grc' dir='ltr'><strong>ὁ</strong></span> <span class='ocrx_word' id='word_1_145' title='bbox 2813 548 2989 599; x_wconf 84' lang='grc' dir='ltr'>ταῦτα</span> <span class='ocrx_word' id='word_1_146' title='bbox 3028 545 3483 613; x_wconf 76' lang='grc' dir='ltr'>καταλιμπάνων,</span> <span class='ocrx_word' id='word_1_147' title='bbox 3523 544 3664 613; x_wconf 64' lang='grc' dir='ltr'>πρὸς</span> <span class='ocrx_word' id='word_1_148' title='bbox 3684 544 3771 597; x_wconf 81' lang='grc' dir='ltr'><strong>τδν</strong></span> 
     </span>
    </p>
   </div>
   <div class='ocr_carea' id='block_1_24' title="bbox 2202 634 3769 710">
    <p class='ocr_par' dir='ltr' id='par_1_24' title="bbox 2202 634 3769 710">
     <span class='ocr_line' id='line_1_24' title="bbox 2202 634 3769 710; baseline -0.004 -17"><span class='ocrx_word' id='word_1_149' title='bbox 2202 641 2539 710; x_wconf 79' lang='grc' dir='ltr'>δημιουργὸν</span> <span class='ocrx_word' id='word_1_150' title='bbox 2571 638 2781 691; x_wconf 85' lang='grc' dir='ltr'>τούτων</span> <span class='ocrx_word' id='word_1_151' title='bbox 2811 639 3134 707; x_wconf 76' lang='grc' dir='ltr'>μεταφοιτᾷ,</span> <span class='ocrx_word' id='word_1_152' title='bbox 3159 636 3266 688; x_wconf 82' lang='grc' dir='ltr'>τῶν</span> <span class='ocrx_word' id='word_1_153' title='bbox 3297 637 3541 706; x_wconf 74' lang='grc' dir='ltr'>ῥεόντων</span> <span class='ocrx_word' id='word_1_154' title='bbox 3571 637 3665 687; x_wconf 70' lang='grc' dir='ltr'>καὶ</span> <span class='ocrx_word' id='word_1_155' title='bbox 3700 634 3769 703; x_wconf 71' lang='grc' dir='ltr'>μὴ</span> 
     </span>
    </p>
   </div>
   <div class='ocr_carea' id='block_1_25' title="bbox 2204 725 3773 798">
    <p class='ocr_par' dir='ltr' id='par_1_25' title="bbox 2204 725 3773 798">
     <span class='ocr_line' id='line_1_25' title="bbox 2204 725 3773 798; baseline -0.006 -15"><span class='ocrx_word' id='word_1_156' title='bbox 2204 730 2476 795; x_wconf 77' lang='grc' dir='ltr'><strong>ἑστώτων,</strong></span> <span class='ocrx_word' id='word_1_157' title='bbox 2517 730 2615 798; x_wconf 78' lang='grc' dir='ltr'>τὴν</span> <span class='ocrx_word' id='word_1_158' title='bbox 2653 730 2873 798; x_wconf 82' lang='grc' dir='ltr'><strong>διηνεκῆ</strong></span> <span class='ocrx_word' id='word_1_159' title='bbox 2904 728 2999 779; x_wconf 68' lang='grc' dir='ltr'><strong>καὶ</strong></span> <span class='ocrx_word' id='word_1_160' title='bbox 3052 728 3278 795; x_wconf 78' lang='grc' dir='ltr'><strong>μόνιμον</strong></span> <span class='ocrx_word' id='word_1_161' title='bbox 3319 726 3634 787; x_wconf 83' lang='grc' dir='ltr'>κατοικίαν,</span> <span class='ocrx_word' id='word_1_162' title='bbox 3687 725 3773 776; x_wconf 76' lang='grc' dir='ltr'><strong>καὶ</strong></span> 
     </span>
    </p>
   </div>
   <div class='ocr_carea' id='block_1_26' title="bbox 2204 814 3770 889">
    <p class='ocr_par' dir='ltr' id='par_1_26' title="bbox 2204 814 3770 889">
     <span class='ocr_line' id='line_1_26' title="bbox 2204 814 3770 889; baseline -0.005 -18"><span class='ocrx_word' id='word_1_163' title='bbox 2204 820 2304 889; x_wconf 78' lang='grc' dir='ltr'>τὴν</span> <span class='ocrx_word' id='word_1_164' title='bbox 2359 820 2569 872; x_wconf 78' lang='grc' dir='ltr'>ἐκεῖθεν</span> <span class='ocrx_word' id='word_1_165' title='bbox 2620 819 2899 886; x_wconf 67' lang='grc' dir='ltr'>ἄφραστον</span> <span class='ocrx_word' id='word_1_166' title='bbox 2931 836 2990 870; x_wconf 84' lang='grc' dir='ltr'><strong>τε</strong></span> <span class='ocrx_word' id='word_1_167' title='bbox 3023 818 3118 871; x_wconf 70' lang='grc' dir='ltr'><strong>καὶ</strong></span> <span class='ocrx_word' id='word_1_168' title='bbox 3162 816 3530 884; x_wconf 77' lang='grc' dir='ltr'><strong>ἀτελεύτητον</strong></span> <span class='ocrx_word' id='word_1_169' title='bbox 3562 814 3770 883; x_wconf 72' lang='grc' dir='ltr'>ἡδονὴν,</span> 
     </span>
    </p>
   </div>
   <div class='ocr_carea' id='block_1_27' title="bbox 2205 905 3772 979">
    <p class='ocr_par' dir='ltr' id='par_1_27' title="bbox 2205 905 3772 979">
     <span class='ocr_line' id='line_1_27' title="bbox 2205 905 3772 979; baseline -0.004 -15"><span class='ocrx_word' id='word_1_170' title='bbox 2205 911 2624 979; x_wconf 76' lang='grc' dir='ltr'>ἀλλαττόμενον.</span> <span class='ocrx_word' id='word_1_171' title='bbox 2658 908 2884 969; x_wconf 84' lang='grc' dir='ltr'><strong>Τούτοις</strong></span> <span class='ocrx_word' id='word_1_172' title='bbox 2908 912 3017 968; x_wconf 89' lang='grc' dir='ltr'>τοῖς</span> <span class='ocrx_word' id='word_1_173' title='bbox 3045 906 3272 967; x_wconf 74' lang='grc' dir='ltr'>ἀληθέσι</span> <span class='ocrx_word' id='word_1_174' title='bbox 3297 906 3482 972; x_wconf 76' lang='grc' dir='ltr'>λόγοις</span> <span class='ocrx_word' id='word_1_175' title='bbox 3520 905 3772 974; x_wconf 76' lang='grc' dir='ltr'>τοῦ’μάρ-</span> 
     </span>
    </p>
   </div>
   <div class='ocr_carea' id='block_1_28' title="bbox 2206 997 3775 1070">
    <p class='ocr_par' dir='ltr' id='par_1_28' title="bbox 2206 997 3775 1070">
     <span class='ocr_line' id='line_1_28' title="bbox 2206 997 3775 1070; baseline -0.003 -18"><span class='ocrx_word' id='word_1_176' title='bbox 2206 1018 2367 1069; x_wconf 84' lang='grc' dir='ltr'>τυρος</span> <span class='ocrx_word' id='word_1_177' title='bbox 2406 1004 2432 1052; x_wconf 79' lang='grc' dir='ltr'>ὁ</span> <span class='ocrx_word' id='word_1_178' title='bbox 2461 1001 2725 1070; x_wconf 84' lang='grc' dir='ltr'>τύραννος</span> <span class='ocrx_word' id='word_1_179' title='bbox 2764 1000 3231 1068; x_wconf 78' lang='grc' dir='ltr'>καταδροντηθεὶς</span> <span class='ocrx_word' id='word_1_180' title='bbox 3257 1040 3271 1062; x_wconf 88' lang='grc'><strong>,</strong></span> <span class='ocrx_word' id='word_1_181' title='bbox 3307 997 3578 1066; x_wconf 71' lang='grc' dir='ltr'>καὶπρὸς</span> <span class='ocrx_word' id='word_1_182' title='bbox 3615 997 3775 1066; x_wconf 73' lang='grc' dir='ltr'>ὀργὴν</span> 
     </span>
    </p>
   </div>
   <div class='ocr_carea' id='block_1_29' title="bbox 2210 1090 3777 1163">
    <p class='ocr_par' dir='ltr' id='par_1_29' title="bbox 2210 1090 3777 1163">
     <span class='ocr_line' id='line_1_29' title="bbox 2210 1090 3777 1163; baseline -0.002 -18"><span class='ocrx_word' id='word_1_183' title='bbox 2210 1096 2300 1145; x_wconf 70' lang='grc' dir='ltr'><strong>καὶ</strong></span> <span class='ocrx_word' id='word_1_184' title='bbox 2340 1094 2539 1159; x_wconf 82' lang='grc' dir='ltr'>μανίαν</span> <span class='ocrx_word' id='word_1_185' title='bbox 2584 1095 2816 1163; x_wconf 83' lang='grc' dir='ltr'>ἄσχετον</span> <span class='ocrx_word' id='word_1_186' title='bbox 2864 1091 3120 1159; x_wconf 67' lang='grc' dir='ltr'>ὲξαφθεὶς</span> <span class='ocrx_word' id='word_1_187' title='bbox 3146 1130 3159 1153; x_wconf 96' lang='grc'><strong>,</strong></span> <span class='ocrx_word' id='word_1_188' title='bbox 3210 1091 3347 1157; x_wconf 78' lang='grc' dir='ltr'>πρὸς</span> <span class='ocrx_word' id='word_1_189' title='bbox 3382 1090 3443 1142; x_wconf 75' lang='grc' dir='ltr'><strong>τὸ</strong></span> <span class='ocrx_word' id='word_1_190' title='bbox 3483 1090 3599 1140; x_wconf 81' lang='grc' dir='ltr'><strong>τῶν</strong></span> <span class='ocrx_word' id='word_1_191' title='bbox 3629 1090 3777 1142; x_wconf 79' lang='grc' dir='ltr'>κολα-</span> 
     </span>
    </p>
   </div>
   <div class='ocr_carea' id='block_1_30' title="bbox 2212 1186 3778 1257">
    <p class='ocr_par' dir='ltr' id='par_1_30' title="bbox 2212 1186 3778 1257">
     <span class='ocr_line' id='line_1_30' title="bbox 2212 1186 3778 1257; baseline -0.003 -18"><span class='ocrx_word' id='word_1_192' title='bbox 2212 1188 2450 1257; x_wconf 68' lang='grc' dir='ltr'>στηρέων</span> <span class='ocrx_word' id='word_1_193' title='bbox 2486 1189 2607 1249; x_wconf 86' lang='grc' dir='ltr'>ὅλος</span> <span class='ocrx_word' id='word_1_194' title='bbox 2641 1189 2835 1256; x_wconf 69' lang='grc' dir='ltr'>ἐχώρει</span> <span class='ocrx_word' id='word_1_195' title='bbox 2870 1187 3244 1247; x_wconf 76' lang='grc' dir='ltr'>παντοδαπὸν,</span> <span class='ocrx_word' id='word_1_196' title='bbox 3280 1187 3376 1237; x_wconf 69' lang='grc' dir='ltr'><strong>καὶ</strong></span> <span class='ocrx_word' id='word_1_197' title='bbox 3420 1186 3616 1252; x_wconf 76' lang='grc' dir='ltr'>κλίνην</span> <span class='ocrx_word' id='word_1_198' title='bbox 3640 1186 3778 1253; x_wconf 77' lang='grc' dir='ltr'>σιδη-</span> 
     </span>
    </p>
   </div>
   <div class='ocr_carea' id='block_1_31' title="bbox 2214 1273 3779 1347">
    <p class='ocr_par' dir='ltr' id='par_1_31' title="bbox 2214 1273 3779 1347">
     <span class='ocr_line' id='line_1_31' title="bbox 2214 1273 3779 1347; baseline -0.003 -18"><span class='ocrx_word' id='word_1_199' title='bbox 2214 1281 2310 1345; x_wconf 59' lang='lat' dir='ltr'><strong>pii-1</strong></span> <span class='ocrx_word' id='word_1_200' title='bbox 2346 1280 2543 1331; x_wconf 77' lang='grc' dir='ltr'>αὐτίκα</span> <span class='ocrx_word' id='word_1_201' title='bbox 2572 1279 2783 1330; x_wconf 77' lang='grc' dir='ltr'>κελεύει</span> <span class='ocrx_word' id='word_1_202' title='bbox 2810 1277 3139 1347; x_wconf 79' lang='grc' dir='ltr'>πυροῦσθαι,</span> <span class='ocrx_word' id='word_1_203' title='bbox 3184 1273 3251 1347; x_wconf 74' lang='grc' dir='ltr'>ἧς</span> <span class='ocrx_word' id='word_1_204' title='bbox 3275 1280 3370 1328; x_wconf 66' lang='grc' dir='ltr'><strong>καὶ</strong></span> <span class='ocrx_word' id='word_1_205' title='bbox 3400 1274 3779 1344; x_wconf 80' lang='grc' dir='ltr'>πυρακτωθεί-</span> 
     </span>
    </p>
   </div>
   <div class='ocr_carea' id='block_1_32' title="bbox 2213 1369 3778 1440">
    <p class='ocr_par' dir='ltr' id='par_1_32' title="bbox 2213 1369 3778 1440">
     <span class='ocr_line' id='line_1_32' title="bbox 2213 1369 3778 1440; baseline -0.002 -21"><span class='ocrx_word' id='word_1_206' title='bbox 2213 1386 2332 1435; x_wconf 81' lang='grc' dir='ltr'>σης.</span> <span class='ocrx_word' id='word_1_207' title='bbox 2370 1370 2763 1434; x_wconf 57' lang='grc' dir='ltr'>ὲῳαπλωοῆναι</span> <span class='ocrx_word' id='word_1_208' title='bbox 2794 1371 2969 1440; x_wconf 82' lang='grc' dir='ltr'>ταύτῃ</span> <span class='ocrx_word' id='word_1_209' title='bbox 3008 1370 3340 1439; x_wconf 77' lang='grc' dir='ltr'>προστάττει</span> <span class='ocrx_word' id='word_1_210' title='bbox 3369 1369 3465 1419; x_wconf 65' lang='grc' dir='ltr'><strong>τὸν</strong></span> <span class='ocrx_word' id='word_1_211' title='bbox 3505 1370 3778 1436; x_wconf 78' lang='grc' dir='ltr'>μάρτυρα.</span> 
     </span>
    </p>
   </div>
   <div class='ocr_carea' id='block_1_33' title="bbox 2224 1462 3778 1531">
    <p class='ocr_par' dir='ltr' id='par_1_33' title="bbox 2224 1462 3778 1531">
     <span class='ocr_line' id='line_1_33' title="bbox 2224 1462 3778 1531; baseline -0.003 -18"><span class='ocrx_word' id='word_1_212' title='bbox 2224 1463 2281 1513; x_wconf 91' lang='grc'><strong>’0</strong></span> <span class='ocrx_word' id='word_1_213' title='bbox 2306 1462 2359 1513; x_wconf 74' lang='grc' dir='ltr'><strong>δὲ</strong></span> <span class='ocrx_word' id='word_1_214' title='bbox 2399 1464 2475 1531; x_wconf 81' lang='grc' dir='ltr'>τῴ</span> <span class='ocrx_word' id='word_1_215' title='bbox 2506 1463 2720 1530; x_wconf 79' lang='grc' dir='ltr'>σημείῳ</span> <span class='ocrx_word' id='word_1_216' title='bbox 2765 1462 2858 1513; x_wconf 82' lang='grc' dir='ltr'>τοῦ</span> <span class='ocrx_word' id='word_1_217' title='bbox 2904 1463 3146 1531; x_wconf 80' lang='grc' dir='ltr'>σταυροῦ</span> <span class='ocrx_word' id='word_1_218' title='bbox 3193 1462 3778 1529; x_wconf 69' lang='grc' dir='ltr'>διασφραγισάμενος,</span> 
     </span>
    </p>
   </div>
   <div class='ocr_carea' id='block_1_34' title="bbox 2213 1554 3781 1623">
    <p class='ocr_par' dir='ltr' id='par_1_34' title="bbox 2213 1554 3781 1623">
     <span class='ocr_line' id='line_1_34' title="bbox 2213 1554 3781 1623; baseline 0.004 -18"><span class='ocrx_word' id='word_1_219' title='bbox 2213 1554 2509 1623; x_wconf 63' lang='grc' dir='ltr'>ὲῳηπλώοη</span> <span class='ocrx_word' id='word_1_220' title='bbox 2535 1555 2641 1622; x_wconf 77' lang='grc' dir='ltr'><strong>ὅλῳ</strong></span> <span class='ocrx_word' id='word_1_221' title='bbox 2674 1555 2752 1623; x_wconf 85' lang='grc' dir='ltr'>τῷ</span> <span class='ocrx_word' id='word_1_222' title='bbox 2779 1554 3012 1623; x_wconf 85' lang='grc' dir='ltr'>σώματι,</span> <span class='ocrx_word' id='word_1_223' title='bbox 3045 1557 3139 1607; x_wconf 76' lang='grc' dir='ltr'>καὶ</span> <span class='ocrx_word' id='word_1_224' title='bbox 3174 1555 3333 1615; x_wconf 74' lang='grc' dir='ltr'>εὐθὺς</span> <span class='ocrx_word' id='word_1_225' title='bbox 3364 1555 3420 1605; x_wconf 92' lang='grc' dir='ltr'>αἱ</span> <span class='ocrx_word' id='word_1_226' title='bbox 3454 1554 3557 1619; x_wconf 82' lang='grc' dir='ltr'><strong>μὲν</strong></span> <span class='ocrx_word' id='word_1_227' title='bbox 3590 1554 3781 1620; x_wconf 77' lang='grc' dir='ltr'>σάρκες</span> 
     </span>
    </p>
   </div>
   <div class='ocr_carea' id='block_1_35' title="bbox 2215 1643 3782 1715">
    <p class='ocr_par' dir='ltr' id='par_1_35' title="bbox 2215 1643 3782 1715">
     <span class='ocr_line' id='line_1_35' title="bbox 2215 1643 3782 1715; baseline -0.003 -19"><span class='ocrx_word' id='word_1_228' title='bbox 2215 1645 2642 1714; x_wconf 67' lang='grc' dir='ltr'>προσψαύσασαι</span> <span class='ocrx_word' id='word_1_229' title='bbox 2676 1647 2751 1711; x_wconf 83' lang='grc' dir='ltr'>τῷ</span> <span class='ocrx_word' id='word_1_230' title='bbox 2784 1663 2854 1697; x_wconf 88' lang='grc' dir='ltr'><strong>πυ</strong></span> <span class='ocrx_word' id='word_1_231' title='bbox 2868 1647 2941 1715; x_wconf 68' lang='lat' dir='ltr'><strong>pi,</strong></span> <span class='ocrx_word' id='word_1_232' title='bbox 2962 1644 3280 1696; x_wconf 79' lang='grc' dir='ltr'>δαπανῶντά</span> <span class='ocrx_word' id='word_1_233' title='bbox 3301 1662 3359 1695; x_wconf 91' lang='grc' dir='ltr'><strong>τε</strong></span> <span class='ocrx_word' id='word_1_234' title='bbox 3384 1645 3481 1696; x_wconf 71' lang='grc' dir='ltr'><strong>καὶ</strong></span> <span class='ocrx_word' id='word_1_235' title='bbox 3514 1643 3782 1694; x_wconf 74' lang='grc' dir='ltr'>διελύοντο</span> 
     </span>
    </p>
   </div>
   <div class='ocr_carea' id='block_1_36' title="bbox 2216 1734 3783 1809">
    <p class='ocr_par' dir='ltr' id='par_1_36' title="bbox 2216 1734 3783 1809">
     <span class='ocr_line' id='line_1_36' title="bbox 2216 1734 3783 1809; baseline -0.003 -20"><span class='ocrx_word' id='word_1_236' title='bbox 2216 1741 2307 1789; x_wconf 72' lang='grc' dir='ltr'><strong>καὶ</strong></span> <span class='ocrx_word' id='word_1_237' title='bbox 2354 1742 2433 1800; x_wconf 76' lang='grc' dir='ltr'><strong>είς</strong></span> <span class='ocrx_word' id='word_1_238' title='bbox 2494 1740 2696 1809; x_wconf 69' lang='grc' dir='ltr'>ῑχῶρεες</span> <span class='ocrx_word' id='word_1_239' title='bbox 2747 1741 2839 1792; x_wconf 77' lang='grc' dir='ltr'><strong>καὶ</strong></span> <span class='ocrx_word' id='word_1_240' title='bbox 2877 1740 3013 1807; x_wconf 76' lang='grc' dir='ltr'>ἕλκη</span> <span class='ocrx_word' id='word_1_241' title='bbox 3048 1739 3141 1790; x_wconf 77' lang='grc' dir='ltr'><strong>καὶ</strong></span> <span class='ocrx_word' id='word_1_242' title='bbox 3188 1737 3485 1805; x_wconf 76' lang='grc' dir='ltr'>τραύματα</span> <span class='ocrx_word' id='word_1_243' title='bbox 3526 1734 3783 1805; x_wconf 71' lang='grc' dir='ltr'>μετεῦάλρ</span> 
     </span>
    </p>
   </div>
   <div class='ocr_carea' id='block_1_37' title="bbox 2218 1830 3781 1899">
    <p class='ocr_par' dir='ltr' id='par_1_37' title="bbox 2218 1830 3781 1899">
     <span class='ocr_line' id='line_1_37' title="bbox 2218 1830 3781 1899; baseline -0.002 -20"><span class='ocrx_word' id='word_1_244' title='bbox 2218 1831 2370 1882; x_wconf 83' lang='grc' dir='ltr'>λοντο</span> <span class='ocrx_word' id='word_1_245' title='bbox 2396 1848 2408 1860; x_wconf 71' lang='grc'><strong>⁸</strong></span> <span class='ocrx_word' id='word_1_246' title='bbox 2446 1830 2637 1882; x_wconf 76' lang='grc' dir='ltr'>ἔστιδὲ</span> <span class='ocrx_word' id='word_1_247' title='bbox 2663 1831 2697 1883; x_wconf 78' lang='grc' dir='ltr'><strong>ἃ.</strong></span> <span class='ocrx_word' id='word_1_248' title='bbox 2731 1832 2838 1882; x_wconf 84' lang='grc' dir='ltr'>τῶν</span> <span class='ocrx_word' id='word_1_249' title='bbox 2868 1831 3069 1899; x_wconf 78' lang='grc' dir='ltr'>μελῶν,</span> <span class='ocrx_word' id='word_1_250' title='bbox 3095 1831 3189 1881; x_wconf 75' lang='grc' dir='ltr'>καὶ</span> <span class='ocrx_word' id='word_1_251' title='bbox 3215 1830 3350 1898; x_wconf 74' lang='grc' dir='ltr'>πρὸς</span> <span class='ocrx_word' id='word_1_252' title='bbox 3379 1832 3596 1897; x_wconf 69' lang='grc' dir='ltr'>τέφραν</span> <span class='ocrx_word' id='word_1_253' title='bbox 3630 1842 3781 1895; x_wconf 85' lang='grc' dir='ltr'>μετα-</span> 
     </span>
    </p>
   </div>
   <div class='ocr_carea' id='block_1_38' title="bbox 2221 1917 3783 1991">
    <p class='ocr_par' dir='ltr' id='par_1_38' title="bbox 2221 1917 3783 1991">
     <span class='ocr_line' id='line_1_38' title="bbox 2221 1917 3783 1991; baseline -0.003 -18"><span class='ocrx_word' id='word_1_254' title='bbox 2221 1921 2543 1987; x_wconf 81' lang='grc' dir='ltr'>ποιούμενα,</span> <span class='ocrx_word' id='word_1_255' title='bbox 2606 1920 2770 1991; x_wconf 61' lang='grc' dir='ltr'>ψιλὴν</span> <span class='ocrx_word' id='word_1_256' title='bbox 2808 1924 3038 1989; x_wconf 82' lang='grc' dir='ltr'>παρεῖχε</span> <span class='ocrx_word' id='word_1_257' title='bbox 3085 1922 3184 1990; x_wconf 75' lang='grc' dir='ltr'>τὴν</span> <span class='ocrx_word' id='word_1_258' title='bbox 3230 1920 3343 1971; x_wconf 81' lang='grc' dir='ltr'><strong>τῶν</strong></span> <span class='ocrx_word' id='word_1_259' title='bbox 3389 1920 3604 1971; x_wconf 75' lang='grc' dir='ltr'>ὀστέων</span> <span class='ocrx_word' id='word_1_260' title='bbox 3658 1917 3783 1985; x_wconf 73' lang='grc' dir='ltr'>ὀρᾷν</span> 
     </span>
    </p>
   </div>
   <div class='ocr_carea' id='block_1_39' title="bbox 2224 2009 3783 2079">
    <p class='ocr_par' dir='ltr' id='par_1_39' title="bbox 2224 2009 3783 2079">
     <span class='ocr_line' id='line_1_39' title="bbox 2224 2009 3783 2079; baseline -0.002 -15"><span class='ocrx_word' id='word_1_261' title='bbox 2224 2013 2521 2079; x_wconf 65' lang='grc' dir='ltr'>συνάφειαι)</span> <span class='ocrx_word' id='word_1_262' title='bbox 2552 2030 2563 2043; x_wconf 91' lang='grc'><strong>·</strong></span> <span class='ocrx_word' id='word_1_263' title='bbox 2594 2014 2754 2076; x_wconf 70' lang='grc' dir='ltr'>αὐτὸς</span> <span class='ocrx_word' id='word_1_264' title='bbox 2805 2014 2863 2064; x_wconf 78' lang='grc' dir='ltr'><strong>δὲ</strong></span> <span class='ocrx_word' id='word_1_265' title='bbox 2919 2015 3035 2073; x_wconf 83' lang='grc' dir='ltr'>ταῖς</span> <span class='ocrx_word' id='word_1_266' title='bbox 3095 2012 3353 2079; x_wconf 84' lang='grc' dir='ltr'>βασάνοις</span> <span class='ocrx_word' id='word_1_267' title='bbox 3410 2009 3783 2078; x_wconf 79' lang='grc' dir='ltr'>ὲγκαρτερῶν,</span> 
     </span>
    </p>
   </div>
   <div class='ocr_carea' id='block_1_40' title="bbox 539 2100 3782 2178">
    <p class='ocr_par' dir='ltr' id='par_1_40' title="bbox 539 2100 3782 2178">
     <span class='ocr_line' id='line_1_40' title="bbox 539 2100 3782 2178; baseline -0.003 -14"><span class='ocrx_word' id='word_1_268' title='bbox 539 2102 616 2165; x_wconf 81' lang='grc' dir='ltr'><strong>ὡς</strong></span> <span class='ocrx_word' id='word_1_269' title='bbox 655 2103 747 2153; x_wconf 62' lang='grc' dir='ltr'><strong>ἐπί</strong></span> <span class='ocrx_word' id='word_1_270' title='bbox 793 2119 934 2163; x_wconf 80' lang='grc' dir='ltr'>τινος</span> <span class='ocrx_word' id='word_1_271' title='bbox 984 2100 1199 2169; x_wconf 73' lang='grc' dir='ltr'>ἁπαλῆς</span> <span class='ocrx_word' id='word_1_272' title='bbox 1234 2102 1520 2170; x_wconf 75' lang='grc' dir='ltr'>στρωμνῆς</span> <span class='ocrx_word' id='word_1_273' title='bbox 1559 2102 1956 2167; x_wconf 73' lang='grc' dir='ltr'>κατακείμενος</span> <span class='ocrx_word' id='word_1_274' title='bbox 1987 2105 2425 2175; x_wconf 69' lang='grc' dir='ltr'>εὐχαριστηρξοις</span> <span class='ocrx_word' id='word_1_275' title='bbox 2456 2108 2545 2159; x_wconf 65' lang='grc' dir='ltr'><strong>τον</strong></span> <span class='ocrx_word' id='word_1_276' title='bbox 2588 2109 2719 2178; x_wconf 69' lang='grc' dir='ltr'>ὑπὲρ</span> <span class='ocrx_word' id='word_1_277' title='bbox 2750 2101 2813 2160; x_wconf 81' lang='grc' dir='ltr'>οὗ</span> <span class='ocrx_word' id='word_1_278' title='bbox 2860 2106 3033 2160; x_wconf 72' lang='grc' dir='ltr'>ταῦτα</span> <span class='ocrx_word' id='word_1_279' title='bbox 3076 2108 3337 2175; x_wconf 77' lang='grc' dir='ltr'>ὑπέμενε,</span> <span class='ocrx_word' id='word_1_280' title='bbox 3377 2107 3594 2175; x_wconf 78' lang='grc' dir='ltr'>φωναῖς</span> <span class='ocrx_word' id='word_1_281' title='bbox 3627 2103 3782 2171; x_wconf 62' lang='lat' dir='ltr'><strong>iussi-</strong></span> 
     </span>
    </p>
   </div>
   <div class='ocr_carea' id='block_1_41' title="bbox 542 2191 690 2245">
    <p class='ocr_par' dir='ltr' id='par_1_41' title="bbox 542 2191 690 2245">
     <span class='ocr_line' id='line_1_41' title="bbox 542 2191 690 2245; baseline 0.014 -2"><span class='ocrx_word' id='word_1_282' title='bbox 542 2191 690 2245; x_wconf 78' lang='grc' dir='ltr'>σετο.</span> 
     </span>
    </p>
   </div>
   <div class='ocr_carea' id='block_1_42' title="bbox 615 2288 2117 2367">
    <p class='ocr_par' dir='ltr' id='par_1_42' title="bbox 615 2288 2117 2367">
     <span class='ocr_line' id='line_1_42' title="bbox 615 2288 2117 2367; baseline 0.003 -23"><span class='ocrx_word' id='word_1_283' title='bbox 615 2288 702 2344; x_wconf 84' lang='lat' dir='ltr'><strong>Vl.</strong></span> <span class='ocrx_word' id='word_1_284' title='bbox 731 2290 865 2347; x_wconf 89' lang='lat' dir='ltr'><strong>Cum</strong></span> <span class='ocrx_word' id='word_1_285' title='bbox 904 2306 1085 2348; x_wconf 88' lang='lat' dir='ltr'><strong>autem</strong></span> <span class='ocrx_word' id='word_1_286' title='bbox 1131 2304 1422 2361; x_wconf 74' lang='lat' dir='ltr'><strong>martyrem</strong></span> <span class='ocrx_word' id='word_1_287' title='bbox 1463 2294 1609 2346; x_wconf 86' lang='lat' dir='ltr'><strong>nulla</strong></span> <span class='ocrx_word' id='word_1_288' title='bbox 1641 2302 1860 2367; x_wconf 83' lang='lat' dir='ltr'><strong>caperet</strong></span> <span class='ocrx_word' id='word_1_289' title='bbox 1894 2295 2117 2349; x_wconf 79' lang='lat' dir='ltr'><strong>satietas</strong></span> 
     </span>
    </p>
   </div>
   <div class='ocr_carea' id='block_1_43' title="bbox 540 2388 2115 2456">
    <p class='ocr_par' dir='ltr' id='par_1_43' title="bbox 540 2388 2115 2456">
     <span class='ocr_line' id='line_1_43' title="bbox 540 2388 2115 2456; baseline 0.002 -18"><span class='ocrx_word' id='word_1_290' title='bbox 540 2399 751 2446; x_wconf 87' lang='lat' dir='ltr'><strong>carum,</strong></span> <span class='ocrx_word' id='word_1_291' title='bbox 786 2402 921 2453; x_wconf 89' lang='lat' dir='ltr'><strong>quas</strong></span> <span class='ocrx_word' id='word_1_292' title='bbox 952 2404 1048 2455; x_wconf 91' lang='lat' dir='ltr'><strong>pro</strong></span> <span class='ocrx_word' id='word_1_293' title='bbox 1078 2388 1298 2441; x_wconf 89' lang='lat' dir='ltr'><strong>Christo</strong></span> <span class='ocrx_word' id='word_1_294' title='bbox 1332 2389 1638 2442; x_wconf 81' lang='lat' dir='ltr'><strong>sustinebat</strong></span> <span class='ocrx_word' id='word_1_295' title='bbox 1683 2390 2115 2456; x_wconf 85' lang='lat' dir='ltr'><strong>perpessionum,</strong></span> 
     </span>
    </p>
   </div>
   <div class='ocr_carea' id='block_1_44' title="bbox 540 2474 2115 2545">
    <p class='ocr_par' dir='ltr' id='par_1_44' title="bbox 540 2474 2115 2545">
     <span class='ocr_line' id='line_1_44' title="bbox 540 2474 2115 2545; baseline 0.004 -18"><span class='ocrx_word' id='word_1_296' title='bbox 540 2474 637 2528; x_wconf 86' lang='lat' dir='ltr'><strong>sed</strong></span> <span class='ocrx_word' id='word_1_297' title='bbox 686 2476 802 2529; x_wconf 84' lang='lat' dir='ltr'><strong>zelo</strong></span> <span class='ocrx_word' id='word_1_298' title='bbox 844 2476 963 2530; x_wconf 89' lang='lat' dir='ltr'><strong>fidei</strong></span> <span class='ocrx_word' id='word_1_299' title='bbox 1016 2478 1193 2531; x_wconf 87' lang='lat' dir='ltr'><strong>adhuc</strong></span> <span class='ocrx_word' id='word_1_300' title='bbox 1244 2479 1412 2545; x_wconf 73' lang='lat' dir='ltr'><strong>magis</strong></span> <span class='ocrx_word' id='word_1_301' title='bbox 1460 2478 1799 2539; x_wconf 88' lang='lat' dir='ltr'><strong>incitaretur,</strong></span> <span class='ocrx_word' id='word_1_302' title='bbox 1840 2495 1944 2532; x_wconf 90' lang='lat' dir='ltr'><strong>non</strong></span> <span class='ocrx_word' id='word_1_303' title='bbox 1997 2495 2115 2533; x_wconf 89' lang='lat' dir='ltr'><strong>esse</strong></span> 
     </span>
    </p>
   </div>
   <div class='ocr_carea' id='block_1_45' title="bbox 541 2567 2117 2637">
    <p class='ocr_par' dir='ltr' id='par_1_45' title="bbox 541 2567 2117 2637">
     <span class='ocr_line' id='line_1_45' title="bbox 541 2567 2117 2637; baseline 0.003 -17"><span class='ocrx_word' id='word_1_304' title='bbox 541 2567 881 2621; x_wconf 79' lang='lat' dir='ltr'><strong>tolerandum</strong></span> <span class='ocrx_word' id='word_1_305' title='bbox 936 2570 1257 2632; x_wconf 87' lang='lat' dir='ltr'><strong>arbitratus,</strong></span> <span class='ocrx_word' id='word_1_306' title='bbox 1292 2585 1479 2623; x_wconf 85' lang='lat' dir='ltr'><strong>verum</strong></span> <span class='ocrx_word' id='word_1_307' title='bbox 1531 2570 1748 2637; x_wconf 88' lang='lat' dir='ltr'><strong>quidem</strong></span> <span class='ocrx_word' id='word_1_308' title='bbox 1795 2570 1961 2622; x_wconf 91' lang='lat' dir='ltr'><strong>Deum</strong></span> <span class='ocrx_word' id='word_1_309' title='bbox 1997 2573 2117 2624; x_wconf 89' lang='lat' dir='ltr'><strong>uni-</strong></span> 
     </span>
    </p>
   </div>
   <div class='ocr_carea' id='block_1_46' title="bbox 544 2658 2115 2718">
    <p class='ocr_par' dir='ltr' id='par_1_46' title="bbox 544 2658 2115 2718">
     <span class='ocr_line' id='line_1_46' title="bbox 544 2658 2115 2718; baseline 0.004 -9"><span class='ocrx_word' id='word_1_310' title='bbox 544 2658 687 2711; x_wconf 86' lang='lat' dir='ltr'><strong>versi</strong></span> <span class='ocrx_word' id='word_1_311' title='bbox 727 2658 960 2718; x_wconf 87' lang='lat' dir='ltr'><strong>irrideri,</strong></span> <span class='ocrx_word' id='word_1_312' title='bbox 996 2659 1283 2712; x_wconf 79' lang='lat' dir='ltr'><strong>vanitatem</strong></span> <span class='ocrx_word' id='word_1_313' title='bbox 1312 2672 1491 2711; x_wconf 91' lang='lat' dir='ltr'><strong>autem</strong></span> <span class='ocrx_word' id='word_1_314' title='bbox 1538 2660 1922 2715; x_wconf 76' lang='lat' dir='ltr'><strong>imbecillitatis</strong></span> <span class='ocrx_word' id='word_1_315' title='bbox 1946 2663 2115 2715; x_wconf 91' lang='lat' dir='ltr'><strong>simu-</strong></span> 
     </span>
    </p>
   </div>
   <div class='ocr_carea' id='block_1_47' title="bbox 544 2750 2116 2819">
    <p class='ocr_par' dir='ltr' id='par_1_47' title="bbox 544 2750 2116 2819">
     <span class='ocr_line' id='line_1_47' title="bbox 544 2750 2116 2819; baseline 0.001 -16"><span class='ocrx_word' id='word_1_316' title='bbox 544 2751 812 2803; x_wconf 86' lang='lat' dir='ltr'><strong>lacrorum</strong></span> <span class='ocrx_word' id='word_1_317' title='bbox 849 2750 916 2803; x_wconf 83' lang='lat' dir='ltr'><strong>ab</strong></span> <span class='ocrx_word' id='word_1_318' title='bbox 968 2750 1050 2814; x_wconf 91' lang='lat' dir='ltr'><strong>iis,</strong></span> <span class='ocrx_word' id='word_1_319' title='bbox 1088 2752 1177 2819; x_wconf 90' lang='lat' dir='ltr'><strong>qui</strong></span> <span class='ocrx_word' id='word_1_320' title='bbox 1226 2760 1355 2805; x_wconf 93' lang='lat' dir='ltr'><strong>tunc</strong></span> <span class='ocrx_word' id='word_1_321' title='bbox 1394 2750 1730 2807; x_wconf 88' lang='lat' dir='ltr'><strong>dominatum</strong></span> <span class='ocrx_word' id='word_1_322' title='bbox 1774 2753 2116 2815; x_wconf 82' lang='lat' dir='ltr'><strong>obtinebant,</strong></span> 
     </span>
    </p>
   </div>
   <div class='ocr_carea' id='block_1_48' title="bbox 546 2838 2118 2913">
    <p class='ocr_par' dir='ltr' id='par_1_48' title="bbox 546 2838 2118 2913">
     <span class='ocr_line' id='line_1_48' title="bbox 546 2838 2118 2913; baseline 0.003 -22"><span class='ocrx_word' id='word_1_323' title='bbox 546 2838 808 2892; x_wconf 84' lang='lat' dir='ltr'><strong>celebrari</strong></span> <span class='ocrx_word' id='word_1_324' title='bbox 860 2839 1134 2904; x_wconf 89' lang='lat' dir='ltr'><strong>laudibus,</strong></span> <span class='ocrx_word' id='word_1_325' title='bbox 1162 2850 1214 2893; x_wconf 91' lang='lat' dir='ltr'><strong>ct</strong></span> <span class='ocrx_word' id='word_1_326' title='bbox 1256 2842 1578 2910; x_wconf 81' lang='lat' dir='ltr'><strong>tuagnifieri,</strong></span> <span class='ocrx_word' id='word_1_327' title='bbox 1604 2859 1928 2911; x_wconf 78' lang='lat' dir='ltr'><strong>generosum</strong></span> <span class='ocrx_word' id='word_1_328' title='bbox 1958 2845 2118 2913; x_wconf 92' lang='lat' dir='ltr'><strong>quid-</strong></span> 
     </span>
    </p>
   </div>
   <div class='ocr_carea' id='block_1_49' title="bbox 546 2929 2117 3002">
    <p class='ocr_par' dir='ltr' id='par_1_49' title="bbox 546 2929 2117 3002">
     <span class='ocr_line' id='line_1_49' title="bbox 546 2929 2117 3002; baseline 0.003 -20"><span class='ocrx_word' id='word_1_329' title='bbox 546 2929 669 2982; x_wconf 87' lang='lat' dir='ltr'><strong>dam</strong></span> <span class='ocrx_word' id='word_1_330' title='bbox 716 2938 771 2983; x_wconf 86' lang='lat' dir='ltr'><strong>et</strong></span> <span class='ocrx_word' id='word_1_331' title='bbox 814 2930 1049 2997; x_wconf 81' lang='lat' dir='ltr'><strong>juvenile</strong></span> <span class='ocrx_word' id='word_1_332' title='bbox 1090 2933 1381 3001; x_wconf 76' lang='lat' dir='ltr'><strong>ettc0gitat,</strong></span> <span class='ocrx_word' id='word_1_333' title='bbox 1413 2934 1743 3001; x_wconf 80' lang='lat' dir='ltr'><strong>dignumque</strong></span> <span class='ocrx_word' id='word_1_334' title='bbox 1788 2938 1902 3002; x_wconf 82' lang='lat' dir='ltr'><strong>ejus</strong></span> <span class='ocrx_word' id='word_1_335' title='bbox 1951 2937 2117 2987; x_wconf 88' lang='lat' dir='ltr'><strong>animi</strong></span> 
     </span>
    </p>
   </div>
   <div class='ocr_carea' id='block_1_50' title="bbox 545 3021 2117 3091">
    <p class='ocr_par' dir='ltr' id='par_1_50' title="bbox 545 3021 2117 3091">
     <span class='ocr_line' id='line_1_50' title="bbox 545 3021 2117 3091; baseline 0.004 -19"><span class='ocrx_word' id='word_1_336' title='bbox 545 3021 941 3091; x_wconf 78' lang='lat' dir='ltr'><strong>magnitudine.</strong></span> <span class='ocrx_word' id='word_1_337' title='bbox 976 3021 1105 3075; x_wconf 84' lang='lat' dir='ltr'><strong>Nam</strong></span> <span class='ocrx_word' id='word_1_338' title='bbox 1135 3039 1257 3076; x_wconf 89' lang='lat' dir='ltr'><strong>cum</strong></span> <span class='ocrx_word' id='word_1_339' title='bbox 1292 3024 1472 3076; x_wconf 84' lang='lat' dir='ltr'><strong>verbis</strong></span> <span class='ocrx_word' id='word_1_340' title='bbox 1504 3025 1812 3077; x_wconf 87' lang='lat' dir='ltr'><strong>simulasset</strong></span> <span class='ocrx_word' id='word_1_341' title='bbox 1847 3041 1903 3079; x_wconf 91' lang='lat' dir='ltr'><strong>se</strong></span> <span class='ocrx_word' id='word_1_342' title='bbox 1932 3042 2117 3079; x_wconf 80' lang='lat' dir='ltr'><strong>assen-</strong></span> 
     </span>
    </p>
   </div>
   <div class='ocr_carea' id='block_1_51' title="bbox 2297 2293 3785 2369">
    <p class='ocr_par' dir='ltr' id='par_1_51' title="bbox 2297 2293 3785 2369">
     <span class='ocr_line' id='line_1_51' title="bbox 2297 2293 3785 2369; baseline -0.005 -18"><span class='ocrx_word' id='word_1_343' title='bbox 2297 2297 2386 2365; x_wconf 62' lang='grc' dir='ltr'><strong>(ζ’.</strong></span> <span class='ocrx_word' id='word_1_344' title='bbox 2440 2300 2599 2352; x_wconf 80' lang='grc' dir='ltr'>Ἐπεὶ</span> <span class='ocrx_word' id='word_1_345' title='bbox 2639 2302 2693 2352; x_wconf 82' lang='grc' dir='ltr'><strong>δὲ</strong></span> <span class='ocrx_word' id='word_1_346' title='bbox 2724 2301 2887 2369; x_wconf 73' lang='grc' dir='ltr'>κόρος</span> <span class='ocrx_word' id='word_1_347' title='bbox 2914 2299 3087 2360; x_wconf 80' lang='grc' dir='ltr'>οὐδε“ς</span> <span class='ocrx_word' id='word_1_348' title='bbox 3114 2298 3192 2365; x_wconf 82' lang='grc' dir='ltr'><strong>τῷ</strong></span> <span class='ocrx_word' id='word_1_349' title='bbox 3233 2298 3472 2365; x_wconf 77' lang='grc' dir='ltr'>μάρτυρι</span> <span class='ocrx_word' id='word_1_350' title='bbox 3504 2296 3616 2346; x_wconf 84' lang='grc' dir='ltr'>τῶν</span> <span class='ocrx_word' id='word_1_351' title='bbox 3651 2293 3785 2365; x_wconf 76' lang='grc' dir='ltr'>ὑπὲρ</span> 
     </span>
    </p>
   </div>
   <div class='ocr_carea' id='block_1_52' title="bbox 2222 2388 3786 2459">
    <p class='ocr_par' dir='ltr' id='par_1_52' title="bbox 2222 2388 3786 2459">
     <span class='ocr_line' id='line_1_52' title="bbox 2222 2388 3786 2459; baseline -0.003 -18"><span class='ocrx_word' id='word_1_352' title='bbox 2222 2391 2464 2459; x_wconf 75' lang='grc' dir='ltr'>Χριστοῦ</span> <span class='ocrx_word' id='word_1_353' title='bbox 2507 2392 2883 2459; x_wconf 77' lang='grc' dir='ltr'><strong>παθημάτων,</strong></span> <span class='ocrx_word' id='word_1_354' title='bbox 2945 2390 3079 2443; x_wconf 81' lang='grc' dir='ltr'>ἀλλὰ</span> <span class='ocrx_word' id='word_1_355' title='bbox 3118 2407 3195 2456; x_wconf 82' lang='grc' dir='ltr'>τῳ</span> <span class='ocrx_word' id='word_1_356' title='bbox 3236 2388 3384 2457; x_wconf 78' lang='grc' dir='ltr'><strong>ζήλῳ</strong></span> <span class='ocrx_word' id='word_1_357' title='bbox 3414 2388 3518 2455; x_wconf 83' lang='grc' dir='ltr'>τῆς</span> <span class='ocrx_word' id='word_1_358' title='bbox 3554 2389 3786 2453; x_wconf 82' lang='grc' dir='ltr'>πίστεως</span> 
     </span>
    </p>
   </div>
   <div class='ocr_carea' id='block_1_53' title="bbox 2221 2480 3787 2549">
    <p class='ocr_par' dir='ltr' id='par_1_53' title="bbox 2221 2480 3787 2549">
     <span class='ocr_line' id='line_1_53' title="bbox 2221 2480 3787 2549; baseline -0.001 -19"><span class='ocrx_word' id='word_1_359' title='bbox 2221 2482 2312 2531; x_wconf 73' lang='grc' dir='ltr'>ἐπὶ</span> <span class='ocrx_word' id='word_1_360' title='bbox 2360 2482 2561 2549; x_wconf 82' lang='grc' dir='ltr'>μᾶλλον</span> <span class='ocrx_word' id='word_1_361' title='bbox 2611 2482 2974 2549; x_wconf 77' lang='grc' dir='ltr'>διηρεθὶξετο,</span> <span class='ocrx_word' id='word_1_362' title='bbox 3024 2482 3121 2533; x_wconf 80' lang='grc' dir='ltr'>οὐκ</span> <span class='ocrx_word' id='word_1_363' title='bbox 3165 2480 3392 2532; x_wconf 81' lang='grc' dir='ltr'>ἀνεκτὸν</span> <span class='ocrx_word' id='word_1_364' title='bbox 3440 2480 3787 2547; x_wconf 77' lang='grc' dir='ltr'>ἡγησάμενος</span> 
     </span>
    </p>
   </div>
   <div class='ocr_carea' id='block_1_54' title="bbox 2220 2567 3788 2641">
    <p class='ocr_par' dir='ltr' id='par_1_54' title="bbox 2220 2567 3788 2641">
     <span class='ocr_line' id='line_1_54' title="bbox 2220 2567 3788 2641; baseline -0.002 -20"><span class='ocrx_word' id='word_1_365' title='bbox 2220 2571 2310 2621; x_wconf 75' lang='grc' dir='ltr'><strong>τὸν</strong></span> <span class='ocrx_word' id='word_1_366' title='bbox 2348 2572 2447 2639; x_wconf 84' lang='grc' dir='ltr'><strong>μὲν</strong></span> <span class='ocrx_word' id='word_1_367' title='bbox 2471 2572 2644 2641; x_wconf 80' lang='grc' dir='ltr'>ἀληθῆ</span> <span class='ocrx_word' id='word_1_368' title='bbox 2677 2573 2809 2623; x_wconf 76' lang='grc' dir='ltr'>Θεὸν</span> <span class='ocrx_word' id='word_1_369' title='bbox 2842 2572 2933 2624; x_wconf 87' lang='grc' dir='ltr'><strong>τοῦ</strong></span> <span class='ocrx_word' id='word_1_370' title='bbox 2978 2571 3183 2633; x_wconf 71' lang='grc' dir='ltr'>παντὸς</span> <span class='ocrx_word' id='word_1_371' title='bbox 3212 2569 3693 2638; x_wconf 70' lang='grc' dir='ltr'>διαχλευάζεσθαι.</span> <span class='ocrx_word' id='word_1_372' title='bbox 3734 2567 3788 2618; x_wconf 73' lang='grc' dir='ltr'><strong>τὸ</strong></span> 
     </span>
    </p>
   </div>
   <div class='ocr_carea' id='block_1_55' title="bbox 2218 2659 3785 2730">
    <p class='ocr_par' dir='ltr' id='par_1_55' title="bbox 2218 2659 3785 2730">
     <span class='ocr_line' id='line_1_55' title="bbox 2218 2659 3785 2730; baseline -0.003 -18"><span class='ocrx_word' id='word_1_373' title='bbox 2218 2662 2272 2713; x_wconf 81' lang='grc' dir='ltr'><strong>δὲ</strong></span> <span class='ocrx_word' id='word_1_374' title='bbox 2308 2663 2535 2729; x_wconf 85' lang='grc' dir='ltr'>μάταιον</span> <span class='ocrx_word' id='word_1_375' title='bbox 2564 2665 2660 2728; x_wconf 79' lang='grc' dir='ltr'>τῆς</span> <span class='ocrx_word' id='word_1_376' title='bbox 2692 2664 2977 2730; x_wconf 76' lang='grc' dir='ltr'>εἰδωλικῆς</span> <span class='ocrx_word' id='word_1_377' title='bbox 3009 2663 3297 2720; x_wconf 82' lang='grc' dir='ltr'>ἀσθενείας</span> <span class='ocrx_word' id='word_1_378' title='bbox 3345 2662 3497 2727; x_wconf 85' lang='grc' dir='ltr'>παρὰ</span> <span class='ocrx_word' id='word_1_379' title='bbox 3526 2660 3635 2710; x_wconf 77' lang='grc' dir='ltr'>τῶν</span> <span class='ocrx_word' id='word_1_380' title='bbox 3673 2659 3785 2709; x_wconf 79' lang='grc' dir='ltr'>τότε</span> 
     </span>
    </p>
   </div>
   <div class='ocr_carea' id='block_1_56' title="bbox 2220 2748 3787 2823">
    <p class='ocr_par' dir='ltr' id='par_1_56' title="bbox 2220 2748 3787 2823">
     <span class='ocr_line' id='line_1_56' title="bbox 2220 2748 3787 2823; baseline -0.005 -18"><span class='ocrx_word' id='word_1_381' title='bbox 2220 2756 2569 2823; x_wconf 83' lang='grc' dir='ltr'><strong>κρατούντων</strong></span> <span class='ocrx_word' id='word_1_382' title='bbox 2602 2755 2951 2822; x_wconf 66' lang='grc' dir='ltr'>ἐξυμνεῖσθαι</span> <span class='ocrx_word' id='word_1_383' title='bbox 2979 2756 3071 2805; x_wconf 76' lang='grc' dir='ltr'>καὶ</span> <span class='ocrx_word' id='word_1_384' title='bbox 3094 2751 3521 2822; x_wconf 76' lang='grc' dir='ltr'>μεγαλύνεσθαι,</span> <span class='ocrx_word' id='word_1_385' title='bbox 3545 2748 3787 2816; x_wconf 80' lang='grc' dir='ltr'>γενναῖόν</span> 
     </span>
    </p>
   </div>
   <div class='ocr_carea' id='block_1_57' title="bbox 2220 2840 3788 2912">
    <p class='ocr_par' dir='ltr' id='par_1_57' title="bbox 2220 2840 3788 2912">
     <span class='ocr_line' id='line_1_57' title="bbox 2220 2840 3788 2912; baseline -0.001 -19"><span class='ocrx_word' id='word_1_386' title='bbox 2220 2861 2271 2894; x_wconf 87' lang='grc' dir='ltr'>τι</span> <span class='ocrx_word' id='word_1_387' title='bbox 2306 2847 2400 2895; x_wconf 67' lang='grc' dir='ltr'><strong>καὶ</strong></span> <span class='ocrx_word' id='word_1_388' title='bbox 2446 2846 2694 2897; x_wconf 72' lang='grc' dir='ltr'>νεανικὸν</span> <span class='ocrx_word' id='word_1_389' title='bbox 2727 2847 2933 2908; x_wconf 85' lang='grc' dir='ltr'>ὲννοεῖ,</span> <span class='ocrx_word' id='word_1_390' title='bbox 2971 2848 3063 2897; x_wconf 70' lang='grc' dir='ltr'>καὶ</span> <span class='ocrx_word' id='word_1_391' title='bbox 3092 2845 3189 2912; x_wconf 75' lang='grc' dir='ltr'>τῆς</span> <span class='ocrx_word' id='word_1_392' title='bbox 3226 2844 3388 2895; x_wconf 68' lang='grc' dir='ltr'>αὐτοῦ</span> <span class='ocrx_word' id='word_1_393' title='bbox 3430 2840 3788 2911; x_wconf 76' lang='grc' dir='ltr'>μεγαλονοίας</span> 
     </span>
    </p>
   </div>
   <div class='ocr_carea' id='block_1_58' title="bbox 2223 2930 3789 3005">
    <p class='ocr_par' dir='ltr' id='par_1_58' title="bbox 2223 2930 3789 3005">
     <span class='ocr_line' id='line_1_58' title="bbox 2223 2930 3789 3005; baseline -0.006 -16"><span class='ocrx_word' id='word_1_394' title='bbox 2223 2937 2393 2999; x_wconf 80' lang='grc' dir='ltr'>ἄξιον.</span> <span class='ocrx_word' id='word_1_395' title='bbox 2428 2938 2584 3005; x_wconf 85' lang='grc' dir='ltr'><strong>Λόγῳ</strong></span> <span class='ocrx_word' id='word_1_396' title='bbox 2614 2938 2721 3005; x_wconf 81' lang='grc' dir='ltr'><strong>γάρ</strong></span> <span class='ocrx_word' id='word_1_397' title='bbox 2749 2938 3204 3005; x_wconf 78' lang='grc' dir='ltr'>ὑποκρινάμενος,</span> <span class='ocrx_word' id='word_1_398' title='bbox 3228 2934 3324 3003; x_wconf 72' lang='grc' dir='ltr'><strong>τὴν</strong></span> <span class='ocrx_word' id='word_1_399' title='bbox 3348 2934 3483 3001; x_wconf 77' lang='grc' dir='ltr'>πρὸς</span> <span class='ocrx_word' id='word_1_400' title='bbox 3501 2932 3572 2983; x_wconf 80' lang='grc' dir='ltr'>τὰ</span> <span class='ocrx_word' id='word_1_401' title='bbox 3602 2930 3789 2982; x_wconf 73' lang='grc' dir='ltr'>εἴδωλα</span> 
     </span>
    </p>
   </div>
   <div class='ocr_carea' id='block_1_59' title="bbox 2228 3024 3786 3098">
    <p class='ocr_par' dir='ltr' id='par_1_59' title="bbox 2228 3024 3786 3098">
     <span class='ocr_line' id='line_1_59' title="bbox 2228 3024 3786 3098; baseline -0.007 -18"><span class='ocrx_word' id='word_1_402' title='bbox 2228 3031 2658 3096; x_wconf 78' lang='grc' dir='ltr'>συγκατάθεσιν,</span> <span class='ocrx_word' id='word_1_403' title='bbox 2693 3031 2787 3081; x_wconf 74' lang='grc' dir='ltr'><strong>καὶ</strong></span> <span class='ocrx_word' id='word_1_404' title='bbox 2829 3027 3002 3098; x_wconf 65' lang='grc' dir='ltr'>ταύτῃ</span> <span class='ocrx_word' id='word_1_405' title='bbox 3046 3027 3349 3097; x_wconf 75' lang='grc' dir='ltr'>φενακίσας</span> <span class='ocrx_word' id='word_1_406' title='bbox 3378 3026 3470 3076; x_wconf 74' lang='grc' dir='ltr'>τὸν</span> <span class='ocrx_word' id='word_1_407' title='bbox 3504 3024 3786 3092; x_wconf 79' lang='grc' dir='ltr'>τύραννον,</span> 
     </span>
    </p>
   </div>
   <div class='ocr_carea' id='block_1_60' title="bbox 548 3114 2120 3195">
    <p class='ocr_par' dir='ltr' id='par_1_60' title="bbox 548 3116 2112 3189">
     <span class='ocr_line' id='line_1_60' title="bbox 548 3116 2112 3189; baseline 0.003 -22"><span class='ocrx_word' id='word_1_408' title='bbox 548 3116 635 3169; x_wconf 88' lang='lat' dir='ltr'><strong>tiri</strong></span> <span class='ocrx_word' id='word_1_409' title='bbox 664 3118 988 3179; x_wconf 90' lang='lat' dir='ltr'><strong>simulacris,</strong></span> <span class='ocrx_word' id='word_1_410' title='bbox 1014 3128 1069 3171; x_wconf 89' lang='lat' dir='ltr'><strong>et</strong></span> <span class='ocrx_word' id='word_1_411' title='bbox 1089 3132 1151 3171; x_wconf 89' lang='lat' dir='ltr'><strong>ea</strong></span> <span class='ocrx_word' id='word_1_412' title='bbox 1175 3118 1385 3171; x_wconf 84' lang='lat' dir='ltr'><strong>ratione</strong></span> <span class='ocrx_word' id='word_1_413' title='bbox 1409 3119 1589 3173; x_wconf 90' lang='lat' dir='ltr'><strong>lucum</strong></span> <span class='ocrx_word' id='word_1_414' title='bbox 1615 3120 1835 3174; x_wconf 80' lang='lat' dir='ltr'><strong>fecisset</strong></span> <span class='ocrx_word' id='word_1_415' title='bbox 1868 3129 2112 3189; x_wconf 82' lang='lat' dir='ltr'><strong>tyranno,</strong></span> 
     </span>
    </p>
   </div>
   <div class='ocr_carea' id='block_1_61' title="bbox 2227 3114 3790 3195">
    <p class='ocr_par' dir='ltr' id='par_1_61' title="bbox 2227 3114 3790 3189">
     <span class='ocr_line' id='line_1_61' title="bbox 2227 3114 3790 3189; baseline -0.006 -18"><span class='ocrx_word' id='word_1_416' title='bbox 2227 3122 2365 3189; x_wconf 72' lang='grc' dir='ltr'>μετά</span> <span class='ocrx_word' id='word_1_417' title='bbox 2392 3138 2539 3183; x_wconf 85' lang='grc' dir='ltr'>τινος</span> <span class='ocrx_word' id='word_1_418' title='bbox 2576 3122 2800 3189; x_wconf 79' lang='grc' dir='ltr'>πομπῆς</span> <span class='ocrx_word' id='word_1_419' title='bbox 2827 3122 2921 3173; x_wconf 75' lang='grc' dir='ltr'>καὶ</span> <span class='ocrx_word' id='word_1_420' title='bbox 2943 3120 3267 3187; x_wconf 74' lang='grc' dir='ltr'>δορυφορίας</span> <span class='ocrx_word' id='word_1_421' title='bbox 3303 3118 3380 3178; x_wconf 79' lang='grc' dir='ltr'><strong>είς</strong></span> <span class='ocrx_word' id='word_1_422' title='bbox 3411 3119 3503 3167; x_wconf 69' lang='grc' dir='ltr'>τῖν</span> <span class='ocrx_word' id='word_1_423' title='bbox 3535 3117 3658 3167; x_wconf 56' lang='grc' dir='ltr'>ναὸν</span> <span class='ocrx_word' id='word_1_424' title='bbox 3687 3114 3790 3165; x_wconf 84' lang='grc' dir='ltr'><strong>τῶν</strong></span> 
     </span>
    </p>
   </div>
   <div class='ocr_carea' id='block_1_62' title="bbox 549 3210 2114 3279">
    <p class='ocr_par' dir='ltr' id='par_1_62' title="bbox 549 3210 2114 3279">
     <span class='ocr_line' id='line_1_62' title="bbox 549 3210 2114 3279; baseline 0.003 -18"><span class='ocrx_word' id='word_1_425' title='bbox 549 3222 674 3261; x_wconf 89' lang='lat' dir='ltr'><strong>cum</strong></span> <span class='ocrx_word' id='word_1_426' title='bbox 706 3210 937 3276; x_wconf 87' lang='lat' dir='ltr'><strong>quadam</strong></span> <span class='ocrx_word' id='word_1_427' title='bbox 983 3225 1175 3278; x_wconf 87' lang='lat' dir='ltr'><strong>pompa</strong></span> <span class='ocrx_word' id='word_1_428' title='bbox 1225 3225 1253 3262; x_wconf 91' lang='lat' dir='ltr'><strong>a</strong></span> <span class='ocrx_word' id='word_1_429' title='bbox 1289 3210 1471 3263; x_wconf 89' lang='lat' dir='ltr'><strong>multis</strong></span> <span class='ocrx_word' id='word_1_430' title='bbox 1512 3212 1741 3279; x_wconf 78' lang='lat' dir='ltr'><strong>sripatus</strong></span> <span class='ocrx_word' id='word_1_431' title='bbox 1773 3213 2114 3272; x_wconf 77' lang='lat' dir='ltr'><strong>satellitibus.</strong></span> 
     </span>
    </p>
   </div>
   <div class='ocr_carea' id='block_1_63' title="bbox 549 3300 2117 3372">
    <p class='ocr_par' dir='ltr' id='par_1_63' title="bbox 549 3300 2117 3372">
     <span class='ocr_line' id='line_1_63' title="bbox 549 3300 2117 3372; baseline 0.003 -21"><span class='ocrx_word' id='word_1_432' title='bbox 549 3300 701 3354; x_wconf 86' lang='lat' dir='ltr'><strong>venit</strong></span> <span class='ocrx_word' id='word_1_433' title='bbox 757 3301 811 3354; x_wconf 83' lang='lat' dir='ltr'><strong>in</strong></span> <span class='ocrx_word' id='word_1_434' title='bbox 864 3301 1122 3370; x_wconf 87' lang='lat' dir='ltr'><strong>templum</strong></span> <span class='ocrx_word' id='word_1_435' title='bbox 1163 3301 1454 3363; x_wconf 90' lang='lat' dir='ltr'><strong>idolorum.</strong></span> <span class='ocrx_word' id='word_1_436' title='bbox 1492 3302 1685 3371; x_wconf 88' lang='lat' dir='ltr'><strong>partim</strong></span> <span class='ocrx_word' id='word_1_437' title='bbox 1725 3304 1944 3372; x_wconf 82' lang='lat' dir='ltr'><strong>quidem</strong></span> <span class='ocrx_word' id='word_1_438' title='bbox 1994 3318 2117 3370; x_wconf 92' lang='lat' dir='ltr'><strong>pro—</strong></span> 
     </span>
    </p>
   </div>
   <div class='ocr_carea' id='block_1_64' title="bbox 550 3394 2119 3461">
    <p class='ocr_par' dir='ltr' id='par_1_64' title="bbox 550 3394 2119 3461">
     <span class='ocr_line' id='line_1_64' title="bbox 550 3394 2119 3461; baseline 0.003 -18"><span class='ocrx_word' id='word_1_439' title='bbox 550 3401 673 3459; x_wconf 88' lang='lat' dir='ltr'><strong>pter</strong></span> <span class='ocrx_word' id='word_1_440' title='bbox 708 3395 1046 3459; x_wconf 82' lang='lat' dir='ltr'><strong>repentinam</strong></span> <span class='ocrx_word' id='word_1_441' title='bbox 1096 3394 1348 3461; x_wconf 76' lang='lat' dir='ltr'><strong>martyris</strong></span> <span class='ocrx_word' id='word_1_442' title='bbox 1393 3395 1748 3447; x_wconf 76' lang='lat' dir='ltr'><strong>mutationem</strong></span> <span class='ocrx_word' id='word_1_443' title='bbox 1786 3397 1849 3447; x_wconf 89' lang='lat' dir='ltr'><strong>iis</strong></span> <span class='ocrx_word' id='word_1_444' title='bbox 1892 3396 2119 3448; x_wconf 64' lang='lat' dir='ltr'><strong>laetanti—</strong></span> 
     </span>
    </p>
   </div>
   <div class='ocr_carea' id='block_1_65' title="bbox 550 3485 2120 3553">
    <p class='ocr_par' dir='ltr' id='par_1_65' title="bbox 550 3485 2120 3553">
     <span class='ocr_line' id='line_1_65' title="bbox 550 3485 2120 3553; baseline 0 -16"><span class='ocrx_word' id='word_1_445' title='bbox 550 3485 673 3546; x_wconf 85' lang='lat' dir='ltr'><strong>bus,</strong></span> <span class='ocrx_word' id='word_1_446' title='bbox 707 3485 798 3551; x_wconf 88' lang='lat' dir='ltr'><strong>qui</strong></span> <span class='ocrx_word' id='word_1_447' title='bbox 836 3494 988 3537; x_wconf 89' lang='lat' dir='ltr'><strong>erant</strong></span> <span class='ocrx_word' id='word_1_448' title='bbox 1019 3485 1150 3537; x_wconf 83' lang='lat' dir='ltr'><strong>socii</strong></span> <span class='ocrx_word' id='word_1_449' title='bbox 1188 3485 1505 3552; x_wconf 78' lang='lat' dir='ltr'><strong>impietatis,</strong></span> <span class='ocrx_word' id='word_1_450' title='bbox 1539 3488 1733 3553; x_wconf 88' lang='lat' dir='ltr'><strong>partim</strong></span> <span class='ocrx_word' id='word_1_451' title='bbox 1781 3496 1959 3539; x_wconf 86' lang='lat' dir='ltr'><strong>autem</strong></span> <span class='ocrx_word' id='word_1_452' title='bbox 2005 3502 2120 3537; x_wconf 89' lang='lat' dir='ltr'><strong>om—</strong></span> 
     </span>
    </p>
   </div>
   <div class='ocr_carea' id='block_1_66' title="bbox 554 3573 2121 3643">
    <p class='ocr_par' dir='ltr' id='par_1_66' title="bbox 554 3573 2121 3643">
     <span class='ocr_line' id='line_1_66' title="bbox 554 3573 2121 3643; baseline 0.001 -18"><span class='ocrx_word' id='word_1_453' title='bbox 554 3573 688 3625; x_wconf 91' lang='lat' dir='ltr'><strong>nino</strong></span> <span class='ocrx_word' id='word_1_454' title='bbox 706 3574 1215 3641; x_wconf 82' lang='lat' dir='ltr'><strong>exspectantibusid</strong></span> <span class='ocrx_word' id='word_1_455' title='bbox 1241 3575 1383 3643; x_wconf 90' lang='lat' dir='ltr'><strong>quod</strong></span> <span class='ocrx_word' id='word_1_456' title='bbox 1416 3586 1534 3627; x_wconf 85' lang='lat' dir='ltr'><strong>erat</strong></span> <span class='ocrx_word' id='word_1_457' title='bbox 1557 3586 1901 3628; x_wconf 82' lang='lat' dir='ltr'><strong>eventurum.</strong></span> <span class='ocrx_word' id='word_1_458' title='bbox 1926 3575 2121 3643; x_wconf 64' lang='grc' dir='ltr'>νεηνι-</span> 
     </span>
    </p>
   </div>
   <div class='ocr_carea' id='block_1_67' title="bbox 554 3668 2118 3735">
    <p class='ocr_par' dir='ltr' id='par_1_67' title="bbox 554 3668 2118 3735">
     <span class='ocr_line' id='line_1_67' title="bbox 554 3668 2118 3735; baseline 0.004 -18"><span class='ocrx_word' id='word_1_459' title='bbox 554 3678 733 3718; x_wconf 84' lang='lat' dir='ltr'><strong>autem</strong></span> <span class='ocrx_word' id='word_1_460' title='bbox 762 3668 921 3719; x_wconf 87' lang='lat' dir='ltr'><strong>valde</strong></span> <span class='ocrx_word' id='word_1_461' title='bbox 951 3669 1207 3721; x_wconf 81' lang='lat' dir='ltr'><strong>misertus</strong></span> <span class='ocrx_word' id='word_1_462' title='bbox 1238 3668 1564 3735; x_wconf 67' lang='lat' dir='ltr'><strong>insipientia:</strong></span> <span class='ocrx_word' id='word_1_463' title='bbox 1593 3684 1777 3721; x_wconf 91' lang='lat' dir='ltr'><strong>eorum</strong></span> <span class='ocrx_word' id='word_1_464' title='bbox 1810 3669 1897 3733; x_wconf 90' lang='lat' dir='ltr'><strong>qui</strong></span> <span class='ocrx_word' id='word_1_465' title='bbox 1930 3671 2118 3723; x_wconf 87' lang='lat' dir='ltr'><strong>adora-</strong></span> 
     </span>
    </p>
   </div>
   <div class='ocr_carea' id='block_1_68' title="bbox 558 3756 2120 3827">
    <p class='ocr_par' dir='ltr' id='par_1_68' title="bbox 558 3756 2120 3827">
     <span class='ocr_line' id='line_1_68' title="bbox 558 3756 2120 3827; baseline 0.003 -19"><span class='ocrx_word' id='word_1_466' title='bbox 558 3756 709 3818; x_wconf 87' lang='lat' dir='ltr'><strong>bant,</strong></span> <span class='ocrx_word' id='word_1_467' title='bbox 744 3756 812 3809; x_wconf 81' lang='lat' dir='ltr'><strong>ad</strong></span> <span class='ocrx_word' id='word_1_468' title='bbox 867 3772 1027 3809; x_wconf 92' lang='lat' dir='ltr'><strong>unatn</strong></span> <span class='ocrx_word' id='word_1_469' title='bbox 1076 3758 1337 3827; x_wconf 72' lang='lat' dir='ltr'><strong>insignem</strong></span> <span class='ocrx_word' id='word_1_470' title='bbox 1386 3759 1673 3825; x_wconf 78' lang='lat' dir='ltr'><strong>imaginem</strong></span> <span class='ocrx_word' id='word_1_471' title='bbox 1720 3760 1786 3810; x_wconf 88' lang='lat' dir='ltr'><strong>ad</strong></span> <span class='ocrx_word' id='word_1_472' title='bbox 1845 3762 2120 3813; x_wconf 78' lang='lat' dir='ltr'><strong>dexteram</strong></span> 
     </span>
    </p>
   </div>
   <div class='ocr_carea' id='block_1_69' title="bbox 558 3848 2124 3919">
    <p class='ocr_par' dir='ltr' id='par_1_69' title="bbox 558 3848 2124 3919">
     <span class='ocr_line' id='line_1_69' title="bbox 558 3848 2124 3919; baseline 0.003 -22"><span class='ocrx_word' id='word_1_473' title='bbox 558 3848 811 3915; x_wconf 82' lang='lat' dir='ltr'><strong>positam,</strong></span> <span class='ocrx_word' id='word_1_474' title='bbox 843 3862 1010 3914; x_wconf 85' lang='lat' dir='ltr'><strong>prope</strong></span> <span class='ocrx_word' id='word_1_475' title='bbox 1044 3850 1327 3911; x_wconf 77' lang='lat' dir='ltr'><strong>accedens,</strong></span> <span class='ocrx_word' id='word_1_476' title='bbox 1366 3863 1487 3902; x_wconf 92' lang='lat' dir='ltr'><strong>cum</strong></span> <span class='ocrx_word' id='word_1_477' title='bbox 1520 3859 1664 3903; x_wconf 89' lang='lat' dir='ltr'><strong>esset</strong></span> <span class='ocrx_word' id='word_1_478' title='bbox 1695 3867 1821 3903; x_wconf 79' lang='lat' dir='ltr'><strong>usus</strong></span> <span class='ocrx_word' id='word_1_479' title='bbox 1852 3852 1976 3904; x_wconf 81' lang='lat' dir='ltr'><strong>solis</strong></span> <span class='ocrx_word' id='word_1_480' title='bbox 2001 3867 2124 3919; x_wconf 86' lang='lat' dir='ltr'><strong>pre-</strong></span> 
     </span>
    </p>
   </div>
   <div class='ocr_carea' id='block_1_70' title="bbox 558 3939 2122 4010">
    <p class='ocr_par' dir='ltr' id='par_1_70' title="bbox 558 3939 2122 4010">
     <span class='ocr_line' id='line_1_70' title="bbox 558 3939 2122 4010; baseline 0.004 -22"><span class='ocrx_word' id='word_1_481' title='bbox 558 3940 731 4002; x_wconf 83' lang='lat' dir='ltr'><strong>cibus,</strong></span> <span class='ocrx_word' id='word_1_482' title='bbox 760 3946 813 3991; x_wconf 83' lang='lat' dir='ltr'><strong>ct</strong></span> <span class='ocrx_word' id='word_1_483' title='bbox 843 3939 1044 4000; x_wconf 86' lang='lat' dir='ltr'><strong>verbis,</strong></span> <span class='ocrx_word' id='word_1_484' title='bbox 1078 3956 1198 3993; x_wconf 89' lang='lat' dir='ltr'><strong>cum</strong></span> <span class='ocrx_word' id='word_1_485' title='bbox 1232 3943 1553 3995; x_wconf 88' lang='lat' dir='ltr'><strong>auctoritate</strong></span> <span class='ocrx_word' id='word_1_486' title='bbox 1586 3944 1817 4010; x_wconf 84' lang='lat' dir='ltr'><strong>imperii,</strong></span> <span class='ocrx_word' id='word_1_487' title='bbox 1837 3959 1953 3995; x_wconf 87' lang='lat' dir='ltr'><strong>eam</strong></span> <span class='ocrx_word' id='word_1_488' title='bbox 1978 3944 2122 3995; x_wconf 81' lang='lat' dir='ltr'><strong>humi</strong></span> 
     </span>
    </p>
   </div>
   <div class='ocr_carea' id='block_1_71' title="bbox 561 4030 2127 4098">
    <p class='ocr_par' dir='ltr' id='par_1_71' title="bbox 561 4030 2127 4098">
     <span class='ocr_line' id='line_1_71' title="bbox 561 4030 2127 4098; baseline 0.003 -19"><span class='ocrx_word' id='word_1_489' title='bbox 561 4030 807 4097; x_wconf 78' lang='lat' dir='ltr'><strong>protinus</strong></span> <span class='ocrx_word' id='word_1_490' title='bbox 846 4030 1041 4098; x_wconf 87' lang='lat' dir='ltr'><strong>dejecit</strong></span> <span class='ocrx_word' id='word_1_491' title='bbox 1081 4040 1135 4084; x_wconf 88' lang='lat' dir='ltr'><strong>et</strong></span> <span class='ocrx_word' id='word_1_492' title='bbox 1183 4032 1237 4082; x_wconf 89' lang='lat' dir='ltr'><strong>in</strong></span> <span class='ocrx_word' id='word_1_493' title='bbox 1282 4031 1556 4096; x_wconf 81' lang='lat' dir='ltr'><strong>pulverem</strong></span> <span class='ocrx_word' id='word_1_494' title='bbox 1601 4033 1935 4082; x_wconf 76' lang='lat' dir='ltr'><strong>comminuit.</strong></span> <span class='ocrx_word' id='word_1_495' title='bbox 1974 4032 2127 4095; x_wconf 79' lang='lat' dir='ltr'><strong>Quod</strong></span> 
     </span>
    </p>
   </div>
   <div class='ocr_carea' id='block_1_72' title="bbox 559 4121 2131 4191">
    <p class='ocr_par' dir='ltr' id='par_1_72' title="bbox 559 4121 2131 4191">
     <span class='ocr_line' id='line_1_72' title="bbox 559 4121 2131 4191; baseline -0.001 -15"><span class='ocrx_word' id='word_1_496' title='bbox 559 4121 777 4189; x_wconf 86' lang='lat' dir='ltr'><strong>quidem</strong></span> <span class='ocrx_word' id='word_1_497' title='bbox 811 4136 932 4174; x_wconf 91' lang='lat' dir='ltr'><strong>cum</strong></span> <span class='ocrx_word' id='word_1_498' title='bbox 970 4122 1195 4175; x_wconf 89' lang='lat' dir='ltr'><strong>vidisset</strong></span> <span class='ocrx_word' id='word_1_499' title='bbox 1224 4123 1472 4191; x_wconf 92' lang='lat' dir='ltr'><strong>populus,</strong></span> <span class='ocrx_word' id='word_1_500' title='bbox 1506 4123 1596 4189; x_wconf 90' lang='lat' dir='ltr'><strong>qui</strong></span> <span class='ocrx_word' id='word_1_501' title='bbox 1631 4124 1839 4187; x_wconf 85' lang='lat' dir='ltr'><strong>aderat,</strong></span> <span class='ocrx_word' id='word_1_502' title='bbox 1865 4134 1920 4175; x_wconf 91' lang='lat' dir='ltr'><strong>et</strong></span> <span class='ocrx_word' id='word_1_503' title='bbox 1965 4124 2131 4176; x_wconf 68' lang='lat' dir='ltr'><strong>imbe-</strong></span> 
     </span>
    </p>
   </div>
   <div class='ocr_carea' id='block_1_73' title="bbox 562 4214 2133 4284">
    <p class='ocr_par' dir='ltr' id='par_1_73' title="bbox 562 4214 2133 4284">
     <span class='ocr_line' id='line_1_73' title="bbox 562 4214 2133 4284; baseline 0 -16"><span class='ocrx_word' id='word_1_504' title='bbox 562 4214 839 4268; x_wconf 89' lang='lat' dir='ltr'><strong>cillitatem</strong></span> <span class='ocrx_word' id='word_1_505' title='bbox 885 4228 1095 4277; x_wconf 88' lang='lat' dir='ltr'><strong>eorum,</strong></span> <span class='ocrx_word' id='word_1_506' title='bbox 1144 4229 1264 4282; x_wconf 65' lang='lat' dir='ltr'><strong>quae</strong></span> <span class='ocrx_word' id='word_1_507' title='bbox 1312 4214 1698 4277; x_wconf 88' lang='lat' dir='ltr'><strong>adorabantur,</strong></span> <span class='ocrx_word' id='word_1_508' title='bbox 1734 4215 1893 4267; x_wconf 89' lang='lat' dir='ltr'><strong>simul</strong></span> <span class='ocrx_word' id='word_1_509' title='bbox 1934 4231 2133 4284; x_wconf 79' lang='lat' dir='ltr'><strong>cogno-</strong></span> 
     </span>
    </p>
   </div>
   <div class='ocr_carea' id='block_1_74' title="bbox 566 4308 2137 4372">
    <p class='ocr_par' dir='ltr' id='par_1_74' title="bbox 566 4308 2137 4372">
     <span class='ocr_line' id='line_1_74' title="bbox 566 4308 2137 4372; baseline -0.001 -11"><span class='ocrx_word' id='word_1_510' title='bbox 566 4308 773 4362; x_wconf 85' lang='lat' dir='ltr'><strong>vissent</strong></span> <span class='ocrx_word' id='word_1_511' title='bbox 815 4315 868 4359; x_wconf 92' lang='lat' dir='ltr'><strong>et</strong></span> <span class='ocrx_word' id='word_1_512' title='bbox 910 4308 1693 4372; x_wconf 86' lang='lat' dir='ltr'><strong>condemnassent,deponunt</strong></span> <span class='ocrx_word' id='word_1_513' title='bbox 1746 4308 1991 4372; x_wconf 92' lang='lat' dir='ltr'><strong>protinus</strong></span> <span class='ocrx_word' id='word_1_514' title='bbox 2040 4308 2137 4359; x_wconf 88' lang='lat' dir='ltr'><strong>de-</strong></span> 
     </span>
    </p>
   </div>
   <div class='ocr_carea' id='block_1_75' title="bbox 562 4397 2126 4468">
    <p class='ocr_par' dir='ltr' id='par_1_75' title="bbox 562 4397 2126 4468">
     <span class='ocr_line' id='line_1_75' title="bbox 562 4397 2126 4468; baseline -0.004 -14"><span class='ocrx_word' id='word_1_515' title='bbox 562 4400 911 4468; x_wconf 86' lang='lat' dir='ltr'><strong>ceptionetn,</strong></span> <span class='ocrx_word' id='word_1_516' title='bbox 986 4406 1043 4450; x_wconf 87' lang='lat' dir='ltr'><strong>et</strong></span> <span class='ocrx_word' id='word_1_517' title='bbox 1120 4397 1524 4464; x_wconf 81' lang='lat' dir='ltr'><strong>amplectuntur</strong></span> <span class='ocrx_word' id='word_1_518' title='bbox 1598 4398 1893 4466; x_wconf 68' lang='lat' dir='ltr'><strong>pietatem,</strong></span> <span class='ocrx_word' id='word_1_519' title='bbox 1961 4399 2126 4451; x_wconf 88' lang='lat' dir='ltr'><strong>Deum</strong></span> 
     </span>
    </p>
   </div>
   <div class='ocr_carea' id='block_1_76' title="bbox 2223 3206 3790 3282">
    <p class='ocr_par' dir='ltr' id='par_1_76' title="bbox 2223 3206 3790 3282">
     <span class='ocr_line' id='line_1_76' title="bbox 2223 3206 3790 3282; baseline -0.008 -18"><span class='ocrx_word' id='word_1_520' title='bbox 2223 3214 2458 3264; x_wconf 77' lang='grc' dir='ltr'><strong>εἰδώλων</strong></span> <span class='ocrx_word' id='word_1_521' title='bbox 2510 3213 2759 3282; x_wconf 71' lang='grc' dir='ltr'>ἀφίκετο,</span> <span class='ocrx_word' id='word_1_522' title='bbox 2794 3206 2867 3260; x_wconf 77' lang='grc' dir='ltr'>ὧν</span> <span class='ocrx_word' id='word_1_523' title='bbox 2895 3212 2997 3277; x_wconf 80' lang='grc' dir='ltr'>μὲν</span> <span class='ocrx_word' id='word_1_524' title='bbox 3024 3211 3121 3275; x_wconf 78' lang='grc' dir='ltr'><strong>τὴν</strong></span> <span class='ocrx_word' id='word_1_525' title='bbox 3147 3207 3349 3274; x_wconf 72' lang='grc' dir='ltr'>ἀθρόαν</span> <span class='ocrx_word' id='word_1_526' title='bbox 3380 3206 3476 3257; x_wconf 80' lang='grc' dir='ltr'>τοῦ</span> <span class='ocrx_word' id='word_1_527' title='bbox 3513 3207 3790 3275; x_wconf 66' lang='grc' dir='ltr'>μάρτυρος</span> 
     </span>
    </p>
   </div>
   <div class='ocr_carea' id='block_1_77' title="bbox 2228 3294 3790 3372">
    <p class='ocr_par' dir='ltr' id='par_1_77' title="bbox 2228 3294 3790 3372">
     <span class='ocr_line' id='line_1_77' title="bbox 2228 3294 3790 3372; baseline -0.006 -19"><span class='ocrx_word' id='word_1_528' title='bbox 2228 3304 2552 3372; x_wconf 69' lang='grc' dir='ltr'>μεταϐολὴν,</span> <span class='ocrx_word' id='word_1_529' title='bbox 2588 3305 2645 3354; x_wconf 80' lang='grc' dir='ltr'><strong>ἐν</strong></span> <span class='ocrx_word' id='word_1_530' title='bbox 2671 3304 2831 3371; x_wconf 71' lang='grc' dir='ltr'><strong>ἡδονῇ</strong></span> <span class='ocrx_word' id='word_1_531' title='bbox 2863 3300 3187 3369; x_wconf 71' lang='grc' dir='ltr'><strong>τιθεμένων,</strong></span> <span class='ocrx_word' id='word_1_532' title='bbox 3216 3300 3332 3348; x_wconf 75' lang='grc' dir='ltr'>ὅσοι</span> <span class='ocrx_word' id='word_1_533' title='bbox 3368 3296 3658 3363; x_wconf 66' lang='grc' dir='ltr'>σύμμαχοι</span> <span class='ocrx_word' id='word_1_534' title='bbox 3696 3294 3790 3360; x_wconf 74' lang='grc' dir='ltr'>τῆς</span> 
     </span>
    </p>
   </div>
   <div class='ocr_carea' id='block_1_78' title="bbox 2222 3382 3792 3463">
    <p class='ocr_par' dir='ltr' id='par_1_78' title="bbox 2222 3382 3792 3463">
     <span class='ocr_line' id='line_1_78' title="bbox 2222 3382 3792 3463; baseline -0.01 -13"><span class='ocrx_word' id='word_1_535' title='bbox 2222 3397 2480 3457; x_wconf 59' lang='grc' dir='ltr'>ὰσέὸείας</span> <span class='ocrx_word' id='word_1_536' title='bbox 2537 3396 2860 3463; x_wconf 75' lang='grc' dir='ltr'>ἐτύγχανον,</span> <span class='ocrx_word' id='word_1_537' title='bbox 2916 3388 2988 3444; x_wconf 79' lang='grc' dir='ltr'>ὧν</span> <span class='ocrx_word' id='word_1_538' title='bbox 3037 3392 3091 3442; x_wconf 76' lang='grc' dir='ltr'>δὲ</span> <span class='ocrx_word' id='word_1_539' title='bbox 3143 3392 3362 3450; x_wconf 83' lang='grc' dir='ltr'>πάντως</span> <span class='ocrx_word' id='word_1_540' title='bbox 3425 3382 3792 3454; x_wconf 73' lang='grc' dir='ltr'>καραδοκούν-</span> 
     </span>
    </p>
   </div>
   <div class='ocr_carea' id='block_1_79' title="bbox 2222 3476 3793 3551">
    <p class='ocr_par' dir='ltr' id='par_1_79' title="bbox 2222 3476 3793 3551">
     <span class='ocr_line' id='line_1_79' title="bbox 2222 3476 3793 3551; baseline -0.008 -13"><span class='ocrx_word' id='word_1_541' title='bbox 2222 3506 2328 3539; x_wconf 76' lang='grc' dir='ltr'><strong>των</strong></span> <span class='ocrx_word' id='word_1_542' title='bbox 2369 3490 2419 3537; x_wconf 80' lang='grc' dir='ltr'><strong>τί</strong></span> <span class='ocrx_word' id='word_1_543' title='bbox 2456 3488 2511 3536; x_wconf 71' lang='grc' dir='ltr'>τὸ</span> <span class='ocrx_word' id='word_1_544' title='bbox 2541 3486 2975 3551; x_wconf 65' lang='grc' dir='ltr'>ἀποϐησόμενον.</span> <span class='ocrx_word' id='word_1_545' title='bbox 3020 3482 3077 3532; x_wconf 85' lang='grc' dir='ltr'><strong>Ὀ</strong></span> <span class='ocrx_word' id='word_1_546' title='bbox 3109 3482 3163 3531; x_wconf 71' lang='grc' dir='ltr'>δὲ</span> <span class='ocrx_word' id='word_1_547' title='bbox 3199 3482 3409 3547; x_wconf 81' lang='grc' dir='ltr'>μάρτυς</span> <span class='ocrx_word' id='word_1_548' title='bbox 3447 3480 3623 3529; x_wconf 71' lang='grc' dir='ltr'>πολλὰ</span> <span class='ocrx_word' id='word_1_549' title='bbox 3677 3476 3793 3535; x_wconf 72' lang='grc' dir='ltr'>τοὺς</span> 
     </span>
    </p>
   </div>
   <div class='ocr_carea' id='block_1_80' title="bbox 2227 3569 3795 3648">
    <p class='ocr_par' dir='ltr' id='par_1_80' title="bbox 2227 3569 3795 3648">
     <span class='ocr_line' id='line_1_80' title="bbox 2227 3569 3795 3648; baseline -0.009 -18"><span class='ocrx_word' id='word_1_550' title='bbox 2227 3578 2667 3648; x_wconf 73' lang='grc' dir='ltr'>προσκυνοῦντας</span> <span class='ocrx_word' id='word_1_551' title='bbox 2723 3575 3105 3645; x_wconf 70' lang='grc' dir='ltr'>κατοικτςέρας</span> <span class='ocrx_word' id='word_1_552' title='bbox 3162 3575 3262 3641; x_wconf 76' lang='grc' dir='ltr'><strong>τῆς</strong></span> <span class='ocrx_word' id='word_1_553' title='bbox 3320 3569 3667 3636; x_wconf 69' lang='grc' dir='ltr'>ἀφροσύνης,</span> <span class='ocrx_word' id='word_1_554' title='bbox 3720 3569 3795 3617; x_wconf 67' lang='grc' dir='ltr'><strong>ἑνὶ</strong></span> 
     </span>
    </p>
   </div>
   <div class='ocr_carea' id='block_1_81' title="bbox 2225 3660 3792 3737">
    <p class='ocr_par' dir='ltr' id='par_1_81' title="bbox 2225 3660 3792 3737">
     <span class='ocr_line' id='line_1_81' title="bbox 2225 3660 3792 3737; baseline -0.011 -12"><span class='ocrx_word' id='word_1_555' title='bbox 2225 3676 2332 3726; x_wconf 66' lang='grc' dir='ltr'>τῶν</span> <span class='ocrx_word' id='word_1_556' title='bbox 2390 3672 2673 3737; x_wconf 75' lang='grc' dir='ltr'>ἐπιφανῶν</span> <span class='ocrx_word' id='word_1_557' title='bbox 2720 3672 3052 3736; x_wconf 76' lang='grc' dir='ltr'>ἀγαλμάτων</span> <span class='ocrx_word' id='word_1_558' title='bbox 3106 3668 3171 3734; x_wconf 74' lang='grc' dir='ltr'>τῇ</span> <span class='ocrx_word' id='word_1_559' title='bbox 3225 3663 3376 3732; x_wconf 77' lang='grc' dir='ltr'>δεξιᾷ</span> <span class='ocrx_word' id='word_1_560' title='bbox 3424 3660 3792 3730; x_wconf 68' lang='grc' dir='ltr'>προσεγγίσας</span> 
     </span>
    </p>
   </div>
   <div class='ocr_carea' id='block_1_82' title="bbox 2228 3754 3792 3833">
    <p class='ocr_par' dir='ltr' id='par_1_82' title="bbox 2228 3754 3792 3833">
     <span class='ocr_line' id='line_1_82' title="bbox 2228 3754 3792 3833; baseline -0.009 -17"><span class='ocrx_word' id='word_1_561' title='bbox 2228 3768 2358 3833; x_wconf 76' lang='grc' dir='ltr'>εὑχῇ</span> <span class='ocrx_word' id='word_1_562' title='bbox 2390 3783 2446 3815; x_wconf 84' lang='grc' dir='ltr'><strong>τε</strong></span> <span class='ocrx_word' id='word_1_563' title='bbox 2481 3766 2615 3833; x_wconf 81' lang='grc' dir='ltr'>μόνῃ</span> <span class='ocrx_word' id='word_1_564' title='bbox 2655 3764 2999 3831; x_wconf 78' lang='grc' dir='ltr'>χρησάμενος</span> <span class='ocrx_word' id='word_1_565' title='bbox 3022 3800 3036 3821; x_wconf 94' lang='grc'><strong>,</strong></span> <span class='ocrx_word' id='word_1_566' title='bbox 3078 3759 3172 3811; x_wconf 75' lang='grc' dir='ltr'>καὶ</span> <span class='ocrx_word' id='word_1_567' title='bbox 3204 3757 3348 3824; x_wconf 78' lang='grc' dir='ltr'>λόγῳ</span> <span class='ocrx_word' id='word_1_568' title='bbox 3398 3756 3497 3806; x_wconf 64' lang='grc' dir='ltr'><strong>σὺν</strong></span> <span class='ocrx_word' id='word_1_569' title='bbox 3541 3754 3792 3820; x_wconf 72' lang='grc' dir='ltr'>αύοεντία</span> 
     </span>
    </p>
   </div>
   <div class='ocr_carea' id='block_1_83' title="bbox 2231 3846 3794 3927">
    <p class='ocr_par' dir='ltr' id='par_1_83' title="bbox 2231 3846 3794 3927">
     <span class='ocr_line' id='line_1_83' title="bbox 2231 3846 3794 3927; baseline -0.009 -18"><span class='ocrx_word' id='word_1_570' title='bbox 2231 3859 2649 3927; x_wconf 74' lang='grc' dir='ltr'>προστάγματος</span> <span class='ocrx_word' id='word_1_571' title='bbox 2673 3897 2685 3917; x_wconf 87' lang='grc'><strong>,</strong></span> <span class='ocrx_word' id='word_1_572' title='bbox 2734 3858 2815 3917; x_wconf 78' lang='grc' dir='ltr'>εἰς</span> <span class='ocrx_word' id='word_1_573' title='bbox 2847 3856 2947 3923; x_wconf 81' lang='grc' dir='ltr'>γῆν</span> <span class='ocrx_word' id='word_1_574' title='bbox 2982 3853 3137 3914; x_wconf 71' lang='grc' dir='ltr'>εὐθὺς</span> <span class='ocrx_word' id='word_1_575' title='bbox 3180 3849 3525 3918; x_wconf 63' lang='grc' dir='ltr'>καῖηδάςιισε</span> <span class='ocrx_word' id='word_1_576' title='bbox 3590 3847 3685 3898; x_wconf 67' lang='grc' dir='ltr'>καὶ</span> <span class='ocrx_word' id='word_1_577' title='bbox 3720 3846 3794 3904; x_wconf 77' lang='lat' dir='ltr'><strong>ei;</strong></span> 
     </span>
    </p>
   </div>
   <div class='ocr_carea' id='block_1_84' title="bbox 2230 3935 3795 4012">
    <p class='ocr_par' dir='ltr' id='par_1_84' title="bbox 2230 3935 3795 4012">
     <span class='ocr_line' id='line_1_84' title="bbox 2230 3935 3795 4012; baseline -0.008 -13"><span class='ocrx_word' id='word_1_578' title='bbox 2230 3950 2379 3999; x_wconf 75' lang='grc' dir='ltr'>κόνιν</span> <span class='ocrx_word' id='word_1_579' title='bbox 2411 3946 2728 3999; x_wconf 67' lang='grc' dir='ltr'>ὰλέπτυνεν.</span> <span class='ocrx_word' id='word_1_580' title='bbox 2762 3945 2943 4012; x_wconf 82' lang='grc' dir='ltr'>”Οπερ</span> <span class='ocrx_word' id='word_1_581' title='bbox 2983 3947 3009 3994; x_wconf 89' lang='grc' dir='ltr'>ὁ</span> <span class='ocrx_word' id='word_1_582' title='bbox 3060 3938 3349 4004; x_wconf 77' lang='grc' dir='ltr'>παρεστὼς</span> <span class='ocrx_word' id='word_1_583' title='bbox 3393 3938 3571 4005; x_wconf 76' lang='grc' dir='ltr'>δῆμος</span> <span class='ocrx_word' id='word_1_584' title='bbox 3606 3935 3795 3987; x_wconf 77' lang='grc' dir='ltr'>θεασά-</span> 
     </span>
    </p>
   </div>
   <div class='ocr_carea' id='block_1_85' title="bbox 2234 4027 3799 4111">
    <p class='ocr_par' dir='ltr' id='par_1_85' title="bbox 2234 4027 3799 4111">
     <span class='ocr_line' id='line_1_85' title="bbox 2234 4027 3799 4111; baseline -0.012 -19"><span class='ocrx_word' id='word_1_585' title='bbox 2234 4058 2410 4111; x_wconf 87' lang='grc' dir='ltr'>μενοι,</span> <span class='ocrx_word' id='word_1_586' title='bbox 2454 4041 2552 4108; x_wconf 75' lang='grc' dir='ltr'>τὴν</span> <span class='ocrx_word' id='word_1_587' title='bbox 2606 4038 2898 4089; x_wconf 74' lang='grc' dir='ltr'>ἀσθένειαν</span> <span class='ocrx_word' id='word_1_588' title='bbox 2949 4035 3055 4083; x_wconf 77' lang='grc' dir='ltr'>τῶν</span> <span class='ocrx_word' id='word_1_589' title='bbox 3109 4031 3614 4099; x_wconf 73' lang='grc' dir='ltr'>προσκυιιουμένων</span> <span class='ocrx_word' id='word_1_590' title='bbox 3634 4066 3659 4094; x_wconf 29' lang='grc'>,1</span> <span class='ocrx_word' id='word_1_591' title='bbox 3710 4027 3799 4076; x_wconf 79' lang='grc' dir='ltr'><strong>καὶ</strong></span> 
     </span>
    </p>
   </div>
   <div class='ocr_carea' id='block_1_86' title="bbox 2234 4116 3800 4199">
    <p class='ocr_par' dir='ltr' id='par_1_86' title="bbox 2234 4116 3800 4199">
     <span class='ocr_line' id='line_1_86' title="bbox 2234 4116 3800 4199; baseline -0.01 -18"><span class='ocrx_word' id='word_1_592' title='bbox 2234 4133 2450 4198; x_wconf 70' lang='grc' dir='ltr'>γνόντες</span> <span class='ocrx_word' id='word_1_593' title='bbox 2516 4133 2629 4199; x_wconf 79' lang='grc' dir='ltr'><strong>ἃμα</strong></span> <span class='ocrx_word' id='word_1_594' title='bbox 2680 4130 2771 4180; x_wconf 74' lang='grc' dir='ltr'><strong>καὶ</strong></span> <span class='ocrx_word' id='word_1_595' title='bbox 2804 4126 3189 4189; x_wconf 67' lang='grc' dir='ltr'>καταγνόντες,</span> <span class='ocrx_word' id='word_1_596' title='bbox 3228 4124 3327 4189; x_wconf 79' lang='grc' dir='ltr'>τὴν</span> <span class='ocrx_word' id='word_1_597' title='bbox 3373 4122 3600 4182; x_wconf 79' lang='grc' dir='ltr'>ἀπάτην</span> <span class='ocrx_word' id='word_1_598' title='bbox 3646 4116 3800 4176; x_wconf 73' lang='grc' dir='ltr'>εὐθὺς</span> 
     </span>
    </p>
   </div>
   <div class='ocr_carea' id='block_1_87' title="bbox 2236 4208 3800 4285">
    <p class='ocr_par' dir='ltr' id='par_1_87' title="bbox 2236 4208 3800 4285">
     <span class='ocr_line' id='line_1_87' title="bbox 2236 4208 3800 4285; baseline -0.01 -11"><span class='ocrx_word' id='word_1_599' title='bbox 2236 4222 2609 4278; x_wconf 70' lang='grc' dir='ltr'>ἀποτίθενται,</span> <span class='ocrx_word' id='word_1_600' title='bbox 2651 4219 2747 4269; x_wconf 75' lang='grc' dir='ltr'><strong>καὶ</strong></span> <span class='ocrx_word' id='word_1_601' title='bbox 2789 4218 2886 4285; x_wconf 77' lang='grc' dir='ltr'><strong>τὴν</strong></span> <span class='ocrx_word' id='word_1_602' title='bbox 2921 4215 3202 4266; x_wconf 66' lang='grc' dir='ltr'>εὐσέϐειαν</span> <span class='ocrx_word' id='word_1_603' title='bbox 3248 4211 3631 4273; x_wconf 75' lang='grc' dir='ltr'>ἁσπάζοντες,</span> <span class='ocrx_word' id='word_1_604' title='bbox 3675 4208 3800 4259; x_wconf 75' lang='grc' dir='ltr'>Θεὸν</span> 
     </span>
    </p>
   </div>
   <div class='ocr_carea' id='block_1_88' title="bbox 2234 4302 3797 4377">
    <p class='ocr_par' dir='ltr' id='par_1_88' title="bbox 2234 4302 3797 4377">
     <span class='ocr_line' id='line_1_88' title="bbox 2234 4302 3797 4377; baseline -0.008 -15"><span class='ocrx_word' id='word_1_605' title='bbox 2234 4313 2455 4362; x_wconf 71' lang='grc' dir='ltr'>δυνατὸν</span> <span class='ocrx_word' id='word_1_606' title='bbox 2494 4314 2585 4361; x_wconf 62' lang='grc' dir='ltr'><strong>καὶ</strong></span> <span class='ocrx_word' id='word_1_607' title='bbox 2627 4311 2785 4377; x_wconf 75' lang='grc' dir='ltr'>μόνον</span> <span class='ocrx_word' id='word_1_608' title='bbox 2819 4311 3313 4375; x_wconf 74' lang='grc' dir='ltr'>ἀνακηρύσσοντες,</span> <span class='ocrx_word' id='word_1_609' title='bbox 3362 4304 3422 4356; x_wconf 87' lang='grc' dir='ltr'>ὃν</span> <span class='ocrx_word' id='word_1_610' title='bbox 3468 4302 3797 4369; x_wconf 73' lang='grc' dir='ltr'>ἀγνοοῦντες</span> 
     </span>
    </p>
   </div>
   <div class='ocr_carea' id='block_1_89' title="bbox 2240 4393 3801 4471">
    <p class='ocr_par' dir='ltr' id='par_1_89' title="bbox 2240 4393 3801 4471">
     <span class='ocr_line' id='line_1_89' title="bbox 2240 4393 3801 4471; baseline -0.004 -19"><span class='ocrx_word' id='word_1_611' title='bbox 2240 4401 2433 4471; x_wconf 78' lang='grc' dir='ltr'>πρώην</span> <span class='ocrx_word' id='word_1_612' title='bbox 2468 4403 2904 4471; x_wconf 74' lang='grc' dir='ltr'>ἐξεμυκτήριζον</span> <span class='ocrx_word' id='word_1_613' title='bbox 2989 4401 3083 4451; x_wconf 65' lang='grc' dir='ltr'>καὶ</span> <span class='ocrx_word' id='word_1_614' title='bbox 3116 4401 3328 4463; x_wconf 78' lang='grc' dir='ltr'>γίνεται</span> <span class='ocrx_word' id='word_1_615' title='bbox 3378 4398 3672 4465; x_wconf 82' lang='grc' dir='ltr'>παραίτιος</span> <span class='ocrx_word' id='word_1_616' title='bbox 3712 4393 3801 4446; x_wconf 62' lang='lat' dir='ltr'><strong>ati-</strong></span> 
     </span>
    </p>
   </div>
   <div class='ocr_carea' id='block_1_90' title="bbox 565 4466 2120 4563">
    <p class='ocr_par' dir='ltr' id='par_1_90' title="bbox 565 4466 2120 4557">
     <span class='ocr_line' id='line_1_90' title="bbox 565 4466 2120 4557; baseline -0.003 -18"><span class='ocrx_word' id='word_1_617' title='bbox 565 4466 882 4557; x_wconf 75' lang='lat' dir='ltr'><strong>potentem,</strong></span> <span class='ocrx_word' id='word_1_618' title='bbox 930 4494 985 4540; x_wconf 81' lang='lat' dir='ltr'><strong>et</strong></span> <span class='ocrx_word' id='word_1_619' title='bbox 1034 4486 1207 4538; x_wconf 90' lang='lat' dir='ltr'><strong>solum</strong></span> <span class='ocrx_word' id='word_1_620' title='bbox 1270 4486 1660 4553; x_wconf 66' lang='lat' dir='ltr'><strong>praedicantes,</strong></span> <span class='ocrx_word' id='word_1_621' title='bbox 1722 4500 1883 4551; x_wconf 87' lang='lat' dir='ltr'><strong>quem</strong></span> <span class='ocrx_word' id='word_1_622' title='bbox 1956 4499 2120 4551; x_wconf 78' lang='lat' dir='ltr'><strong>nuper</strong></span> 
     </span>
    </p>
   </div>
   <div class='ocr_carea' id='block_1_91' title="bbox 2227 4466 3801 4563">
    <p class='ocr_par' dir='ltr' id='par_1_91' title="bbox 2236 4485 3801 4563">
     <span class='ocr_line' id='line_1_91' title="bbox 2236 4485 3801 4563; baseline -0.005 -18"><span class='ocrx_word' id='word_1_623' title='bbox 2236 4498 2350 4556; x_wconf 79' lang='grc' dir='ltr'>τοῖς</span> <span class='ocrx_word' id='word_1_624' title='bbox 2408 4497 2683 4563; x_wconf 72' lang='grc' dir='ltr'>σωτηρίας</span> <span class='ocrx_word' id='word_1_625' title='bbox 2740 4498 2766 4544; x_wconf 78' lang='grc' dir='ltr'>ὁ</span> <span class='ocrx_word' id='word_1_626' title='bbox 2825 4496 3062 4561; x_wconf 85' lang='grc' dir='ltr'>μάρτυς,</span> <span class='ocrx_word' id='word_1_627' title='bbox 3113 4485 3195 4552; x_wconf 79' lang='grc' dir='ltr'>οἷς</span> <span class='ocrx_word' id='word_1_628' title='bbox 3244 4489 3513 4558; x_wconf 82' lang='grc' dir='ltr'>πρότερον</span> <span class='ocrx_word' id='word_1_629' title='bbox 3565 4488 3801 4554; x_wconf 77' lang='grc' dir='ltr'>ἀνοήτως</span> 
     </span>
    </p>
   </div>
   <div class='ocr_carea' id='block_1_92' title="bbox 566 4574 2134 4650">
    <p class='ocr_par' dir='ltr' id='par_1_92' title="bbox 566 4574 2134 4650">
     <span class='ocr_line' id='line_1_92' title="bbox 566 4574 2134 4650; baseline -0.005 -15"><span class='ocrx_word' id='word_1_630' title='bbox 566 4583 899 4650; x_wconf 80' lang='lat' dir='ltr'><strong>ignorantes,</strong></span> <span class='ocrx_word' id='word_1_631' title='bbox 946 4578 1221 4632; x_wconf 89' lang='lat' dir='ltr'><strong>habebant</strong></span> <span class='ocrx_word' id='word_1_632' title='bbox 1268 4574 1523 4631; x_wconf 82' lang='lat' dir='ltr'><strong>ludibrio.</strong></span> <span class='ocrx_word' id='word_1_633' title='bbox 1567 4575 1759 4643; x_wconf 85' lang='lat' dir='ltr'><strong>Fitqne</strong></span> <span class='ocrx_word' id='word_1_634' title='bbox 1808 4576 1888 4628; x_wconf 90' lang='lat' dir='ltr'><strong>eis</strong></span> <span class='ocrx_word' id='word_1_635' title='bbox 1938 4586 2134 4645; x_wconf 78' lang='lat' dir='ltr'><strong>martyr</strong></span> 
     </span>
    </p>
   </div>
   <div class='ocr_carea' id='block_1_93' title="bbox 566 4668 2130 4737">
    <p class='ocr_par' dir='ltr' id='par_1_93' title="bbox 566 4668 2130 4737">
     <span class='ocr_line' id='line_1_93' title="bbox 566 4668 2130 4737; baseline -0.003 -12"><span class='ocrx_word' id='word_1_636' title='bbox 566 4687 732 4725; x_wconf 80' lang='lat' dir='ltr'><strong>causa</strong></span> <span class='ocrx_word' id='word_1_637' title='bbox 777 4671 988 4727; x_wconf 86' lang='lat' dir='ltr'><strong>salutis.</strong></span> <span class='ocrx_word' id='word_1_638' title='bbox 1032 4686 1059 4722; x_wconf 93' lang='lat' dir='ltr'><strong>a</strong></span> <span class='ocrx_word' id='word_1_639' title='bbox 1101 4670 1327 4736; x_wconf 86' lang='lat' dir='ltr'><strong>quibus,</strong></span> <span class='ocrx_word' id='word_1_640' title='bbox 1361 4685 1482 4723; x_wconf 91' lang='lat' dir='ltr'><strong>cum</strong></span> <span class='ocrx_word' id='word_1_641' title='bbox 1537 4669 1686 4737; x_wconf 91' lang='lat' dir='ltr'><strong>prius</strong></span> <span class='ocrx_word' id='word_1_642' title='bbox 1726 4668 1875 4722; x_wconf 88' lang='lat' dir='ltr'><strong>stulti</strong></span> <span class='ocrx_word' id='word_1_643' title='bbox 1928 4678 2130 4731; x_wconf 84' lang='lat' dir='ltr'><strong>essent,</strong></span> 
     </span>
    </p>
   </div>
   <div class='ocr_carea' id='block_1_94' title="bbox 568 4762 1515 4833">
    <p class='ocr_par' dir='ltr' id='par_1_94' title="bbox 568 4762 1515 4833">
     <span class='ocr_line' id='line_1_94' title="bbox 568 4762 1515 4833; baseline -0.008 -14"><span class='ocrx_word' id='word_1_644' title='bbox 568 4780 745 4833; x_wconf 67' lang='lat' dir='ltr'><strong>praeco</strong></span> <span class='ocrx_word' id='word_1_645' title='bbox 776 4778 897 4817; x_wconf 84' lang='lat' dir='ltr'><strong>csse.</strong></span> <span class='ocrx_word' id='word_1_646' title='bbox 929 4762 1172 4816; x_wconf 74' lang='lat' dir='ltr'><strong>stultitia:</strong></span> <span class='ocrx_word' id='word_1_647' title='bbox 1207 4762 1515 4829; x_wconf 84' lang='lat' dir='ltr'><strong>putabatur.</strong></span> 
     </span>
    </p>
   </div>
   <div class='ocr_carea' id='block_1_95' title="bbox 638 4851 2136 4922">
    <p class='ocr_par' dir='ltr' id='par_1_95' title="bbox 638 4851 2136 4922">
     <span class='ocr_line' id='line_1_95' title="bbox 638 4851 2136 4922; baseline -0.004 -12"><span class='ocrx_word' id='word_1_648' title='bbox 638 4856 753 4911; x_wconf 79' lang='lat' dir='ltr'><strong>VII.</strong></span> <span class='ocrx_word' id='word_1_649' title='bbox 786 4855 909 4909; x_wconf 69' lang='lat' dir='ltr'><strong>Haec</strong></span> <span class='ocrx_word' id='word_1_650' title='bbox 933 4871 1054 4907; x_wconf 89' lang='lat' dir='ltr'><strong>cum</strong></span> <span class='ocrx_word' id='word_1_651' title='bbox 1089 4863 1272 4908; x_wconf 87' lang='lat' dir='ltr'><strong>essent</strong></span> <span class='ocrx_word' id='word_1_652' title='bbox 1315 4852 1526 4922; x_wconf 69' lang='lat' dir='ltr'><strong>praesidi</strong></span> <span class='ocrx_word' id='word_1_653' title='bbox 1574 4851 1665 4905; x_wconf 70' lang='lat' dir='ltr'><strong>irre</strong></span> <span class='ocrx_word' id='word_1_654' title='bbox 1701 4852 1924 4904; x_wconf 91' lang='lat' dir='ltr'><strong>materia</strong></span> <span class='ocrx_word' id='word_1_655' title='bbox 1960 4860 2013 4903; x_wconf 81' lang='lat' dir='ltr'><strong>et</strong></span> <span class='ocrx_word' id='word_1_656' title='bbox 2044 4866 2136 4905; x_wconf 88' lang='lat' dir='ltr'><strong>oc-</strong></span> 
     </span>
    </p>
   </div>
   <div class='ocr_carea' id='block_1_96' title="bbox 572 4944 2137 5015">
    <p class='ocr_par' dir='ltr' id='par_1_96' title="bbox 572 4944 2137 5015">
     <span class='ocr_line' id='line_1_96' title="bbox 572 4944 2137 5015; baseline -0.005 -10"><span class='ocrx_word' id='word_1_657' title='bbox 572 4949 737 5012; x_wconf 80' lang='lat' dir='ltr'><strong>casio,</strong></span> <span class='ocrx_word' id='word_1_658' title='bbox 773 4948 917 5001; x_wconf 88' lang='lat' dir='ltr'><strong>aliud</strong></span> <span class='ocrx_word' id='word_1_659' title='bbox 944 4948 1073 5015; x_wconf 90' lang='lat' dir='ltr'><strong>quid</strong></span> <span class='ocrx_word' id='word_1_660' title='bbox 1115 4947 1237 5000; x_wconf 90' lang='lat' dir='ltr'><strong>novi</strong></span> <span class='ocrx_word' id='word_1_661' title='bbox 1276 4946 1537 5004; x_wconf 90' lang='lat' dir='ltr'><strong>incidens,</strong></span> <span class='ocrx_word' id='word_1_662' title='bbox 1578 4945 1746 5013; x_wconf 79' lang='lat' dir='ltr'><strong>magis</strong></span> <span class='ocrx_word' id='word_1_663' title='bbox 1796 4944 2137 4997; x_wconf 84' lang='lat' dir='ltr'><strong>conturbavit</strong></span> 
     </span>
    </p>
   </div>
   <div class='ocr_carea' id='block_1_97' title="bbox 572 5034 2133 5098">
    <p class='ocr_par' dir='ltr' id='par_1_97' title="bbox 572 5034 2133 5098">
     <span class='ocr_line' id='line_1_97' title="bbox 572 5034 2133 5098; baseline -0.007 -3"><span class='ocrx_word' id='word_1_664' title='bbox 572 5050 625 5095; x_wconf 88' lang='lat' dir='ltr'><strong>et</strong></span> <span class='ocrx_word' id='word_1_665' title='bbox 650 5040 713 5093; x_wconf 88' lang='lat' dir='ltr'><strong>ad</strong></span> <span class='ocrx_word' id='word_1_666' title='bbox 751 5040 883 5091; x_wconf 89' lang='lat' dir='ltr'><strong>iram</strong></span> <span class='ocrx_word' id='word_1_667' title='bbox 914 5038 1205 5090; x_wconf 87' lang='lat' dir='ltr'><strong>concitavit</strong></span> <span class='ocrx_word' id='word_1_668' title='bbox 1244 5035 1663 5089; x_wconf 88' lang='lat' dir='ltr'><strong>intolerandam.</strong></span> <span class='ocrx_word' id='word_1_669' title='bbox 1700 5034 1956 5098; x_wconf 58' lang='lat' dir='ltr'><strong>Quadam</strong></span> <span class='ocrx_word' id='word_1_670' title='bbox 1991 5034 2133 5086; x_wconf 88' lang='lat' dir='ltr'><strong>enim</strong></span> 
     </span>
    </p>
   </div>
   <div class='ocr_carea' id='block_1_98' title="bbox 574 5126 2135 5195">
    <p class='ocr_par' dir='ltr' id='par_1_98' title="bbox 574 5126 2135 5195">
     <span class='ocr_line' id='line_1_98' title="bbox 574 5126 2135 5195; baseline -0.004 -11"><span class='ocrx_word' id='word_1_671' title='bbox 574 5128 1003 5191; x_wconf 75' lang='lat' dir='ltr'><strong>adolescentulo,</strong></span> <span class='ocrx_word' id='word_1_672' title='bbox 1036 5143 1154 5195; x_wconf 61' lang='lat' dir='ltr'><strong>qua;</strong></span> <span class='ocrx_word' id='word_1_673' title='bbox 1187 5144 1361 5195; x_wconf 87' lang='lat' dir='ltr'><strong>nuper</strong></span> <span class='ocrx_word' id='word_1_674' title='bbox 1392 5143 1454 5180; x_wconf 79' lang='lat' dir='ltr'><strong>ex</strong></span> <span class='ocrx_word' id='word_1_675' title='bbox 1494 5127 1850 5195; x_wconf 77' lang='lat' dir='ltr'><strong>virginalibus</strong></span> <span class='ocrx_word' id='word_1_676' title='bbox 1885 5126 2135 5178; x_wconf 86' lang='lat' dir='ltr'><strong>thalamis</strong></span> 
     </span>
    </p>
   </div>
   <div class='ocr_carea' id='block_1_99' title="bbox 576 5217 2135 5291">
    <p class='ocr_par' dir='ltr' id='par_1_99' title="bbox 576 5217 2135 5291">
     <span class='ocr_line' id='line_1_99' title="bbox 576 5217 2135 5291; baseline -0.004 -17"><span class='ocrx_word' id='word_1_677' title='bbox 576 5230 910 5291; x_wconf 86' lang='lat' dir='ltr'><strong>processerat</strong></span> <span class='ocrx_word' id='word_1_678' title='bbox 940 5228 993 5273; x_wconf 90' lang='lat' dir='ltr'><strong>et</strong></span> <span class='ocrx_word' id='word_1_679' title='bbox 1020 5235 1148 5272; x_wconf 83' lang='lat' dir='ltr'><strong>ausa</strong></span> <span class='ocrx_word' id='word_1_680' title='bbox 1188 5225 1304 5271; x_wconf 89' lang='lat' dir='ltr'><strong>erat</strong></span> <span class='ocrx_word' id='word_1_681' title='bbox 1346 5219 1529 5269; x_wconf 80' lang='lat' dir='ltr'><strong>venire</strong></span> <span class='ocrx_word' id='word_1_682' title='bbox 1570 5219 1620 5267; x_wconf 92' lang='lat' dir='ltr'><strong>in</strong></span> <span class='ocrx_word' id='word_1_683' title='bbox 1664 5227 2013 5283; x_wconf 88' lang='lat' dir='ltr'><strong>conspectum</strong></span> <span class='ocrx_word' id='word_1_684' title='bbox 2056 5217 2135 5267; x_wconf 86' lang='lat' dir='ltr'><strong>vi-</strong></span> 
     </span>
    </p>
   </div>
   <div class='ocr_carea' id='block_1_100' title="bbox 576 5306 2135 5373">
    <p class='ocr_par' dir='ltr' id='par_1_100' title="bbox 576 5306 2135 5373">
     <span class='ocr_line' id='line_1_100' title="bbox 576 5306 2135 5373; baseline -0.004 -8"><span class='ocrx_word' id='word_1_685' title='bbox 576 5328 785 5373; x_wconf 90' lang='lat' dir='ltr'><strong>rorum,</strong></span> <span class='ocrx_word' id='word_1_686' title='bbox 816 5325 935 5363; x_wconf 90' lang='lat' dir='ltr'><strong>cum</strong></span> <span class='ocrx_word' id='word_1_687' title='bbox 956 5325 1012 5363; x_wconf 91' lang='lat' dir='ltr'><strong>se</strong></span> <span class='ocrx_word' id='word_1_688' title='bbox 1038 5310 1415 5363; x_wconf 87' lang='lat' dir='ltr'><strong>adtniscuisset</strong></span> <span class='ocrx_word' id='word_1_689' title='bbox 1441 5307 1769 5360; x_wconf 89' lang='lat' dir='ltr'><strong>tuultitttdiui</strong></span> <span class='ocrx_word' id='word_1_690' title='bbox 1794 5318 1847 5360; x_wconf 88' lang='lat' dir='ltr'><strong>et</strong></span> <span class='ocrx_word' id='word_1_691' title='bbox 1876 5306 2135 5359; x_wconf 79' lang='lat' dir='ltr'><strong>athletam</strong></span> 
     </span>
    </p>
   </div>
   <div class='ocr_carea' id='block_1_101' title="bbox 581 5380 2141 5470">
    <p class='ocr_par' dir='ltr' id='par_1_101' title="bbox 581 5399 2141 5470">
     <span class='ocr_line' id='line_1_101' title="bbox 581 5399 2141 5470; baseline -0.004 -15"><span class='ocrx_word' id='word_1_692' title='bbox 581 5403 797 5456; x_wconf 77' lang='lat' dir='ltr'><strong>fratrem</strong></span> <span class='ocrx_word' id='word_1_693' title='bbox 838 5418 956 5457; x_wconf 85' lang='lat' dir='ltr'><strong>esse</strong></span> <span class='ocrx_word' id='word_1_694' title='bbox 992 5404 1316 5470; x_wconf 81' lang='lat' dir='ltr'><strong>agnovisset,</strong></span> <span class='ocrx_word' id='word_1_695' title='bbox 1349 5402 1613 5453; x_wconf 86' lang='lat' dir='ltr'><strong>accedens</strong></span> <span class='ocrx_word' id='word_1_696' title='bbox 1649 5401 1700 5451; x_wconf 89' lang='lat' dir='ltr'><strong>in</strong></span> <span class='ocrx_word' id='word_1_697' title='bbox 1729 5399 1964 5452; x_wconf 89' lang='lat' dir='ltr'><strong>medium</strong></span> <span class='ocrx_word' id='word_1_698' title='bbox 1992 5399 2141 5450; x_wconf 84' lang='lat' dir='ltr'><strong>thea-</strong></span> 
     </span>
    </p>
   </div>
   <div class='ocr_carea' id='block_1_102' title="bbox 579 5488 2135 5558">
    <p class='ocr_par' dir='ltr' id='par_1_102' title="bbox 579 5488 2135 5558">
     <span class='ocr_line' id='line_1_102' title="bbox 579 5488 2135 5558; baseline -0.006 -10"><span class='ocrx_word' id='word_1_699' title='bbox 579 5502 748 5553; x_wconf 85' lang='lat' dir='ltr'><strong>trum,</strong></span> <span class='ocrx_word' id='word_1_700' title='bbox 782 5508 900 5543; x_wconf 91' lang='lat' dir='ltr'><strong>eum</strong></span> <span class='ocrx_word' id='word_1_701' title='bbox 920 5490 1222 5558; x_wconf 75' lang='lat' dir='ltr'><strong>complexa.</strong></span> <span class='ocrx_word' id='word_1_702' title='bbox 1258 5490 1435 5542; x_wconf 84' lang='lat' dir='ltr'><strong>statim</strong></span> <span class='ocrx_word' id='word_1_703' title='bbox 1462 5491 1685 5540; x_wconf 81' lang='lat' dir='ltr'><strong>docebat</strong></span> <span class='ocrx_word' id='word_1_704' title='bbox 1715 5490 1867 5555; x_wconf 84' lang='lat' dir='ltr'><strong>signa</strong></span> <span class='ocrx_word' id='word_1_705' title='bbox 1906 5488 2135 5553; x_wconf 72' lang='lat' dir='ltr'><strong>generis,</strong></span> 
     </span>
    </p>
   </div>
   <div class='ocr_carea' id='block_1_103' title="bbox 580 5582 2139 5647">
    <p class='ocr_par' dir='ltr' id='par_1_103' title="bbox 580 5582 2139 5647">
     <span class='ocr_line' id='line_1_103' title="bbox 580 5582 2139 5647; baseline -0.004 -11"><span class='ocrx_word' id='word_1_706' title='bbox 580 5597 638 5636; x_wconf 86' lang='lat' dir='ltr'><strong>se</strong></span> <span class='ocrx_word' id='word_1_707' title='bbox 679 5583 896 5636; x_wconf 89' lang='lat' dir='ltr'><strong>eosdem</strong></span> <span class='ocrx_word' id='word_1_708' title='bbox 933 5583 1177 5638; x_wconf 87' lang='lat' dir='ltr'><strong>videlicet</strong></span> <span class='ocrx_word' id='word_1_709' title='bbox 1229 5596 1388 5635; x_wconf 89' lang='lat' dir='ltr'><strong>nosse</strong></span> <span class='ocrx_word' id='word_1_710' title='bbox 1440 5590 1721 5647; x_wconf 83' lang='lat' dir='ltr'><strong>parentes,</strong></span> <span class='ocrx_word' id='word_1_711' title='bbox 1753 5582 1941 5631; x_wconf 86' lang='lat' dir='ltr'><strong>eodem</strong></span> <span class='ocrx_word' id='word_1_712' title='bbox 1988 5590 2139 5631; x_wconf 89' lang='lat' dir='ltr'><strong>utero</strong></span> 
     </span>
    </p>
   </div>
   <div class='ocr_carea' id='block_1_104' title="bbox 579 5669 2137 5735">
    <p class='ocr_par' dir='ltr' id='par_1_104' title="bbox 579 5669 2137 5735">
     <span class='ocr_line' id='line_1_104' title="bbox 579 5669 2137 5735; baseline -0.003 -8"><span class='ocrx_word' id='word_1_713' title='bbox 579 5690 701 5729; x_wconf 86' lang='lat' dir='ltr'><strong>esse</strong></span> <span class='ocrx_word' id='word_1_714' title='bbox 728 5676 923 5735; x_wconf 84' lang='lat' dir='ltr'><strong>editos,</strong></span> <span class='ocrx_word' id='word_1_715' title='bbox 946 5687 1008 5726; x_wconf 91' lang='lat' dir='ltr'><strong>ac</strong></span> <span class='ocrx_word' id='word_1_716' title='bbox 1052 5673 1236 5728; x_wconf 84' lang='lat' dir='ltr'><strong>eadem</strong></span> <span class='ocrx_word' id='word_1_717' title='bbox 1268 5672 1476 5725; x_wconf 84' lang='lat' dir='ltr'><strong>suxisse</strong></span> <span class='ocrx_word' id='word_1_718' title='bbox 1524 5669 1706 5723; x_wconf 83' lang='lat' dir='ltr'><strong>ubera.</strong></span> <span class='ocrx_word' id='word_1_719' title='bbox 1746 5669 1949 5723; x_wconf 81' lang='lat' dir='ltr'><strong>Deinde</strong></span> <span class='ocrx_word' id='word_1_720' title='bbox 1982 5686 2137 5723; x_wconf 85' lang='lat' dir='ltr'><strong>revo-</strong></span> 
     </span>
    </p>
   </div>
   <div class='ocr_carea' id='block_1_105' title="bbox 585 5764 2142 5833">
    <p class='ocr_par' dir='ltr' id='par_1_105' title="bbox 585 5764 2142 5833">
     <span class='ocr_line' id='line_1_105' title="bbox 585 5764 2142 5833; baseline -0.002 -13"><span class='ocrx_word' id='word_1_721' title='bbox 585 5768 741 5821; x_wconf 75' lang='lat' dir='ltr'><strong>Cabat</strong></span> <span class='ocrx_word' id='word_1_722' title='bbox 772 5769 825 5822; x_wconf 91' lang='lat' dir='ltr'><strong>in</strong></span> <span class='ocrx_word' id='word_1_723' title='bbox 876 5776 1113 5821; x_wconf 85' lang='lat' dir='ltr'><strong>mentem</strong></span> <span class='ocrx_word' id='word_1_724' title='bbox 1157 5773 1441 5833; x_wconf 88' lang='lat' dir='ltr'><strong>parentum</strong></span> <span class='ocrx_word' id='word_1_725' title='bbox 1485 5764 1937 5828; x_wconf 81' lang='lat' dir='ltr'><strong>benevolentiam,</strong></span> <span class='ocrx_word' id='word_1_726' title='bbox 1972 5776 2024 5818; x_wconf 89' lang='lat' dir='ltr'><strong>et</strong></span> <span class='ocrx_word' id='word_1_727' title='bbox 2051 5780 2142 5817; x_wconf 86' lang='lat' dir='ltr'><strong>co—</strong></span> 
     </span>
    </p>
   </div>
   <div class='ocr_carea' id='block_1_106' title="bbox 2237 4578 3802 4655">
    <p class='ocr_par' dir='ltr' id='par_1_106' title="bbox 2237 4578 3802 4655">
     <span class='ocr_line' id='line_1_106' title="bbox 2237 4578 3802 4655; baseline -0.007 -17"><span class='ocrx_word' id='word_1_728' title='bbox 2237 4586 2420 4655; x_wconf 75' lang='grc' dir='ltr'>εχουσι</span> <span class='ocrx_word' id='word_1_729' title='bbox 2448 4626 2461 4651; x_wconf 95' lang='grc'><strong>,</strong></span> <span class='ocrx_word' id='word_1_730' title='bbox 2494 4588 2587 4638; x_wconf 72' lang='grc' dir='ltr'>καὶ</span> <span class='ocrx_word' id='word_1_731' title='bbox 2632 4585 2806 4655; x_wconf 70' lang='grc' dir='ltr'>κῆρυξ</span> <span class='ocrx_word' id='word_1_732' title='bbox 2851 4578 2992 4637; x_wconf 85' lang='grc' dir='ltr'>εἷναι</span> <span class='ocrx_word' id='word_1_733' title='bbox 3040 4584 3252 4652; x_wconf 79' lang='grc' dir='ltr'>μωρίας</span> <span class='ocrx_word' id='word_1_734' title='bbox 3275 4621 3290 4643; x_wconf 91' lang='grc'><strong>,</strong></span> <span class='ocrx_word' id='word_1_735' title='bbox 3335 4582 3410 4641; x_wconf 83' lang='grc' dir='ltr'>ὡς</span> <span class='ocrx_word' id='word_1_736' title='bbox 3446 4581 3659 4648; x_wconf 85' lang='grc' dir='ltr'>μωροῖς</span> <span class='ocrx_word' id='word_1_737' title='bbox 3695 4580 3802 4629; x_wconf 78' lang='grc' dir='ltr'>ἑνο-</span> 
     </span>
    </p>
   </div>
   <div class='ocr_carea' id='block_1_107' title="bbox 2238 4681 2445 4749">
    <p class='ocr_par' dir='ltr' id='par_1_107' title="bbox 2238 4681 2445 4749">
     <span class='ocr_line' id='line_1_107' title="bbox 2238 4681 2445 4749; baseline 0 -19"><span class='ocrx_word' id='word_1_738' title='bbox 2238 4681 2445 4749; x_wconf 72' lang='grc' dir='ltr'>μίςετο.</span> 
     </span>
    </p>
   </div>
   <div class='ocr_carea' id='block_1_108' title="bbox 2310 4830 3800 4905">
    <p class='ocr_par' dir='ltr' id='par_1_108' title="bbox 2310 4830 3800 4905">
     <span class='ocr_line' id='line_1_108' title="bbox 2310 4830 3800 4905; baseline -0.012 -11"><span class='ocrx_word' id='word_1_739' title='bbox 2310 4845 2381 4895; x_wconf 92' lang='grc' dir='ltr'><strong>Ζ’,</strong></span> <span class='ocrx_word' id='word_1_740' title='bbox 2427 4840 2613 4893; x_wconf 79' lang='grc' dir='ltr'>Ταῦτα</span> <span class='ocrx_word' id='word_1_741' title='bbox 2646 4840 2737 4891; x_wconf 79' lang='grc' dir='ltr'><strong>τοῦ</strong></span> <span class='ocrx_word' id='word_1_742' title='bbox 2784 4838 3051 4905; x_wconf 69' lang='grc' dir='ltr'>ἡγεμόνος</span> <span class='ocrx_word' id='word_1_743' title='bbox 3081 4835 3218 4904; x_wconf 70' lang='grc' dir='ltr'>ὀργῇ</span> <span class='ocrx_word' id='word_1_744' title='bbox 3250 4832 3384 4900; x_wconf 68' lang='grc' dir='ltr'>ὕλην</span> <span class='ocrx_word' id='word_1_745' title='bbox 3417 4833 3512 4885; x_wconf 75' lang='grc' dir='ltr'><strong>καὶ</strong></span> <span class='ocrx_word' id='word_1_746' title='bbox 3551 4830 3800 4899; x_wconf 75' lang='grc' dir='ltr'>ἀφορμὴν</span> 
     </span>
    </p>
   </div>
   <div class='ocr_carea' id='block_1_109' title="bbox 2240 4922 3799 5001">
    <p class='ocr_par' dir='ltr' id='par_1_109' title="bbox 2240 4922 3799 5001">
     <span class='ocr_line' id='line_1_109' title="bbox 2240 4922 3799 5001; baseline -0.011 -13"><span class='ocrx_word' id='word_1_747' title='bbox 2240 4935 2590 5001; x_wconf 71' lang='grc' dir='ltr'>ποιουμένου,</span> <span class='ocrx_word' id='word_1_748' title='bbox 2637 4932 2825 4999; x_wconf 69' lang='grc' dir='ltr'>ἕτερον</span> <span class='ocrx_word' id='word_1_749' title='bbox 2874 4946 2925 4979; x_wconf 89' lang='grc' dir='ltr'>τι</span> <span class='ocrx_word' id='word_1_750' title='bbox 2962 4927 3147 4978; x_wconf 78' lang='grc' dir='ltr'>καινὸν</span> <span class='ocrx_word' id='word_1_751' title='bbox 3179 4927 3443 4995; x_wconf 65' lang='grc' dir='ltr'>ἐμπεσὸν,</span> <span class='ocrx_word' id='word_1_752' title='bbox 3476 4922 3709 4991; x_wconf 80' lang='grc' dir='ltr'>ὲτάραξὲ</span> <span class='ocrx_word' id='word_1_753' title='bbox 3746 4936 3799 4972; x_wconf 77' lang='grc' dir='ltr'>τι</span> 
     </span>
    </p>
   </div>
   <div class='ocr_carea' id='block_1_110' title="bbox 2239 5014 3799 5093">
    <p class='ocr_par' dir='ltr' id='par_1_110' title="bbox 2239 5014 3799 5093">
     <span class='ocr_line' id='line_1_110' title="bbox 2239 5014 3799 5093; baseline -0.011 -14"><span class='ocrx_word' id='word_1_754' title='bbox 2239 5030 2331 5080; x_wconf 59' lang='grc' dir='ltr'><strong>καὶ</strong></span> <span class='ocrx_word' id='word_1_755' title='bbox 2372 5030 2505 5092; x_wconf 73' lang='grc' dir='ltr'>πρὸς</span> <span class='ocrx_word' id='word_1_756' title='bbox 2540 5024 2709 5093; x_wconf 82' lang='grc' dir='ltr'>ὀργὴν</span> <span class='ocrx_word' id='word_1_757' title='bbox 2737 5022 2999 5090; x_wconf 78' lang='grc' dir='ltr'>ἐξέμηνεν</span> <span class='ocrx_word' id='word_1_758' title='bbox 3032 5020 3424 5083; x_wconf 80' lang='grc' dir='ltr'>ἀκατάσχετον.</span> <span class='ocrx_word' id='word_1_759' title='bbox 3466 5014 3667 5077; x_wconf 75' lang='grc' dir='ltr'>Νεᾶνις</span> <span class='ocrx_word' id='word_1_760' title='bbox 3699 5015 3799 5081; x_wconf 82' lang='grc' dir='ltr'>γὰρ</span> 
     </span>
    </p>
   </div>
   <div class='ocr_carea' id='block_1_111' title="bbox 2238 5106 3800 5187">
    <p class='ocr_par' dir='ltr' id='par_1_111' title="bbox 2238 5106 3800 5187">
     <span class='ocr_line' id='line_1_111' title="bbox 2238 5106 3800 5187; baseline -0.012 -16"><span class='ocrx_word' id='word_1_761' title='bbox 2238 5123 2365 5187; x_wconf 81' lang='grc' dir='ltr'>ἄρτι</span> <span class='ocrx_word' id='word_1_762' title='bbox 2402 5119 2509 5169; x_wconf 80' lang='grc' dir='ltr'>τῶν</span> <span class='ocrx_word' id='word_1_763' title='bbox 2558 5116 2907 5185; x_wconf 73' lang='grc' dir='ltr'>παρθενικῶν</span> <span class='ocrx_word' id='word_1_764' title='bbox 2952 5110 3324 5175; x_wconf 75' lang='grc' dir='ltr'>ὑπεξελθοῦσα</span> <span class='ocrx_word' id='word_1_765' title='bbox 3379 5106 3666 5174; x_wconf 76' lang='grc' dir='ltr'>Οαλάμιυν,</span> <span class='ocrx_word' id='word_1_766' title='bbox 3713 5108 3800 5157; x_wconf 68' lang='grc' dir='ltr'><strong>καὶ</strong></span> 
     </span>
    </p>
   </div>
   <div class='ocr_carea' id='block_1_112' title="bbox 2239 5194 3799 5279">
    <p class='ocr_par' dir='ltr' id='par_1_112' title="bbox 2239 5194 3799 5279">
     <span class='ocr_line' id='line_1_112' title="bbox 2239 5194 3799 5279; baseline -0.008 -21"><span class='ocrx_word' id='word_1_767' title='bbox 2239 5210 2484 5279; x_wconf 65' lang='grc' dir='ltr'>ἀρρένων</span> <span class='ocrx_word' id='word_1_768' title='bbox 2512 5206 2979 5275; x_wconf 72' lang='grc' dir='ltr'>καταθσρρήσασα</span> <span class='ocrx_word' id='word_1_769' title='bbox 3015 5202 3211 5270; x_wconf 61' lang='grc' dir='ltr'>ὂψεως.</span> <span class='ocrx_word' id='word_1_770' title='bbox 3248 5198 3325 5265; x_wconf 80' lang='grc' dir='ltr'>τῷ</span> <span class='ocrx_word' id='word_1_771' title='bbox 3366 5194 3561 5263; x_wconf 75' lang='grc' dir='ltr'>πλήθει</span> <span class='ocrx_word' id='word_1_772' title='bbox 3612 5197 3799 5259; x_wconf 78' lang='grc' dir='ltr'>ἑαυτὴν</span> 
     </span>
    </p>
   </div>
   <div class='ocr_carea' id='block_1_113' title="bbox 2243 5288 3799 5366">
    <p class='ocr_par' dir='ltr' id='par_1_113' title="bbox 2243 5288 3799 5366">
     <span class='ocr_line' id='line_1_113' title="bbox 2243 5288 3799 5366; baseline -0.012 -11"><span class='ocrx_word' id='word_1_773' title='bbox 2243 5302 2583 5366; x_wconf 78' lang='grc' dir='ltr'>ἀναμίξασα,</span> <span class='ocrx_word' id='word_1_774' title='bbox 2632 5303 2727 5350; x_wconf 83' lang='grc' dir='ltr'><strong>καὶ</strong></span> <span class='ocrx_word' id='word_1_775' title='bbox 2759 5297 2987 5363; x_wconf 72' lang='grc' dir='ltr'>ἀδελφὺν</span> <span class='ocrx_word' id='word_1_776' title='bbox 3019 5290 3159 5345; x_wconf 80' lang='grc' dir='ltr'>εἶναι</span> <span class='ocrx_word' id='word_1_777' title='bbox 3190 5292 3280 5343; x_wconf 73' lang='grc' dir='ltr'><strong>τὸν</strong></span> <span class='ocrx_word' id='word_1_778' title='bbox 3324 5290 3567 5360; x_wconf 69' lang='grc' dir='ltr'>ἀθλητὴν</span> <span class='ocrx_word' id='word_1_779' title='bbox 3619 5288 3799 5351; x_wconf 81' lang='grc' dir='ltr'>ὥσπερ</span> 
     </span>
    </p>
   </div>
   <div class='ocr_carea' id='block_1_114' title="bbox 2241 5372 3799 5461">
    <p class='ocr_par' dir='ltr' id='par_1_114' title="bbox 2241 5372 3799 5461">
     <span class='ocr_line' id='line_1_114' title="bbox 2241 5372 3799 5461; baseline -0.011 -17"><span class='ocrx_word' id='word_1_780' title='bbox 2241 5394 2580 5461; x_wconf 81' lang='grc' dir='ltr'>γνωρίσασα.</span> <span class='ocrx_word' id='word_1_781' title='bbox 2613 5393 2776 5458; x_wconf 85' lang='grc' dir='ltr'>μέσον</span> <span class='ocrx_word' id='word_1_782' title='bbox 2798 5388 2890 5437; x_wconf 78' lang='grc' dir='ltr'>τοῦ</span> <span class='ocrx_word' id='word_1_783' title='bbox 2921 5387 3151 5451; x_wconf 76' lang='grc' dir='ltr'>Οεατρου</span> <span class='ocrx_word' id='word_1_784' title='bbox 3184 5381 3552 5447; x_wconf 74' lang='grc' dir='ltr'>παρελθοῦσα,</span> <span class='ocrx_word' id='word_1_785' title='bbox 3588 5380 3684 5430; x_wconf 73' lang='grc' dir='ltr'>καὶ</span> <span class='ocrx_word' id='word_1_786' title='bbox 3730 5372 3799 5427; x_wconf 82' lang='grc' dir='ltr'>τὼ</span> 
     </span>
    </p>
   </div>
   <div class='ocr_carea' id='block_1_115' title="bbox 2241 5470 3798 5557">
    <p class='ocr_par' dir='ltr' id='par_1_115' title="bbox 2241 5470 3798 5557">
     <span class='ocr_line' id='line_1_115' title="bbox 2241 5470 3798 5557; baseline 0.004 -33"><span class='ocrx_word' id='word_1_787' title='bbox 2241 5490 2392 5557; x_wconf 68' lang='grc' dir='ltr'>χεῖρε</span> <span class='ocrx_word' id='word_1_788' title='bbox 2450 5486 2640 5537; x_wconf 58' lang='grc' dir='ltr'>τοῦτον</span> <span class='ocrx_word' id='word_1_789' title='bbox 2694 5478 3089 5547; x_wconf 76' lang='grc' dir='ltr'>περιῦαλοῦσα,</span> <span class='ocrx_word' id='word_1_790' title='bbox 3149 5475 3309 5537; x_wconf 70' lang='grc' dir='ltr'>εὐθὺς</span> <span class='ocrx_word' id='word_1_791' title='bbox 3357 5473 3427 5524; x_wconf 74' lang='grc' dir='ltr'>τὰ</span> <span class='ocrx_word' id='word_1_792' title='bbox 3468 5470 3562 5522; x_wconf 79' lang='grc' dir='ltr'>τοῦ</span> <span class='ocrx_word' id='word_1_793' title='bbox 3618 5474 3798 5535; x_wconf 73' lang='grc' dir='ltr'>γένους</span> 
     </span>
    </p>
   </div>
   <div class='ocr_carea' id='block_1_116' title="bbox 2243 5564 3797 5643">
    <p class='ocr_par' dir='ltr' id='par_1_116' title="bbox 2243 5564 3797 5643">
     <span class='ocr_line' id='line_1_116' title="bbox 2243 5564 3797 5643; baseline -0.014 -11"><span class='ocrx_word' id='word_1_794' title='bbox 2243 5580 2564 5634; x_wconf 76' lang='grc' dir='ltr'>ἀνεδίδασκε</span> <span class='ocrx_word' id='word_1_795' title='bbox 2600 5574 2869 5643; x_wconf 77' lang='grc' dir='ltr'>σύμϐολα,</span> <span class='ocrx_word' id='word_1_796' title='bbox 2926 5572 2985 5622; x_wconf 75' lang='grc' dir='ltr'>τὸ</span> <span class='ocrx_word' id='word_1_797' title='bbox 3016 5571 3141 5631; x_wconf 68' lang='grc' dir='ltr'>τοὺς</span> <span class='ocrx_word' id='word_1_798' title='bbox 3176 5569 3372 5626; x_wconf 74' lang='grc' dir='ltr'>αὐτοὺς</span> <span class='ocrx_word' id='word_1_799' title='bbox 3409 5564 3606 5614; x_wconf 71' lang='grc' dir='ltr'>εἰδέναι</span> <span class='ocrx_word' id='word_1_800' title='bbox 3640 5565 3797 5615; x_wconf 69' lang='grc' dir='ltr'>πατέρ</span> 
     </span>
    </p>
   </div>
   <div class='ocr_carea' id='block_1_117' title="bbox 2246 5656 3800 5741">
    <p class='ocr_par' dir='ltr' id='par_1_117' title="bbox 2246 5656 3800 5741">
     <span class='ocr_line' id='line_1_117' title="bbox 2246 5656 3800 5741; baseline -0.013 -17"><span class='ocrx_word' id='word_1_801' title='bbox 2246 5689 2365 5741; x_wconf 86' lang='grc' dir='ltr'>ρας,</span> <span class='ocrx_word' id='word_1_802' title='bbox 2398 5672 2455 5722; x_wconf 85' lang='grc' dir='ltr'><strong>τὸ</strong></span> <span class='ocrx_word' id='word_1_803' title='bbox 2490 5672 2617 5737; x_wconf 76' lang='grc' dir='ltr'>μιᾶς</span> <span class='ocrx_word' id='word_1_804' title='bbox 2643 5665 2876 5736; x_wconf 85' lang='grc' dir='ltr'>γαστρὸς</span> <span class='ocrx_word' id='word_1_805' title='bbox 2908 5664 3207 5733; x_wconf 71' lang='grc' dir='ltr'>προελθεῖν,</span> <span class='ocrx_word' id='word_1_806' title='bbox 3246 5661 3302 5709; x_wconf 65' lang='grc' dir='ltr'>τὸ</span> <span class='ocrx_word' id='word_1_807' title='bbox 3330 5658 3455 5718; x_wconf 68' lang='grc' dir='ltr'>τοὺς</span> <span class='ocrx_word' id='word_1_808' title='bbox 3485 5658 3679 5717; x_wconf 75' lang='grc' dir='ltr'>αὐτοὺς</span> <span class='ocrx_word' id='word_1_809' title='bbox 3718 5656 3800 5718; x_wconf 81' lang='grc' dir='ltr'>θη-</span> 
     </span>
    </p>
   </div>
   <div class='ocr_carea' id='block_1_118' title="bbox 2244 5744 3797 5831">
    <p class='ocr_par' dir='ltr' id='par_1_118' title="bbox 2244 5744 3797 5831">
     <span class='ocr_line' id='line_1_118' title="bbox 2244 5744 3797 5831; baseline -0.013 -15"><span class='ocrx_word' id='word_1_810' title='bbox 2244 5765 2405 5816; x_wconf 84' lang='grc' dir='ltr'>λάσαι</span> <span class='ocrx_word' id='word_1_811' title='bbox 2444 5760 2703 5831; x_wconf 85' lang='grc' dir='ltr'>μαστούς.</span> <span class='ocrx_word' id='word_1_812' title='bbox 2750 5753 2881 5811; x_wconf 84' lang='grc' dir='ltr'>Εἶτα</span> <span class='ocrx_word' id='word_1_813' title='bbox 2926 5756 3129 5825; x_wconf 79' lang='grc' dir='ltr'>γονέων</span> <span class='ocrx_word' id='word_1_814' title='bbox 3178 5750 3565 5819; x_wconf 77' lang='grc' dir='ltr'>φιλοστοργίας</span> <span class='ocrx_word' id='word_1_815' title='bbox 3614 5744 3797 5814; x_wconf 79' lang='grc' dir='ltr'>ἀνεμί-</span> 
     </span>
    </p>
   </div>
  </div>
