  <div class='ocr_page' id='page_1' title='image "/cluster/home/n/w/nwhite01/storage/ocr_20150623/115/ien.35556001659887/540.png"; bbox 0 0 3968 6446; ppageno 0'>
   <div class='ocr_carea' id='block_1_1' title="bbox 160 377 298 441">
    <p class='ocr_par' dir='ltr' id='par_1_1' title="bbox 160 377 298 441">
     <span class='ocr_line' id='line_1_1' title="bbox 160 377 298 441; baseline 0.007 -1"><span class='ocrx_word' id='word_1_1' title='bbox 160 377 298 441; x_wconf 73' lang='lat'><strong>1061</strong></span> 
     </span>
    </p>
   </div>
   <div class='ocr_carea' id='block_1_2' title="bbox 955 379 2626 445">
    <p class='ocr_par' dir='ltr' id='par_1_2' title="bbox 955 379 2626 445">
     <span class='ocr_line' id='line_1_2' title="bbox 955 379 2626 445; baseline 0.003 -6"><span class='ocrx_word' id='word_1_2' title='bbox 955 379 1423 439; x_wconf 76' lang='lat' dir='ltr'><strong>MARTYRIUM</strong></span> <span class='ocrx_word' id='word_1_3' title='bbox 1468 379 1568 439; x_wconf 88' lang='lat' dir='ltr'><strong>SS.</strong></span> <span class='ocrx_word' id='word_1_4' title='bbox 1628 380 1996 439; x_wconf 80' lang='lat' dir='ltr'><strong>EULAMPII</strong></span> <span class='ocrx_word' id='word_1_5' title='bbox 2061 381 2156 441; x_wconf 82' lang='grc' dir='ltr'><strong>ΕΤ</strong></span> <span class='ocrx_word' id='word_1_6' title='bbox 2198 381 2626 445; x_wconf 71' lang='grc' dir='ltr'><strong>ΕΠΙΛΜΡΜΞ.</strong></span> 
     </span>
    </p>
   </div>
   <div class='ocr_carea' id='block_1_3' title="bbox 3267 383 3405 448">
    <p class='ocr_par' dir='ltr' id='par_1_3' title="bbox 3267 383 3405 448">
     <span class='ocr_line' id='line_1_3' title="bbox 3267 383 3405 448; baseline 0.007 -1"><span class='ocrx_word' id='word_1_7' title='bbox 3267 383 3405 448; x_wconf 79' lang='lat'><strong>1062</strong></span> 
     </span>
    </p>
   </div>
   <div class='ocr_carea' id='block_1_4' title="bbox 158 487 1747 565">
    <p class='ocr_par' dir='ltr' id='par_1_4' title="bbox 158 487 1735 562">
     <span class='ocr_line' id='line_1_4' title="bbox 158 487 1735 562; baseline -0.002 -18"><span class='ocrx_word' id='word_1_8' title='bbox 158 507 400 562; x_wconf 79' lang='grc' dir='ltr'><strong>μνησκε,</strong></span> <span class='ocrx_word' id='word_1_9' title='bbox 430 487 787 557; x_wconf 76' lang='grc' dir='ltr'><strong>συνοικισμοῦ</strong></span> <span class='ocrx_word' id='word_1_10' title='bbox 816 503 874 540; x_wconf 86' lang='grc' dir='ltr'><strong>τε</strong></span> <span class='ocrx_word' id='word_1_11' title='bbox 897 488 990 540; x_wconf 74' lang='grc' dir='ltr'><strong>καὶ</strong></span> <span class='ocrx_word' id='word_1_12' title='bbox 1019 488 1335 551; x_wconf 83' lang='grc' dir='ltr'><strong>συναυλίας,</strong></span> <span class='ocrx_word' id='word_1_13' title='bbox 1361 488 1456 540; x_wconf 70' lang='grc' dir='ltr'><strong>καὶ</strong></span> <span class='ocrx_word' id='word_1_14' title='bbox 1475 487 1735 541; x_wconf 81' lang='grc' dir='ltr'><strong>τοιούτων</strong></span> 
     </span>
    </p>
   </div>
   <div class='ocr_carea' id='block_1_5' title="bbox 1852 487 3409 565">
    <p class='ocr_par' dir='ltr' id='par_1_5' title="bbox 1852 491 3409 565">
     <span class='ocr_line' id='line_1_5' title="bbox 1852 491 3409 565; baseline 0.004 -23"><span class='ocrx_word' id='word_1_15' title='bbox 1852 491 2250 553; x_wconf 70' lang='grc' dir='ltr'><strong>ιοὶήιιιιίοηοηι,</strong></span> <span class='ocrx_word' id='word_1_16' title='bbox 2283 502 2336 545; x_wconf 89' lang='lat' dir='ltr'><strong>et</strong></span> <span class='ocrx_word' id='word_1_17' title='bbox 2357 492 2669 560; x_wconf 88' lang='lat' dir='ltr'><strong>bujusmodi</strong></span> <span class='ocrx_word' id='word_1_18' title='bbox 2707 491 2810 547; x_wconf 89' lang='lat' dir='ltr'><strong>alia</strong></span> <span class='ocrx_word' id='word_1_19' title='bbox 2842 494 3015 564; x_wconf 79' lang='lat' dir='ltr'><strong>signa,</strong></span> <span class='ocrx_word' id='word_1_20' title='bbox 3046 503 3101 547; x_wconf 91' lang='lat' dir='ltr'><strong>et</strong></span> <span class='ocrx_word' id='word_1_21' title='bbox 3131 504 3409 565; x_wconf 85' lang='lat' dir='ltr'><strong>postremo</strong></span> 
     </span>
    </p>
   </div>
   <div class='ocr_carea' id='block_1_6' title="bbox 154 578 1729 651">
    <p class='ocr_par' dir='ltr' id='par_1_6' title="bbox 154 578 1729 651">
     <span class='ocr_line' id='line_1_6' title="bbox 154 578 1729 651; baseline -0.004 -14"><span class='ocrx_word' id='word_1_22' title='bbox 154 584 338 637; x_wconf 75' lang='grc' dir='ltr'><strong>ἄλλων</strong></span> <span class='ocrx_word' id='word_1_23' title='bbox 378 582 667 651; x_wconf 77' lang='grc' dir='ltr'><strong>συμϐόλων</strong></span> <span class='ocrx_word' id='word_1_24' title='bbox 693 597 705 609; x_wconf 90' lang='grc'><strong>·</strong></span> <span class='ocrx_word' id='word_1_25' title='bbox 738 581 833 634; x_wconf 75' lang='grc' dir='ltr'><strong>καὶ</strong></span> <span class='ocrx_word' id='word_1_26' title='bbox 867 580 1021 642; x_wconf 80' lang='grc' dir='ltr'><strong>τέλος</strong></span> <span class='ocrx_word' id='word_1_27' title='bbox 1055 581 1153 649; x_wconf 77' lang='grc' dir='ltr'><strong>τῆς</strong></span> <span class='ocrx_word' id='word_1_28' title='bbox 1196 581 1367 648; x_wconf 79' lang='grc' dir='ltr'><strong>αὐτῆς</strong></span> <span class='ocrx_word' id='word_1_29' title='bbox 1397 578 1605 631; x_wconf 75' lang='grc' dir='ltr'><strong>ἐθέλειν</strong></span> <span class='ocrx_word' id='word_1_30' title='bbox 1634 578 1729 631; x_wconf 69' lang='grc' dir='ltr'><strong>καὶ</strong></span> 
     </span>
    </p>
   </div>
   <div class='ocr_carea' id='block_1_7' title="bbox 154 671 1731 745">
    <p class='ocr_par' dir='ltr' id='par_1_7' title="bbox 154 671 1731 745">
     <span class='ocr_line' id='line_1_7' title="bbox 154 671 1731 745; baseline -0.006 -14"><span class='ocrx_word' id='word_1_31' title='bbox 154 678 398 737; x_wconf 79' lang='grc' dir='ltr'><strong>πίστεως</strong></span> <span class='ocrx_word' id='word_1_32' title='bbox 422 675 577 742; x_wconf 75' lang='grc' dir='ltr'><strong>ἔλεγε</strong></span> <span class='ocrx_word' id='word_1_33' title='bbox 611 674 704 725; x_wconf 74' lang='grc' dir='ltr'><strong>καὶ</strong></span> <span class='ocrx_word' id='word_1_34' title='bbox 743 672 835 724; x_wconf 81' lang='grc' dir='ltr'><strong>τοῦ</strong></span> <span class='ocrx_word' id='word_1_35' title='bbox 870 672 1214 740; x_wconf 86' lang='grc' dir='ltr'><strong>σεϐάσματος</strong></span> <span class='ocrx_word' id='word_1_36' title='bbox 1246 672 1572 745; x_wconf 82' lang='grc' dir='ltr'><strong>μετασχεῖν,</strong></span> <span class='ocrx_word' id='word_1_37' title='bbox 1637 671 1731 723; x_wconf 78' lang='grc' dir='ltr'><strong>καὶ</strong></span> 
     </span>
    </p>
   </div>
   <div class='ocr_carea' id='block_1_8' title="bbox 153 760 1730 831">
    <p class='ocr_par' dir='ltr' id='par_1_8' title="bbox 153 760 1730 831">
     <span class='ocr_line' id='line_1_8' title="bbox 153 760 1730 831; baseline -0.006 -9"><span class='ocrx_word' id='word_1_38' title='bbox 153 770 274 822; x_wconf 82' lang='grc' dir='ltr'><strong>τῶν</strong></span> <span class='ocrx_word' id='word_1_39' title='bbox 339 768 519 820; x_wconf 80' lang='grc' dir='ltr'><strong>αὐτῶν</strong></span> <span class='ocrx_word' id='word_1_40' title='bbox 577 764 906 831; x_wconf 82' lang='grc' dir='ltr'><strong>κοινωνῆσαι</strong></span> <span class='ocrx_word' id='word_1_41' title='bbox 962 761 1039 831; x_wconf 83' lang='grc' dir='ltr'><strong>τῷ</strong></span> <span class='ocrx_word' id='word_1_42' title='bbox 1086 760 1301 830; x_wconf 79' lang='grc' dir='ltr'><strong>ἀδελφῷ</strong></span> <span class='ocrx_word' id='word_1_43' title='bbox 1365 760 1730 830; x_wconf 76' lang='grc' dir='ltr'><strong>παθημάτων.</strong></span> 
     </span>
    </p>
   </div>
   <div class='ocr_carea' id='block_1_9' title="bbox 156 853 1733 923">
    <p class='ocr_par' dir='ltr' id='par_1_9' title="bbox 156 853 1733 923">
     <span class='ocr_line' id='line_1_9' title="bbox 156 853 1733 923; baseline -0.006 -10"><span class='ocrx_word' id='word_1_44' title='bbox 156 858 353 913; x_wconf 79' lang='grc' dir='ltr'><strong>ταῦτα</strong></span> <span class='ocrx_word' id='word_1_45' title='bbox 387 860 587 921; x_wconf 82' lang='grc' dir='ltr'><strong>τοίνυν,</strong></span> <span class='ocrx_word' id='word_1_46' title='bbox 631 857 719 908; x_wconf 77' lang='grc' dir='ltr'><strong>τὸν</strong></span> <span class='ocrx_word' id='word_1_47' title='bbox 756 857 853 923; x_wconf 78' lang='grc' dir='ltr'><strong>μὲν</strong></span> <span class='ocrx_word' id='word_1_48' title='bbox 878 855 1257 922; x_wconf 69' lang='grc' dir='ltr'><strong>κακοδαίμονα</strong></span> <span class='ocrx_word' id='word_1_49' title='bbox 1292 853 1560 922; x_wconf 89' lang='grc' dir='ltr'><strong>τύραννον</strong></span> <span class='ocrx_word' id='word_1_50' title='bbox 1591 855 1733 905; x_wconf 82' lang='grc' dir='ltr'><strong>ἀπο-</strong></span> 
     </span>
    </p>
   </div>
   <div class='ocr_carea' id='block_1_10' title="bbox 162 945 1732 1023">
    <p class='ocr_par' dir='ltr' id='par_1_10' title="bbox 162 945 1732 1023">
     <span class='ocr_line' id='line_1_10' title="bbox 162 945 1732 1023; baseline -0.005 -20"><span class='ocrx_word' id='word_1_51' title='bbox 162 954 289 1023; x_wconf 76' lang='grc' dir='ltr'><strong>ρίας</strong></span> <span class='ocrx_word' id='word_1_52' title='bbox 326 951 592 1019; x_wconf 68' lang='grc' dir='ltr'><strong>ἐπλήρου,</strong></span> <span class='ocrx_word' id='word_1_53' title='bbox 629 950 753 1011; x_wconf 76' lang='grc' dir='ltr'><strong>τοὺς</strong></span> <span class='ocrx_word' id='word_1_54' title='bbox 784 948 838 999; x_wconf 80' lang='grc' dir='ltr'><strong>δὲ</strong></span> <span class='ocrx_word' id='word_1_55' title='bbox 875 947 1076 1008; x_wconf 77' lang='grc' dir='ltr'><strong>θεατὰς</strong></span> <span class='ocrx_word' id='word_1_56' title='bbox 1099 946 1207 997; x_wconf 86' lang='grc' dir='ltr'><strong>τῶν</strong></span> <span class='ocrx_word' id='word_1_57' title='bbox 1264 945 1561 1013; x_wconf 84' lang='grc' dir='ltr'><strong>δρωμένων</strong></span> <span class='ocrx_word' id='word_1_58' title='bbox 1603 962 1732 1014; x_wconf 81' lang='grc' dir='ltr'><strong>μετ-</strong></span> 
     </span>
    </p>
   </div>
   <div class='ocr_carea' id='block_1_11' title="bbox 160 1038 1733 1110">
    <p class='ocr_par' dir='ltr' id='par_1_11' title="bbox 160 1038 1733 1110">
     <span class='ocr_line' id='line_1_11' title="bbox 160 1038 1733 1110; baseline -0.005 -15"><span class='ocrx_word' id='word_1_59' title='bbox 160 1044 416 1095; x_wconf 83' lang='grc' dir='ltr'><strong>εκαλείτο</strong></span> <span class='ocrx_word' id='word_1_60' title='bbox 447 1043 579 1110; x_wconf 84' lang='grc' dir='ltr'><strong>πρὸς</strong></span> <span class='ocrx_word' id='word_1_61' title='bbox 607 1042 706 1108; x_wconf 78' lang='grc' dir='ltr'><strong>τὴν</strong></span> <span class='ocrx_word' id='word_1_62' title='bbox 737 1039 1023 1091; x_wconf 84' lang='grc' dir='ltr'><strong>εὐσέϐειαν</strong></span> <span class='ocrx_word' id='word_1_63' title='bbox 1044 1078 1059 1103; x_wconf 88' lang='grc'><strong>,</strong></span> <span class='ocrx_word' id='word_1_64' title='bbox 1095 1040 1190 1091; x_wconf 79' lang='grc' dir='ltr'><strong>καὶ</strong></span> <span class='ocrx_word' id='word_1_65' title='bbox 1221 1038 1277 1099; x_wconf 86' lang='grc' dir='ltr'><strong>ὃς</strong></span> <span class='ocrx_word' id='word_1_66' title='bbox 1305 1040 1503 1091; x_wconf 77' lang='grc' dir='ltr'><strong>αὐτίκα</strong></span> <span class='ocrx_word' id='word_1_67' title='bbox 1542 1038 1733 1107; x_wconf 66' lang='grc' dir='ltr'><strong>μιαρὸς</strong></span> 
     </span>
    </p>
   </div>
   <div class='ocr_carea' id='block_1_12' title="bbox 160 1128 1733 1202">
    <p class='ocr_par' dir='ltr' id='par_1_12' title="bbox 160 1128 1733 1202">
     <span class='ocr_line' id='line_1_12' title="bbox 160 1128 1733 1202; baseline -0.004 -16"><span class='ocrx_word' id='word_1_68' title='bbox 160 1136 278 1197; x_wconf 81' lang='grc' dir='ltr'><strong>ῶν,</strong></span> <span class='ocrx_word' id='word_1_69' title='bbox 323 1134 459 1202; x_wconf 78' lang='grc' dir='ltr'><strong>πρὸς</strong></span> <span class='ocrx_word' id='word_1_70' title='bbox 505 1134 739 1200; x_wconf 72' lang='grc' dir='ltr'><strong>μιαροὺς</strong></span> <span class='ocrx_word' id='word_1_71' title='bbox 797 1128 995 1198; x_wconf 78' lang='grc' dir='ltr'><strong>ἐχώρει</strong></span> <span class='ocrx_word' id='word_1_72' title='bbox 1049 1129 1369 1196; x_wconf 72' lang='grc' dir='ltr'><strong>λογισμοὺς,</strong></span> <span class='ocrx_word' id='word_1_73' title='bbox 1428 1130 1523 1181; x_wconf 71' lang='grc' dir='ltr'><strong>καὶ</strong></span> <span class='ocrx_word' id='word_1_74' title='bbox 1572 1129 1733 1181; x_wconf 86' lang='grc' dir='ltr'><strong>πάθει</strong></span> 
     </span>
    </p>
   </div>
   <div class='ocr_carea' id='block_1_13' title="bbox 166 1219 1733 1295">
    <p class='ocr_par' dir='ltr' id='par_1_13' title="bbox 166 1219 1733 1295">
     <span class='ocr_line' id='line_1_13' title="bbox 166 1219 1733 1295; baseline -0.004 -19"><span class='ocrx_word' id='word_1_75' title='bbox 166 1226 375 1295; x_wconf 76' lang='grc' dir='ltr'><strong>μᾶλλον</strong></span> <span class='ocrx_word' id='word_1_76' title='bbox 418 1223 731 1290; x_wconf 68' lang='grc' dir='ltr'><strong>σωματικῆς</strong></span> <span class='ocrx_word' id='word_1_77' title='bbox 785 1220 1107 1283; x_wconf 82' lang='grc' dir='ltr'><strong>συνουσίας,</strong></span> <span class='ocrx_word' id='word_1_78' title='bbox 1144 1220 1268 1288; x_wconf 77' lang='grc' dir='ltr'><strong>οὐχὶ</strong></span> <span class='ocrx_word' id='word_1_79' title='bbox 1315 1219 1466 1288; x_wconf 85' lang='grc' dir='ltr'><strong>πόθῳ</strong></span> <span class='ocrx_word' id='word_1_80' title='bbox 1495 1219 1733 1288; x_wconf 74' lang='grc' dir='ltr'><strong>Χριστοῦ</strong></span> 
     </span>
    </p>
   </div>
   <div class='ocr_carea' id='block_1_14' title="bbox 164 1310 1736 1386">
    <p class='ocr_par' dir='ltr' id='par_1_14' title="bbox 164 1310 1736 1386">
     <span class='ocr_line' id='line_1_14' title="bbox 164 1310 1736 1386; baseline -0.001 -20"><span class='ocrx_word' id='word_1_81' title='bbox 164 1317 478 1386; x_wconf 74' lang='grc' dir='ltr'><strong>προσφύναι</strong></span> <span class='ocrx_word' id='word_1_82' title='bbox 513 1314 590 1382; x_wconf 85' lang='grc' dir='ltr'><strong>τῷ</strong></span> <span class='ocrx_word' id='word_1_83' title='bbox 631 1316 869 1381; x_wconf 88' lang='grc' dir='ltr'><strong>μάρτυρι</strong></span> <span class='ocrx_word' id='word_1_84' title='bbox 900 1311 1104 1380; x_wconf 88' lang='grc' dir='ltr'><strong>ταύτην</strong></span> <span class='ocrx_word' id='word_1_85' title='bbox 1131 1310 1291 1381; x_wconf 79' lang='grc' dir='ltr'><strong>ᾣετο.</strong></span> <span class='ocrx_word' id='word_1_86' title='bbox 1345 1313 1524 1382; x_wconf 77' lang='grc' dir='ltr'><strong>Δριμὺ</strong></span> <span class='ocrx_word' id='word_1_87' title='bbox 1558 1312 1736 1365; x_wconf 80' lang='grc' dir='ltr'><strong>τοίνυν</strong></span> 
     </span>
    </p>
   </div>
   <div class='ocr_carea' id='block_1_15' title="bbox 164 1398 1737 1476">
    <p class='ocr_par' dir='ltr' id='par_1_15' title="bbox 164 1398 1737 1476">
     <span class='ocr_line' id='line_1_15' title="bbox 164 1398 1737 1476; baseline -0.003 -15"><span class='ocrx_word' id='word_1_88' title='bbox 164 1412 260 1462; x_wconf 76' lang='grc' dir='ltr'><strong>καὶ</strong></span> <span class='ocrx_word' id='word_1_89' title='bbox 290 1407 551 1476; x_wconf 73' lang='grc' dir='ltr'><strong>ἐμϐριθὲς</strong></span> <span class='ocrx_word' id='word_1_90' title='bbox 579 1406 711 1474; x_wconf 78' lang='grc' dir='ltr'><strong>πρὸς</strong></span> <span class='ocrx_word' id='word_1_91' title='bbox 741 1406 913 1472; x_wconf 80' lang='grc' dir='ltr'><strong>αὐτὴν</strong></span> <span class='ocrx_word' id='word_1_92' title='bbox 943 1404 1219 1467; x_wconf 84' lang='grc' dir='ltr'><strong>ἀτενίσας,</strong></span> <span class='ocrx_word' id='word_1_93' title='bbox 1266 1405 1331 1459; x_wconf 88' lang='grc' dir='ltr'><strong>Τί</strong></span> <span class='ocrx_word' id='word_1_94' title='bbox 1360 1421 1464 1469; x_wconf 88' lang='grc' dir='ltr'><strong>σοι,</strong></span> <span class='ocrx_word' id='word_1_95' title='bbox 1498 1405 1655 1475; x_wconf 76' lang='grc' dir='ltr'><strong>φησὶ,</strong></span> <span class='ocrx_word' id='word_1_96' title='bbox 1694 1398 1737 1457; x_wconf 80' lang='grc' dir='ltr'>ὦ</span> 
     </span>
    </p>
   </div>
   <div class='ocr_carea' id='block_1_16' title="bbox 164 1496 1738 1567">
    <p class='ocr_par' dir='ltr' id='par_1_16' title="bbox 164 1496 1738 1567">
     <span class='ocr_line' id='line_1_16' title="bbox 164 1496 1738 1567; baseline -0.001 -17"><span class='ocrx_word' id='word_1_97' title='bbox 164 1500 356 1567; x_wconf 82' lang='grc' dir='ltr'><strong>γύναι,</strong></span> <span class='ocrx_word' id='word_1_98' title='bbox 404 1499 466 1549; x_wconf 64' lang='grc' dir='ltr'><strong>τι</strong></span> <span class='ocrx_word' id='word_1_99' title='bbox 523 1498 769 1564; x_wconf 62' lang='grc' dir='ltr'><strong>σόφισμα</strong></span> <span class='ocrx_word' id='word_1_100' title='bbox 821 1496 1072 1564; x_wconf 86' lang='grc' dir='ltr'><strong>βούλεται</strong></span> <span class='ocrx_word' id='word_1_101' title='bbox 1128 1496 1307 1558; x_wconf 82' lang='grc' dir='ltr'><strong>τοῦτο,</strong></span> <span class='ocrx_word' id='word_1_102' title='bbox 1361 1499 1598 1561; x_wconf 73' lang='grc' dir='ltr'><strong>καὶπῶς</strong></span> <span class='ocrx_word' id='word_1_103' title='bbox 1633 1497 1738 1566; x_wconf 83' lang='grc' dir='ltr'><strong>ἄρα</strong></span> 
     </span>
    </p>
   </div>
   <div class='ocr_carea' id='block_1_17' title="bbox 165 1587 1738 1658">
    <p class='ocr_par' dir='ltr' id='par_1_17' title="bbox 165 1587 1738 1658">
     <span class='ocr_line' id='line_1_17' title="bbox 165 1587 1738 1658; baseline 0 -17"><span class='ocrx_word' id='word_1_104' title='bbox 165 1590 448 1657; x_wconf 82' lang='grc' dir='ltr'><strong>πρόφασιν</strong></span> <span class='ocrx_word' id='word_1_105' title='bbox 496 1587 768 1655; x_wconf 74' lang='grc' dir='ltr'><strong>ἐρωτικῆς</strong></span> <span class='ocrx_word' id='word_1_106' title='bbox 822 1590 1019 1657; x_wconf 78' lang='grc' dir='ltr'><strong>μανίας</strong></span> <span class='ocrx_word' id='word_1_107' title='bbox 1055 1587 1152 1655; x_wconf 81' lang='grc' dir='ltr'><strong>τῆς</strong></span> <span class='ocrx_word' id='word_1_108' title='bbox 1190 1588 1329 1658; x_wconf 74' lang='grc' dir='ltr'><strong>πρὸς</strong></span> <span class='ocrx_word' id='word_1_109' title='bbox 1358 1590 1450 1639; x_wconf 83' lang='grc' dir='ltr'><strong>τὸν</strong></span> <span class='ocrx_word' id='word_1_110' title='bbox 1491 1590 1738 1655; x_wconf 83' lang='grc' dir='ltr'><strong>παρόντα</strong></span> 
     </span>
    </p>
   </div>
   <div class='ocr_carea' id='block_1_18' title="bbox 163 1678 1739 1748">
    <p class='ocr_par' dir='ltr' id='par_1_18' title="bbox 163 1678 1739 1748">
     <span class='ocr_line' id='line_1_18' title="bbox 163 1678 1739 1748; baseline 0.001 -17"><span class='ocrx_word' id='word_1_111' title='bbox 163 1682 383 1731; x_wconf 77' lang='grc' dir='ltr'><strong>τουτονὶ</strong></span> <span class='ocrx_word' id='word_1_112' title='bbox 446 1678 752 1741; x_wconf 80' lang='grc' dir='ltr'><strong>νεανίσκον,</strong></span> <span class='ocrx_word' id='word_1_113' title='bbox 810 1678 908 1748; x_wconf 84' lang='grc' dir='ltr'><strong>τὴν</strong></span> <span class='ocrx_word' id='word_1_114' title='bbox 956 1682 1055 1747; x_wconf 82' lang='grc' dir='ltr'><strong>τῆς</strong></span> <span class='ocrx_word' id='word_1_115' title='bbox 1099 1678 1401 1747; x_wconf 80' lang='grc' dir='ltr'><strong>θρησκείας</strong></span> <span class='ocrx_word' id='word_1_116' title='bbox 1446 1680 1739 1748; x_wconf 82' lang='grc' dir='ltr'><strong>μετάθεσιν</strong></span> 
     </span>
    </p>
   </div>
   <div class='ocr_carea' id='block_1_19' title="bbox 164 1770 1740 1839">
    <p class='ocr_par' dir='ltr' id='par_1_19' title="bbox 164 1770 1740 1839">
     <span class='ocr_line' id='line_1_19' title="bbox 164 1770 1740 1839; baseline 0 -16"><span class='ocrx_word' id='word_1_117' title='bbox 164 1772 443 1838; x_wconf 62' lang='lat' dir='ltr'><strong>tito-.1160);</strong></span> <span class='ocrx_word' id='word_1_118' title='bbox 504 1770 660 1822; x_wconf 79' lang='grc' dir='ltr'><strong>Ἀλλά</strong></span> <span class='ocrx_word' id='word_1_119' title='bbox 708 1771 979 1838; x_wconf 69' lang='grc' dir='ltr'><strong>ἀνά-ληψον</strong></span> <span class='ocrx_word' id='word_1_120' title='bbox 1021 1770 1119 1836; x_wconf 72' lang='grc' dir='ltr'><strong>τῆς</strong></span> <span class='ocrx_word' id='word_1_121' title='bbox 1169 1771 1604 1839; x_wconf 77' lang='grc' dir='ltr'><strong>περικεχυμένης</strong></span> <span class='ocrx_word' id='word_1_122' title='bbox 1658 1789 1740 1824; x_wconf 89' lang='grc' dir='ltr'><strong>σοι</strong></span> 
     </span>
    </p>
   </div>
   <div class='ocr_carea' id='block_1_20' title="bbox 1832 582 3410 654">
    <p class='ocr_par' dir='ltr' id='par_1_20' title="bbox 1832 582 3410 654">
     <span class='ocr_line' id='line_1_20' title="bbox 1832 582 3410 654; baseline 0.004 -21"><span class='ocrx_word' id='word_1_123' title='bbox 1832 582 2044 637; x_wconf 82' lang='lat' dir='ltr'><strong>diccbat</strong></span> <span class='ocrx_word' id='word_1_124' title='bbox 2075 599 2133 637; x_wconf 92' lang='lat' dir='ltr'><strong>se</strong></span> <span class='ocrx_word' id='word_1_125' title='bbox 2183 584 2321 638; x_wconf 86' lang='lat' dir='ltr'><strong>velle</strong></span> <span class='ocrx_word' id='word_1_126' title='bbox 2364 600 2485 639; x_wconf 90' lang='lat' dir='ltr'><strong>esse</strong></span> <span class='ocrx_word' id='word_1_127' title='bbox 2534 586 2851 653; x_wconf 75' lang='lat' dir='ltr'><strong>participem</strong></span> <span class='ocrx_word' id='word_1_128' title='bbox 2903 587 3147 654; x_wconf 97' lang='lat' dir='ltr'><strong>ejusdem</strong></span> <span class='ocrx_word' id='word_1_129' title='bbox 3201 588 3320 641; x_wconf 91' lang='lat' dir='ltr'><strong>lidei</strong></span> <span class='ocrx_word' id='word_1_130' title='bbox 3352 593 3410 640; x_wconf 87' lang='lat' dir='ltr'><strong>et</strong></span> 
     </span>
    </p>
   </div>
   <div class='ocr_carea' id='block_1_21' title="bbox 1834 673 3409 743">
    <p class='ocr_par' dir='ltr' id='par_1_21' title="bbox 1834 673 3409 743">
     <span class='ocr_line' id='line_1_21' title="bbox 1834 673 3409 743; baseline 0.005 -18"><span class='ocrx_word' id='word_1_131' title='bbox 1834 673 2129 743; x_wconf 80' lang='lat' dir='ltr'><strong>religionis.</strong></span> <span class='ocrx_word' id='word_1_132' title='bbox 2156 685 2209 728; x_wconf 90' lang='lat' dir='ltr'><strong>et</strong></span> <span class='ocrx_word' id='word_1_133' title='bbox 2234 676 2600 730; x_wconf 76' lang='lat' dir='ltr'><strong>communiter</strong></span> <span class='ocrx_word' id='word_1_134' title='bbox 2627 691 2747 730; x_wconf 91' lang='lat' dir='ltr'><strong>cum</strong></span> <span class='ocrx_word' id='word_1_135' title='bbox 2781 677 2947 731; x_wconf 88' lang='lat' dir='ltr'><strong>fratre</strong></span> <span class='ocrx_word' id='word_1_136' title='bbox 2973 679 3186 732; x_wconf 86' lang='lat' dir='ltr'><strong>easdem</strong></span> <span class='ocrx_word' id='word_1_137' title='bbox 3220 679 3409 733; x_wconf 86' lang='lat' dir='ltr'><strong>subire</strong></span> 
     </span>
    </p>
   </div>
   <div class='ocr_carea' id='block_1_22' title="bbox 1832 766 3408 839">
    <p class='ocr_par' dir='ltr' id='par_1_22' title="bbox 1832 766 3408 839">
     <span class='ocr_line' id='line_1_22' title="bbox 1832 766 3408 839; baseline 0.004 -21"><span class='ocrx_word' id='word_1_138' title='bbox 1832 766 2234 835; x_wconf 88' lang='lat' dir='ltr'><strong>perpessiones.</strong></span> <span class='ocrx_word' id='word_1_139' title='bbox 2260 767 2383 821; x_wconf 64' lang='lat' dir='ltr'><strong>Haec</strong></span> <span class='ocrx_word' id='word_1_140' title='bbox 2410 782 2537 837; x_wconf 78' lang='lat' dir='ltr'><strong>ergo</strong></span> <span class='ocrx_word' id='word_1_141' title='bbox 2569 768 2837 823; x_wconf 90' lang='lat' dir='ltr'><strong>infelicem</strong></span> <span class='ocrx_word' id='word_1_142' title='bbox 2871 770 3088 839; x_wconf 88' lang='lat' dir='ltr'><strong>quidem</strong></span> <span class='ocrx_word' id='word_1_143' title='bbox 3123 778 3408 839; x_wconf 77' lang='lat' dir='ltr'><strong>tyrannum</strong></span> 
     </span>
    </p>
   </div>
   <div class='ocr_carea' id='block_1_23' title="bbox 1834 855 3407 930">
    <p class='ocr_par' dir='ltr' id='par_1_23' title="bbox 1834 855 3407 930">
     <span class='ocr_line' id='line_1_23' title="bbox 1834 855 3407 930; baseline 0.006 -22"><span class='ocrx_word' id='word_1_144' title='bbox 1834 855 2130 923; x_wconf 75' lang='lat' dir='ltr'><strong>implebant</strong></span> <span class='ocrx_word' id='word_1_145' title='bbox 2167 859 2508 914; x_wconf 89' lang='lat' dir='ltr'><strong>dubitatione</strong></span> <span class='ocrx_word' id='word_1_146' title='bbox 2556 878 2569 913; x_wconf 92' lang='lat'>:</span> <span class='ocrx_word' id='word_1_147' title='bbox 2625 872 2957 930; x_wconf 85' lang='lat' dir='ltr'><strong>spectatores</strong></span> <span class='ocrx_word' id='word_1_148' title='bbox 2994 875 3171 916; x_wconf 88' lang='lat' dir='ltr'><strong>autem</strong></span> <span class='ocrx_word' id='word_1_149' title='bbox 3219 878 3407 917; x_wconf 87' lang='lat' dir='ltr'><strong>eorum</strong></span> 
     </span>
    </p>
   </div>
   <div class='ocr_carea' id='block_1_24' title="bbox 1834 949 3415 1020">
    <p class='ocr_par' dir='ltr' id='par_1_24' title="bbox 1834 949 3415 1020">
     <span class='ocr_line' id='line_1_24' title="bbox 1834 949 3415 1020; baseline 0.005 -19"><span class='ocrx_word' id='word_1_150' title='bbox 1834 963 1952 1016; x_wconf 78' lang='lat' dir='ltr'><strong>quae</strong></span> <span class='ocrx_word' id='word_1_151' title='bbox 1981 949 2201 1010; x_wconf 83' lang='lat' dir='ltr'><strong>fiebant,</strong></span> <span class='ocrx_word' id='word_1_152' title='bbox 2230 952 2594 1019; x_wconf 86' lang='lat' dir='ltr'><strong>provocabant</strong></span> <span class='ocrx_word' id='word_1_153' title='bbox 2622 954 2688 1006; x_wconf 88' lang='lat' dir='ltr'><strong>ad</strong></span> <span class='ocrx_word' id='word_1_154' title='bbox 2720 954 2995 1020; x_wconf 85' lang='lat' dir='ltr'><strong>pietatem.</strong></span> <span class='ocrx_word' id='word_1_155' title='bbox 3023 952 3292 1008; x_wconf 66' lang='lat' dir='ltr'><strong>Gil-terum</strong></span> <span class='ocrx_word' id='word_1_156' title='bbox 3320 954 3415 1009; x_wconf 82' lang='lat' dir='ltr'><strong>ille</strong></span> 
     </span>
    </p>
   </div>
   <div class='ocr_carea' id='block_1_25' title="bbox 1835 1040 3414 1104">
    <p class='ocr_par' dir='ltr' id='par_1_25' title="bbox 1835 1040 3414 1104">
     <span class='ocr_line' id='line_1_25' title="bbox 1835 1040 3414 1104; baseline 0.004 -15"><span class='ocrx_word' id='word_1_157' title='bbox 1835 1040 2102 1104; x_wconf 91' lang='lat' dir='ltr'><strong>protinus,</strong></span> <span class='ocrx_word' id='word_1_158' title='bbox 2132 1056 2252 1095; x_wconf 87' lang='lat' dir='ltr'><strong>cum</strong></span> <span class='ocrx_word' id='word_1_159' title='bbox 2279 1052 2425 1094; x_wconf 86' lang='lat' dir='ltr'><strong>esset</strong></span> <span class='ocrx_word' id='word_1_160' title='bbox 2455 1043 2767 1103; x_wconf 84' lang='lat' dir='ltr'><strong>sceleratus,</strong></span> <span class='ocrx_word' id='word_1_161' title='bbox 2799 1056 2858 1095; x_wconf 80' lang='lat' dir='ltr'><strong>se</strong></span> <span class='ocrx_word' id='word_1_162' title='bbox 2880 1043 2944 1094; x_wconf 89' lang='lat' dir='ltr'><strong>ad</strong></span> <span class='ocrx_word' id='word_1_163' title='bbox 2973 1043 3263 1096; x_wconf 82' lang='lat' dir='ltr'><strong>sceleratas</strong></span> <span class='ocrx_word' id='word_1_164' title='bbox 3283 1059 3414 1099; x_wconf 85' lang='lat' dir='ltr'><strong>con-</strong></span> 
     </span>
    </p>
   </div>
   <div class='ocr_carea' id='block_1_26' title="bbox 1836 1133 3417 1203">
    <p class='ocr_par' dir='ltr' id='par_1_26' title="bbox 1836 1133 3417 1203">
     <span class='ocr_line' id='line_1_26' title="bbox 1836 1133 3417 1203; baseline 0.004 -21"><span class='ocrx_word' id='word_1_165' title='bbox 1836 1133 2001 1183; x_wconf 83' lang='lat' dir='ltr'><strong>vertit</strong></span> <span class='ocrx_word' id='word_1_166' title='bbox 2044 1133 2419 1200; x_wconf 81' lang='lat' dir='ltr'><strong>cogitationes,</strong></span> <span class='ocrx_word' id='word_1_167' title='bbox 2450 1143 2500 1186; x_wconf 87' lang='lat' dir='ltr'><strong>et</strong></span> <span class='ocrx_word' id='word_1_168' title='bbox 2536 1144 2755 1202; x_wconf 89' lang='lat' dir='ltr'><strong>propter</strong></span> <span class='ocrx_word' id='word_1_169' title='bbox 2783 1136 3126 1188; x_wconf 79' lang='lat' dir='ltr'><strong>affectionem</strong></span> <span class='ocrx_word' id='word_1_170' title='bbox 3165 1136 3417 1203; x_wconf 88' lang='lat' dir='ltr'><strong>corporis</strong></span> 
     </span>
    </p>
   </div>
   <div class='ocr_carea' id='block_1_27' title="bbox 1838 1222 3416 1291">
    <p class='ocr_par' dir='ltr' id='par_1_27' title="bbox 1838 1222 3416 1291">
     <span class='ocr_line' id='line_1_27' title="bbox 1838 1222 3416 1291; baseline 0.003 -20"><span class='ocrx_word' id='word_1_171' title='bbox 1838 1222 2272 1286; x_wconf 77' lang='lat' dir='ltr'><strong>consuetudinis,</strong></span> <span class='ocrx_word' id='word_1_172' title='bbox 2310 1238 2417 1275; x_wconf 90' lang='lat' dir='ltr'><strong>non</strong></span> <span class='ocrx_word' id='word_1_173' title='bbox 2466 1233 2643 1275; x_wconf 90' lang='lat' dir='ltr'><strong>autem</strong></span> <span class='ocrx_word' id='word_1_174' title='bbox 2693 1234 2917 1291; x_wconf 84' lang='lat' dir='ltr'><strong>propter</strong></span> <span class='ocrx_word' id='word_1_175' title='bbox 2961 1225 3236 1291; x_wconf 70' lang='lat' dir='ltr'><strong>sanguinis</strong></span> <span class='ocrx_word' id='word_1_176' title='bbox 3283 1239 3416 1277; x_wconf 89' lang='lat' dir='ltr'><strong>con-</strong></span> 
     </span>
    </p>
   </div>
   <div class='ocr_carea' id='block_1_28' title="bbox 1835 1312 3413 1383">
    <p class='ocr_par' dir='ltr' id='par_1_28' title="bbox 1835 1312 3413 1383">
     <span class='ocr_line' id='line_1_28' title="bbox 1835 1312 3413 1383; baseline 0.004 -20"><span class='ocrx_word' id='word_1_177' title='bbox 1835 1312 2193 1380; x_wconf 76' lang='lat' dir='ltr'><strong>iunctionem,</strong></span> <span class='ocrx_word' id='word_1_178' title='bbox 2212 1314 2523 1383; x_wconf 80' lang='lat' dir='ltr'><strong>Christique</strong></span> <span class='ocrx_word' id='word_1_179' title='bbox 2552 1316 2901 1378; x_wconf 74' lang='lat' dir='ltr'><strong>desiderium,</strong></span> <span class='ocrx_word' id='word_1_180' title='bbox 2928 1319 3264 1370; x_wconf 72' lang='lat' dir='ltr'><strong>existimabat</strong></span> <span class='ocrx_word' id='word_1_181' title='bbox 3291 1332 3413 1369; x_wconf 89' lang='lat' dir='ltr'><strong>eam</strong></span> 
     </span>
    </p>
   </div>
   <div class='ocr_carea' id='block_1_29' title="bbox 1839 1403 3413 1475">
    <p class='ocr_par' dir='ltr' id='par_1_29' title="bbox 1839 1403 3413 1475">
     <span class='ocr_line' id='line_1_29' title="bbox 1839 1403 3413 1475; baseline 0.004 -20"><span class='ocrx_word' id='word_1_182' title='bbox 1839 1403 2115 1457; x_wconf 77' lang='lat' dir='ltr'><strong>adhaerere</strong></span> <span class='ocrx_word' id='word_1_183' title='bbox 2145 1406 2383 1475; x_wconf 80' lang='lat' dir='ltr'><strong>martyri.</strong></span> <span class='ocrx_word' id='word_1_184' title='bbox 2414 1404 2586 1459; x_wconf 82' lang='lat' dir='ltr'><strong>Torve</strong></span> <span class='ocrx_word' id='word_1_185' title='bbox 2612 1406 2789 1475; x_wconf 86' lang='lat' dir='ltr'><strong>itaque</strong></span> <span class='ocrx_word' id='word_1_186' title='bbox 2816 1419 2868 1461; x_wconf 90' lang='lat' dir='ltr'><strong>et</strong></span> <span class='ocrx_word' id='word_1_187' title='bbox 2903 1408 3155 1461; x_wconf 81' lang='lat' dir='ltr'><strong>ferociter</strong></span> <span class='ocrx_word' id='word_1_188' title='bbox 3178 1423 3297 1461; x_wconf 86' lang='lat' dir='ltr'><strong>eam</strong></span> <span class='ocrx_word' id='word_1_189' title='bbox 3330 1411 3413 1461; x_wconf 80' lang='lat' dir='ltr'><strong>in-</strong></span> 
     </span>
    </p>
   </div>
   <div class='ocr_carea' id='block_1_30' title="bbox 1843 1496 3413 1563">
    <p class='ocr_par' dir='ltr' id='par_1_30' title="bbox 1843 1496 3413 1563">
     <span class='ocr_line' id='line_1_30' title="bbox 1843 1496 3413 1563; baseline 0.003 -15"><span class='ocrx_word' id='word_1_190' title='bbox 1843 1505 1998 1549; x_wconf 87' lang='lat' dir='ltr'><strong>tuens</strong></span> <span class='ocrx_word' id='word_1_191' title='bbox 2030 1515 2042 1549; x_wconf 92' lang='lat'><strong>:</strong></span> <span class='ocrx_word' id='word_1_192' title='bbox 2075 1496 2215 1560; x_wconf 79' lang='lat' dir='ltr'><strong>Quid</strong></span> <span class='ocrx_word' id='word_1_193' title='bbox 2256 1496 2379 1556; x_wconf 84' lang='lat' dir='ltr'><strong>sibi.</strong></span> <span class='ocrx_word' id='word_1_194' title='bbox 2413 1497 2606 1563; x_wconf 89' lang='lat' dir='ltr'><strong>inquit,</strong></span> <span class='ocrx_word' id='word_1_195' title='bbox 2651 1512 2684 1550; x_wconf 90' lang='grc' dir='ltr'><strong>ο</strong></span> <span class='ocrx_word' id='word_1_196' title='bbox 2722 1500 2930 1561; x_wconf 88' lang='lat' dir='ltr'><strong>mulier,</strong></span> <span class='ocrx_word' id='word_1_197' title='bbox 2961 1500 3070 1551; x_wconf 90' lang='lat' dir='ltr'><strong>vult</strong></span> <span class='ocrx_word' id='word_1_198' title='bbox 3127 1502 3226 1552; x_wconf 88' lang='lat' dir='ltr'><strong>hoc</strong></span> <span class='ocrx_word' id='word_1_199' title='bbox 3262 1510 3413 1552; x_wconf 91' lang='lat' dir='ltr'><strong>tuum</strong></span> 
     </span>
    </p>
   </div>
   <div class='ocr_carea' id='block_1_31' title="bbox 1842 1591 3416 1657">
    <p class='ocr_par' dir='ltr' id='par_1_31' title="bbox 1842 1591 3416 1657">
     <span class='ocr_line' id='line_1_31' title="bbox 1842 1591 3416 1657; baseline 0.004 -18"><span class='ocrx_word' id='word_1_200' title='bbox 1842 1598 2235 1646; x_wconf 83' lang='lat' dir='ltr'><strong>commentum,</strong></span> <span class='ocrx_word' id='word_1_201' title='bbox 2262 1599 2316 1642; x_wconf 89' lang='lat' dir='ltr'><strong>et</strong></span> <span class='ocrx_word' id='word_1_202' title='bbox 2344 1592 2613 1657; x_wconf 91' lang='lat' dir='ltr'><strong>quomodo</strong></span> <span class='ocrx_word' id='word_1_203' title='bbox 2646 1600 2862 1657; x_wconf 70' lang='lat' dir='ltr'><strong>proliter</strong></span> <span class='ocrx_word' id='word_1_204' title='bbox 2894 1594 3154 1643; x_wconf 76' lang='lat' dir='ltr'><strong>insaniam</strong></span> <span class='ocrx_word' id='word_1_205' title='bbox 3187 1591 3239 1643; x_wconf 91' lang='lat' dir='ltr'><strong>in</strong></span> <span class='ocrx_word' id='word_1_206' title='bbox 3270 1591 3416 1645; x_wconf 81' lang='lat' dir='ltr'><strong>hunc</strong></span> 
     </span>
    </p>
   </div>
   <div class='ocr_carea' id='block_1_32' title="bbox 1841 1672 3414 1751">
    <p class='ocr_par' dir='ltr' id='par_1_32' title="bbox 1841 1672 3414 1751">
     <span class='ocr_line' id='line_1_32' title="bbox 1841 1672 3414 1751; baseline 0.004 -21"><span class='ocrx_word' id='word_1_207' title='bbox 1841 1672 2241 1732; x_wconf 72' lang='lat' dir='ltr'><strong>adolescentem</strong></span> <span class='ocrx_word' id='word_1_208' title='bbox 2299 1682 2517 1734; x_wconf 88' lang='lat' dir='ltr'><strong>mutasti</strong></span> <span class='ocrx_word' id='word_1_209' title='bbox 2580 1682 2935 1751; x_wconf 74' lang='lat' dir='ltr'><strong>religionem?</strong></span> <span class='ocrx_word' id='word_1_210' title='bbox 3002 1682 3103 1733; x_wconf 84' lang='lat' dir='ltr'><strong>Sed</strong></span> <span class='ocrx_word' id='word_1_211' title='bbox 3154 1683 3414 1751; x_wconf 86' lang='lat' dir='ltr'><strong>resipisce</strong></span> 
     </span>
    </p>
   </div>
   <div class='ocr_carea' id='block_1_33' title="bbox 1844 1770 3415 1842">
    <p class='ocr_par' dir='ltr' id='par_1_33' title="bbox 1844 1770 3415 1842">
     <span class='ocr_line' id='line_1_33' title="bbox 1844 1770 3415 1842; baseline 0.003 -20"><span class='ocrx_word' id='word_1_212' title='bbox 1844 1771 1911 1823; x_wconf 88' lang='lat' dir='ltr'><strong>ab</strong></span> <span class='ocrx_word' id='word_1_213' title='bbox 1942 1771 2040 1823; x_wconf 87' lang='lat' dir='ltr'><strong>hac</strong></span> <span class='ocrx_word' id='word_1_214' title='bbox 2069 1770 2398 1824; x_wconf 87' lang='lat' dir='ltr'><strong>circumfusa</strong></span> <span class='ocrx_word' id='word_1_215' title='bbox 2436 1773 2665 1839; x_wconf 69' lang='lat' dir='ltr'><strong>caligine</strong></span> <span class='ocrx_word' id='word_1_216' title='bbox 2702 1784 2805 1826; x_wconf 76' lang='lat' dir='ltr'><strong>tua:</strong></span> <span class='ocrx_word' id='word_1_217' title='bbox 2827 1774 3150 1838; x_wconf 65' lang='lat' dir='ltr'><strong>aﬂrctionis,</strong></span> <span class='ocrx_word' id='word_1_218' title='bbox 3184 1784 3238 1828; x_wconf 86' lang='lat' dir='ltr'><strong>et</strong></span> <span class='ocrx_word' id='word_1_219' title='bbox 3266 1775 3415 1842; x_wconf 81' lang='lat' dir='ltr'><strong>placa</strong></span> 
     </span>
    </p>
   </div>
   <div class='ocr_carea' id='block_1_34' title="bbox 163 1845 1747 1933">
    <p class='ocr_par' dir='ltr' id='par_1_34' title="bbox 163 1859 1743 1930">
     <span class='ocr_line' id='line_1_34' title="bbox 163 1859 1743 1930; baseline 0.002 -19"><span class='ocrx_word' id='word_1_220' title='bbox 163 1860 374 1929; x_wconf 78' lang='grc' dir='ltr'><strong>ταύτης</strong></span> <span class='ocrx_word' id='word_1_221' title='bbox 401 1861 495 1914; x_wconf 73' lang='grc' dir='ltr'><strong>τοῦ</strong></span> <span class='ocrx_word' id='word_1_222' title='bbox 530 1860 735 1921; x_wconf 80' lang='grc' dir='ltr'><strong>πάθους</strong></span> <span class='ocrx_word' id='word_1_223' title='bbox 769 1861 986 1928; x_wconf 79' lang='grc' dir='ltr'><strong>ἀχλύος,</strong></span> <span class='ocrx_word' id='word_1_224' title='bbox 1017 1861 1111 1912; x_wconf 81' lang='grc' dir='ltr'><strong>καὶ</strong></span> <span class='ocrx_word' id='word_1_225' title='bbox 1137 1860 1196 1912; x_wconf 83' lang='grc' dir='ltr'><strong>τὸ</strong></span> <span class='ocrx_word' id='word_1_226' title='bbox 1230 1859 1613 1930; x_wconf 83' lang='grc' dir='ltr'><strong>φιλάνθρωπον</strong></span> <span class='ocrx_word' id='word_1_227' title='bbox 1632 1862 1743 1914; x_wconf 87' lang='grc' dir='ltr'><strong>τῶν</strong></span> 
     </span>
    </p>
   </div>
   <div class='ocr_carea' id='block_1_35' title="bbox 1852 1845 3417 1933">
    <p class='ocr_par' dir='ltr' id='par_1_35' title="bbox 1852 1861 3417 1933">
     <span class='ocr_line' id='line_1_35' title="bbox 1852 1861 3417 1933; baseline 0.004 -22"><span class='ocrx_word' id='word_1_228' title='bbox 1852 1862 2167 1915; x_wconf 81' lang='lat' dir='ltr'><strong>invictorum</strong></span> <span class='ocrx_word' id='word_1_229' title='bbox 2205 1861 2429 1915; x_wconf 87' lang='lat' dir='ltr'><strong>deorum</strong></span> <span class='ocrx_word' id='word_1_230' title='bbox 2463 1863 2829 1918; x_wconf 86' lang='lat' dir='ltr'><strong>clementiam.</strong></span> <span class='ocrx_word' id='word_1_231' title='bbox 2863 1866 2966 1929; x_wconf 84' lang='lat' dir='ltr'><strong>Qui</strong></span> <span class='ocrx_word' id='word_1_232' title='bbox 3001 1867 3057 1919; x_wconf 83' lang='lat' dir='ltr'><strong>fit</strong></span> <span class='ocrx_word' id='word_1_233' title='bbox 3087 1867 3250 1923; x_wconf 67' lang='lat' dir='ltr'><strong>enim,</strong></span> <span class='ocrx_word' id='word_1_234' title='bbox 3274 1866 3417 1933; x_wconf 86' lang='lat' dir='ltr'><strong>quod</strong></span> 
     </span>
    </p>
   </div>
   <div class='ocr_carea' id='block_1_36' title="bbox 166 1950 1745 2023">
    <p class='ocr_par' dir='ltr' id='par_1_36' title="bbox 166 1950 1745 2023">
     <span class='ocr_line' id='line_1_36' title="bbox 166 1950 1745 2023; baseline -0.001 -17"><span class='ocrx_word' id='word_1_235' title='bbox 166 1956 463 2023; x_wconf 75' lang='grc' dir='ltr'><strong>ἀηττήτων</strong></span> <span class='ocrx_word' id='word_1_236' title='bbox 498 1952 640 2004; x_wconf 83' lang='grc' dir='ltr'><strong>θεῶν</strong></span> <span class='ocrx_word' id='word_1_237' title='bbox 674 1950 986 2016; x_wconf 79' lang='grc' dir='ltr'><strong>ὲξιλέωσαι.</strong></span> <span class='ocrx_word' id='word_1_238' title='bbox 1028 1952 1093 2003; x_wconf 84' lang='grc' dir='ltr'><strong>Τί</strong></span> <span class='ocrx_word' id='word_1_239' title='bbox 1132 1953 1244 2022; x_wconf 79' lang='grc' dir='ltr'><strong>γάρ</strong></span> <span class='ocrx_word' id='word_1_240' title='bbox 1268 1952 1329 2003; x_wconf 73' lang='grc' dir='ltr'><strong>τδ</strong></span> <span class='ocrx_word' id='word_1_241' title='bbox 1356 1952 1529 2015; x_wconf 71' lang='grc' dir='ltr'><strong>οὕτως</strong></span> <span class='ocrx_word' id='word_1_242' title='bbox 1558 1970 1615 2005; x_wconf 84' lang='grc' dir='ltr'><strong>σε</strong></span> <span class='ocrx_word' id='word_1_243' title='bbox 1650 1972 1745 2019; x_wconf 82' lang='grc' dir='ltr'><strong>με·</strong></span> 
     </span>
    </p>
   </div>
   <div class='ocr_carea' id='block_1_37' title="bbox 164 2042 1740 2114">
    <p class='ocr_par' dir='ltr' id='par_1_37' title="bbox 164 2042 1740 2114">
     <span class='ocr_line' id='line_1_37' title="bbox 164 2042 1740 2114; baseline -0.001 -16"><span class='ocrx_word' id='word_1_244' title='bbox 164 2050 443 2099; x_wconf 80' lang='grc' dir='ltr'><strong>ταπείσαν</strong></span> <span class='ocrx_word' id='word_1_245' title='bbox 472 2044 707 2114; x_wconf 87' lang='grc' dir='ltr'><strong>ἀθρόως,</strong></span> <span class='ocrx_word' id='word_1_246' title='bbox 750 2042 891 2096; x_wconf 80' lang='grc' dir='ltr'><strong>ὥστε</strong></span> <span class='ocrx_word' id='word_1_247' title='bbox 921 2043 1015 2096; x_wconf 80' lang='grc' dir='ltr'><strong>τοῦ</strong></span> <span class='ocrx_word' id='word_1_248' title='bbox 1051 2044 1273 2113; x_wconf 73' lang='grc' dir='ltr'><strong>ἡδίστου</strong></span> <span class='ocrx_word' id='word_1_249' title='bbox 1311 2044 1502 2097; x_wconf 86' lang='grc' dir='ltr'><strong>τούτου</strong></span> <span class='ocrx_word' id='word_1_250' title='bbox 1544 2047 1740 2112; x_wconf 69' lang='grc' dir='ltr'><strong>φωτὸς,</strong></span> 
     </span>
    </p>
   </div>
   <div class='ocr_carea' id='block_1_38' title="bbox 168 2137 1745 2207">
    <p class='ocr_par' dir='ltr' id='par_1_38' title="bbox 168 2137 1745 2207">
     <span class='ocr_line' id='line_1_38' title="bbox 168 2137 1745 2207; baseline -0.001 -16"><span class='ocrx_word' id='word_1_251' title='bbox 168 2140 265 2191; x_wconf 77' lang='grc' dir='ltr'><strong>καὶ</strong></span> <span class='ocrx_word' id='word_1_252' title='bbox 297 2137 409 2190; x_wconf 87' lang='grc' dir='ltr'><strong>τῶν</strong></span> <span class='ocrx_word' id='word_1_253' title='bbox 428 2140 485 2190; x_wconf 71' lang='grc' dir='ltr'><strong>ιν</strong></span> <span class='ocrx_word' id='word_1_254' title='bbox 508 2138 612 2207; x_wconf 83' lang='grc' dir='ltr'><strong>βίῳ</strong></span> <span class='ocrx_word' id='word_1_255' title='bbox 640 2137 892 2207; x_wconf 82' lang='grc' dir='ltr'><strong>τερπνῶν</strong></span> <span class='ocrx_word' id='word_1_256' title='bbox 926 2138 1253 2204; x_wconf 74' lang='grc' dir='ltr'><strong>ἀποστῆναι,</strong></span> <span class='ocrx_word' id='word_1_257' title='bbox 1288 2138 1446 2204; x_wconf 86' lang='grc' dir='ltr'><strong>γόητι</strong></span> <span class='ocrx_word' id='word_1_258' title='bbox 1475 2139 1529 2189; x_wconf 77' lang='grc' dir='ltr'><strong>δὲ</strong></span> <span class='ocrx_word' id='word_1_259' title='bbox 1559 2138 1745 2205; x_wconf 69' lang='grc' dir='ltr'><strong>νεανία</strong></span> 
     </span>
    </p>
   </div>
   <div class='ocr_carea' id='block_1_39' title="bbox 168 2230 1745 2299">
    <p class='ocr_par' dir='ltr' id='par_1_39' title="bbox 168 2230 1745 2299">
     <span class='ocr_line' id='line_1_39' title="bbox 168 2230 1745 2299; baseline -0.002 -15"><span class='ocrx_word' id='word_1_260' title='bbox 168 2231 672 2299; x_wconf 66' lang='grc' dir='ltr'><strong>προσκολληθῆναι,</strong></span> <span class='ocrx_word' id='word_1_261' title='bbox 710 2232 806 2282; x_wconf 76' lang='grc' dir='ltr'><strong>καὶ</strong></span> <span class='ocrx_word' id='word_1_262' title='bbox 829 2232 1040 2285; x_wconf 78' lang='grc' dir='ltr'><strong>ἀναιδεῖ</strong></span> <span class='ocrx_word' id='word_1_263' title='bbox 1071 2230 1347 2298; x_wconf 73' lang='grc' dir='ltr'><strong>προσώπῳ</strong></span> <span class='ocrx_word' id='word_1_264' title='bbox 1377 2231 1453 2299; x_wconf 78' lang='grc' dir='ltr'><strong>τῷ</strong></span> <span class='ocrx_word' id='word_1_265' title='bbox 1489 2232 1745 2299; x_wconf 71' lang='grc' dir='ltr'><strong>ἡμετέρῳ</strong></span> 
     </span>
    </p>
   </div>
   <div class='ocr_carea' id='block_1_40' title="bbox 170 2318 1743 2390">
    <p class='ocr_par' dir='ltr' id='par_1_40' title="bbox 170 2318 1743 2390">
     <span class='ocr_line' id='line_1_40' title="bbox 170 2318 1743 2390; baseline 0.001 -19"><span class='ocrx_word' id='word_1_266' title='bbox 170 2318 385 2388; x_wconf 79' lang='grc' dir='ltr'><strong>βήματι</strong></span> <span class='ocrx_word' id='word_1_267' title='bbox 422 2321 811 2388; x_wconf 81' lang='grc' dir='ltr'><strong>παραστῆναι,</strong></span> <span class='ocrx_word' id='word_1_268' title='bbox 852 2319 921 2370; x_wconf 74' lang='grc' dir='ltr'><strong>τά</strong></span> <span class='ocrx_word' id='word_1_269' title='bbox 962 2318 1241 2385; x_wconf 78' lang='grc' dir='ltr'><strong>συγγενῶν</strong></span> <span class='ocrx_word' id='word_1_270' title='bbox 1279 2321 1743 2390; x_wconf 71' lang='grc' dir='ltr'><strong>ύποκρινομένην,</strong></span> 
     </span>
    </p>
   </div>
   <div class='ocr_carea' id='block_1_41' title="bbox 172 2410 1749 2480">
    <p class='ocr_par' dir='ltr' id='par_1_41' title="bbox 172 2410 1749 2480">
     <span class='ocr_line' id='line_1_41' title="bbox 172 2410 1749 2480; baseline 0.002 -18"><span class='ocrx_word' id='word_1_271' title='bbox 172 2412 269 2463; x_wconf 80' lang='grc' dir='ltr'><strong>καὶ</strong></span> <span class='ocrx_word' id='word_1_272' title='bbox 298 2413 434 2474; x_wconf 67' lang='grc' dir='ltr'><strong>πρὸς</strong></span> <span class='ocrx_word' id='word_1_273' title='bbox 465 2410 765 2479; x_wconf 80' lang='grc' dir='ltr'><strong>ἀδελφικὴν</strong></span> <span class='ocrx_word' id='word_1_274' title='bbox 805 2410 1037 2475; x_wconf 73' lang='grc' dir='ltr'><strong>ἑνότητα</strong></span> <span class='ocrx_word' id='word_1_275' title='bbox 1073 2411 1174 2480; x_wconf 79' lang='grc' dir='ltr'><strong>τὴν</strong></span> <span class='ocrx_word' id='word_1_276' title='bbox 1227 2412 1415 2479; x_wconf 79' lang='grc' dir='ltr'><strong>σχέσιν</strong></span> <span class='ocrx_word' id='word_1_277' title='bbox 1449 2412 1749 2480; x_wconf 82' lang='grc' dir='ltr'><strong>μετατιθεῖ·</strong></span> 
     </span>
    </p>
   </div>
   <div class='ocr_carea' id='block_1_42' title="bbox 175 2500 1744 2574">
    <p class='ocr_par' dir='ltr' id='par_1_42' title="bbox 175 2500 1744 2574">
     <span class='ocr_line' id='line_1_42' title="bbox 175 2500 1744 2574; baseline 0.022 -47"><span class='ocrx_word' id='word_1_278' title='bbox 175 2517 275 2556; x_wconf 60' lang='grc' dir='ltr'><strong>ων</strong></span> <span class='ocrx_word' id='word_1_279' title='bbox 301 2519 315 2531; x_wconf 94' lang='grc'><em>.</em></span> <span class='ocrx_word' id='word_1_280' title='bbox 354 2500 497 2567; x_wconf 64' lang='grc' dir='ltr'><strong>πλὴν</strong></span> <span class='ocrx_word' id='word_1_281' title='bbox 528 2500 645 2553; x_wconf 74' lang='grc' dir='ltr'><strong>ἀλλ’</strong></span> <span class='ocrx_word' id='word_1_282' title='bbox 671 2502 731 2552; x_wconf 66' lang='grc' dir='ltr'>οὺ</span> <span class='ocrx_word' id='word_1_283' title='bbox 758 2500 1158 2570; x_wconf 73' lang='grc' dir='ltr'><strong>τοῦ’ήμετέρου</strong></span> <span class='ocrx_word' id='word_1_284' title='bbox 1204 2504 1600 2569; x_wconf 83' lang='grc' dir='ltr'><strong>καταγελάσεις</strong></span> <span class='ocrx_word' id='word_1_285' title='bbox 1647 2505 1744 2574; x_wconf 78' lang='grc' dir='ltr'><strong>βή-</strong></span> 
     </span>
    </p>
   </div>
   <div class='ocr_carea' id='block_1_43' title="bbox 178 2592 1749 2665">
    <p class='ocr_par' dir='ltr' id='par_1_43' title="bbox 178 2592 1749 2665">
     <span class='ocr_line' id='line_1_43' title="bbox 178 2592 1749 2665; baseline 0 -18"><span class='ocrx_word' id='word_1_286' title='bbox 178 2610 369 2664; x_wconf 85' lang='grc' dir='ltr'><strong>ματος,</strong></span> <span class='ocrx_word' id='word_1_287' title='bbox 406 2592 528 2646; x_wconf 77' lang='grc' dir='ltr'><strong>οὐδὲ</strong></span> <span class='ocrx_word' id='word_1_288' title='bbox 553 2592 662 2644; x_wconf 88' lang='grc' dir='ltr'><strong>τῶν</strong></span> <span class='ocrx_word' id='word_1_289' title='bbox 695 2593 1120 2661; x_wconf 71' lang='grc' dir='ltr'><strong>αὐτοκρατόρων</strong></span> <span class='ocrx_word' id='word_1_290' title='bbox 1153 2596 1535 2665; x_wconf 77' lang='grc' dir='ltr'><strong>καταμωκήσῃ</strong></span> <span class='ocrx_word' id='word_1_291' title='bbox 1559 2636 1572 2659; x_wconf 91' lang='grc'><strong>,</strong></span> <span class='ocrx_word' id='word_1_292' title='bbox 1609 2613 1749 2665; x_wconf 81' lang='grc' dir='ltr'><strong>μαρ-</strong></span> 
     </span>
    </p>
   </div>
   <div class='ocr_carea' id='block_1_44' title="bbox 175 2683 1748 2755">
    <p class='ocr_par' dir='ltr' id='par_1_44' title="bbox 175 2683 1748 2755">
     <span class='ocr_line' id='line_1_44' title="bbox 175 2683 1748 2755; baseline 0 -18"><span class='ocrx_word' id='word_1_293' title='bbox 175 2684 417 2755; x_wconf 86' lang='grc' dir='ltr'><strong>τύρομαι</strong></span> <span class='ocrx_word' id='word_1_294' title='bbox 451 2684 605 2745; x_wconf 68' lang='grc' dir='ltr'><strong>θεοὺς</strong></span> <span class='ocrx_word' id='word_1_295' title='bbox 634 2683 902 2747; x_wconf 79' lang='grc' dir='ltr'><strong>ἅπαντας,</strong></span> <span class='ocrx_word' id='word_1_296' title='bbox 945 2685 1043 2737; x_wconf 69' lang='grc' dir='ltr'><strong>καὶ</strong></span> <span class='ocrx_word' id='word_1_297' title='bbox 1083 2686 1142 2737; x_wconf 81' lang='grc' dir='ltr'><strong>τὸ</strong></span> <span class='ocrx_word' id='word_1_298' title='bbox 1180 2684 1271 2736; x_wconf 77' lang='grc' dir='ltr'><strong>τοῦ</strong></span> <span class='ocrx_word' id='word_1_299' title='bbox 1308 2686 1552 2753; x_wconf 76' lang='grc' dir='ltr'><strong>βήματος</strong></span> <span class='ocrx_word' id='word_1_300' title='bbox 1590 2688 1748 2755; x_wconf 80' lang='grc' dir='ltr'><strong>ἡμῶν</strong></span> 
     </span>
    </p>
   </div>
   <div class='ocr_carea' id='block_1_45' title="bbox 177 2774 1751 2845">
    <p class='ocr_par' dir='ltr' id='par_1_45' title="bbox 177 2774 1751 2845">
     <span class='ocr_line' id='line_1_45' title="bbox 177 2774 1751 2845; baseline 0.004 -19"><span class='ocrx_word' id='word_1_301' title='bbox 177 2775 407 2843; x_wconf 75' lang='grc' dir='ltr'><strong>εὐμενὲς</strong></span> <span class='ocrx_word' id='word_1_302' title='bbox 448 2778 542 2829; x_wconf 75' lang='grc' dir='ltr'><strong>καὶ</strong></span> <span class='ocrx_word' id='word_1_303' title='bbox 578 2774 967 2845; x_wconf 73' lang='grc' dir='ltr'><strong>φιλάνθρωπον</strong></span> <span class='ocrx_word' id='word_1_304' title='bbox 992 2815 1006 2839; x_wconf 91' lang='grc'><strong>,</strong></span> <span class='ocrx_word' id='word_1_305' title='bbox 1044 2776 1118 2838; x_wconf 85' lang='grc' dir='ltr'><strong>ὠς</strong></span> <span class='ocrx_word' id='word_1_306' title='bbox 1147 2777 1301 2828; x_wconf 81' lang='grc' dir='ltr'><strong>οὐδέν</strong></span> <span class='ocrx_word' id='word_1_307' title='bbox 1326 2788 1381 2828; x_wconf 80' lang='grc' dir='ltr'><strong>τι</strong></span> <span class='ocrx_word' id='word_1_308' title='bbox 1417 2777 1581 2830; x_wconf 73' lang='grc' dir='ltr'><strong>πλέον</strong></span> <span class='ocrx_word' id='word_1_309' title='bbox 1608 2780 1751 2845; x_wconf 75' lang='grc' dir='ltr'><strong>ἕξεις</strong></span> 
     </span>
    </p>
   </div>
   <div class='ocr_carea' id='block_1_46' title="bbox 174 2865 1635 2938">
    <p class='ocr_par' dir='ltr' id='par_1_46' title="bbox 174 2865 1635 2938">
     <span class='ocr_line' id='line_1_46' title="bbox 174 2865 1635 2938; baseline 0.004 -21"><span class='ocrx_word' id='word_1_310' title='bbox 174 2865 525 2935; x_wconf 78' lang='grc' dir='ltr'><strong>Εύλαμπίου,</strong></span> <span class='ocrx_word' id='word_1_311' title='bbox 558 2867 591 2934; x_wconf 79' lang='grc' dir='ltr'><strong>ἢ</strong></span> <span class='ocrx_word' id='word_1_312' title='bbox 623 2867 683 2917; x_wconf 75' lang='grc' dir='ltr'><strong>τὸ</strong></span> <span class='ocrx_word' id='word_1_313' title='bbox 711 2867 921 2935; x_wconf 78' lang='grc' dir='ltr'><strong>χείροσι</strong></span> <span class='ocrx_word' id='word_1_314' title='bbox 955 2866 1209 2935; x_wconf 73' lang='grc' dir='ltr'><strong>βασάνοις</strong></span> <span class='ocrx_word' id='word_1_315' title='bbox 1241 2868 1635 2938; x_wconf 82' lang='grc' dir='ltr'><strong>ὑποϐληθῆναι.</strong></span> 
     </span>
    </p>
   </div>
   <div class='ocr_carea' id='block_1_47' title="bbox 251 2960 1750 3032">
    <p class='ocr_par' dir='ltr' id='par_1_47' title="bbox 251 2960 1750 3032">
     <span class='ocr_line' id='line_1_47' title="bbox 251 2960 1750 3032; baseline -0.001 -16"><span class='ocrx_word' id='word_1_316' title='bbox 251 2961 335 3016; x_wconf 77' lang='grc' dir='ltr'><strong>ιιι.</strong></span> <span class='ocrx_word' id='word_1_317' title='bbox 374 2961 515 3031; x_wconf 71' lang='grc' dir='ltr'><strong>Πρὸς</strong></span> <span class='ocrx_word' id='word_1_318' title='bbox 548 2960 691 3029; x_wconf 82' lang='grc' dir='ltr'><strong>ᾶπερ</strong></span> <span class='ocrx_word' id='word_1_319' title='bbox 720 2962 752 3028; x_wconf 77' lang='grc' dir='ltr'>ἡ</span> <span class='ocrx_word' id='word_1_320' title='bbox 783 2962 989 3029; x_wconf 83' lang='grc' dir='ltr'><strong>μάρτυς</strong></span> <span class='ocrx_word' id='word_1_321' title='bbox 1016 2962 1323 3029; x_wconf 75' lang='grc' dir='ltr'><strong>ἀρρενωπῷ</strong></span> <span class='ocrx_word' id='word_1_322' title='bbox 1366 2961 1443 3030; x_wconf 81' lang='grc' dir='ltr'><strong>τῷ</strong></span> <span class='ocrx_word' id='word_1_323' title='bbox 1466 2966 1750 3032; x_wconf 80' lang='grc' dir='ltr'><strong>φρονήμαο</strong></span> 
     </span>
    </p>
   </div>
   <div class='ocr_carea' id='block_1_48' title="bbox 174 3053 1749 3124">
    <p class='ocr_par' dir='ltr' id='par_1_48' title="bbox 174 3053 1749 3124">
     <span class='ocr_line' id='line_1_48' title="bbox 174 3053 1749 3124; baseline -0.001 -13"><span class='ocrx_word' id='word_1_324' title='bbox 174 3075 252 3120; x_wconf 84' lang='grc' dir='ltr'><strong>τι,</strong></span> <span class='ocrx_word' id='word_1_325' title='bbox 285 3055 542 3124; x_wconf 69' lang='grc' dir='ltr'><strong>εὔστοχον</strong></span> <span class='ocrx_word' id='word_1_326' title='bbox 572 3055 825 3116; x_wconf 70' lang='grc' dir='ltr'><strong>ἐποιεῖτο,</strong></span> <span class='ocrx_word' id='word_1_327' title='bbox 863 3055 957 3105; x_wconf 79' lang='grc' dir='ltr'><strong>καὶ</strong></span> <span class='ocrx_word' id='word_1_328' title='bbox 990 3053 1087 3121; x_wconf 80' lang='grc' dir='ltr'><strong>τὴν</strong></span> <span class='ocrx_word' id='word_1_329' title='bbox 1108 3053 1422 3123; x_wconf 75' lang='grc' dir='ltr'><strong>ἀπόκρισινο</strong></span> <span class='ocrx_word' id='word_1_330' title='bbox 1465 3056 1749 3121; x_wconf 70' lang='grc' dir='ltr'><strong>Ἄκουσον,</strong></span> 
     </span>
    </p>
   </div>
   <div class='ocr_carea' id='block_1_49' title="bbox 1846 1954 3417 2019">
    <p class='ocr_par' dir='ltr' id='par_1_49' title="bbox 1846 1954 3417 2019">
     <span class='ocr_line' id='line_1_49' title="bbox 1846 1954 3417 2019; baseline 0.003 -16"><span class='ocrx_word' id='word_1_331' title='bbox 1846 1960 1898 2004; x_wconf 93' lang='lat' dir='ltr'><strong>tu</strong></span> <span class='ocrx_word' id='word_1_332' title='bbox 1925 1963 2028 2004; x_wconf 90' lang='lat' dir='ltr'><strong>tam</strong></span> <span class='ocrx_word' id='word_1_333' title='bbox 2062 1963 2285 2019; x_wconf 86' lang='lat' dir='ltr'><strong>repente</strong></span> <span class='ocrx_word' id='word_1_334' title='bbox 2330 1954 2407 2008; x_wconf 82' lang='lat' dir='ltr'><strong>sis</strong></span> <span class='ocrx_word' id='word_1_335' title='bbox 2465 1966 2691 2015; x_wconf 88' lang='lat' dir='ltr'><strong>mutata,</strong></span> <span class='ocrx_word' id='word_1_336' title='bbox 2730 1966 2783 2007; x_wconf 92' lang='lat' dir='ltr'><strong>ut</strong></span> <span class='ocrx_word' id='word_1_337' title='bbox 2817 1964 2881 2007; x_wconf 84' lang='lat' dir='ltr'><strong>ab</strong></span> <span class='ocrx_word' id='word_1_338' title='bbox 2919 1957 3017 2010; x_wconf 89' lang='lat' dir='ltr'><strong>hac</strong></span> <span class='ocrx_word' id='word_1_339' title='bbox 3054 1957 3174 2009; x_wconf 87' lang='lat' dir='ltr'><strong>luce</strong></span> <span class='ocrx_word' id='word_1_340' title='bbox 3206 1954 3417 2009; x_wconf 85' lang='lat' dir='ltr'><strong>suavis-</strong></span> 
     </span>
    </p>
   </div>
   <div class='ocr_carea' id='block_1_50' title="bbox 1844 2042 3417 2115">
    <p class='ocr_par' dir='ltr' id='par_1_50' title="bbox 1844 2042 3417 2115">
     <span class='ocr_line' id='line_1_50' title="bbox 1844 2042 3417 2115; baseline 0.003 -21"><span class='ocrx_word' id='word_1_341' title='bbox 1844 2043 2000 2106; x_wconf 89' lang='lat' dir='ltr'><strong>sima,</strong></span> <span class='ocrx_word' id='word_1_342' title='bbox 2039 2049 2091 2094; x_wconf 88' lang='lat' dir='ltr'><strong>et</strong></span> <span class='ocrx_word' id='word_1_343' title='bbox 2119 2042 2186 2093; x_wconf 91' lang='lat' dir='ltr'><strong>ab</strong></span> <span class='ocrx_word' id='word_1_344' title='bbox 2224 2042 2286 2095; x_wconf 87' lang='lat' dir='ltr'><strong>iis</strong></span> <span class='ocrx_word' id='word_1_345' title='bbox 2308 2058 2426 2111; x_wconf 78' lang='lat' dir='ltr'><strong>qua:</strong></span> <span class='ocrx_word' id='word_1_346' title='bbox 2469 2056 2595 2097; x_wconf 90' lang='lat' dir='ltr'><strong>sunt</strong></span> <span class='ocrx_word' id='word_1_347' title='bbox 2626 2046 2677 2098; x_wconf 90' lang='lat' dir='ltr'><strong>in</strong></span> <span class='ocrx_word' id='word_1_348' title='bbox 2708 2047 2809 2097; x_wconf 84' lang='lat' dir='ltr'><strong>vita</strong></span> <span class='ocrx_word' id='word_1_349' title='bbox 2836 2048 3096 2115; x_wconf 83' lang='lat' dir='ltr'><strong>jucunda,</strong></span> <span class='ocrx_word' id='word_1_350' title='bbox 3130 2048 3417 2105; x_wconf 83' lang='lat' dir='ltr'><strong>discedas:</strong></span> 
     </span>
    </p>
   </div>
   <div class='ocr_carea' id='block_1_51' title="bbox 1844 2134 3422 2206">
    <p class='ocr_par' dir='ltr' id='par_1_51' title="bbox 1844 2134 3422 2206">
     <span class='ocr_line' id='line_1_51' title="bbox 1844 2134 3422 2206; baseline 0.004 -23"><span class='ocrx_word' id='word_1_351' title='bbox 1844 2134 2214 2202; x_wconf 75' lang='lat' dir='ltr'><strong>praestigiatori</strong></span> <span class='ocrx_word' id='word_1_352' title='bbox 2260 2144 2441 2186; x_wconf 89' lang='lat' dir='ltr'><strong>autem</strong></span> <span class='ocrx_word' id='word_1_353' title='bbox 2485 2136 2672 2204; x_wconf 81' lang='lat' dir='ltr'><strong>juveni</strong></span> <span class='ocrx_word' id='word_1_354' title='bbox 2722 2138 3081 2196; x_wconf 70' lang='lat' dir='ltr'><strong>adbrerescas.</strong></span> <span class='ocrx_word' id='word_1_355' title='bbox 3142 2146 3198 2191; x_wconf 88' lang='lat' dir='ltr'><strong>et</strong></span> <span class='ocrx_word' id='word_1_356' title='bbox 3242 2139 3422 2206; x_wconf 90' lang='lat' dir='ltr'><strong>impu-</strong></span> 
     </span>
    </p>
   </div>
   <div class='ocr_carea' id='block_1_52' title="bbox 1846 2226 3421 2289">
    <p class='ocr_par' dir='ltr' id='par_1_52' title="bbox 1846 2226 3421 2289">
     <span class='ocr_line' id='line_1_52' title="bbox 1846 2226 3421 2289; baseline 0.001 -9"><span class='ocrx_word' id='word_1_357' title='bbox 1846 2226 1995 2280; x_wconf 83' lang='lat' dir='ltr'><strong>denti</strong></span> <span class='ocrx_word' id='word_1_358' title='bbox 2029 2226 2177 2279; x_wconf 90' lang='lat' dir='ltr'><strong>vultu</strong></span> <span class='ocrx_word' id='word_1_359' title='bbox 2207 2228 2273 2279; x_wconf 84' lang='lat' dir='ltr'><strong>ad</strong></span> <span class='ocrx_word' id='word_1_360' title='bbox 2303 2237 2547 2281; x_wconf 87' lang='lat' dir='ltr'><strong>nostrum</strong></span> <span class='ocrx_word' id='word_1_361' title='bbox 2581 2241 2636 2281; x_wconf 87' lang='lat' dir='ltr'><strong>te</strong></span> <span class='ocrx_word' id='word_1_362' title='bbox 2676 2230 2835 2283; x_wconf 85' lang='lat' dir='ltr'><strong>siStas</strong></span> <span class='ocrx_word' id='word_1_363' title='bbox 2863 2231 3119 2289; x_wconf 86' lang='lat' dir='ltr'><strong>tribunal.</strong></span> <span class='ocrx_word' id='word_1_364' title='bbox 3156 2230 3421 2283; x_wconf 87' lang='lat' dir='ltr'><strong>simulan-</strong></span> 
     </span>
    </p>
   </div>
   <div class='ocr_carea' id='block_1_53' title="bbox 1848 2321 3420 2388">
    <p class='ocr_par' dir='ltr' id='par_1_53' title="bbox 1848 2321 3420 2388">
     <span class='ocr_line' id='line_1_53' title="bbox 1848 2321 3420 2388; baseline 0.001 -15"><span class='ocrx_word' id='word_1_365' title='bbox 1848 2330 1952 2373; x_wconf 86' lang='lat' dir='ltr'><strong>tem</strong></span> <span class='ocrx_word' id='word_1_366' title='bbox 2003 2321 2397 2388; x_wconf 78' lang='lat' dir='ltr'><strong>cognationem,</strong></span> <span class='ocrx_word' id='word_1_367' title='bbox 2429 2331 2482 2375; x_wconf 88' lang='lat' dir='ltr'><strong>et</strong></span> <span class='ocrx_word' id='word_1_368' title='bbox 2535 2324 2906 2376; x_wconf 88' lang='lat' dir='ltr'><strong>traducentem</strong></span> <span class='ocrx_word' id='word_1_369' title='bbox 2968 2323 3420 2377; x_wconf 86' lang='lat' dir='ltr'><strong>consuetudinem</strong></span> 
     </span>
    </p>
   </div>
   <div class='ocr_carea' id='block_1_54' title="bbox 1845 2408 3423 2467">
    <p class='ocr_par' dir='ltr' id='par_1_54' title="bbox 1845 2408 3423 2467">
     <span class='ocr_line' id='line_1_54' title="bbox 1845 2408 3423 2467; baseline 0.003 -7"><span class='ocrx_word' id='word_1_370' title='bbox 1845 2409 1909 2461; x_wconf 88' lang='lat' dir='ltr'><strong>ad</strong></span> <span class='ocrx_word' id='word_1_371' title='bbox 1938 2408 2230 2462; x_wconf 74' lang='lat' dir='ltr'><strong>fraternam</strong></span> <span class='ocrx_word' id='word_1_372' title='bbox 2282 2411 2586 2465; x_wconf 86' lang='lat' dir='ltr'><strong>unionem?</strong></span> <span class='ocrx_word' id='word_1_373' title='bbox 2620 2410 2812 2467; x_wconf 76' lang='lat' dir='ltr'><strong>Verum</strong></span> <span class='ocrx_word' id='word_1_374' title='bbox 2856 2413 3139 2466; x_wconf 85' lang='lat' dir='ltr'><strong>enimvero</strong></span> <span class='ocrx_word' id='word_1_375' title='bbox 3178 2423 3423 2467; x_wconf 88' lang='lat' dir='ltr'><strong>nostrum</strong></span> 
     </span>
    </p>
   </div>
   <div class='ocr_carea' id='block_1_55' title="bbox 1848 2499 3425 2571">
    <p class='ocr_par' dir='ltr' id='par_1_55' title="bbox 1848 2499 3425 2571">
     <span class='ocr_line' id='line_1_55' title="bbox 1848 2499 3425 2571; baseline 0.004 -20"><span class='ocrx_word' id='word_1_376' title='bbox 1848 2499 2080 2555; x_wconf 81' lang='lat' dir='ltr'><strong>tribunal</strong></span> <span class='ocrx_word' id='word_1_377' title='bbox 2114 2518 2219 2554; x_wconf 88' lang='lat' dir='ltr'><strong>non</strong></span> <span class='ocrx_word' id='word_1_378' title='bbox 2266 2504 2539 2565; x_wconf 88' lang='lat' dir='ltr'><strong>irridebis,</strong></span> <span class='ocrx_word' id='word_1_379' title='bbox 2573 2519 2675 2556; x_wconf 86' lang='lat' dir='ltr'><strong>nec</strong></span> <span class='ocrx_word' id='word_1_380' title='bbox 2710 2504 3061 2571; x_wconf 83' lang='lat' dir='ltr'><strong>imperatores</strong></span> <span class='ocrx_word' id='word_1_381' title='bbox 3093 2505 3313 2558; x_wconf 79' lang='lat' dir='ltr'><strong>habebis</strong></span> <span class='ocrx_word' id='word_1_382' title='bbox 3343 2505 3425 2558; x_wconf 91' lang='lat' dir='ltr'><strong>lu-</strong></span> 
     </span>
    </p>
   </div>
   <div class='ocr_carea' id='block_1_56' title="bbox 1848 2595 3427 2659">
    <p class='ocr_par' dir='ltr' id='par_1_56' title="bbox 1848 2595 3427 2659">
     <span class='ocr_line' id='line_1_56' title="bbox 1848 2595 3427 2659; baseline 0.002 -14"><span class='ocrx_word' id='word_1_383' title='bbox 1848 2596 2043 2647; x_wconf 90' lang='lat' dir='ltr'><strong>dibrio.</strong></span> <span class='ocrx_word' id='word_1_384' title='bbox 2072 2595 2263 2647; x_wconf 69' lang='lat' dir='ltr'><strong>&#39;I‘estor</strong></span> <span class='ocrx_word' id='word_1_385' title='bbox 2288 2596 2420 2647; x_wconf 91' lang='lat' dir='ltr'><strong>deos</strong></span> <span class='ocrx_word' id='word_1_386' title='bbox 2450 2611 2660 2659; x_wconf 85' lang='lat' dir='ltr'><strong>omnes,</strong></span> <span class='ocrx_word' id='word_1_387' title='bbox 2683 2608 2732 2647; x_wconf 88' lang='lat' dir='ltr'><strong>et</strong></span> <span class='ocrx_word' id='word_1_388' title='bbox 2764 2596 2935 2649; x_wconf 86' lang='lat' dir='ltr'><strong>nostri</strong></span> <span class='ocrx_word' id='word_1_389' title='bbox 2967 2597 3251 2649; x_wconf 80' lang='lat' dir='ltr'><strong>tribunalis</strong></span> <span class='ocrx_word' id='word_1_390' title='bbox 3276 2597 3427 2650; x_wconf 80' lang='lat' dir='ltr'><strong>beni—</strong></span> 
     </span>
    </p>
   </div>
   <div class='ocr_carea' id='block_1_57' title="bbox 1849 2684 3423 2752">
    <p class='ocr_par' dir='ltr' id='par_1_57' title="bbox 1849 2684 3423 2752">
     <span class='ocr_line' id='line_1_57' title="bbox 1849 2684 3423 2752; baseline 0.003 -17"><span class='ocrx_word' id='word_1_391' title='bbox 1849 2685 2102 2752; x_wconf 81' lang='lat' dir='ltr'><strong>gnitatem</strong></span> <span class='ocrx_word' id='word_1_392' title='bbox 2136 2694 2191 2737; x_wconf 85' lang='lat' dir='ltr'><strong>et</strong></span> <span class='ocrx_word' id='word_1_393' title='bbox 2222 2684 2592 2743; x_wconf 87' lang='lat' dir='ltr'><strong>clementiam,</strong></span> <span class='ocrx_word' id='word_1_394' title='bbox 2616 2685 2709 2736; x_wconf 89' lang='lat' dir='ltr'><strong>tibi</strong></span> <span class='ocrx_word' id='word_1_395' title='bbox 2733 2684 2866 2736; x_wconf 83' lang='lat' dir='ltr'><strong>nihil</strong></span> <span class='ocrx_word' id='word_1_396' title='bbox 2895 2685 3128 2751; x_wconf 86' lang='lat' dir='ltr'><strong>amplius</strong></span> <span class='ocrx_word' id='word_1_397' title='bbox 3156 2686 3423 2744; x_wconf 85' lang='lat' dir='ltr'><strong>futurum.</strong></span> 
     </span>
    </p>
   </div>
   <div class='ocr_carea' id='block_1_58' title="bbox 1848 2772 3431 2843">
    <p class='ocr_par' dir='ltr' id='par_1_58' title="bbox 1848 2772 3431 2843">
     <span class='ocr_line' id='line_1_58' title="bbox 1848 2772 3431 2843; baseline 0.004 -17"><span class='ocrx_word' id='word_1_398' title='bbox 1848 2790 2009 2842; x_wconf 87' lang='lat' dir='ltr'><strong>quant</strong></span> <span class='ocrx_word' id='word_1_399' title='bbox 2048 2772 2354 2842; x_wconf 77' lang='lat' dir='ltr'><strong>Eulampio,</strong></span> <span class='ocrx_word' id='word_1_400' title='bbox 2388 2775 2493 2828; x_wconf 88' lang='lat' dir='ltr'><strong>ttisi</strong></span> <span class='ocrx_word' id='word_1_401' title='bbox 2533 2776 2673 2843; x_wconf 87' lang='lat' dir='ltr'><strong>quod</strong></span> <span class='ocrx_word' id='word_1_402' title='bbox 2719 2775 2793 2827; x_wconf 86' lang='lat' dir='ltr'><strong>sis</strong></span> <span class='ocrx_word' id='word_1_403' title='bbox 2828 2774 3101 2843; x_wconf 84' lang='lat' dir='ltr'><strong>pejoribus</strong></span> <span class='ocrx_word' id='word_1_404' title='bbox 3145 2778 3431 2832; x_wconf 82' lang='lat' dir='ltr'><strong>tormentis</strong></span> 
     </span>
    </p>
   </div>
   <div class='ocr_carea' id='block_1_59' title="bbox 1851 2865 2206 2935">
    <p class='ocr_par' dir='ltr' id='par_1_59' title="bbox 1851 2865 2206 2935">
     <span class='ocr_line' id='line_1_59' title="bbox 1851 2865 2206 2935; baseline 0.003 -18"><span class='ocrx_word' id='word_1_405' title='bbox 1851 2865 2206 2935; x_wconf 85' lang='lat' dir='ltr'><strong>subjicienda.</strong></span> 
     </span>
    </p>
   </div>
   <div class='ocr_carea' id='block_1_60' title="bbox 1926 2978 3428 3050">
    <p class='ocr_par' dir='ltr' id='par_1_60' title="bbox 1926 2978 3428 3050">
     <span class='ocr_line' id='line_1_60' title="bbox 1926 2978 3428 3050; baseline 0.003 -19"><span class='ocrx_word' id='word_1_406' title='bbox 1926 2978 2063 3031; x_wconf 84' lang='lat' dir='ltr'><strong>Vlll.</strong></span> <span class='ocrx_word' id='word_1_407' title='bbox 2091 2978 2168 3031; x_wconf 82' lang='lat' dir='ltr'><strong>Ad</strong></span> <span class='ocrx_word' id='word_1_408' title='bbox 2203 2979 2318 3035; x_wconf 74' lang='lat' dir='ltr'><strong>hazc</strong></span> <span class='ocrx_word' id='word_1_409' title='bbox 2349 2988 2553 3049; x_wconf 84' lang='lat' dir='ltr'><strong>martyr</strong></span> <span class='ocrx_word' id='word_1_410' title='bbox 2576 2979 2874 3034; x_wconf 91' lang='lat' dir='ltr'><strong>masculino</strong></span> <span class='ocrx_word' id='word_1_411' title='bbox 2899 2982 3090 3050; x_wconf 87' lang='lat' dir='ltr'><strong>spiritu</strong></span> <span class='ocrx_word' id='word_1_412' title='bbox 3120 2992 3175 3036; x_wconf 91' lang='lat' dir='ltr'><strong>et</strong></span> <span class='ocrx_word' id='word_1_413' title='bbox 3202 2981 3428 3036; x_wconf 85' lang='lat' dir='ltr'><strong>audacia</strong></span> 
     </span>
    </p>
   </div>
   <div class='ocr_carea' id='block_1_61' title="bbox 1854 3072 3429 3145">
    <p class='ocr_par' dir='ltr' id='par_1_61' title="bbox 1854 3072 3429 3145">
     <span class='ocr_line' id='line_1_61' title="bbox 1854 3072 3429 3145; baseline 0.004 -22"><span class='ocrx_word' id='word_1_414' title='bbox 1854 3077 1976 3138; x_wconf 87' lang='lat' dir='ltr'><strong>apte</strong></span> <span class='ocrx_word' id='word_1_415' title='bbox 2015 3072 2295 3139; x_wconf 82' lang='lat' dir='ltr'><strong>respondit</strong></span> <span class='ocrx_word' id='word_1_416' title='bbox 2335 3091 2348 3125; x_wconf 90' lang='lat'><strong>:</strong></span> <span class='ocrx_word' id='word_1_417' title='bbox 2384 3073 2547 3133; x_wconf 79' lang='lat' dir='ltr'><strong>Audi,</strong></span> <span class='ocrx_word' id='word_1_418' title='bbox 2575 3075 2781 3139; x_wconf 87' lang='lat' dir='ltr'><strong>dicens,</strong></span> <span class='ocrx_word' id='word_1_419' title='bbox 2816 3089 2848 3127; x_wconf 91' lang='grc' dir='ltr'><strong>ο</strong></span> <span class='ocrx_word' id='word_1_420' title='bbox 2872 3075 3061 3143; x_wconf 79' lang='lat' dir='ltr'><strong>judex,</strong></span> <span class='ocrx_word' id='word_1_421' title='bbox 3083 3083 3137 3129; x_wconf 89' lang='lat' dir='ltr'><strong>et</strong></span> <span class='ocrx_word' id='word_1_422' title='bbox 3167 3090 3429 3145; x_wconf 78' lang='lat' dir='ltr'><strong>cognosce</strong></span> 
     </span>
    </p>
   </div>
   <div class='ocr_carea' id='block_1_62' title="bbox 177 3141 1747 3243">
    <p class='ocr_par' dir='ltr' id='par_1_62' title="bbox 177 3141 1747 3215">
     <span class='ocr_line' id='line_1_62' title="bbox 177 3141 1747 3215; baseline -0.001 -15"><span class='ocrx_word' id='word_1_423' title='bbox 177 3147 435 3213; x_wconf 70' lang='grc' dir='ltr'><strong>εἰποῦσα,</strong></span> <span class='ocrx_word' id='word_1_424' title='bbox 486 3141 531 3199; x_wconf 81' lang='grc' dir='ltr'>ὦ</span> <span class='ocrx_word' id='word_1_425' title='bbox 570 3144 824 3211; x_wconf 81' lang='grc' dir='ltr'><strong>δικαστά,</strong></span> <span class='ocrx_word' id='word_1_426' title='bbox 872 3145 964 3198; x_wconf 73' lang='grc' dir='ltr'><strong>καὶ</strong></span> <span class='ocrx_word' id='word_1_427' title='bbox 993 3146 1087 3197; x_wconf 65' lang='grc' dir='ltr'><strong>τθδν</strong></span> <span class='ocrx_word' id='word_1_428' title='bbox 1133 3146 1267 3215; x_wconf 67' lang='grc' dir='ltr'><strong>ἐμὸν</strong></span> <span class='ocrx_word' id='word_1_429' title='bbox 1303 3144 1377 3207; x_wconf 83' lang='grc' dir='ltr'><strong>ὡς</strong></span> <span class='ocrx_word' id='word_1_430' title='bbox 1420 3144 1531 3215; x_wconf 77' lang='grc' dir='ltr'><strong>ἔχει</strong></span> <span class='ocrx_word' id='word_1_431' title='bbox 1581 3147 1747 3215; x_wconf 82' lang='grc' dir='ltr'><strong>γνῶθι</strong></span> 
     </span>
    </p>
   </div>
   <div class='ocr_carea' id='block_1_63' title="bbox 1852 3141 3427 3243">
    <p class='ocr_par' dir='ltr' id='par_1_63' title="bbox 1856 3163 3427 3232">
     <span class='ocr_line' id='line_1_63' title="bbox 1856 3163 3427 3232; baseline 0.003 -18"><span class='ocrx_word' id='word_1_432' title='bbox 1856 3174 2035 3215; x_wconf 77' lang='lat' dir='ltr'><strong>meum</strong></span> <span class='ocrx_word' id='word_1_433' title='bbox 2089 3171 2145 3215; x_wconf 92' lang='lat' dir='ltr'><strong>ut</strong></span> <span class='ocrx_word' id='word_1_434' title='bbox 2198 3177 2257 3216; x_wconf 86' lang='lat' dir='ltr'><strong>se</strong></span> <span class='ocrx_word' id='word_1_435' title='bbox 2308 3163 2469 3217; x_wconf 82' lang='lat' dir='ltr'><strong>habet</strong></span> <span class='ocrx_word' id='word_1_436' title='bbox 2520 3180 2743 3232; x_wconf 84' lang='lat' dir='ltr'><strong>scopum</strong></span> <span class='ocrx_word' id='word_1_437' title='bbox 2791 3181 2854 3219; x_wconf 91' lang='lat' dir='ltr'><strong>ac</strong></span> <span class='ocrx_word' id='word_1_438' title='bbox 2902 3166 3232 3221; x_wconf 85' lang='lat' dir='ltr'><strong>institutum.</strong></span> <span class='ocrx_word' id='word_1_439' title='bbox 3296 3166 3427 3222; x_wconf 90' lang='lat' dir='ltr'><strong>Sum</strong></span> 
     </span>
    </p>
   </div>
   <div class='ocr_carea' id='block_1_64' title="bbox 179 3234 1747 3324">
    <p class='ocr_par' dir='ltr' id='par_1_64' title="bbox 179 3234 1747 3305">
     <span class='ocr_line' id='line_1_64' title="bbox 179 3234 1747 3305; baseline -0.003 -14"><span class='ocrx_word' id='word_1_440' title='bbox 179 3237 409 3291; x_wconf 84' lang='grc' dir='ltr'><strong>σκοπόν.</strong></span> <span class='ocrx_word' id='word_1_441' title='bbox 444 3235 686 3305; x_wconf 77' lang='grc' dir='ltr'><strong>Χριστοῦ</strong></span> <span class='ocrx_word' id='word_1_442' title='bbox 713 3235 946 3303; x_wconf 69' lang='grc' dir='ltr'><strong>ὑπάρχω</strong></span> <span class='ocrx_word' id='word_1_443' title='bbox 972 3234 1134 3301; x_wconf 86' lang='grc' dir='ltr'><strong>δούλη</strong></span> <span class='ocrx_word' id='word_1_444' title='bbox 1172 3250 1185 3265; x_wconf 83' lang='lat'>&#39;</span> <span class='ocrx_word' id='word_1_445' title='bbox 1222 3234 1461 3304; x_wconf 74' lang='grc' dir='ltr'><strong>Χριστὸς</strong></span> <span class='ocrx_word' id='word_1_446' title='bbox 1484 3236 1609 3304; x_wconf 76' lang='grc' dir='ltr'><strong>ἐμοὶ</strong></span> <span class='ocrx_word' id='word_1_447' title='bbox 1637 3234 1747 3304; x_wconf 78' lang='grc' dir='ltr'><strong>ζωὴ</strong></span> 
     </span>
    </p>
   </div>
   <div class='ocr_carea' id='block_1_65' title="bbox 1852 3234 3431 3324">
    <p class='ocr_par' dir='ltr' id='par_1_65' title="bbox 1854 3250 3431 3324">
     <span class='ocr_line' id='line_1_65' title="bbox 1854 3250 3431 3324; baseline 0.006 -23"><span class='ocrx_word' id='word_1_448' title='bbox 1854 3250 2052 3303; x_wconf 85' lang='lat' dir='ltr'><strong>Christi</strong></span> <span class='ocrx_word' id='word_1_449' title='bbox 2090 3253 2303 3306; x_wconf 86' lang='lat' dir='ltr'><strong>ancilla.</strong></span> <span class='ocrx_word' id='word_1_450' title='bbox 2350 3254 2600 3309; x_wconf 81' lang='lat' dir='ltr'><strong>Christus</strong></span> <span class='ocrx_word' id='word_1_451' title='bbox 2648 3263 2734 3310; x_wconf 86' lang='lat' dir='ltr'><strong>est</strong></span> <span class='ocrx_word' id='word_1_452' title='bbox 2782 3256 2917 3310; x_wconf 91' lang='lat' dir='ltr'><strong>mihi</strong></span> <span class='ocrx_word' id='word_1_453' title='bbox 2975 3256 3101 3324; x_wconf 83' lang='lat' dir='ltr'><strong>vita,</strong></span> <span class='ocrx_word' id='word_1_454' title='bbox 3128 3264 3183 3311; x_wconf 90' lang='lat' dir='ltr'><strong>et</strong></span> <span class='ocrx_word' id='word_1_455' title='bbox 3237 3258 3431 3311; x_wconf 63' lang='lat' dir='ltr'><strong>animae</strong></span> 
     </span>
    </p>
   </div>
   <div class='ocr_carea' id='block_1_66' title="bbox 180 3326 1755 3397">
    <p class='ocr_par' dir='ltr' id='par_1_66' title="bbox 180 3326 1755 3397">
     <span class='ocr_line' id='line_1_66' title="bbox 180 3326 1755 3397; baseline -0.002 -16"><span class='ocrx_word' id='word_1_456' title='bbox 180 3331 275 3383; x_wconf 75' lang='grc' dir='ltr'><strong>καὶ</strong></span> <span class='ocrx_word' id='word_1_457' title='bbox 297 3326 476 3397; x_wconf 72' lang='grc' dir='ltr'><strong>ψυχῆς</strong></span> <span class='ocrx_word' id='word_1_458' title='bbox 502 3326 841 3394; x_wconf 81' lang='grc' dir='ltr'><strong>άγαλλίαμα.</strong></span> <span class='ocrx_word' id='word_1_459' title='bbox 882 3326 1083 3378; x_wconf 78' lang='grc' dir='ltr'><strong>Τούτου</strong></span> <span class='ocrx_word' id='word_1_460' title='bbox 1134 3329 1241 3396; x_wconf 73' lang='grc' dir='ltr'><strong>ἐρῶ</strong></span> <span class='ocrx_word' id='word_1_461' title='bbox 1264 3366 1279 3389; x_wconf 88' lang='grc'><strong>,</strong></span> <span class='ocrx_word' id='word_1_462' title='bbox 1313 3328 1485 3393; x_wconf 78' lang='grc' dir='ltr'><strong>τούτῳ</strong></span> <span class='ocrx_word' id='word_1_463' title='bbox 1536 3329 1755 3384; x_wconf 76' lang='grc' dir='ltr'><strong>σπεύδω</strong></span> 
     </span>
    </p>
   </div>
   <div class='ocr_carea' id='block_1_67' title="bbox 177 3416 1753 3491">
    <p class='ocr_par' dir='ltr' id='par_1_67' title="bbox 177 3416 1753 3491">
     <span class='ocr_line' id='line_1_67' title="bbox 177 3416 1753 3491; baseline -0.003 -17"><span class='ocrx_word' id='word_1_464' title='bbox 177 3419 438 3488; x_wconf 78' lang='grc' dir='ltr'><strong>τυθῆναι.</strong></span> <span class='ocrx_word' id='word_1_465' title='bbox 509 3417 683 3486; x_wconf 80' lang='grc' dir='ltr'><strong>’Υπὲρ</strong></span> <span class='ocrx_word' id='word_1_466' title='bbox 730 3416 923 3469; x_wconf 88' lang='grc' dir='ltr'><strong>τούτου</strong></span> <span class='ocrx_word' id='word_1_467' title='bbox 986 3420 1081 3471; x_wconf 67' lang='grc' dir='ltr'><strong>καὶ</strong></span> <span class='ocrx_word' id='word_1_468' title='bbox 1136 3419 1244 3491; x_wconf 78' lang='grc' dir='ltr'><strong>πῦρ</strong></span> <span class='ocrx_word' id='word_1_469' title='bbox 1286 3420 1599 3487; x_wconf 73' lang='grc' dir='ltr'><strong>εὐτρέπιζε,</strong></span> <span class='ocrx_word' id='word_1_470' title='bbox 1660 3420 1753 3469; x_wconf 76' lang='grc' dir='ltr'><strong>καὶ</strong></span> 
     </span>
    </p>
   </div>
   <div class='ocr_carea' id='block_1_68' title="bbox 178 3512 1750 3584">
    <p class='ocr_par' dir='ltr' id='par_1_68' title="bbox 178 3512 1750 3584">
     <span class='ocr_line' id='line_1_68' title="bbox 178 3512 1750 3584; baseline -0.003 -17"><span class='ocrx_word' id='word_1_471' title='bbox 178 3513 355 3584; x_wconf 81' lang='grc' dir='ltr'><strong>θῆρας</strong></span> <span class='ocrx_word' id='word_1_472' title='bbox 382 3516 505 3581; x_wconf 74' lang='grc' dir='ltr'><strong>ἆγε,</strong></span> <span class='ocrx_word' id='word_1_473' title='bbox 538 3515 631 3565; x_wconf 84' lang='grc' dir='ltr'>καί</span> <span class='ocrx_word' id='word_1_474' title='bbox 662 3514 889 3583; x_wconf 70' lang='grc' dir='ltr'><strong>τροχοὺς</strong></span> <span class='ocrx_word' id='word_1_475' title='bbox 917 3512 1195 3580; x_wconf 76' lang='grc' dir='ltr'><strong>ὲτοίμαζε,</strong></span> <span class='ocrx_word' id='word_1_476' title='bbox 1236 3514 1329 3565; x_wconf 86' lang='grc' dir='ltr'><strong>καί</strong></span> <span class='ocrx_word' id='word_1_477' title='bbox 1355 3514 1485 3582; x_wconf 78' lang='grc' dir='ltr'><strong>ξίφη</strong></span> <span class='ocrx_word' id='word_1_478' title='bbox 1520 3516 1750 3580; x_wconf 80' lang='grc' dir='ltr'><strong>γύμνου,</strong></span> 
     </span>
    </p>
   </div>
   <div class='ocr_carea' id='block_1_69' title="bbox 180 3588 1751 3675">
    <p class='ocr_par' dir='ltr' id='par_1_69' title="bbox 180 3604 1751 3675">
     <span class='ocr_line' id='line_1_69' title="bbox 180 3604 1751 3675; baseline -0.003 -15"><span class='ocrx_word' id='word_1_479' title='bbox 180 3610 278 3660; x_wconf 74' lang='grc' dir='ltr'><strong>καὶ</strong></span> <span class='ocrx_word' id='word_1_480' title='bbox 322 3609 505 3658; x_wconf 80' lang='grc' dir='ltr'><strong>πᾶσαν</strong></span> <span class='ocrx_word' id='word_1_481' title='bbox 551 3606 720 3675; x_wconf 79' lang='grc' dir='ltr'><strong>ἀλλην</strong></span> <span class='ocrx_word' id='word_1_482' title='bbox 771 3607 977 3658; x_wconf 74' lang='grc' dir='ltr'><strong>ἐπινόει</strong></span> <span class='ocrx_word' id='word_1_483' title='bbox 1035 3604 1295 3673; x_wconf 72' lang='grc' dir='ltr'><strong>βάσανον,</strong></span> <span class='ocrx_word' id='word_1_484' title='bbox 1338 3606 1422 3657; x_wconf 75' lang='grc' dir='ltr'><strong>ἵνα</strong></span> <span class='ocrx_word' id='word_1_485' title='bbox 1451 3607 1629 3674; x_wconf 75' lang='grc' dir='ltr'><strong>μάθῃς</strong></span> <span class='ocrx_word' id='word_1_486' title='bbox 1670 3608 1751 3659; x_wconf 70' lang='grc' dir='ltr'><strong>ὅτι</strong></span> 
     </span>
    </p>
   </div>
   <div class='ocr_carea' id='block_1_70' title="bbox 177 3694 1754 3767">
    <p class='ocr_par' dir='ltr' id='par_1_70' title="bbox 177 3694 1754 3767">
     <span class='ocr_line' id='line_1_70' title="bbox 177 3694 1754 3767; baseline -0.003 -16"><span class='ocrx_word' id='word_1_487' title='bbox 177 3700 280 3767; x_wconf 71' lang='grc' dir='ltr'><strong>οὺχ</strong></span> <span class='ocrx_word' id='word_1_488' title='bbox 311 3697 485 3760; x_wconf 82' lang='grc' dir='ltr'><strong>οὕτως</strong></span> <span class='ocrx_word' id='word_1_489' title='bbox 513 3698 745 3766; x_wconf 76' lang='grc' dir='ltr'><strong>ἀγεννὴς</strong></span> <span class='ocrx_word' id='word_1_490' title='bbox 776 3696 887 3764; x_wconf 60' lang='grc' dir='ltr'><strong>ἐγὼ</strong></span> <span class='ocrx_word' id='word_1_491' title='bbox 918 3698 1011 3747; x_wconf 78' lang='grc' dir='ltr'><strong>καὶ</strong></span> <span class='ocrx_word' id='word_1_492' title='bbox 1047 3698 1407 3765; x_wconf 69' lang='grc' dir='ltr'><strong>μικρόψυχος,</strong></span> <span class='ocrx_word' id='word_1_493' title='bbox 1445 3694 1531 3758; x_wconf 83' lang='grc' dir='ltr'><strong>οὒ,</strong></span> <span class='ocrx_word' id='word_1_494' title='bbox 1561 3698 1635 3764; x_wconf 77' lang='grc' dir='ltr'><strong>μὰ</strong></span> <span class='ocrx_word' id='word_1_495' title='bbox 1664 3696 1754 3746; x_wconf 75' lang='grc' dir='ltr'><strong>τὸν</strong></span> 
     </span>
    </p>
   </div>
   <div class='ocr_carea' id='block_1_71' title="bbox 182 3788 1753 3857">
    <p class='ocr_par' dir='ltr' id='par_1_71' title="bbox 182 3788 1753 3857">
     <span class='ocr_line' id='line_1_71' title="bbox 182 3788 1753 3857; baseline -0.002 -15"><span class='ocrx_word' id='word_1_496' title='bbox 182 3791 328 3857; x_wconf 74' lang='grc' dir='ltr'><strong>ὑπὲρ</strong></span> <span class='ocrx_word' id='word_1_497' title='bbox 352 3789 640 3849; x_wconf 75' lang='grc' dir='ltr'><strong>εὐσεϐείας</strong></span> <span class='ocrx_word' id='word_1_498' title='bbox 667 3789 854 3840; x_wconf 79' lang='grc' dir='ltr'><strong>τοῦτον</strong></span> <span class='ocrx_word' id='word_1_499' title='bbox 883 3789 1067 3854; x_wconf 82' lang='grc' dir='ltr'><strong>άγῶνα</strong></span> <span class='ocrx_word' id='word_1_500' title='bbox 1096 3830 1109 3852; x_wconf 90' lang='grc'><strong>,</strong></span> <span class='ocrx_word' id='word_1_501' title='bbox 1140 3788 1198 3839; x_wconf 84' lang='grc' dir='ltr'><strong>ὃν</strong></span> <span class='ocrx_word' id='word_1_502' title='bbox 1243 3788 1335 3841; x_wconf 87' lang='grc' dir='ltr'><strong>καί</strong></span> <span class='ocrx_word' id='word_1_503' title='bbox 1373 3789 1535 3857; x_wconf 85' lang='grc' dir='ltr'><strong>μέχρι</strong></span> <span class='ocrx_word' id='word_1_504' title='bbox 1569 3789 1753 3850; x_wconf 82' lang='grc' dir='ltr'><strong>τέλους</strong></span> 
     </span>
    </p>
   </div>
   <div class='ocr_carea' id='block_1_72' title="bbox 180 3876 1753 3948">
    <p class='ocr_par' dir='ltr' id='par_1_72' title="bbox 180 3876 1753 3948">
     <span class='ocr_line' id='line_1_72' title="bbox 180 3876 1753 3948; baseline -0.004 -13"><span class='ocrx_word' id='word_1_505' title='bbox 180 3878 529 3948; x_wconf 80' lang='grc' dir='ltr'><strong>ἁγωνιοῦμαί</strong></span> <span class='ocrx_word' id='word_1_506' title='bbox 562 3895 621 3931; x_wconf 75' lang='grc' dir='ltr'><strong>τι</strong></span> <span class='ocrx_word' id='word_1_507' title='bbox 657 3879 751 3929; x_wconf 82' lang='grc' dir='ltr'><strong>καὶ</strong></span> <span class='ocrx_word' id='word_1_508' title='bbox 780 3878 1123 3948; x_wconf 79' lang='grc' dir='ltr'><strong>δραμοῦμαι,</strong></span> <span class='ocrx_word' id='word_1_509' title='bbox 1157 3879 1252 3929; x_wconf 72' lang='grc' dir='ltr'><strong>καὶ</strong></span> <span class='ocrx_word' id='word_1_510' title='bbox 1294 3880 1427 3947; x_wconf 76' lang='grc' dir='ltr'><strong>πρὸς</strong></span> <span class='ocrx_word' id='word_1_511' title='bbox 1467 3883 1571 3931; x_wconf 83' lang='grc' dir='ltr'><strong>πᾶν</strong></span> <span class='ocrx_word' id='word_1_512' title='bbox 1615 3876 1753 3941; x_wconf 69' lang='grc' dir='ltr'><strong>εἶδες</strong></span> 
     </span>
    </p>
   </div>
   <div class='ocr_carea' id='block_1_73' title="bbox 180 3969 1754 4039">
    <p class='ocr_par' dir='ltr' id='par_1_73' title="bbox 180 3969 1754 4039">
     <span class='ocr_line' id='line_1_73' title="bbox 180 3969 1754 4039; baseline -0.003 -15"><span class='ocrx_word' id='word_1_513' title='bbox 180 3972 464 4032; x_wconf 87' lang='grc' dir='ltr'><strong>κολάσεως</strong></span> <span class='ocrx_word' id='word_1_514' title='bbox 512 3970 711 4037; x_wconf 77' lang='grc' dir='ltr'><strong>ἑαυτὴν</strong></span> <span class='ocrx_word' id='word_1_515' title='bbox 769 3970 984 4021; x_wconf 75' lang='grc' dir='ltr'><strong>ἔκδοτον</strong></span> <span class='ocrx_word' id='word_1_516' title='bbox 1032 3969 1395 4037; x_wconf 77' lang='grc' dir='ltr'><strong>παραττήσω,</strong></span> <span class='ocrx_word' id='word_1_517' title='bbox 1457 3969 1545 4020; x_wconf 77' lang='grc' dir='ltr'><strong>ἵνα</strong></span> <span class='ocrx_word' id='word_1_518' title='bbox 1612 3970 1754 4039; x_wconf 76' lang='grc' dir='ltr'><strong>γνῷς</strong></span> 
     </span>
    </p>
   </div>
   <div class='ocr_carea' id='block_1_74' title="bbox 183 4060 1756 4132">
    <p class='ocr_par' dir='ltr' id='par_1_74' title="bbox 183 4060 1756 4132">
     <span class='ocr_line' id='line_1_74' title="bbox 183 4060 1756 4132; baseline -0.004 -11"><span class='ocrx_word' id='word_1_519' title='bbox 183 4068 272 4121; x_wconf 79' lang='grc' dir='ltr'><strong>ὅτι</strong></span> <span class='ocrx_word' id='word_1_520' title='bbox 317 4062 522 4132; x_wconf 68' lang='grc' dir='ltr'><strong>ἀδελφὴ</strong></span> <span class='ocrx_word' id='word_1_521' title='bbox 569 4060 679 4127; x_wconf 79' lang='grc' dir='ltr'><strong>ἐγὼ</strong></span> <span class='ocrx_word' id='word_1_522' title='bbox 720 4061 935 4128; x_wconf 81' lang='grc' dir='ltr'><strong>τούτου,</strong></span> <span class='ocrx_word' id='word_1_523' title='bbox 1000 4061 1093 4112; x_wconf 77' lang='grc' dir='ltr'><strong>καὶ</strong></span> <span class='ocrx_word' id='word_1_524' title='bbox 1140 4062 1209 4112; x_wconf 80' lang='grc' dir='ltr'><strong>τά</strong></span> <span class='ocrx_word' id='word_1_525' title='bbox 1250 4062 1453 4127; x_wconf 74' lang='grc' dir='ltr'><strong>ἀδελφά</strong></span> <span class='ocrx_word' id='word_1_526' title='bbox 1482 4063 1756 4131; x_wconf 74' lang='grc' dir='ltr'><strong>φρονοῦσα</strong></span> 
     </span>
    </p>
   </div>
   <div class='ocr_carea' id='block_1_75' title="bbox 179 4152 1756 4223">
    <p class='ocr_par' dir='ltr' id='par_1_75' title="bbox 179 4152 1756 4223">
     <span class='ocr_line' id='line_1_75' title="bbox 179 4152 1756 4223; baseline -0.004 -12"><span class='ocrx_word' id='word_1_527' title='bbox 179 4158 276 4212; x_wconf 76' lang='grc' dir='ltr'><strong>τοῦ</strong></span> <span class='ocrx_word' id='word_1_528' title='bbox 306 4158 405 4217; x_wconf 76' lang='grc' dir='ltr'><strong>τάς</strong></span> <span class='ocrx_word' id='word_1_529' title='bbox 439 4156 539 4216; x_wconf 79' lang='grc' dir='ltr'><strong>σάς</strong></span> <span class='ocrx_word' id='word_1_530' title='bbox 572 4153 838 4223; x_wconf 72' lang='grc' dir='ltr'><strong>βασάνους</strong></span> <span class='ocrx_word' id='word_1_531' title='bbox 868 4152 943 4221; x_wconf 79' lang='grc' dir='ltr'><strong>μὴ</strong></span> <span class='ocrx_word' id='word_1_532' title='bbox 980 4153 1408 4217; x_wconf 75' lang='grc' dir='ltr'><strong>ὑποπτήξαντος.</strong></span> <span class='ocrx_word' id='word_1_533' title='bbox 1444 4155 1535 4204; x_wconf 77' lang='grc' dir='ltr'><strong>καὶ</strong></span> <span class='ocrx_word' id='word_1_534' title='bbox 1576 4154 1642 4203; x_wconf 75' lang='grc' dir='ltr'><strong>τα</strong></span> <span class='ocrx_word' id='word_1_535' title='bbox 1690 4155 1756 4205; x_wconf 68' lang='grc' dir='ltr'><strong>σὰ</strong></span> 
     </span>
    </p>
   </div>
   <div class='ocr_carea' id='block_1_76' title="bbox 184 4242 1753 4313">
    <p class='ocr_par' dir='ltr' id='par_1_76' title="bbox 184 4242 1753 4313">
     <span class='ocr_line' id='line_1_76' title="bbox 184 4242 1753 4313; baseline -0.006 -12"><span class='ocrx_word' id='word_1_536' title='bbox 184 4248 511 4313; x_wconf 78' lang='grc' dir='ltr'><strong>σεϐάσματα</strong></span> <span class='ocrx_word' id='word_1_537' title='bbox 565 4244 978 4307; x_wconf 76' lang='grc' dir='ltr'><strong>καταλύσαντος</strong></span> <span class='ocrx_word' id='word_1_538' title='bbox 1006 4282 1019 4304; x_wconf 92' lang='grc'><strong>,</strong></span> <span class='ocrx_word' id='word_1_539' title='bbox 1052 4246 1144 4294; x_wconf 80' lang='grc' dir='ltr'><strong>καὶ</strong></span> <span class='ocrx_word' id='word_1_540' title='bbox 1179 4242 1335 4303; x_wconf 78' lang='grc' dir='ltr'><strong>αὖθις</strong></span> <span class='ocrx_word' id='word_1_541' title='bbox 1376 4244 1431 4293; x_wconf 76' lang='grc' dir='ltr'><strong>δέ</strong></span> <span class='ocrx_word' id='word_1_542' title='bbox 1474 4259 1557 4293; x_wconf 93' lang='grc' dir='ltr'><strong>σοι</strong></span> <span class='ocrx_word' id='word_1_543' title='bbox 1590 4244 1753 4311; x_wconf 76' lang='grc' dir='ltr'><strong>φημὶ,</strong></span> 
     </span>
    </p>
   </div>
   <div class='ocr_carea' id='block_1_77' title="bbox 187 4335 1755 4409">
    <p class='ocr_par' dir='ltr' id='par_1_77' title="bbox 187 4335 1755 4409">
     <span class='ocr_line' id='line_1_77' title="bbox 187 4335 1755 4409; baseline -0.001 -22"><span class='ocrx_word' id='word_1_544' title='bbox 187 4340 265 4409; x_wconf 78' lang='grc' dir='ltr'><strong>μὴ</strong></span> <span class='ocrx_word' id='word_1_545' title='bbox 322 4338 461 4405; x_wconf 67' lang='grc' dir='ltr'><strong>πρὶς</strong></span> <span class='ocrx_word' id='word_1_546' title='bbox 511 4335 610 4404; x_wconf 80' lang='grc' dir='ltr'><strong>τὴν</strong></span> <span class='ocrx_word' id='word_1_547' title='bbox 662 4336 761 4402; x_wconf 78' lang='grc' dir='ltr'><strong>τῆς</strong></span> <span class='ocrx_word' id='word_1_548' title='bbox 814 4335 1136 4401; x_wconf 78' lang='grc' dir='ltr'><strong>γυναικείας</strong></span> <span class='ocrx_word' id='word_1_549' title='bbox 1195 4335 1412 4402; x_wconf 71' lang='grc' dir='ltr'><strong>φύσεως</strong></span> <span class='ocrx_word' id='word_1_550' title='bbox 1477 4335 1755 4403; x_wconf 59' lang='grc' dir='ltr'><strong>ἀςορῶντι</strong></span> 
     </span>
    </p>
   </div>
   <div class='ocr_carea' id='block_1_78' title="bbox 181 4426 1757 4496">
    <p class='ocr_par' dir='ltr' id='par_1_78' title="bbox 181 4426 1757 4496">
     <span class='ocr_line' id='line_1_78' title="bbox 181 4426 1757 4496; baseline -0.007 -12"><span class='ocrx_word' id='word_1_551' title='bbox 181 4429 498 4490; x_wconf 74' lang='grc' dir='ltr'><strong>ἀσθένειαν,</strong></span> <span class='ocrx_word' id='word_1_552' title='bbox 549 4426 771 4490; x_wconf 77' lang='grc' dir='ltr'><strong>ἀνάξιον</strong></span> <span class='ocrx_word' id='word_1_553' title='bbox 820 4443 873 4478; x_wconf 87' lang='grc' dir='ltr'><strong>τι</strong></span> <span class='ocrx_word' id='word_1_554' title='bbox 918 4429 1017 4495; x_wconf 76' lang='grc' dir='ltr'><strong>τῆς</strong></span> <span class='ocrx_word' id='word_1_555' title='bbox 1064 4429 1304 4489; x_wconf 85' lang='grc' dir='ltr'><strong>διανοίας</strong></span> <span class='ocrx_word' id='word_1_556' title='bbox 1349 4429 1447 4494; x_wconf 80' lang='grc' dir='ltr'><strong>τῆς</strong></span> <span class='ocrx_word' id='word_1_557' title='bbox 1482 4427 1757 4496; x_wconf 71' lang='grc' dir='ltr'><strong>ἡμετέρας</strong></span> 
     </span>
    </p>
   </div>
   <div class='ocr_carea' id='block_1_79' title="bbox 182 4514 1829 4587">
    <p class='ocr_par' dir='ltr' id='par_1_79' title="bbox 182 4514 1829 4587">
     <span class='ocr_line' id='line_1_79' title="bbox 182 4514 1829 4587; baseline -0.002 -14"><span class='ocrx_word' id='word_1_558' title='bbox 182 4522 431 4584; x_wconf 66' lang='grc' dir='ltr'><strong>ἐλπίσαι,</strong></span> <span class='ocrx_word' id='word_1_559' title='bbox 479 4518 616 4587; x_wconf 70' lang='grc' dir='ltr'><strong>μηδὲ</strong></span> <span class='ocrx_word' id='word_1_560' title='bbox 645 4518 706 4569; x_wconf 74' lang='grc' dir='ltr'><strong>τὸ</strong></span> <span class='ocrx_word' id='word_1_561' title='bbox 728 4517 826 4585; x_wconf 76' lang='grc' dir='ltr'><strong>τῆς</strong></span> <span class='ocrx_word' id='word_1_562' title='bbox 863 4517 1077 4585; x_wconf 76' lang='grc' dir='ltr'><strong>ἡλικίας</strong></span> <span class='ocrx_word' id='word_1_563' title='bbox 1106 4518 1313 4571; x_wconf 83' lang='grc' dir='ltr'><strong>ἁπαλὸν</strong></span> <span class='ocrx_word' id='word_1_564' title='bbox 1349 4519 1751 4586; x_wconf 53' lang='grc' dir='ltr'><strong>εὐεξαπάτητοι]</strong></span> <span class='ocrx_word' id='word_1_565' title='bbox 1786 4514 1829 4569; x_wconf 88' lang='lat' dir='ltr'><strong>D</strong></span> 
     </span>
    </p>
   </div>
   <div class='ocr_carea' id='block_1_80' title="bbox 182 4609 1753 4683">
    <p class='ocr_par' dir='ltr' id='par_1_80' title="bbox 182 4609 1753 4683">
     <span class='ocr_line' id='line_1_80' title="bbox 182 4609 1753 4683; baseline -0.004 -15"><span class='ocrx_word' id='word_1_566' title='bbox 182 4614 406 4683; x_wconf 82' lang='grc' dir='ltr'><strong>νομίσαι</strong></span> <span class='ocrx_word' id='word_1_567' title='bbox 448 4614 567 4674; x_wconf 79' lang='grc' dir='ltr'><strong>ταῖς</strong></span> <span class='ocrx_word' id='word_1_568' title='bbox 604 4614 723 4674; x_wconf 86' lang='grc' dir='ltr'><strong>σαῖς</strong></span> <span class='ocrx_word' id='word_1_569' title='bbox 754 4612 1043 4673; x_wconf 71' lang='grc' dir='ltr'><strong>ἐπινοίαις.</strong></span> <span class='ocrx_word' id='word_1_570' title='bbox 1089 4613 1147 4663; x_wconf 86' lang='grc' dir='ltr'><strong>Ὀ</strong></span> <span class='ocrx_word' id='word_1_571' title='bbox 1173 4614 1279 4681; x_wconf 76' lang='grc' dir='ltr'><strong>γάρ</strong></span> <span class='ocrx_word' id='word_1_572' title='bbox 1308 4611 1443 4678; x_wconf 82' lang='grc' dir='ltr'><strong>πρὸς</strong></span> <span class='ocrx_word' id='word_1_573' title='bbox 1469 4612 1563 4661; x_wconf 72' lang='grc' dir='ltr'><strong>τὸν</strong></span> <span class='ocrx_word' id='word_1_574' title='bbox 1590 4609 1753 4663; x_wconf 86' lang='grc' dir='ltr'><strong>αύτοῦ</strong></span> 
     </span>
    </p>
   </div>
   <div class='ocr_carea' id='block_1_81' title="bbox 185 4699 1756 4775">
    <p class='ocr_par' dir='ltr' id='par_1_81' title="bbox 185 4699 1756 4775">
     <span class='ocr_line' id='line_1_81' title="bbox 185 4699 1756 4775; baseline -0.003 -19"><span class='ocrx_word' id='word_1_575' title='bbox 185 4705 371 4775; x_wconf 68' lang='grc' dir='ltr'><strong>ἔρωτα</strong></span> <span class='ocrx_word' id='word_1_576' title='bbox 399 4704 693 4771; x_wconf 82' lang='grc' dir='ltr'><strong>πτερώσας</strong></span> <span class='ocrx_word' id='word_1_577' title='bbox 726 4703 899 4771; x_wconf 75' lang='grc' dir='ltr'><strong>ἡμᾶς,</strong></span> <span class='ocrx_word' id='word_1_578' title='bbox 931 4704 1025 4753; x_wconf 79' lang='grc' dir='ltr'><strong>και</strong></span> <span class='ocrx_word' id='word_1_579' title='bbox 1058 4702 1191 4767; x_wconf 85' lang='grc' dir='ltr'><strong>πρὸς</strong></span> <span class='ocrx_word' id='word_1_580' title='bbox 1216 4702 1307 4751; x_wconf 79' lang='grc' dir='ltr'><strong>τὸν</strong></span> <span class='ocrx_word' id='word_1_581' title='bbox 1340 4701 1482 4753; x_wconf 84' lang='grc' dir='ltr'><strong>κατά</strong></span> <span class='ocrx_word' id='word_1_582' title='bbox 1518 4699 1633 4763; x_wconf 85' lang='grc' dir='ltr'><strong>σοῦ,</strong></span> <span class='ocrx_word' id='word_1_583' title='bbox 1664 4702 1756 4753; x_wconf 75' lang='grc' dir='ltr'><strong>καὶ</strong></span> 
     </span>
    </p>
   </div>
   <div class='ocr_carea' id='block_1_82' title="bbox 183 4792 1755 4863">
    <p class='ocr_par' dir='ltr' id='par_1_82' title="bbox 183 4792 1755 4863">
     <span class='ocr_line' id='line_1_82' title="bbox 183 4792 1755 4863; baseline -0.003 -15"><span class='ocrx_word' id='word_1_584' title='bbox 183 4796 284 4848; x_wconf 79' lang='grc' dir='ltr'><strong>τοῦ</strong></span> <span class='ocrx_word' id='word_1_585' title='bbox 328 4794 584 4845; x_wconf 84' lang='grc' dir='ltr'><strong>διαϐόλου</strong></span> <span class='ocrx_word' id='word_1_586' title='bbox 639 4794 879 4861; x_wconf 85' lang='grc' dir='ltr'><strong>πόλεμον</strong></span> <span class='ocrx_word' id='word_1_587' title='bbox 928 4792 1287 4855; x_wconf 83' lang='grc' dir='ltr'><strong>καθοπλίσας,</strong></span> <span class='ocrx_word' id='word_1_588' title='bbox 1322 4792 1481 4853; x_wconf 79' lang='grc' dir='ltr'><strong>αὐτὸς</strong></span> <span class='ocrx_word' id='word_1_589' title='bbox 1513 4793 1607 4844; x_wconf 61' lang='grc' dir='ltr'><strong>καὶ</strong></span> <span class='ocrx_word' id='word_1_590' title='bbox 1656 4792 1755 4863; x_wconf 81' lang='grc' dir='ltr'><strong>τὴν</strong></span> 
     </span>
    </p>
   </div>
   <div class='ocr_carea' id='block_1_83' title="bbox 183 4884 1756 4955">
    <p class='ocr_par' dir='ltr' id='par_1_83' title="bbox 183 4884 1756 4955">
     <span class='ocr_line' id='line_1_83' title="bbox 183 4884 1756 4955; baseline -0.004 -14"><span class='ocrx_word' id='word_1_591' title='bbox 183 4887 421 4955; x_wconf 84' lang='grc' dir='ltr'><strong>δύναμιν</strong></span> <span class='ocrx_word' id='word_1_592' title='bbox 446 4884 626 4955; x_wconf 77' lang='grc' dir='ltr'><strong>ὀρέξει</strong></span> <span class='ocrx_word' id='word_1_593' title='bbox 654 4922 668 4949; x_wconf 90' lang='grc'><strong>,</strong></span> <span class='ocrx_word' id='word_1_594' title='bbox 702 4885 797 4935; x_wconf 76' lang='lat' dir='ltr'><strong>xa‘t</strong></span> <span class='ocrx_word' id='word_1_595' title='bbox 827 4887 925 4954; x_wconf 77' lang='grc' dir='ltr'><strong>τὴν</strong></span> <span class='ocrx_word' id='word_1_596' title='bbox 963 4887 1119 4955; x_wconf 88' lang='grc' dir='ltr'><strong>νίκην</strong></span> <span class='ocrx_word' id='word_1_597' title='bbox 1150 4887 1631 4955; x_wconf 81' lang='grc' dir='ltr'><strong>περιφανεστάτην</strong></span> <span class='ocrx_word' id='word_1_598' title='bbox 1665 4888 1756 4954; x_wconf 84' lang='grc' dir='ltr'><strong>ἐρ-</strong></span> 
     </span>
    </p>
   </div>
   <div class='ocr_carea' id='block_1_84' title="bbox 184 4981 443 5047">
    <p class='ocr_par' dir='ltr' id='par_1_84' title="bbox 184 4981 443 5047">
     <span class='ocr_line' id='line_1_84' title="bbox 184 4981 443 5047; baseline -0.008 -14"><span class='ocrx_word' id='word_1_599' title='bbox 184 4981 443 5047; x_wconf 74' lang='grc' dir='ltr'><strong>γάσεται.</strong></span> 
     </span>
    </p>
   </div>
   <div class='ocr_carea' id='block_1_85' title="bbox 254 5067 1755 5140">
    <p class='ocr_par' dir='ltr' id='par_1_85' title="bbox 254 5067 1755 5140">
     <span class='ocr_line' id='line_1_85' title="bbox 254 5067 1755 5140; baseline -0.001 -17"><span class='ocrx_word' id='word_1_600' title='bbox 254 5067 337 5123; x_wconf 87' lang='grc' dir='ltr'><strong>Θ’.</strong></span> <span class='ocrx_word' id='word_1_601' title='bbox 381 5068 606 5130; x_wconf 83' lang='grc' dir='ltr'><strong>Τούτοις</strong></span> <span class='ocrx_word' id='word_1_602' title='bbox 642 5070 675 5137; x_wconf 79' lang='grc' dir='ltr'><strong>ἠ</strong></span> <span class='ocrx_word' id='word_1_603' title='bbox 702 5068 914 5139; x_wconf 86' lang='grc' dir='ltr'><strong>μάρτυς</strong></span> <span class='ocrx_word' id='word_1_604' title='bbox 963 5068 1496 5140; x_wconf 74' lang='grc' dir='ltr'><strong>πεπαρῤησιασμένῃ</strong></span> <span class='ocrx_word' id='word_1_605' title='bbox 1540 5069 1755 5140; x_wconf 80' lang='grc' dir='ltr'><strong>γλώττῃ</strong></span> 
     </span>
    </p>
   </div>
   <div class='ocr_carea' id='block_1_86' title="bbox 182 5158 1756 5230">
    <p class='ocr_par' dir='ltr' id='par_1_86' title="bbox 182 5158 1756 5230">
     <span class='ocr_line' id='line_1_86' title="bbox 182 5158 1756 5230; baseline -0.001 -16"><span class='ocrx_word' id='word_1_606' title='bbox 182 5162 279 5214; x_wconf 79' lang='grc' dir='ltr'><strong>τοῦ</strong></span> <span class='ocrx_word' id='word_1_607' title='bbox 314 5161 581 5230; x_wconf 81' lang='grc' dir='ltr'><strong>τυράννου</strong></span> <span class='ocrx_word' id='word_1_608' title='bbox 619 5161 805 5227; x_wconf 84' lang='grc' dir='ltr'><strong>σαφῶς</strong></span> <span class='ocrx_word' id='word_1_609' title='bbox 845 5158 1392 5230; x_wconf 77' lang='grc' dir='ltr'><strong>καταρητορεύσασα,</strong></span> <span class='ocrx_word' id='word_1_610' title='bbox 1428 5161 1756 5230; x_wconf 72' lang='grc' dir='ltr'><strong>ἐρῤαπίζετο</strong></span> 
     </span>
    </p>
   </div>
   <div class='ocr_carea' id='block_1_87' title="bbox 181 5251 1754 5321">
    <p class='ocr_par' dir='ltr' id='par_1_87' title="bbox 181 5251 1754 5321">
     <span class='ocr_line' id='line_1_87' title="bbox 181 5251 1754 5321; baseline -0.001 -16"><span class='ocrx_word' id='word_1_611' title='bbox 181 5256 283 5314; x_wconf 71' lang='grc' dir='ltr'><strong>τὰς</strong></span> <span class='ocrx_word' id='word_1_612' title='bbox 317 5253 554 5321; x_wconf 86' lang='grc' dir='ltr'><strong>παρείας</strong></span> <span class='ocrx_word' id='word_1_613' title='bbox 592 5252 989 5320; x_wconf 76' lang='grc' dir='ltr'><strong>ἀπηνέστερον,</strong></span> <span class='ocrx_word' id='word_1_614' title='bbox 1035 5256 1126 5303; x_wconf 76' lang='grc' dir='ltr'><strong>καὶ</strong></span> <span class='ocrx_word' id='word_1_615' title='bbox 1173 5251 1297 5318; x_wconf 72' lang='grc' dir='ltr'><strong>ὀψιν</strong></span> <span class='ocrx_word' id='word_1_616' title='bbox 1333 5253 1568 5320; x_wconf 72' lang='grc' dir='ltr'><strong>ἰσχυρῶς</strong></span> <span class='ocrx_word' id='word_1_617' title='bbox 1630 5270 1754 5303; x_wconf 88' lang='grc' dir='ltr'><strong>συν-</strong></span> 
     </span>
    </p>
   </div>
   <div class='ocr_carea' id='block_1_88' title="bbox 183 5336 1751 5409">
    <p class='ocr_par' dir='ltr' id='par_1_88' title="bbox 183 5336 1751 5409">
     <span class='ocr_line' id='line_1_88' title="bbox 183 5336 1751 5409; baseline 0 -17"><span class='ocrx_word' id='word_1_618' title='bbox 183 5340 469 5409; x_wconf 70' lang='grc' dir='ltr'><strong>ετρίϐετο,</strong></span> <span class='ocrx_word' id='word_1_619' title='bbox 511 5338 574 5391; x_wconf 74' lang='grc' dir='ltr'><strong>τὸ</strong></span> <span class='ocrx_word' id='word_1_620' title='bbox 608 5338 665 5389; x_wconf 74' lang='grc' dir='ltr'><strong>δὲ</strong></span> <span class='ocrx_word' id='word_1_621' title='bbox 698 5336 798 5398; x_wconf 73' lang='grc' dir='ltr'><strong>τῆς</strong></span> <span class='ocrx_word' id='word_1_622' title='bbox 844 5342 1063 5405; x_wconf 76' lang='grc' dir='ltr'><strong>μορφῆς</strong></span> <span class='ocrx_word' id='word_1_623' title='bbox 1095 5338 1321 5407; x_wconf 75' lang='grc' dir='ltr'><strong>ἐπίχαρι</strong></span> <span class='ocrx_word' id='word_1_624' title='bbox 1364 5341 1751 5409; x_wconf 84' lang='grc' dir='ltr'><strong>καθηλλοίωτο,</strong></span> 
     </span>
    </p>
   </div>
   <div class='ocr_carea' id='block_1_89' title="bbox 184 5427 1755 5502">
    <p class='ocr_par' dir='ltr' id='par_1_89' title="bbox 184 5427 1755 5502">
     <span class='ocr_line' id='line_1_89' title="bbox 184 5427 1755 5502; baseline 0.002 -20"><span class='ocrx_word' id='word_1_625' title='bbox 184 5431 285 5484; x_wconf 72' lang='grc' dir='ltr'><strong>καὶ</strong></span> <span class='ocrx_word' id='word_1_626' title='bbox 314 5431 376 5481; x_wconf 81' lang='grc' dir='ltr'><strong>τὸ</strong></span> <span class='ocrx_word' id='word_1_627' title='bbox 420 5430 520 5499; x_wconf 80' lang='grc' dir='ltr'><strong>τῆς</strong></span> <span class='ocrx_word' id='word_1_628' title='bbox 573 5431 756 5498; x_wconf 82' lang='grc' dir='ltr'><strong>φωνῆς</strong></span> <span class='ocrx_word' id='word_1_629' title='bbox 792 5427 1082 5481; x_wconf 76' lang='grc' dir='ltr'><strong>ἐσϐέννυτο</strong></span> <span class='ocrx_word' id='word_1_630' title='bbox 1134 5431 1389 5497; x_wconf 71' lang='grc' dir='ltr'><strong>ὄργανον,</strong></span> <span class='ocrx_word' id='word_1_631' title='bbox 1429 5436 1492 5501; x_wconf 81' lang='grc' dir='ltr'><strong>τῇ</strong></span> <span class='ocrx_word' id='word_1_632' title='bbox 1541 5436 1755 5502; x_wconf 84' lang='grc' dir='ltr'><strong>συνεχεί</strong></span> 
     </span>
    </p>
   </div>
   <div class='ocr_carea' id='block_1_90' title="bbox 184 5521 1754 5598">
    <p class='ocr_par' dir='ltr' id='par_1_90' title="bbox 184 5521 1754 5598">
     <span class='ocr_line' id='line_1_90' title="bbox 184 5521 1754 5598; baseline 0.004 -25"><span class='ocrx_word' id='word_1_633' title='bbox 184 5521 299 5573; x_wconf 80' lang='grc' dir='ltr'><strong>τῶν</strong></span> <span class='ocrx_word' id='word_1_634' title='bbox 331 5524 696 5593; x_wconf 71' lang='grc' dir='ltr'><strong>ῥαπισμάτων</strong></span> <span class='ocrx_word' id='word_1_635' title='bbox 728 5526 992 5594; x_wconf 71' lang='grc' dir='ltr'><strong>ἐπιφορᾷ.</strong></span> <span class='ocrx_word' id='word_1_636' title='bbox 1020 5526 1162 5594; x_wconf 78' lang='grc' dir='ltr'><strong>Πρὸς</strong></span> <span class='ocrx_word' id='word_1_637' title='bbox 1192 5525 1364 5577; x_wconf 81' lang='grc' dir='ltr'><strong>ταῦτα</strong></span> <span class='ocrx_word' id='word_1_638' title='bbox 1394 5523 1507 5596; x_wconf 77' lang='grc' dir='ltr'><strong>εἶχε</strong></span> <span class='ocrx_word' id='word_1_639' title='bbox 1546 5528 1642 5598; x_wconf 73' lang='grc' dir='ltr'><strong>μὶν</strong></span> <span class='ocrx_word' id='word_1_640' title='bbox 1662 5529 1754 5579; x_wconf 83' lang='grc' dir='ltr'><strong>τὸν</strong></span> 
     </span>
    </p>
   </div>
   <div class='ocr_carea' id='block_1_91' title="bbox 185 5614 1755 5691">
    <p class='ocr_par' dir='ltr' id='par_1_91' title="bbox 185 5614 1755 5691">
     <span class='ocr_line' id='line_1_91' title="bbox 185 5614 1755 5691; baseline 0.006 -26"><span class='ocrx_word' id='word_1_641' title='bbox 185 5614 415 5683; x_wconf 73' lang='grc' dir='ltr'><strong>ἀδελφὸν</strong></span> <span class='ocrx_word' id='word_1_642' title='bbox 446 5615 860 5684; x_wconf 73' lang='grc' dir='ltr'><strong>ὲπιρῤωννύντα</strong></span> <span class='ocrx_word' id='word_1_643' title='bbox 893 5620 984 5669; x_wconf 73' lang='grc' dir='ltr'><strong>καὶ</strong></span> <span class='ocrx_word' id='word_1_644' title='bbox 1013 5620 1429 5688; x_wconf 78' lang='grc' dir='ltr'><strong>παραθήγοντα,</strong></span> <span class='ocrx_word' id='word_1_645' title='bbox 1463 5665 1474 5673; x_wconf 90' lang='grc'>.</span> <span class='ocrx_word' id='word_1_646' title='bbox 1498 5624 1592 5673; x_wconf 81' lang='grc' dir='ltr'><strong>καὶ</strong></span> <span class='ocrx_word' id='word_1_647' title='bbox 1621 5623 1755 5691; x_wconf 73' lang='grc' dir='ltr'><strong>πρὸς</strong></span> 
     </span>
    </p>
   </div>
   <div class='ocr_carea' id='block_1_92' title="bbox 187 5704 1758 5785">
    <p class='ocr_par' dir='ltr' id='par_1_92' title="bbox 187 5704 1758 5785">
     <span class='ocr_line' id='line_1_92' title="bbox 187 5704 1758 5785; baseline 0.008 -31"><span class='ocrx_word' id='word_1_648' title='bbox 187 5704 287 5766; x_wconf 71' lang='grc' dir='ltr'><strong>τὰς</strong></span> <span class='ocrx_word' id='word_1_649' title='bbox 320 5705 591 5773; x_wconf 81' lang='grc' dir='ltr'><strong>βασάνους</strong></span> <span class='ocrx_word' id='word_1_650' title='bbox 638 5708 1036 5779; x_wconf 80' lang='grc' dir='ltr'><strong>εὐτολμοτέραν</strong></span> <span class='ocrx_word' id='word_1_651' title='bbox 1079 5707 1220 5762; x_wconf 84' lang='grc' dir='ltr'><strong>εἶναι</strong></span> <span class='ocrx_word' id='word_1_652' title='bbox 1251 5714 1507 5764; x_wconf 82' lang='grc' dir='ltr'><strong>ποιοῦντα</strong></span> <span class='ocrx_word' id='word_1_653' title='bbox 1537 5731 1548 5742; x_wconf 95' lang='grc'><strong>·</strong></span> <span class='ocrx_word' id='word_1_654' title='bbox 1577 5716 1758 5785; x_wconf 79' lang='grc' dir='ltr'><strong>ἡνδρί-</strong></span> 
     </span>
    </p>
   </div>
   <div class='ocr_carea' id='block_1_93' title="bbox 189 5793 1756 5875">
    <p class='ocr_par' dir='ltr' id='par_1_93' title="bbox 189 5793 1756 5875">
     <span class='ocr_line' id='line_1_93' title="bbox 189 5793 1756 5875; baseline 0.01 -30"><span class='ocrx_word' id='word_1_655' title='bbox 189 5793 313 5858; x_wconf 74' lang='grc' dir='ltr'><strong>ζετο</strong></span> <span class='ocrx_word' id='word_1_656' title='bbox 351 5794 407 5849; x_wconf 67' lang='grc' dir='ltr'><strong>δὲ</strong></span> <span class='ocrx_word' id='word_1_657' title='bbox 434 5799 526 5850; x_wconf 71' lang='grc' dir='ltr'><strong>καὶ</strong></span> <span class='ocrx_word' id='word_1_658' title='bbox 559 5797 703 5870; x_wconf 74' lang='grc' dir='ltr'><strong>αὑτὴ</strong></span> <span class='ocrx_word' id='word_1_659' title='bbox 738 5799 861 5851; x_wconf 83' lang='grc' dir='ltr'><strong>καθ’</strong></span> <span class='ocrx_word' id='word_1_660' title='bbox 907 5800 1030 5853; x_wconf 81' lang='grc' dir='ltr'><strong>ὅσον</strong></span> <span class='ocrx_word' id='word_1_661' title='bbox 1074 5795 1184 5855; x_wconf 78' lang='grc' dir='ltr'><strong>οἷόν</strong></span> <span class='ocrx_word' id='word_1_662' title='bbox 1215 5818 1273 5853; x_wconf 83' lang='grc' dir='ltr'><strong>τε</strong></span> <span class='ocrx_word' id='word_1_663' title='bbox 1330 5804 1425 5855; x_wconf 75' lang='lat' dir='ltr'><strong>xai</strong></span> <span class='ocrx_word' id='word_1_664' title='bbox 1473 5804 1756 5875; x_wconf 80' lang='grc' dir='ltr'><strong>λογισμοῖς</strong></span> 
     </span>
    </p>
   </div>
   <div class='ocr_carea' id='block_1_94' title="bbox 1853 3340 3432 3406">
    <p class='ocr_par' dir='ltr' id='par_1_94' title="bbox 1853 3340 3432 3406">
     <span class='ocr_line' id='line_1_94' title="bbox 1853 3340 3432 3406; baseline 0.004 -13"><span class='ocrx_word' id='word_1_665' title='bbox 1853 3340 2162 3395; x_wconf 73' lang='lat' dir='ltr'><strong>exsultatio.</strong></span> <span class='ocrx_word' id='word_1_666' title='bbox 2198 3343 2333 3395; x_wconf 86' lang='lat' dir='ltr'><strong>Eum</strong></span> <span class='ocrx_word' id='word_1_667' title='bbox 2379 3360 2524 3406; x_wconf 88' lang='lat' dir='ltr'><strong>amo,</strong></span> <span class='ocrx_word' id='word_1_668' title='bbox 2554 3348 2603 3399; x_wconf 83' lang='lat' dir='ltr'><strong>ei</strong></span> <span class='ocrx_word' id='word_1_669' title='bbox 2649 3346 2841 3398; x_wconf 90' lang='lat' dir='ltr'><strong>studeo</strong></span> <span class='ocrx_word' id='word_1_670' title='bbox 2872 3347 3187 3399; x_wconf 78' lang='lat' dir='ltr'><strong>sacrificari.</strong></span> <span class='ocrx_word' id='word_1_671' title='bbox 3228 3347 3331 3400; x_wconf 78' lang='lat' dir='ltr'><strong>Pro</strong></span> <span class='ocrx_word' id='word_1_672' title='bbox 3365 3362 3432 3400; x_wconf 88' lang='lat' dir='ltr'><strong>eo</strong></span> 
     </span>
    </p>
   </div>
   <div class='ocr_carea' id='block_1_95' title="bbox 1852 3436 3431 3507">
    <p class='ocr_par' dir='ltr' id='par_1_95' title="bbox 1852 3436 3431 3507">
     <span class='ocr_line' id='line_1_95' title="bbox 1852 3436 3431 3507; baseline 0.004 -22"><span class='ocrx_word' id='word_1_673' title='bbox 1852 3442 1909 3485; x_wconf 87' lang='lat' dir='ltr'><strong>et</strong></span> <span class='ocrx_word' id='word_1_674' title='bbox 1934 3436 2110 3501; x_wconf 82' lang='lat' dir='ltr'><strong>ignem</strong></span> <span class='ocrx_word' id='word_1_675' title='bbox 2148 3450 2297 3502; x_wconf 89' lang='lat' dir='ltr'><strong>para,</strong></span> <span class='ocrx_word' id='word_1_676' title='bbox 2331 3446 2384 3489; x_wconf 90' lang='lat' dir='ltr'><strong>et</strong></span> <span class='ocrx_word' id='word_1_677' title='bbox 2433 3438 2536 3491; x_wconf 90' lang='lat' dir='ltr'><strong>duc</strong></span> <span class='ocrx_word' id='word_1_678' title='bbox 2588 3437 2813 3501; x_wconf 82' lang='lat' dir='ltr'><strong>bestias,</strong></span> <span class='ocrx_word' id='word_1_679' title='bbox 2856 3450 2912 3491; x_wconf 90' lang='lat' dir='ltr'><strong>et</strong></span> <span class='ocrx_word' id='word_1_680' title='bbox 2956 3440 3102 3491; x_wconf 82' lang='lat' dir='ltr'><strong>rotas</strong></span> <span class='ocrx_word' id='word_1_681' title='bbox 3136 3438 3348 3507; x_wconf 81' lang='lat' dir='ltr'><strong>expedi,</strong></span> <span class='ocrx_word' id='word_1_682' title='bbox 3375 3447 3431 3493; x_wconf 89' lang='lat' dir='ltr'><strong>et</strong></span> 
     </span>
    </p>
   </div>
   <div class='ocr_carea' id='block_1_96' title="bbox 1856 3530 3430 3599">
    <p class='ocr_par' dir='ltr' id='par_1_96' title="bbox 1856 3530 3430 3599">
     <span class='ocr_line' id='line_1_96' title="bbox 1856 3530 3430 3599; baseline 0.006 -22"><span class='ocrx_word' id='word_1_683' title='bbox 1856 3530 2059 3594; x_wconf 72' lang='lat' dir='ltr'><strong>stringe</strong></span> <span class='ocrx_word' id='word_1_684' title='bbox 2098 3541 2276 3589; x_wconf 88' lang='lat' dir='ltr'><strong>enses,</strong></span> <span class='ocrx_word' id='word_1_685' title='bbox 2306 3538 2361 3580; x_wconf 92' lang='lat' dir='ltr'><strong>et</strong></span> <span class='ocrx_word' id='word_1_686' title='bbox 2410 3535 2652 3599; x_wconf 79' lang='lat' dir='ltr'><strong>excogita</strong></span> <span class='ocrx_word' id='word_1_687' title='bbox 2704 3547 2865 3583; x_wconf 91' lang='lat' dir='ltr'><strong>omne</strong></span> <span class='ocrx_word' id='word_1_688' title='bbox 2896 3532 3041 3584; x_wconf 84' lang='lat' dir='ltr'><strong>aliud</strong></span> <span class='ocrx_word' id='word_1_689' title='bbox 3078 3540 3430 3594; x_wconf 83' lang='lat' dir='ltr'><strong>tormentum,</strong></span> 
     </span>
    </p>
   </div>
   <div class='ocr_carea' id='block_1_97' title="bbox 1856 3618 3428 3688">
    <p class='ocr_par' dir='ltr' id='par_1_97' title="bbox 1856 3618 3428 3688">
     <span class='ocr_line' id='line_1_97' title="bbox 1856 3618 3428 3688; baseline 0.004 -21"><span class='ocrx_word' id='word_1_690' title='bbox 1856 3626 1913 3667; x_wconf 91' lang='lat' dir='ltr'><strong>ut</strong></span> <span class='ocrx_word' id='word_1_691' title='bbox 1940 3618 2078 3669; x_wconf 84' lang='lat' dir='ltr'><strong>scias</strong></span> <span class='ocrx_word' id='word_1_692' title='bbox 2114 3632 2198 3671; x_wconf 87' lang='lat' dir='ltr'><strong>me</strong></span> <span class='ocrx_word' id='word_1_693' title='bbox 2243 3634 2347 3670; x_wconf 88' lang='lat' dir='ltr'><strong>non</strong></span> <span class='ocrx_word' id='word_1_694' title='bbox 2390 3633 2507 3670; x_wconf 82' lang='lat' dir='ltr'><strong>esse</strong></span> <span class='ocrx_word' id='word_1_695' title='bbox 2558 3628 2663 3670; x_wconf 85' lang='lat' dir='ltr'><strong>tam</strong></span> <span class='ocrx_word' id='word_1_696' title='bbox 2697 3620 2871 3688; x_wconf 75' lang='lat' dir='ltr'><strong>ignavi</strong></span> <span class='ocrx_word' id='word_1_697' title='bbox 2908 3631 2961 3674; x_wconf 82' lang='lat' dir='ltr'><strong>et</strong></span> <span class='ocrx_word' id='word_1_698' title='bbox 3009 3621 3184 3688; x_wconf 84' lang='lat' dir='ltr'><strong>pusilli</strong></span> <span class='ocrx_word' id='word_1_699' title='bbox 3241 3622 3428 3674; x_wconf 86' lang='lat' dir='ltr'><strong>animi.</strong></span> 
     </span>
    </p>
   </div>
   <div class='ocr_carea' id='block_1_98' title="bbox 1856 3704 3431 3779">
    <p class='ocr_par' dir='ltr' id='par_1_98' title="bbox 1856 3704 3431 3779">
     <span class='ocr_line' id='line_1_98' title="bbox 1856 3704 3431 3779; baseline 0.006 -21"><span class='ocrx_word' id='word_1_700' title='bbox 1856 3704 1989 3767; x_wconf 87' lang='lat' dir='ltr'><strong>Hoc,</strong></span> <span class='ocrx_word' id='word_1_701' title='bbox 2010 3709 2152 3772; x_wconf 84' lang='lat' dir='ltr'><strong>quod</strong></span> <span class='ocrx_word' id='word_1_702' title='bbox 2186 3725 2282 3775; x_wconf 88' lang='lat' dir='ltr'><strong>pro</strong></span> <span class='ocrx_word' id='word_1_703' title='bbox 2311 3710 2506 3775; x_wconf 83' lang='lat' dir='ltr'><strong>pietate</strong></span> <span class='ocrx_word' id='word_1_704' title='bbox 2537 3712 2829 3779; x_wconf 87' lang='lat' dir='ltr'><strong>suscipitur</strong></span> <span class='ocrx_word' id='word_1_705' title='bbox 2857 3720 3153 3773; x_wconf 87' lang='lat' dir='ltr'><strong>certamen,</strong></span> <span class='ocrx_word' id='word_1_706' title='bbox 3178 3713 3244 3765; x_wconf 92' lang='lat' dir='ltr'><strong>ad</strong></span> <span class='ocrx_word' id='word_1_707' title='bbox 3270 3715 3431 3767; x_wconf 75' lang='lat' dir='ltr'><strong>linem</strong></span> 
     </span>
    </p>
   </div>
   <div class='ocr_carea' id='block_1_99' title="bbox 1859 3797 3431 3871">
    <p class='ocr_par' dir='ltr' id='par_1_99' title="bbox 1859 3797 3431 3871">
     <span class='ocr_line' id='line_1_99' title="bbox 1859 3797 3431 3871; baseline 0.007 -23"><span class='ocrx_word' id='word_1_708' title='bbox 1859 3813 2028 3865; x_wconf 83' lang='lat' dir='ltr'><strong>usque</strong></span> <span class='ocrx_word' id='word_1_709' title='bbox 2077 3797 2362 3851; x_wconf 83' lang='lat' dir='ltr'><strong>decertabo</strong></span> <span class='ocrx_word' id='word_1_710' title='bbox 2413 3810 2465 3852; x_wconf 89' lang='lat' dir='ltr'><strong>et</strong></span> <span class='ocrx_word' id='word_1_711' title='bbox 2516 3816 2788 3868; x_wconf 74' lang='lat' dir='ltr'><strong>peragam,</strong></span> <span class='ocrx_word' id='word_1_712' title='bbox 2828 3813 2883 3855; x_wconf 89' lang='lat' dir='ltr'><strong>et</strong></span> <span class='ocrx_word' id='word_1_713' title='bbox 2928 3806 3190 3871; x_wconf 88' lang='lat' dir='ltr'><strong>meipsam</strong></span> <span class='ocrx_word' id='word_1_714' title='bbox 3226 3807 3431 3859; x_wconf 84' lang='lat' dir='ltr'><strong>tradam</strong></span> 
     </span>
    </p>
   </div>
   <div class='ocr_carea' id='block_1_100' title="bbox 1856 3892 3435 3963">
    <p class='ocr_par' dir='ltr' id='par_1_100' title="bbox 1856 3892 3435 3963">
     <span class='ocr_line' id='line_1_100' title="bbox 1856 3892 3435 3963; baseline 0.007 -24"><span class='ocrx_word' id='word_1_715' title='bbox 1856 3892 1920 3940; x_wconf 83' lang='lat' dir='ltr'><strong>ad</strong></span> <span class='ocrx_word' id='word_1_716' title='bbox 1959 3904 2121 3940; x_wconf 89' lang='lat' dir='ltr'><strong>omne</strong></span> <span class='ocrx_word' id='word_1_717' title='bbox 2152 3904 2321 3956; x_wconf 76' lang='lat' dir='ltr'><strong>genus</strong></span> <span class='ocrx_word' id='word_1_718' title='bbox 2357 3892 2628 3960; x_wconf 83' lang='lat' dir='ltr'><strong>supplicii,</strong></span> <span class='ocrx_word' id='word_1_719' title='bbox 2664 3902 2720 3945; x_wconf 90' lang='lat' dir='ltr'><strong>ut</strong></span> <span class='ocrx_word' id='word_1_720' title='bbox 2752 3894 2891 3947; x_wconf 80' lang='lat' dir='ltr'><strong>scias</strong></span> <span class='ocrx_word' id='word_1_721' title='bbox 2921 3910 3006 3947; x_wconf 92' lang='lat' dir='ltr'><strong>me</strong></span> <span class='ocrx_word' id='word_1_722' title='bbox 3051 3910 3171 3947; x_wconf 72' lang='lat' dir='ltr'><strong>es.~e</strong></span> <span class='ocrx_word' id='word_1_723' title='bbox 3203 3897 3323 3963; x_wconf 85' lang='lat' dir='ltr'><strong>ejus</strong></span> <span class='ocrx_word' id='word_1_724' title='bbox 3348 3912 3435 3950; x_wconf 86' lang='lat' dir='ltr'><strong>so-</strong></span> 
     </span>
    </p>
   </div>
   <div class='ocr_carea' id='block_1_101' title="bbox 1857 3976 3432 4053">
    <p class='ocr_par' dir='ltr' id='par_1_101' title="bbox 1857 3976 3432 4053">
     <span class='ocr_line' id='line_1_101' title="bbox 1857 3976 3432 4053; baseline 0.008 -26"><span class='ocrx_word' id='word_1_725' title='bbox 1857 3990 2055 4034; x_wconf 87' lang='lat' dir='ltr'><strong>rorem,</strong></span> <span class='ocrx_word' id='word_1_726' title='bbox 2089 3984 2145 4027; x_wconf 91' lang='lat' dir='ltr'><strong>et</strong></span> <span class='ocrx_word' id='word_1_727' title='bbox 2193 3976 2429 4030; x_wconf 86' lang='lat' dir='ltr'><strong>fraterne</strong></span> <span class='ocrx_word' id='word_1_728' title='bbox 2457 3982 2669 4041; x_wconf 88' lang='lat' dir='ltr'><strong>eadem,</strong></span> <span class='ocrx_word' id='word_1_729' title='bbox 2699 3999 2817 4047; x_wconf 75' lang='lat' dir='ltr'><strong>qua:</strong></span> <span class='ocrx_word' id='word_1_730' title='bbox 2869 3984 2954 4037; x_wconf 89' lang='lat' dir='ltr'><strong>ille</strong></span> <span class='ocrx_word' id='word_1_731' title='bbox 2992 3988 3177 4046; x_wconf 87' lang='lat' dir='ltr'><strong>sentit,</strong></span> <span class='ocrx_word' id='word_1_732' title='bbox 3208 3989 3432 4053; x_wconf 81' lang='lat' dir='ltr'><strong>sentire,</strong></span> 
     </span>
    </p>
   </div>
   <div class='ocr_carea' id='block_1_102' title="bbox 1857 4068 3434 4143">
    <p class='ocr_par' dir='ltr' id='par_1_102' title="bbox 1857 4068 3434 4143">
     <span class='ocr_line' id='line_1_102' title="bbox 1857 4068 3434 4143; baseline 0.008 -24"><span class='ocrx_word' id='word_1_733' title='bbox 1857 4068 1948 4134; x_wconf 86' lang='lat' dir='ltr'><strong>qui</strong></span> <span class='ocrx_word' id='word_1_734' title='bbox 1987 4079 2076 4120; x_wconf 86' lang='lat' dir='ltr'><strong>tua</strong></span> <span class='ocrx_word' id='word_1_735' title='bbox 2121 4081 2383 4122; x_wconf 88' lang='lat' dir='ltr'><strong>tormenta</strong></span> <span class='ocrx_word' id='word_1_736' title='bbox 2418 4086 2523 4122; x_wconf 90' lang='lat' dir='ltr'><strong>nou</strong></span> <span class='ocrx_word' id='word_1_737' title='bbox 2576 4071 2907 4133; x_wconf 79' lang='lat' dir='ltr'><strong>formidavit,</strong></span> <span class='ocrx_word' id='word_1_738' title='bbox 2940 4085 2993 4127; x_wconf 92' lang='lat' dir='ltr'><strong>et</strong></span> <span class='ocrx_word' id='word_1_739' title='bbox 3026 4092 3087 4128; x_wconf 88' lang='lat' dir='ltr'><strong>ea</strong></span> <span class='ocrx_word' id='word_1_740' title='bbox 3114 4094 3233 4143; x_wconf 83' lang='lat' dir='ltr'><strong>qua:</strong></span> <span class='ocrx_word' id='word_1_741' title='bbox 3278 4078 3434 4143; x_wconf 84' lang='lat' dir='ltr'><strong>colis,</strong></span> 
     </span>
    </p>
   </div>
   <div class='ocr_carea' id='block_1_103' title="bbox 1857 4156 3433 4236">
    <p class='ocr_par' dir='ltr' id='par_1_103' title="bbox 1857 4156 3433 4236">
     <span class='ocr_line' id='line_1_103' title="bbox 1857 4156 3433 4236; baseline 0.009 -24"><span class='ocrx_word' id='word_1_742' title='bbox 1857 4156 2144 4213; x_wconf 82' lang='lat' dir='ltr'><strong>simulacra</strong></span> <span class='ocrx_word' id='word_1_743' title='bbox 2194 4163 2380 4215; x_wconf 87' lang='lat' dir='ltr'><strong>diruit.</strong></span> <span class='ocrx_word' id='word_1_744' title='bbox 2438 4163 2604 4217; x_wconf 82' lang='lat' dir='ltr'><strong>Porro</strong></span> <span class='ocrx_word' id='word_1_745' title='bbox 2638 4177 2816 4219; x_wconf 82' lang='lat' dir='ltr'><strong>autem</strong></span> <span class='ocrx_word' id='word_1_746' title='bbox 2870 4182 3054 4219; x_wconf 79' lang='lat' dir='ltr'><strong>rursus</strong></span> <span class='ocrx_word' id='word_1_747' title='bbox 3084 4185 3300 4236; x_wconf 88' lang='lat' dir='ltr'><strong>quoque</strong></span> <span class='ocrx_word' id='word_1_748' title='bbox 3338 4172 3433 4225; x_wconf 89' lang='lat' dir='ltr'><strong>tibi</strong></span> 
     </span>
    </p>
   </div>
   <div class='ocr_carea' id='block_1_104' title="bbox 1858 4252 3437 4323">
    <p class='ocr_par' dir='ltr' id='par_1_104' title="bbox 1858 4252 3437 4323">
     <span class='ocr_line' id='line_1_104' title="bbox 1858 4252 3437 4323; baseline 0.007 -18"><span class='ocrx_word' id='word_1_749' title='bbox 1858 4252 1998 4315; x_wconf 87' lang='lat' dir='ltr'><strong>dico,</strong></span> <span class='ocrx_word' id='word_1_750' title='bbox 2034 4269 2099 4307; x_wconf 87' lang='lat' dir='ltr'><strong>ne</strong></span> <span class='ocrx_word' id='word_1_751' title='bbox 2150 4255 2419 4323; x_wconf 84' lang='lat' dir='ltr'><strong>aspiciens</strong></span> <span class='ocrx_word' id='word_1_752' title='bbox 2450 4257 2515 4308; x_wconf 88' lang='lat' dir='ltr'><strong>ad</strong></span> <span class='ocrx_word' id='word_1_753' title='bbox 2569 4260 2849 4310; x_wconf 78' lang='lat' dir='ltr'><strong>muliebris</strong></span> <span class='ocrx_word' id='word_1_754' title='bbox 2890 4276 3052 4315; x_wconf 81' lang='lat' dir='ltr'><strong>sexus</strong></span> <span class='ocrx_word' id='word_1_755' title='bbox 3100 4264 3437 4316; x_wconf 81' lang='lat' dir='ltr'><strong>imbecillita-</strong></span> 
     </span>
    </p>
   </div>
   <div class='ocr_carea' id='block_1_105' title="bbox 1860 4347 3436 4421">
    <p class='ocr_par' dir='ltr' id='par_1_105' title="bbox 1860 4347 3436 4421">
     <span class='ocr_line' id='line_1_105' title="bbox 1860 4347 3436 4421; baseline 0.007 -26"><span class='ocrx_word' id='word_1_756' title='bbox 1860 4353 1988 4404; x_wconf 83' lang='lat' dir='ltr'><strong>tem,</strong></span> <span class='ocrx_word' id='word_1_757' title='bbox 2025 4360 2212 4412; x_wconf 80' lang='lat' dir='ltr'><strong>speres</strong></span> <span class='ocrx_word' id='word_1_758' title='bbox 2251 4348 2451 4414; x_wconf 85' lang='lat' dir='ltr'><strong>aliquid</strong></span> <span class='ocrx_word' id='word_1_759' title='bbox 2486 4347 2765 4415; x_wconf 71' lang='lat' dir='ltr'><strong>indignum</strong></span> <span class='ocrx_word' id='word_1_760' title='bbox 2798 4359 2981 4402; x_wconf 75' lang='lat' dir='ltr'><strong>tt0$lra</strong></span> <span class='ocrx_word' id='word_1_761' title='bbox 3025 4364 3226 4413; x_wconf 84' lang='lat' dir='ltr'><strong>mente,</strong></span> <span class='ocrx_word' id='word_1_762' title='bbox 3262 4369 3436 4421; x_wconf 86' lang='lat' dir='ltr'><strong>neque</strong></span> 
     </span>
    </p>
   </div>
   <div class='ocr_carea' id='block_1_106' title="bbox 1860 4437 3433 4512">
    <p class='ocr_par' dir='ltr' id='par_1_106' title="bbox 1860 4437 3433 4512">
     <span class='ocr_line' id='line_1_106' title="bbox 1860 4437 3433 4512; baseline 0.008 -26"><span class='ocrx_word' id='word_1_763' title='bbox 1860 4440 2033 4489; x_wconf 74' lang='lat' dir='ltr'><strong>aetatis</strong></span> <span class='ocrx_word' id='word_1_764' title='bbox 2058 4437 2336 4489; x_wconf 85' lang='lat' dir='ltr'><strong>mollitiem</strong></span> <span class='ocrx_word' id='word_1_765' title='bbox 2370 4450 2525 4505; x_wconf 88' lang='lat' dir='ltr'><strong>putes</strong></span> <span class='ocrx_word' id='word_1_766' title='bbox 2552 4441 2658 4492; x_wconf 87' lang='lat' dir='ltr'><strong>tuis</strong></span> <span class='ocrx_word' id='word_1_767' title='bbox 2690 4441 2927 4493; x_wconf 75' lang='lat' dir='ltr'><strong>inventis</strong></span> <span class='ocrx_word' id='word_1_768' title='bbox 2954 4437 3113 4498; x_wconf 82' lang='lat' dir='ltr'><strong>facile</strong></span> <span class='ocrx_word' id='word_1_769' title='bbox 3145 4458 3302 4512; x_wconf 83' lang='lat' dir='ltr'><strong>passe</strong></span> <span class='ocrx_word' id='word_1_770' title='bbox 3334 4447 3433 4499; x_wconf 87' lang='lat' dir='ltr'><strong>de-</strong></span> 
     </span>
    </p>
   </div>
   <div class='ocr_carea' id='block_1_107' title="bbox 1859 4527 3435 4596">
    <p class='ocr_par' dir='ltr' id='par_1_107' title="bbox 1859 4527 3435 4596">
     <span class='ocr_line' id='line_1_107' title="bbox 1859 4527 3435 4596; baseline 0.008 -18"><span class='ocrx_word' id='word_1_771' title='bbox 1859 4527 1984 4596; x_wconf 88' lang='lat' dir='ltr'><strong>cipi.</strong></span> <span class='ocrx_word' id='word_1_772' title='bbox 2018 4527 2120 4591; x_wconf 88' lang='lat' dir='ltr'><strong>Qui</strong></span> <span class='ocrx_word' id='word_1_773' title='bbox 2160 4531 2305 4581; x_wconf 87' lang='lat' dir='ltr'><strong>enim</strong></span> <span class='ocrx_word' id='word_1_774' title='bbox 2356 4545 2453 4581; x_wconf 86' lang='lat' dir='ltr'><strong>nos</strong></span> <span class='ocrx_word' id='word_1_775' title='bbox 2494 4533 2560 4583; x_wconf 90' lang='lat' dir='ltr'><strong>ad</strong></span> <span class='ocrx_word' id='word_1_776' title='bbox 2610 4534 2852 4584; x_wconf 81' lang='lat' dir='ltr'><strong>divinum</strong></span> <span class='ocrx_word' id='word_1_777' title='bbox 2882 4550 3039 4587; x_wconf 87' lang='lat' dir='ltr'><strong>suum</strong></span> <span class='ocrx_word' id='word_1_778' title='bbox 3084 4538 3255 4589; x_wconf 73' lang='lat' dir='ltr'><strong>erexit</strong></span> <span class='ocrx_word' id='word_1_779' title='bbox 3286 4553 3435 4591; x_wconf 85' lang='lat' dir='ltr'><strong>amo-</strong></span> 
     </span>
    </p>
   </div>
   <div class='ocr_carea' id='block_1_108' title="bbox 1860 4622 3432 4697">
    <p class='ocr_par' dir='ltr' id='par_1_108' title="bbox 1860 4622 3432 4697">
     <span class='ocr_line' id='line_1_108' title="bbox 1860 4622 3432 4697; baseline 0.009 -29"><span class='ocrx_word' id='word_1_780' title='bbox 1860 4633 1995 4679; x_wconf 88' lang='lat' dir='ltr'><strong>rem,</strong></span> <span class='ocrx_word' id='word_1_781' title='bbox 2022 4628 2075 4670; x_wconf 83' lang='lat' dir='ltr'><strong>et</strong></span> <span class='ocrx_word' id='word_1_782' title='bbox 2110 4635 2209 4671; x_wconf 90' lang='lat' dir='ltr'><strong>nos</strong></span> <span class='ocrx_word' id='word_1_783' title='bbox 2239 4622 2470 4672; x_wconf 72' lang='lat' dir='ltr'><strong>armavit</strong></span> <span class='ocrx_word' id='word_1_784' title='bbox 2495 4624 2559 4673; x_wconf 92' lang='lat' dir='ltr'><strong>ad</strong></span> <span class='ocrx_word' id='word_1_785' title='bbox 2592 4622 2791 4675; x_wconf 87' lang='lat' dir='ltr'><strong>bellum</strong></span> <span class='ocrx_word' id='word_1_786' title='bbox 2820 4635 3011 4677; x_wconf 85' lang='lat' dir='ltr'><strong>contra</strong></span> <span class='ocrx_word' id='word_1_787' title='bbox 3047 4636 3096 4679; x_wconf 85' lang='lat' dir='ltr'><strong>te</strong></span> <span class='ocrx_word' id='word_1_788' title='bbox 3133 4633 3432 4697; x_wconf 72' lang='lat' dir='ltr'><strong>gerendum</strong></span> 
     </span>
    </p>
   </div>
   <div class='ocr_carea' id='block_1_109' title="bbox 1857 4707 3431 4781">
    <p class='ocr_par' dir='ltr' id='par_1_109' title="bbox 1857 4707 3431 4781">
     <span class='ocr_line' id='line_1_109' title="bbox 1857 4707 3431 4781; baseline 0.01 -22"><span class='ocrx_word' id='word_1_789' title='bbox 1857 4716 1912 4759; x_wconf 91' lang='lat' dir='ltr'><strong>et</strong></span> <span class='ocrx_word' id='word_1_790' title='bbox 1941 4707 2234 4774; x_wconf 87' lang='lat' dir='ltr'><strong>diabolum,</strong></span> <span class='ocrx_word' id='word_1_791' title='bbox 2279 4709 2393 4777; x_wconf 89' lang='lat' dir='ltr'><strong>ipse</strong></span> <span class='ocrx_word' id='word_1_792' title='bbox 2424 4722 2475 4764; x_wconf 88' lang='lat' dir='ltr'><strong>et</strong></span> <span class='ocrx_word' id='word_1_793' title='bbox 2524 4714 2785 4781; x_wconf 77' lang='lat' dir='ltr'><strong>praebebit</strong></span> <span class='ocrx_word' id='word_1_794' title='bbox 2814 4715 2955 4770; x_wconf 87' lang='lat' dir='ltr'><strong>vires</strong></span> <span class='ocrx_word' id='word_1_795' title='bbox 2994 4726 3047 4770; x_wconf 90' lang='lat' dir='ltr'><strong>et</strong></span> <span class='ocrx_word' id='word_1_796' title='bbox 3077 4720 3431 4775; x_wconf 82' lang='lat' dir='ltr'><strong>clarissimam</strong></span> 
     </span>
    </p>
   </div>
   <div class='ocr_carea' id='block_1_110' title="bbox 1857 4798 2385 4858">
    <p class='ocr_par' dir='ltr' id='par_1_110' title="bbox 1857 4798 2385 4858">
     <span class='ocr_line' id='line_1_110' title="bbox 1857 4798 2385 4858; baseline 0.009 -7"><span class='ocrx_word' id='word_1_797' title='bbox 1857 4798 2055 4853; x_wconf 85' lang='lat' dir='ltr'><strong>eiliciet</strong></span> <span class='ocrx_word' id='word_1_798' title='bbox 2082 4802 2385 4858; x_wconf 83' lang='lat' dir='ltr'><strong>victoriam.</strong></span> 
     </span>
    </p>
   </div>
   <div class='ocr_carea' id='block_1_111' title="bbox 1929 5082 3431 5163">
    <p class='ocr_par' dir='ltr' id='par_1_111' title="bbox 1929 5082 3431 5163">
     <span class='ocr_line' id='line_1_111' title="bbox 1929 5082 3431 5163; baseline 0.013 -28"><span class='ocrx_word' id='word_1_799' title='bbox 1929 5082 2021 5139; x_wconf 78' lang='lat' dir='ltr'><strong>1X.</strong></span> <span class='ocrx_word' id='word_1_800' title='bbox 2056 5084 2180 5137; x_wconf 66' lang='lat' dir='ltr'><strong>Haec</strong></span> <span class='ocrx_word' id='word_1_801' title='bbox 2219 5095 2415 5155; x_wconf 75' lang='lat' dir='ltr'><strong>martyr</strong></span> <span class='ocrx_word' id='word_1_802' title='bbox 2447 5087 2627 5157; x_wconf 83' lang='lat' dir='ltr'><strong>lingua</strong></span> <span class='ocrx_word' id='word_1_803' title='bbox 2668 5090 2834 5145; x_wconf 89' lang='lat' dir='ltr'><strong>libera</strong></span> <span class='ocrx_word' id='word_1_804' title='bbox 2879 5104 3066 5163; x_wconf 86' lang='lat' dir='ltr'><strong>aperte</strong></span> <span class='ocrx_word' id='word_1_805' title='bbox 3106 5098 3295 5153; x_wconf 87' lang='lat' dir='ltr'><strong>dicens</strong></span> <span class='ocrx_word' id='word_1_806' title='bbox 3323 5100 3431 5154; x_wconf 85' lang='lat' dir='ltr'><strong>ad-</strong></span> 
     </span>
    </p>
   </div>
   <div class='ocr_carea' id='block_1_112' title="bbox 1861 5176 3431 5259">
    <p class='ocr_par' dir='ltr' id='par_1_112' title="bbox 1861 5176 3431 5259">
     <span class='ocr_line' id='line_1_112' title="bbox 1861 5176 3431 5259; baseline 0.012 -32"><span class='ocrx_word' id='word_1_807' title='bbox 1861 5190 2048 5228; x_wconf 88' lang='lat' dir='ltr'><strong>versus</strong></span> <span class='ocrx_word' id='word_1_808' title='bbox 2072 5176 2379 5243; x_wconf 77' lang='lat' dir='ltr'><strong>tyrannum,</strong></span> <span class='ocrx_word' id='word_1_809' title='bbox 2407 5181 2662 5247; x_wconf 80' lang='lat' dir='ltr'><strong>Colaphos</strong></span> <span class='ocrx_word' id='word_1_810' title='bbox 2683 5184 2835 5250; x_wconf 83' lang='lat' dir='ltr'><strong>genis</strong></span> <span class='ocrx_word' id='word_1_811' title='bbox 2852 5188 3146 5241; x_wconf 87' lang='lat' dir='ltr'><strong>crudeliter</strong></span> <span class='ocrx_word' id='word_1_812' title='bbox 3169 5190 3431 5259; x_wconf 85' lang='lat' dir='ltr'><strong>impaetos</strong></span> 
     </span>
    </p>
   </div>
   <div class='ocr_carea' id='block_1_113' title="bbox 1859 5267 3430 5339">
    <p class='ocr_par' dir='ltr' id='par_1_113' title="bbox 1859 5267 3430 5339">
     <span class='ocr_line' id='line_1_113' title="bbox 1859 5267 3430 5339; baseline 0.013 -20"><span class='ocrx_word' id='word_1_813' title='bbox 1859 5268 2090 5335; x_wconf 79' lang='lat' dir='ltr'><strong>accepit,</strong></span> <span class='ocrx_word' id='word_1_814' title='bbox 2140 5276 2190 5319; x_wconf 86' lang='lat' dir='ltr'><strong>et</strong></span> <span class='ocrx_word' id='word_1_815' title='bbox 2234 5267 2334 5319; x_wconf 90' lang='lat' dir='ltr'><strong>fuit</strong></span> <span class='ocrx_word' id='word_1_816' title='bbox 2380 5270 2499 5335; x_wconf 88' lang='lat' dir='ltr'><strong>ejus</strong></span> <span class='ocrx_word' id='word_1_817' title='bbox 2544 5274 2721 5325; x_wconf 83' lang='lat' dir='ltr'><strong>vultus</strong></span> <span class='ocrx_word' id='word_1_818' title='bbox 2760 5277 3111 5332; x_wconf 80' lang='lat' dir='ltr'><strong>vehementer</strong></span> <span class='ocrx_word' id='word_1_819' title='bbox 3146 5294 3430 5339; x_wconf 85' lang='lat' dir='ltr'><strong>contusus.</strong></span> 
     </span>
    </p>
   </div>
   <div class='ocr_carea' id='block_1_114' title="bbox 1860 5355 3431 5431">
    <p class='ocr_par' dir='ltr' id='par_1_114' title="bbox 1860 5355 3431 5431">
     <span class='ocr_line' id='line_1_114' title="bbox 1860 5355 3431 5431; baseline 0.013 -24"><span class='ocrx_word' id='word_1_820' title='bbox 1860 5355 2061 5409; x_wconf 79' lang='lat' dir='ltr'><strong>Mutata</strong></span> <span class='ocrx_word' id='word_1_821' title='bbox 2096 5367 2179 5409; x_wconf 85' lang='lat' dir='ltr'><strong>est</strong></span> <span class='ocrx_word' id='word_1_822' title='bbox 2208 5360 2386 5408; x_wconf 81' lang='lat' dir='ltr'><strong>autent</strong></span> <span class='ocrx_word' id='word_1_823' title='bbox 2418 5360 2534 5427; x_wconf 87' lang='lat' dir='ltr'><strong>ejus</strong></span> <span class='ocrx_word' id='word_1_824' title='bbox 2573 5360 2757 5414; x_wconf 81' lang='lat' dir='ltr'><strong>fortine</strong></span> <span class='ocrx_word' id='word_1_825' title='bbox 2789 5368 2983 5431; x_wconf 73' lang='lat' dir='ltr'><strong>gratia,</strong></span> <span class='ocrx_word' id='word_1_826' title='bbox 3020 5379 3076 5421; x_wconf 88' lang='lat' dir='ltr'><strong>et</strong></span> <span class='ocrx_word' id='word_1_827' title='bbox 3102 5373 3431 5428; x_wconf 66' lang='lat' dir='ltr'><strong>exstinctum</strong></span> 
     </span>
    </p>
   </div>
   <div class='ocr_carea' id='block_1_115' title="bbox 1859 5449 3431 5519">
    <p class='ocr_par' dir='ltr' id='par_1_115' title="bbox 1859 5449 3431 5519">
     <span class='ocr_line' id='line_1_115' title="bbox 1859 5449 3431 5519; baseline 0.01 -17"><span class='ocrx_word' id='word_1_828' title='bbox 1859 5449 1955 5502; x_wconf 85' lang='lat' dir='ltr'><strong>fuit</strong></span> <span class='ocrx_word' id='word_1_829' title='bbox 1988 5449 2132 5501; x_wconf 81' lang='lat' dir='ltr'><strong>vocis</strong></span> <span class='ocrx_word' id='word_1_830' title='bbox 2176 5450 2597 5503; x_wconf 79' lang='lat' dir='ltr'><strong>instrumentum</strong></span> <span class='ocrx_word' id='word_1_831' title='bbox 2656 5453 2872 5509; x_wconf 82' lang='lat' dir='ltr'><strong>inﬂictis</strong></span> <span class='ocrx_word' id='word_1_832' title='bbox 2905 5464 3249 5515; x_wconf 83' lang='lat' dir='ltr'><strong>continenter</strong></span> <span class='ocrx_word' id='word_1_833' title='bbox 3287 5468 3431 5519; x_wconf 85' lang='lat' dir='ltr'><strong>eola-</strong></span> 
     </span>
    </p>
   </div>
   <div class='ocr_carea' id='block_1_116' title="bbox 1860 5541 3433 5611">
    <p class='ocr_par' dir='ltr' id='par_1_116' title="bbox 1860 5541 3433 5611">
     <span class='ocr_line' id='line_1_116' title="bbox 1860 5541 3433 5611; baseline 0.012 -18"><span class='ocrx_word' id='word_1_834' title='bbox 1860 5541 1999 5610; x_wconf 90' lang='lat' dir='ltr'><strong>phis.</strong></span> <span class='ocrx_word' id='word_1_835' title='bbox 2032 5543 2108 5593; x_wconf 77' lang='lat' dir='ltr'><strong>Ad</strong></span> <span class='ocrx_word' id='word_1_836' title='bbox 2146 5542 2256 5593; x_wconf 69' lang='lat' dir='ltr'><strong>haec</strong></span> <span class='ocrx_word' id='word_1_837' title='bbox 2288 5542 2513 5594; x_wconf 88' lang='lat' dir='ltr'><strong>habebat</strong></span> <span class='ocrx_word' id='word_1_838' title='bbox 2555 5546 2770 5611; x_wconf 81' lang='lat' dir='ltr'><strong>quidem</strong></span> <span class='ocrx_word' id='word_1_839' title='bbox 2818 5546 3034 5602; x_wconf 85' lang='lat' dir='ltr'><strong>fratrem</strong></span> <span class='ocrx_word' id='word_1_840' title='bbox 3064 5568 3181 5607; x_wconf 89' lang='lat' dir='ltr'><strong>eam</strong></span> <span class='ocrx_word' id='word_1_841' title='bbox 3236 5558 3433 5611; x_wconf 83' lang='lat' dir='ltr'><strong>conﬁr-</strong></span> 
     </span>
    </p>
   </div>
   <div class='ocr_carea' id='block_1_117' title="bbox 1860 5629 3429 5702">
    <p class='ocr_par' dir='ltr' id='par_1_117' title="bbox 1860 5629 3429 5702">
     <span class='ocr_line' id='line_1_117' title="bbox 1860 5629 3429 5702; baseline 0.013 -19"><span class='ocrx_word' id='word_1_842' title='bbox 1860 5640 2117 5693; x_wconf 82' lang='lat' dir='ltr'><strong>mantem,</strong></span> <span class='ocrx_word' id='word_1_843' title='bbox 2149 5639 2203 5681; x_wconf 90' lang='lat' dir='ltr'><strong>et</strong></span> <span class='ocrx_word' id='word_1_844' title='bbox 2245 5629 2585 5692; x_wconf 83' lang='lat' dir='ltr'><strong>incitautem,</strong></span> <span class='ocrx_word' id='word_1_845' title='bbox 2636 5645 2689 5686; x_wconf 92' lang='lat' dir='ltr'><strong>et</strong></span> <span class='ocrx_word' id='word_1_846' title='bbox 2730 5637 3072 5693; x_wconf 78' lang='lat' dir='ltr'><strong>audaciorem</strong></span> <span class='ocrx_word' id='word_1_847' title='bbox 3116 5646 3429 5702; x_wconf 84' lang='lat' dir='ltr'><strong>reddentem</strong></span> 
     </span>
    </p>
   </div>
   <div class='ocr_carea' id='block_1_118' title="bbox 1859 5720 3430 5806">
    <p class='ocr_par' dir='ltr' id='par_1_118' title="bbox 1859 5720 3430 5806">
     <span class='ocr_line' id='line_1_118' title="bbox 1859 5720 3430 5806; baseline 0.013 -32"><span class='ocrx_word' id='word_1_848' title='bbox 1859 5722 1923 5775; x_wconf 86' lang='lat' dir='ltr'><strong>ad</strong></span> <span class='ocrx_word' id='word_1_849' title='bbox 1958 5722 2273 5774; x_wconf 85' lang='lat' dir='ltr'><strong>certamina.</strong></span> <span class='ocrx_word' id='word_1_850' title='bbox 2302 5720 2431 5775; x_wconf 80' lang='lat' dir='ltr'><strong>Erat</strong></span> <span class='ocrx_word' id='word_1_851' title='bbox 2452 5733 2629 5775; x_wconf 88' lang='lat' dir='ltr'><strong>autem</strong></span> <span class='ocrx_word' id='word_1_852' title='bbox 2665 5725 2775 5794; x_wconf 86' lang='lat' dir='ltr'><strong>ipsa</strong></span> <span class='ocrx_word' id='word_1_853' title='bbox 2806 5746 3018 5799; x_wconf 85' lang='lat' dir='ltr'><strong>quoque</strong></span> <span class='ocrx_word' id='word_1_854' title='bbox 3042 5734 3230 5799; x_wconf 85' lang='lat' dir='ltr'><strong>virilis,</strong></span> <span class='ocrx_word' id='word_1_855' title='bbox 3254 5743 3430 5806; x_wconf 80' lang='lat' dir='ltr'><strong>quoad</strong></span> 
     </span>
    </p>
   </div>
   <div class='ocr_carea' id='block_1_119' title="bbox 1864 5812 3429 5893">
    <p class='ocr_par' dir='ltr' id='par_1_119' title="bbox 1864 5812 3429 5893">
     <span class='ocr_line' id='line_1_119' title="bbox 1864 5812 3429 5893; baseline 0.013 -28"><span class='ocrx_word' id='word_1_856' title='bbox 1864 5815 1979 5882; x_wconf 84' lang='lat' dir='ltr'><strong>ejus</strong></span> <span class='ocrx_word' id='word_1_857' title='bbox 2015 5812 2129 5867; x_wconf 81' lang='lat' dir='ltr'><strong>fieri</strong></span> <span class='ocrx_word' id='word_1_858' title='bbox 2162 5820 2393 5883; x_wconf 84' lang='lat' dir='ltr'><strong>poterat,</strong></span> <span class='ocrx_word' id='word_1_859' title='bbox 2417 5822 2471 5867; x_wconf 90' lang='lat' dir='ltr'><strong>et</strong></span> <span class='ocrx_word' id='word_1_860' title='bbox 2500 5821 2776 5883; x_wconf 77' lang='lat' dir='ltr'><strong>generosis</strong></span> <span class='ocrx_word' id='word_1_861' title='bbox 2804 5826 3223 5893; x_wconf 75' lang='lat' dir='ltr'><strong>cogitationibus</strong></span> <span class='ocrx_word' id='word_1_862' title='bbox 3257 5831 3429 5885; x_wconf 83' lang='lat' dir='ltr'><strong>imbe-</strong></span> 
     </span>
    </p>
   </div>
  </div>
