3968 6486
519 376 538 438 l
549 378 654 444 063

1799 374 2081 437 MENSlS
2116 372 2478 435 OCTOBER.

3638 367 3759 435 ποθι

516 492 797 550 ciuitatem
827 501 1035 546 naturae
1064 492 1360 548 reficiebat.
1390 492 1494 545 Sed
1528 490 1639 544 haec
1664 496 1770 543 non
1801 495 1959 541 erant
1979 501 2095 538 om-

2216 485 2465 544 νιννσίοις
2526 484 2589 534 τὸ
2640 482 2865 545 ἀσθενὲς
2928 482 3024 550 τῆς
3083 482 3302 550 φύσεως
3360 480 3760 549 ἀνελάμϐανεν.

518 583 652 636 nino
682 582 891 650 praesidi
922 581 1222 637 tolerabilia
1247 579 1453 636 videnti
1477 590 1530 634 et
1550 593 1752 633 meram
1785 586 2097 630 sanctorum

519 672 774 741 loquendi
829 673 1138 728 libertatem
1171 682 1226 728 et
1258 672 1480 727 minime
1524 671 1807 724 cedentem
1865 668 2101 722 toleran-

522 763 672 817 tiam.
719 763 873 816 Unde
928 764 1093 816 etiam
1142 778 1329 817 rursus
1374 775 1515 815 nova
1559 760 1935 830 excogitantur
1984 768 2095 811 tor-

517 861 704 905 menta
739 868 752 904 :
788 852 1042 921 lebesque
1094 853 1342 921 protinus
1374 860 1590 921 paratus
1626 850 1727 904 fuit
1759 849 2011 909 bulliens.
2043 857 2102 902 ut

520 952 783 1012 martyres
838 944 1137 1013 exciperet.
1183 943 1241 997 In
1300 958 1461 1013 quem
1522 940 1836 1010 Eulampius
1879 939 2099 1009 quidem

519 1035 858 1090 confidenter
911 1046 991 1090 est
1046 1037 1323 1106 ingressus
1368 1052 1383 1089 :
1426 1035 1705 1103 Eulampia
1765 1041 1950 1087 autem
1992 1033 2100 1099 (ita

519 1129 667 1183 enim
713 1130 1092 1197 appellabatur
1142 1140 1194 1183 et
1245 1129 1393 1199 ipsa)
1435 1137 1690 1196 tanquam
1743 1126 2005 1194 caligatis,
2045 1134 2103 1177 ut

522 1232 643 1286 qua:
675 1227 823 1274 esset
845 1230 1034 1271 natura
1057 1218 1289 1279 mollior.
1320 1227 1376 1273 et
1413 1232 1443 1270 a
1476 1216 1713 1285 maligno
1733 1214 2104 1284 impelleretur

524 1308 591 1363 ad
640 1309 1005 1372 timiditatem,
1052 1310 1377 1365 labascebat.
1423 1308 1528 1363 Sed
1579 1308 1769 1371 frater,
1819 1305 1910 1374 qui
1957 1306 2100 1360 idem

522 1408 643 1454 erat
702 1402 881 1455 socius
941 1402 1275 1463 certaminis.
1330 1400 1398 1455 ab
1444 1400 1553 1454 imo
1612 1412 1917 1467 emergens,
1984 1404 2103 1450 tan-

523 1508 683 1561 quam
741 1508 804 1546 ex
864 1492 1044 1560 aliquo
1098 1492 1349 1546 convivio
1399 1502 1453 1545 et
1492 1492 1700 1560 requie,
1752 1490 1978 1542 vocabat
2018 1503 2107 1541 so-

525 1600 725 1648 rorem,
760 1595 814 1638 et
848 1586 894 1638 ci
929 1585 1162 1638 addebat
1190 1584 1454 1649 animum,
1494 1592 1549 1637 et
1583 1583 1901 1637 hortabatur
1936 1591 1994 1635 ut
2018 1580 2104 1633 in-

526 1677 843 1747 grederetur
877 1677 1108 1731 lebetem
1135 1678 1321 1731 dicens
1347 1694 1360 1730 :
1397 1674 1543 1730 Nihil
1565 1676 1907 1737 extimescas,
1931 1674 2103 1728 solum

527 1771 817 1823 attendens
854 1769 907 1822 id
940 1775 1079 1837 quod
1114 1768 1349 1831 videtur.
1372 1779 1429 1823 et
1469 1784 1577 1823 non
1624 1771 1688 1822 ad
1722 1768 1888 1821 Deum
1916 1768 2103 1821 oculos

525 1862 721 1914 anima:
750 1860 1014 1925 deligens,
1049 1862 1137 1914 cui
1169 1870 1223 1913 et
1260 1860 1622 1915 communiter
1665 1859 2016 1919 credidimus,
2052 1868 2106 1910 et

524 1966 557 2003 a
621 1966 732 2019 quo
786 1951 1076 2004 maximam
1128 1951 1440 2004 invenimus
1485 1950 2005 2003 remunerationem.
2045 1946 2103 2001 Si

526 2042 672 2096 enim
724 2042 864 2095 hanc
914 2042 1233 2095 bullientem
1275 2056 1470 2108 aquam
1513 2040 1687 2094 solum
1735 2040 1999 2109 attigeris,
2036 2040 2105 2093 ab

528 2135 651 2202 ipso
678 2149 933 2203 rnagnum
961 2133 1168 2187 senties
1202 2133 1483 2195 auxilium.
1517 2120 1673 2202 cujus
1708 2148 1807 2202 ego
1843 2143 1969 2186 tuus
1998 2132 2108 2187 fra-

530 2234 613 2277 ter
634 2240 754 2278 sum
782 2225 957 2287 testis,
987 2225 1079 2293 qui
1119 2225 1200 2280 sic
1226 2224 1319 2281 tibi
1347 2240 1546 2280 cernor
1577 2225 1909 2293 impatibilis,
1936 2234 1993 2279 et
2022 2225 2109 2278 ni-

535 2316 613 2371 hil
640 2317 845 2371 doloris
870 2316 1138 2371 sentiens.

598 2491 668 2547 Χ.
700 2492 797 2547 llis
818 2507 1073 2560 persuasa
1098 2491 1403 2561 Eulampia,
1431 2500 1487 2546 et
1510 2492 1733 2546 omnino
1758 2493 2109 2562 acquiescens

528 2584 650 2653 ejus
683 2584 1052 2645 suasionibus,
1081 2584 1331 2651 protinus
1363 2592 1619 2653 prompto
1648 2584 1883 2639 etalacri
1924 2586 2108 2639 animo

529 2677 773 2745 ingressa
822 2684 908 2728 est
957 2673 1210 2728 lebetem.
1275 2675 1478 2729 Deinde
1529 2676 1695 2729 etiam
1747 2678 2110 2730 communiter

530 2767 728 2836 spiritu
758 2766 1117 2824 exsultantes.
1160 2766 1268 2820 lzeti
1321 2775 1682 2835 susceperunt
1737 2763 2108 2836 supplicium;

530 2869 586 2913 et
611 2858 861 2929 protinus
897 2858 1046 2911 lehes
1086 2858 1260 2912 evasit
1288 2856 1537 2926 frigidus,
1578 2866 1632 2913 et
1664 2858 1802 2913 nihil
1832 2858 1958 2913 mali
1988 2874 2112 2928 pas-

532 2964 622 3005 sos
644 2949 913 3004 continuit
954 2959 1238 3019 martyres.
1290 2947 1477 3018 Neque
1517 2964 1649 3003 vero
1701 2963 1946 3017 eousque
1978 2963 2112 3003 con-

532 3040 674 3095 stitit
709 3056 794 3093 res
816 3038 1169 3103 admirabilis,
1207 3040 1303 3093 sed
1348 3041 1513 3092 etiam
1544 3054 1651 3091 non
1697 3054 1900 3109 paucos
1930 3055 1993 3094 ex
2023 3041 2111 3105 iis,

2213 575 2356 627 Ἀλλ’
2390 575 2490 627 οὐκ
2513 570 2582 644 ἦν
2620 574 2759 638 ὅλως
2805 576 3020 644 φορητὰ
3072 573 3245 628 ταῦτα
3282 573 3362 641 τῷ
3393 573 3629 642 ἡγεμόνι
3654 611 3669 639 ,
3711 572 3770 624 τό

2198 683 2260 718 τε
2313 669 2414 734 τῆς
2470 666 2788 736 παρρησίας
2825 668 3093 732 ἄκρατον,
3140 666 3234 717 καὶ
3269 668 3329 717 τὸ
3363 666 3465 734 τῆς
3494 665 3769 735 ὑπομονῆς

2201 754 2489 807 ἁνένδοτον
2518 755 2625 807 τῶν
2657 756 2828 821 ἁγίων
2852 755 3070 823 ὁρῶντι,
3105 756 3228 807 ὅθεν
3256 756 3352 808 καὶ
3385 755 3558 808 πάλιν
3589 773 3769 808 καινο-

2201 847 2337 916 τέρα
2408 846 2790 917 κολαστηρίων
2868 848 3105 911 ἐπίνοια,
3155 846 3249 899 καὶ
3310 848 3474 901 πάλιν
3500 851 3553 900 οἱ
3594 848 3770 917 δήμιοι

2204 939 2609 1013 ἀπαραίτητοι·
2644 939 2807 1006 λέϐης
2852 939 2960 1007 γὰρ
2996 940 3285 1007 καχλάζων
3330 940 3497 1002 εὐθὺς
3549 939 3773 1009 ἡτοιμά-

2204 1016 2352 1094 ζετο,
2388 1033 2482 1083 καὶ
2527 1031 2652 1093 τοὺς
2700 1032 2985 1100 μάρτυρας
3027 1031 3341 1099 ὑπεδέχετο,
3374 1031 3516 1099 πρὸς
3566 1032 3629 1083 ὃν
3678 1048 3773 1101 περ

2209 1122 2532 1191 Εὑλάμπιος
2571 1124 2668 1190 μὲν
2694 1122 2871 1192 εἰσῄει
2900 1123 3139 1193 θαρρῶν,
3182 1125 3213 1190 ἡ
3250 1122 3463 1191 μᾲρτυς
3503 1123 3562 1174 δὲ
3596 1122 3772 1190 ὥσπερ

2214 1214 2594 1281 ἰλιγγιάσασα,
2623 1215 2714 1267 ἇτε
2749 1214 2814 1284 δὴ
2852 1214 2945 1267 καὶ
2976 1214 3073 1281 τὴν
3104 1213 3266 1281 φύσιν
3302 1214 3664 1281 ἁπαλωτέρα,
3690 1214 3774 1263 καί

2205 1323 2258 1359 τι
2281 1306 2491 1359 καὶτοῦ
2510 1306 2749 1376 πονηροῦ
2771 1308 2896 1367 τοὺς
2918 1306 3214 1374 λογισμοὺς
3245 1305 3386 1373 αὐτῇ
3421 1303 3561 1371 πρὸς
3584 1303 3776 1355 δειλίαν

2206 1396 2663 1456 ὑποσαλεύοντος,
2690 1395 2998 1458 ὀκλάζουσα
3031 1390 3123 1461 ἦν.
3165 1394 3306 1447 Ἀλλ’
3331 1395 3359 1444 6
3383 1393 3621 1461 ἁδελφὸς
3650 1392 3774 1461 ὁμοῦ

2209 1489 2306 1539 καὶ
2348 1485 2692 1555 συναολητὴς
2733 1488 2979 1539 κάτωθεν
3026 1486 3232 1547 ἀναδὺς
3290 1481 3406 1538 οἷον
3469 1487 3585 1537 ἀπό
3643 1502 3776 1548 τινος

2208 1579 2444 1647 εὐωχίας
2502 1580 2597 1630 καὶ
2654 1576 3061 1642 ἀναπαύσεως,
3123 1576 3523 1645 προσεκαλεῖτό
3581 1594 3641 1628 τε
3686 1577 3776 1644 τὴν

2211 1669 2478 1736 σύγγονον
2525 1670 2622 1720 καὶ
2663 1667 3051 1738 παρεθάρρυνε
3073 1707 3088 1730 ,
3140 1669 3235 1719 καὶ
3266 1668 3399 1718 εἵσω
3429 1666 3531 1719 τοῦ
3560 1667 3777 1736 λέϐητος

2209 1760 2465 1825 γενέσθαι
2502 1758 2763 1830 παρῄνει,
2788 1759 2973 1830 Μηδὲν
3004 1759 3348 1830 ὑποπτήξῃς,
3368 1759 3573 1823 λέγων,
3601 1757 3777 1818 ἁπλῶς

2206 1850 2382 1912 οὕτως
2418 1848 2494 1917 τῷ
2520 1851 2796 1919 ὁρωμένῳ
2832 1849 3179 1918 προσέχουσα
3202 1885 3216 1906 .
3252 1850 3345 1899 καὶ
3375 1848 3455 1916 μὴ
3483 1846 3623 1915 πρὸς
3653 1844 3777 1897 Θεὸν

2207 1944 2334 2005 τοὺς
2367 1942 2465 2009 τῆς
2495 1942 2673 2011 ψυχῆς
2700 1941 3017 2011 ὀφθαλμοὺς
3050 1939 3377 2003 ἁτενίξουσα
3400 1979 3415 2005 ,
3453 1932 3499 2006 ᾧ
3533 1954 3594 1990 τε
3625 1939 3775 2007 κοινῇ

2208 2032 2685 2101 πεπιστεύκαιμεν
2709 2072 2723 2095 ,
2756 2033 2853 2085 καὶ
2879 2036 3012 2101 παρ’
3047 2028 3108 2087 οὗ
3143 2033 3421 2102 ’μεγίστην
3454 2029 3779 2099 εὑρίσκομεν

2207 2125 2305 2193 τὴν
2346 2123 2658 2194 ἀντίληψιν.
2684 2125 2746 2177 ΕΞ
2778 2125 2886 2194 γὰρ
2915 2126 3077 2194 μόνον
3106 2123 3200 2176 τοῦ
3232 2122 3429 2184 ὓδατος
3456 2120 3653 2175 τούτου
3687 2119 3779 2173 τοῦ

2209 2216 2576 2287 καχλάζοντος
2601 2215 3007 2286 παραψαύσεις,
3040 2214 3244 2283 πολλῆς
3267 2214 3511 2284 αἰσθήσῃ
3531 2212 3633 2283 τῆς
3653 2212 3779 2283 παρ’

2209 2309 2375 2363 αὑτοῦ
2420 2308 2693 2379 βοηθείας,
2725 2304 2792 2379 ἦς
2830 2308 2944 2376 ἐγὼ
2974 2308 3184 2376 μάρτυς
3212 2309 3245 2361 6
3280 2307 3371 2369 σὸς
3401 2306 3663 2376 ἀδελφὸς,
3694 2304 3779 2360 οὔ·

2208 2418 2316 2463 τως
2350 2398 2629 2468 ὁρώμενόν
2658 2416 2741 2452 σοι
2768 2399 2986 2466 ἀπαθὴς
3014 2403 3107 2452 καὶ
3139 2398 3428 2461 ἀνώδυνος.

2284 2494 2343 2547 l'.
2387 2492 2611 2556 Τούτοις
2658 2492 2955 2561 Εὐλαμπία
3009 2493 3300 2546 πεισθεῖσα
3329 2530 3344 2554 .
3381 2492 3480 2545 καὶ
3526 2490 3627 2560 ὅλη
3674 2489 3779 2543 τῶν

2210 2583 2379 2638 αὑτοῦ
2420 2583 2809 2654 παραινέσεων
2849 2589 3120 2651 γενομένη
3146 2622 3162 2649 ,
3222 2581 3524 2651 προθύμως
3584 2582 3781 2634 αὐτίκα

2212 2677 2307 2729 καὶ
2336 2678 2600 2743 γενναίως
2624 2660 2800 2746 εἰσῄει
2832 2676 2923 2728 τὸν
2954 2675 3156 2742 λέϐητα
3177 2712 3193 2737 ,
3226 2670 3346 2726 εἶτα
3385 2677 3480 2725 καὶ
3508 2676 3663 2741 κοινῇ
3708 2672 3781 2742 τῷ

2212 2766 2494 2835 πνεύματι
2526 2766 3021 2834 ὰγαλλιασάμενοι,
3067 2764 3170 2835 τὴν
3212 2765 3487 2835 τιμωρίαν
3540 2764 3659 2835 μετ’
3699 2765 3784 2817 εὑ-

2216 2856 2493 2925 φροσύνης
2555 2856 2824 2926 ἐδέχοντο,
2882 2859 2979 2909 καὶ
3029 2856 3241 2927 ψυχρὸς
3298 2856 3505 2919 εὐθέως
3544 2858 3574 2909 6
3625 2856 3783 2926 λέϐης

2214 2949 2512 3014 ὶδείκνυτο,
2552 2953 2647 3003 καὶ
2675 2950 2907 3013 ἀπαθεῖς
2936 2951 3123 3003 κακῶν
3152 2952 3369 3019 συνεῖχε
3402 2951 3533 3012 τοὺς
3577 2949 3783 3017 μάρτυο

2216 3058 2339 3111 ρας.
2380 3042 2489 3094 Καὶ
2519 3044 2582 3094 οὺ
2620 3044 2782 3112 μέχρι
2813 3042 3004 3095 τούτου
3028 3042 3089 3093 τὸ
3115 3040 3420 3106 παράδοξον
3454 3040 3614 3107 ἔστη,
3653 3037 3783 3089 ἀλλὰ

532 3134 623 3202 qui
654 3133 1102 3198 circumstabant,
1136 3131 1349 3185 induxit
1394 3131 1463 3184 ad
1504 3131 1782 3200 pietatem.
1811 3132 1979 3189 Porro
2012 3150 2109 3189 au-

2216 3134 2309 3185 καὶ
2337 3132 2445 3185 τῶν
2483 3133 2927 3202 περιεστηκότων
2956 3133 3059 3183 οὐκ
3089 3131 3304 3196 ὀλίγους
3346 3129 3484 3198 πρὸς
3507 3129 3783 3182 εὐσέϐειαν

535 3234 642 3277 tem
675 3224 850 3291 ipsum
883 3239 1098 3291 quoque
1135 3232 1446 3291 tyrannum,
1474 3222 1573 3277 etsi
1625 3238 1732 3277 non
1782 3240 1916 3293 pure
1952 3226 2112 3279 traxit

529 3312 602 3368 ad
636 3328 826 3366 verum
863 3312 954 3365 Dei
979 3312 1207 3378 cultum,
1236 3311 1378 3366 illius
1408 3322 1592 3367 tamen
1628 3313 1877 3367 labefecit
1910 3314 2113 3381 cogita-

536 3408 761 3468 tionem,
790 3412 845 3461 et
873 3404 1002 3458 fecit
1035 3404 1285 3458 dubitare
1317 3405 1385 3457 de
1416 3418 1513 3455 sua
1546 3403 1825 3471 religione.
1858 3400 2113 3473 Ethiops

536 3506 717 3549 tamen
762 3510 871 3547 non
923 3495 1022 3547 fuit
1064 3496 1362 3555 dealbatus,
1392 3501 1448 3546 et
1478 3506 1677 3547 cancer
1714 3503 1871 3547 recte
1902 3494 2113 3563 ingredi

537 3600 649 3639 non
700 3584 908 3639 didicit.
936 3586 1067 3639 Cum
1123 3585 1266 3638 enim
1300 3589 1585 3639 vincerent
1616 3586 1835 3652 quidem
1872 3584 2111 3646 athletae,

538 3679 852 3731 vinceretur
886 3688 1063 3730 autem
1098 3678 1321 3743 impius.
1358 3689 1453 3726 eos
1476 3688 1505 3726 a
1534 3688 1591 3726 se
1622 3675 1853 3727 invicem
1875 3684 1930 3727 et
1957 3690 1986 3727 a
2010 3674 2116 3729 fide

540 3770 598 3821 in
633 3767 907 3821 Christum
934 3782 1043 3819 non
1078 3767 1263 3825 valens
1293 3766 1619 3829 distrahere,
1654 3767 1795 3821 redit
1831 3784 2018 3823 rursus
2046 3767 2113 3822 ad

537 3868 825 3921 consueta,
864 3868 915 3912 et
949 3869 1191 3912 armatur
1219 3860 1400 3911 denuo
1428 3859 1690 3911 adversus
1713 3860 1887 3912 solum
1920 3871 2117 3931 marty-

538 3966 677 4012 rem,
719 3962 770 4003 et
798 3952 954 4019 jubet
994 3952 1042 4003 ei
1080 3950 1322 4003 exscindi
1356 3950 1590 4019 pupillas
1632 3954 1911 4007 oculomm
1949 3954 1995 4006 is
2023 3954 2115 4023 qui

537 4044 717 4097 cordis
760 4040 1076 4095 czecutiebat
1123 4042 1316 4105 oculis,
1344 4053 1397 4094 et
1444 4041 1592 4093 illum
1653 4044 1821 4113 magis
1871 4046 2117 4099 cruciare

539 4147 861 4204 procurans,
898 4142 955 4186 ct
991 4132 1329 4194 machinans,
1365 4141 1423 4185 ut
1460 4131 1579 4199 ejus
1626 4135 1831 4189 sororis
1872 4151 1969 4204 per
2018 4137 2120 4192 hoc

541 4228 887 4293 frangeretur
933 4221 1178 4275 audacia.
1216 4219 1321 4277 Sed
1373 4222 1427 4275 in
1461 4220 1565 4276 hoc
1605 4240 1821 4294 quoque
1852 4226 1955 4281 fuit
1988 4243 2120 4282 con-

542 4316 720 4369 victus
785 4328 919 4368 vana
992 4324 1047 4369 et
1109 4312 1290 4367 inania
1344 4314 1527 4367 moliri
1586 4315 1853 4371 adversus
1913 4320 2118 4374 Christi

542 4422 754 4462 ιοινοε.

2218 3223 2564 3290 ὑπηγάγετο,
2599 3221 2695 3273 καὶ
2737 3220 2903 3273 αὑτὸν
2933 3220 2989 3273 δὲ
3023 3220 3116 3271 τὸν
3160 3219 3457 3289 τύραννον,
3498 3222 3547 3271 εί
3588 3222 3684 3275 καὶ
3714 3222 3782 3290 μὴ

2217 3314 2473 3385 καθαρῶς
2508 3315 2643 3384 πρὸς
2674 3314 2993 3369 Οεοσέϐειαν
3021 3314 3276 3367 εἵλκυσεν
3303 3357 3316 3378 ,
3363 3314 3501 3367 ἀλλὰ
3536 3318 3663 3379 τοὺς
3699 3315 3783 3367 λο-

2215 3410 2447 3477 γισμοὺς
2483 3409 2699 3460 ἐκείνου
2729 3407 2986 3470 διέσεισε,
3016 3407 3113 3459 καὶ
3145 3408 3271 3477 περὶ
3292 3407 3351 3458 τὸ
3381 3409 3585 3458 οἰκεῖον
3614 3407 3777 3468 σέϐας

2215 3499 2545 3561 ὲπιδοιὰζειν
2598 3498 2918 3565 πεποίηκεν.
3001 3499 3213 3565 Ὅμως,
3258 3500 3306 3549 εἰ
3361 3497 3445 3549 δεῖ
3515 3498 3563 3549 τ’
3592 3498 3783 3564 ἀληθὲς

2215 3593 2410 3651 εἰπεῖν,
2445 3592 2471 3641 6
2510 3587 2709 3656 Αἰθίοψ
2739 3589 2839 3640 οὐκ
2891 3587 3233 3640 ὲλευκαίνετο
3304 3596 3391 3639 καὶ
3444 3589 3472 3638 6
3529 3589 3784 3656 καρκίνος

2216 3682 2353 3751 ὀρθὰ
2406 3680 2644 3749 βαδίζειν
2697 3682 2799 3733 οὐκ
2858 3664 3196 3735 ἐδιδάσκετο.
3262 3677 3350 3740 Ὠς
3423 3676 3533 3747 γὰρ
3598 3679 3785 3731 ἐνίκων

2220 3774 2320 3842 μὲν
2354 3774 2403 3825 οί
2432 3772 2689 3842 ἀθληταὶ,
2721 3772 2921 3842 ἡττᾶτο
2960 3773 3015 3824 δὲ
3053 3773 3081 3824 6
3108 3770 3402 3841 δυσσεϐὴς,
3433 3772 3532 3823 καὶ
3560 3770 3787 3840 διασπᾷν

2216 3867 2416 3929 αὐτοὺς
2451 3866 2547 3918 ἀπ’
2582 3864 2854 3936 ἀλλήλων.
2896 3866 3007 3919 Καὶ
3051 3866 3149 3934 τῆς
3200 3866 3283 3927 είς
3319 3864 3563 3933 Χριστὸν
3602 3864 3788 3933 ὁμολοσ

2219 3959 2348 4025 γίας
2376 3959 2472 4026 οὑχ
2507 3954 2621 4019 οἷός
2649 3975 2709 4011 τε
2740 3952 2826 4028 ἦν,
2859 3958 2955 4011 ἐπὶ
2988 3958 3055 4009 τὰ
3085 3958 3261 4010 οίκεία
3295 3956 3459 4010 πάλιν
3521 3957 3620 4010 καὶ
3664 3972 3784 4009 συνο

2219 4050 2329 4118 ήθη
2396 4052 2567 4117 χωρεῖ
2618 4049 2894 4102 καὶκατὰ
2946 4049 3115 4116 μόνου
3172 4046 3265 4098 τοῦ
3324 4050 3611 4117 μάρτυρες
3639 4045 3787 4106 αὖθις

2217 4140 2522 4204 ὁπλίζεται,
2557 4142 2653 4192 καὶ
2685 4140 2785 4202 τὰς
2810 4142 2919 4192 τῶν
2960 4139 3229 4208 ὀμμάτων
3267 4138 3433 4192 αὑτοῦ
3483 4140 3657 4208 κόρας
3705 4140 3789 4191 ὲκ-

2219 4232 2460 4301 κοπῆναι
2496 4230 2831 4301 προστάττει
2868 4224 2995 4299 (φεῦ
3027 4232 3055 4283 6
3104 4231 3233 4294 τοὺς
3268 4232 3369 4301 τῆς
3414 4231 3648 4300 καρδίας
3698 4246 3790 4283 τυ·

2220 4329 2481 4397 φλώττων
2511 4326 2872 4398 ὀφθαλμοὺς),
2909 4330 3004 4381 καὶ
3032 4327 3101 4382 τὰ
3128 4327 3294 4397 ὅμοια
3322 4326 3520 4380 παθεῖν
3542 4327 3789 4381 κάκεῖνον

2221 4420 2311 4474 διὰ
2338 4420 2436 4489 τῆς
2468 4419 2747 4488 τιμωρίας
2779 4420 2987 4487 ταύτης
3030 4417 3500 4485 καταναγκάζων,
3560 4419 3699 4488 πρὸς
3735 4416 3788 4469 δὲ

546 4499 781 4566 καὶτῆς
824 4499 1115 4568 ὀμαίμονος
1198 4493 1443 4549 ἐντεῦθεν
1501 4497 1867 4568 διαχαυνῶσαι
1949 4506 2049 4575 τὴν
2101 4512 2407 4580 εῠτολμίαν,
2483 4508 2918 4579 μηχανώμενος,
2973 4507 3092 4558 ἀλλ’
3150 4507 3385 4575 ἠλέγχθη
3465 4524 3571 4559 καν
3622 4506 3789 4575 τούτῳ

547 4590 681 4646 κενὰ
750 4591 841 4643 καὶ
912 4590 1119 4659 μάταια
1173 4589 1314 4641 κατὰ
1358 4591 1467 4642 τῶν
1513 4590 1608 4643 τοῦ
1666 4592 1902 4659 Χριστοῦ
1948 4596 2151 4651 δούλων
2184 4600 2437 4654 ἐπινοῶν.

618 4680 712 4735 Χι.
746 4681 1009 4735 Postridie
1042 4691 1221 4735 autem
1268 4681 1423 4750 jubet
1459 4692 1749 4751 martyrem
1780 4684 2111 4756 Eulampiam

2291 4690 2395 4744 lA’.
2442 4690 2518 4759 Τῇ
2550 4688 2674 4758 ἑξῆς
2702 4683 2795 4742 οὖν
2822 4688 2918 4758 τὴν
2948 4689 3203 4762 μάρτυρα
3232 4686 3341 4741 τῶν
3378 4686 3585 4757 τριχῶν
3627 4687 3787 4739 ἁπαι-

549 4773 780 4829 sublime
816 4772 1071 4842 suspendi
1107 4772 1332 4841 capillis.
1358 4774 1454 4827 Est
1489 4784 1669 4828 autem
1713 4775 1819 4831 hoc
1865 4780 2117 4847 gravissi-

549 4880 696 4918 mum
746 4864 1092 4932 supplicium,
1140 4863 1235 4916 sed
1278 4862 1480 4917 Christi
1516 4867 1725 4919 ancilla:
1760 4868 1968 4923 deliciis
1996 4884 2121 4923 sua-

548 4957 669 5008 vius
688 4954 1122 5008 existimabatur.
1148 4952 1301 5007 Unde
1325 4957 1487 5007 etiam
1524 4956 1571 5008 ei
1602 4972 1792 5025 preces
1809 4960 2117 5014 admiscens

549 5044 802 5100 dicebat:
835 5043 949 5111 Ago
1001 5042 1095 5095 tibi
1138 5046 1356 5112 gratias,
1402 5042 1546 5097 Deus
1596 5062 1749 5099 meus
1788 5056 1841 5100 et
1888 5059 2119 5115 creator,

549 5136 692 5203 quod
740 5149 823 5187 me
866 5142 1012 5187 tuam
1070 5134 1318 5186 ancillam
1351 5135 1603 5204 dignatus
1646 5136 1719 5189 sis
1766 5154 1864 5206 pro
1912 5150 1964 5193 te
2005 5156 2126 5194 sus-

552 5227 726 5292 ceptis
753 5239 948 5278 ornare
1005 5227 1307 5277 tormentis.
1341 5224 1475 5279 Cum
1512 5238 1690 5280 autem
1724 5245 1817 5295 per
1844 5247 2002 5284 onme
2032 5246 2125 5301 ge-

553 5332 656 5370 nus
687 5316 936 5384 supplicii
966 5325 1239 5383 Oporteret
1285 5315 1513 5367 athletas
1561 5320 1880 5384 pervadere,
1913 5322 2125 5373 etiamsi

554 5417 810 5475 tanquam
854 5407 957 5459 tela
990 5406 1272 5459 infantium
1332 5408 1739 5475 reputabantur,
1773 5427 1891 5479 qua:
1922 5412 2000 5465 eis
2041 5414 2124 5464 in-

551 5498 883 5558 ferebantur,
941 5496 1207 5549 fernaccm
1269 5498 1491 5551 accendi
1552 5500 1706 5566 jubet
1768 5516 1987 5568 prxses,
2034 5503 2121 5555 illa

551 5589 838 5643 Chaldaica
872 5588 1039 5641 nihilo
1082 5590 1409 5644 inferiorem.
1448 5599 1499 5642 et
1556 5591 1622 5642 ad
1662 5606 1777 5642 eam
1831 5594 1991 5646 ducta
2039 5600 2120 5644 est

552 5680 781 5734 materia
824 5693 941 5746 qnae
987 5689 1103 5731 erat
1147 5680 1337 5733 alitura
1379 5680 1455 5733 sic
1496 5696 1801 5746 accensam,
1843 5684 2123 5737 lictoribus

552 5786 715 5827 omne
748 5770 983 5825 studium
1023 5772 1086 5825 ad
1141 5772 1242 5825 hoc
1294 5773 1721 5830 conferentibus.
1765 5775 1899 5829 Cum
1943 5785 2122 5830 autem

2184 4848 2185 4851 η
2224 4781 2485 4853 ωρεῖσθαι
2532 4782 2762 4837 κελεύει.
2825 4783 2983 4851 Δεινὴ
3072 4783 3130 4835 δὲ
3178 4778 3463 4849 τιμωριῶν
3501 4778 3644 4848 αὕτη
3702 4777 3789 4829 καὶ

2225 4875 2601 4936 δεινὰς-’κατά
2657 4890 2717 4925 τε
2775 4873 3058 4943 μηνίγγων
3106 4874 3201 4926 καὶ
3254 4873 3381 4925 ίνῶν
3431 4873 3526 4925 καὶ
3582 4872 3787 4942 ὑμένων

2226 4967 2429 5019 ὲνιεῖσα
2464 4966 2562 5027 τὰς
2596 4964 2896 5032 ἀλγηδόνας
2920 4981 2934 4996 ·
2970 4965 3104 5017 ἀλλὰ
3135 4967 3200 5033 τῇ
3239 4963 3329 5016 τοῦ
3368 4962 3610 5032 Χριστοῦ
3634 4960 3788 5028 δούλῃ

2227 5055 2439 5121 τρυφῆς
2475 5055 2638 5124 ήδίων
2672 5056 2699 5122 ἡ
2734 5054 2966 5123 βάσανος
3000 5055 3302 5123 ἐνομίζετο,
3344 5052 3466 5105 ὅθεν
3509 5054 3605 5104 καὶ
3634 5053 3788 5118 εὐχὴν

2230 5146 2365 5213 αὐτῇ
2408 5146 2920 5213 προσαναμιγνῦσα,
2967 5144 3287 5215 Εὐχαριστῶ
3326 5161 3427 5205 σοι,
3474 5144 3648 5210 ἔλεγε,
3696 5143 3787 5194 Θεέ

2231 5254 2332 5306 μου
2367 5238 2459 5288 καὶ
2489 5238 2823 5307 δημιουργὲ,
2861 5238 2941 5288 ὅτι
2979 5255 3044 5304 με
3077 5238 3174 5302 τὴν
3201 5237 3302 5305 σὴν
3331 5236 3526 5304 δούλην
3560 5235 3785 5303 ἠξίωσας

2228 5330 2349 5390 ταῖς
2393 5328 2531 5397 ὑπὲρ
2587 5329 2680 5380 σοῦ
2723 5327 3019 5396 τιμωρίαις
3064 5326 3599 5395 ἐγκαλλωπίζεσθαι.
3646 5324 3787 5379 Ἐπεὶ

2230 5419 2287 5471 δὲ
2339 5419 2431 5470 καὶ
2487 5419 2592 5470 ἔδει
2641 5418 2730 5470 διὰ
2779 5419 2961 5488 πάσης
3012 5418 3397 5488 τιμωρητικῆς
3457 5420 3604 5481 ἰδέας
3652 5415 3786 5473 οτοὺς

2229 5511 2471 5578 ἀθλητὰς
2511 5510 2763 5573 διελθεῖν,
2814 5511 2915 5563 κᾶν
2954 5511 3029 5573 ὡς
3069 5512 3278 5580 νηπίων
3314 5511 3449 5579 βέλη
3477 5512 3683 5573 τούτοις
3724 5508 3785 5559 τὰ

2230 5603 2545 5670 ὲπαγόμενα
2594 5601 2902 5669 ἐλογίζετο,
2939 5606 3171 5671 κάμινον
3203 5605 3472 5673 ἐκκαῆναι
3515 5603 3720 5655 κελεύει
3757 5600 3784 5650 6

2232 5691 2477 5759 ἡγεμὼν,
2516 5693 2668 5745 οὐδὲν
2709 5694 2807 5759 τῆς
2855 5693 3167 5760 Χαλδαῖκῆς
3228 5694 3441 5763 ἐκείνης
3476 5693 3781 5749 ἐνδέουσαν.

2233 5782 2324 5833 καὶ
2351 5784 2513 5851 ἤγετο
2542 5785 2674 5852 πρὸς
2698 5784 2904 5852 ταύτην
2943 5783 3041 5854 ὕλη
3082 5785 3178 5853 ὅση
3215 5787 3438 5853 τρέφειν
3470 5784 3657 5853 ἔμελλε
3696 5779 3782 5848 τὴν
