3968 6454
125 399 265 462 1065

933 389 1394 451 MAR'I'YRIUM
1433 387 1491 447 S.
1531 382 1905 446 EULAMPII
1963 383 2057 441 ET
2115 381 2174 441 S.
2210 376 2638 439 EULAMPIAE.

3248 371 3268 433 1
3280 370 3380 435 066

119 514 298 573 οὕτως
329 508 718 578 ἐκκαιομένην,
754 505 1016 557 παντοίαν
1060 501 1166 553 τῶν
1196 498 1404 567 δημίων
1433 497 1509 562 εἰς
1545 493 1702 547 τοῦτο

1831 496 2019 548 lamina
2054 501 2198 545 esset
2235 488 2369 543 adeo
2410 488 2461 541 in
2492 488 2658 541 altum
2706 486 2938 553 sublata,
2978 498 3035 542 ut
3080 490 3241 543 etiam
3292 507 3381 545 eos

120 605 224 673 τὴν
273 601 517 670 σπουδὴν
573 595 1086 661 καταϐαλλομένων.
1145 591 1439 658 Μετεὼρου
1494 587 1551 640 δέ
1594 585 1695 652 τῆς

121 696 328 765 φλογὸς
371 691 673 761 γενομένης
716 690 789 750 ὡς
825 683 1099 757 μακρόθεν
1136 681 1539 750 καταπλήττειν
1570 678 1696 738 τοὺς

124 788 451 857 βλέποντας,
479 780 711 850 ἄγεσθαι
749 780 873 839 τοὺς
912 777 1197 846 μάρτυρας
1234 772 1261 823 ὁ
1305 768 1563 839 δικαστὴς
1604 783 1702 819 κερ

121 878 299 942 λεύει,
351 878 447 930 καλ⁵
510 870 608 944 τῆς
677 871 908 941 καμίνου
976 868 1139 937 μέσον
1184 863 1465 918 ὠθεῖσθαι.
1523 862 1698 932 Προσ-

122 972 328 1036 ήγοντο
356 966 447 1019 οὖν
475 966 523 1017 oi
560 964 856 1034 μάρτυρες,
885 962 913 1011 ὁ
944 959 1043 1025 μὲν
1071 956 1210 1018 θεῖος
1242 952 1589 1023 Εὑλάμπιος,
1614 949 1701 1002 διὰ

121 1060 185 1110 τὸ
227 1060 357 1119 τοὺς
394 1054 709 1123 ὀφθαλμοὺς
764 1048 1127 1115 ἐκκεκόφθαι,
1170 1046 1274 1098 ὑπό
1318 1061 1477 1097 τινων
1507 1040 1701 1095 διαϐα-

125 1149 464 1216 σταςόμενος
558 1148 589 1213 ἠ
646 1143 705 1196 δὲ
773 1140 995 1209 γενναία
1054 1136 1349 1206 Εὐλαμπία
1413 1133 1508 1186 καὶ
1565 1132 1704 1199 μετὰ

127 1238 333 1291 πολλοῦ
373 1237 468 1290 τοῦ
506 1237 739 1306 θάρσους
772 1233 1151 1303 προτρέχουσα
1185 1227 1259 1289 ὡς
1301 1226 1379 1287 είς
1424 1222 1700 1292 θάλαμον,

124 1333 230 1383 οὐκ
256 1332 339 1392 εἰς
364 1330 595 1397 κάμινον
619 1326 973 1392 ἐλευσομένη,
996 1323 1069 1384 ὡς
1096 1321 1153 1373 δὲ
1174 1322 1267 1372 καὶ
1295 1318 1371 1388 τῷ
1397 1318 1530 1385 πυρὶ
1559 1333 1705 1387 παρ-

126 1424 417 1489 εδὸθησαν,
469 1422 501 1488 ὴ
558 1417 689 1486 φλὸξ
742 1416 939 1479 αὐτοὺς
986 1414 1140 1467 οὐδὲν
1208 1413 1535 1483 ἐλυμήνατο,
1587 1408 1704 1465 ἀλλ’

130 1513 340 1567 αὐτίκα
394 1510 553 1579 δίκην
613 1508 797 1575 ἀιξίδος
848 1505 1225 1574 κυρτωθεῖσα,
1279 1505 1375 1557 καὶ
1426 1501 1592 1570 πολλῇ
1643 1502 1709 1569 τῇ

131 1606 316 1674 φειδοῖ
379 1605 517 1673 πρὸς
571 1602 631 1654 τὸ
694 1602 860 1671 μέσον
915 1598 1305 1663 ἀπολαϐοῦσα,
1364 1596 1618 1666 καθάπερ
1654 1596 1710 1647 ἐν

131 1698 471 1769 φαιδροτάτῃ
534 1695 770 1749 παστάδι
827 1694 950 1754 τοὺς
980 1691 1217 1761 ἀθλητὰς
1244 1688 1547 1757 ὲθαλάμευε
1571 1727 1584 1749 ,
1620 1686 1713 1738 καὶ

136 1794 202 1845 τὺ
237 1793 337 1860 τῆς
380 1792 594 1859 φύσεως
646 1786 966 1850 καυστικὸν,
1015 1785 1095 1845 είς
1145 1782 1318 1851 αὔραν
1357 1779 1711 1851 δροσίζουσαν

1799 584 1890 653 qui
1922 583 2111 652 procul
2137 580 2435 636 cernebant
2488 580 2872 649 stupefaceret,
2906 580 3055 651 jubet
3095 580 3256 649 judex
3292 584 3382 638 ad-

1800 675 1923 729 duci
1958 684 2239 746 martyrcs,
2277 683 2329 727 et
2358 672 2500 726 trudi
2552 672 2604 725 in
2650 672 2887 725 medium
2940 672 3233 727 fornacem.
3282 675 3385 730 Ad-

1803 764 1949 818 ducti
1982 774 2107 818 sunt
2148 778 2277 834 ergo
2325 773 2587 831 martyres
2621 779 2634 814 :
2668 762 2885 817 divinus
2910 764 3128 833 quidem
3167 765 3385 819 Eulam-

1802 858 1943 927 pius,
1975 865 2261 927 propterea
2295 856 2440 925 quod
2478 854 2691 909 fuerant
2722 855 2769 909 ei
2807 856 2946 909 eruti
3002 856 3167 917 oculi.
3215 875 3241 911 a
3270 862 3388 928 qui-
3428 926 3435 933 _

1803 947 2031 1003 busdam
2079 958 2327 1017 portatus
2372 963 2680 1018 ;generosa
2714 958 2895 1003 autem
2935 949 3213 1020 Eulampia
3261 966 3385 1006 cum

1807 1054 1998 1112 magna
2028 1024 2321 1093 accurrens
2351 1039 2594 1103 audacia,
2630 1049 2883 1110 tanquam
2921 1041 3239 1105 thalamum,
3278 1060 3386 1099 non

1807 1135 2079 1189 fornacem
2107 1133 2435 1205 ingressura.
2472 1132 2606 1186 Cum
2643 1143 2824 1187 autem
2868 1133 2977 1203 igni
3012 1134 3243 1191 fuissent
3280 1149 3388 1194 tra-

1807 1226 1929 1290 diti,
1966 1225 2179 1279 flamma
2229 1240 2321 1280 eos
2354 1224 2484 1278 nihil
2515 1223 2674 1288 laesit,
2714 1224 2808 1279 sed
2848 1229 3052 1289 statim.
3092 1230 3264 1285 instar
3289 1232 3388 1287 ab-

1810 1319 1960 1383 sidis,
1995 1319 2275 1372 incurvata
2336 1326 2391 1372 et
2444 1317 2732 1388 diligenter
2792 1334 2991 1374 carens
3033 1337 3099 1376 ne
3147 1323 3385 1377 medium

1814 1409 2189 1478 interciperet,
2262 1419 2515 1477 tanquam
2591 1409 2645 1463 in
2709 1411 3105 1480 iucundissimo
3157 1415 3391 1469 thalamo

1814 1500 2048 1555 athletas
2074 1498 2411 1565 continebat,
2440 1508 2493 1553 et
2537 1509 2743 1556 natura;
2783 1518 2893 1556 sua:
2933 1504 3179 1559 ardorem
3207 1505 3260 1559 in
3293 1522 3393 1560 au-

1817 1606 1930 1645 ram
1960 1591 2281 1645 irrorantem
2306 1592 2675 1647 convertebat.
2704 1592 2962 1665 Martyres
2990 1610 3116 1650 vero
3142 1607 3391 1667 tanquam

1816 1683 1869 1736 in
1904 1697 2058 1752 prato
2100 1683 2312 1737 roscido
2352 1692 2407 1739 et
2456 1700 2671 1740 amomo
2715 1688 2943 1741 choreas
2987 1697 3228 1758 agentes,
3265 1691 3398 1745 illud

1820 1774 2153 1844 descriptum
2170 1783 2225 1829 et
2251 1775 2505 1831 divinitus
2522 1777 2796 1841 edoctum,
2815 1793 3128 1847 puerorum,
3150 1782 3399 1857 inquam,

145 1853 448 1953 μετετίοει,
476 1880 571 1935 καὶ
602 1882 649 1933 οἱ
684 1878 959 1947 μάρτυρες
998 1876 1072 1937 ὠς
1101 1876 1159 1926 ἐν
1188 1872 1417 1942 λειμῶνι
1456 1870 1712 1940 δροσῶδει

1831 1867 2089 1922 cauebant
2116 1869 2413 1922 canticum.

141 1994 201 2029 τε
261 1978 359 2028 καὶ
412 1975 530 2043 ἡδεῖ
590 1969 932 2041 χορεύοντες,
987 1966 1086 2037 τὴν
1145 1966 1287 2037 ᾠδὴν
1351 1964 1568 2034 ἐκείνην
1622 1962 1720 2033 τὴν

143 2064 502 2135 ἀνάγραπτόν
546 2079 605 2113 τε
653 2060 749 2113 καὶ
787 2058 1128 2112 θεοδίδακτον
1168 2052 1274 2109 τῶν
1312 2055 1523 2109 παίδων
1568 2051 1718 2125 ᾖδον.

217 2156 319 2210 IB'.
360 2155 503 2223 Πρὸς
539 2151 715 2206 ταῦτα
744 2150 908 2202 πάλιν
937 2150 964 2201 ὁ
992 2149 1256 2219 τύραννος
1281 2185 1294 2209 ,
1342 2144 1435 2197 καὶ
1480 2146 1560 2195 ἐτι
1605 2144 1722 2211 διη-

152 2252 372 2319 πορεῖτο
398 2288 412 2309 ,
468 2245 563 2299 καὶ
590 2247 657 2315 τῇ
689 2243 912 2313 τοιαύτῃ
963 2237 1355 2310 τερατουργίᾳ,
1409 2236 1636 2308 παρεῖτό
1667 2253 1724 2288 τε

150 2343 245 2396 καὶ
280 2338 581 2408 ἐξησθένει,
610 2340 703 2390 καὶ
736 2334 871 2405 πρὸς
903 2333 1145 2401 ἐσχάτην
1178 2328 1494 2399 ἀμηχανίαν
1543 2327 1725 2391 ἐξέπι-

153 2451 306 2487 πτεν.
354 2428 487 2486 Εἶτα
534 2434 647 2492 τοῖς
691 2429 833 2490 ὅλοις
878 2423 1300 2494 ἀπαγορεύσας,
1355 2420 1453 2491 τὴν
1490 2422 1729 2489 ἐσχάτην

154 2528 247 2579 καὶ
285 2522 606 2577 τελευταίαν
649 2521 760 2579 τοῖς
811 2516 1071 2583 ἀθληταῖς
1135 2512 1524 2581 ἐπιψηφίζεται
1554 2527 1729 2579 τιμωο

156 2616 301 2686 ρίαν,
345 2613 444 2680 τὴν
474 2612 563 2664 διὰ
592 2609 687 2662 τοῦ
718 2606 909 2675 ξίφους
944 2606 1088 2674 φημὶ
1120 2603 1397 2671 τελευτήν.
1442 2600 1616 2661 Εὐθὺς
1639 2599 1730 2652 οὖν

155 2708 253 2780 τὴν
299 2703 395 2756 ἐπὶ
446 2701 660 2769 θανάτῳ
707 2697 985 2767 δεσμῶται
1029 2696 1373 2761 ἀπάγονται,
1431 2691 1523 2745 καὶ
1555 2691 1583 2743 ὀ
1632 2690 1731 2761 μὲν

164 2799 378 2865 μάρτυς
430 2791 741 2861 προθύμως¹
779 2789 878 2859 τὴν
925 2788 1011 2840 διὰ
1069 2784 1164 2839 τοῦ
1222 2784 1410 2854 ξίφους
1455 2780 1733 2834 τελείωσιν

161 2886 425 2947 ὑποστὰς,
461 2886 600 2952 πρὸς
628 2881 894 2950 οὐρανοὺς
926 2879 1253 2947 στεφανίτης
1285 2876 1537 2946 ἀνήγετο.
1586 2874 1647 2925 Ἠ
1675 2873 1731 2925 δὲ

158 2980 348 3033 τούτου
385 2973 587 3045 ἀδελφὴ
619 2975 713 3025 καὶ
744 2971 996 3033 κοινωνὸς
1020 2970 1129 3022 τῶν
1157 2968 1404 3035 ἀγώνων,
1435 2965 1734 3019 τελειοῦται

162 3074 259 3127 καὶ
287 3071 395 3141 πρὸ
425 3068 519 3121 τοῦ
550 3066 741 3135 ξίφους
781 3064 876 3117 καὶ
927 3062 1141 3133 μάρτυς
1170 3060 1557 3128 ἀπηρτισμένη
1592 3058 1734 3112 κατά

162 3164 488 3234 προαίρεσιν
522 3160 753 3227 γίνεται,
787 3157 887 3210 οὐκ
917 3154 1141 3216 ἀπεικὸς
1168 3152 1327 3204 τοῦτο
1357 3151 1452 3220 τῆς
1481 3149 1574 3203 τοῦ
1599 3149 1734 3202 Θεοῦ

1894 2134 2012 2187 ΧΙΙ.
2045 2135 2122 2188 Ad
2158 2134 2271 2189 haec
2304 2149 2492 2189 rursus
2533 2146 2791 2204 tyrannus
2822 2147 2875 2191 et
2903 2140 3070 2210 magis
3098 2140 3400 2210 dubitabat,

1826 2237 1879 2283 et
1919 2228 2022 2282 hoc
2048 2228 2292 2299 prodigio
2317 2228 2473 2298 plane
2501 2240 2749 2285 evaserat
2780 2232 2991 2288 solutus
3006 2243 3061 2289 et
3094 2236 3401 2304 imbecillis,

1829 2329 1881 2374 et
1940 2320 2188 2375 redactus
2229 2329 2345 2374 erat
2398 2322 2464 2375 ad
2523 2332 2819 2378 extremam
2875 2325 3085 2379 consilii
3141 2328 3401 2399 inopiam.

1834 2413 2035 2466 Deinde
2079 2428 2201 2466 cum
2248 2426 2463 2465 omnem
2516 2428 2667 2482 spem
2714 2414 2928 2484 penitus
2972 2416 3291 2487 abjeeisset,
3351 2423 3405 2476 in

1831 2504 2058 2558 athletas
2082 2504 2326 2557 ultimum
2353 2504 2540 2557 statuit
2568 2505 2913 2574 supplicium,
2942 2522 3137 2578 nempe
3167 2512 3405 2566 utvitam

1834 2595 2272 2666 finirentgladio.
2301 2594 2558 2651 Protinus
2601 2612 2728 2667 ergo
2774 2597 2938 2653 vineti
2971 2600 3315 2657 abducuntur
3344 2606 3409 2659 ad

1821 2699 2086 2743 mortem.
2131 2688 2192 2741 l-It
2231 2699 2437 2759 martyr
2461 2689 2679 2758 quidem
2724 2706 2849 2744 eum
2878 2702 3131 2761 prompto
3160 2703 3213 2748 et
3246 2696 3409 2749 alacri

1836 2780 2019 2834 animo
2050 2779 2307 2834 subiisset
2339 2780 2518 2848 gladio
2562 2782 3111 2848 consunnnationem,
3155 2784 3210 2837 in
3245 2786 3414 2840 caelos

1837 2882 2132 2928 coronatus
2194 2872 2474 2927 extollitur
2515 2889 2529 2927 :
2569 2873 2687 2942 ejus
2742 2884 2921 2928 autem
2963 2890 3117 2930 soror
3168 2884 3222 2931 et
3267 2879 3415 2933 socia

1838 2966 2242 3030 certaminum,
2296 2965 2461 3019 etiam
2519 2975 2644 3020 ante
2696 2964 2931 3037 gladium
2980 2979 3416 3032 consummatur,

1788 3093 1794 3100 ι
1839 3057 2224 3126 propositoque
2247 3066 2302 3110 et
2331 3057 2495 3109 animi
2526 3056 2773 3109 instituto
2820 3057 2879 3109 fit
2913 3057 3150 3126 perfecta
3193 3070 3416 3129 martyr.

1843 3147 1953 3202 Hoc
1986 3155 2163 3203 autem
2203 3161 2309 3201 non
2351 3147 2418 3201 ab
2449 3162 2506 3201 re
2531 3147 2769 3217 providit
2799 3148 2890 3202 Dei
2912 3148 3199 3217 sapientia,
3234 3152 3327 3204 sed
3360 3161 3419 3205 ut

170 3209 481 3234 --ι---τ--η
532 3209 805 3227 κ
1125 3209 1137 3216 .
1409 3209 1446 3220 ,-

166 3257 361 3323 σοφίας
396 3253 859 3321 οίκονομησάσης,
890 3248 1004 3302 ἀλλ’
1040 3248 1127 3299 ἴνα
1162 3244 1295 3316 μηδέ
1329 3242 1580 3311 σώματος
1635 3258 1727 3296 κα·

1841 3252 2037 3305 corpus
2071 3238 2333 3292 mundum
2366 3247 2421 3292 et
2458 3254 2486 3291 a
2534 3239 2790 3293 vitiorum
2828 3240 3227 3295 consuetudine
3277 3241 3419 3295 inta-

165 3343 361 3415 θαροῦ,
428 3347 521 3394 καὶ
583 3340 772 3391 παθῶν
830 3337 1135 3406 ἐπιμιξίαις
1190 3334 1498 3400 ἀνιπάφου,
1558 3334 1742 3402 χεῖρες

167 3436 474 3501 ἀκάθαρτοι
501 3431 780 3500 ψαύσωσι,
820 3426 1022 3498 μᾶλλον
1048 3425 1113 3496 δὴ
1144 3423 1243 3494 τῆς
1280 3423 1489 3478 ἑαυτῶν
1525 3424 1744 3491 σφαλῶ-

171 3542 258 3578 σιν
292 3520 530 3583 ἐλπίδος,
562 3519 775 3587 ἐκείνης
808 3514 1176 3585 ἀποτυχόντες
1219 3515 1319 3584 τῆς
1372 3516 1643 3582 τιμωρίας
1673 3511 1741 3565 δι’

167 3613 237 3687 ἦς
273 3613 507 3674 αἱκίζειν
550 3612 651 3680 τὴν
687 3610 944 3679 μάρτυρα
999 3606 1192 3676 ᾤοντο.
1238 3604 1425 3658 Ταῦτα
1466 3604 1574 3656 τῶν
1613 3607 1745 3671 ἀητ-

168 3710 356 3778 τήτων
408 3704 703 3775 μαρτύρων
760 3700 998 3771 Χριστοῦ
1043 3699 1112 3751 τά
1162 3698 1551 3767 παλαίσματαο
1587 3695 1746 3749 τοῦτο

170 3801 282 3852 τῶν
335 3798 598 3866 ἀοιδίμων
698 3795 758 3847 τὸ
834 3791 1160 3845 πολύευκτον
1225 3790 1439 3859 πέρας·
1524 3789 1747 3851 τούτους

179 3891 532 3962 ἐμακάρισαν
567 3887 667 3955 μὲν
697 3887 755 3937 αἱ
786 3885 973 3951 νοεραὶ
1002 3885 1176 3935 πᾶσαι
1199 3883 1453 3950 δυνάμεις
1475 3918 1489 3943 ,
1522 3880 1746 3933 ἐπευλό-

174 3998 358 4051 γησαν
380 3980 438 4035 δέ
469 3978 832 4049 πατριάρχαι,
871 3973 1161 4028 ἀπόστολοι
1191 3972 1393 4044 ᾔνεσαν
1416 4012 1431 4038 ,
1465 3974 1558 4026 καὶ
1602 3973 1745 4043 μάρ-

174 4090 341 4143 τυρες
388 4072 464 4135 ὡς
514 4068 846 4140 ἐφαμίλλους
878 4065 986 4120 τῶν
1038 4066 1235 4128 πόνων,
1289 4064 1381 4116 καὶ
1428 4064 1527 4132 τῆς
1574 4064 1752 4117 αὐτῶν

181 4164 481 4234 ἰσορρόπου
515 4159 833 4230 ὁμολογίας,
893 4158 1046 4228 ἱερὰν
1102 4155 1420 4228 προσθήκην
1470 4152 1750 4217 ἐδέξαντο·

181 4257 346 4318 αὐτὸς
378 4254 435 4307 δὲ
463 4253 491 4304 ὀ
529 4251 900 4318 Ἀγωνοθέτης
935 4248 1075 4317 ὑπὲρ
1109 4242 1169 4299 οὗ
1202 4248 1263 4298 τὸ
1294 4248 1527 4315 πάσχειν
1569 4243 1755 4315 προεί-

184 4348 359 4410 λοντο,
400 4345 495 4398 καὶ
542 4343 601 4395 ὃν
630 4339 940 4412 ἔμπροσθεν
982 4338 1090 4391 τῶν
1133 4336 1439 4405 ἀνθρώπων
1483 4353 1752 4405 μαρτυρικ

182 4440 300 4501 κῶς
345 4437 729 4509 ὡμολόγησαν,
777 4432 871 4486 καὶ
922 4430 1083 4494 αὐτὸς
1125 4429 1356 4484 ἐνώπιον
1410 4426 1504 4481 τοῦ
1546 4428 1757 4499 [ἰατρὸς

1842 3336 1989 3384 ctum
2026 3344 2219 3382 manus
2248 3328 2542 3383 immundae
2575 3345 2681 3383 non
2726 3340 3027 3400 tangerent,
3048 3340 3211 3401 atque
3237 3341 3296 3387 ut
3320 3349 3418 3386 sua

1844 3434 1939 3487 spe
1973 3418 2121 3487 impii
2156 3418 2572 3484 frustrarentur,
2599 3434 2722 3473 cmn
2753 3421 2819 3475 ab
2864 3435 2931 3476 eo
2966 3421 3249 3477 inferendo
3277 3425 3423 3477 exei-

1845 3511 2361 3582 dissentsupplieio,
2392 3527 2489 3581 per
2533 3511 2676 3581 quod
2730 3515 2989 3583 putabant
3022 3530 3082 3568 se
3130 3520 3422 3585 puniturOs

1846 3614 2165 3673 martyrem.
2201 3604 2327 3658 llaec
2356 3614 2485 3659 sunt
2530 3604 2853 3660 invictorum
2888 3606 3089 3661 Christi
3124 3619 3420 3680 martyrum

1847 3695 2145 3750 certamina
2200 3704 2255 3749 et
2306 3695 2395 3749 hic
2452 3706 2535 3750 est
2599 3696 2871 3765 optandus
2930 3699 3051 3754 finis
3127 3701 3421 3773 insignium

1848 3786 2193 3839 athletarum.
2245 3784 2371 3839 lllos
2417 3784 2647 3840 bearunt
2690 3787 2907 3856 quidem
2958 3806 3150 3847 omnes
3200 3793 3425 3847 \irtutes

1850 3875 2221 3942 intelligentes
2248 3915 2261 3937 ,
2312 3876 2707 3931 benedtxerunt
2751 3880 3089 3947 patriarcha,
3136 3881 3427 3936 laudarunt

1853 3968 2082 4039 apostoli
2124 3978 2181 4023 et
2222 3979 2509 4039 martyres,
2535 3979 2593 4024 ut
2635 3971 2714 4025 eis
2759 3988 2917 4043 pares
2957 3975 3009 4028 in
3035 3975 3327 4031 laboribus
3374 3991 3429 4032 et

1853 4060 2089 4130 aequales
2138 4060 2191 4115 in
2242 4059 2587 4117 confessione
2630 4074 3043 4121 sacrosanctum
3098 4079 3431 4137 acceperunt

1854 4152 2305 4205 additamentum.
2358 4152 2478 4221 Ipse
2518 4162 2698 4206 autem
2750 4155 3087 4223 Agonotheta
3138 4167 3193 4210 et
3244 4158 3422 4210 Domi-

1855 4258 1983 4307 nus,
2027 4257 2126 4313 pro
2169 4256 2278 4312 quo
2324 4243 2437 4313 pati
2473 4243 2898 4308 eonstituerunt,
2935 4253 2989 4299 et
3042 4261 3203 4315 quem
3246 4262 3427 4305 coram

1859 4334 2173 4390 hominibus
2223 4335 2511 4406 martyrice
2557 4335 2792 4391 confessi
2828 4348 2979 4405 sunt,
3006 4338 3142 4409 ipse,
3187 4340 3428 4411 inquam.

1858 4439 2040 4480 (oram
2078 4424 2236 4480 Patre
2272 4443 2365 4483 eos
2400 4428 2674 4497 praeconio
2696 4430 3002 4497 honoravit,
3029 4433 3171 4484 sicut
3206 4441 3288 4487 est
3319 4433 3433 4503 pol~

181 4531 327 4584 κατά
372 4530 430 4582 τὸ
476 4524 803 4596 ἐτάγγελμα
830 4523 1159 4593 ἀνεκήρυξε,
1204 4523 1299 4576 καὶ
1333 4520 1626 4585 κοινωνοὺς
1654 4521 1723 4589 τῇ

1861 4518 2061 4584 licitus,
2108 4518 2400 4590 gloriaeque
2440 4528 2495 4573 et
2540 4520 2689 4593 regni
2737 4520 2999 4576 caelorum
3042 4524 3217 4578 socios
3261 4525 3428 4579 fecit:

182 4620 347 4689 δόξης
397 4622 492 4671 καὶ
553 4619 647 4685 τῆς
715 4616 997 4686 βασιλείας
1050 4614 1363 4682 εἰργάσατο.
1425 4612 1549 4664 Ὅτι
1604 4611 1752 4680 αὑτῴ

184 4716 392 4784 πρέπει
424 4711 575 4763 πᾶσα
597 4708 747 4774 δόξα,
771 4707 906 4775 τιμὴ
937 4706 1027 4755 καὶ
1050 4706 1272 4770 κράτος,
1304 4702 1662 4774 μεγαλωσύνη
1692 4719 1752 4755 τε

180 4808 278 4858 καὶ
306 4802 775 4875 μεγαλοπρέπεια,
801 4796 895 4851 νῦν
920 4795 1010 4850 καὶ
1035 4796 1121 4848 ἀεὶ
1172 4796 1266 4847 καὶ
1296 4797 1376 4859 εἰς
1406 4797 1529 4861 τοὺς
1552 4797 1753 4860 αἰῶνας

180 4897 293 4951 τῶν
320 4896 556 4952 αἰώνων.
611 4893 803 4964 Ἀμήν.

621 5913 891 5975 Puncta
938 5910 1053 5975 Gtt.
1097 5912 1282 5975 CXV.

1861 4612 2120 4684 quoniam
2155 4628 2280 4669 eum
2322 4612 2481 4669 decet
2512 4614 2691 4669 omnis
2724 4614 2911 4687 gloria,
2946 4616 3121 4671 honor
3156 4628 3210 4670 et
3240 4618 3431 4672 adora-

1863 4706 1957 4769 tio,
1980 4722 2124 4760 nunc
2198 4714 2252 4759 et
2304 4719 2538 4776 seraper,
2604 4715 2655 4760 et
2704 4708 2757 4759 in
2831 4709 3023 4760 sarcula
3088 4707 3428 4764 saeculorum.

1866 4796 2062 4851 Amen.

3057 5904 3132 5972 ει
