3968 6432
530 316 665 383 1079

1802 330 2081 395 MENSIS
2120 330 2481 395 OCTOBER.

3643 351 3775 418 1080

528 429 706 488 sisset,
733 442 889 481 suum
921 429 1140 498 quidem
1172 432 1408 487 refrenat
1436 435 1720 505 impetum,
1747 440 1979 508 procidit
2005 458 2097 497 au-

2210 461 2371 507 σασα,
2404 448 2495 499 καὶ
2528 447 2639 511 ὀξεῖ
2680 448 2864 519 δρόμῳ
2892 451 3002 513 τοῖς
3042 452 3279 521 μάρτυσι
3320 458 3772 524 προσπελάσασα,

529 525 635 571 tem
688 519 755 574 ad
808 520 972 587 pedes
1024 533 1356 580 sanctorum.
1417 527 1697 586 Tarachus
1736 544 1917 587 autem
1970 551 2095 590 cum

529 622 769 666 sanctam
804 629 1021 668 manum
1058 619 1416 681 extendisset,
1450 632 1504 677 et
1542 625 1737 693 partim
1772 628 1987 697 quidem
2016 630 2100 700 pi-

529 702 619 766 lis,
652 703 848 772 partim
881 722 1011 761 vero
1060 722 1191 764 aure
1223 712 1695 781 apprehendisset,
1727 718 1792 772 ad
1825 736 1885 775 se
1916 723 2099 777 trabe-

528 792 639 847 bat.
661 794 754 847 Illa
783 807 961 849 autem
993 812 1142 862 cum,
1166 802 1388 870 placidae
1410 806 1528 861 ovis
1557 807 1750 872 instar,
1774 816 2096 868 contrectari

531 899 639 940 non
672 889 965 955 renuisset,
997 891 1062 945 ad
1098 905 1304 961 portam
1336 906 1520 966 postea
1552 903 1809 966 accurrit,
1843 915 1896 959 et
1928 906 2099 961 infixit

530 976 723 1033 dentes
756 980 976 1043 tabulis,
1018 991 1071 1036 et
1108 999 1205 1053 per
1245 988 1351 1041 vim
1397 992 1695 1048 conabatur
1728 999 1946 1063 egredi:
2000 1017 2099 1057 nec

531 1067 686 1136 prius
713 1070 937 1137 dimisit,
969 1090 1129 1144 quam
1156 1078 1447 1135 clamasset
1487 1085 1721 1153 populus
1747 1088 1945 1157 jubens
1978 1109 2096 1147 eam

532 1158 677 1215 foras
704 1162 873 1217 exire.
909 1162 1033 1219 Haec
1060 1177 1240 1222 autem
1266 1179 1320 1225 et
1355 1171 1437 1225 his
1472 1173 1664 1229 similia
1698 1192 1857 1233 nemo
1897 1183 2101 1249 putarit

532 1266 641 1305 nou
673 1255 968 1317 credenda.
1008 1259 1197 1327 legens
1245 1264 1552 1333 epistolam,
1588 1285 1747 1339 quam
1785 1273 2000 1343 scripsit
2034 1278 2100 1331 ad

533 1343 808 1401 Romanos
839 1347 1060 1404 divinus
1094 1350 1354 1423 lgnatius.
1390 1358 1478 1412 Sic
1504 1361 1649 1415 enim
1682 1363 1884 1420 habet:
1917 1366 2102 1439 Mcju-

531 1434 711 1490 verint
740 1436 927 1493 bestia:
958 1440 1091 1496 mihi
1135 1454 1336 1512 parate
1379 1462 1514 1516 quas
1554 1452 1715 1505 etiam
1755 1464 1881 1523 opto
1915 1458 1969 1512 in
2016 1434 2102 1516 ine

532 1524 763 1580 inveniri
796 1540 1094 1599 promptas.
1144 1531 1353 1599 Quibus
1393 1541 1558 1594 etiam
1605 1542 1873 1610 blandiar,
1914 1559 1972 1603 ut
2019 1564 2102 1606 me

534 1619 771 1673 breviter
801 1621 1086 1678 devorent.
1140 1625 1295 1692 Quod
1345 1630 1390 1685 si
1422 1633 1583 1686 etiam
1632 1636 1825 1702 nolint,
1881 1655 1982 1711 ego
2023 1645 2105 1699 eis

533 1711 639 1765 vim
674 1713 922 1771 afferam.

603 1803 719 1859 XII.
761 1805 899 1862 Hinc
930 1809 1194 1869 Maximus
1236 1816 1401 1871 animi
1434 1817 1656 1884 dubius,
1705 1824 1971 1893 planeque
2004 1843 2102 1881 ne-

533 1898 715 1952 sciens
760 1901 888 1969 quid
935 1916 1139 1974 ageret.
1177 1922 1300 1962 cum
1334 1911 1542 1967 videret
1586 1926 1803 1971 sanctos
1843 1904 2105 1990 martyres

536 2005 632 2057 per
661 1994 842 2047 omnia
884 1998 1257 2065 resplendere,
1295 2012 1349 2057 et
1381 2004 1566 2060 haberi
1619 2008 1672 2062 in
1720 2010 2101 2082 admiratione,

537 2098 631 2139 eos
659 2094 831 2140 morte
863 2089 1209 2146 condemnat.
1230 2094 1333 2160 Qui
1356 2112 1499 2163 cum,
1521 2108 1775 2170 tanquam
1812 2119 1924 2158 rem
1958 2107 2103 2161 desio

534 2175 799 2239 deratam,
846 2180 985 2234 hanc
1033 2192 1331 2241 extremam
1386 2192 1721 2261 accepissent
1756 2199 2103 2263 sententiam,

539 2267 803 2321 truncatis
834 2271 1124 2339 capitibus,
1153 2278 1397 2332 coronati
1448 2282 1684 2351 migrant
1712 2286 1777 2340 ad
1809 2303 1992 2342 veram
2024 2292 2072 2344 vi

539 2365 669 2423 tam,
701 2359 914 2416 ft'uituri
943 2367 1178 2435 prmmiis
1207 2369 1645 2441 immortalitatis,
1679 2390 1733 2433 et
1762 2396 1847 2447 ea,
1884 2400 2002 2451 qua:
2024 2394 2108 2440 est

538 2447 671 2514 illic,
707 2450 1059 2510 beatitudine.
1095 2457 1201 2512 Sed
1226 2460 1440 2519 invidus
1462 2466 1704 2533 quidem,
1734 2482 1787 2523 et
1815 2447 2107 2531 sceleratus

532 2540 716 2607 judex,
763 2544 922 2600 nobis
961 2547 1211 2603 invidens
1252 2562 1567 2610 sanctorum
1641 2560 1919 2631 reliquias,
1951 2566 2108 2634 jubet

538 2645 767 2698 corpora
809 2645 1104 2707 martyrum
1154 2641 1399 2709 profanis
1432 2649 1714 2705 admisceri
1762 2658 2104 2725 corporibus,

536 2737 656 2790 qua:
682 2723 895 2779 fuerant
932 2728 1211 2785 interfecta
1235 2749 1262 2785 a
1300 2736 1705 2806 gladiatoribus,
1740 2723 1925 2799 decem
1965 2749 2106 2802 mili-

539 2809 683 2866 tibus
714 2816 997 2881 maudans,
1052 2830 1110 2873 ut
1154 2836 1215 2875 ea
1256 2837 1556 2881 servarent.
1622 2829 1763 2885 Deus
1803 2843 1980 2890 autem
2020 2852 2107 2892 re-

538 2915 656 2955 rum
690 2904 1112 2973 admirabilium,
1145 2914 1565 2974 convivantibus
1600 2924 1938 2991 custodibus,
1981 2946 2103 2985 cum

532 2995 644 3062 jam
682 3010 868 3067 rogum
900 3002 1296 3069 accendissent,
1342 3022 1532 3079 magna
1568 3013 1615 3065 vi
1652 3027 1876 3085 repente
1902 3022 2103 3077 caden-

2201 536 2411 604 χαλινοῖ
2442 538 2539 607 μὲν
2589 540 2788 607 ἑαυτὴν
2842 543 2942 612 τῆς
2989 544 3185 611 ὁρμῆς,
3240 544 3544 599 ὑποκύπτει
3583 549 3640 601 δὲ
3662 554 3776 613 τοῖς

2201 628 2309 679 τῶν
2331 630 2491 682 ὁσίων
2511 630 2655 685 ποσί.
2678 632 2925 702 Τάραχος
2946 623 3001 686 δὲ
3021 633 3118 705 τὴν
3142 635 3302 702 άγὶαν
3324 637 3573 700 ἐκτείνας
3596 643 3772 709 χεῖρα,

2202 721 2294 771 καὶ
2325 720 2400 788 πῆ
2442 722 2538 788 μὲν
2571 722 2676 773 τῶν
2731 723 2955 792 τριχῶν,
3010 726 3085 793 πῆ
3131 724 3186 777 δὲ
3232 726 3325 778 τοῦ
3358 727 3497 790 ὠτὸς
3548 731 3763 798 ἐκείνης

2200 810 2636 880 λαμϐανόμενος,
2679 808 2826 866 εἷλκε
2865 814 2999 885 πρὸς
3030 816 3302 887 heremi]
3349 818 3407 870 δὲ
3461 820 3563 890 τὴν
3628 823 3773 891 ἁφὴν

2207 903 2431 973 ἡμέρως
2478 903 2553 967 ὠς
2610 906 2887 975 πρόϐατον
2937 908 3369 978 όποσεισαμένη,
3402 912 3498 964 καὶ
3528 914 3594 980 τῇ
3644 913 3774 983 θύρᾳ

2202 999 2645 1067 προσδραμοῦσα,
2672 1002 2797 1062 τοὺς
2828 1000 3045 1062 ὀδόντας
3076 1005 3195 1065 ταῖς
3226 1004 3401 1056 σανίσι
3436 1007 3768 1074 προσέπηξε.

2202 1090 2312 1143 Καὶ
2342 1090 2578 1156 ἐξελθεῖν
2609 1092 2880 1157 ἐϐιάζετο,
2929 1097 3022 1148 καὶ
3060 1096 3161 1148 οὐκ
3189 1097 3390 1165 άνῆκεν
3427 1100 3535 1159 ἕως
3565 1101 3591 1151 ὀ
3617 1099 3775 1167 δῆμος

2202 1184 2306 1249 ἔξω
2338 1185 2593 1251 γενέσθαι
2624 1188 2824 1257 ταύτην
2851 1188 3064 1257 ἐσόησε.
3096 1189 3279 1242 Ταῦτα
3329 1190 3387 1243 δὲ
3439 1193 3631 1261 μηδεὶς
3658 1196 3773 1245 άπι-

2206 1276 2408 1329 στεὶτω
2449 1276 2542 1329 καὶ
2585 1278 2652 1329 τὰ
2684 1280 2895 1341 τούτοις
2926 1282 3106 1349 ὅμοια,
3148 1283 3245 1351 τὴν
3283 1284 3580 1354 ἐπιστολὴν
3601 1287 3776 1351 ἀναγισ

2203 1369 2449 1435 νώσκων,
2493 1371 2559 1441 ἢν
2591 1373 2869 1425 ἐπέστειλε
2931 1372 3223 1444 Ῥωμαίοις
3252 1377 3279 1427 ὁ
3314 1375 3587 1444 θεοφόρος
3626 1376 3776 1443 Ἰγνά-

2204 1478 2333 1523 τιος.
2370 1463 2521 1532 Ἔχει
2551 1464 2657 1531 γὰρ
2685 1458 2785 1517 ὦδέ
2822 1482 2938 1527 πως
2976 1480 2989 1493 ·
3038 1464 3284 1535 Ὀναίνην
3306 1466 3416 1519 τῶν
3446 1467 3658 1536 θηρίων
3680 1469 3777 1521 τῶν

2204 1556 2326 1623 ἐμοὶ
2348 1556 2602 1623 ἑτοίμων,
2626 1557 2661 1611 ἃ
2682 1557 2776 1611 καὶ
2800 1558 3053 1629 εὔχομαι,
3077 1559 3319 1630 σύντομά
3343 1579 3435 1629 μοι
3454 1562 3766 1629 εὑρεθῆναι,

2204 1644 2241 1699 ἃ
2289 1649 2379 1700 καὶ
2423 1648 2702 1703 κολακεύω
2754 1650 3036 1719 συντόμως
3116 1668 3183 1720 με
3242 1653 3619 1720 καταφαγεῖν.
3666 1653 3777 1705 Κᾶν

2132 1774 2177 1832 Β
2208 1739 2345 1793 αὐτὰ
2380 1739 2454 1808 μὴ
2490 1738 2642 1809 Οέλῃ,
2667 1738 2776 1809 ἐγὼ
2801 1740 2855 1794 δὲ
2885 1742 3310 1810 προσδιάσομαι.

2275 1832 2375 1886 ῐΒ’.
2423 1832 2703 1885 Ἐντεῦῢεν
2730 1835 2841 1894 τοῖς
2868 1832 3009 1893 ὅλοις
3036 1835 3064 1885 ὁ
3094 1836 3343 1903 Μάξιμος
3377 1838 3769 1907 ἐξαπορηθεὶς,

2206 1922 2298 1973 καὶ
2332 1919 2418 1973 διὰ
2446 1921 2661 1974 πάντων
2685 1920 2998 1989 λάμποντας
3027 1924 3118 1973 καὶ
3149 1923 3612 1992 Θανμαζομένους
3645 1927 3776 1996 ὀρῶν

2204 2016 2328 2077 τοὺς
2357 2016 2668 2084 μάρτυρας,
2689 2014 2781 2065 τὸν
2811 2014 2898 2064 διὰ
2925 2012 3109 2083 ξίφους
3134 2016 3314 2067 αὐτῶν
3332 2018 3775 2087 καταψηφὶζεται

2210 2105 2461 2158 Θάνατον.
2503 2103 2567 2157 Οἳ
2598 2104 2693 2157 καὶ
2742 2103 2931 2174 ὥσπερ
2960 2122 3009 2156 τι
3059 2106 3247 2175 χρῆμα
3281 2106 3650 2177 ποθούμενον,
3688 2111 3778 2179 τὴν

2209 2194 2531 2249 τελευταίαν
2576 2194 2790 2264 ταύτην
2837 2196 3017 2265 ψῆφον
3078 2197 3493 2268 ὑποδεξάμενοι,
3548 2204 3643 2254 καὶ
3688 2202 3778 2261 τὰς

2208 2287 2447 2356 κεφαλὰς
2538 2288 2923 2359 ὲκτμηθέντες,
3001 2293 3394 2361 στεᾷανηφόροι
3486 2294 3626 2362 πρὸς
3690 2291 3779 2362 τὴν

2208 2380 2384 2451 ἀληθῆ
2415 2379 2559 2451 ζωὴν
2589 2380 2999 2449 μεταϐαίνουσι,
3030 2381 3137 2433 τῶν
3184 2382 3283 2450 τῆς
3309 2383 3622 2443 άθανασίας
3654 2382 3777 2449 βρασ-

2210 2471 2371 2523 6εἱων
2405 2471 2498 2523 καὶ
2549 2471 2645 2539 τῆς
2677 2470 2886 2521 ἐκεῖθεν
2924 2471 3326 2539 μακαριότητος
3358 2470 3776 2531 ἀπολαύσοντες.

2233 2562 2374 2615 Ἀλλ’
2407 2565 2433 2615 ὁ
2489 2564 2585 2631 μὲν
2640 2561 2910 2629 βάσκανος
2967 2562 3061 2612 καὶ
3122 2560 3466 2630 μιαρώτατος
3524 2562 3780 2630 δικαστὴς

2212 2654 2424 2723 φθονῶν
2463 2655 2593 2721 ἡμῖν
2626 2650 2733 2703 τῶν
2771 2651 2951 2718 ἁγίων
2987 2652 3276 2722 λειψάνων,
3307 2654 3375 2705 τὰ
3412 2652 3652 2723 σώματα
3683 2655 3780 2707 τῶν

2214 2746 2529 2816 μαρτύρων,
2569 2748 2679 2809 τοίς
2716 2746 2866 2814 παρὰ
2922 2746 3032 2798 τῶν
3086 2746 3410 2815 μονομάχων
3448 2748 3779 2815 ἁναιρεθεῖσι

2213 2837 2462 2908 βεϐήλοις
2522 2838 2771 2909 ἀνέμιξε,
2817 2839 3163 2908 στρατιωτῶν
3196 2840 3379 2890 δεκάδι
3414 2839 3776 2905 φυλάττεσθαι

2211 2930 2378 2983 ταῦτα
2406 2931 2820 3000 διαταξάμενος.
2865 2932 2923 2981 '0
2976 2930 3032 2981 δὲ
3084 2930 3193 2980 τῶν
3246 2930 3573 2997 Θαυμασίων
3627 2931 3775 2993 Θεὸς,

2210 3022 2318 3074 τῶν
2352 3023 2605 3089 φυλάκων
2653 3020 3043 3090 εὐωχουμένων
3076 3020 3169 3073 καὶ
3209 3021 3381 3090 πυρὰν
3409 3020 3510 3090 ήδη
3550 3022 3780 3076 καυσάν-

537 3086 670 3141 tium
712 3089 987 3153 imbrium,
1032 3103 1087 3146 et
1140 3096 1342 3165 ingenti
1380 3110 1708 3163 terraemotu.
1741 3124 1927 3176 rogum
1980 3116 2103 3181 qui-

2210 3128 2339 3175 των,
2362 3086 2583 3181 δμῦρων
2614 3086 2879 3182 ἐξαπίνης.
2898 3113 3059 3184 φορᾷ,
3092 3112 3184 3164 καὶ
3213 3086 3385 3180 κλόνῳ
3560 3112 3780 3181 ἐξονσξῳ

536 3177 661 3245 dem
714 3179 992 3244 exstinxit,
1041 3185 1294 3239 custodes
1341 3197 1521 3242 autem
1582 3194 1746 3247 vertit
1794 3196 1849 3249 in
1905 3177 2106 3269 fugam.

536 3268 784 3338 Cumque
839 3286 963 3326 cum
986 3274 1107 3329 aliis
1156 3278 1409 3345 permista
1439 3291 1621 3338 essent
1654 3296 1961 3343 sanctorum
1989 3307 2110 3347 cor-

538 3375 689 3429 pora,
726 3369 780 3416 et
816 3364 1200 3433 ignorarentur
1232 3381 1454 3438 propter
1481 3377 1759 3439 tenebras,
1792 3381 1946 3433 stella
1974 3383 2109 3435 luci-

536 3452 763 3508 dissima
812 3471 841 3509 e
887 3458 1027 3511 caelo
1062 3467 1261 3513 terram
1293 3461 1592 3529 illustrans,
1646 3475 1699 3521 et
1751 3476 1902 3525 stans
1946 3487 2111 3542 super

539 3547 964 3617 unumquodque
1015 3564 1233 3620 corpus,
1266 3554 1493 3621 praebuit
1529 3557 1703 3613 lucem
1741 3563 1805 3615 ad
1835 3579 1895 3616 ea
1937 3580 2109 3635 agno-

536 3638 757 3704 scenda,
802 3640 946 3695 illam
981 3641 1121 3696 forte
1148 3646 1359 3699 stellam
1394 3647 1631 3715 imitans,
1665 3669 1783 3723 quae
1813 3657 1865 3711 in
1899 3657 2105 3717 Christi

536 3739 658 3783 ortu
695 3732 995 3785 secundum
1021 3749 1241 3791 carnem
1266 3736 1447 3809 Magos
1494 3756 1557 3795 ex
1594 3744 1812 3802 Perside
1840 3754 2105 3819 evocavit,

536 3829 591 3874 et
635 3821 877 3877 deduxit.
926 3824 1049 3880 Haec
1099 3837 1281 3881 autem
1327 3830 1468 3884 facta
1518 3845 1666 3900 sunt,
1720 3848 1851 3892 cum‘
1889 3844 2108 3907 quidam

538 3913 725 3968 fideles
753 3915 809 3968 in
843 3928 1024 3969 monte
1056 3917 1285 3987 genibus
1315 3919 1470 3975 ﬂexis
1504 3922 1795 3982 Dominum
1831 3933 2107 4003 supplices

537 4013 813 4076 rogarent,
846 4021 915 4061 ne
938 4008 1284 4076 privarentur
1318 4013 1462 4067 dono
1496 4027 1806 4074 sanctorum
1840 4026 2109 4081 membro-

539 4111 681 4159 rum,
714 4111 836 4166 quas
886 4109 1109 4167 propter
1143 4101 1263 4168 ejus
1310 4103 1533 4170 gloriam
1566 4120 1729 4175 supra
1764 4112 1979 4165 modum
2015 4115 2111 4169 de-

536 4197 839 4244 certarunt.
887 4189 961 4244 Ea
1006 4206 1137 4246 vero
1186 4192 1584 4254 descendentes
1626 4202 2016 4260 sustulerunt:
2056 4218 2110 4263 et

536 4296 750 4336 summo
770 4282 969 4348 studio,
1003 4294 1226 4353 propter
1272 4298 1474 4342 metum
1526 4296 1790 4361 praesidis,
1824 4298 1879 4350 in
1927 4309 2109 4353 monte

538 4368 591 4421 in
625 4379 774 4437 petra
804 4385 1040 4427 concava
1065 4376 1447 4445 condiderunt,
1480 4380 1844 4452 glorificantes
1883 4390 2108 4444 sanctis-

535 4459 733 4516 simum
780 4479 979 4519 nomen
1011 4466 1211 4523 Christi
1262 4469 1355 4525 Dei
1409 4474 1622 4529 nostri:
1671 4478 1930 4545 quoniam
1978 4496 2104 4536 eum

535 4552 694 4608 decet
723 4557 898 4610 omnis
943 4560 1112 4629 gloria
1139 4576 1263 4616 cum
1294 4562 1449 4618 Patre
1480 4567 1732 4636 principii
1773 4582 2014 4640 experte,
2048 4583 2107 4629 et

537 4653 725 4701 sancto
748 4646 972 4717 Spiritu,
997 4666 1140 4708 nunc
1158 4654 1286 4710 etin
1317 4659 1511 4713 szecula
1540 4662 1883 4721 saeculorum.
1910 4666 2101 4722 Amen.

2146 4460 2247 4512 Dr

2211 3204 2307 3275 τὴν
2346 3205 2443 3273 μὲν
2470 3203 2680 3268 ἔσϐεσε,
2715 3203 2841 3268 τοὺς
2872 3205 2926 3258 δὲ
2974 3204 3218 3272 φυγάδας
3257 3204 3533 3269 ἀπέδειξε,
3565 3205 3780 3257 καὶτῶν

2211 3296 2375 3347 ὁσίων
2423 3296 2693 3361 σωμάτων
2729 3298 2932 3363 ἀναμὶξ
2982 3302 3089 3359 τοῖς
3139 3300 3319 3359 ἄλλοις
3370 3299 3648 3366 κειμένων
3697 3300 3779 3349 καὶ

2210 3387 2593 3454 ἀγνοουμένων
2643 3387 2729 3439 διὰ
2779 3389 2837 3438 τὸ
2880 3389 3095 3452 σκότος,
3154 3390 3337 3458 ἀστὴρ
3391 3391 3695 3453 φανότατος
3726 3389 3781 3452 ἐξ

2212 3478 2442 3550 οὐρανοῦ
2504 3480 2775 3550 πρόσγεια
2819 3479 3073 3549 λάμπων,
3133 3480 3226 3533 καὶ
3272 3481 3357 3547 ἐφ’
3409 3481 3631 3550 ἑκάστῳ
3675 3480 3777 3531 τῶν

2214 3572 2484 3643 σωμάτων
2535 3573 2850 3643 ἱστάμενος,
2908 3573 3000 3625 τὶν
3069 3574 3381 3644 γνωρισμὸν
3438 3572 3776 3640 διεφὼτιζεν,

2212 3669 2420 3721 ἐκεῖνον
2463 3669 2604 3737 τάχα
2659 3666 2751 3719 τὸν
2819 3666 3389 3735 άστεραμιμούμενος,
3436 3664 3530 3716 τὸν
3579 3664 3671 3715 ἐπὶ
3718 3662 3779 3730 τῇ

2211 3761 2349 3813 κατὰ
2397 3760 2574 3831 σάρκα
2607 3760 2698 3812 τοῦ
2743 3758 2982 3828 Χριστοῦ
3018 3760 3271 3827 γεννήσει
3305 3759 3433 3817 τοὺς
3459 3757 3692 3823 Μάγους
3722 3758 3779 3807 ἐκ

2212 3851 2470 3919 Περσίδος
2493 3849 2938 3918 μετακαλέσαντά
2963 3865 3020 3900 τε
3070 3848 3163 3900 καὶ
3188 3849 3558 3917 ὀδηγήσαντα.
3600 3848 3780 3900 Ταῦτα

2208 3943 2263 3995 δὲ
2312 3942 2540 4010 ἐγίνετο,
2579 3941 2739 3995 τινῶν
2798 3942 2893 3994 ἐπὶ
2930 3940 3023 3993 τοῦ
3058 3941 3219 4010 ὅρους
3272 3940 3483 3992 πιστῶν
3516 3941 3599 4003 εἰς
3656 3942 3777 4007 γόνυ

2213 4033 2505 4086 κλιθέντων
2564 4034 2660 4087 καὶ
2713 4032 3067 4085 ἱκετευόντων
3120 4030 3211 4084 τὸν
3270 4032 3501 4101 Κύριον,
3562 4032 3639 4102 μὴ
3689 4031 3781 4099 τῆς

2210 4124 2421 4192 δωρεᾶς
2456 4125 2566 4174 τῶν
2617 4124 2788 4189 ἁγίων
2832 4124 3134 4192 ἁμοιρῆσαι
3170 4121 3372 4191 μελῶν,
3409 4123 3523 4174 τῶν
3567 4125 3668 4192 τῆς
3696 4121 3783 4174 σὺ·

2210 4214 2302 4266 τοῦ
2335 4214 2490 4283 δόξης
2518 4213 2707 4266 ἕνεκεν
2731 4215 3211 4282 ὑπερηϐληκὸτων,
3248 4214 3282 4265 ἃ.
3316 4216 3408 4265 καὶ
3440 4214 3778 4274 καταϐάντες

2210 4304 2499 4365 ἀνείλοντο,
2524 4302 2617 4354 καὶ
2641 4301 2843 4371 σπουδῇ
2871 4302 3035 4369 πολλῇ
3057 4302 3144 4353 διὰ
3168 4302 3259 4355 τὸν
3282 4303 3375 4353 τοῦ
3398 4304 3673 4371 ἡγεμόνος
3696 4301 3784 4371 φό-

2214 4394 2305 4445 ϐον
2327 4394 2419 4444 ἐπὶ
2444 4393 2536 4445 τοῦ
2559 4393 2716 4463 ὅρους
2742 4394 2799 4447 ἐν
2835 4392 3011 4464 πέτρᾳ.
3032 4394 3189 4463 κοίλῃ
3223 4393 3606 4462 κατέκρυψαν,
3635 4389 3779 4458 δοξά-

2217 4488 2395 4553 ζοντες
2414 4491 2473 4542 τὸ
2488 4490 2789 4559 ὑπεράγων
2831 4488 3005 4558 δνομα
3044 4486 3286 4559 Χριστοῦ
3312 4486 3407 4539 τοῦ
3444 4485 3584 4541 Θεοῦ
3606 4488 3776 4556 ἡμῶν,

2214 4582 2294 4633 ὃτι
2316 4580 2461 4649 αὑτῴ
2484 4581 2682 4651 πρέπει
2707 4583 2852 4633 πᾶσα
2874 4579 3002 4643 δόξα
3024 4582 3119 4633 σὺν
3137 4578 3213 4646 τῷ
3232 4578 3457 4647 ἀνάρχίρ
3481 4579 3662 4648 Πατρὶ
3690 4579 3777 4631 καὶ

2214 4670 2290 4739 τῷ
2350 4672 2488 4742 ἁγίῳ
2545 4670 2844 4739 Πνεῦματι,
2889 4671 2983 4723 νῦν
3019 4671 3111 4722 καὶ
3160 4671 3239 4732 εἰς
3271 4671 3393 4732 τοὺς
3434 4670 3644 4738 αἰῶνας
3676 4672 3777 4724 τῶν

2217 4764 2447 4819 αἰώνων.
2498 4764 2692 4835 Ἀμήν.
